  <div class='ocr_page' id='page_1' title='image "/cluster/home/n/w/nwhite01/storage/ocr_20150623/50:no.2:pt.2/coo.31924054869494/072.png"; bbox 0 0 4130 6442; ppageno 0'>
   <div class='ocr_carea' id='block_1_1' title="bbox 370 365 487 422">
    <p class='ocr_par' dir='ltr' id='par_1_1' title="bbox 370 365 487 422">
     <span class='ocr_line' id='line_1_1' title="bbox 370 365 487 422; baseline 0.009 -2"><span class='ocrx_word' id='word_1_1' title='bbox 370 365 487 422; x_wconf 71' lang='grc' dir='ltr'>4τῦ</span> 
     </span>
    </p>
   </div>
   <div class='ocr_carea' id='block_1_2' title="bbox 371 472 1964 553">
    <p class='ocr_par' dir='ltr' id='par_1_2' title="bbox 371 472 1964 553">
     <span class='ocr_line' id='line_1_2' title="bbox 371 472 1964 553; baseline -0.009 -14"><span class='ocrx_word' id='word_1_2' title='bbox 371 485 590 540; x_wconf 62' lang='grc' dir='ltr'>ἐτέλεσε</span> <span class='ocrx_word' id='word_1_3' title='bbox 611 526 626 553; x_wconf 92' lang='grc'>,</span> <span class='ocrx_word' id='word_1_4' title='bbox 663 487 758 540; x_wconf 76' lang='grc' dir='ltr'>καὶ</span> <span class='ocrx_word' id='word_1_5' title='bbox 802 485 984 538; x_wconf 77' lang='grc' dir='ltr'>πᾶσαν</span> <span class='ocrx_word' id='word_1_6' title='bbox 1017 480 1242 551; x_wconf 89' lang='grc' dir='ltr'>ἀλογίαν</span> <span class='ocrx_word' id='word_1_7' title='bbox 1278 480 1372 535; x_wconf 81' lang='grc' dir='ltr'>καὶ</span> <span class='ocrx_word' id='word_1_8' title='bbox 1399 476 1691 551; x_wconf 88' lang='grc' dir='ltr'>θηριωδίαν</span> <span class='ocrx_word' id='word_1_9' title='bbox 1719 476 1818 548; x_wconf 82' lang='grc' dir='ltr'>τῆς</span> <span class='ocrx_word' id='word_1_10' title='bbox 1853 472 1964 527; x_wconf 83' lang='grc' dir='ltr'>τῶν</span> 
     </span>
    </p>
   </div>
   <div class='ocr_carea' id='block_1_3' title="bbox 371 574 1968 661">
    <p class='ocr_par' dir='ltr' id='par_1_3' title="bbox 371 574 1968 661">
     <span class='ocr_line' id='line_1_3' title="bbox 371 574 1968 661; baseline -0.011 -16"><span class='ocrx_word' id='word_1_11' title='bbox 371 587 683 661; x_wconf 80' lang='grc' dir='ltr'>ἀνθρώπων</span> <span class='ocrx_word' id='word_1_12' title='bbox 739 584 955 655; x_wconf 85' lang='grc' dir='ltr'>φύσεως</span> <span class='ocrx_word' id='word_1_13' title='bbox 1007 581 1253 637; x_wconf 82' lang='grc' dir='ltr'>ἐκϐαλὼν</span> <span class='ocrx_word' id='word_1_14' title='bbox 1278 622 1294 648; x_wconf 98' lang='grc'>,</span> <span class='ocrx_word' id='word_1_15' title='bbox 1343 579 1443 650; x_wconf 82' lang='grc' dir='ltr'>τὴν</span> <span class='ocrx_word' id='word_1_16' title='bbox 1499 575 1594 631; x_wconf 89' lang='grc' dir='ltr'>τοῦ</span> <span class='ocrx_word' id='word_1_17' title='bbox 1648 574 1968 646; x_wconf 89' lang='grc' dir='ltr'>Πνεύματος</span> 
     </span>
    </p>
   </div>
   <div class='ocr_carea' id='block_1_4' title="bbox 1196 326 2913 412">
    <p class='ocr_par' dir='ltr' id='par_1_4' title="bbox 1196 326 2913 412">
     <span class='ocr_line' id='line_1_4' title="bbox 1196 326 2913 412; baseline 0.005 -9"><span class='ocrx_word' id='word_1_18' title='bbox 1196 346 1287 404; x_wconf 88' lang='lat' dir='ltr'>DE</span> <span class='ocrx_word' id='word_1_19' title='bbox 1333 343 1678 403; x_wconf 77' lang='lat' dir='ltr'>LAUDIBL‘S</span> <span class='ocrx_word' id='word_1_20' title='bbox 1718 343 1774 399; x_wconf 89' lang='lat' dir='ltr'>s.</span> <span class='ocrx_word' id='word_1_21' title='bbox 1817 343 2024 400; x_wconf 79' lang='lat' dir='ltr'>PAULI</span> <span class='ocrx_word' id='word_1_22' title='bbox 2065 346 2428 405; x_wconf 74' lang='lat' dir='ltr'>APOSTOLI.</span> <span class='ocrx_word' id='word_1_23' title='bbox 2473 349 2706 412; x_wconf 73' lang='grc' dir='ltr'>ιιοιιιι..</span> <span class='ocrx_word' id='word_1_24' title='bbox 2746 354 2821 411; x_wconf 84' lang='grc' dir='ltr'>ιι.</span> <span class='ocrx_word' id='word_1_25' title='bbox 2905 326 2913 334; x_wconf 82' lang='grc'><em>’</em></span> 
     </span>
    </p>
   </div>
   <div class='ocr_carea' id='block_1_5' title="bbox 3544 359 3650 417">
    <p class='ocr_par' dir='ltr' id='par_1_5' title="bbox 3544 359 3650 417">
     <span class='ocr_line' id='line_1_5' title="bbox 3544 359 3650 417; baseline 0 0"><span class='ocrx_word' id='word_1_26' title='bbox 3544 359 3650 417; x_wconf 64' lang='grc'><strong>476</strong></span> 
     </span>
    </p>
   </div>
   <div class='ocr_carea' id='block_1_6' title="bbox 2067 477 3651 556">
    <p class='ocr_par' dir='ltr' id='par_1_6' title="bbox 2067 477 3651 556">
     <span class='ocr_line' id='line_1_6' title="bbox 2067 477 3651 556; baseline 0.003 -23"><span class='ocrx_word' id='word_1_27' title='bbox 2067 477 2168 547; x_wconf 84' lang='grc' dir='ltr'>τῆς</span> <span class='ocrx_word' id='word_1_28' title='bbox 2214 480 2309 536; x_wconf 90' lang='grc' dir='ltr'>τοῦ</span> <span class='ocrx_word' id='word_1_29' title='bbox 2352 483 2596 539; x_wconf 79' lang='grc' dir='ltr'>διαϐόλου</span> <span class='ocrx_word' id='word_1_30' title='bbox 2651 484 2933 556; x_wconf 77' lang='grc' dir='ltr'>φάρυγγος</span> <span class='ocrx_word' id='word_1_31' title='bbox 2963 480 3322 555; x_wconf 78' lang='grc' dir='ltr'>ἀφαρπάζων.</span> <span class='ocrx_word' id='word_1_32' title='bbox 3350 484 3511 538; x_wconf 79' lang='grc' dir='ltr'>’Λλλά</span> <span class='ocrx_word' id='word_1_33' title='bbox 3543 502 3651 539; x_wconf 58' lang='grc' dir='ltr'>σωλ-</span> 
     </span>
    </p>
   </div>
   <div class='ocr_carea' id='block_1_7' title="bbox 2069 575 3652 651">
    <p class='ocr_par' dir='ltr' id='par_1_7' title="bbox 2069 575 3652 651">
     <span class='ocr_line' id='line_1_7' title="bbox 2069 575 3652 651; baseline 0.001 -20"><span class='ocrx_word' id='word_1_34' title='bbox 2069 594 2219 650; x_wconf 86' lang='grc' dir='ltr'>φρων</span> <span class='ocrx_word' id='word_1_35' title='bbox 2241 578 2270 631; x_wconf 90' lang='grc' dir='ltr'>ό</span> <span class='ocrx_word' id='word_1_36' title='bbox 2306 578 2543 650; x_wconf 84' lang='grc' dir='ltr'>’ῐωσήφ;</span> <span class='ocrx_word' id='word_1_37' title='bbox 2578 577 2739 631; x_wconf 82' lang='grc' dir='ltr'>Ἀλλά</span> <span class='ocrx_word' id='word_1_38' title='bbox 2761 578 2974 631; x_wconf 86' lang='grc' dir='ltr'>δέδοικα</span> <span class='ocrx_word' id='word_1_39' title='bbox 3010 578 3084 649; x_wconf 80' lang='grc' dir='ltr'>μὴ</span> <span class='ocrx_word' id='word_1_40' title='bbox 3116 578 3288 647; x_wconf 84' lang='grc' dir='ltr'>γέλως</span> <span class='ocrx_word' id='word_1_41' title='bbox 3388 580 3480 632; x_wconf 75' lang='grc' dir='ltr'>τὸν</span> <span class='ocrx_word' id='word_1_42' title='bbox 3501 579 3652 634; x_wconf 78' lang='grc' dir='ltr'>Παῦ-</span> 
     </span>
    </p>
   </div>
   <div class='ocr_carea' id='block_1_8' title="bbox 372 669 3655 778">
    <p class='ocr_par' dir='ltr' id='par_1_8' title="bbox 372 669 3655 778">
     <span class='ocr_line' id='line_1_8' title="bbox 372 669 3655 778; baseline -0.003 -43"><span class='ocrx_word' id='word_1_43' title='bbox 372 687 746 757; x_wconf 76' lang='grc' dir='ltr'>ὲπεισ-ήγαγεν</span> <span class='ocrx_word' id='word_1_44' title='bbox 767 682 1102 755; x_wconf 87' lang='grc' dir='ltr'>ήμερότητα,</span> <span class='ocrx_word' id='word_1_45' title='bbox 1123 679 1219 733; x_wconf 79' lang='grc' dir='ltr'>καὶ</span> <span class='ocrx_word' id='word_1_46' title='bbox 1246 676 1409 747; x_wconf 90' lang='grc' dir='ltr'>μέχρι</span> <span class='ocrx_word' id='word_1_47' title='bbox 1435 673 1529 727; x_wconf 89' lang='grc' dir='ltr'>νῦν</span> <span class='ocrx_word' id='word_1_48' title='bbox 1554 674 1705 746; x_wconf 85' lang='grc' dir='ltr'>μένει</span> <span class='ocrx_word' id='word_1_49' title='bbox 1728 673 1965 727; x_wconf 81' lang='grc' dir='ltr'>πλέουσα</span> <span class='ocrx_word' id='word_1_50' title='bbox 1977 706 2045 778; x_wconf 32' lang='grc' dir='ltr'>ἐκ</span> <span class='ocrx_word' id='word_1_51' title='bbox 2065 671 2157 726; x_wconf 90' lang='grc' dir='ltr'>λον</span> <span class='ocrx_word' id='word_1_52' title='bbox 2196 669 2445 724; x_wconf 88' lang='grc' dir='ltr'>ἐντεῦθεν</span> <span class='ocrx_word' id='word_1_53' title='bbox 2476 671 2864 743; x_wconf 79' lang='grc' dir='ltr'>ἐγκωμιάζειν,</span> <span class='ocrx_word' id='word_1_54' title='bbox 2896 671 2955 734; x_wconf 74' lang='grc' dir='ltr'>ὃς</span> <span class='ocrx_word' id='word_1_55' title='bbox 2986 672 3332 742; x_wconf 82' lang='grc' dir='ltr'>ἐσταύρωσεν</span> <span class='ocrx_word' id='word_1_56' title='bbox 3362 671 3553 726; x_wconf 71' lang='grc' dir='ltr'>ἑαυτὸν</span> <span class='ocrx_word' id='word_1_57' title='bbox 3578 670 3655 744; x_wconf 79' lang='grc' dir='ltr'>τῴ</span> 
     </span>
    </p>
   </div>
   <div class='ocr_carea' id='block_1_9' title="bbox 370 772 1967 855">
    <p class='ocr_par' dir='ltr' id='par_1_9' title="bbox 370 772 1967 855">
     <span class='ocr_line' id='line_1_9' title="bbox 370 772 1967 855; baseline -0.009 -19"><span class='ocrx_word' id='word_1_58' title='bbox 370 787 408 855; x_wconf 82' lang='grc' dir='ltr'><strong>ἡ</strong></span> <span class='ocrx_word' id='word_1_59' title='bbox 447 780 681 845; x_wconf 76' lang='grc' dir='ltr'>κιϐωτὸς</span> <span class='ocrx_word' id='word_1_60' title='bbox 710 779 852 849; x_wconf 85' lang='grc' dir='ltr'>αῦτη</span> <span class='ocrx_word' id='word_1_61' title='bbox 869 819 884 843; x_wconf 92' lang='grc'>,</span> <span class='ocrx_word' id='word_1_62' title='bbox 923 778 1017 832; x_wconf 76' lang='grc' dir='ltr'>καὶ</span> <span class='ocrx_word' id='word_1_63' title='bbox 1037 779 1098 831; x_wconf 89' lang='grc' dir='ltr'>οὑ</span> <span class='ocrx_word' id='word_1_64' title='bbox 1123 775 1420 832; x_wconf 83' lang='grc' dir='ltr'>διαλύεται.</span> <span class='ocrx_word' id='word_1_65' title='bbox 1446 773 1581 828; x_wconf 81' lang='grc' dir='ltr'>Οὐδὲ</span> <span class='ocrx_word' id='word_1_66' title='bbox 1606 772 1716 843; x_wconf 83' lang='grc' dir='ltr'>γὰρ</span> <span class='ocrx_word' id='word_1_67' title='bbox 1749 772 1967 842; x_wconf 83' lang='grc' dir='ltr'>ίσχυσεν</span> 
     </span>
    </p>
   </div>
   <div class='ocr_carea' id='block_1_10' title="bbox 371 874 1962 951">
    <p class='ocr_par' dir='ltr' id='par_1_10' title="bbox 371 874 1962 951">
     <span class='ocr_line' id='line_1_10' title="bbox 371 874 1962 951; baseline -0.003 -15"><span class='ocrx_word' id='word_1_68' title='bbox 371 881 547 951; x_wconf 83' lang='grc' dir='ltr'>αὑτῆς</span> <span class='ocrx_word' id='word_1_69' title='bbox 573 880 674 944; x_wconf 83' lang='grc' dir='ltr'>τὰς</span> <span class='ocrx_word' id='word_1_70' title='bbox 704 879 925 943; x_wconf 82' lang='grc' dir='ltr'>σανίδας</span> <span class='ocrx_word' id='word_1_71' title='bbox 971 876 1250 949; x_wconf 87' lang='grc' dir='ltr'>χαυνῶσαι</span> <span class='ocrx_word' id='word_1_72' title='bbox 1301 875 1403 946; x_wconf 84' lang='grc' dir='ltr'>τῆς</span> <span class='ocrx_word' id='word_1_73' title='bbox 1432 876 1630 940; x_wconf 85' lang='grc' dir='ltr'>κακίας</span> <span class='ocrx_word' id='word_1_74' title='bbox 1677 876 1705 928; x_wconf 85' lang='grc' dir='ltr'>ὁ</span> <span class='ocrx_word' id='word_1_75' title='bbox 1738 874 1962 945; x_wconf 87' lang='grc' dir='ltr'>χειμὼν,</span> 
     </span>
    </p>
   </div>
   <div class='ocr_carea' id='block_1_11' title="bbox 373 974 1966 1051">
    <p class='ocr_par' dir='ltr' id='par_1_11' title="bbox 373 974 1966 1051">
     <span class='ocr_line' id='line_1_11' title="bbox 373 974 1966 1051; baseline -0.002 -19"><span class='ocrx_word' id='word_1_76' title='bbox 373 978 495 1032; x_wconf 84' lang='grc' dir='ltr'>ἀλλ’</span> <span class='ocrx_word' id='word_1_77' title='bbox 521 977 907 1049; x_wconf 89' lang='grc' dir='ltr'>ὑπερπλέουσα</span> <span class='ocrx_word' id='word_1_78' title='bbox 938 976 1139 1048; x_wconf 80' lang='grc' dir='ltr'>μᾶλλον</span> <span class='ocrx_word' id='word_1_79' title='bbox 1171 975 1271 1029; x_wconf 88' lang='grc' dir='ltr'>τοῦ</span> <span class='ocrx_word' id='word_1_80' title='bbox 1292 974 1581 1051; x_wconf 85' lang='grc' dir='ltr'>-χειμῶνος</span> <span class='ocrx_word' id='word_1_81' title='bbox 1599 1016 1615 1043; x_wconf 97' lang='grc'>,</span> <span class='ocrx_word' id='word_1_82' title='bbox 1647 977 1746 1047; x_wconf 78' lang='grc' dir='ltr'>τήν</span> <span class='ocrx_word' id='word_1_83' title='bbox 1797 975 1966 1047; x_wconf 79' lang='grc' dir='ltr'>ζάλην</span> 
     </span>
    </p>
   </div>
   <div class='ocr_carea' id='block_1_12' title="bbox 373 1073 1967 1146">
    <p class='ocr_par' dir='ltr' id='par_1_12' title="bbox 373 1073 1967 1146">
     <span class='ocr_line' id='line_1_12' title="bbox 373 1073 1967 1146; baseline -0.003 -16"><span class='ocrx_word' id='word_1_84' title='bbox 373 1076 643 1130; x_wconf 89' lang='grc' dir='ltr'>κατέλυσε</span> <span class='ocrx_word' id='word_1_85' title='bbox 664 1093 679 1107; x_wconf 89' lang='grc'><strong>·</strong></span> <span class='ocrx_word' id='word_1_86' title='bbox 723 1077 817 1130; x_wconf 79' lang='grc' dir='ltr'>καὶ</span> <span class='ocrx_word' id='word_1_87' title='bbox 848 1074 993 1146; x_wconf 90' lang='grc' dir='ltr'>μάλα</span> <span class='ocrx_word' id='word_1_88' title='bbox 1019 1074 1249 1139; x_wconf 78' lang='grc' dir='ltr'>εἰκότως</span> <span class='ocrx_word' id='word_1_89' title='bbox 1270 1087 1285 1104; x_wconf 88' lang='grc'>⁶</span> <span class='ocrx_word' id='word_1_90' title='bbox 1336 1074 1397 1128; x_wconf 89' lang='grc' dir='ltr'>οὑ</span> <span class='ocrx_word' id='word_1_91' title='bbox 1440 1074 1550 1146; x_wconf 83' lang='grc' dir='ltr'>γὰρ</span> <span class='ocrx_word' id='word_1_92' title='bbox 1588 1074 1846 1144; x_wconf 84' lang='grc' dir='ltr'>ἀσφάλτῳ</span> <span class='ocrx_word' id='word_1_93' title='bbox 1873 1073 1967 1127; x_wconf 76' lang='grc' dir='ltr'>καί</span> 
     </span>
    </p>
   </div>
   <div class='ocr_carea' id='block_1_13' title="bbox 376 1169 1969 1246">
    <p class='ocr_par' dir='ltr' id='par_1_13' title="bbox 376 1169 1969 1246">
     <span class='ocr_line' id='line_1_13' title="bbox 376 1169 1969 1246; baseline -0.003 -20"><span class='ocrx_word' id='word_1_94' title='bbox 376 1173 548 1246; x_wconf 79' lang='grc' dir='ltr'>πίσσῃ</span> <span class='ocrx_word' id='word_1_95' title='bbox 569 1214 583 1238; x_wconf 93' lang='grc'>,</span> <span class='ocrx_word' id='word_1_96' title='bbox 609 1172 747 1227; x_wconf 89' lang='grc' dir='ltr'>ἀλλά</span> <span class='ocrx_word' id='word_1_97' title='bbox 774 1171 1052 1244; x_wconf 90' lang='grc' dir='ltr'>Πνεύματι</span> <span class='ocrx_word' id='word_1_98' title='bbox 1080 1172 1221 1244; x_wconf 87' lang='grc' dir='ltr'>ἀγίῳ</span> <span class='ocrx_word' id='word_1_99' title='bbox 1264 1170 1622 1244; x_wconf 87' lang='grc' dir='ltr'>κεχρισμέναι</span> <span class='ocrx_word' id='word_1_100' title='bbox 1652 1171 1708 1224; x_wconf 86' lang='grc' dir='ltr'>αἱ</span> <span class='ocrx_word' id='word_1_101' title='bbox 1759 1169 1969 1234; x_wconf 88' lang='grc' dir='ltr'>σανίδες</span> 
     </span>
    </p>
   </div>
   <div class='ocr_carea' id='block_1_14' title="bbox 373 1264 1970 1342">
    <p class='ocr_par' dir='ltr' id='par_1_14' title="bbox 373 1264 1970 1342">
     <span class='ocr_line' id='line_1_14' title="bbox 373 1264 1970 1342; baseline -0.001 -17"><span class='ocrx_word' id='word_1_102' title='bbox 373 1264 542 1326; x_wconf 81' lang='grc' dir='ltr'>αῦταί</span> <span class='ocrx_word' id='word_1_103' title='bbox 574 1272 740 1326; x_wconf 79' lang='grc' dir='ltr'>εἰσιν&gt;</span> <span class='ocrx_word' id='word_1_104' title='bbox 780 1270 942 1326; x_wconf 86' lang='grc' dir='ltr'>Ἀλλά</span> <span class='ocrx_word' id='word_1_105' title='bbox 972 1270 1064 1325; x_wconf 78' lang='grc' dir='ltr'>τὸν</span> <span class='ocrx_word' id='word_1_106' title='bbox 1101 1269 1356 1342; x_wconf 80' lang='grc' dir='ltr'>Ἀϐραὰμ</span> <span class='ocrx_word' id='word_1_107' title='bbox 1389 1268 1760 1340; x_wconf 78' lang='grc' dir='ltr'>θαυμάζουσιν</span> <span class='ocrx_word' id='word_1_108' title='bbox 1793 1267 1970 1323; x_wconf 79' lang='grc' dir='ltr'>ἀπαν-</span> 
     </span>
    </p>
   </div>
   <div class='ocr_carea' id='block_1_15' title="bbox 374 1364 1970 1437">
    <p class='ocr_par' dir='ltr' id='par_1_15' title="bbox 374 1364 1970 1437">
     <span class='ocr_line' id='line_1_15' title="bbox 374 1364 1970 1437; baseline -0.003 -15"><span class='ocrx_word' id='word_1_109' title='bbox 374 1385 470 1432; x_wconf 80' lang='grc' dir='ltr'>τες</span> <span class='ocrx_word' id='word_1_110' title='bbox 492 1409 510 1435; x_wconf 94' lang='grc'>,</span> <span class='ocrx_word' id='word_1_111' title='bbox 540 1368 624 1422; x_wconf 75' lang='grc' dir='ltr'>ὅτι</span> <span class='ocrx_word' id='word_1_112' title='bbox 647 1367 920 1434; x_wconf 89' lang='grc' dir='ltr'>ἀκούσας,</span> <span class='ocrx_word' id='word_1_113' title='bbox 950 1367 1197 1432; x_wconf 73' lang='grc' dir='ltr'>Ἔξελθε</span> <span class='ocrx_word' id='word_1_114' title='bbox 1221 1367 1292 1421; x_wconf 86' lang='grc' dir='ltr'>ἐκ</span> <span class='ocrx_word' id='word_1_115' title='bbox 1331 1365 1443 1434; x_wconf 82' lang='grc' dir='ltr'>τῆς</span> <span class='ocrx_word' id='word_1_116' title='bbox 1481 1365 1593 1437; x_wconf 79' lang='grc' dir='ltr'>γῆς</span> <span class='ocrx_word' id='word_1_117' title='bbox 1622 1382 1741 1420; x_wconf 91' lang='grc' dir='ltr'>σου</span> <span class='ocrx_word' id='word_1_118' title='bbox 1774 1364 1874 1419; x_wconf 81' lang='grc' dir='ltr'>καὶ</span> <span class='ocrx_word' id='word_1_119' title='bbox 1900 1364 1970 1418; x_wconf 85' lang='grc' dir='ltr'>ἐκ</span> 
     </span>
    </p>
   </div>
   <div class='ocr_carea' id='block_1_16' title="bbox 374 1463 1966 1537">
    <p class='ocr_par' dir='ltr' id='par_1_16' title="bbox 374 1463 1966 1537">
     <span class='ocr_line' id='line_1_16' title="bbox 374 1463 1966 1537; baseline -0.002 -18"><span class='ocrx_word' id='word_1_120' title='bbox 374 1464 493 1534; x_wconf 79' lang='grc' dir='ltr'>τῆς</span> <span class='ocrx_word' id='word_1_121' title='bbox 520 1465 875 1534; x_wconf 67' lang='grc' dir='ltr'>συγγενείας</span> <span class='ocrx_word' id='word_1_122' title='bbox 924 1480 1042 1519; x_wconf 88' lang='grc' dir='ltr'>σου</span> <span class='ocrx_word' id='word_1_123' title='bbox 1065 1504 1081 1531; x_wconf 89' lang='grc'>,</span> <span class='ocrx_word' id='word_1_124' title='bbox 1124 1466 1304 1537; x_wconf 83' lang='grc' dir='ltr'>ἀφῆκε</span> <span class='ocrx_word' id='word_1_125' title='bbox 1346 1464 1614 1536; x_wconf 81' lang='grc' dir='ltr'>πατρίδα,</span> <span class='ocrx_word' id='word_1_126' title='bbox 1643 1464 1738 1517; x_wconf 79' lang='grc' dir='ltr'>καὶ</span> <span class='ocrx_word' id='word_1_127' title='bbox 1769 1463 1966 1528; x_wconf 89' lang='grc' dir='ltr'>οἰκίαν,</span> 
     </span>
    </p>
   </div>
   <div class='ocr_carea' id='block_1_17' title="bbox 378 1558 1970 1634">
    <p class='ocr_par' dir='ltr' id='par_1_17' title="bbox 378 1558 1970 1634">
     <span class='ocr_line' id='line_1_17' title="bbox 378 1558 1970 1634; baseline -0.003 -16"><span class='ocrx_word' id='word_1_128' title='bbox 378 1564 477 1618; x_wconf 77' lang='lat' dir='ltr'><strong><em>xal</em></strong></span> <span class='ocrx_word' id='word_1_129' title='bbox 514 1562 700 1633; x_wconf 81' lang='grc' dir='ltr'>φίλους</span> <span class='ocrx_word' id='word_1_130' title='bbox 733 1563 827 1616; x_wconf 77' lang='grc' dir='ltr'>καὶ</span> <span class='ocrx_word' id='word_1_131' title='bbox 869 1566 1155 1633; x_wconf 81' lang='grc' dir='ltr'>συγγενεῖς</span> <span class='ocrx_word' id='word_1_132' title='bbox 1177 1603 1194 1630; x_wconf 95' lang='grc'>,</span> <span class='ocrx_word' id='word_1_133' title='bbox 1226 1565 1322 1617; x_wconf 82' lang='grc' dir='ltr'>καὶ</span> <span class='ocrx_word' id='word_1_134' title='bbox 1375 1562 1555 1618; x_wconf 87' lang='grc' dir='ltr'>πάντα</span> <span class='ocrx_word' id='word_1_135' title='bbox 1598 1558 1666 1634; x_wconf 76' lang='grc' dir='ltr'>ἦν</span> <span class='ocrx_word' id='word_1_136' title='bbox 1711 1561 1861 1633; x_wconf 87' lang='grc' dir='ltr'>αὑτῷ</span> <span class='ocrx_word' id='word_1_137' title='bbox 1909 1560 1970 1615; x_wconf 85' lang='grc' dir='ltr'>τὸ</span> 
     </span>
    </p>
   </div>
   <div class='ocr_carea' id='block_1_18' title="bbox 378 1659 1970 1735">
    <p class='ocr_par' dir='ltr' id='par_1_18' title="bbox 378 1659 1970 1735">
     <span class='ocr_line' id='line_1_18' title="bbox 378 1659 1970 1735; baseline -0.003 -19"><span class='ocrx_word' id='word_1_138' title='bbox 378 1662 663 1733; x_wconf 79' lang='grc' dir='ltr'>ἐπίταγμα</span> <span class='ocrx_word' id='word_1_139' title='bbox 695 1660 789 1715; x_wconf 88' lang='grc' dir='ltr'>τοῦ</span> <span class='ocrx_word' id='word_1_140' title='bbox 833 1660 1006 1727; x_wconf 84' lang='grc' dir='ltr'>Θεοῦ;</span> <span class='ocrx_word' id='word_1_141' title='bbox 1036 1661 1150 1716; x_wconf 88' lang='lat' dir='ltr'>Kal</span> <span class='ocrx_word' id='word_1_142' title='bbox 1178 1660 1288 1735; x_wconf 83' lang='grc' dir='ltr'>γάρ</span> <span class='ocrx_word' id='word_1_143' title='bbox 1332 1662 1427 1715; x_wconf 73' lang='grc' dir='ltr'>καὶ</span> <span class='ocrx_word' id='word_1_144' title='bbox 1452 1663 1615 1733; x_wconf 87' lang='grc' dir='ltr'>ήμεῖς</span> <span class='ocrx_word' id='word_1_145' title='bbox 1643 1660 1803 1714; x_wconf 86' lang='grc' dir='ltr'>τοῦτο</span> <span class='ocrx_word' id='word_1_146' title='bbox 1836 1659 1970 1713; x_wconf 83' lang='grc' dir='ltr'>θαυ-</span> 
     </span>
    </p>
   </div>
   <div class='ocr_carea' id='block_1_19' title="bbox 382 1757 1967 1830">
    <p class='ocr_par' dir='ltr' id='par_1_19' title="bbox 382 1757 1967 1830">
     <span class='ocr_line' id='line_1_19' title="bbox 382 1757 1967 1830; baseline -0.001 -18"><span class='ocrx_word' id='word_1_147' title='bbox 382 1758 653 1830; x_wconf 81' lang='grc' dir='ltr'>μάζομεν.</span> <span class='ocrx_word' id='word_1_148' title='bbox 694 1758 857 1813; x_wconf 83' lang='grc' dir='ltr'>Ἀλλὰ</span> <span class='ocrx_word' id='word_1_149' title='bbox 901 1757 955 1813; x_wconf 90' lang='grc' dir='ltr'>τί</span> <span class='ocrx_word' id='word_1_150' title='bbox 1007 1758 1222 1813; x_wconf 82' lang='grc' dir='ltr'>Παύλου</span> <span class='ocrx_word' id='word_1_151' title='bbox 1261 1758 1458 1828; x_wconf 82' lang='grc' dir='ltr'>γένοιτ’</span> <span class='ocrx_word' id='word_1_152' title='bbox 1489 1758 1556 1812; x_wconf 86' lang='grc' dir='ltr'>ἂν</span> <span class='ocrx_word' id='word_1_153' title='bbox 1592 1757 1734 1820; x_wconf 76' lang='grc' dir='ltr'>ίσονς</span> <span class='ocrx_word' id='word_1_154' title='bbox 1776 1758 1874 1821; x_wconf 87' lang='grc' dir='ltr'>Ὃς</span> <span class='ocrx_word' id='word_1_155' title='bbox 1903 1758 1967 1810; x_wconf 86' lang='grc' dir='ltr'>οὑ</span> 
     </span>
    </p>
   </div>
   <div class='ocr_carea' id='block_1_20' title="bbox 380 1854 1970 1929">
    <p class='ocr_par' dir='ltr' id='par_1_20' title="bbox 380 1854 1970 1929">
     <span class='ocr_line' id='line_1_20' title="bbox 380 1854 1970 1929; baseline -0.001 -19"><span class='ocrx_word' id='word_1_156' title='bbox 380 1856 621 1929; x_wconf 82' lang='grc' dir='ltr'>πατρίδα</span> <span class='ocrx_word' id='word_1_157' title='bbox 643 1856 940 1910; x_wconf 47' lang='grc' dir='ltr'>καὶίοίκίαν</span> <span class='ocrx_word' id='word_1_158' title='bbox 973 1855 1069 1913; x_wconf 75' lang='grc' dir='ltr'>καὶ</span> <span class='ocrx_word' id='word_1_159' title='bbox 1104 1858 1387 1926; x_wconf 82' lang='grc' dir='ltr'>συγγενεῖς</span> <span class='ocrx_word' id='word_1_160' title='bbox 1410 1855 1646 1927; x_wconf 83' lang='grc' dir='ltr'>ἀφῆκεν,</span> <span class='ocrx_word' id='word_1_161' title='bbox 1673 1854 1789 1910; x_wconf 85' lang='grc' dir='ltr'>ἀλλ’</span> <span class='ocrx_word' id='word_1_162' title='bbox 1809 1854 1970 1909; x_wconf 81' lang='grc' dir='ltr'>αὑτὸν</span> 
     </span>
    </p>
   </div>
   <div class='ocr_carea' id='block_1_21' title="bbox 379 1951 1975 2026">
    <p class='ocr_par' dir='ltr' id='par_1_21' title="bbox 379 1951 1975 2026">
     <span class='ocr_line' id='line_1_21' title="bbox 379 1951 1975 2026; baseline -0.002 -18"><span class='ocrx_word' id='word_1_163' title='bbox 379 1954 475 2008; x_wconf 79' lang='grc' dir='ltr'>τὸν</span> <span class='ocrx_word' id='word_1_164' title='bbox 503 1954 706 2025; x_wconf 83' lang='grc' dir='ltr'>κόσμον</span> <span class='ocrx_word' id='word_1_165' title='bbox 737 1952 828 2007; x_wconf 90' lang='grc' dir='ltr'>διά</span> <span class='ocrx_word' id='word_1_166' title='bbox 849 1953 943 2008; x_wconf 84' lang='grc' dir='ltr'>τὸν</span> <span class='ocrx_word' id='word_1_167' title='bbox 974 1952 1185 2026; x_wconf 78' lang='grc' dir='ltr'>Ἰησοῦν</span> <span class='ocrx_word' id='word_1_168' title='bbox 1204 1993 1218 2014; x_wconf 91' lang='grc'><strong>.</strong></span> <span class='ocrx_word' id='word_1_169' title='bbox 1253 1953 1455 2025; x_wconf 81' lang='grc' dir='ltr'>μᾶλλον</span> <span class='ocrx_word' id='word_1_170' title='bbox 1488 1952 1544 2006; x_wconf 88' lang='grc' dir='ltr'>δέ</span> <span class='ocrx_word' id='word_1_171' title='bbox 1573 1951 1735 2006; x_wconf 83' lang='grc' dir='ltr'>αὐτὸν</span> <span class='ocrx_word' id='word_1_172' title='bbox 1766 1952 1857 2006; x_wconf 79' lang='grc' dir='ltr'>τὸν</span> <span class='ocrx_word' id='word_1_173' title='bbox 1883 1951 1975 2005; x_wconf 86' lang='grc' dir='ltr'>οὐ⁶</span> 
     </span>
    </p>
   </div>
   <div class='ocr_carea' id='block_1_22' title="bbox 385 2049 1975 2123">
    <p class='ocr_par' dir='ltr' id='par_1_22' title="bbox 385 2049 1975 2123">
     <span class='ocr_line' id='line_1_22' title="bbox 385 2049 1975 2123; baseline 0.001 -20"><span class='ocrx_word' id='word_1_174' title='bbox 385 2050 568 2121; x_wconf 81' lang='grc' dir='ltr'>ρανὺν,</span> <span class='ocrx_word' id='word_1_175' title='bbox 599 2050 804 2104; x_wconf 78' lang='grc' dir='ltr'>καὶτὸν</span> <span class='ocrx_word' id='word_1_176' title='bbox 835 2049 1191 2122; x_wconf 21' lang='grc' dir='ltr'>οὑρανὸνψτοῦ</span> <span class='ocrx_word' id='word_1_177' title='bbox 1218 2050 1449 2123; x_wconf 87' lang='grc' dir='ltr'>οὐρανοῦ</span> <span class='ocrx_word' id='word_1_178' title='bbox 1482 2049 1756 2122; x_wconf 82' lang='grc' dir='ltr'>ὑπερεῖδε,</span> <span class='ocrx_word' id='word_1_179' title='bbox 1791 2050 1885 2104; x_wconf 78' lang='grc' dir='ltr'>καὶ</span> <span class='ocrx_word' id='word_1_180' title='bbox 1914 2049 1975 2104; x_wconf 81' lang='grc' dir='ltr'>ἓν</span> 
     </span>
    </p>
   </div>
   <div class='ocr_carea' id='block_1_23' title="bbox 387 2147 1976 2221">
    <p class='ocr_par' dir='ltr' id='par_1_23' title="bbox 387 2147 1976 2221">
     <span class='ocr_line' id='line_1_23' title="bbox 387 2147 1976 2221; baseline -0.001 -20"><span class='ocrx_word' id='word_1_181' title='bbox 387 2149 551 2219; x_wconf 86' lang='grc' dir='ltr'>μόνον</span> <span class='ocrx_word' id='word_1_182' title='bbox 580 2149 787 2221; x_wconf 76' lang='grc' dir='ltr'>ἐζήτει,</span> <span class='ocrx_word' id='word_1_183' title='bbox 810 2147 905 2201; x_wconf 89' lang='grc' dir='ltr'>τοῦ</span> <span class='ocrx_word' id='word_1_184' title='bbox 935 2147 1114 2220; x_wconf 87' lang='grc' dir='ltr'>Ἰησοῦ</span> <span class='ocrx_word' id='word_1_185' title='bbox 1146 2148 1246 2221; x_wconf 80' lang='grc' dir='ltr'>τὴν</span> <span class='ocrx_word' id='word_1_186' title='bbox 1270 2149 1511 2218; x_wconf 82' lang='grc' dir='ltr'>ἀγάπην.</span> <span class='ocrx_word' id='word_1_187' title='bbox 1548 2148 1660 2202; x_wconf 98' lang='lat' dir='ltr'>Kal</span> <span class='ocrx_word' id='word_1_188' title='bbox 1687 2147 1849 2201; x_wconf 78' lang='grc' dir='ltr'>ἄκουε</span> <span class='ocrx_word' id='word_1_189' title='bbox 1878 2148 1976 2203; x_wconf 88' lang='grc' dir='ltr'>αὑ-</span> 
     </span>
    </p>
   </div>
   <div class='ocr_carea' id='block_1_24' title="bbox 380 2241 1972 2316">
    <p class='ocr_par' dir='ltr' id='par_1_24' title="bbox 380 2241 1972 2316">
     <span class='ocr_line' id='line_1_24' title="bbox 380 2241 1972 2316; baseline 0.001 -19"><span class='ocrx_word' id='word_1_190' title='bbox 380 2245 480 2299; x_wconf 80' lang='grc' dir='ltr'>τοῦ</span> <span class='ocrx_word' id='word_1_191' title='bbox 510 2245 667 2298; x_wconf 90' lang='grc' dir='ltr'>τοῦτο</span> <span class='ocrx_word' id='word_1_192' title='bbox 700 2243 990 2316; x_wconf 81' lang='grc' dir='ltr'>δηλοῦντος</span> <span class='ocrx_word' id='word_1_193' title='bbox 1025 2245 1119 2299; x_wconf 81' lang='grc' dir='ltr'>καί</span> <span class='ocrx_word' id='word_1_194' title='bbox 1152 2244 1402 2315; x_wconf 90' lang='grc' dir='ltr'>λέγοντος</span> <span class='ocrx_word' id='word_1_195' title='bbox 1427 2261 1442 2275; x_wconf 77' lang='grc' dir='ltr'><strong><em>ο</em></strong></span> <span class='ocrx_word' id='word_1_196' title='bbox 1472 2245 1622 2299; x_wconf 81' lang='grc' dir='ltr'>Οὔτε</span> <span class='ocrx_word' id='word_1_197' title='bbox 1652 2241 1972 2310; x_wconf 74' lang='grc' dir='ltr'>ἐνεστῶτα,</span> 
     </span>
    </p>
   </div>
   <div class='ocr_carea' id='block_1_25' title="bbox 384 2342 1977 2418">
    <p class='ocr_par' dir='ltr' id='par_1_25' title="bbox 384 2342 1977 2418">
     <span class='ocr_line' id='line_1_25' title="bbox 384 2342 1977 2418; baseline -0.001 -19"><span class='ocrx_word' id='word_1_198' title='bbox 384 2346 526 2400; x_wconf 82' lang='grc' dir='ltr'>οὔτε</span> <span class='ocrx_word' id='word_1_199' title='bbox 560 2344 898 2416; x_wconf 72' lang='grc' dir='ltr'>μέλλοντα,</span> <span class='ocrx_word' id='word_1_200' title='bbox 925 2343 1076 2418; x_wconf 64' lang='grc' dir='ltr'>[ἐ79]</span> <span class='ocrx_word' id='word_1_201' title='bbox 1112 2344 1251 2400; x_wconf 79' lang='grc' dir='ltr'>οὔτε</span> <span class='ocrx_word' id='word_1_202' title='bbox 1294 2344 1545 2415; x_wconf 77' lang='grc' dir='ltr'>ὕψωμα,</span> <span class='ocrx_word' id='word_1_203' title='bbox 1601 2344 1740 2399; x_wconf 85' lang='grc' dir='ltr'>οὔτε</span> <span class='ocrx_word' id='word_1_204' title='bbox 1782 2342 1977 2409; x_wconf 81' lang='grc' dir='ltr'>,βάθος</span> 
     </span>
    </p>
   </div>
   <div class='ocr_carea' id='block_1_26' title="bbox 383 2439 1975 2513">
    <p class='ocr_par' dir='ltr' id='par_1_26' title="bbox 383 2439 1975 2513">
     <span class='ocr_line' id='line_1_26' title="bbox 383 2439 1975 2513; baseline -0.002 -16"><span class='ocrx_word' id='word_1_205' title='bbox 383 2442 718 2511; x_wconf 75' lang='grc' dir='ltr'>δυνήσεται</span> <span class='ocrx_word' id='word_1_206' title='bbox 772 2441 932 2512; x_wconf 75' lang='grc' dir='ltr'>ἡμᾶς</span> <span class='ocrx_word' id='word_1_207' title='bbox 960 2442 1215 2513; x_wconf 84' lang='grc' dir='ltr'>χωρίσαι</span> <span class='ocrx_word' id='word_1_208' title='bbox 1266 2441 1386 2497; x_wconf 81' lang='grc' dir='ltr'>ἀπὸ</span> <span class='ocrx_word' id='word_1_209' title='bbox 1438 2439 1549 2510; x_wconf 82' lang='grc' dir='ltr'>τῆς</span> <span class='ocrx_word' id='word_1_210' title='bbox 1592 2440 1831 2510; x_wconf 79' lang='grc' dir='ltr'>ἀγάπης</span> <span class='ocrx_word' id='word_1_211' title='bbox 1868 2439 1975 2494; x_wconf 85' lang='grc' dir='ltr'>τοῦ</span> 
     </span>
    </p>
   </div>
   <div class='ocr_carea' id='block_1_27' title="bbox 387 2536 1977 2609">
    <p class='ocr_par' dir='ltr' id='par_1_27' title="bbox 387 2536 1977 2609">
     <span class='ocr_line' id='line_1_27' title="bbox 387 2536 1977 2609; baseline -0.003 -13"><span class='ocrx_word' id='word_1_212' title='bbox 387 2541 559 2607; x_wconf 82' lang='grc' dir='ltr'>Θεοῦ.</span> <span class='ocrx_word' id='word_1_213' title='bbox 602 2539 739 2594; x_wconf 85' lang='grc' dir='ltr'>Ἀλλ’</span> <span class='ocrx_word' id='word_1_214' title='bbox 769 2539 978 2603; x_wconf 83' lang='grc' dir='ltr'>ἐκεῖνος</span> <span class='ocrx_word' id='word_1_215' title='bbox 998 2540 1080 2604; x_wconf 88' lang='grc' dir='ltr'>εἰς</span> <span class='ocrx_word' id='word_1_216' title='bbox 1101 2537 1377 2603; x_wconf 80' lang='grc' dir='ltr'>κινδύνους</span> <span class='ocrx_word' id='word_1_217' title='bbox 1401 2538 1609 2609; x_wconf 75' lang='grc' dir='ltr'>ῥίπτων</span> <span class='ocrx_word' id='word_1_218' title='bbox 1636 2537 1851 2606; x_wconf 85' lang='grc' dir='ltr'>ἐαυτὸν,</span> <span class='ocrx_word' id='word_1_219' title='bbox 1885 2536 1977 2591; x_wconf 80' lang='grc' dir='ltr'>τὸν</span> 
     </span>
    </p>
   </div>
   <div class='ocr_carea' id='block_1_28' title="bbox 384 2629 1975 2709">
    <p class='ocr_par' dir='ltr' id='par_1_28' title="bbox 384 2629 1975 2709">
     <span class='ocr_line' id='line_1_28' title="bbox 384 2629 1975 2709; baseline -0.002 -18"><span class='ocrx_word' id='word_1_220' title='bbox 384 2637 704 2705; x_wconf 80' lang='grc' dir='ltr'>ἀδελφιδοῦν</span> <span class='ocrx_word' id='word_1_221' title='bbox 731 2633 1012 2709; x_wconf 81' lang='grc' dir='ltr'>ἐξήρπασε</span> <span class='ocrx_word' id='word_1_222' title='bbox 1034 2635 1144 2689; x_wconf 86' lang='grc' dir='ltr'>τῶν</span> <span class='ocrx_word' id='word_1_223' title='bbox 1178 2635 1503 2708; x_wconf 79' lang='grc' dir='ltr'>βαρϐάρων;</span> <span class='ocrx_word' id='word_1_224' title='bbox 1548 2635 1687 2690; x_wconf 73' lang='grc' dir='ltr'>Ἀλλ’</span> <span class='ocrx_word' id='word_1_225' title='bbox 1716 2629 1872 2699; x_wconf 73' lang='grc' dir='ltr'>οὗτος</span> <span class='ocrx_word' id='word_1_226' title='bbox 1914 2636 1975 2689; x_wconf 85' lang='grc' dir='ltr'>οὑ</span> 
     </span>
    </p>
   </div>
   <div class='ocr_carea' id='block_1_29' title="bbox 384 2732 1977 2807">
    <p class='ocr_par' dir='ltr' id='par_1_29' title="bbox 384 2732 1977 2807">
     <span class='ocr_line' id='line_1_29' title="bbox 384 2732 1977 2807; baseline -0.001 -19"><span class='ocrx_word' id='word_1_227' title='bbox 384 2736 481 2789; x_wconf 78' lang='grc' dir='ltr'>τὸν</span> <span class='ocrx_word' id='word_1_228' title='bbox 511 2733 828 2805; x_wconf 85' lang='grc' dir='ltr'>ἀδελφιδοῦν</span> <span class='ocrx_word' id='word_1_229' title='bbox 846 2772 863 2799; x_wconf 93' lang='grc'>,</span> <span class='ocrx_word' id='word_1_230' title='bbox 895 2733 1018 2787; x_wconf 88' lang='grc' dir='ltr'>οὑδέ</span> <span class='ocrx_word' id='word_1_231' title='bbox 1044 2734 1195 2807; x_wconf 87' lang='grc' dir='ltr'>τρεῖς</span> <span class='ocrx_word' id='word_1_232' title='bbox 1241 2733 1338 2788; x_wconf 79' lang='grc' dir='ltr'>καὶ</span> <span class='ocrx_word' id='word_1_233' title='bbox 1375 2732 1539 2787; x_wconf 81' lang='grc' dir='ltr'>πέντε</span> <span class='ocrx_word' id='word_1_234' title='bbox 1585 2732 1772 2797; x_wconf 88' lang='grc' dir='ltr'>πόλεις</span> <span class='ocrx_word' id='word_1_235' title='bbox 1791 2772 1806 2796; x_wconf 94' lang='grc'>,</span> <span class='ocrx_word' id='word_1_236' title='bbox 1839 2732 1977 2787; x_wconf 89' lang='grc' dir='ltr'>ἀλλά</span> 
     </span>
    </p>
   </div>
   <div class='ocr_carea' id='block_1_30' title="bbox 386 2829 1976 2904">
    <p class='ocr_par' dir='ltr' id='par_1_30' title="bbox 386 2829 1976 2904">
     <span class='ocr_line' id='line_1_30' title="bbox 386 2829 1976 2904; baseline -0.002 -18"><span class='ocrx_word' id='word_1_237' title='bbox 386 2832 489 2904; x_wconf 78' lang='grc' dir='ltr'>τὴν</span> <span class='ocrx_word' id='word_1_238' title='bbox 516 2831 845 2904; x_wconf 76' lang='grc' dir='ltr'>οἰκουμένην</span> <span class='ocrx_word' id='word_1_239' title='bbox 874 2832 1076 2899; x_wconf 84' lang='grc' dir='ltr'>πᾶσαν,</span> <span class='ocrx_word' id='word_1_240' title='bbox 1116 2831 1218 2885; x_wconf 88' lang='grc' dir='ltr'>οὑκ</span> <span class='ocrx_word' id='word_1_241' title='bbox 1249 2830 1360 2885; x_wconf 77' lang='grc' dir='ltr'>ἀπὸ</span> <span class='ocrx_word' id='word_1_242' title='bbox 1392 2829 1703 2904; x_wconf 74' lang='grc' dir='ltr'>βαρϐάρων,</span> <span class='ocrx_word' id='word_1_243' title='bbox 1738 2829 1854 2885; x_wconf 90' lang='grc' dir='ltr'>ἀλλ’</span> <span class='ocrx_word' id='word_1_244' title='bbox 1881 2830 1976 2883; x_wconf 86' lang='grc' dir='ltr'>ἀπ’</span> 
     </span>
    </p>
   </div>
   <div class='ocr_carea' id='block_1_31' title="bbox 390 2928 1978 3002">
    <p class='ocr_par' dir='ltr' id='par_1_31' title="bbox 390 2928 1978 3002">
     <span class='ocr_line' id='line_1_31' title="bbox 390 2928 1978 3002; baseline -0.001 -19"><span class='ocrx_word' id='word_1_245' title='bbox 390 2930 560 3002; x_wconf 82' lang='grc' dir='ltr'>αὐτῆς</span> <span class='ocrx_word' id='word_1_246' title='bbox 597 2931 697 3001; x_wconf 81' lang='grc' dir='ltr'>τῆς</span> <span class='ocrx_word' id='word_1_247' title='bbox 749 2929 858 3001; x_wconf 84' lang='grc' dir='ltr'>τῶν</span> <span class='ocrx_word' id='word_1_248' title='bbox 890 2929 1161 3000; x_wconf 88' lang='grc' dir='ltr'>δαιμόνων</span> <span class='ocrx_word' id='word_1_249' title='bbox 1196 2929 1475 3002; x_wconf 80' lang='grc' dir='ltr'>ἐξήρπασε</span> <span class='ocrx_word' id='word_1_250' title='bbox 1505 2928 1687 3001; x_wconf 82' lang='grc' dir='ltr'>χειρὸς</span> <span class='ocrx_word' id='word_1_251' title='bbox 1707 2969 1722 2994; x_wconf 97' lang='grc'>,</span> <span class='ocrx_word' id='word_1_252' title='bbox 1752 2929 1978 3000; x_wconf 88' lang='grc' dir='ltr'>μυρίους</span> 
     </span>
    </p>
   </div>
   <div class='ocr_carea' id='block_1_32' title="bbox 390 3025 1980 3100">
    <p class='ocr_par' dir='ltr' id='par_1_32' title="bbox 390 3025 1980 3100">
     <span class='ocr_line' id='line_1_32' title="bbox 390 3025 1980 3100; baseline -0.003 -17"><span class='ocrx_word' id='word_1_253' title='bbox 390 3027 515 3083; x_wconf 80' lang='grc' dir='ltr'>καθ’</span> <span class='ocrx_word' id='word_1_254' title='bbox 542 3028 781 3099; x_wconf 77' lang='grc' dir='ltr'>ἑκάστην</span> <span class='ocrx_word' id='word_1_255' title='bbox 809 3026 1098 3100; x_wconf 78' lang='grc' dir='ltr'>ὑπομένων</span> <span class='ocrx_word' id='word_1_256' title='bbox 1125 3025 1438 3092; x_wconf 85' lang='grc' dir='ltr'>κινδύνους,</span> <span class='ocrx_word' id='word_1_257' title='bbox 1470 3025 1566 3082; x_wconf 75' lang='grc' dir='ltr'>καὶ</span> <span class='ocrx_word' id='word_1_258' title='bbox 1604 3028 1718 3090; x_wconf 87' lang='grc' dir='ltr'>τοῖς</span> <span class='ocrx_word' id='word_1_259' title='bbox 1759 3026 1980 3090; x_wconf 79' lang='grc' dir='ltr'>οἰκείοις</span> 
     </span>
    </p>
   </div>
   <div class='ocr_carea' id='block_1_33' title="bbox 392 3121 1981 3197">
    <p class='ocr_par' dir='ltr' id='par_1_33' title="bbox 392 3121 1981 3197">
     <span class='ocr_line' id='line_1_33' title="bbox 392 3121 1981 3197; baseline -0.001 -19"><span class='ocrx_word' id='word_1_260' title='bbox 392 3124 644 3189; x_wconf 83' lang='grc' dir='ltr'>θανάτοις</span> <span class='ocrx_word' id='word_1_261' title='bbox 682 3124 890 3197; x_wconf 82' lang='grc' dir='ltr'>ἑτέροις</span> <span class='ocrx_word' id='word_1_262' title='bbox 927 3123 1128 3197; x_wconf 82' lang='grc' dir='ltr'>πολλὴν</span> <span class='ocrx_word' id='word_1_263' title='bbox 1159 3124 1462 3195; x_wconf 88' lang='grc' dir='ltr'>ἀσφάλειαν</span> <span class='ocrx_word' id='word_1_264' title='bbox 1500 3123 1797 3196; x_wconf 82' lang='grc' dir='ltr'>κτώμενος.</span> <span class='ocrx_word' id='word_1_265' title='bbox 1838 3121 1981 3177; x_wconf 78' lang='grc' dir='ltr'>Ἀλλ’</span> 
     </span>
    </p>
   </div>
   <div class='ocr_carea' id='block_1_34' title="bbox 392 3212 1982 3286">
    <p class='ocr_par' dir='ltr' id='par_1_34' title="bbox 392 3212 1982 3286">
     <span class='ocr_line' id='line_1_34' title="bbox 392 3212 1982 3286; baseline -0.001 -17"><span class='ocrx_word' id='word_1_266' title='bbox 392 3218 511 3270; x_wconf 88' lang='grc' dir='ltr'>ἐκεῖ</span> <span class='ocrx_word' id='word_1_267' title='bbox 538 3216 600 3270; x_wconf 82' lang='grc' dir='ltr'>τὸ</span> <span class='ocrx_word' id='word_1_268' title='bbox 628 3216 924 3285; x_wconf 85' lang='grc' dir='ltr'>κεφάλαιον</span> <span class='ocrx_word' id='word_1_269' title='bbox 961 3214 1070 3270; x_wconf 87' lang='grc' dir='ltr'>τῶν</span> <span class='ocrx_word' id='word_1_270' title='bbox 1108 3212 1333 3286; x_wconf 80' lang='grc' dir='ltr'>ἀγαθῶν</span> <span class='ocrx_word' id='word_1_271' title='bbox 1367 3215 1486 3269; x_wconf 89' lang='grc' dir='ltr'>ἐστι</span> <span class='ocrx_word' id='word_1_272' title='bbox 1525 3213 1621 3270; x_wconf 77' lang='grc' dir='ltr'>καὶ</span> <span class='ocrx_word' id='word_1_273' title='bbox 1670 3215 1705 3285; x_wconf 91' lang='grc' dir='ltr'>ή</span> <span class='ocrx_word' id='word_1_274' title='bbox 1752 3213 1982 3285; x_wconf 68' lang='grc' dir='ltr'>κορωνὶς</span> 
     </span>
    </p>
   </div>
   <div class='ocr_carea' id='block_1_35' title="bbox 392 3306 1983 3380">
    <p class='ocr_par' dir='ltr' id='par_1_35' title="bbox 392 3306 1983 3380">
     <span class='ocr_line' id='line_1_35' title="bbox 392 3306 1983 3380; baseline -0.003 -17"><span class='ocrx_word' id='word_1_275' title='bbox 392 3310 494 3380; x_wconf 81' lang='grc' dir='ltr'>τῆς</span> <span class='ocrx_word' id='word_1_276' title='bbox 530 3309 883 3380; x_wconf 83' lang='grc' dir='ltr'>φιλοσοφίας,</span> <span class='ocrx_word' id='word_1_277' title='bbox 912 3308 975 3363; x_wconf 87' lang='grc' dir='ltr'>τδ</span> <span class='ocrx_word' id='word_1_278' title='bbox 1011 3308 1105 3364; x_wconf 84' lang='grc' dir='ltr'>τὸν</span> <span class='ocrx_word' id='word_1_279' title='bbox 1152 3309 1268 3363; x_wconf 84' lang='grc' dir='ltr'>υἰὸν</span> <span class='ocrx_word' id='word_1_280' title='bbox 1310 3307 1650 3374; x_wconf 86' lang='grc' dir='ltr'>καταθῦσαι;</span> <span class='ocrx_word' id='word_1_281' title='bbox 1691 3306 1856 3360; x_wconf 82' lang='grc' dir='ltr'>Ἀλλά</span> <span class='ocrx_word' id='word_1_282' title='bbox 1887 3307 1983 3360; x_wconf 77' lang='grc' dir='ltr'>καὶ</span> 
     </span>
    </p>
   </div>
   <div class='ocr_carea' id='block_1_36' title="bbox 394 3398 1984 3472">
    <p class='ocr_par' dir='ltr' id='par_1_36' title="bbox 394 3398 1984 3472">
     <span class='ocr_line' id='line_1_36' title="bbox 394 3398 1984 3472; baseline -0.002 -18"><span class='ocrx_word' id='word_1_283' title='bbox 394 3400 629 3455; x_wconf 80' lang='grc' dir='ltr'>ἐνταῦθα</span> <span class='ocrx_word' id='word_1_284' title='bbox 677 3401 748 3455; x_wconf 84' lang='grc' dir='ltr'>τά</span> <span class='ocrx_word' id='word_1_285' title='bbox 778 3403 1023 3472; x_wconf 79' lang='grc' dir='ltr'>πρωτεῖα</span> <span class='ocrx_word' id='word_1_286' title='bbox 1052 3400 1206 3471; x_wconf 87' lang='grc' dir='ltr'>παρά</span> <span class='ocrx_word' id='word_1_287' title='bbox 1238 3399 1316 3472; x_wconf 86' lang='grc' dir='ltr'>τῷ</span> <span class='ocrx_word' id='word_1_288' title='bbox 1344 3399 1544 3468; x_wconf 86' lang='grc' dir='ltr'>Παύλῳ</span> <span class='ocrx_word' id='word_1_289' title='bbox 1585 3399 1715 3453; x_wconf 75' lang='grc' dir='ltr'>ὄντα</span> <span class='ocrx_word' id='word_1_290' title='bbox 1756 3398 1984 3471; x_wconf 90' lang='grc' dir='ltr'>εὑρήσο-</span> 
     </span>
    </p>
   </div>
   <div class='ocr_carea' id='block_1_37' title="bbox 399 3492 1982 3567">
    <p class='ocr_par' dir='ltr' id='par_1_37' title="bbox 399 3492 1982 3567">
     <span class='ocr_line' id='line_1_37' title="bbox 399 3492 1982 3567; baseline -0.001 -19"><span class='ocrx_word' id='word_1_291' title='bbox 399 3508 528 3565; x_wconf 80' lang='grc' dir='ltr'>μεν·</span> <span class='ocrx_word' id='word_1_292' title='bbox 558 3494 619 3548; x_wconf 86' lang='grc' dir='ltr'>οὐ</span> <span class='ocrx_word' id='word_1_293' title='bbox 649 3492 761 3565; x_wconf 85' lang='grc' dir='ltr'>γὰρ</span> <span class='ocrx_word' id='word_1_294' title='bbox 789 3495 936 3557; x_wconf 84' lang='grc' dir='ltr'>υἰὸν,</span> <span class='ocrx_word' id='word_1_295' title='bbox 974 3493 1090 3547; x_wconf 85' lang='grc' dir='ltr'>ἀλλ’</span> <span class='ocrx_word' id='word_1_296' title='bbox 1133 3492 1325 3548; x_wconf 83' lang='grc' dir='ltr'>ἐαυτὸν</span> <span class='ocrx_word' id='word_1_297' title='bbox 1363 3492 1621 3567; x_wconf 83' lang='grc' dir='ltr'>μυριάκις</span> <span class='ocrx_word' id='word_1_298' title='bbox 1659 3492 1982 3559; x_wconf 81' lang='grc' dir='ltr'>κατέθυσεν,</span> 
     </span>
    </p>
   </div>
   <div class='ocr_carea' id='block_1_38' title="bbox 395 3585 1983 3661">
    <p class='ocr_par' dir='ltr' id='par_1_38' title="bbox 395 3585 1983 3661">
     <span class='ocr_line' id='line_1_38' title="bbox 395 3585 1983 3661; baseline 0.001 -19"><span class='ocrx_word' id='word_1_299' title='bbox 395 3588 534 3659; x_wconf 79' lang='grc' dir='ltr'>ὅπερ</span> <span class='ocrx_word' id='word_1_300' title='bbox 559 3585 730 3658; x_wconf 79' lang='grc' dir='ltr'>ἔφθην</span> <span class='ocrx_word' id='word_1_301' title='bbox 768 3587 958 3642; x_wconf 85' lang='grc' dir='ltr'>εἰπών.</span> <span class='ocrx_word' id='word_1_302' title='bbox 991 3587 1059 3643; x_wconf 87' lang='grc' dir='ltr'>Τί</span> <span class='ocrx_word' id='word_1_303' title='bbox 1096 3588 1164 3643; x_wconf 77' lang='grc' dir='ltr'>ἄν</span> <span class='ocrx_word' id='word_1_304' title='bbox 1192 3605 1278 3653; x_wconf 90' lang='grc' dir='ltr'>τις</span> <span class='ocrx_word' id='word_1_305' title='bbox 1311 3588 1612 3661; x_wconf 87' lang='grc' dir='ltr'>θαυμάσειε</span> <span class='ocrx_word' id='word_1_306' title='bbox 1635 3588 1731 3644; x_wconf 89' lang='grc' dir='ltr'>τοῦ</span> <span class='ocrx_word' id='word_1_307' title='bbox 1774 3591 1983 3656; x_wconf 75' lang='grc' dir='ltr'>ἰσαάκς</span> 
     </span>
    </p>
   </div>
   <div class='ocr_carea' id='block_1_39' title="bbox 396 3679 1982 3753">
    <p class='ocr_par' dir='ltr' id='par_1_39' title="bbox 396 3679 1982 3753">
     <span class='ocr_line' id='line_1_39' title="bbox 396 3679 1982 3753; baseline 0.003 -20"><span class='ocrx_word' id='word_1_308' title='bbox 396 3679 576 3733; x_wconf 82' lang='grc' dir='ltr'>Πολλά</span> <span class='ocrx_word' id='word_1_309' title='bbox 616 3679 716 3749; x_wconf 86' lang='grc' dir='ltr'>μὲν</span> <span class='ocrx_word' id='word_1_310' title='bbox 746 3679 841 3734; x_wconf 80' lang='grc' dir='ltr'>καὶ</span> <span class='ocrx_word' id='word_1_311' title='bbox 877 3680 1015 3734; x_wconf 79' lang='grc' dir='ltr'>ἄλλα</span> <span class='ocrx_word' id='word_1_312' title='bbox 1039 3721 1054 3743; x_wconf 91' lang='grc'>,</span> <span class='ocrx_word' id='word_1_313' title='bbox 1095 3680 1328 3752; x_wconf 82' lang='grc' dir='ltr'>μάλιστα</span> <span class='ocrx_word' id='word_1_314' title='bbox 1378 3680 1436 3734; x_wconf 86' lang='grc' dir='ltr'>δέ</span> <span class='ocrx_word' id='word_1_315' title='bbox 1483 3680 1583 3753; x_wconf 84' lang='grc' dir='ltr'>τὴν</span> <span class='ocrx_word' id='word_1_316' title='bbox 1609 3682 1982 3751; x_wconf 85' lang='grc' dir='ltr'>ἀνεξικακίαν,</span> 
     </span>
    </p>
   </div>
   <div class='ocr_carea' id='block_1_40' title="bbox 395 3768 1985 3844">
    <p class='ocr_par' dir='ltr' id='par_1_40' title="bbox 395 3768 1985 3844">
     <span class='ocr_line' id='line_1_40' title="bbox 395 3768 1985 3844; baseline 0.002 -22"><span class='ocrx_word' id='word_1_317' title='bbox 395 3768 482 3822; x_wconf 80' lang='grc' dir='ltr'>ὅτι</span> <span class='ocrx_word' id='word_1_318' title='bbox 519 3770 729 3842; x_wconf 83' lang='grc' dir='ltr'>φρέατα</span> <span class='ocrx_word' id='word_1_319' title='bbox 780 3770 1059 3842; x_wconf 83' lang='grc' dir='ltr'>ὀρύττων,</span> <span class='ocrx_word' id='word_1_320' title='bbox 1098 3773 1194 3827; x_wconf 75' lang='grc' dir='ltr'>καὶ</span> <span class='ocrx_word' id='word_1_321' title='bbox 1223 3771 1334 3826; x_wconf 84' lang='grc' dir='ltr'>τῶν</span> <span class='ocrx_word' id='word_1_322' title='bbox 1360 3773 1576 3827; x_wconf 87' lang='grc' dir='ltr'>οἰκείων</span> <span class='ocrx_word' id='word_1_323' title='bbox 1628 3773 1985 3844; x_wconf 84' lang='grc' dir='ltr'>ἐλαυνόμενος</span> 
     </span>
    </p>
   </div>
   <div class='ocr_carea' id='block_1_41' title="bbox 396 3863 1985 3941">
    <p class='ocr_par' dir='ltr' id='par_1_41' title="bbox 396 3863 1985 3941">
     <span class='ocr_line' id='line_1_41' title="bbox 396 3863 1985 3941; baseline 0.003 -24"><span class='ocrx_word' id='word_1_324' title='bbox 396 3864 574 3934; x_wconf 55' lang='grc' dir='ltr'>ὅρων,</span> <span class='ocrx_word' id='word_1_325' title='bbox 615 3863 715 3917; x_wconf 87' lang='grc' dir='ltr'>οὑκ</span> <span class='ocrx_word' id='word_1_326' title='bbox 747 3864 966 3937; x_wconf 77' lang='grc' dir='ltr'>ἐπεξῄει</span> <span class='ocrx_word' id='word_1_327' title='bbox 990 3904 1004 3931; x_wconf 94' lang='grc'>,</span> <span class='ocrx_word' id='word_1_328' title='bbox 1037 3865 1174 3920; x_wconf 85' lang='grc' dir='ltr'>ἀλλὰ</span> <span class='ocrx_word' id='word_1_329' title='bbox 1214 3867 1309 3921; x_wconf 76' lang='grc' dir='ltr'>καὶ</span> <span class='ocrx_word' id='word_1_330' title='bbox 1350 3867 1814 3939; x_wconf 88' lang='grc' dir='ltr'>καταχωννύμενα</span> <span class='ocrx_word' id='word_1_331' title='bbox 1841 3868 1985 3941; x_wconf 84' lang='grc' dir='ltr'>ὁρῶν</span> 
     </span>
    </p>
   </div>
   <div class='ocr_carea' id='block_1_42' title="bbox 399 3955 1989 4033">
    <p class='ocr_par' dir='ltr' id='par_1_42' title="bbox 399 3955 1989 4033">
     <span class='ocr_line' id='line_1_42' title="bbox 399 3955 1989 4033; baseline 0.004 -24"><span class='ocrx_word' id='word_1_332' title='bbox 399 3955 682 4027; x_wconf 74' lang='grc' dir='ltr'>ἠνείχετο,</span> <span class='ocrx_word' id='word_1_333' title='bbox 714 3956 812 4011; x_wconf 68' lang='grc' dir='ltr'>καὶ</span> <span class='ocrx_word' id='word_1_334' title='bbox 843 3957 982 4029; x_wconf 86' lang='grc' dir='ltr'>πρὸς</span> <span class='ocrx_word' id='word_1_335' title='bbox 1009 3958 1195 4030; x_wconf 76' lang='grc' dir='ltr'>ἕτερον</span> <span class='ocrx_word' id='word_1_336' title='bbox 1227 3959 1315 4013; x_wconf 79' lang='grc' dir='ltr'>ἀεὶ</span> <span class='ocrx_word' id='word_1_337' title='bbox 1345 3959 1636 4030; x_wconf 86' lang='grc' dir='ltr'>μεθίστατο</span> <span class='ocrx_word' id='word_1_338' title='bbox 1659 3961 1825 4015; x_wconf 88' lang='grc' dir='ltr'>τόπον</span> <span class='ocrx_word' id='word_1_339' title='bbox 1844 4002 1859 4026; x_wconf 95' lang='grc'>,</span> <span class='ocrx_word' id='word_1_340' title='bbox 1889 3961 1989 4033; x_wconf 85' lang='grc' dir='ltr'>οὐχ</span> 
     </span>
    </p>
   </div>
   <div class='ocr_carea' id='block_1_43' title="bbox 398 4047 2027 4124">
    <p class='ocr_par' dir='ltr' id='par_1_43' title="bbox 398 4047 2027 4124">
     <span class='ocr_line' id='line_1_43' title="bbox 398 4047 2027 4124; baseline 0.004 -24"><span class='ocrx_word' id='word_1_341' title='bbox 398 4047 566 4118; x_wconf 81' lang='grc' dir='ltr'>ὁμόσε</span> <span class='ocrx_word' id='word_1_342' title='bbox 586 4047 717 4121; x_wconf 80' lang='grc' dir='ltr'>[ἀεὶ]</span> <span class='ocrx_word' id='word_1_343' title='bbox 745 4051 860 4113; x_wconf 89' lang='grc' dir='ltr'>τοῖς</span> <span class='ocrx_word' id='word_1_344' title='bbox 883 4048 1114 4103; x_wconf 88' lang='grc' dir='ltr'>λυποῦσι</span> <span class='ocrx_word' id='word_1_345' title='bbox 1136 4050 1351 4123; x_wconf 84' lang='grc' dir='ltr'>χωρῶν,</span> <span class='ocrx_word' id='word_1_346' title='bbox 1376 4051 1490 4105; x_wconf 85' lang='grc' dir='ltr'>ἀλλ’</span> <span class='ocrx_word' id='word_1_347' title='bbox 1509 4051 1862 4124; x_wconf 81' lang='grc' dir='ltr'>ἐξιστάμενος</span> <span class='ocrx_word' id='word_1_348' title='bbox 1891 4054 1987 4109; x_wconf 77' lang='grc' dir='ltr'>καὶ</span> <span class='ocrx_word' id='word_1_349' title='bbox 2022 4072 2027 4076; x_wconf 60' lang='grc' dir='ltr'>ί</span> 
     </span>
    </p>
   </div>
   <div class='ocr_carea' id='block_1_44' title="bbox 401 4142 1988 4215">
    <p class='ocr_par' dir='ltr' id='par_1_44' title="bbox 401 4142 1988 4215">
     <span class='ocr_line' id='line_1_44' title="bbox 401 4142 1988 4215; baseline 0.003 -20"><span class='ocrx_word' id='word_1_350' title='bbox 401 4142 750 4214; x_wconf 84' lang='grc' dir='ltr'>παραχωρῶν</span> <span class='ocrx_word' id='word_1_351' title='bbox 802 4142 1080 4214; x_wconf 81' lang='grc' dir='ltr'>πανταχοῦ</span> <span class='ocrx_word' id='word_1_352' title='bbox 1122 4142 1231 4197; x_wconf 85' lang='grc' dir='ltr'>τῶν</span> <span class='ocrx_word' id='word_1_353' title='bbox 1280 4143 1496 4198; x_wconf 81' lang='grc' dir='ltr'>οἰκείων</span> <span class='ocrx_word' id='word_1_354' title='bbox 1530 4144 1853 4215; x_wconf 86' lang='grc' dir='ltr'>κτημάτων,</span> <span class='ocrx_word' id='word_1_355' title='bbox 1882 4145 1988 4211; x_wconf 69' lang='grc' dir='ltr'>ἕως</span> 
     </span>
    </p>
   </div>
   <div class='ocr_carea' id='block_1_45' title="bbox 401 4234 1991 4308">
    <p class='ocr_par' dir='ltr' id='par_1_45' title="bbox 401 4234 1991 4308">
     <span class='ocr_line' id='line_1_45' title="bbox 401 4234 1991 4308; baseline 0.004 -21"><span class='ocrx_word' id='word_1_356' title='bbox 401 4234 580 4287; x_wconf 86' lang='grc' dir='ltr'>αὑτῶν</span> <span class='ocrx_word' id='word_1_357' title='bbox 623 4234 722 4306; x_wconf 82' lang='grc' dir='ltr'>τὴν</span> <span class='ocrx_word' id='word_1_358' title='bbox 758 4234 942 4291; x_wconf 78' lang='grc' dir='ltr'>ἄδικον</span> <span class='ocrx_word' id='word_1_359' title='bbox 974 4236 1229 4307; x_wconf 86' lang='grc' dir='ltr'>ἐκόρεσεν</span> <span class='ocrx_word' id='word_1_360' title='bbox 1259 4236 1576 4308; x_wconf 79' lang='grc' dir='ltr'>ἐπιθυμίαν.</span> <span class='ocrx_word' id='word_1_361' title='bbox 1616 4237 1753 4290; x_wconf 78' lang='grc' dir='ltr'>Ἀλλ’</span> <span class='ocrx_word' id='word_1_362' title='bbox 1784 4239 1813 4290; x_wconf 84' lang='grc' dir='ltr'>ό</span> <span class='ocrx_word' id='word_1_363' title='bbox 1840 4238 1991 4293; x_wconf 76' lang='grc' dir='ltr'>Παῦο</span> 
     </span>
    </p>
   </div>
   <div class='ocr_carea' id='block_1_46' title="bbox 400 4326 1991 4401">
    <p class='ocr_par' dir='ltr' id='par_1_46' title="bbox 400 4326 1991 4401">
     <span class='ocr_line' id='line_1_46' title="bbox 400 4326 1991 4401; baseline 0.004 -22"><span class='ocrx_word' id='word_1_364' title='bbox 400 4326 495 4390; x_wconf 89' lang='grc' dir='ltr'>λος</span> <span class='ocrx_word' id='word_1_365' title='bbox 517 4326 579 4380; x_wconf 92' lang='grc' dir='ltr'>οὑ</span> <span class='ocrx_word' id='word_1_366' title='bbox 608 4327 819 4399; x_wconf 87' lang='grc' dir='ltr'>φρέατα</span> <span class='ocrx_word' id='word_1_367' title='bbox 843 4326 1012 4392; x_wconf 89' lang='grc' dir='ltr'>λίθοις</span> <span class='ocrx_word' id='word_1_368' title='bbox 1052 4328 1513 4401; x_wconf 84' lang='grc' dir='ltr'>καταχωννύμενα</span> <span class='ocrx_word' id='word_1_369' title='bbox 1546 4328 1689 4401; x_wconf 84' lang='grc' dir='ltr'>ὁρῶν</span> <span class='ocrx_word' id='word_1_370' title='bbox 1711 4370 1726 4393; x_wconf 86' lang='grc'>,</span> <span class='ocrx_word' id='word_1_371' title='bbox 1767 4328 1902 4384; x_wconf 86' lang='grc' dir='ltr'>ἀλλά</span> <span class='ocrx_word' id='word_1_372' title='bbox 1928 4330 1991 4384; x_wconf 86' lang='grc' dir='ltr'>τὺ</span> 
     </span>
    </p>
   </div>
   <div class='ocr_carea' id='block_1_47' title="bbox 402 4418 1994 4495">
    <p class='ocr_par' dir='ltr' id='par_1_47' title="bbox 402 4418 1994 4495">
     <span class='ocr_line' id='line_1_47' title="bbox 402 4418 1994 4495; baseline 0.004 -24"><span class='ocrx_word' id='word_1_373' title='bbox 402 4418 601 4472; x_wconf 88' lang='grc' dir='ltr'>ἐαυτοῦ</span> <span class='ocrx_word' id='word_1_374' title='bbox 630 4418 822 4491; x_wconf 85' lang='grc' dir='ltr'>σῶμα,</span> <span class='ocrx_word' id='word_1_375' title='bbox 873 4420 934 4473; x_wconf 87' lang='grc' dir='ltr'>οὑ</span> <span class='ocrx_word' id='word_1_376' title='bbox 966 4420 1317 4493; x_wconf 82' lang='grc' dir='ltr'>παρεχώρει,</span> <span class='ocrx_word' id='word_1_377' title='bbox 1351 4421 1603 4494; x_wconf 89' lang='grc' dir='ltr'>καθάπερ</span> <span class='ocrx_word' id='word_1_378' title='bbox 1626 4423 1834 4487; x_wconf 86' lang='grc' dir='ltr'>ἐκεῖνος</span> <span class='ocrx_word' id='word_1_379' title='bbox 1855 4464 1872 4489; x_wconf 95' lang='grc'>,</span> <span class='ocrx_word' id='word_1_380' title='bbox 1903 4423 1994 4495; x_wconf 86' lang='grc' dir='ltr'>μό-</span> 
     </span>
    </p>
   </div>
   <div class='ocr_carea' id='block_1_48' title="bbox 403 4512 1992 4586">
    <p class='ocr_par' dir='ltr' id='par_1_48' title="bbox 403 4512 1992 4586">
     <span class='ocr_line' id='line_1_48' title="bbox 403 4512 1992 4586; baseline 0.004 -20"><span class='ocrx_word' id='word_1_381' title='bbox 403 4528 516 4575; x_wconf 86' lang='grc' dir='ltr'>νον,</span> <span class='ocrx_word' id='word_1_382' title='bbox 548 4512 664 4566; x_wconf 83' lang='grc' dir='ltr'>ἀλλ’</span> <span class='ocrx_word' id='word_1_383' title='bbox 702 4512 887 4568; x_wconf 86' lang='grc' dir='ltr'>εἰσιὼν</span> <span class='ocrx_word' id='word_1_384' title='bbox 916 4516 1042 4579; x_wconf 84' lang='grc' dir='ltr'>τοὺς</span> <span class='ocrx_word' id='word_1_385' title='bbox 1074 4514 1242 4580; x_wconf 88' lang='grc' dir='ltr'>λίθοις</span> <span class='ocrx_word' id='word_1_386' title='bbox 1279 4514 1572 4586; x_wconf 86' lang='grc' dir='ltr'>βάλλοντας</span> <span class='ocrx_word' id='word_1_387' title='bbox 1612 4516 1774 4570; x_wconf 81' lang='grc' dir='ltr'>αὑτὸν</span> <span class='ocrx_word' id='word_1_388' title='bbox 1801 4518 1880 4581; x_wconf 88' lang='grc' dir='ltr'>εἰς</span> <span class='ocrx_word' id='word_1_389' title='bbox 1900 4518 1992 4572; x_wconf 85' lang='grc' dir='ltr'>τὸν</span> 
     </span>
    </p>
   </div>
   <div class='ocr_carea' id='block_1_49' title="bbox 401 4606 1991 4681">
    <p class='ocr_par' dir='ltr' id='par_1_49' title="bbox 401 4606 1991 4681">
     <span class='ocr_line' id='line_1_49' title="bbox 401 4606 1991 4681; baseline 0.003 -23"><span class='ocrx_word' id='word_1_390' title='bbox 401 4606 631 4678; x_wconf 80' lang='grc' dir='ltr'>οὐρανὸν</span> <span class='ocrx_word' id='word_1_391' title='bbox 659 4607 881 4676; x_wconf 85' lang='grc' dir='ltr'>ἀνάγειν</span> <span class='ocrx_word' id='word_1_392' title='bbox 896 4607 1216 4676; x_wconf 80' lang='grc' dir='ltr'>ἐφιλονείκει</span> <span class='ocrx_word' id='word_1_393' title='bbox 1246 4624 1260 4640; x_wconf 87' lang='grc'><strong>·</strong></span> <span class='ocrx_word' id='word_1_394' title='bbox 1284 4609 1395 4680; x_wconf 82' lang='grc' dir='ltr'>ὅσῳ</span> <span class='ocrx_word' id='word_1_395' title='bbox 1418 4608 1528 4681; x_wconf 88' lang='grc' dir='ltr'>γάρ</span> <span class='ocrx_word' id='word_1_396' title='bbox 1559 4608 1933 4680; x_wconf 84' lang='grc' dir='ltr'>κατεχώννυτο</span> <span class='ocrx_word' id='word_1_397' title='bbox 1957 4611 1991 4681; x_wconf 88' lang='grc' dir='ltr'>ή</span> 
     </span>
    </p>
   </div>
   <div class='ocr_carea' id='block_1_50' title="bbox 404 4696 1994 4773">
    <p class='ocr_par' dir='ltr' id='par_1_50' title="bbox 404 4696 1994 4773">
     <span class='ocr_line' id='line_1_50' title="bbox 404 4696 1994 4773; baseline 0.003 -22"><span class='ocrx_word' id='word_1_398' title='bbox 404 4696 580 4769; x_wconf 82' lang='grc' dir='ltr'>πηγὴ,</span> <span class='ocrx_word' id='word_1_399' title='bbox 607 4699 848 4771; x_wconf 84' lang='grc' dir='ltr'>τοσούτῳ</span> <span class='ocrx_word' id='word_1_400' title='bbox 882 4700 1082 4771; x_wconf 80' lang='grc' dir='ltr'>μᾶλλον</span> <span class='ocrx_word' id='word_1_401' title='bbox 1132 4700 1515 4773; x_wconf 80' lang='grc' dir='ltr'>ἐξερρήγνυτο,</span> <span class='ocrx_word' id='word_1_402' title='bbox 1544 4702 1639 4755; x_wconf 76' lang='grc' dir='ltr'>καὶ</span> <span class='ocrx_word' id='word_1_403' title='bbox 1667 4702 1884 4766; x_wconf 88' lang='grc' dir='ltr'>πλείους</span> <span class='ocrx_word' id='word_1_404' title='bbox 1908 4700 1994 4769; x_wconf 79' lang='grc' dir='ltr'>ἐξ-</span> 
     </span>
    </p>
   </div>
   <div class='ocr_carea' id='block_1_51' title="bbox 406 4791 1996 4865">
    <p class='ocr_par' dir='ltr' id='par_1_51' title="bbox 406 4791 1996 4865">
     <span class='ocr_line' id='line_1_51' title="bbox 406 4791 1996 4865; baseline 0.003 -22"><span class='ocrx_word' id='word_1_405' title='bbox 406 4791 526 4861; x_wconf 85' lang='grc' dir='ltr'>έχεε</span> <span class='ocrx_word' id='word_1_406' title='bbox 557 4792 837 4862; x_wconf 84' lang='grc' dir='ltr'>ποταμοὺς</span> <span class='ocrx_word' id='word_1_407' title='bbox 861 4794 942 4856; x_wconf 79' lang='grc' dir='ltr'>εἰς</span> <span class='ocrx_word' id='word_1_408' title='bbox 971 4793 1270 4865; x_wconf 83' lang='grc' dir='ltr'>ὑπομονήν.</span> <span class='ocrx_word' id='word_1_409' title='bbox 1289 4793 1448 4848; x_wconf 82' lang='grc' dir='ltr'>Ἀλλά</span> <span class='ocrx_word' id='word_1_410' title='bbox 1471 4794 1564 4848; x_wconf 74' lang='grc' dir='ltr'>τὸν</span> <span class='ocrx_word' id='word_1_411' title='bbox 1580 4794 1743 4848; x_wconf 87' lang='grc' dir='ltr'>παῖδα</span> <span class='ocrx_word' id='word_1_412' title='bbox 1765 4794 1854 4848; x_wconf 78' lang='grc' dir='ltr'>τὸν</span> <span class='ocrx_word' id='word_1_413' title='bbox 1873 4793 1996 4848; x_wconf 84' lang='grc' dir='ltr'>τού-</span> 
     </span>
    </p>
   </div>
   <div class='ocr_carea' id='block_1_52' title="bbox 404 4884 1992 4960">
    <p class='ocr_par' dir='ltr' id='par_1_52' title="bbox 404 4884 1992 4960">
     <span class='ocr_line' id='line_1_52' title="bbox 404 4884 1992 4960; baseline 0.002 -23"><span class='ocrx_word' id='word_1_414' title='bbox 404 4901 501 4937; x_wconf 85' lang='grc' dir='ltr'>του</span> <span class='ocrx_word' id='word_1_415' title='bbox 535 4884 806 4955; x_wconf 80' lang='grc' dir='ltr'>θαυμάζει</span> <span class='ocrx_word' id='word_1_416' title='bbox 854 4886 958 4956; x_wconf 84' lang='grc' dir='ltr'>τῆς</span> <span class='ocrx_word' id='word_1_417' title='bbox 991 4887 1287 4960; x_wconf 86' lang='grc' dir='ltr'>καρτερίας</span> <span class='ocrx_word' id='word_1_418' title='bbox 1330 4888 1365 4958; x_wconf 79' lang='grc' dir='ltr'><strong>ἡ</strong></span> <span class='ocrx_word' id='word_1_419' title='bbox 1415 4888 1646 4959; x_wconf 87' lang='grc' dir='ltr'>Γραφή;</span> <span class='ocrx_word' id='word_1_420' title='bbox 1701 4887 1814 4941; x_wconf 85' lang='lat' dir='ltr'>Kal</span> <span class='ocrx_word' id='word_1_421' title='bbox 1861 4887 1992 4941; x_wconf 89' lang='grc' dir='ltr'>ποία</span> 
     </span>
    </p>
   </div>
   <div class='ocr_carea' id='block_1_53' title="bbox 404 4976 1991 5051">
    <p class='ocr_par' dir='ltr' id='par_1_53' title="bbox 404 4976 1991 5051">
     <span class='ocr_line' id='line_1_53' title="bbox 404 4976 1991 5051; baseline 0.004 -23"><span class='ocrx_word' id='word_1_422' title='bbox 404 4976 741 5048; x_wconf 81' lang='grc' dir='ltr'>ἀδαμαντίνη</span> <span class='ocrx_word' id='word_1_423' title='bbox 766 4978 908 5051; x_wconf 75' lang='grc' dir='ltr'>ψυχή</span> <span class='ocrx_word' id='word_1_424' title='bbox 938 4979 1036 5050; x_wconf 80' lang='grc' dir='ltr'>τὴν</span> <span class='ocrx_word' id='word_1_425' title='bbox 1059 4980 1273 5033; x_wconf 86' lang='grc' dir='ltr'>Παύλου</span> <span class='ocrx_word' id='word_1_426' title='bbox 1295 4978 1499 5033; x_wconf 85' lang='grc' dir='ltr'>δύναιτ’</span> <span class='ocrx_word' id='word_1_427' title='bbox 1523 4981 1589 5035; x_wconf 82' lang='grc' dir='ltr'>ἂν</span> <span class='ocrx_word' id='word_1_428' title='bbox 1622 4979 1991 5047; x_wconf 82' lang='grc' dir='ltr'>ἐπιδείξασθαι</span> 
     </span>
    </p>
   </div>
   <div class='ocr_carea' id='block_1_54' title="bbox 407 5069 1994 5145">
    <p class='ocr_par' dir='ltr' id='par_1_54' title="bbox 407 5069 1994 5145">
     <span class='ocr_line' id='line_1_54' title="bbox 407 5069 1994 5145; baseline 0.004 -24"><span class='ocrx_word' id='word_1_429' title='bbox 407 5069 720 5142; x_wconf 85' lang='grc' dir='ltr'>ὑπομονήν;</span> <span class='ocrx_word' id='word_1_430' title='bbox 757 5072 890 5125; x_wconf 81' lang='grc' dir='ltr'>Οὐδέ</span> <span class='ocrx_word' id='word_1_431' title='bbox 919 5071 1030 5144; x_wconf 85' lang='grc' dir='ltr'>γάρ</span> <span class='ocrx_word' id='word_1_432' title='bbox 1061 5073 1141 5136; x_wconf 79' lang='grc' dir='ltr'>δὶς</span> <span class='ocrx_word' id='word_1_433' title='bbox 1174 5073 1315 5127; x_wconf 89' lang='grc' dir='ltr'>ἐπτά</span> <span class='ocrx_word' id='word_1_434' title='bbox 1353 5073 1448 5145; x_wconf 78' lang='grc' dir='ltr'>ἐτη</span> <span class='ocrx_word' id='word_1_435' title='bbox 1488 5074 1830 5140; x_wconf 83' lang='grc' dir='ltr'>ἐδούλευσεν,</span> <span class='ocrx_word' id='word_1_436' title='bbox 1858 5074 1994 5129; x_wconf 88' lang='grc' dir='ltr'>ἀλλά</span> 
     </span>
    </p>
   </div>
   <div class='ocr_carea' id='block_1_55' title="bbox 404 5161 1992 5238">
    <p class='ocr_par' dir='ltr' id='par_1_55' title="bbox 404 5161 1992 5238">
     <span class='ocr_line' id='line_1_55' title="bbox 404 5161 1992 5238; baseline 0.006 -26"><span class='ocrx_word' id='word_1_437' title='bbox 404 5161 499 5215; x_wconf 82' lang='grc' dir='ltr'>τὸν</span> <span class='ocrx_word' id='word_1_438' title='bbox 526 5162 703 5217; x_wconf 84' lang='grc' dir='ltr'>πάντα</span> <span class='ocrx_word' id='word_1_439' title='bbox 739 5162 852 5233; x_wconf 86' lang='grc' dir='ltr'>βίον</span> <span class='ocrx_word' id='word_1_440' title='bbox 886 5164 1029 5236; x_wconf 84' lang='grc' dir='ltr'>ὑπὲρ</span> <span class='ocrx_word' id='word_1_441' title='bbox 1064 5166 1163 5236; x_wconf 84' lang='grc' dir='ltr'>τῆς</span> <span class='ocrx_word' id='word_1_442' title='bbox 1198 5164 1293 5219; x_wconf 90' lang='grc' dir='ltr'>τοῦ</span> <span class='ocrx_word' id='word_1_443' title='bbox 1345 5165 1581 5238; x_wconf 83' lang='grc' dir='ltr'>Χριστοῦ</span> <span class='ocrx_word' id='word_1_444' title='bbox 1629 5165 1848 5238; x_wconf 86' lang='grc' dir='ltr'>νύμφης</span> <span class='ocrx_word' id='word_1_445' title='bbox 1871 5208 1886 5233; x_wconf 94' lang='grc'>,</span> <span class='ocrx_word' id='word_1_446' title='bbox 1932 5169 1992 5221; x_wconf 86' lang='grc' dir='ltr'>οὐ</span> 
     </span>
    </p>
   </div>
   <div class='ocr_carea' id='block_1_56' title="bbox 410 5254 1997 5334">
    <p class='ocr_par' dir='ltr' id='par_1_56' title="bbox 410 5254 1997 5334">
     <span class='ocr_line' id='line_1_56' title="bbox 410 5254 1997 5334; baseline 0.008 -29"><span class='ocrx_word' id='word_1_447' title='bbox 410 5254 806 5326; x_wconf 85' lang='grc' dir='ltr'>συγκαιόμενος</span> <span class='ocrx_word' id='word_1_448' title='bbox 842 5257 1002 5327; x_wconf 85' lang='grc' dir='ltr'>μόνον</span> <span class='ocrx_word' id='word_1_449' title='bbox 1037 5258 1117 5328; x_wconf 90' lang='grc' dir='ltr'>τῷ</span> <span class='ocrx_word' id='word_1_450' title='bbox 1150 5258 1390 5330; x_wconf 86' lang='grc' dir='ltr'>καύματι</span> <span class='ocrx_word' id='word_1_451' title='bbox 1440 5259 1542 5331; x_wconf 84' lang='grc' dir='ltr'>τῆς</span> <span class='ocrx_word' id='word_1_452' title='bbox 1598 5260 1811 5334; x_wconf 79' lang='grc' dir='ltr'>ἡμέρας</span> <span class='ocrx_word' id='word_1_453' title='bbox 1835 5303 1852 5328; x_wconf 92' lang='grc'>,</span> <span class='ocrx_word' id='word_1_454' title='bbox 1901 5263 1997 5317; x_wconf 76' lang='grc' dir='ltr'>καὶ</span> 
     </span>
    </p>
   </div>
   <div class='ocr_carea' id='block_1_57' title="bbox 409 5342 1996 5425">
    <p class='ocr_par' dir='ltr' id='par_1_57' title="bbox 409 5342 1996 5425">
     <span class='ocr_line' id='line_1_57' title="bbox 409 5342 1996 5425; baseline 0.008 -29"><span class='ocrx_word' id='word_1_455' title='bbox 409 5342 487 5414; x_wconf 84' lang='grc' dir='ltr'>τῷ</span> <span class='ocrx_word' id='word_1_456' title='bbox 514 5345 737 5417; x_wconf 84' lang='grc' dir='ltr'>παγετῷ</span> <span class='ocrx_word' id='word_1_457' title='bbox 761 5348 858 5419; x_wconf 78' lang='grc' dir='ltr'>τῆς</span> <span class='ocrx_word' id='word_1_458' title='bbox 890 5348 1113 5414; x_wconf 77' lang='grc' dir='ltr'>νυκτὸς,</span> <span class='ocrx_word' id='word_1_459' title='bbox 1144 5349 1282 5404; x_wconf 91' lang='grc' dir='ltr'>ἀλλά</span> <span class='ocrx_word' id='word_1_460' title='bbox 1314 5352 1517 5422; x_wconf 87' lang='grc' dir='ltr'>μυρίας</span> <span class='ocrx_word' id='word_1_461' title='bbox 1540 5353 1767 5422; x_wconf 85' lang='grc' dir='ltr'>νιφάδας</span> <span class='ocrx_word' id='word_1_462' title='bbox 1801 5372 1996 5425; x_wconf 87' lang='grc' dir='ltr'>πειρα-</span> 
     </span>
    </p>
   </div>
   <div class='ocr_carea' id='block_1_58' title="bbox 411 5436 1997 5517">
    <p class='ocr_par' dir='ltr' id='par_1_58' title="bbox 411 5436 1997 5517">
     <span class='ocr_line' id='line_1_58' title="bbox 411 5436 1997 5517; baseline 0.008 -29"><span class='ocrx_word' id='word_1_463' title='bbox 411 5436 567 5506; x_wconf 80' lang='grc' dir='ltr'>σμῶν</span> <span class='ocrx_word' id='word_1_464' title='bbox 611 5438 934 5509; x_wconf 79' lang='grc' dir='ltr'>ὑπομένων,</span> <span class='ocrx_word' id='word_1_465' title='bbox 982 5440 1078 5495; x_wconf 89' lang='grc' dir='ltr'>νῦν</span> <span class='ocrx_word' id='word_1_466' title='bbox 1119 5442 1218 5513; x_wconf 79' lang='grc' dir='ltr'>μὲν</span> <span class='ocrx_word' id='word_1_467' title='bbox 1255 5443 1525 5514; x_wconf 86' lang='grc' dir='ltr'>μάστιγας</span> <span class='ocrx_word' id='word_1_468' title='bbox 1555 5444 1867 5517; x_wconf 78' lang='grc' dir='ltr'>λαμϐάνων,</span> <span class='ocrx_word' id='word_1_469' title='bbox 1901 5448 1997 5501; x_wconf 89' lang='grc' dir='ltr'>νῦν</span> 
     </span>
    </p>
   </div>
   <div class='ocr_carea' id='block_1_59' title="bbox 408 5526 1998 5613">
    <p class='ocr_par' dir='ltr' id='par_1_59' title="bbox 408 5526 1998 5613">
     <span class='ocr_line' id='line_1_59' title="bbox 408 5526 1998 5613; baseline 0.009 -33"><span class='ocrx_word' id='word_1_470' title='bbox 408 5526 471 5581; x_wconf 81' lang='grc' dir='ltr'>δέ</span> <span class='ocrx_word' id='word_1_471' title='bbox 501 5528 670 5595; x_wconf 85' lang='grc' dir='ltr'>λίθοις</span> <span class='ocrx_word' id='word_1_472' title='bbox 700 5531 760 5584; x_wconf 84' lang='grc' dir='ltr'>τὸ</span> <span class='ocrx_word' id='word_1_473' title='bbox 809 5531 968 5603; x_wconf 81' lang='grc' dir='ltr'>σῶμα</span> <span class='ocrx_word' id='word_1_474' title='bbox 1001 5533 1323 5606; x_wconf 84' lang='grc' dir='ltr'>βαλλόμενος</span> <span class='ocrx_word' id='word_1_475' title='bbox 1343 5577 1359 5603; x_wconf 94' lang='grc'>,</span> <span class='ocrx_word' id='word_1_476' title='bbox 1409 5538 1504 5591; x_wconf 64' lang='grc' dir='ltr'>καὶ⁸</span> <span class='ocrx_word' id='word_1_477' title='bbox 1532 5536 1628 5592; x_wconf 90' lang='grc' dir='ltr'>νῦν</span> <span class='ocrx_word' id='word_1_478' title='bbox 1660 5538 1758 5611; x_wconf 82' lang='grc' dir='ltr'>μὲν</span> <span class='ocrx_word' id='word_1_479' title='bbox 1789 5539 1998 5613; x_wconf 75' lang='grc' dir='ltr'>θηρίοις</span> 
     </span>
    </p>
   </div>
   <div class='ocr_carea' id='block_1_60' title="bbox 415 5619 1998 5702">
    <p class='ocr_par' dir='ltr' id='par_1_60' title="bbox 415 5619 1998 5702">
     <span class='ocr_line' id='line_1_60' title="bbox 415 5619 1998 5702; baseline 0.009 -31"><span class='ocrx_word' id='word_1_480' title='bbox 415 5619 743 5692; x_wconf 88' lang='grc' dir='ltr'>μαχόμενος,</span> <span class='ocrx_word' id='word_1_481' title='bbox 758 5622 853 5678; x_wconf 87' lang='grc' dir='ltr'>νῦν</span> <span class='ocrx_word' id='word_1_482' title='bbox 877 5624 933 5677; x_wconf 81' lang='grc' dir='ltr'>δέ</span> <span class='ocrx_word' id='word_1_483' title='bbox 956 5625 1181 5695; x_wconf 86' lang='grc' dir='ltr'>πελάγει</span> <span class='ocrx_word' id='word_1_484' title='bbox 1210 5622 1515 5696; x_wconf 87' lang='grc' dir='ltr'>πυκτεύων,</span> <span class='ocrx_word' id='word_1_485' title='bbox 1533 5631 1629 5684; x_wconf 72' lang='grc' dir='ltr'>καὶ</span> <span class='ocrx_word' id='word_1_486' title='bbox 1656 5630 1799 5702; x_wconf 81' lang='grc' dir='ltr'>λιμῷ</span> <span class='ocrx_word' id='word_1_487' title='bbox 1822 5632 1998 5702; x_wconf 89' lang='grc' dir='ltr'>διηνε-</span> 
     </span>
    </p>
   </div>
   <div class='ocr_carea' id='block_1_61' title="bbox 412 5714 1996 5796">
    <p class='ocr_par' dir='ltr' id='par_1_61' title="bbox 412 5714 1996 5796">
     <span class='ocr_line' id='line_1_61' title="bbox 412 5714 1996 5796; baseline 0.008 -32"><span class='ocrx_word' id='word_1_488' title='bbox 412 5714 504 5765; x_wconf 76' lang='grc' dir='ltr'>κεῖ</span> <span class='ocrx_word' id='word_1_489' title='bbox 534 5714 748 5787; x_wconf 77' lang='grc' dir='ltr'>ἡμέρας</span> <span class='ocrx_word' id='word_1_490' title='bbox 793 5717 886 5770; x_wconf 76' lang='grc' dir='ltr'>καὶ</span> <span class='ocrx_word' id='word_1_491' title='bbox 916 5718 1108 5782; x_wconf 84' lang='grc' dir='ltr'>νυκτὸς</span> <span class='ocrx_word' id='word_1_492' title='bbox 1129 5758 1143 5782; x_wconf 91' lang='grc'>,</span> <span class='ocrx_word' id='word_1_493' title='bbox 1174 5720 1270 5774; x_wconf 76' lang='grc' dir='ltr'>καὶ</span> <span class='ocrx_word' id='word_1_494' title='bbox 1298 5720 1527 5794; x_wconf 82' lang='grc' dir='ltr'>κρυμῷ,</span> <span class='ocrx_word' id='word_1_495' title='bbox 1573 5723 1667 5776; x_wconf 75' lang='grc' dir='ltr'>καὶ</span> <span class='ocrx_word' id='word_1_496' title='bbox 1717 5721 1996 5796; x_wconf 90' lang='grc' dir='ltr'>πανταχοῦ</span> 
     </span>
    </p>
   </div>
   <div class='ocr_carea' id='block_1_62' title="bbox 411 5806 1997 5891">
    <p class='ocr_par' dir='ltr' id='par_1_62' title="bbox 411 5806 1997 5891">
     <span class='ocr_line' id='line_1_62' title="bbox 411 5806 1997 5891; baseline 0.005 -30"><span class='ocrx_word' id='word_1_497' title='bbox 411 5806 550 5877; x_wconf 81' lang='grc' dir='ltr'>ὑπὲρ</span> <span class='ocrx_word' id='word_1_498' title='bbox 600 5808 671 5863; x_wconf 80' lang='grc' dir='ltr'>τά</span> <span class='ocrx_word' id='word_1_499' title='bbox 723 5812 1024 5887; x_wconf 85' lang='grc' dir='ltr'>σκάμματα</span> <span class='ocrx_word' id='word_1_500' title='bbox 1064 5813 1282 5887; x_wconf 84' lang='grc' dir='ltr'>πηδῶν,</span> <span class='ocrx_word' id='word_1_501' title='bbox 1333 5818 1429 5872; x_wconf 74' lang='grc' dir='ltr'>καὶ</span> <span class='ocrx_word' id='word_1_502' title='bbox 1480 5817 1548 5871; x_wconf 68' lang='grc' dir='ltr'>τά</span> <span class='ocrx_word' id='word_1_503' title='bbox 1589 5816 1835 5891; x_wconf 76' lang='grc' dir='ltr'>πρόϐατα</span> <span class='ocrx_word' id='word_1_504' title='bbox 1889 5816 1997 5872; x_wconf 85' lang='grc' dir='ltr'>ἀπὸ</span> 
     </span>
    </p>
   </div>
   <div class='ocr_carea' id='block_1_63' title="bbox 2067 762 3653 837">
    <p class='ocr_par' dir='ltr' id='par_1_63' title="bbox 2067 762 3653 837">
     <span class='ocr_line' id='line_1_63' title="bbox 2067 762 3653 837; baseline -0.001 -19"><span class='ocrx_word' id='word_1_505' title='bbox 2067 766 2257 837; x_wconf 84' lang='grc' dir='ltr'>κόσμῳ</span> <span class='ocrx_word' id='word_1_506' title='bbox 2281 806 2295 830; x_wconf 91' lang='grc'>,</span> <span class='ocrx_word' id='word_1_507' title='bbox 2324 766 2420 819; x_wconf 70' lang='grc' dir='ltr'>καὶ</span> <span class='ocrx_word' id='word_1_508' title='bbox 2465 765 2527 818; x_wconf 86' lang='grc' dir='ltr'>οὐ</span> <span class='ocrx_word' id='word_1_509' title='bbox 2560 764 2630 818; x_wconf 83' lang='grc' dir='ltr'>τὰ</span> <span class='ocrx_word' id='word_1_510' title='bbox 2669 764 2899 836; x_wconf 76' lang='grc' dir='ltr'>λαμπρὰ</span> <span class='ocrx_word' id='word_1_511' title='bbox 2952 766 3009 818; x_wconf 85' lang='grc' dir='ltr'>ἐν</span> <span class='ocrx_word' id='word_1_512' title='bbox 3052 768 3163 829; x_wconf 85' lang='grc' dir='ltr'>τοῖς</span> <span class='ocrx_word' id='word_1_513' title='bbox 3217 762 3430 834; x_wconf 87' lang='grc' dir='ltr'>σώμασι</span> <span class='ocrx_word' id='word_1_514' title='bbox 3469 764 3653 834; x_wconf 89' lang='grc' dir='ltr'>μόνον,</span> 
     </span>
    </p>
   </div>
   <div class='ocr_carea' id='block_1_64' title="bbox 2069 858 3654 931">
    <p class='ocr_par' dir='ltr' id='par_1_64' title="bbox 2069 858 3654 931">
     <span class='ocr_line' id='line_1_64' title="bbox 2069 858 3654 931; baseline 0 -20"><span class='ocrx_word' id='word_1_515' title='bbox 2069 858 2206 913; x_wconf 89' lang='grc' dir='ltr'>ἀλλά</span> <span class='ocrx_word' id='word_1_516' title='bbox 2242 859 2419 912; x_wconf 86' lang='grc' dir='ltr'>πάντα</span> <span class='ocrx_word' id='word_1_517' title='bbox 2449 858 2520 912; x_wconf 87' lang='grc' dir='ltr'>τὰ</span> <span class='ocrx_word' id='word_1_518' title='bbox 2550 858 2852 931; x_wconf 87' lang='grc' dir='ltr'>πράγματα</span> <span class='ocrx_word' id='word_1_519' title='bbox 2879 858 3051 921; x_wconf 82' lang='grc' dir='ltr'>οὑτως</span> <span class='ocrx_word' id='word_1_520' title='bbox 3078 858 3246 930; x_wconf 82' lang='grc' dir='ltr'>ἐώρα.</span> <span class='ocrx_word' id='word_1_521' title='bbox 3270 858 3346 921; x_wconf 84' lang='grc' dir='ltr'>ὡς</span> <span class='ocrx_word' id='word_1_522' title='bbox 3377 860 3534 928; x_wconf 81' lang='grc' dir='ltr'>ἡμεῖς</span> <span class='ocrx_word' id='word_1_523' title='bbox 3558 858 3654 928; x_wconf 81' lang='grc' dir='ltr'>τήν</span> 
     </span>
    </p>
   </div>
   <div class='ocr_carea' id='block_1_65' title="bbox 2069 950 3655 1024">
    <p class='ocr_par' dir='ltr' id='par_1_65' title="bbox 2069 950 3655 1024">
     <span class='ocr_line' id='line_1_65' title="bbox 2069 950 3655 1024; baseline 0 -20"><span class='ocrx_word' id='word_1_524' title='bbox 2069 951 2215 1005; x_wconf 85' lang='grc' dir='ltr'>κόνιν</span> <span class='ocrx_word' id='word_1_525' title='bbox 2242 953 2335 1006; x_wconf 75' lang='grc' dir='ltr'>καὶ</span> <span class='ocrx_word' id='word_1_526' title='bbox 2361 951 2459 1022; x_wconf 87' lang='grc' dir='ltr'>τὴν</span> <span class='ocrx_word' id='word_1_527' title='bbox 2491 951 2698 1023; x_wconf 65' lang='grc' dir='ltr'>τέφραν</span> <span class='ocrx_word' id='word_1_528' title='bbox 2722 993 2737 1018; x_wconf 92' lang='grc'>,</span> <span class='ocrx_word' id='word_1_529' title='bbox 2760 950 2855 1005; x_wconf 82' lang='grc' dir='ltr'>καὶ</span> <span class='ocrx_word' id='word_1_530' title='bbox 2885 951 2961 1015; x_wconf 86' lang='grc' dir='ltr'>ὡς</span> <span class='ocrx_word' id='word_1_531' title='bbox 2985 950 3051 1005; x_wconf 85' lang='grc' dir='ltr'>ἂν</span> <span class='ocrx_word' id='word_1_532' title='bbox 3079 952 3270 1023; x_wconf 85' lang='grc' dir='ltr'>νεκρὸς</span> <span class='ocrx_word' id='word_1_533' title='bbox 3295 952 3430 1023; x_wconf 75' lang='grc' dir='ltr'>πρὸς</span> <span class='ocrx_word' id='word_1_534' title='bbox 3463 951 3655 1024; x_wconf 76' lang='grc' dir='ltr'>νεκρὸν</span> 
     </span>
    </p>
   </div>
   <div class='ocr_carea' id='block_1_66' title="bbox 2069 1026 3657 1117">
    <p class='ocr_par' dir='ltr' id='par_1_66' title="bbox 2069 1026 3657 1117">
     <span class='ocr_line' id='line_1_66' title="bbox 2069 1026 3657 1117; baseline 0.001 -21"><span class='ocrx_word' id='word_1_535' title='bbox 2069 1043 2325 1115; x_wconf 88' lang='grc' dir='ltr'>ἀκίνητος</span> <span class='ocrx_word' id='word_1_536' title='bbox 2351 1026 2582 1111; x_wconf 78' lang='grc' dir='ltr'>γένοιτο.</span> <span class='ocrx_word' id='word_1_537' title='bbox 2614 1043 2770 1097; x_wconf 86' lang='grc' dir='ltr'>Οῦτω</span> <span class='ocrx_word' id='word_1_538' title='bbox 2810 1044 2948 1115; x_wconf 84' lang='grc' dir='ltr'>μετὰ</span> <span class='ocrx_word' id='word_1_539' title='bbox 2979 1044 3265 1116; x_wconf 77' lang='grc' dir='ltr'>ἀκριϐείας</span> <span class='ocrx_word' id='word_1_540' title='bbox 3289 1046 3388 1117; x_wconf 83' lang='grc' dir='ltr'>τῆς</span> <span class='ocrx_word' id='word_1_541' title='bbox 3440 1044 3657 1113; x_wconf 78' lang='grc' dir='ltr'>φύσεως</span> 
     </span>
    </p>
   </div>
   <div class='ocr_carea' id='block_1_67' title="bbox 2070 1137 3655 1211">
    <p class='ocr_par' dir='ltr' id='par_1_67' title="bbox 2070 1137 3655 1211">
     <span class='ocr_line' id='line_1_67' title="bbox 2070 1137 3655 1211; baseline 0.001 -21"><span class='ocrx_word' id='word_1_542' title='bbox 2070 1137 2139 1191; x_wconf 87' lang='grc' dir='ltr'>τὰ</span> <span class='ocrx_word' id='word_1_543' title='bbox 2168 1137 2516 1209; x_wconf 88' lang='grc' dir='ltr'>σκιρτήματα</span> <span class='ocrx_word' id='word_1_544' title='bbox 2548 1137 2909 1201; x_wconf 76' lang='grc' dir='ltr'>κατευνάζων.</span> <span class='ocrx_word' id='word_1_545' title='bbox 2937 1138 3090 1191; x_wconf 81' lang='grc' dir='ltr'>οὐδὲν</span> <span class='ocrx_word' id='word_1_546' title='bbox 3123 1138 3378 1191; x_wconf 83' lang='grc' dir='ltr'>οὐδέποτε</span> <span class='ocrx_word' id='word_1_547' title='bbox 3406 1138 3541 1211; x_wconf 80' lang='grc' dir='ltr'>πρὸς</span> <span class='ocrx_word' id='word_1_548' title='bbox 3561 1139 3655 1191; x_wconf 77' lang='grc' dir='ltr'>οὑο</span> 
     </span>
    </p>
   </div>
   <div class='ocr_carea' id='block_1_68' title="bbox 2068 1226 2964 1297">
    <p class='ocr_par' dir='ltr' id='par_1_68' title="bbox 2068 1226 2964 1297">
     <span class='ocr_line' id='line_1_68' title="bbox 2068 1226 2964 1297; baseline -0.003 -14"><span class='ocrx_word' id='word_1_549' title='bbox 2068 1229 2160 1283; x_wconf 84' lang='grc' dir='ltr'>δέν</span> <span class='ocrx_word' id='word_1_550' title='bbox 2188 1226 2525 1297; x_wconf 85' lang='grc' dir='ltr'>ἀνθρώπινον</span> <span class='ocrx_word' id='word_1_551' title='bbox 2554 1227 2727 1292; x_wconf 86' lang='grc' dir='ltr'>πάθος</span> <span class='ocrx_word' id='word_1_552' title='bbox 2747 1228 2964 1281; x_wconf 81' lang='grc' dir='ltr'>ἔπαθεν.</span> 
     </span>
    </p>
   </div>
   <div class='ocr_carea' id='block_1_69' title="bbox 2155 1318 3657 1394">
    <p class='ocr_par' dir='ltr' id='par_1_69' title="bbox 2155 1318 3657 1394">
     <span class='ocr_line' id='line_1_69' title="bbox 2155 1318 3657 1394; baseline -0.003 -17"><span class='ocrx_word' id='word_1_553' title='bbox 2155 1321 2581 1394; x_wconf 87' lang='grc' dir='ltr'>Ἐκπλήττονται</span> <span class='ocrx_word' id='word_1_554' title='bbox 2621 1321 2712 1375; x_wconf 73' lang='grc' dir='ltr'>τὸν</span> <span class='ocrx_word' id='word_1_555' title='bbox 2756 1319 2878 1373; x_wconf 79' lang='grc' dir='ltr'>Ἰὼϐ</span> <span class='ocrx_word' id='word_1_556' title='bbox 2916 1320 3159 1384; x_wconf 73' lang='grc' dir='ltr'>ἅπαντες</span> <span class='ocrx_word' id='word_1_557' title='bbox 3193 1318 3502 1391; x_wconf 82' lang='grc' dir='ltr'>ἀνθρωποι;</span> <span class='ocrx_word' id='word_1_558' title='bbox 3549 1321 3657 1373; x_wconf 86' lang='lat' dir='ltr'>Kal</span> 
     </span>
    </p>
   </div>
   <div class='ocr_carea' id='block_1_70' title="bbox 2074 1413 3657 1487">
    <p class='ocr_par' dir='ltr' id='par_1_70' title="bbox 2074 1413 3657 1487">
     <span class='ocr_line' id='line_1_70' title="bbox 2074 1413 3657 1487; baseline -0.003 -18"><span class='ocrx_word' id='word_1_559' title='bbox 2074 1415 2221 1487; x_wconf 90' lang='grc' dir='ltr'>μάλα</span> <span class='ocrx_word' id='word_1_560' title='bbox 2244 1415 2499 1479; x_wconf 87' lang='grc' dir='ltr'>εἰκότως·</span> <span class='ocrx_word' id='word_1_561' title='bbox 2529 1414 2626 1469; x_wconf 74' lang='grc' dir='ltr'>καὶ</span> <span class='ocrx_word' id='word_1_562' title='bbox 2649 1413 2758 1485; x_wconf 77' lang='grc' dir='ltr'>γὰρ</span> <span class='ocrx_word' id='word_1_563' title='bbox 2785 1413 2956 1484; x_wconf 91' lang='grc' dir='ltr'>μέγας</span> <span class='ocrx_word' id='word_1_564' title='bbox 2983 1413 3219 1484; x_wconf 80' lang='grc' dir='ltr'>ἀθλητὴς</span> <span class='ocrx_word' id='word_1_565' title='bbox 3239 1453 3254 1478; x_wconf 93' lang='grc'>,</span> <span class='ocrx_word' id='word_1_566' title='bbox 3281 1414 3375 1467; x_wconf 72' lang='grc' dir='ltr'>καὶ</span> <span class='ocrx_word' id='word_1_567' title='bbox 3402 1413 3534 1483; x_wconf 81' lang='grc' dir='ltr'>πρὸς</span> <span class='ocrx_word' id='word_1_568' title='bbox 3560 1424 3657 1466; x_wconf 79' lang='grc' dir='ltr'>αὐ-</span> 
     </span>
    </p>
   </div>
   <div class='ocr_carea' id='block_1_71' title="bbox 2071 1505 3659 1579">
    <p class='ocr_par' dir='ltr' id='par_1_71' title="bbox 2071 1505 3659 1579">
     <span class='ocr_line' id='line_1_71' title="bbox 2071 1505 3659 1579; baseline -0.003 -16"><span class='ocrx_word' id='word_1_569' title='bbox 2071 1509 2162 1563; x_wconf 85' lang='grc' dir='ltr'>τὸν</span> <span class='ocrx_word' id='word_1_570' title='bbox 2191 1508 2281 1563; x_wconf 78' lang='grc' dir='ltr'>τὸν</span> <span class='ocrx_word' id='word_1_571' title='bbox 2305 1507 2519 1562; x_wconf 90' lang='grc' dir='ltr'>Παῦλον</span> <span class='ocrx_word' id='word_1_572' title='bbox 2548 1507 2910 1579; x_wconf 87' lang='grc' dir='ltr'>παρισοῦσθαι</span> <span class='ocrx_word' id='word_1_573' title='bbox 2944 1506 3268 1577; x_wconf 80' lang='grc' dir='ltr'>δυνάμενος,</span> <span class='ocrx_word' id='word_1_574' title='bbox 3295 1505 3385 1560; x_wconf 80' lang='grc' dir='ltr'>διὰ</span> <span class='ocrx_word' id='word_1_575' title='bbox 3410 1507 3508 1576; x_wconf 82' lang='grc' dir='ltr'>τὴν</span> <span class='ocrx_word' id='word_1_576' title='bbox 3536 1508 3659 1559; x_wconf 83' lang='grc' dir='ltr'>ὑπο-</span> 
     </span>
    </p>
   </div>
   <div class='ocr_carea' id='block_1_72' title="bbox 2075 1599 3659 1674">
    <p class='ocr_par' dir='ltr' id='par_1_72' title="bbox 2075 1599 3659 1674">
     <span class='ocr_line' id='line_1_72' title="bbox 2075 1599 3659 1674; baseline -0.002 -18"><span class='ocrx_word' id='word_1_577' title='bbox 2075 1602 2263 1674; x_wconf 81' lang='grc' dir='ltr'>μονήν,</span> <span class='ocrx_word' id='word_1_578' title='bbox 2292 1601 2380 1656; x_wconf 84' lang='grc' dir='ltr'>διὰ</span> <span class='ocrx_word' id='word_1_579' title='bbox 2403 1603 2503 1673; x_wconf 82' lang='grc' dir='ltr'>τήν</span> <span class='ocrx_word' id='word_1_580' title='bbox 2524 1602 2618 1655; x_wconf 89' lang='grc' dir='ltr'>τοῦ</span> <span class='ocrx_word' id='word_1_581' title='bbox 2643 1601 2757 1672; x_wconf 88' lang='grc' dir='ltr'>βίου</span> <span class='ocrx_word' id='word_1_582' title='bbox 2781 1600 3153 1674; x_wconf 87' lang='grc' dir='ltr'>καθαρότητα,</span> <span class='ocrx_word' id='word_1_583' title='bbox 3178 1600 3267 1654; x_wconf 84' lang='grc' dir='ltr'>διὰ</span> <span class='ocrx_word' id='word_1_584' title='bbox 3286 1599 3384 1671; x_wconf 83' lang='grc' dir='ltr'>τὴν</span> <span class='ocrx_word' id='word_1_585' title='bbox 3409 1599 3500 1654; x_wconf 90' lang='grc' dir='ltr'>τοῦ</span> <span class='ocrx_word' id='word_1_586' title='bbox 3521 1601 3659 1654; x_wconf 85' lang='grc' dir='ltr'>Θεου</span> 
     </span>
    </p>
   </div>
   <div class='ocr_carea' id='block_1_73' title="bbox 2076 1690 3660 1766">
    <p class='ocr_par' dir='ltr' id='par_1_73' title="bbox 2076 1690 3660 1766">
     <span class='ocr_line' id='line_1_73' title="bbox 2076 1690 3660 1766; baseline -0.001 -20"><span class='ocrx_word' id='word_1_587' title='bbox 2076 1694 2420 1766; x_wconf 86' lang='grc' dir='ltr'>μαρτυρίαν,</span> <span class='ocrx_word' id='word_1_588' title='bbox 2450 1692 2539 1748; x_wconf 87' lang='grc' dir='ltr'>διά</span> <span class='ocrx_word' id='word_1_589' title='bbox 2587 1693 2684 1765; x_wconf 86' lang='grc' dir='ltr'>τὴν</span> <span class='ocrx_word' id='word_1_590' title='bbox 2739 1693 3013 1766; x_wconf 85' lang='grc' dir='ltr'>καρτερὰν</span> <span class='ocrx_word' id='word_1_591' title='bbox 3064 1694 3245 1764; x_wconf 80' lang='grc' dir='ltr'>μάχην</span> <span class='ocrx_word' id='word_1_592' title='bbox 3282 1693 3494 1763; x_wconf 87' lang='grc' dir='ltr'>ἐκείνην</span> <span class='ocrx_word' id='word_1_593' title='bbox 3519 1732 3534 1754; x_wconf 87' lang='grc'>,</span> <span class='ocrx_word' id='word_1_594' title='bbox 3568 1690 3660 1745; x_wconf 75' lang='grc' dir='ltr'>διὰ</span> 
     </span>
    </p>
   </div>
   <div class='ocr_carea' id='block_1_74' title="bbox 2073 1768 3661 1859">
    <p class='ocr_par' dir='ltr' id='par_1_74' title="bbox 2073 1768 3661 1859">
     <span class='ocr_line' id='line_1_74' title="bbox 2073 1768 3661 1859; baseline -0.001 -19"><span class='ocrx_word' id='word_1_595' title='bbox 2073 1789 2174 1859; x_wconf 80' lang='grc' dir='ltr'>τὴν</span> <span class='ocrx_word' id='word_1_596' title='bbox 2211 1786 2532 1859; x_wconf 82' lang='grc' dir='ltr'>θαυμαστὴν</span> <span class='ocrx_word' id='word_1_597' title='bbox 2578 1768 2734 1857; x_wconf 81' lang='grc' dir='ltr'>νίκην</span> <span class='ocrx_word' id='word_1_598' title='bbox 2772 1786 2871 1856; x_wconf 79' lang='grc' dir='ltr'>τὴν</span> <span class='ocrx_word' id='word_1_599' title='bbox 2921 1786 3062 1857; x_wconf 85' lang='grc' dir='ltr'>μετά</span> <span class='ocrx_word' id='word_1_600' title='bbox 3107 1785 3205 1856; x_wconf 80' lang='grc' dir='ltr'>τὴν</span> <span class='ocrx_word' id='word_1_601' title='bbox 3250 1786 3448 1857; x_wconf 84' lang='grc' dir='ltr'>μάχην.</span> <span class='ocrx_word' id='word_1_602' title='bbox 3500 1785 3661 1839; x_wconf 81' lang='grc' dir='ltr'>Ἀλλά</span> 
     </span>
    </p>
   </div>
   <div class='ocr_carea' id='block_1_75' title="bbox 2074 1879 3659 1952">
    <p class='ocr_par' dir='ltr' id='par_1_75' title="bbox 2074 1879 3659 1952">
     <span class='ocr_line' id='line_1_75' title="bbox 2074 1879 3659 1952; baseline -0.003 -16"><span class='ocrx_word' id='word_1_603' title='bbox 2074 1882 2286 1947; x_wconf 90' lang='grc' dir='ltr'>Παῦλος</span> <span class='ocrx_word' id='word_1_604' title='bbox 2312 1881 2433 1952; x_wconf 77' lang='grc' dir='ltr'>οὐχὶ</span> <span class='ocrx_word' id='word_1_605' title='bbox 2464 1880 2641 1952; x_wconf 79' lang='grc' dir='ltr'>μῆνας</span> <span class='ocrx_word' id='word_1_606' title='bbox 2667 1879 2898 1944; x_wconf 77' lang='grc' dir='ltr'>πολλοὺς</span> <span class='ocrx_word' id='word_1_607' title='bbox 2948 1879 3349 1950; x_wconf 76' lang='grc' dir='ltr'>ἀγωνιζόμενος</span> <span class='ocrx_word' id='word_1_608' title='bbox 3386 1879 3530 1933; x_wconf 76' lang='grc' dir='ltr'>οὕτω</span> <span class='ocrx_word' id='word_1_609' title='bbox 3579 1880 3659 1933; x_wconf 84' lang='grc' dir='ltr'>δι-</span> 
     </span>
    </p>
   </div>
   <div class='ocr_carea' id='block_1_76' title="bbox 2075 1970 3663 2043">
    <p class='ocr_par' dir='ltr' id='par_1_76' title="bbox 2075 1970 3663 2043">
     <span class='ocr_line' id='line_1_76' title="bbox 2075 1970 3663 2043; baseline -0.001 -17"><span class='ocrx_word' id='word_1_610' title='bbox 2075 1974 2212 2043; x_wconf 81' lang='grc' dir='ltr'>ῆγεν</span> <span class='ocrx_word' id='word_1_611' title='bbox 2237 2011 2253 2033; x_wconf 82' lang='grc'>,</span> <span class='ocrx_word' id='word_1_612' title='bbox 2285 1972 2399 2026; x_wconf 87' lang='grc' dir='ltr'>ἀλλ’</span> <span class='ocrx_word' id='word_1_613' title='bbox 2438 1970 2531 2043; x_wconf 78' lang='grc' dir='ltr'>ἔτη</span> <span class='ocrx_word' id='word_1_614' title='bbox 2564 1970 2753 2037; x_wconf 85' lang='grc' dir='ltr'>πολλὰ,</span> <span class='ocrx_word' id='word_1_615' title='bbox 2774 1971 2894 2042; x_wconf 78' lang='grc' dir='ltr'>οὐχὶ</span> <span class='ocrx_word' id='word_1_616' title='bbox 2922 1971 3103 2040; x_wconf 88' lang='grc' dir='ltr'>τήκων</span> <span class='ocrx_word' id='word_1_617' title='bbox 3136 1970 3386 2040; x_wconf 85' lang='grc' dir='ltr'>βώλακας</span> <span class='ocrx_word' id='word_1_618' title='bbox 3423 1971 3529 2042; x_wconf 82' lang='grc' dir='ltr'>γῆς</span> <span class='ocrx_word' id='word_1_619' title='bbox 3553 1970 3663 2025; x_wconf 86' lang='grc' dir='ltr'>ἀπὺ</span> 
     </span>
    </p>
   </div>
   <div class='ocr_carea' id='block_1_77' title="bbox 2080 2062 3663 2136">
    <p class='ocr_par' dir='ltr' id='par_1_77' title="bbox 2080 2062 3663 2136">
     <span class='ocr_line' id='line_1_77' title="bbox 2080 2062 3663 2136; baseline -0.001 -20"><span class='ocrx_word' id='word_1_620' title='bbox 2080 2063 2276 2136; x_wconf 86' lang='grc' dir='ltr'>ἰχῶρος</span> <span class='ocrx_word' id='word_1_621' title='bbox 2312 2065 2407 2117; x_wconf 73' lang='grc' dir='ltr'>καὶ</span> <span class='ocrx_word' id='word_1_622' title='bbox 2456 2062 2549 2117; x_wconf 76' lang='grc' dir='ltr'>ἐπὶ</span> <span class='ocrx_word' id='word_1_623' title='bbox 2596 2062 2833 2134; x_wconf 88' lang='grc' dir='ltr'>κοπρίας</span> <span class='ocrx_word' id='word_1_624' title='bbox 2862 2062 3204 2134; x_wconf 85' lang='grc' dir='ltr'>καθήμενος,</span> <span class='ocrx_word' id='word_1_625' title='bbox 3236 2063 3353 2116; x_wconf 86' lang='grc' dir='ltr'>ἀλλ’</span> <span class='ocrx_word' id='word_1_626' title='bbox 3402 2064 3484 2126; x_wconf 89' lang='grc' dir='ltr'>εἰς</span> <span class='ocrx_word' id='word_1_627' title='bbox 3531 2062 3663 2117; x_wconf 79' lang='grc' dir='ltr'>αὑτδ</span> 
     </span>
    </p>
   </div>
   <div class='ocr_carea' id='block_1_78' title="bbox 2074 2151 3751 2225">
    <p class='ocr_par' dir='ltr' id='par_1_78' title="bbox 2074 2151 3751 2225">
     <span class='ocr_line' id='line_1_78' title="bbox 2074 2151 3751 2225; baseline 0 -17"><span class='ocrx_word' id='word_1_628' title='bbox 2074 2154 2170 2208; x_wconf 88' lang='grc' dir='ltr'>τοῦ</span> <span class='ocrx_word' id='word_1_629' title='bbox 2194 2156 2411 2218; x_wconf 89' lang='grc' dir='ltr'>λέοντος</span> <span class='ocrx_word' id='word_1_630' title='bbox 2439 2154 2501 2207; x_wconf 84' lang='grc' dir='ltr'>τὸ</span> <span class='ocrx_word' id='word_1_631' title='bbox 2533 2153 2724 2225; x_wconf 79' lang='grc' dir='ltr'>νοητὸν</span> <span class='ocrx_word' id='word_1_632' title='bbox 2754 2154 2927 2224; x_wconf 88' lang='grc' dir='ltr'>στόμα</span> <span class='ocrx_word' id='word_1_633' title='bbox 2954 2151 3192 2224; x_wconf 80' lang='grc' dir='ltr'>συνεχῶς</span> <span class='ocrx_word' id='word_1_634' title='bbox 3218 2153 3539 2225; x_wconf 82' lang='grc' dir='ltr'>ἐμπίπτων,</span> <span class='ocrx_word' id='word_1_635' title='bbox 3570 2158 3664 2208; x_wconf 76' lang='grc' dir='ltr'>καὶ</span> <span class='ocrx_word' id='word_1_636' title='bbox 3747 2208 3751 2215; x_wconf 76' lang='grc'>,</span> 
     </span>
    </p>
   </div>
   <div class='ocr_carea' id='block_1_79' title="bbox 2081 2242 3664 2319">
    <p class='ocr_par' dir='ltr' id='par_1_79' title="bbox 2081 2242 3664 2319">
     <span class='ocr_line' id='line_1_79' title="bbox 2081 2242 3664 2319; baseline 0.001 -20"><span class='ocrx_word' id='word_1_637' title='bbox 2081 2244 2294 2318; x_wconf 90' lang='grc' dir='ltr'>μυρίοις</span> <span class='ocrx_word' id='word_1_638' title='bbox 2349 2243 2595 2299; x_wconf 89' lang='grc' dir='ltr'>παλαίων</span> <span class='ocrx_word' id='word_1_639' title='bbox 2633 2246 2989 2316; x_wconf 81' lang='grc' dir='ltr'>πειρασμοῖς,</span> <span class='ocrx_word' id='word_1_640' title='bbox 3044 2242 3195 2317; x_wconf 76' lang='grc'>[480]</span> <span class='ocrx_word' id='word_1_641' title='bbox 3242 2247 3423 2316; x_wconf 82' lang='grc' dir='ltr'>πάσης</span> <span class='ocrx_word' id='word_1_642' title='bbox 3456 2246 3664 2319; x_wconf 86' lang='grc' dir='ltr'>πέτρας</span> 
     </span>
    </p>
   </div>
   <div class='ocr_carea' id='block_1_80' title="bbox 2079 2333 3663 2410">
    <p class='ocr_par' dir='ltr' id='par_1_80' title="bbox 2079 2333 3663 2410">
     <span class='ocr_line' id='line_1_80' title="bbox 2079 2333 3663 2410; baseline 0.001 -19"><span class='ocrx_word' id='word_1_643' title='bbox 2079 2338 2430 2410; x_wconf 77' lang='grc' dir='ltr'>στερρότερος</span> <span class='ocrx_word' id='word_1_644' title='bbox 2465 2333 2533 2408; x_wconf 80' lang='grc' dir='ltr'>ἦν</span> <span class='ocrx_word' id='word_1_645' title='bbox 2557 2353 2570 2367; x_wconf 88' lang='grc'><strong>·</strong></span> <span class='ocrx_word' id='word_1_646' title='bbox 2610 2337 2730 2408; x_wconf 75' lang='grc' dir='ltr'>οὐχὶ</span> <span class='ocrx_word' id='word_1_647' title='bbox 2781 2337 2929 2408; x_wconf 89' lang='grc' dir='ltr'>παρά</span> <span class='ocrx_word' id='word_1_648' title='bbox 2965 2336 3134 2408; x_wconf 82' lang='grc' dir='ltr'>τριῶν</span> <span class='ocrx_word' id='word_1_649' title='bbox 3174 2336 3374 2405; x_wconf 85' lang='grc' dir='ltr'>φίλων,</span> <span class='ocrx_word' id='word_1_650' title='bbox 3406 2338 3438 2409; x_wconf 82' lang='grc' dir='ltr'><strong>ἦ</strong></span> <span class='ocrx_word' id='word_1_651' title='bbox 3467 2339 3663 2394; x_wconf 80' lang='grc' dir='ltr'>τεσσά-</span> 
     </span>
    </p>
   </div>
   <div class='ocr_carea' id='block_1_81' title="bbox 2082 2412 3665 2502">
    <p class='ocr_par' dir='ltr' id='par_1_81' title="bbox 2082 2412 3665 2502">
     <span class='ocr_line' id='line_1_81' title="bbox 2082 2412 3665 2502; baseline -0.001 -18"><span class='ocrx_word' id='word_1_652' title='bbox 2082 2447 2213 2502; x_wconf 87' lang='grc' dir='ltr'>ρων,</span> <span class='ocrx_word' id='word_1_653' title='bbox 2241 2429 2376 2484; x_wconf 86' lang='grc' dir='ltr'>ἀλλά</span> <span class='ocrx_word' id='word_1_654' title='bbox 2400 2430 2551 2502; x_wconf 85' lang='grc' dir='ltr'>παρά</span> <span class='ocrx_word' id='word_1_655' title='bbox 2574 2430 2792 2484; x_wconf 90' lang='grc' dir='ltr'>πάντων</span> <span class='ocrx_word' id='word_1_656' title='bbox 2819 2412 3209 2500; x_wconf 82' lang='grc' dir='ltr'>ὀνειδιζόμενος</span> <span class='ocrx_word' id='word_1_657' title='bbox 3235 2429 3342 2483; x_wconf 85' lang='grc' dir='ltr'>τῶν</span> <span class='ocrx_word' id='word_1_658' title='bbox 3374 2430 3665 2491; x_wconf 85' lang='grc' dir='ltr'>ἀπιστούν-</span> 
     </span>
    </p>
   </div>
   <div class='ocr_carea' id='block_1_82' title="bbox 2076 2522 3662 2596">
    <p class='ocr_par' dir='ltr' id='par_1_82' title="bbox 2076 2522 3662 2596">
     <span class='ocr_line' id='line_1_82' title="bbox 2076 2522 3662 2596; baseline -0.002 -17"><span class='ocrx_word' id='word_1_659' title='bbox 2076 2542 2185 2579; x_wconf 90' lang='grc' dir='ltr'>των</span> <span class='ocrx_word' id='word_1_660' title='bbox 2210 2523 2610 2596; x_wconf 82' lang='grc' dir='ltr'>ψευδαδέλφων,</span> <span class='ocrx_word' id='word_1_661' title='bbox 2641 2523 3017 2593; x_wconf 79' lang='grc' dir='ltr'>ἐμπτυόμενος</span> <span class='ocrx_word' id='word_1_662' title='bbox 3032 2562 3047 2587; x_wconf 91' lang='grc'>,</span> <span class='ocrx_word' id='word_1_663' title='bbox 3074 2522 3502 2595; x_wconf 88' lang='grc' dir='ltr'>λοιδορούμενος.</span> <span class='ocrx_word' id='word_1_664' title='bbox 3522 2524 3662 2578; x_wconf 85' lang='grc' dir='ltr'>Ἀλλ’</span> 
     </span>
    </p>
   </div>
   <div class='ocr_carea' id='block_1_83' title="bbox 2078 2616 3666 2692">
    <p class='ocr_par' dir='ltr' id='par_1_83' title="bbox 2078 2616 3666 2692">
     <span class='ocr_line' id='line_1_83' title="bbox 2078 2616 3666 2692; baseline -0.003 -18"><span class='ocrx_word' id='word_1_665' title='bbox 2078 2621 2114 2692; x_wconf 88' lang='grc' dir='ltr'>ή</span> <span class='ocrx_word' id='word_1_666' title='bbox 2154 2618 2429 2689; x_wconf 82' lang='grc' dir='ltr'>φιλοξενία</span> <span class='ocrx_word' id='word_1_667' title='bbox 2453 2618 2550 2672; x_wconf 87' lang='grc' dir='ltr'>τοῦ</span> <span class='ocrx_word' id='word_1_668' title='bbox 2588 2618 2709 2672; x_wconf 77' lang='grc' dir='ltr'>Ἰὼϐ</span> <span class='ocrx_word' id='word_1_669' title='bbox 2761 2617 2969 2688; x_wconf 83' lang='grc' dir='ltr'>μεγάλη</span> <span class='ocrx_word' id='word_1_670' title='bbox 2987 2658 3002 2682; x_wconf 95' lang='grc'>,</span> <span class='ocrx_word' id='word_1_671' title='bbox 3035 2617 3130 2672; x_wconf 79' lang='grc' dir='ltr'>καὶ</span> <span class='ocrx_word' id='word_1_672' title='bbox 3159 2618 3192 2687; x_wconf 92' lang='grc' dir='ltr'>ή</span> <span class='ocrx_word' id='word_1_673' title='bbox 3220 2616 3355 2688; x_wconf 84' lang='grc' dir='ltr'>πρὸς</span> <span class='ocrx_word' id='word_1_674' title='bbox 3393 2618 3520 2681; x_wconf 84' lang='grc' dir='ltr'>τοὺς</span> <span class='ocrx_word' id='word_1_675' title='bbox 3550 2617 3666 2671; x_wconf 76' lang='grc' dir='ltr'>δεο-</span> 
     </span>
    </p>
   </div>
   <div class='ocr_carea' id='block_1_84' title="bbox 2081 2708 3665 2784">
    <p class='ocr_par' dir='ltr' id='par_1_84' title="bbox 2081 2708 3665 2784">
     <span class='ocr_line' id='line_1_84' title="bbox 2081 2708 3665 2784; baseline -0.003 -18"><span class='ocrx_word' id='word_1_676' title='bbox 2081 2712 2277 2784; x_wconf 89' lang='grc' dir='ltr'>μένους</span> <span class='ocrx_word' id='word_1_677' title='bbox 2297 2712 2628 2783; x_wconf 89' lang='grc' dir='ltr'>κηδεμονία;</span> <span class='ocrx_word' id='word_1_678' title='bbox 2654 2710 2789 2765; x_wconf 88' lang='grc' dir='ltr'>Οὑδέ</span> <span class='ocrx_word' id='word_1_679' title='bbox 2813 2712 2977 2781; x_wconf 90' lang='grc' dir='ltr'>ήμεῖς</span> <span class='ocrx_word' id='word_1_680' title='bbox 3001 2708 3333 2784; x_wconf 88' lang='grc' dir='ltr'>ἀντεροῦμεν</span> <span class='ocrx_word' id='word_1_681' title='bbox 3351 2726 3366 2740; x_wconf 86' lang='grc'><strong>·</strong></span> <span class='ocrx_word' id='word_1_682' title='bbox 3403 2709 3543 2763; x_wconf 87' lang='grc' dir='ltr'>ἀλλά</span> <span class='ocrx_word' id='word_1_683' title='bbox 3568 2712 3665 2779; x_wconf 84' lang='grc' dir='ltr'>τῆς</span> 
     </span>
    </p>
   </div>
   <div class='ocr_carea' id='block_1_85' title="bbox 2079 2800 3666 2871">
    <p class='ocr_par' dir='ltr' id='par_1_85' title="bbox 2079 2800 3666 2871">
     <span class='ocr_line' id='line_1_85' title="bbox 2079 2800 3666 2871; baseline -0.001 -15"><span class='ocrx_word' id='word_1_684' title='bbox 2079 2803 2294 2857; x_wconf 89' lang='grc' dir='ltr'>Παύλου</span> <span class='ocrx_word' id='word_1_685' title='bbox 2317 2801 2572 2857; x_wconf 90' lang='grc' dir='ltr'>τοσοῦτον</span> <span class='ocrx_word' id='word_1_686' title='bbox 2593 2800 3023 2871; x_wconf 85' lang='grc' dir='ltr'>καταδεεστέραν</span> <span class='ocrx_word' id='word_1_687' title='bbox 3050 2801 3358 2871; x_wconf 89' lang='grc' dir='ltr'>εὑρήσομεν</span> <span class='ocrx_word' id='word_1_688' title='bbox 3379 2842 3393 2865; x_wconf 93' lang='grc'>,</span> <span class='ocrx_word' id='word_1_689' title='bbox 3416 2801 3540 2854; x_wconf 83' lang='grc' dir='ltr'>ὅσον</span> <span class='ocrx_word' id='word_1_690' title='bbox 3563 2801 3666 2871; x_wconf 67' lang='grc' dir='ltr'>ψυο</span> 
     </span>
    </p>
   </div>
   <div class='ocr_carea' id='block_1_86' title="bbox 2080 2891 3669 2966">
    <p class='ocr_par' dir='ltr' id='par_1_86' title="bbox 2080 2891 3669 2966">
     <span class='ocr_line' id='line_1_86' title="bbox 2080 2891 3669 2966; baseline -0.001 -19"><span class='ocrx_word' id='word_1_691' title='bbox 2080 2896 2179 2966; x_wconf 77' lang='grc' dir='ltr'>χῆς</span> <span class='ocrx_word' id='word_1_692' title='bbox 2214 2893 2373 2965; x_wconf 81' lang='grc' dir='ltr'>σῶμα</span> <span class='ocrx_word' id='word_1_693' title='bbox 2399 2893 2727 2965; x_wconf 86' lang='grc' dir='ltr'>ἀφέστηκεν.</span> <span class='ocrx_word' id='word_1_694' title='bbox 2764 2893 2833 2945; x_wconf 68' lang='grc' dir='ltr'>*Α</span> <span class='ocrx_word' id='word_1_695' title='bbox 2870 2891 2981 2963; x_wconf 83' lang='grc' dir='ltr'>γὰρ</span> <span class='ocrx_word' id='word_1_696' title='bbox 3006 2893 3215 2952; x_wconf 84' lang='grc' dir='ltr'>ἐκεῖνος</span> <span class='ocrx_word' id='word_1_697' title='bbox 3247 2893 3378 2964; x_wconf 73' lang='grc' dir='ltr'>περὶ</span> <span class='ocrx_word' id='word_1_698' title='bbox 3413 2891 3541 2957; x_wconf 76' lang='grc' dir='ltr'>τοὺς</span> <span class='ocrx_word' id='word_1_699' title='bbox 3566 2894 3669 2963; x_wconf 81' lang='grc' dir='ltr'>τὴν</span> 
     </span>
    </p>
   </div>
   <div class='ocr_carea' id='block_1_87' title="bbox 2082 2978 3670 3058">
    <p class='ocr_par' dir='ltr' id='par_1_87' title="bbox 2082 2978 3670 3058">
     <span class='ocr_line' id='line_1_87' title="bbox 2082 2978 3670 3058; baseline 0 -17"><span class='ocrx_word' id='word_1_700' title='bbox 2082 2986 2264 3057; x_wconf 86' lang='grc' dir='ltr'>σάρκα</span> <span class='ocrx_word' id='word_1_701' title='bbox 2290 2984 2722 3056; x_wconf 88' lang='grc' dir='ltr'>πεπηρωμένους</span> <span class='ocrx_word' id='word_1_702' title='bbox 2749 2984 3095 3038; x_wconf 84' lang='grc' dir='ltr'>ἐπεδείκνυτο</span> <span class='ocrx_word' id='word_1_703' title='bbox 3116 3022 3130 3047; x_wconf 91' lang='grc'>,</span> <span class='ocrx_word' id='word_1_704' title='bbox 3160 2983 3331 3038; x_wconf 89' lang='grc' dir='ltr'>ταῦτα</span> <span class='ocrx_word' id='word_1_705' title='bbox 3355 2978 3509 3049; x_wconf 72' lang='grc' dir='ltr'>οὗτος</span> <span class='ocrx_word' id='word_1_706' title='bbox 3537 3003 3605 3039; x_wconf 89' lang='grc' dir='ltr'>πε</span> <span class='ocrx_word' id='word_1_707' title='bbox 3615 2988 3670 3058; x_wconf 80' lang='lat' dir='ltr'><strong><em>pl</em></strong></span> 
     </span>
    </p>
   </div>
   <div class='ocr_carea' id='block_1_88' title="bbox 2079 3073 3671 3148">
    <p class='ocr_par' dir='ltr' id='par_1_88' title="bbox 2079 3073 3671 3148">
     <span class='ocr_line' id='line_1_88' title="bbox 2079 3073 3671 3148; baseline 0.001 -18"><span class='ocrx_word' id='word_1_708' title='bbox 2079 3077 2208 3140; x_wconf 80' lang='grc' dir='ltr'>τοὺς</span> <span class='ocrx_word' id='word_1_709' title='bbox 2237 3076 2338 3148; x_wconf 85' lang='grc' dir='ltr'>τὴν</span> <span class='ocrx_word' id='word_1_710' title='bbox 2363 3074 2539 3146; x_wconf 80' lang='grc' dir='ltr'>ψυχήν</span> <span class='ocrx_word' id='word_1_711' title='bbox 2577 3073 2990 3145; x_wconf 79' lang='grc' dir='ltr'>λελωϐημένους</span> <span class='ocrx_word' id='word_1_712' title='bbox 3019 3073 3275 3145; x_wconf 73' lang='grc' dir='ltr'>ἔπραττε,</span> <span class='ocrx_word' id='word_1_713' title='bbox 3308 3075 3518 3140; x_wconf 85' lang='grc' dir='ltr'>πάντας</span> <span class='ocrx_word' id='word_1_714' title='bbox 3541 3077 3671 3142; x_wconf 77' lang='grc' dir='ltr'>τοὺς</span> 
     </span>
    </p>
   </div>
   <div class='ocr_carea' id='block_1_89' title="bbox 2081 3166 3735 3241">
    <p class='ocr_par' dir='ltr' id='par_1_89' title="bbox 2081 3166 3735 3241">
     <span class='ocr_line' id='line_1_89' title="bbox 2081 3166 3735 3241; baseline 0.004 -19"><span class='ocrx_word' id='word_1_715' title='bbox 2081 3169 2291 3241; x_wconf 76' lang='grc' dir='ltr'>χωλοὺς</span> <span class='ocrx_word' id='word_1_716' title='bbox 2323 3169 2418 3224; x_wconf 80' lang='grc' dir='ltr'>καὶ</span> <span class='ocrx_word' id='word_1_717' title='bbox 2442 3169 2763 3241; x_wconf 84' lang='grc' dir='ltr'>ἀναπήρους</span> <span class='ocrx_word' id='word_1_718' title='bbox 2812 3166 3208 3239; x_wconf 36' lang='grc' dir='ltr'>τὸνιλογισμδν</span> <span class='ocrx_word' id='word_1_719' title='bbox 3250 3167 3668 3241; x_wconf 87' lang='grc' dir='ltr'>διορθούμενος,</span> <span class='ocrx_word' id='word_1_720' title='bbox 3729 3223 3735 3229; x_wconf 89' lang='grc'>.</span> 
     </span>
    </p>
   </div>
   <div class='ocr_carea' id='block_1_90' title="bbox 2084 3256 3671 3334">
    <p class='ocr_par' dir='ltr' id='par_1_90' title="bbox 2084 3256 3671 3334">
     <span class='ocr_line' id='line_1_90' title="bbox 2084 3256 3671 3334; baseline 0 -20"><span class='ocrx_word' id='word_1_721' title='bbox 2084 3259 2178 3314; x_wconf 79' lang='grc' dir='ltr'>καὶ</span> <span class='ocrx_word' id='word_1_722' title='bbox 2210 3260 2336 3322; x_wconf 83' lang='grc' dir='ltr'>τοὺς</span> <span class='ocrx_word' id='word_1_723' title='bbox 2357 3257 2599 3330; x_wconf 81' lang='grc' dir='ltr'>γυμνοὺς</span> <span class='ocrx_word' id='word_1_724' title='bbox 2632 3259 2727 3311; x_wconf 73' lang='grc' dir='ltr'>καὶ</span> <span class='ocrx_word' id='word_1_725' title='bbox 2755 3256 3202 3329; x_wconf 87' lang='grc' dir='ltr'>ἀσχημονοῦντας</span> <span class='ocrx_word' id='word_1_726' title='bbox 3225 3258 3566 3331; x_wconf 77' lang='grc' dir='ltr'>περιϐάλλων</span> <span class='ocrx_word' id='word_1_727' title='bbox 3602 3263 3671 3334; x_wconf 71' lang='grc' dir='ltr'>τῇ</span> 
     </span>
    </p>
   </div>
   <div class='ocr_carea' id='block_1_91' title="bbox 2083 3349 3675 3423">
    <p class='ocr_par' dir='ltr' id='par_1_91' title="bbox 2083 3349 3675 3423">
     <span class='ocr_line' id='line_1_91' title="bbox 2083 3349 3675 3423; baseline 0.004 -21"><span class='ocrx_word' id='word_1_728' title='bbox 2083 3350 2182 3421; x_wconf 80' lang='grc' dir='ltr'>τῆς</span> <span class='ocrx_word' id='word_1_729' title='bbox 2202 3349 2519 3419; x_wconf 82' lang='grc' dir='ltr'>φιλοσοφίας</span> <span class='ocrx_word' id='word_1_730' title='bbox 2546 3349 2705 3421; x_wconf 81' lang='grc' dir='ltr'>στολῇ</span> <span class='ocrx_word' id='word_1_731' title='bbox 2731 3367 2747 3383; x_wconf 86' lang='grc'><strong>·</strong></span> <span class='ocrx_word' id='word_1_732' title='bbox 2787 3350 2878 3404; x_wconf 79' lang='grc' dir='ltr'>καὶ</span> <span class='ocrx_word' id='word_1_733' title='bbox 2900 3351 2959 3403; x_wconf 86' lang='grc' dir='ltr'>ἐν</span> <span class='ocrx_word' id='word_1_734' title='bbox 2997 3353 3111 3414; x_wconf 87' lang='grc' dir='ltr'>τοῖς</span> <span class='ocrx_word' id='word_1_735' title='bbox 3140 3355 3472 3423; x_wconf 88' lang='grc' dir='ltr'>σωματικοῖς</span> <span class='ocrx_word' id='word_1_736' title='bbox 3492 3354 3550 3409; x_wconf 86' lang='grc' dir='ltr'>δὲ</span> <span class='ocrx_word' id='word_1_737' title='bbox 3584 3373 3675 3409; x_wconf 86' lang='grc' dir='ltr'>το-</span> 
     </span>
    </p>
   </div>
   <div class='ocr_carea' id='block_1_92' title="bbox 2087 3440 3674 3521">
    <p class='ocr_par' dir='ltr' id='par_1_92' title="bbox 2087 3440 3674 3521">
     <span class='ocr_line' id='line_1_92' title="bbox 2087 3440 3674 3521; baseline 0.004 -26"><span class='ocrx_word' id='word_1_738' title='bbox 2087 3441 2276 3496; x_wconf 90' lang='grc' dir='ltr'>σοῦτον</span> <span class='ocrx_word' id='word_1_739' title='bbox 2313 3440 2479 3495; x_wconf 89' lang='grc' dir='ltr'>αὑτοῦ</span> <span class='ocrx_word' id='word_1_740' title='bbox 2512 3441 2737 3514; x_wconf 82' lang='grc' dir='ltr'>περιῆν,</span> <span class='ocrx_word' id='word_1_741' title='bbox 2766 3442 2877 3512; x_wconf 81' lang='grc' dir='ltr'>ὅσῳ</span> <span class='ocrx_word' id='word_1_742' title='bbox 2919 3441 3098 3513; x_wconf 89' lang='grc' dir='ltr'>πολλῷ</span> <span class='ocrx_word' id='word_1_743' title='bbox 3140 3443 3325 3513; x_wconf 77' lang='grc' dir='ltr'>μεῖζον</span> <span class='ocrx_word' id='word_1_744' title='bbox 3370 3445 3462 3498; x_wconf 84' lang='grc' dir='ltr'>τὸν</span> <span class='ocrx_word' id='word_1_745' title='bbox 3510 3448 3674 3521; x_wconf 68' lang='grc' dir='ltr'>πενία</span> 
     </span>
    </p>
   </div>
   <div class='ocr_carea' id='block_1_93' title="bbox 2088 3533 3674 3608">
    <p class='ocr_par' dir='ltr' id='par_1_93' title="bbox 2088 3533 3674 3608">
     <span class='ocr_line' id='line_1_93' title="bbox 2088 3533 3674 3608; baseline 0.004 -19"><span class='ocrx_word' id='word_1_746' title='bbox 2088 3535 2335 3600; x_wconf 78' lang='grc' dir='ltr'>συζῶντα</span> <span class='ocrx_word' id='word_1_747' title='bbox 2364 3546 2391 3576; x_wconf 71' lang='grc' dir='ltr'><strong>α</strong></span> <span class='ocrx_word' id='word_1_748' title='bbox 2436 3534 2532 3588; x_wconf 73' lang='grc' dir='ltr'>καὶ</span> <span class='ocrx_word' id='word_1_749' title='bbox 2571 3533 2716 3605; x_wconf 84' lang='grc' dir='ltr'>λιμῷ</span> <span class='ocrx_word' id='word_1_750' title='bbox 2747 3533 2961 3607; x_wconf 83' lang='grc' dir='ltr'>βοηθεῖν</span> <span class='ocrx_word' id='word_1_751' title='bbox 3006 3537 3117 3598; x_wconf 85' lang='grc' dir='ltr'>τοῖς</span> <span class='ocrx_word' id='word_1_752' title='bbox 3145 3535 3418 3608; x_wconf 86' lang='grc' dir='ltr'>δεομένοις</span> <span class='ocrx_word' id='word_1_753' title='bbox 3438 3576 3456 3607; x_wconf 92' lang='grc'>,</span> <span class='ocrx_word' id='word_1_754' title='bbox 3483 3539 3580 3594; x_wconf 90' lang='grc' dir='ltr'>τοῦ</span> <span class='ocrx_word' id='word_1_755' title='bbox 3608 3544 3674 3597; x_wconf 88' lang='grc' dir='ltr'>ἐκ</span> 
     </span>
    </p>
   </div>
   <div class='ocr_carea' id='block_1_94' title="bbox 2087 3625 3676 3700">
    <p class='ocr_par' dir='ltr' id='par_1_94' title="bbox 2087 3625 3676 3700">
     <span class='ocr_line' id='line_1_94' title="bbox 2087 3625 3676 3700; baseline 0.003 -18"><span class='ocrx_word' id='word_1_756' title='bbox 2087 3628 2407 3700; x_wconf 83' lang='grc' dir='ltr'>περιουσίας</span> <span class='ocrx_word' id='word_1_757' title='bbox 2437 3625 2598 3681; x_wconf 89' lang='grc' dir='ltr'>τοῦτο</span> <span class='ocrx_word' id='word_1_758' title='bbox 2625 3628 2799 3680; x_wconf 89' lang='grc' dir='ltr'>ποιεῖν</span> <span class='ocrx_word' id='word_1_759' title='bbox 2823 3644 2837 3657; x_wconf 80' lang='grc'><em>’</em></span> <span class='ocrx_word' id='word_1_760' title='bbox 2867 3627 2963 3681; x_wconf 77' lang='grc' dir='ltr'>καί</span> <span class='ocrx_word' id='word_1_761' title='bbox 2989 3625 3084 3681; x_wconf 91' lang='grc' dir='ltr'>τοῦ</span> <span class='ocrx_word' id='word_1_762' title='bbox 3122 3626 3221 3699; x_wconf 84' lang='grc' dir='ltr'>μὲν</span> <span class='ocrx_word' id='word_1_763' title='bbox 3267 3629 3301 3700; x_wconf 85' lang='grc' dir='ltr'>ἠ</span> <span class='ocrx_word' id='word_1_764' title='bbox 3338 3629 3485 3684; x_wconf 80' lang='grc' dir='ltr'>οἰκία</span> <span class='ocrx_word' id='word_1_765' title='bbox 3512 3634 3676 3687; x_wconf 77' lang='grc' dir='ltr'>παντὶ</span> 
     </span>
    </p>
   </div>
   <div class='ocr_carea' id='block_1_95' title="bbox 2086 3718 3675 3796">
    <p class='ocr_par' dir='ltr' id='par_1_95' title="bbox 2086 3718 3675 3796">
     <span class='ocr_line' id='line_1_95' title="bbox 2086 3718 3675 3796; baseline 0.003 -23"><span class='ocrx_word' id='word_1_766' title='bbox 2086 3720 2297 3774; x_wconf 85' lang='grc' dir='ltr'>ἐλθόντι</span> <span class='ocrx_word' id='word_1_767' title='bbox 2331 3720 2594 3793; x_wconf 86' lang='grc' dir='ltr'>ἀνέῳκτο,</span> <span class='ocrx_word' id='word_1_768' title='bbox 2628 3718 2725 3773; x_wconf 90' lang='grc' dir='ltr'>τοῦ</span> <span class='ocrx_word' id='word_1_769' title='bbox 2750 3718 2810 3773; x_wconf 80' lang='grc' dir='ltr'>δέ</span> <span class='ocrx_word' id='word_1_770' title='bbox 2842 3721 2876 3791; x_wconf 91' lang='grc' dir='ltr'>ή</span> <span class='ocrx_word' id='word_1_771' title='bbox 2897 3719 3046 3791; x_wconf 81' lang='grc' dir='ltr'>ψυχὴ</span> <span class='ocrx_word' id='word_1_772' title='bbox 3076 3719 3229 3793; x_wconf 84' lang='grc' dir='ltr'>πάσῃ</span> <span class='ocrx_word' id='word_1_773' title='bbox 3282 3724 3351 3793; x_wconf 76' lang='grc' dir='ltr'>τῇ</span> <span class='ocrx_word' id='word_1_774' title='bbox 3382 3723 3675 3796; x_wconf 77' lang='grc' dir='ltr'>οἰκουμένῃ</span> 
     </span>
    </p>
   </div>
   <div class='ocr_carea' id='block_1_96' title="bbox 2085 3810 3678 3886">
    <p class='ocr_par' dir='ltr' id='par_1_96' title="bbox 2085 3810 3678 3886">
     <span class='ocr_line' id='line_1_96' title="bbox 2085 3810 3678 3886; baseline 0.004 -21"><span class='ocrx_word' id='word_1_775' title='bbox 2085 3812 2339 3884; x_wconf 80' lang='grc' dir='ltr'>ἦπλωτο,</span> <span class='ocrx_word' id='word_1_776' title='bbox 2372 3813 2477 3866; x_wconf 77' lang='grc' dir='ltr'>καὶ</span> <span class='ocrx_word' id='word_1_777' title='bbox 2511 3810 2843 3882; x_wconf 84' lang='grc' dir='ltr'>ὁλοκλήρους</span> <span class='ocrx_word' id='word_1_778' title='bbox 2887 3810 3093 3883; x_wconf 86' lang='grc' dir='ltr'>δήμους</span> <span class='ocrx_word' id='word_1_779' title='bbox 3120 3813 3430 3886; x_wconf 85' lang='grc' dir='ltr'>ὑπεδέχετο.</span> <span class='ocrx_word' id='word_1_780' title='bbox 3465 3815 3556 3871; x_wconf 84' lang='grc' dir='ltr'>Διὸ</span> <span class='ocrx_word' id='word_1_781' title='bbox 3583 3819 3678 3872; x_wconf 73' lang='grc' dir='ltr'>καὶ</span> 
     </span>
    </p>
   </div>
   <div class='ocr_carea' id='block_1_97' title="bbox 2088 3896 3701 3979">
    <p class='ocr_par' dir='ltr' id='par_1_97' title="bbox 2088 3896 3701 3979">
     <span class='ocr_line' id='line_1_97' title="bbox 2088 3896 3701 3979; baseline 0.002 -19"><span class='ocrx_word' id='word_1_782' title='bbox 2088 3906 2274 3975; x_wconf 69' lang='grc' dir='ltr'>ἔλεγεν</span> <span class='ocrx_word' id='word_1_783' title='bbox 2291 3919 2307 3935; x_wconf 80' lang='grc'>⁸</span> <span class='ocrx_word' id='word_1_784' title='bbox 2352 3904 2436 3959; x_wconf 84' lang='grc' dir='ltr'>Οὐ</span> <span class='ocrx_word' id='word_1_785' title='bbox 2458 3903 2929 3975; x_wconf 79' lang='grc' dir='ltr'>στενοχωρεῖσθε</span> <span class='ocrx_word' id='word_1_786' title='bbox 2971 3904 3042 3959; x_wconf 73' lang='grc' dir='ltr'>ἐν</span> <span class='ocrx_word' id='word_1_787' title='bbox 3068 3904 3212 3975; x_wconf 73' lang='grc' dir='ltr'>ἡμῖν</span> <span class='ocrx_word' id='word_1_788' title='bbox 3231 3946 3247 3970; x_wconf 94' lang='grc'>,</span> <span class='ocrx_word' id='word_1_789' title='bbox 3287 3896 3701 3979; x_wconf 54' lang='grc' dir='ltr'>στενοχωρεῖί</span> 
     </span>
    </p>
   </div>
   <div class='ocr_carea' id='block_1_98' title="bbox 2089 3996 3678 4075">
    <p class='ocr_par' dir='ltr' id='par_1_98' title="bbox 2089 3996 3678 4075">
     <span class='ocr_line' id='line_1_98' title="bbox 2089 3996 3678 4075; baseline 0.002 -22"><span class='ocrx_word' id='word_1_790' title='bbox 2089 4002 2200 4053; x_wconf 85' lang='grc' dir='ltr'>σθε</span> <span class='ocrx_word' id='word_1_791' title='bbox 2218 3998 2289 4052; x_wconf 82' lang='grc' dir='ltr'>δὲ</span> <span class='ocrx_word' id='word_1_792' title='bbox 2318 3997 2390 4052; x_wconf 76' lang='grc' dir='ltr'>ἐν</span> <span class='ocrx_word' id='word_1_793' title='bbox 2415 3997 2539 4065; x_wconf 81' lang='grc' dir='ltr'>τοῖς</span> <span class='ocrx_word' id='word_1_794' title='bbox 2560 3996 2940 4066; x_wconf 73' lang='grc' dir='ltr'>σπλάγχνοις</span> <span class='ocrx_word' id='word_1_795' title='bbox 2966 3997 3152 4067; x_wconf 80' lang='grc' dir='ltr'>ὑμῶν.</span> <span class='ocrx_word' id='word_1_796' title='bbox 3187 4000 3297 4054; x_wconf 89' lang='lat' dir='ltr'>Kal</span> <span class='ocrx_word' id='word_1_797' title='bbox 3323 4002 3351 4055; x_wconf 87' lang='grc' dir='ltr'>ό</span> <span class='ocrx_word' id='word_1_798' title='bbox 3385 4002 3503 4071; x_wconf 82' lang='grc' dir='ltr'>μὲν,</span> <span class='ocrx_word' id='word_1_799' title='bbox 3540 4021 3678 4075; x_wconf 80' lang='grc' dir='ltr'>προ-</span> 
     </span>
    </p>
   </div>
   <div class='ocr_carea' id='block_1_99' title="bbox 2091 4087 3679 4166">
    <p class='ocr_par' dir='ltr' id='par_1_99' title="bbox 2091 4087 3679 4166">
     <span class='ocr_line' id='line_1_99' title="bbox 2091 4087 3679 4166; baseline 0.003 -23"><span class='ocrx_word' id='word_1_800' title='bbox 2091 4089 2270 4145; x_wconf 79' lang='grc' dir='ltr'>ϐάτων</span> <span class='ocrx_word' id='word_1_801' title='bbox 2300 4088 2449 4161; x_wconf 88' lang='grc' dir='ltr'>αὑτῷ</span> <span class='ocrx_word' id='word_1_802' title='bbox 2477 4089 2571 4142; x_wconf 74' lang='grc' dir='ltr'>καὶ</span> <span class='ocrx_word' id='word_1_803' title='bbox 2593 4087 2733 4159; x_wconf 69' lang='grc' dir='ltr'>βοιῖιν</span> <span class='ocrx_word' id='word_1_804' title='bbox 2761 4088 2930 4142; x_wconf 71' lang='grc' dir='ltr'>ὄντων</span> <span class='ocrx_word' id='word_1_805' title='bbox 2956 4089 3218 4160; x_wconf 83' lang='grc' dir='ltr'>ἀπείρων,</span> <span class='ocrx_word' id='word_1_806' title='bbox 3243 4091 3525 4164; x_wconf 87' lang='grc' dir='ltr'>φιλότιμος</span> <span class='ocrx_word' id='word_1_807' title='bbox 3548 4110 3615 4146; x_wconf 83' lang='grc' dir='ltr'>πε</span> <span class='ocrx_word' id='word_1_808' title='bbox 3626 4094 3679 4166; x_wconf 84' lang='lat' dir='ltr'><strong><em>pl</em></strong></span> 
     </span>
    </p>
   </div>
   <div class='ocr_carea' id='block_1_100' title="bbox 2090 4176 3679 4257">
    <p class='ocr_par' dir='ltr' id='par_1_100' title="bbox 2090 4176 3679 4257">
     <span class='ocr_line' id='line_1_100' title="bbox 2090 4176 3679 4257; baseline 0.002 -20"><span class='ocrx_word' id='word_1_809' title='bbox 2090 4183 2216 4248; x_wconf 71' lang='grc' dir='ltr'>τοὺς</span> <span class='ocrx_word' id='word_1_810' title='bbox 2253 4182 2539 4253; x_wconf 90' lang='grc' dir='ltr'>δεομένους</span> <span class='ocrx_word' id='word_1_811' title='bbox 2580 4177 2648 4254; x_wconf 77' lang='grc' dir='ltr'>ἦν</span> <span class='ocrx_word' id='word_1_812' title='bbox 2667 4200 2679 4214; x_wconf 86' lang='grc'><strong>·</strong></span> <span class='ocrx_word' id='word_1_813' title='bbox 2708 4176 2863 4247; x_wconf 76' lang='grc' dir='ltr'>οὗτος</span> <span class='ocrx_word' id='word_1_814' title='bbox 2902 4183 2989 4251; x_wconf 90' lang='grc' dir='ltr'>δέ,</span> <span class='ocrx_word' id='word_1_815' title='bbox 3018 4183 3170 4237; x_wconf 78' lang='grc' dir='ltr'>οὐδὲν</span> <span class='ocrx_word' id='word_1_816' title='bbox 3220 4183 3382 4241; x_wconf 86' lang='grc' dir='ltr'>πλέον</span> <span class='ocrx_word' id='word_1_817' title='bbox 3409 4186 3679 4257; x_wconf 79' lang='grc' dir='ltr'>κεκτημέο</span> 
     </span>
    </p>
   </div>
   <div class='ocr_carea' id='block_1_101' title="bbox 2091 4270 3681 4348">
    <p class='ocr_par' dir='ltr' id='par_1_101' title="bbox 2091 4270 3681 4348">
     <span class='ocr_line' id='line_1_101' title="bbox 2091 4270 3681 4348; baseline 0.001 -20"><span class='ocrx_word' id='word_1_818' title='bbox 2091 4291 2181 4338; x_wconf 89' lang='grc' dir='ltr'>νος</span> <span class='ocrx_word' id='word_1_819' title='bbox 2212 4270 2306 4328; x_wconf 92' lang='grc' dir='ltr'>τοῦ</span> <span class='ocrx_word' id='word_1_820' title='bbox 2349 4272 2637 4344; x_wconf 84' lang='grc' dir='ltr'>σώματος,</span> <span class='ocrx_word' id='word_1_821' title='bbox 2683 4274 2778 4327; x_wconf 82' lang='grc' dir='ltr'>ἀπ’</span> <span class='ocrx_word' id='word_1_822' title='bbox 2824 4272 2990 4327; x_wconf 88' lang='grc' dir='ltr'>αὑτοῦ</span> <span class='ocrx_word' id='word_1_823' title='bbox 3033 4272 3225 4327; x_wconf 84' lang='grc' dir='ltr'>τούτου</span> <span class='ocrx_word' id='word_1_824' title='bbox 3251 4277 3363 4340; x_wconf 86' lang='grc' dir='ltr'>τοῖς</span> <span class='ocrx_word' id='word_1_825' title='bbox 3405 4274 3681 4348; x_wconf 86' lang='grc' dir='ltr'>δεομένοις</span> 
     </span>
    </p>
   </div>
   <div class='ocr_carea' id='block_1_102' title="bbox 2092 4364 3681 4440">
    <p class='ocr_par' dir='ltr' id='par_1_102' title="bbox 2092 4364 3681 4440">
     <span class='ocr_line' id='line_1_102' title="bbox 2092 4364 3681 4440; baseline 0.003 -21"><span class='ocrx_word' id='word_1_826' title='bbox 2092 4368 2355 4440; x_wconf 82' lang='grc' dir='ltr'>ἐπήρκει,</span> <span class='ocrx_word' id='word_1_827' title='bbox 2386 4367 2482 4421; x_wconf 75' lang='grc' dir='ltr'>καὶ</span> <span class='ocrx_word' id='word_1_828' title='bbox 2509 4366 2607 4440; x_wconf 77' lang='grc' dir='ltr'>βοᾷ</span> <span class='ocrx_word' id='word_1_829' title='bbox 2630 4365 2836 4436; x_wconf 82' lang='grc' dir='ltr'>λέγων’</span> <span class='ocrx_word' id='word_1_830' title='bbox 2872 4364 3006 4434; x_wconf 83' lang='grc' dir='ltr'>Ταῖς</span> <span class='ocrx_word' id='word_1_831' title='bbox 3026 4367 3254 4436; x_wconf 84' lang='grc' dir='ltr'>χρείαις</span> <span class='ocrx_word' id='word_1_832' title='bbox 3275 4385 3395 4437; x_wconf 87' lang='grc' dir='ltr'>μου</span> <span class='ocrx_word' id='word_1_833' title='bbox 3422 4368 3521 4423; x_wconf 78' lang='grc' dir='ltr'>καί</span> <span class='ocrx_word' id='word_1_834' title='bbox 3555 4371 3681 4435; x_wconf 83' lang='grc' dir='ltr'>τοῖς</span> 
     </span>
    </p>
   </div>
   <div class='ocr_carea' id='block_1_103' title="bbox 2092 4456 3680 4532">
    <p class='ocr_par' dir='ltr' id='par_1_103' title="bbox 2092 4456 3680 4532">
     <span class='ocr_line' id='line_1_103' title="bbox 2092 4456 3680 4532; baseline 0 -17"><span class='ocrx_word' id='word_1_835' title='bbox 2092 4461 2232 4515; x_wconf 81' lang='grc' dir='ltr'>οὖσι</span> <span class='ocrx_word' id='word_1_836' title='bbox 2263 4460 2390 4531; x_wconf 80' lang='grc' dir='ltr'>μετ’</span> <span class='ocrx_word' id='word_1_837' title='bbox 2420 4460 2566 4531; x_wconf 82' lang='grc' dir='ltr'>ἐμοῦ</span> <span class='ocrx_word' id='word_1_838' title='bbox 2602 4458 3000 4530; x_wconf 78' lang='grc' dir='ltr'>ὑπηρέτησαν</span> <span class='ocrx_word' id='word_1_839' title='bbox 3028 4461 3087 4513; x_wconf 87' lang='grc' dir='ltr'>αἱ</span> <span class='ocrx_word' id='word_1_840' title='bbox 3114 4459 3310 4530; x_wconf 82' lang='grc' dir='ltr'>χεῖρες</span> <span class='ocrx_word' id='word_1_841' title='bbox 3337 4456 3515 4517; x_wconf 83' lang='grc' dir='ltr'>αὗται</span> <span class='ocrx_word' id='word_1_842' title='bbox 3533 4504 3548 4529; x_wconf 92' lang='grc'>,</span> <span class='ocrx_word' id='word_1_843' title='bbox 3581 4463 3680 4532; x_wconf 78' lang='grc' dir='ltr'>τὴν</span> 
     </span>
    </p>
   </div>
   <div class='ocr_carea' id='block_1_104' title="bbox 2093 4553 3682 4627">
    <p class='ocr_par' dir='ltr' id='par_1_104' title="bbox 2093 4553 3682 4627">
     <span class='ocr_line' id='line_1_104' title="bbox 2093 4553 3682 4627; baseline 0.002 -18"><span class='ocrx_word' id='word_1_844' title='bbox 2093 4555 2200 4609; x_wconf 76' lang='grc' dir='ltr'>ἀπὸ</span> <span class='ocrx_word' id='word_1_845' title='bbox 2225 4555 2321 4609; x_wconf 88' lang='grc' dir='ltr'>τοῦ</span> <span class='ocrx_word' id='word_1_846' title='bbox 2352 4553 2602 4627; x_wconf 86' lang='grc' dir='ltr'>σώματος</span> <span class='ocrx_word' id='word_1_847' title='bbox 2624 4554 2885 4627; x_wconf 80' lang='grc' dir='ltr'>ἐργασίαν</span> <span class='ocrx_word' id='word_1_848' title='bbox 2907 4554 3168 4626; x_wconf 88' lang='grc' dir='ltr'>πρόσοδον</span> <span class='ocrx_word' id='word_1_849' title='bbox 3191 4555 3304 4618; x_wconf 76' lang='grc' dir='ltr'>τοῖς</span> <span class='ocrx_word' id='word_1_850' title='bbox 3338 4555 3566 4609; x_wconf 86' lang='grc' dir='ltr'>πεινῶσι</span> <span class='ocrx_word' id='word_1_851' title='bbox 3586 4559 3682 4612; x_wconf 77' lang='grc' dir='ltr'>καὶ</span> 
     </span>
    </p>
   </div>
   <div class='ocr_carea' id='block_1_105' title="bbox 2093 4646 3680 4719">
    <p class='ocr_par' dir='ltr' id='par_1_105' title="bbox 2093 4646 3680 4719">
     <span class='ocr_line' id='line_1_105' title="bbox 2093 4646 3680 4719; baseline 0.003 -18"><span class='ocrx_word' id='word_1_852' title='bbox 2093 4646 2422 4719; x_wconf 84' lang='grc' dir='ltr'>λιμώττουσι</span> <span class='ocrx_word' id='word_1_853' title='bbox 2456 4647 2815 4718; x_wconf 84' lang='grc' dir='ltr'>κεκτημένος.</span> <span class='ocrx_word' id='word_1_854' title='bbox 2872 4647 3033 4700; x_wconf 84' lang='grc' dir='ltr'>Ἀλλά</span> <span class='ocrx_word' id='word_1_855' title='bbox 3080 4648 3130 4700; x_wconf 77' lang='grc' dir='ltr'>οἱ</span> <span class='ocrx_word' id='word_1_856' title='bbox 3172 4646 3452 4718; x_wconf 82' lang='grc' dir='ltr'>σκώληκες</span> <span class='ocrx_word' id='word_1_857' title='bbox 3484 4649 3580 4704; x_wconf 81' lang='grc' dir='ltr'>καὶ</span> <span class='ocrx_word' id='word_1_858' title='bbox 3610 4652 3680 4705; x_wconf 81' lang='grc' dir='ltr'>τὰ</span> 
     </span>
    </p>
   </div>
   <div class='ocr_carea' id='block_1_106' title="bbox 2094 4738 3682 4814">
    <p class='ocr_par' dir='ltr' id='par_1_106' title="bbox 2094 4738 3682 4814">
     <span class='ocr_line' id='line_1_106' title="bbox 2094 4738 3682 4814; baseline 0.003 -21"><span class='ocrx_word' id='word_1_859' title='bbox 2094 4740 2384 4811; x_wconf 86' lang='grc' dir='ltr'>τραύματα</span> <span class='ocrx_word' id='word_1_860' title='bbox 2413 4738 2655 4809; x_wconf 86' lang='grc' dir='ltr'>χαλεπὰς</span> <span class='ocrx_word' id='word_1_861' title='bbox 2708 4739 2803 4792; x_wconf 77' lang='grc' dir='ltr'>καὶ</span> <span class='ocrx_word' id='word_1_862' title='bbox 2844 4738 3254 4810; x_wconf 82' lang='grc' dir='ltr'>ἀκαρτερήτους</span> <span class='ocrx_word' id='word_1_863' title='bbox 3304 4743 3566 4813; x_wconf 83' lang='grc' dir='ltr'>παρεῖχον</span> <span class='ocrx_word' id='word_1_864' title='bbox 3601 4743 3682 4814; x_wconf 84' lang='grc' dir='ltr'>τῷ</span> 
     </span>
    </p>
   </div>
   <div class='ocr_carea' id='block_1_107' title="bbox 2108 4829 3682 4901">
    <p class='ocr_par' dir='ltr' id='par_1_107' title="bbox 2108 4829 3682 4901">
     <span class='ocr_line' id='line_1_107' title="bbox 2108 4829 3682 4901; baseline 0.004 -15"><span class='ocrx_word' id='word_1_865' title='bbox 2108 4832 2229 4886; x_wconf 79' lang='grc' dir='ltr'>Ἰὼϐ</span> <span class='ocrx_word' id='word_1_866' title='bbox 2253 4831 2351 4896; x_wconf 87' lang='grc' dir='ltr'>τὰς</span> <span class='ocrx_word' id='word_1_867' title='bbox 2390 4831 2619 4896; x_wconf 83' lang='grc' dir='ltr'>ὀδύνας;</span> <span class='ocrx_word' id='word_1_868' title='bbox 2655 4829 2935 4901; x_wconf 85' lang='grc' dir='ltr'>Ὀμολογῶ</span> <span class='ocrx_word' id='word_1_869' title='bbox 2981 4832 3138 4900; x_wconf 88' lang='grc' dir='ltr'>κάγώ</span> <span class='ocrx_word' id='word_1_870' title='bbox 3162 4848 3176 4863; x_wconf 89' lang='grc'><strong>·</strong></span> <span class='ocrx_word' id='word_1_871' title='bbox 3216 4831 3330 4887; x_wconf 89' lang='grc' dir='ltr'>ἀλλ’</span> <span class='ocrx_word' id='word_1_872' title='bbox 3369 4833 3465 4888; x_wconf 84' lang='grc' dir='ltr'>ἐὰν</span> <span class='ocrx_word' id='word_1_873' title='bbox 3498 4837 3599 4899; x_wconf 83' lang='grc' dir='ltr'>τὰς</span> <span class='ocrx_word' id='word_1_874' title='bbox 3623 4838 3682 4892; x_wconf 85' lang='grc' dir='ltr'>ἐν</span> 
     </span>
    </p>
   </div>
   <div class='ocr_carea' id='block_1_108' title="bbox 2094 4922 3682 5000">
    <p class='ocr_par' dir='ltr' id='par_1_108' title="bbox 2094 4922 3682 5000">
     <span class='ocr_line' id='line_1_108' title="bbox 2094 4922 3682 5000; baseline -0.001 -20"><span class='ocrx_word' id='word_1_875' title='bbox 2094 4924 2371 4989; x_wconf 85' lang='grc' dir='ltr'>τοσούτοις</span> <span class='ocrx_word' id='word_1_876' title='bbox 2394 4924 2537 4978; x_wconf 79' lang='grc' dir='ltr'>ἔτεσι</span> <span class='ocrx_word' id='word_1_877' title='bbox 2557 4923 2653 4977; x_wconf 88' lang='grc' dir='ltr'>τοῦ</span> <span class='ocrx_word' id='word_1_878' title='bbox 2683 4922 2897 4978; x_wconf 89' lang='grc' dir='ltr'>Παύλου</span> <span class='ocrx_word' id='word_1_879' title='bbox 2930 4924 3231 4995; x_wconf 85' lang='grc' dir='ltr'>μάστιγας,</span> <span class='ocrx_word' id='word_1_880' title='bbox 3265 4926 3358 4981; x_wconf 77' lang='grc' dir='ltr'>καὶ</span> <span class='ocrx_word' id='word_1_881' title='bbox 3396 4928 3487 4980; x_wconf 78' lang='grc' dir='ltr'>τὸν</span> <span class='ocrx_word' id='word_1_882' title='bbox 3522 4928 3682 5000; x_wconf 62' lang='lat' dir='ltr'>hpr</span> 
     </span>
    </p>
   </div>
   <div class='ocr_carea' id='block_1_109' title="bbox 2094 5014 3679 5091">
    <p class='ocr_par' dir='ltr' id='par_1_109' title="bbox 2094 5014 3679 5091">
     <span class='ocr_line' id='line_1_109' title="bbox 2094 5014 3679 5091; baseline 0.001 -21"><span class='ocrx_word' id='word_1_883' title='bbox 2094 5016 2186 5071; x_wconf 80' lang='grc' dir='ltr'>τὸν</span> <span class='ocrx_word' id='word_1_884' title='bbox 2213 5015 2436 5087; x_wconf 89' lang='grc' dir='ltr'>διηνεκῆ</span> <span class='ocrx_word' id='word_1_885' title='bbox 2459 5056 2474 5080; x_wconf 93' lang='grc'>,</span> <span class='ocrx_word' id='word_1_886' title='bbox 2506 5015 2602 5069; x_wconf 77' lang='grc' dir='ltr'>καὶ</span> <span class='ocrx_word' id='word_1_887' title='bbox 2639 5014 2738 5086; x_wconf 81' lang='grc' dir='ltr'>τὴν</span> <span class='ocrx_word' id='word_1_888' title='bbox 2782 5015 3127 5091; x_wconf 84' lang='grc' dir='ltr'>γυμνότητα,</span> <span class='ocrx_word' id='word_1_889' title='bbox 3172 5016 3270 5070; x_wconf 76' lang='grc' dir='ltr'>καὶ</span> <span class='ocrx_word' id='word_1_890' title='bbox 3300 5017 3400 5080; x_wconf 81' lang='grc' dir='ltr'>τὰς</span> <span class='ocrx_word' id='word_1_891' title='bbox 3438 5017 3679 5085; x_wconf 69' lang='grc' dir='ltr'>ἁλύσεις,</span> 
     </span>
    </p>
   </div>
   <div class='ocr_carea' id='block_1_110' title="bbox 2096 5105 3682 5177">
    <p class='ocr_par' dir='ltr' id='par_1_110' title="bbox 2096 5105 3682 5177">
     <span class='ocr_line' id='line_1_110' title="bbox 2096 5105 3682 5177; baseline 0.002 -16"><span class='ocrx_word' id='word_1_892' title='bbox 2096 5109 2191 5161; x_wconf 81' lang='grc' dir='ltr'>καὶ</span> <span class='ocrx_word' id='word_1_893' title='bbox 2235 5107 2298 5159; x_wconf 80' lang='grc' dir='ltr'>τὸ</span> <span class='ocrx_word' id='word_1_894' title='bbox 2331 5106 2736 5177; x_wconf 84' lang='grc' dir='ltr'>δεσμωτήριον,</span> <span class='ocrx_word' id='word_1_895' title='bbox 2770 5105 2865 5159; x_wconf 77' lang='grc' dir='ltr'>καὶ</span> <span class='ocrx_word' id='word_1_896' title='bbox 2914 5107 3042 5170; x_wconf 76' lang='grc' dir='ltr'>τοὺς</span> <span class='ocrx_word' id='word_1_897' title='bbox 3087 5106 3370 5173; x_wconf 90' lang='grc' dir='ltr'>κινδύνους</span> <span class='ocrx_word' id='word_1_898' title='bbox 3393 5147 3409 5173; x_wconf 94' lang='grc'>,</span> <span class='ocrx_word' id='word_1_899' title='bbox 3454 5110 3545 5163; x_wconf 68' lang='grc' dir='ltr'>καί⁵</span> <span class='ocrx_word' id='word_1_900' title='bbox 3583 5111 3682 5176; x_wconf 75' lang='grc' dir='ltr'>τὰς</span> 
     </span>
    </p>
   </div>
   <div class='ocr_carea' id='block_1_111' title="bbox 2096 5198 3681 5273">
    <p class='ocr_par' dir='ltr' id='par_1_111' title="bbox 2096 5198 3681 5273">
     <span class='ocr_line' id='line_1_111' title="bbox 2096 5198 3681 5273; baseline 0.001 -19"><span class='ocrx_word' id='word_1_901' title='bbox 2096 5198 2425 5264; x_wconf 80' lang='grc' dir='ltr'>ἐπιϐουλάς,</span> <span class='ocrx_word' id='word_1_902' title='bbox 2476 5198 2577 5264; x_wconf 84' lang='grc' dir='ltr'>τὰς</span> <span class='ocrx_word' id='word_1_903' title='bbox 2626 5199 2772 5272; x_wconf 82' lang='grc' dir='ltr'>παρὰ</span> <span class='ocrx_word' id='word_1_904' title='bbox 2804 5199 2914 5255; x_wconf 86' lang='grc' dir='ltr'>τῶν</span> <span class='ocrx_word' id='word_1_905' title='bbox 2964 5199 3213 5265; x_wconf 87' lang='grc' dir='ltr'>οἰκείων,</span> <span class='ocrx_word' id='word_1_906' title='bbox 3245 5201 3345 5265; x_wconf 75' lang='grc' dir='ltr'>τὰς</span> <span class='ocrx_word' id='word_1_907' title='bbox 3374 5201 3527 5273; x_wconf 89' lang='grc' dir='ltr'>παρά</span> <span class='ocrx_word' id='word_1_908' title='bbox 3576 5202 3681 5257; x_wconf 82' lang='grc' dir='ltr'>τῶν</span> 
     </span>
    </p>
   </div>
   <div class='ocr_carea' id='block_1_112' title="bbox 2095 5291 3682 5366">
    <p class='ocr_par' dir='ltr' id='par_1_112' title="bbox 2095 5291 3682 5366">
     <span class='ocr_line' id='line_1_112' title="bbox 2095 5291 3682 5366; baseline 0.002 -19"><span class='ocrx_word' id='word_1_909' title='bbox 2095 5292 2414 5365; x_wconf 90' lang='grc' dir='ltr'>ἀλλοτρίων,</span> <span class='ocrx_word' id='word_1_910' title='bbox 2441 5291 2539 5355; x_wconf 82' lang='grc' dir='ltr'>τὰς</span> <span class='ocrx_word' id='word_1_911' title='bbox 2567 5292 2718 5364; x_wconf 86' lang='grc' dir='ltr'>παρά</span> <span class='ocrx_word' id='word_1_912' title='bbox 2752 5292 2860 5346; x_wconf 86' lang='grc' dir='ltr'>τῶν</span> <span class='ocrx_word' id='word_1_913' title='bbox 2892 5294 3174 5364; x_wconf 81' lang='grc' dir='ltr'>τυράννων</span> <span class='ocrx_word' id='word_1_914' title='bbox 3198 5333 3213 5355; x_wconf 83' lang='grc'>,</span> <span class='ocrx_word' id='word_1_915' title='bbox 3264 5293 3364 5357; x_wconf 83' lang='grc' dir='ltr'>τὰς</span> <span class='ocrx_word' id='word_1_916' title='bbox 3402 5293 3554 5365; x_wconf 75' lang='grc' dir='ltr'>παρὰ</span> <span class='ocrx_word' id='word_1_917' title='bbox 3582 5296 3682 5366; x_wconf 79' lang='grc' dir='ltr'>τῆς</span> 
     </span>
    </p>
   </div>
   <div class='ocr_carea' id='block_1_113' title="bbox 2040 5383 3683 5456">
    <p class='ocr_par' dir='ltr' id='par_1_113' title="bbox 2040 5383 3683 5456">
     <span class='ocr_line' id='line_1_113' title="bbox 2040 5383 3683 5456; baseline 0.005 -23"><span class='ocrx_word' id='word_1_918' title='bbox 2040 5405 2063 5433; x_wconf 72' lang='grc' dir='ltr'>κ</span> <span class='ocrx_word' id='word_1_919' title='bbox 2096 5383 2422 5456; x_wconf 88' lang='grc' dir='ltr'>οἰκουμένης</span> <span class='ocrx_word' id='word_1_920' title='bbox 2468 5384 2690 5455; x_wconf 86' lang='grc' dir='ltr'>ἀπάσης</span> <span class='ocrx_word' id='word_1_921' title='bbox 2738 5384 3000 5456; x_wconf 84' lang='grc' dir='ltr'>ἀντιθῇς,</span> <span class='ocrx_word' id='word_1_922' title='bbox 3037 5387 3132 5439; x_wconf 78' lang='grc' dir='ltr'>καὶ</span> <span class='ocrx_word' id='word_1_923' title='bbox 3189 5384 3327 5454; x_wconf 89' lang='grc' dir='ltr'>μετά</span> <span class='ocrx_word' id='word_1_924' title='bbox 3379 5384 3583 5440; x_wconf 86' lang='grc' dir='ltr'>τούτων</span> <span class='ocrx_word' id='word_1_925' title='bbox 3613 5388 3683 5441; x_wconf 80' lang='grc' dir='ltr'>τὰ</span> 
     </span>
    </p>
   </div>
   <div class='ocr_carea' id='block_1_114' title="bbox 2094 5472 3684 5546">
    <p class='ocr_par' dir='ltr' id='par_1_114' title="bbox 2094 5472 3684 5546">
     <span class='ocr_line' id='line_1_114' title="bbox 2094 5472 3684 5546; baseline 0.001 -18"><span class='ocrx_word' id='word_1_926' title='bbox 2094 5473 2301 5528; x_wconf 85' lang='grc' dir='ltr'>τούτων</span> <span class='ocrx_word' id='word_1_927' title='bbox 2327 5472 2649 5544; x_wconf 86' lang='grc' dir='ltr'>πικρότερα,</span> <span class='ocrx_word' id='word_1_928' title='bbox 2679 5472 2823 5543; x_wconf 86' lang='grc' dir='ltr'>λέγω</span> <span class='ocrx_word' id='word_1_929' title='bbox 2854 5474 2917 5546; x_wconf 82' lang='grc' dir='ltr'>δὴ</span> <span class='ocrx_word' id='word_1_930' title='bbox 2949 5476 3048 5537; x_wconf 81' lang='grc' dir='ltr'>τὰς</span> <span class='ocrx_word' id='word_1_931' title='bbox 3070 5473 3210 5544; x_wconf 78' lang='grc' dir='ltr'>ὑπὲρ</span> <span class='ocrx_word' id='word_1_932' title='bbox 3232 5473 3341 5528; x_wconf 88' lang='grc' dir='ltr'>τῶν</span> <span class='ocrx_word' id='word_1_933' title='bbox 3374 5475 3684 5532; x_wconf 83' lang='grc' dir='ltr'>πιπτόντων</span> 
     </span>
    </p>
   </div>
   <div class='ocr_carea' id='block_1_115' title="bbox 2096 5563 3685 5638">
    <p class='ocr_par' dir='ltr' id='par_1_115' title="bbox 2096 5563 3685 5638">
     <span class='ocr_line' id='line_1_115' title="bbox 2096 5563 3685 5638; baseline 0.001 -17"><span class='ocrx_word' id='word_1_934' title='bbox 2096 5566 2287 5630; x_wconf 89' lang='grc' dir='ltr'>ὀδύνας</span> <span class='ocrx_word' id='word_1_935' title='bbox 2307 5608 2322 5633; x_wconf 94' lang='grc'>,</span> <span class='ocrx_word' id='word_1_936' title='bbox 2351 5565 2449 5636; x_wconf 86' lang='grc' dir='ltr'>τὴν</span> <span class='ocrx_word' id='word_1_937' title='bbox 2496 5563 2755 5637; x_wconf 86' lang='grc' dir='ltr'>φροντίδα</span> <span class='ocrx_word' id='word_1_938' title='bbox 2784 5565 2894 5618; x_wconf 84' lang='grc' dir='ltr'>τῶν</span> <span class='ocrx_word' id='word_1_939' title='bbox 2953 5564 3288 5635; x_wconf 84' lang='grc' dir='ltr'>Ἑκκλησιῶν</span> <span class='ocrx_word' id='word_1_940' title='bbox 3333 5567 3550 5632; x_wconf 79' lang='grc' dir='ltr'>πασῶν,</span> <span class='ocrx_word' id='word_1_941' title='bbox 3582 5568 3685 5638; x_wconf 84' lang='grc' dir='ltr'>τὴν</span> 
     </span>
    </p>
   </div>
   <div class='ocr_carea' id='block_1_116' title="bbox 2099 5656 3682 5731">
    <p class='ocr_par' dir='ltr' id='par_1_116' title="bbox 2099 5656 3682 5731">
     <span class='ocr_line' id='line_1_116' title="bbox 2099 5656 3682 5731; baseline 0.003 -18"><span class='ocrx_word' id='word_1_942' title='bbox 2099 5656 2383 5730; x_wconf 88' lang='grc' dir='ltr'>πύρωσιν,</span> <span class='ocrx_word' id='word_1_943' title='bbox 2416 5657 2483 5729; x_wconf 77' lang='grc' dir='ltr'>ἢν</span> <span class='ocrx_word' id='word_1_944' title='bbox 2531 5657 2671 5728; x_wconf 82' lang='grc' dir='ltr'>ὑπὲρ</span> <span class='ocrx_word' id='word_1_945' title='bbox 2726 5657 2955 5710; x_wconf 71' lang='grc' dir='ltr'>ἑκάστου</span> <span class='ocrx_word' id='word_1_946' title='bbox 3012 5656 3119 5712; x_wconf 84' lang='grc' dir='ltr'>τῶν</span> <span class='ocrx_word' id='word_1_947' title='bbox 3181 5658 3682 5731; x_wconf 79' lang='grc' dir='ltr'>σκανδαλιξομένων</span> 
     </span>
    </p>
   </div>
   <div class='ocr_carea' id='block_1_117' title="bbox 2161 5822 2809 5891">
    <p class='ocr_par' dir='ltr' id='par_1_117' title="bbox 2161 5822 2809 5891">
     <span class='ocr_line' id='line_1_117' title="bbox 2161 5822 2809 5891; baseline -0.015 -12"><span class='ocrx_word' id='word_1_948' title='bbox 2161 5825 2178 5849; x_wconf 84' lang='grc'><strong><em>⁸</em></strong></span> <span class='ocrx_word' id='word_1_949' title='bbox 2206 5826 2328 5890; x_wconf 74' lang='lat' dir='ltr'>Reg.</span> <span class='ocrx_word' id='word_1_950' title='bbox 2353 5825 2422 5891; x_wconf 82' lang='grc' dir='ltr'>τῷ</span> <span class='ocrx_word' id='word_1_951' title='bbox 2443 5822 2576 5873; x_wconf 78' lang='grc' dir='ltr'>πενία</span> <span class='ocrx_word' id='word_1_952' title='bbox 2594 5823 2809 5879; x_wconf 75' lang='grc' dir='ltr'>συζῶντι.</span> 
     </span>
    </p>
   </div>
  </div>
