4130 6466
527 344 635 401 6⁸17

532 453 822 525 ὑπέμενεν,
855 454 977 524 ὕψει
1007 456 1122 520 πῶς
1157 456 1363 528 πέτρας
1402 455 1731 528 στερροτέρα
1755 451 1822 525 ἦν
1859 456 1893 525 ἡ
1943 452 2116 508 ταῦτα

533 538 772 610 φέρουσα
806 537 994 610 ψυχὴ,
1035 539 1132 593 καὶ
1182 541 1400 610 σίδηρον
1453 543 1546 592 καὶ
1595 539 1878 609 ἀδάμαντα
1935 537 2111 592 ἐνίκα.

529 621 711 693 ’Λπερ
765 619 860 675 οὖν
911 625 1120 687 ἐκεῖνος
1159 622 1393 693 ἔπασχεν
1448 623 1508 676 ἐν
1550 622 1628 693 τῷ
1663 621 1876 693 σώματι
1901 662 1915 686 ,
1942 621 2116 676 ταῦτα

525 699 680 768 οὗτος
711 706 768 758 ἐν
791 708 857 777 τῇ
883 706 1051 778 ψυχῇ,
1079 710 1174 760 καί⁵
1207 705 1485 777 σκώληκος
1515 706 1713 770 παντὸς
1735 706 2115 778 χαλεπώτερον

522 790 558 856 ή
591 787 714 842 καθ’
743 788 973 843 ἕκαστον
1001 790 1111 844 τῶν
1142 790 1640 860 σκανδαλιζομένων
1664 790 1872 861 ἀθυμία.
1895 789 2117 859 διέτρω-

523 888 620 938 γεν
646 871 811 924 αὐτοῦ
835 873 932 944 τὴν
955 874 1154 944 ψυχήν.
1180 873 1340 927 Ὅθεν
1364 875 1457 926 καὶ
1480 872 1663 944 πηγὰς
1687 874 1939 945 δακρύων
1965 872 2114 942 ἡφίει

523 954 832 1024 διηνεκεῖς,
885 957 946 1008 οὐ
1005 957 1102 1020 τάς
1168 957 1380 1026 ἡμέρας
1437 957 1634 1026 μόνον,
1688 957 1823 1010 άλλά
1872 957 1967 1010 καὶ
2014 953 2114 1018 τὰς

522 1038 725 1100 νύκτας
749 1079 762 1101 ,
797 1038 890 1091 καί¹
943 1039 1123 1108 πάσης
1169 1039 1426 1107 γυναικὸς
1458 1038 1755 1109 ῶδινούσης
1793 1039 2114 1110 δριμύτερον

521 1121 783 1174 διεσπᾶτο
835 1122 928 1176 καὶ
982 1122 1103 1176 καθ’
1153 1123 1384 1176 ἕκαστον
1419 1123 1618 1176 αὐτῶν.
1649 1123 1740 1176 Διὸ
1790 1123 1884 1176 καὶ
1935 1121 2110 1189 ἔλεγε⁸

527 1206 738 1258 Τεκνία
758 1224 898 1273 μου.
930 1205 1038 1272 οὒς
1065 1205 1255 1259 πάλιν
1295 1205 1504 1261 ὠδίνω.
1545 1206 1679 1260 Τίνα
1725 1205 1792 1260 ἄν
1845 1223 1930 1269 τις
1974 1203 2114 1274 μετά

519 1287 611 1340 τὸν
652 1287 771 1340 Ἰὼϐ
822 1289 1164 1360 ἐκπλαγείης
1207 1290 1312 1342 Τὸν
1359 1290 1598 1343 Μωῦσέα
1655 1291 1892 1354 πάντως.
1954 1288 2114 1343 Ἀλλά

519 1371 615 1422 καὶ
641 1370 831 1425 τοῦτον
877 1374 942 1426 ἐκ
972 1372 1168 1428 πολλοῦ
1225 1373 1316 1427 τοῦ
1359 1375 1640 1446 περιόντος
1669 1373 2067 1446 ὐπερηκόντισε
2097 1391 2110 1404 ·

521 1453 732 1522 μεγάλα
761 1454 860 1524 μὲν
882 1454 993 1527 γάρ
1021 1455 1187 1509 αὐτοῦ
1217 1457 1311 1510 καὶ
1339 1456 1408 1510 τά
1441 1457 1598 1520 ἄλλα,
1631 1458 1693 1510 16
1733 1457 1790 1510 δὲ
1818 1457 2114 1528 κεφάλαιον

519 1538 612 1589 καὶ
668 1538 700 1606 ἡ
742 1539 973 1609 κορωνὶς
1025 1539 1127 1610 τῆς
1159 1541 1322 1608 ἁγίας
1361 1541 1544 1612 ψυχῆς
1589 1542 1846 1613 ἐκείνης,
1888 1543 1972 1594 δτι
2025 1541 2115 1608 ἐξ·

519 1620 842 1692 αλειφθῆναι
864 1623 1040 1676 εἵλετο
1062 1624 1160 1694 τῆς
1171 1624 1265 1678 τοῦ
1289 1623 1425 1678 Θεοῦ
1455 1639 1481 1665 ι
1503 1625 1686 1695 βίϐλου
1716 1626 1854 1698 ὑπὲρ
1875 1627 1974 1698 τῆς
2004 1644 2112 1679 σω·

517 1704 714 1774 τηρίας
753 1704 860 1758 τῶν
903 1704 1190 1761 Ἰουδαίων.
1229 1707 1370 1761 Ἀλλ’
1395 1702 1550 1772 οὗτος
1591 1710 1690 1780 μὲν
1721 1708 2114 1763 συναπολέσθαι

517 1788 727 1857 ἑτέροις
755 1790 942 1859 ᾑρεῖτο
965 1806 981 1820 ⁸
1028 1791 1058 1842 6
1105 1791 1163 1844 δέ
1191 1790 1402 1855 Παῦλος
1429 1791 1490 1844 οὐ
1522 1792 1940 1856 συναπολέσθαι,
1974 1791 2111 1856 ἀλλ’,

518 1871 725 1943 ἐτέρων
771 1873 1137 1944 σωζομένων,
1181 1875 1344 1939 αὐτὸς
1388 1877 1642 1929 ἐκπεσεῖν
1675 1877 1774 1946 τῆς
1818 1875 1977 1946 δόξης
2012 1875 2113 1946 τῆς

517 1955 851 2026 ἀπεράντου.
885 1959 995 2011 Καὶ
1025 1961 1054 2012 6
1103 1959 1202 2030 μὲν
1233 1960 1311 2030 τῷ
1343 1959 1545 2032 Φαραὼ
1572 2000 1588 2024 ,
1615 1961 1644 2013 6
1687 1959 1742 2013 δὲ
1773 1960 1852 2031 τῷ
1883 1959 2114 2030 διαϐόλῳ

518 2039 644 2093 καθ’
674 2039 893 2112 ἡμέραν
925 2040 1076 2113 [481]
1118 2041 1382 2098 ἐπύκτευε
1407 2061 1422 2074 °
1458 2045 1552 2098 καὶ
1589 2047 1618 2098 6
1653 2044 1751 2114 μὲν
1805 2044 1943 2115 ὑπὲρ
1994 2043 2112 2107 ἑνὸς

518 2122 706 2186 ἔθνους
729 2165 744 2188 ,
776 2125 806 2177 6
843 2124 900 2177 δὲ
945 2125 1089 2195 ὑπὲρ
1126 2126 1226 2197 τῆς
1271 2128 1598 2200 οἰκουμένης
1633 2127 1855 2199 ἀπάσης
1881 2127 2109 2199 ἔκαμεν,

515 2205 617 2276 οὐχ
643 2206 828 2278 ἰδρῶτι
853 2246 869 2268 ,
897 2206 1034 2262 ἀλλὰ
1064 2209 1160 2262 καὶ
1188 2210 1379 2282 αἵματι
1406 2211 1530 2266 άντί⁸
1579 2211 1802 2283 ἱδρῶτος
1848 2211 2111 2266 πάντοθεν

517 2289 980 2363 περιρρεόμενος,
1013 2293 1135 2364 οὐχὶ
1161 2293 1258 2363 τήν
1283 2294 1609 2365 οἰκουμένην
1647 2295 1826 2364 μόνον,
1855 2294 1990 2350 άλλά
2017 2297 2112 2350 καὶ

515 2373 616 2444 τὴν
646 2374 902 2446 ἀοίκητον
928 2375 1312 2450 διορθούμενος
1331 2418 1348 2444 ,
1379 2379 1502 2450 οὐχὶ
1534 2379 1633 2452 τὴν
1673 2379 1901 2432 Ἐλλάδα
1925 2380 2107 2452 μόνον,

514 2456 652 2512 ἀλλά
681 2459 774 2512 καὶ
805 2458 905 2531 τὴν
931 2459 1228 2532 βάρϐαρον.

598 2539 758 2610 Ἐνῆν
787 2543 884 2594 καὶ
923 2543 1016 2597 τὸν
1054 2542 1264 2614 Ἰησοῦν
1297 2544 1380 2608 εἰς
1410 2543 1576 2615 μέσον
1605 2547 1982 2616 παραγαγεῖν,
2013 2545 2110 2599 καὶ

513 2621 608 2676 τὸν
645 2623 902 2696 Σαμουὴλ
923 2625 1020 2679 καὶ
1043 2627 1172 2690 τούς
1195 2625 1390 2690 ἄλλους
1409 2628 1697 2698 προφήτας
1718 2645 1732 2660 ο
1762 2628 1880 2682 ἀλλ’
1913 2629 2000 2681 ἴνα
2031 2629 2108 2700 μὴ

518 2707 861 2778 μακρότερον
889 2707 1136 2780 ποιῶμεν
1155 2708 1249 2762 16v
1271 2709 1449 2778 λόγον,
1483 2711 1578 2764 ἐπὶ
1617 2711 1746 2774 τοὺς
1777 2710 2108 2782 κορυφαίους

514 2788 696 2843 αὐτῶν
726 2790 1034 2863 βαδίσωμεν
1059 2809 1074 2822 ·
1110 2794 1242 2848 ὅταν
1273 2793 1383 2865 γὰρ
1413 2793 1618 2848 τούτων
1647 2797 1788 2867 φανῇ
1816 2796 2104 2867 κρείττων,

513 2872 742 2943 οὐδεμία
772 2875 904 2946 περὶ
939 2875 1049 2931 τῶν
1080 2877 1257 2932 ἄλλων
1280 2876 1691 2950 ἀμφισϐήτησις
1719 2878 1982 2934 λείπεται.
2009 2878 2107 2934 Τί-

517 2973 607 3020 νες
633 2954 729 3012 οὖν
755 2959 805 3015 οί
832 2962 1119 3031 κορυφαῖοι
1144 2979 1160 3028 ;

586 3040 745 3107 Τίνες
789 3042 848 3096 δὲ
879 3043 1028 3099 ἄλλοι
1081 3045 1220 3116 μετὰ
1253 3043 1510 3111 τούτους,
1559 3047 1594 3119 ἢ
1642 3048 1672 3101 6
1717 3046 1918 3115 Δαυῖδ,
1953 3049 2046 3103 καὶ
2079 3051 2108 3104 6

528 3122 748 3190 Ἠλίας,
782 3125 878 3180 καὶ
906 3128 937 3181 6
982 3128 1271 3201 Ἰωάννης;
1301 3127 1378 3185 ὧν
1403 3131 1432 3183 6
1465 3130 1564 3198 μὲν
1584 3129 1685 3202 τῆς
1728 3131 2035 3203 προτέρας,
2078 3133 2108 3186 6

513 3205 574 3260 δέ
600 3207 705 3282 τῆς
739 3207 1001 3284 δευτέρας
1035 3213 1344 3286 πρόδρομος
1395 3213 1491 3270 τοῦ
1522 3215 1729 3288 Κυρίου
1765 3217 2069 3288 παρουσίας
2089 3233 2106 3249 ο

513 3290 594 3373 διὸ
619 3291 716 3350 καὶ
760 3293 866 3366 τῆς
910 3299 1282 3372 προσηγορίας
1321 3299 1570 3372 ἀλλήλοις
1625 3298 2012 3373 ἐκοινώνησαν.
2043 3302 2108 3356 Τί

511 3370 608 3430 66v
637 3376 700 3430 16
718 3378 996 3450 ἐξαίρετον
1020 3381 1116 3436 τοῦ
1149 3370 1313 3437 Δαυῖδ
1348 3400 1365 3452 ;
1405 3370 1472 3437 Ἦ
1504 3370 1975 3459 ταπεινοφροσύνη
2015 3385 2110 3439 καὶ

511 3459 548 3539 6_
572 3459 707 3536 πρὸς
736 3460 873 3517 Θεὸν
896 3463 1059 3535 έρως.
1093 3465 1204 3519 Καὶ
1229 3466 1317 3531 τίς
1359 3465 1460 3538 μὲν
1504 3465 1744 3537 μᾶλλον,
1776 3469 1862 3532 τίς
1906 3468 1964 3521 δὲ
2009 3469 2109 3539 οὐχ

511 3536 677 3616 ἧττον
707 3545 809 3616 τῆς
837 3546 1052 3601 Παύλου
1096 3547 1278 3622 ψυχῆς
1315 3536 1609 3621 ἀμφότερα
1662 3549 1838 3605 ταῦτα
1890 3536 2110 3622 κατὼρζ

513 3626 686 3694 θωσε;
717 3629 784 3682 Τί
809 3629 866 3682 δὲ
895 3630 958 3683 16
987 3631 1304 3702 θαυμαστὸν
1329 3632 1426 3686 τοῦ
1473 3633 1690 3701 Ἦλίου;
1721 3631 1873 3703 *Αρα
1913 3635 1995 3688 ὅτι
2017 3634 2111 3688 τὸν

511 3711 744 3783 οὐρανὸν
781 3711 1018 3781 ἔκλεισε,
1049 3716 1144 3772 καὶ
1180 3715 1338 3786 λιμὸν
1373 3716 1620 3788 ἐπήγαγε
1648 3755 1665 3780 ,
1700 3718 1794 3770 καὶ
1818 3715 1932 3788 πῦρ
1979 3734 2112 3772 κατ-

514 3797 764 3867 ήγαγεν;
799 3795 916 3853 οὐκ
948 3797 1127 3868 ἔγωγε
1155 3795 1310 3871 οἶμαι
1334 3816 1349 3830 °
1384 3800 1503 3856 ἀλλ’
1536 3802 1618 3855 ὅτι
1671 3799 1943 3874 ἐζήλωσεν
1970 3801 2111 3873 ὑπὲρ

514 3878 612 3932 τοῦ
650 3879 926 3935 Δεσπότου
948 3925 964 3949 ,
1003 3884 1101 3937 καὶ
1128 3884 1302 3956 πυρὸς
1339 3885 1696 3958 σφοδρότερος
1739 3882 1828 3959 ἦν.
1875 3886 2012 3940 Ἀλλ’
2061 3889 2110 3942 εί

515 3963 610 4016 τὸν
641 3964 854 4019 Παύλου
901 3967 1066 4040 ζῆλον
1098 3968 1261 4034 ίδοις,
1318 3969 1572 4024 τοσοῦτον
1604 3969 1726 4044 ὄψει
1779 3970 2109 4041 κρατοῦντα,

516 4049 642 4101 ὅσον
690 4049 897 4114 ἐκεῖνος
950 4051 1060 4108 τῶν
1101 4051 1279 4107 ἄλλων
1315 4053 1615 4126 προφητῶν
1654 4053 1875 4128 περιῆν.
1908 4055 1973 4110 Τί
2002 4055 2111 4128 γὰρ

515 4131 582 4186 ἂν
614 4133 822 4202 γένοιτο
839 4134 948 4188 τῶν
980 4136 1245 4208 ῥημάτων
1269 4137 1494 4194 ἐκείνων
1521 4138 1654 4206 ίσον,
1683 4137 1830 4211 άπερ
1852 4139 1992 4209 ὑπὲρ
2013 4139 2112 4210 τῆς

515 4215 611 4269 τοῦ
664 4218 935 4275 Δεσπότου
973 4217 1131 4291 δόξης
1179 4219 1360 4292 ζηλῶν
1407 4220 1628 4292 ἔλεγεν,
1679 4223 1761 4276 ὅτι
1817 4223 2108 4293 Ηύχόμην

515 4299 784 4370 ἀνάθεμα
808 4296 963 4356 εἶναι
993 4304 1148 4372 ὑπὲρ
1179 4303 1298 4366 τῶν
1330 4303 1608 4374 ἀδελφῶν
1630 4324 1769 4375 μου,
1801 4304 1920 4360 τῶν
1956 4321 2105 4376 συγ-

515 4383 707 4452 γενῶν
732 4403 854 4453 μου
895 4387 1044 4441 κατὰ
1095 4386 1335 4458 σάρκα;
1382 4387 1480 4441 Διά
1511 4388 1672 4442 τοῦτο
1721 4387 1829 4443 τῶν
1860 4379 2106 4461 οὐρανῶν

515 4467 666 4538 αὐτῷ
718 4471 1098 4540 προκειμένων
1122 4510 1138 4534 ,
1197 4473 1294 4525 καὶ
1344 4471 1454 4525 τῶν
1511 4471 1790 4542 στεφάνων
1843 4473 1941 4526 καὶ
1994 4471 2106 4526 τῶν

517 4551 787 4618 ἐπάθλων,
818 4551 1012 4624 ἔμελλε
1051 4555 1147 4608 καὶ
1175 4555 1437 4627 ἐϐράδυνε
1469 4554 1663 4624 λέγων’
1710 4554 1780 4608 Τὸ
1811 4554 2106 4625 ἐπιμεῖναι

516 4633 591 4703 τῇ
637 4637 817 4705 σαρκί
855 4639 1322 4709 ἀναγκαιότερον
1348 4639 1426 4697 δι’
1466 4637 1624 4709 ὑμᾶς
1654 4655 1668 4670 ο
1690 4637 1780 4692 διὰ
1805 4637 1963 4694 τοῦτο
1983 4639 2106 4694 οὐδὲ

577 4821 609 4850 ι
629 4815 682 4868 In
703 4813 828 4876 Reg.
855 4815 1000 4870 deest
1013 4815 1102 4872 τοῦ
1123 4814 1268 4866 Θεοῦ.

1256 353 1313 405 S.
1353 347 1637 405 JOAN‘SIS
1669 348 2166 406 CHRYSOSTOMI
2201 349 2523 406 AIKCHIEP.
2569 350 3126 410 CONSTANTINOP.

3689 343 3756 399 ιτ
3767 343 3808 401 8

2216 453 2318 522 τὴν
2345 452 2520 505 κτίσιν
2549 452 2754 522 ταύτην
2781 453 2885 523 τὴν
2915 450 3225 523 ὁρωμένην,
3254 450 3370 504 ἀλλ’
3397 450 3519 506 οὐδὲ
3549 453 3646 525 τὴν
3679 473 3820 528 νοη-

2215 535 2312 605 τὴν
2351 535 2604 606 ἐνόμισεν
2633 537 2824 606 ἀρκεῖν
2861 535 2942 599 εἰς
2971 536 3315 604 παράστασιν
3337 535 3438 604 τῆς
3468 536 3688 607 ἀγάπης
3714 540 3822 595 καὶ

2215 617 2306 671 τοῦ
2345 618 2507 689 ζήλου
2533 658 2548 682 ,
2576 618 2714 672 ἀλλά
2743 620 2835 671 καὶ
2859 618 3053 688 έτέραν
3082 617 3183 670 οὐκ
3215 612 3381 670 οὖσαν
3416 615 3633 688 ἐζήτει,
3666 620 3821 675 ὥστε

2215 701 2554 768 ἐνδείξασθαι
2585 702 2720 774 ὅπερ
2751 701 2908 772 ἡθελε
2943 699 3040 753 κα)⁸
3068 699 3354 770 ἐπεθύμει.
3393 700 3532 752 Ἀλλ’
3553 701 3584 755 6
3627 702 3822 756 Ἰωάν-

2215 801 2313 855 νης
2344 784 2572 855 ἀκρίδας
2603 784 2760 856 ἡσθιε
2807 784 2901 838 καὶ
2953 782 3075 853 μέλι
3118 783 3344 854 ἀγριονς
3395 778 3718 849 Ἀλλόῦτος
3755 787 3822 838 ὲν

2219 868 2360 939 μέση
2393 871 2460 939 τῇ
2505 867 2836 942 οἰκουμένῃ,
2868 867 3123 936 καθάπερ
3151 867 3361 929 ἐκεῖνος
3391 869 3451 920 ἐν
3491 869 3559 938 τῇ
3595 869 3822 939 ἐρήμῳ,

2213 951 2481 1024 διέτριϐεν
2507 991 2523 1017 ,
2555 951 2787 1022 ἀκρίδας
2820 951 2920 1022 μὲν
2950 950 3044 1004 καὶ
3083 949 3208 1019 μέλι
3247 949 3439 1021 ἄγριον
3469 951 3531 1004 οὐ
3562 952 3824 1022 σιτούμε-

2215 1053 2305 1101 νος
2331 1077 2345 1100 ,
2392 1036 2526 1091 πολὺ
2577 1036 2634 1090 δέ
2685 1034 3076 1106 εὐτελεστέραν
3122 1034 3327 1106 ταύτης
3379 1035 3822 1107 παρατιθέμενος

2214 1120 2495 1192 τράπεζαν
2517 1159 2532 1183 ,
2566 1119 2661 1174 καὶ
2692 1119 2812 1172 οὐδὲ
2860 1118 2959 1188 τῆς
2988 1117 3292 1188 ἀναγκαίας
3323 1117 3574 1188 εὐπορῶν
3603 1120 3821 1190 τροφῆς

2213 1203 2302 1257 διά
2343 1205 2442 1275 τὴν
2482 1203 2624 1273 ὐπέρ
2656 1201 2752 1255 τοῦ
2783 1201 3141 1272 κηρύγματος
3176 1199 3435 1270 σπουδήν.
3476 1201 3636 1255 Ἀλλά
3679 1203 3822 1257 πολ-

2213 1287 2312 1358 λὴν
2340 1287 2476 1358 πρὸς
2504 1286 2596 1340 τὸν
2627 1285 2875 1357 Ἡρώδην
2915 1277 3073 1348 οὗτος
3115 1285 3431 1356 παρρησίαν
3457 1286 3819 1353 ἐπεδείξατος

2228 1371 2366 1425 Ἀλλ’
2392 1366 2546 1434 οὗτος
2575 1371 2673 1440 οὐχ
2711 1369 2808 1423 ἕνα
2835 1367 2927 1422 καὶ
2957 1367 3052 1421 δύο
3083 1369 3178 1421 καί⁵
3197 1371 3346 1438 τρεῖς
3369 1408 3386 1434 ,
3415 1368 3558 1422 ἀλλὰ
3584 1370 3821 1440 μυρίους

2215 1454 2334 1508 κατ’
2357 1456 2564 1507 ἐκεῖνον
2601 1453 2952 1522 ἐπεστόμισε,
2987 1450 3188 1522 μᾶλλον
3213 1451 3270 1504 δὲ
3309 1452 3404 1504 καὶ
3432 1451 3614 1523 πολλῷ
3651 1453 3820 1524 χαλε-

2216 1537 2496 1608 πωτέρους
2525 1535 2736 1591 ἐκείνου
2762 1535 2856 1587 τοῦ
2889 1534 3178 1606 τυράννου.
3208 1534 3474 1590 Λείπεται
3516 1534 3654 1606 πρὸς
3681 1537 3818 1601 τοὺς

2214 1623 2480 1691 ἀγγέλους
2502 1620 2665 1676 αὐτὸν
2700 1619 2953 1686 ἐξετάσαι
2987 1619 3203 1699 λοιπόν·
3241 1619 3430 1692 διόπερ
3458 1621 3687 1690 ἀφέντες
3710 1623 3817 1693 τῆν

2214 1707 2355 1777 γῆν,
2388 1705 2526 1776 πρὸς
2571 1704 2670 1770 τὰς
2702 1705 2811 1759 τῶν
2851 1703 3095 1776 οὐρανῶν
3137 1703 3544 1776 ἀναϐησὼμεθα
3571 1707 3767 1777 ἀψῖδας
3798 1723 3814 1734 ·

2214 1790 2350 1844 ἀλλά
2382 1789 2572 1861 μηδεὶς
2620 1789 2828 1858 τόλμαν
2877 1787 3342 1857 καταγινωσκέτω
3379 1789 3474 1842 τοῦ
3511 1790 3697 1859 λόγου.
3747 1790 3817 1844 Εἰ

2213 1875 2323 1945 γὰρ
2375 1875 2469 1927 καὶ
2517 1873 2612 1928 τὸν
2657 1873 2913 1944 Ἰωάννην
2943 1872 3173 1941 ἄγγελον
3210 1864 3471 1927 ἐκάλεσεν
3517 1875 3552 1946 ἡ
3595 1875 3816 1947 Γραφῇ,

2213 1957 2308 2010 καὶ
2353 1957 2477 2020 τοὺς
2535 1956 2756 2028 ίερέας,
2798 1957 2852 2009 τί
2907 1955 3256 2027 θαυμαστὸν,
3309 1958 3360 2010 εἰ
3415 1957 3510 2013 τὸν
3553 1959 3818 2013 ἀπάντων

2211 2038 2422 2110 ἀμείνω
2447 2043 2564 2104 ταῖς
2589 2039 2855 2110 δυνάμεσι
2884 2039 3306 2114 παραϐάλλομεν
3327 2041 3601 2108 ἐκείναιςς
3623 2042 3689 2094 Τί
3717 2037 3818 2096 οὖν

2211 2123 2364 2178 ἐστιν
2397 2123 2624 2178 ἐκείνων
2661 2124 2722 2177 τὸ
2757 2123 2929 2196 μέγα;
2951 2124 3091 2177 (Ὅτι
3127 2124 3265 2195 μετὰ
3311 2126 3488 2197 πάσης
3525 2125 3816 2196 ἀκριϐείας

2214 2207 2549 2262 ὑπακούουσι
2578 2206 2656 2280 τῷ
2683 2206 2804 2280 Θεῷ
2828 2225 2842 2239 ·
2871 2208 3011 2280 ὅπερ
3041 2208 3136 2262 καὶ
3169 2209 3198 2260 6
3223 2207 3392 2264 Δαυῒδ
3432 2209 3817 2280 ἐκπληττόμε-

2212 2309 2300 2355 νος
2332 2291 2519 2360 ἐλεγε’
2564 2290 2817 2346 Δυνατοί
2847 2291 3048 2372 ἰσχύϊ,
3105 2291 3426 2360 ποιοῦντες
3474 2292 3583 2346 τὸν
3623 2294 3817 2372 λόγον

2210 2374 2419 2428 αὐτοῦ.
2445 2372 2649 2426 Τούτου
2697 2371 2807 2444 γάρ
2854 2369 2970 2427 ἴσον
3008 2373 3163 2426 οὐδὲν
3185 2414 3201 2438 ,
3230 2373 3332 2428 κᾶν
3366 2375 3628 2446 μυριάκις
3675 2369 3815 2429 ὦσιν

2210 2456 2527 2527 ἀσώματον
2570 2457 2632 2509 τὸ
2674 2457 2783 2528 γὰρ
2833 2455 3070 2526 μάλιστα
3117 2455 3310 2509 ποιοῦν
3353 2456 3578 2520 τούτους
3627 2453 3816 2529 μαέια-

2211 2539 2394 2612 ρίους,
2444 2537 2603 2593 τοῦτό
2651 2541 2821 2604 ἐστιν,
2860 2541 2942 2592 ὃτι
2974 2539 3126 2612 μετ]
3165 2539 3442 2594 πείθονται
3497 2544 3610 2606 τοῖς
3645 2559 3817 2612 προσ-

2207 2624 2640 2694 τάγμασιν,,ὅτι
2678 2623 2918 2694 οὐδαμοῦ
2979 2623 3380 2694 παρακούουσι.
3419 2625 3593 2678 Τοῦτο
3628 2626 3814 2679 τοίνυν

2209 2707 2302 2760 καὶ
2330 2707 2436 2760 ὐπὸ
2466 2705 2562 2760 τοῦ
2599 2705 2813 2760 Παύλου
2849 2705 2991 2776 μετά
3037 2706 3328 2778 ἀκριϐείας
3357 2707 3507 2763 ἔστιν
3555 2709 3683 2762 ἰδεῖν
3707 2727 3812 2779 φυ-

2208 2790 2535 2860 λαττόμενον
2559 2806 2572 2820 ·
2597 2789 2660 2843 οὐ
2705 2789 2816 2860 γὰρ
2839 2789 2904 2861 δὴ
2941 2789 3032 2844 τὸν
3065 2790 3224 2860 λόγον
3263 2791 3428 2848 αὐτοῦ
3450 2792 3672 2866 ἐποίησε
3707 2793 3814 2865 μό-

2207 2894 2329 2945 νον,
2360 2877 2496 2931 ἀλλά
2522 2876 2705 2931 καὶτά
2733 2877 3163 2949 προστάγματα,
3197 2879 3292 2932 καὶ
3343 2879 3484 2951 ὑπὲρ
3527 2881 3598 2934 τὰ
3635 2897 3825 2951 προσ-ι

2206 2961 2497 3033 τάγματα,
2542 2961 2638 3024 καὶ
2684 2960 2844 3014 τοῦτο
2890 2961 3066 3032 δηλῶν
3116 2961 3273 3031 ἔλεγε
3325 2979 3340 2993 ο
3403 2963 3502 3030 Τίς
3548 2959 3664 3019 οὖν
3703 2965 3824 3034 μοι

2206 3046 2378 3101 ἐστιν
2406 3050 2440 3101 ό
2479 3045 2697 3116 μισθὸς
2724 3086 2740 3112 ,
2783 3046 2885 3099 ἵνα
2910 3044 3438 3116 εὐαγγελιζόμενος
3493 3047 3818 3104 ἀδάπανον

2209 3130 2376 3200 θήσω
2409 3132 2474 3184 τὸ
2508 3128 2885 3201 Ervum-6.21611
2915 3129 3024 3184 τοῦ
3039 3129 3335 3198 Χριστοῦς
3368 3132 3434 3184 Τί
3457 3131 3642 3204 ἕτερον
3671 3133 3814 3186 θαυ-

2211 3214 2402 3286 μάζων
2443 3214 2642 3276 αὐτοὺς
2691 3215 2720 3267 6
2752 3214 3040 3284 προφήτης
3085 3212 3304 3282 έλεγενο
3349 3214 3403 3267 '0
3449 3214 3638 3269 ποιῶν
3663 3217 3817 3283 τοὺς

2207 3295 2504 3368 ἀγγέλους
2541 3296 2730 3352 αὑτοῦ
2768 3297 3116 3365 πνεύματα,
3159 3297 3330 3369 φησὶ,
3370 3298 3471 3352 καί
3506 3298 3648 3365 τοὺς
3683 3303 3816 3354 λεε-

2211 3386 2502 3456 τουργοὺς
2531 3384 2719 3440 αὐτοῦ
2759 3384 2882 3454 πῦρ
2911 3384 3180 3455 φλέγον;
3219 3386 3386 3442 ’Δλλά
3409 3389 3504 3441 καὶ
3527 3387 3684 3442 τοῦτο
3713 3387 3816 3443 ἐπὶ

2210 3479 2424 3535 Παύλου
2459 3479 2608 3534 ἐστιν
2637 3477 2796 3533 ἰδεῖν*
2845 3477 3099 3549 καθάπερ
3149 3478 3259 3550 γὰρ
3298 3478 3516 3551 πνεῦμα
3544 3480 3636 3534 καὶ
3668 3479 3812 3551 πῦρ,

2208 3571 2354 3630 οὕτω
2399 3572 2498 3643 τὴν
2546 3571 2874 3643 οἰκουμένην
2926 3570 3218 3643 διέδραμεν
3265 3571 3486 3628 ἃπασαν
3511 3611 3530 3638 ,
3564 3573 3659 3627 καὶ
3706 3572 3816 3644 τὴν

2209 3665 2314 3734 γῆν
2351 3662 2703 3733 ἐξεκάθηρεν.
2753 3663 2892 3719 Ἀλλ’
2933 3663 3088 3718 οὔπω
3113 3664 3207 3719 16v
3239 3664 3470 3736 οὐρανὸν
3498 3664 3695 3735 (laxe;
3729 3666 3814 3720 Τὸ

2211 3749 2322 3820 γὰρ
2349 3746 2663 3817 θαυμαστὸν
2687 3747 2868 3814 τοῦτο,
2893 3747 2975 3801 ὄτι
3016 3748 3076 3803 ἐν
3099 3749 3166 3818 τῇ
3195 3749 3268 3819 γῇ
3305 3747 3544 3812 τοιοῦτος
3580 3745 3669 3822 ἦν,
3709 3749 3813 3803 καὶ

2213 3839 2374 3910 σῶμα
2426 3837 2619 3908 θνητὸν
2656 3839 3077 3910 περικείμενος,
3134 3839 3276 3912 πρὸς
3320 3838 3423 3905 τάς
3473 3842 3813 3912 ἀσωμάτους

2211 3931 2476 4004 ἡμιλλᾶτο
2508 3931 2788 4003 δυνάμεις.
2819 3931 3002 4004 Πόσης
3034 3928 3130 3987 οὖν
3181 3933 3283 3986 οὐκ
3312 3932 3381 3990 ἂν
3408 3932 3600 4006 είημεν
3631 3951 3813 3988 κατα-

2210 4022 2464 4094 γνώσεως
2486 4021 2649 4087 ἀξιοι,
2677 4024 2805 4077 ὅταν
2841 4023 2962 4088 ἐνὸς
2999 4024 3291 4096 ἀνθρώπου
3331 4025 3510 4082 πάντα
3561 4025 3812 4097 συνειλη-

2210 4117 2366 4187 χότος
2394 4115 2574 4188 ἑαυτῷ
2606 4115 2678 4170 τὰ
2699 4116 2862 4182 καλὰ,
2887 4117 3050 4188 ἡμεῖς
3083 4117 3206 4172 οὐδὲ
3227 4119 3289 4174 16
3314 4118 3604 4173 πολλοστὸν
3637 4119 3809 4192 μέρος

2215 4210 2558 4283 μιμήσασθαι
2605 4210 2768 4266 αὐτὸν
2813 4213 3250 4284 σπουδάζωμεν;
3285 4213 3453 4268 Ταῦτ’
3480 4213 3574 4271 οὖν
3618 4218 3810 4288 ἐννοή-

2213 4320 2435 4369 σαντες,
2485 4304 2581 4358 καὶ
2621 4304 2720 4375 τῆς
2754 4305 3090 4378 κατηγορίας
3124 4306 3351 4370 ἑαυτοὺς
3376 4306 3804 4378 ἀπαλλάξωμεν,

2211 4396 2307 4451 καὶ
2341 4396 2732 4468 σπουδάσωμεν
2755 4397 2895 4468 πρὸς
2916 4397 3009 4452 τὸν
3045 4398 3257 4452 ἐκείνου
3291 4398 3452 4470 ζῆλον
3478 4399 3654 4454 ἐλθεῖν
3673 4439 3687 4462 ,
3715 4400 3808 4455 ῐνα

2211 4487 2532 4560 δυνηθῶμεν
2563 4487 2790 4543 καὶτῶν
2819 4487 3000 4542 αὐτῶν
3018 4489 3244 4558 ἀγαθῶν
3277 4491 3558 4562 ἐπιτυχεῖν
3576 4531 3590 4552 ,
3619 4491 3806 4563 χάριτι

2212 4582 2308 4636 καὶ
2333 4579 2715 4653 φιλανθρωπίᾳ
2761 4580 2858 4634 τοῦ
2895 4581 3104 4652 Κυρίου
3145 4582 3304 4652 ἡμῶν
3342 4582 3516 4656 Ἰησοῦ
3539 4583 3804 4655 Χριστοῦ,

2210 4664 2257 4740 ᾧ
2287 4674 2322 4742 ἡ
2351 4671 2480 4739 δόξα
2521 4671 2616 4726 καὶ
2649 4672 2710 4726 16
2739 4673 2977 4744 κράτος,
2999 4672 3097 4727 νῦν
3141 4675 3237 4728 καὶ
3266 4675 3386 4743 ἀεὶ,
3426 4677 3522 4731 καὶ
3559 4678 3641 4741 εἰς
3674 4677 3806 4741 τοὺς

2212 4764 2416 4830 αἰῶνας
2454 4765 2565 4822 τῶν
2587 4763 2825 4824 αἰώνων.
2868 4765 3064 4838 Ἀμήν.

1497 5281 1606 5337 ΕΙΣ
1641 5281 1784 5340 ΤΟΝ
1822 5278 2028 5336 APION
2067 5281 2482 5336 ΔΠΟΣΤΟΛΟΝ
2502 5281 2816 5338 ΠΔΥΔΟΝ.

1144 5703 1370 5772 Ὀμιλία
1401 5701 1482 5768 β’.

2116 5579 2190 5597 ,ς

2207 5705 2484 5777 ἡμετέρας
2509 5706 2542 5776 ἡ
2584 5703 2856 5774 εὐγένεια,
2887 5702 2982 5758 καὶ
3012 5703 3142 5773 ὅσης
3166 5702 3284 5756 ἐστὶ
3317 5703 3566 5758 δεκτ.κὸν
3593 5701 3796 5776 ἀρετῆς

587 5789 649 5842 Τί
683 5786 806 5841 ποτέ
846 5792 989 5843 ἐστιν
1015 5789 1320 5858 ἄνθρωπος,
1353 5792 1446 5847 καὶ
1475 5794 1575 5862 ὅση
1613 5790 1712 5860 τῆς
1759 5788 1977 5862 φύσεως
2001 5793 2099 5860 τῆς
2207 5796 2357 5850 τουτί
2394 5795 2454 5850 16
2483 5796 2641 5861 ζῶον.
2686 5795 2851 5859 ἔδειξε
2887 5794 3124 5856 μάλιστα
3167 5795 3387 5852 πάντων
3431 5796 3736 5868 ἀνθρώπων
3764 5795 3796 5848 6
