4130 6474
354 364 467 419 477

360 480 551 535 durior
571 477 754 532 anima
792 473 894 529 ista
930 470 1269 543 perpetiens,
1298 476 1354 522 et
1396 465 1596 523 ferrum
1633 471 1796 533 atque
1825 460 1950 514 ada-

362 579 602 627 mantem
626 565 930 637 superabat.
957 563 1086 630 Quae
1100 561 1243 617 enim
1263 558 1365 615 Job
1393 570 1641 628 corpore,
1665 556 1780 610 haec
1819 554 1955 608 Pau-

362 666 452 718 lus
481 669 661 716 mente
680 657 951 721 sustinuit,
979 669 1137 725 quem
1176 651 1322 708 omni
1350 663 1533 705 verme
1584 647 1864 703 molestior
1887 644 1955 700 de

362 756 589 827 singulis
614 753 912 824 quibusque
958 748 1259 804 labentibus
1306 744 1559 800 mmstitia
1585 736 1952 798 consumebat.

366 849 523 905 Unde
550 856 605 902 et
631 848 783 916 juges
810 845 1164 914 lacrymarum
1188 856 1256 896 ex
1291 854 1358 894 eo
1402 838 1578 893 fontes
1612 850 1719 890 non
1767 833 1955 888 diebus

365 942 568 1007 solum,
600 939 694 993 sed
722 938 881 993 etiam
927 936 1170 990 noctibus
1199 930 1487 989 efﬂucbant
1510 970 1526 995 ,
1554 928 1805 995 omnique
1833 941 1954 980 mu-

367 1033 503 1086 liere
523 1029 853 1101 parturiente
879 1026 1247 1082 vehementius
1271 1022 1605 1093 afﬂigebatur
1628 1020 1680 1074 in
1710 1015 1954 1086 singulis,

368 1131 589 1191 propter
613 1118 756 1189 quod
782 1118 940 1173 etiam
972 1117 1183 1172 dicebat
1214 1131 1228 1168 :
1258 1113 1435 1168 Filioli
1459 1112 1556 1165 mei
1582 1152 1595 1175 ,
1624 1126 1747 1179 quos
1773 1110 1955 1162 iterum

368 1214 603 1283 ραι-ιυήο
631 1211 787 1281 (σαι.
813 1210 869 1266 4.
900 1210 968 1265 19
993 1210 1033 1280 ).
1065 1208 1233 1277 Quem
1266 1222 1391 1262 vero
1413 1207 1522 1275 jam
1547 1205 1809 1275 quispiam
1836 1210 1957 1272 post

367 1305 475 1360 Job
498 1313 649 1374 putet
696 1318 815 1358 esse
861 1302 1210 1356 mirabilem?
1239 1300 1457 1370 Moysen
1505 1296 1747 1367 profecto
1788 1312 1801 1348 :
1857 1294 1954 1349 sed

368 1396 514 1450 hunc
532 1395 691 1450 etiam
718 1391 916 1447 Paulus
947 1392 1076 1446 satis
1105 1390 1358 1446 eminenti
1385 1392 1579 1447 virtute
1604 1385 1950 1443 transcendit.

366 1486 534 1555 Cujus
562 1484 775 1554 quidem
818 1483 979 1538 multa
1006 1491 1131 1537 sunt
1158 1481 1262 1535 alia
1311 1480 1608 1549 praeclara:
1651 1477 1747 1533 sed
1793 1483 1954 1545 caput

368 1583 570 1629 sanctae
599 1575 739 1629 illius
762 1574 954 1628 animae
976 1583 1133 1642 atque
1157 1570 1424 1640 fastigium
1453 1578 1557 1635 est,
1582 1569 1831 1637 quoniam
1858 1579 1954 1635 pro

368 1665 676 1721 Judteorum
735 1665 908 1720 salute
958 1662 1128 1719 deleri
1182 1662 1342 1732 elegit
1389 1676 1455 1716 ex
1500 1662 1634 1715 libro
1662 1660 1826 1713 vitze:
1857 1657 1953 1713 sed

369 1759 582 1829 Moyses
609 1772 729 1812 cum
776 1754 984 1810 caeteris
1013 1753 1217 1824 optavit
1243 1753 1420 1823 perire
1448 1792 1464 1817 ,
1510 1750 1703 1806 Paulus
1725 1763 1824 1819 pro
1844 1763 1952 1803 cte-

370 1849 538 1903 teris:
569 1863 677 1902 non
724 1846 865 1903 enim
897 1860 1017 1900 cum
1046 1844 1393 1915 pereuntibus
1425 1843 1597 1912 perire
1626 1840 1833 1906 voluit,
1860 1838 1954 1893 sed

370 1950 431 1993 ut
454 1940 783 1994 salvarentur
805 1938 916 2006 alii,
932 1937 1044 2007 ipse
1067 1937 1134 1992 de
1158 1936 1340 2008 gloriae
1361 1934 1659 1989 aeternitate
1685 1931 1951 1991 decidere.

370 2031 442 2085 Et
460 2032 551 2085 ille
578 2029 788 2099 quidem
817 2028 1098 2093 Pharaoni,
1129 2028 1216 2083 hic
1257 2036 1434 2082 autem
1471 2024 1684 2081 diabolo
1721 2022 1957 2093 quotidie

370 2122 740 2193 repugnabat;
787 2131 841 2176 et
870 2121 959 2177 ille
986 2136 1087 2192 pro
1111 2135 1217 2175 una
1246 2129 1449 2176 tantum
1477 2126 1634 2188 gente
1655 2157 1671 2182 ,
1702 2116 1802 2177 iste
1827 2129 1957 2173 vero

370 2230 473 2283 pro
507 2215 754 2268 universo
779 2212 910 2268 orbe
933 2213 1177 2275 certavit,
1206 2226 1313 2265 non
1340 2209 1556 2275 sudore,
1578 2207 1672 2263 sed
1699 2206 1958 2275 sanguine

369 2307 490 2361 vice
508 2305 718 2361 sudoris
750 2304 980 2373 undique
1016 2303 1313 2372 proﬂuente
1344 2320 1357 2355 :
1382 2317 1502 2358 eum
1532 2315 1639 2358 non
1664 2300 1835 2357 solum
1851 2298 1957 2355 ita-

371 2396 621 2452 bitabiles
671 2395 855 2450 mundi
884 2403 1083 2465 partes,
1114 2409 1299 2449 verum
1322 2396 1482 2449 etiam
1521 2393 1730 2448 deserta
1758 2390 1824 2445 ad
1847 2391 1959 2445 cul-

372 2500 487 2544 tum
517 2489 790 2559 religionis
818 2488 1107 2543 adduceret
1134 2529 1151 2555 ,
1185 2502 1287 2542 nec
1328 2487 1502 2541 solum
1528 2485 1835 2542 Graecorum
1862 2498 1957 2555 po-

374 2581 548 2650 pulos,
580 2595 761 2634 verum
792 2580 952 2635 etiam
980 2579 1351 2634 barbarorum.

445 2672 713 2742 Confertur
731 2688 847 2725 cum
874 2670 988 2724 aliis
1007 2670 1195 2724 sanctis
1223 2670 1354 2724 viris.
1381 2698 1452 2711 ——
1471 2667 1717 2723 Poteram
1742 2665 1956 2736 quidem

370 2776 429 2821 et
455 2766 635 2821 Jesum
664 2764 829 2832 Nave,
859 2773 913 2819 et
950 2764 1252 2819 Samuelem
1280 2804 1294 2829 ,
1328 2772 1383 2818 et
1409 2763 1545 2817 alios
1590 2761 1878 2832 prephetas
1903 2761 1957 2815 in

373 2859 832 2928 comparationem
883 2873 1110 2923 vocare;
1166 2857 1259 2912 sed
1295 2872 1364 2911 ne
1418 2871 1721 2911 sermonem
1769 2854 1959 2909 faciam

372 2950 690 3020 longiorem,
716 2950 784 3005 ad
830 2950 944 3019 ipsa
995 2965 1180 3005 eorum
1216 2950 1388 3020 capita
1418 2948 1793 3005 conscendam.
1824 2946 1958 3002 Cum

372 3043 517 3097 enim
558 3040 674 3103 istis
712 3042 1059 3097 excellentior
1099 3039 1405 3112 apparuerit
1429 3080 1446 3107 ,
1477 3040 1620 3095 nulla
1648 3052 1864 3109 prorsus
1891 3038 1960 3093 de

374 3133 491 3186 aliis
514 3132 829 3203 ambiguitas
855 3133 1203 3203 relinquetur.
1235 3130 1463 3199 Quinam
1492 3144 1620 3201 ergo
1644 3129 1963 3185 eminentio-

376 3238 469 3280 res
496 3223 740 3279 videntur
770 3223 795 3277 ἲ

444 3315 574 3382 Quis
634 3322 759 3385 post
828 3314 926 3370 hos
986 3314 1122 3369 alius
1147 3354 1163 3381 ,
1218 3313 1324 3369 nisi
1374 3312 1537 3368 David
1562 3353 1578 3379 ,
1631 3322 1685 3368 et
1740 3312 1957 3379 Helias,

374 3416 430 3463 et
490 3407 757 3473 Joannes,
808 3421 1037 3478 quorum
1084 3421 1223 3461 unus
1275 3406 1505 3476 prioris,
1555 3405 1692 3459 alter
1741 3405 1960 3460 secundi

373 3507 458 3554 est
534 3512 835 3569 prmeursor
906 3497 1209 3553 adventus?
1282 3506 1499 3567 propter
1570 3494 1713 3566 quod
1798 3494 1958 3550 etiam

373 3591 606 3646 nominis
651 3590 1027 3649 communione
1074 3589 1344 3659 conjuncti
1401 3596 1543 3647 sunt.
1605 3588 1743 3656 Quid
1803 3587 1962 3659 igitur

372 3684 427 3740 in
479 3684 644 3739 David
696 3684 1021 3754 praecipuum
1080 3682 1387 3753 reperitur?
1450 3682 1578 3737 Sine
1635 3680 1799 3736 dubio
1856 3680 1961 3735 hu-

375 3774 608 3839 militas,
667 3784 828 3844 atque
869 3787 994 3843 erga
1033 3772 1199 3829 Deum
1244 3772 1456 3827 fervens
1500 3786 1671 3827 amor.
1728 3771 1796 3826 Et
1842 3772 1961 3843 quis

376 3865 638 3935 amplius,
708 3865 818 3920 imo
882 3864 1002 3934 quis
1049 3863 1165 3928 ita,
1236 3873 1294 3918 ut
1357 3863 1533 3918 anima
1586 3863 1773 3929 Pauli,
1846 3862 1963 3919 haec

377 3968 599 4029 utraque
626 3957 960 4028 complevit?
989 3955 1374 4013 Admirandum
1399 3964 1577 4011 autem
1607 3957 1659 4011 iu
1690 3955 1839 4011 Helia
1862 3969 1963 4026 ego

377 4050 594 4105 minime
634 4064 796 4113 reor,
821 4048 947 4119 quia
984 4048 1174 4104 caelum
1210 4049 1436 4114 clausit,
1474 4047 1597 4118 quia
1634 4047 1841 4102 induxit
1879 4047 1961 4101 fa-

378 4155 516 4195 mem
538 4181 555 4208 ,
593 4140 718 4210 quia
759 4139 934 4210 ignem
973 4138 1043 4195 de
1073 4140 1207 4195 caelo
1242 4152 1491 4195 sermone
1528 4139 1822 4208 compluit;
1868 4139 1962 4193 sed

377 4231 497 4300 quia
532 4231 724 4285 zelavit
758 4244 859 4298 pro
896 4230 1007 4285 Deo
1031 4271 1047 4296 ,
1090 4237 1207 4284 erat
1242 4230 1296 4284 in
1343 4229 1446 4284 hoc
1486 4230 1682 4284 mentis
1724 4228 1917 4284 affectu
1942 4268 1960 4297 ,

377 4322 493 4390 ipso
525 4321 647 4391 igne
671 4320 1056 4377 vehementior.
1084 4315 1261 4378 Sed'si
1286 4321 1435 4377 Pauli
1471 4321 1644 4378 zelum
1683 4321 1964 4392 diligenter

380 4414 627 4483 inspicias
649 4454 665 4480 ,
695 4424 844 4469 tanto
868 4429 990 4470 eum
1016 4414 1255 4470 invenies
1284 4415 1564 4470 celsiorem
1588 4456 1605 4483 ,
1642 4424 1841 4484 quanto
1876 4414 1965 4469 ille

378 4504 651 4574 prophetis
688 4505 899 4560 caeteris
941 4504 1230 4559 eminebat.
1275 4504 1413 4573 Quid
1457 4505 1600 4589 enim
1640 4504 1817 4560 verbis
1860 4505 1965 4561 illis

378 4594 673 4665 reperiatur
698 4595 940 4665 mquale,
969 4610 1066 4666 per
1087 4611 1207 4666 qua:
1229 4596 1452 4667 gloriam
1490 4596 1701 4652 Domini
1743 4597 1966 4655 zelando

378 4684 596 4759 dicebat
614 4702 628 4739 :
663 4686 916 4753 Quoniam
934 4687 1172 4754 optabam
1194 4703 1286 4759 ego
1306 4688 1577 4742 anathema
1603 4704 1709 4743 esse
1734 4705 1825 4759 pro
1853 4690 1957 4759 fra-

381 4778 539 4832 tribus
583 4779 705 4833 meis
728 4819 745 4845 ,
791 4780 877 4849 qui
918 4788 1034 4834 sunt
1073 4781 1274 4850 cognati
1314 4781 1413 4835 mei
1450 4781 1725 4836 secundum
1762 4797 1966 4836 carnem

380 4868 403 4940 (
431 4868 579 4923 Rom.
625 4869 680 4925 9.
717 4870 751 4925 3
775 4869 823 4940 )?
862 4870 1149 4940 Propterea
1175 4911 1191 4935 ,
1234 4870 1381 4926 caelis
1434 4871 1534 4926 sibi
1574 4871 1861 4942 propositis
1904 4888 1966 4926 ac

383 4962 620 5028 praemiis
671 4970 727 5017 et
772 4962 1020 5029 coronis,
1068 4962 1299 5018 tardavit
1339 4977 1404 5019 ac
1448 4963 1688 5029 distulit,
1736 4962 1961 5019 dicens:

388 5052 690 5109 Permanere
732 5065 901 5109 autem
943 5056 998 5110 in
1036 5072 1189 5111 carne
1216 5097 1232 5124 ,
1274 5058 1610 5115 necessarium
1651 5067 1723 5111 est
1762 5066 1966 5127 prapter

380 5162 466 5200 eos
518 5146 793 5217 (Philipp.
837 5148 889 5203 l.
931 5146 1064 5220 24).
1112 5148 1401 5218 Propterea
1446 5164 1552 5202 non
1596 5150 1767 5203 solum
1808 5150 1962 5203 istam

1220 349 1310 407 DE
1347 345 1686 404 LAUDIBUS
1720 346 1778 401 S.
1821 341 2021 399 PAULI
2059 340 2412 398 APOSTOLI.
2456 339 2684 396 llOMlL.
2728 337 2791 393 ll.
3525 330 3632 389 478

2059 475 2178 529 quae
2232 462 2507 526 cernitur,
2553 459 2647 514 sed
2704 459 2846 512 illam
2897 471 3107 530 quoque
3161 473 3281 532 qua:
3329 461 3644 539 intelligitur

2057 562 2392 619 creaturam,
2448 568 2781 623 nequaquam
2838 553 3085 611 sufficere
3143 556 3243 611 sibi
3298 557 3526 617 credidit
3569 561 3639 617 ad

2058 645 2448 700 ostendendum
2490 647 2660 699 zelum
2706 654 2761 700 ct
2805 646 3117 713 caritatem,
3166 662 3270 719 qua
3317 649 3539 706 ardebat
3587 652 3639 706 in

2058 734 2326 791 Christum
2353 752 2368 800 ;
2400 736 2494 790 sed
2521 736 2681 790 etiam
2712 736 2871 791 aliam
2896 778 2910 801 ,
2940 752 3060 808 qua:
3097 754 3202 793 non
3240 747 3324 795 est
3344 779 3360 807 ,
3392 753 3643 797 sermone

2058 828 2345 894 formavit,
2378 837 2435 883 ut
2457 831 2597 899 quod
2628 837 2736 887 tota
2774 830 3048 885 voluntate
3081 830 3330 902 cupiebat
3369 834 3639 904 exprime-

2059 931 2162 976 ret.
2191 920 2296 976 Sed
2321 920 2552 977 Joannes
2580 921 2631 974 in
2659 921 2835 975 cibum
2866 922 3098 978 locustas
3134 931 3189 979 et
3229 923 3336 978 mel
3381 925 3644 996 sylvestre

2059 1010 2307 1067 sumebat
2333 1011 2351 1082 (
2378 1011 2565 1065 Matth.
2590 1013 2624 1067 5
2643 1011 2685 1083 ),
2708 1020 2763 1066 at
2784 1012 2978 1067 Paulus
3005 1014 3076 1068 ita
3102 1015 3154 1069 in
3181 1015 3365 1071 mundi
3392 1017 3641 1086 strepitu,

2059 1106 2505 1177 quemadmodum
2532 1107 2622 1163 ille
2643 1108 2695 1163 in
2718 1109 2886 1165 eremi
2913 1111 3092 1179 quiete
3113 1121 3355 1168 versatus
3379 1121 3462 1168 est
3488 1130 3501 1166 :
3533 1128 3643 1168 non

2058 1197 2273 1267 quidem
2300 1206 2483 1267 pastus
2506 1199 2726 1255 locustis
2753 1208 2811 1255 et
2834 1201 2993 1261 melle
3020 1202 3267 1273 sylvestri
3289 1245 3306 1271 ,
3347 1206 3443 1262 sed
3473 1206 3646 1261 multo

2060 1287 2146 1343 his
2168 1290 2312 1344 victu
2341 1290 2531 1345 viliore
2558 1300 2842 1347 contentus
2867 1331 2883 1358 ,
2916 1307 2980 1349 ac
3005 1308 3075 1349 ne
3099 1296 3403 1351 necessario
3428 1297 3643 1365 quidem

2058 1379 2338 1451 indulgens
2377 1380 2534 1447 cibo,
2574 1396 2685 1450 pra:
2726 1381 2937 1437 fervore
2982 1391 3036 1438 et
3078 1384 3255 1440 studio
3296 1385 3642 1454 przedieandi.

2057 1470 2254 1526 Verum
2288 1471 2428 1529 illius
2457 1472 2719 1527 adversus
2739 1472 3002 1528 Herodem
3024 1476 3269 1544 apparuit
3290 1491 3479 1546 magna
3508 1492 3642 1532 con-

2058 1563 2256 1618 stantia
2283 1562 2303 1636 (
2330 1562 2519 1618 Matth.
2550 1564 2619 1619 14
2645 1563 2685 1634 );
2718 1572 2772 1619 at
2814 1564 2916 1621 iste
2956 1580 3061 1621 non
3100 1582 3261 1621 unum
3285 1609 3301 1635 ,
3342 1576 3434 1625 aut
3469 1570 3642 1635 duos,

2058 1664 2149 1712 aut
2169 1664 2278 1711 tres
2302 1697 2318 1723 ,
2345 1655 2443 1711 sed
2485 1656 2793 1715 innumeros
2835 1658 2889 1713 in
2934 1659 3091 1715 simili
3138 1662 3339 1730 positos
3380 1672 3645 1733 potestate

2060 1746 2351 1817 corripuit,
2380 1747 2490 1803 imo
2532 1748 2688 1818 longe
2727 1748 2820 1805 illo
2856 1749 3108 1807 szeviores
3147 1760 3420 1822 tyrannos.
3459 1754 3647 1811 Restat

2060 1846 2118 1894 ut
2146 1837 2366 1895 Paulum
2392 1839 2502 1910 jam
2531 1840 2733 1911 angelis
2760 1855 3131 1911 comparemus
3159 1860 3175 1903 ς
3217 1844 3442 1916 ideoque
3480 1847 3646 1902 relin-

2059 1941 2286 2002 quentes
2328 1942 2524 1989 terram
2548 1975 2565 2001 ,
2614 1934 2681 1989 ad
2728 1934 2981 1990 cmlorum
3033 1935 3240 2007 fastigia
3291 1946 3642 1999 transeamus.

2062 2024 2167 2081 Sed
2196 2027 2371 2082 nullus
2393 2029 2655 2083 sermonis
2676 2028 2843 2082 nostri
2864 2038 3077 2085 accuset
3100 2029 3399 2087 audaciam.
3426 2034 3481 2088 Si
3501 2035 3645 2090 enim

2061 2117 2320 2174 Joannem
2346 2128 2398 2173 et
2419 2120 2727 2175 sacerdotes
2752 2120 2845 2175 Dei
2871 2119 3143 2189 Scriptura
3163 2123 3379 2191 angelos
3405 2126 3648 2181 nomina-

2059 2209 2135 2264 vit
2166 2225 2180 2263 :
2211 2209 2337 2279 quid
2367 2210 2562 2264 mirum
2584 2252 2601 2276 ,
2632 2211 2678 2265 si
2708 2212 3131 2280 praestantiorem
3152 2213 3399 2270 omnibus
3425 2215 3647 2272 Paulum

2061 2300 2166 2356 illis
2193 2302 2473 2356 virtutibus
2499 2303 2883 2359 conferamus?
2906 2302 3043 2370 Quid
3067 2318 3196 2375 ergo
3220 2318 3339 2361 esse
3363 2306 3418 2361 in
3441 2310 3649 2380 angelis

2061 2393 2399 2462 magniﬁcum
2421 2392 2760 2463 judicamus?
2788 2393 3033 2449 Profecto
3052 2395 3174 2465 quia
3197 2410 3319 2451 cum
3345 2399 3493 2453 omni
3521 2414 3647 2464 cura

2061 2485 2317 2541 obediunt
2346 2486 2457 2540 Deo
2486 2504 2500 2540 :
2532 2485 2673 2555 quod
2704 2485 2870 2541 David
2913 2502 3125 2559 quoque
3160 2489 3473 2547 admirando
3500 2492 3648 2549 dice~

2061 2576 2197 2647 bat‘:
2232 2575 2470 2631 Potentes
2507 2578 2718 2641 virtute,
2762 2578 3001 2647 facientes
3038 2580 3242 2634 verbum
3284 2581 3423 2639 illius
3453 2583 3473 2654 (
3500 2585 3647 2639 Psal.

2064 2669 2189 2725 102.
2216 2669 2288 2725 20
2314 2669 2354 2741 ).
2386 2669 2521 2725 Huic
2543 2671 2687 2725 enim
2710 2670 2854 2731 bono
2884 2671 3019 2726 nihil
3048 2687 3267 2743 prorsus
3294 2677 3499 2745 aequale
3527 2690 3609 2732 est
3632 2719 3647 2741 ,

2062 2766 2223 2820 etiam
2250 2765 2293 2819 si
2322 2765 2430 2820 sint
2457 2764 2649 2820 millies
2684 2765 3022 2835 incorporei:
3063 2766 3165 2821 hoc
3203 2775 3287 2823 est
3330 2768 3474 2823 enim
3507 2771 3650 2840 quod

2063 2856 2297 2912 maxime
2322 2864 2540 2926 praestat
2566 2870 2662 2911 eos
2688 2856 2872 2915 beatos
2895 2897 2911 2923 ,
2942 2857 3062 2927 quia
3092 2857 3347 2914 obediunt
3369 2863 3654 2932 praeceptis

2066 2949 2202 3013 Dei,
2234 2949 2356 3019 quia
2386 2963 2509 3003 eum
2539 2948 2594 3002 iu
2626 2947 2770 3001 nullo
2812 2947 3101 3018 aliquando
3142 2957 3511 3005 contemnunt.
3540 2948 3653 3008 Hoc

2068 3043 2228 3112 igitur
2255 3050 2307 3096 et
2338 3042 2391 3097 in
2421 3040 2587 3096 Paulo
2607 3041 2763 3111 plene
2784 3041 3131 3097 animadverti
3160 3050 3334 3112 potest
3357 3058 3479 3098 cum
3506 3046 3651 3100 omni

2062 3132 2334 3203 diligentia
2376 3140 2433 3188 et
2471 3132 2719 3187 cautione
2761 3140 3055 3193 servatum.
3102 3132 3220 3187 Non
3259 3142 3436 3189 autem
3479 3136 3651 3192 solum

2064 3239 2369 3281 sermonem
2421 3223 2538 3294 ejus
2582 3222 2819 3293 implevit
2842 3262 2857 3289 ,
2908 3238 3094 3278 verum
3136 3224 3297 3280 etiam
3348 3235 3652 3297 praecepta,

2064 3320 2333 3388 supraque
2373 3322 2641 3385 praecepta
2692 3333 2723 3370 :A
2754 3315 2859 3371 hoc
2902 3329 3115 3386 quoque
3165 3314 3489 3382 declarans,
3535 3317 3652 3372 ait:

2069 3408 2195 3475 ρυω
2221 3416 2295 3463 est
2320 3423 2439 3478 ergo
2467 3422 2654 3462 merces
2694 3421 2835 3472 mea,
2881 3414 2938 3458 ut
2978 3406 3289 3475 evangelium
3327 3407 3611 3477 praedicans
3634 3450 3651 3475 ,

2064 3500 2174 3556 sine
2211 3508 2418 3569 sumptu
2456 3513 2645 3568 ponam
2685 3496 3001 3566 evangelium
3041 3494 3141 3549 Dei
3186 3496 3263 3569 (1.
3296 3497 3415 3551 Cor.
3450 3497 3503 3554 9.
3535 3500 3650 3568 l8).

2064 3591 2204 3661 Quid
2249 3607 2377 3646 vero
2415 3590 2559 3646 aliud
2602 3590 2655 3643 in
2693 3588 2898 3659 angelis
2945 3587 3206 3658 propheta
3244 3589 3509 3647 miratur?
3555 3591 3655 3657 Qui

2067 3684 2225 3755 facit,
2252 3681 2425 3752 inquit
2445 3721 2462 3747 ,
2492 3681 2698 3752 angelos
2724 3695 2843 3734 suos
2868 3678 3109 3749 spiritus,
3151 3688 3197 3732 et
3234 3680 3490 3735 ministros
3535 3698 3656 3736 suos

2065 3774 2232 3845 ignem
2274 3782 2500 3827 urentem
2546 3769 2738 3841 (Psal.
2786 3769 2911 3825 105.
2959 3766 3062 3840 4).
3104 3768 3211 3825 Sed
3250 3769 3352 3824 hoc
3389 3771 3550 3826 etiam
3602 3772 3655 3827 in

2066 3865 2232 3921 Paulo
2259 3878 2543 3934 possumus
2569 3861 2807 3917 invenire
2828 3902 2844 3927 ,
2876 3860 2965 3931 qui
2993 3860 3137 3916 velut
3180 3861 3317 3931 ignis
3340 3875 3403 3916 ac
3430 3862 3653 3932 spiritus

2066 3968 2238 4016 totum
2290 3968 2555 4013 terrarum
2601 3955 2867 4027 percurrit
2916 3953 3137 4019 orbem,
3183 3954 3652 4024 percurrendoque

2069 4051 2330 4122 purgavit.
2356 4048 2463 4104 Sed
2486 4046 2709 4103 necdum
2732 4046 2921 4101 caelum
2949 4045 3050 4100 iste
3077 4045 3297 4100 sortitus
3316 4056 3400 4100 est
3419 4046 3442 4100 ?
3462 4045 3530 4101 Et
3554 4046 3656 4103 hoc

2068 4142 2291 4199 omnino
2333 4138 2577 4195 mirabile
2606 4155 2620 4192 :
2646 4137 2770 4208 quia
2798 4136 2919 4190 talis
2942 4135 3259 4191 versabatur
3284 4137 3337 4190 iu
3370 4137 3525 4192 terris
3548 4178 3565 4205 ,
3603 4148 3658 4194 et

2066 4235 2281 4292 mortali
2322 4233 2497 4288 adhuc
2533 4246 2695 4287 carne
2736 4230 3137 4299 circumdatus,
3176 4245 3300 4289 cum
3343 4232 3657 4302 incorpora-

2069 4329 2197 4383 llum
2226 4333 2547 4396 potestatum
2578 4322 2774 4378 virtute
2799 4322 3057 4377 certabat.
3080 4321 3289 4389 Quanta
3318 4337 3447 4393 ergo
3472 4339 3661 4379 sumus

2066 4415 2513 4474 condemnatioue
2540 4414 2683 4485 digni
2711 4455 2728 4480 ,
2760 4427 2882 4468 cum
2909 4426 3015 4467 uno
3056 4412 3273 4469 homine
3311 4413 3451 4469 bona
3480 4414 3659 4469 omnia

2068 4510 2123 4565 in
2149 4524 2209 4565 se
2235 4515 2590 4579 congregaute
2615 4548 2633 4574 ,
2666 4521 2734 4561 ne
2764 4506 3039 4560 minimam
3066 4504 3281 4576 quidem
3310 4519 3497 4561 eorum
3527 4520 3658 4575 par-

2072 4610 2180 4658 tem
2205 4600 2486 4656 studemus
2505 4598 2701 4654 imitari
2725 4598 2747 4652 ?
2774 4597 2899 4653 Haec
2921 4598 3136 4653 assidue
3155 4605 3335 4653 tuente
3355 4596 3657 4665 volventes,

2068 4704 2123 4750 et
2168 4708 2266 4748 nos
2309 4692 2456 4762 ipsos
2505 4688 2852 4759 inculpabiles
2898 4687 3272 4759 praebeamus,
3315 4696 3370 4743 et
3403 4687 3471 4743 ad
3518 4688 3663 4743 illius

2068 4786 2240 4841 zelum
2267 4784 2576 4840 studeamus
2603 4780 2860 4837 accedere
2882 4822 2899 4849 ,
2930 4790 2988 4836 ut
3020 4780 3088 4836 ad
3125 4778 3314 4836 eadem
3347 4780 3488 4836 bona
3530 4795 3660 4851 per-

2069 4879 2251 4934 venire
2304 4890 2645 4942 mereamur,
2703 4873 2871 4945 gratia
2918 4881 2976 4929 et
3028 4872 3393 4933 misericordia
3444 4872 3657 4929 Domini

2070 4970 2237 5025 nostri
2277 4967 2401 5023 Jesu
2447 4965 2642 5021 Christi
2667 5005 2684 5031 ,
2729 4965 2814 5020 cui
2854 4973 2938 5021 est
2968 4963 3137 5036 gloria
3182 4972 3240 5020 et
3281 4962 3561 5035 imperium
3607 4963 3663 5020 iu

2071 5061 2267 5117 saecula
2297 5058 2634 5115 szeculorum.
2664 5059 2854 5111 Amen.

3603 5242 3658 5258 ~

1254 5280 1394 5401 DE
1426 5276 1958 5405 PLAUDIBUS
2004 5331 2379 5403 SANCTI
2430 5326 2746 5398 PAULI

1856 5479 2152 5524 APOSTOLI
2161 5507 2174 5521 .

1015 5763 1229 5804 HOIILIA
1268 5763 1326 5802 ll.

454 5840 587 5905 Quid
626 5839 696 5895 sit
726 5840 908 5909 homo,
936 5851 988 5897 et
1020 5855 1211 5907 quanta
1240 5852 1441 5899 natura:
1469 5848 1664 5897 nostra:
1690 5837 1967 5899 nobilitas,

1989 5605 2245 5660 [ξω-..μ

2101 5626 2310 5645 -σρ-Ρ

2074 5746 2390 5812 quantaeque
2412 5751 2577 5805 capax
2612 5735 2823 5788 virtutis
2848 5733 2948 5787 hoc
2964 5734 3030 5785 sit
3051 5731 3268 5796 animal,
3292 5732 3372 5788 vel
3399 5734 3665 5803 praecipue

2078 5854 2143 5893 ex
2170 5835 2414 5892 omnibus
2445 5831 2637 5887 Paulus
2661 5822 2915 5893 ostendit,
2947 5823 3037 5896 qui
3069 5839 3210 5882 nunc
3235 5828 3380 5883 stetit
3409 5827 3669 5885 adversus
