4130 6442
526 356 630 416 479

519 471 916 530 criminationes
962 469 1208 526 humana!
1239 477 1512 528 creaturm,
1541 462 1830 518 clarissima
1861 472 1957 528 pro
1983 459 2090 510 Do-

521 564 667 619 mino
710 579 840 618 Voce
865 562 1212 630 respondens,
1245 559 1530 613 cohortans
1559 555 1624 607 ad
1663 552 1832 606 studia
1863 550 2092 614 virtutis,

521 665 574 707 et
602 653 1056 722 impudentissima
1088 649 1557 718 blasphemantium
1589 660 1678 698 ora
1723 641 2048 697 concludens
2080 655 2094 690 :

520 745 722 798 docens
747 758 954 814 quoque
983 741 1124 810 quod
1177 742 1314 794 inter
1357 738 1571 806 angelos
1599 735 1948 801 hominesque
1991 746 2094 784 non

520 833 720 901 grande
749 835 818 886 sit
843 833 1092 896 medimn,
1122 832 1164 884 si
1195 841 1367 884 tamen
1385 844 1481 881 nos
1510 827 1653 896 ipsos
1674 823 1975 894 diligentius
2001 839 2096 876 ex-

521 927 781 981 colamus.
813 925 926 979 Non
954 926 1094 979 enim
1139 923 1294 976 aliam
1337 921 1423 975 ille
1448 930 1526 974 est
1564 919 1782 972 sortitus
1829 927 2090 980 naturam,

525 1031 620 1070 nec
651 1015 959 1070 dissimilem
991 1023 1174 1068 nactus
1220 1013 1470 1075 animam,
1516 1024 1688 1078 neque
1727 1009 1948 1060 alterum
1998 1005 2094 1058 ha-

525 1108 697 1162 bitans
739 1107 1011 1167 mundum,
1057 1104 1147 1157 sed
1176 1106 1226 1156 in
1258 1101 1448 1158 eadem
1493 1109 1651 1165 terra,
1683 1098 1973 1166 eademque
2013 1111 2096 1150 re-

525 1199 702 1268 gione,
732 1199 831 1252 sub
857 1197 1054 1250 eisdem
1083 1195 1242 1248 etiam
1272 1192 1473 1262 legibus
1502 1193 1730 1244 nutritus
1759 1198 1812 1243 et
1838 1187 2094 1251 moribus,

522 1301 742 1342 cunctos
765 1288 850 1357 qui
876 1289 956 1340 vel
982 1302 1122 1340 nunc
1147 1293 1271 1338 sunt
1293 1283 1552 1346 homines,
1572 1281 1651 1335 vel
1685 1280 1912 1341 fuerunt,
1939 1278 2097 1332 altius

525 1382 716 1434 virtute
743 1381 1086 1434 transcendit.
1119 1378 1220 1432 Ubi
1244 1378 1401 1446 igitur
1429 1375 1504 1428 illi
1538 1388 1677 1428 nunc
1703 1382 1825 1426 sunt
1855 1371 1944 1440 qui
1970 1371 2094 1423 vitia

524 1475 574 1526 iu
601 1473 846 1541 proclivi,
874 1472 1125 1525 virtutem
1156 1471 1207 1523 in
1248 1469 1414 1522 arduo
1439 1464 1806 1521 collocarunt?
1832 1463 1928 1518 llic
1953 1463 2094 1517 enim

525 1565 694 1633 palam
723 1563 826 1616 illis
855 1570 1134 1630 repugnat,
1163 1559 1346 1614 dicens
1375 1575 1388 1612 :
1421 1557 1570 1623 Quod
1606 1557 1737 1622 enim
1768 1557 1819 1608 in
1865 1555 2096 1624 prwsenti

524 1664 927 1707 momentaneum
967 1661 1038 1705 est
1084 1667 1143 1703 ac
1191 1649 1294 1703 lere
1333 1648 1664 1702 tribulationis
1694 1656 1893 1711 nostrw,
1943 1660 2099 1714 supra

525 1746 728 1796 modum
753 1744 807 1796 in
845 1742 1150 1796 sublimitate
1172 1750 1417 1794 a'ternunt
1443 1740 1497 1792 in
1540 1738 1680 1792 nobis
1708 1737 1882 1806 gloria:
1901 1735 2099 1806 pondus

525 1844 763 1905 operatur
805 1834 877 1906 (Ξ
926 1833 1042 1888 Cor.
1066 1834 1120 1888 ι.
1145 1831 1213 1887 17
1239 1833 1278 1904 ).
1305 1831 1360 1888 Si
1388 1841 1564 1885 autem
1607 1828 1906 1898 hujusmodi
1929 1826 2098 1881 tribu-

526 1928 748 1981 lationes
777 1925 1116 1980 inveniuntur
1141 1924 1306 1989 leves,
1330 1933 1526 1994 quanto
1552 1921 1720 1991 magis
1741 1919 1954 1989 haequa:
1976 1925 2100 1972 sunt

528 2018 579 2072 in
610 2019 761 2072 nobis
783 2017 1080 2086 voluptates
1102 2016 1128 2070 Ρ

597 2107 784 2178 Ingens
811 2105 966 2160 Pauli
995 2106 1432 2177 {ervom—Neque
1451 2121 1578 2160 vero
1606 2103 1707 2158 hoc
1735 2102 1904 2158 solum
1928 2103 1978 2155 in
2009 2101 2100 2154 illo

527 2199 766 2252 mirabile
810 2205 914 2260 est,
960 2197 1101 2268 quod
1152 2213 1262 2266 prae
1290 2195 1610 2250 abundantia
1640 2193 1938 2248 devotionis
1966 2205 2100 2261 quo.

525 2290 808 2344 dammodo
847 2304 953 2343 non
983 2289 1150 2343 sensit
1178 2288 1392 2343 dolores
1415 2302 1512 2356 pro
1555 2287 1748 2340 virtute
1785 2294 2098 2352 susceptos;

525 2380 620 2434 sed
641 2381 799 2434 etiam
826 2379 964 2449 quod
985 2381 1232 2435 virtutem
1264 2379 1431 2449 ipsam
1461 2392 1558 2448 pro
1586 2376 1833 2431 mercede
1854 2390 1959 2429 non
1983 2387 2101 2428 sus-

523 2472 685 2540 cepit.
732 2471 864 2526 Nam
891 2487 990 2526 nos
1004 2471 1216 2540 quidem
1241 2486 1336 2540 pro
1361 2484 1422 2524 ea
1446 2483 1544 2522 nec
1562 2469 1826 2538 proposita
1855 2465 2102 2520 mercede

524 2572 809 2629 certamus,
838 2578 995 2633 quam
1043 2562 1132 2616 ille
1157 2561 1515 2630 complectens
1534 2560 1692 2614 etiam
1735 2559 1851 2613 sine
1881 2557 2102 2626 prmmio

526 2653 796 2724 diligebat,
823 2662 1009 2707 cuncta
1041 2653 1130 2706 illa
1151 2667 1270 2722 quae
1294 2650 1578 2720 asperitate
1605 2650 1686 2705 sui
1733 2648 1982 2703 videntur
2003 2647 2102 2702 imo

527 2745 712 2815 pedire
733 2745 994 2808 virtutem,
1009 2758 1129 2798 cum
1151 2739 1737 2810 omnimagnanimitate
1762 2737 2099 2807 perpetiens:

526 2837 617 2906 qui
642 2849 811 2903 neque
837 2834 1195 2888 infirmitatem
1221 2832 1484 2901 corporis,
1517 2845 1687 2900 neque
1712 2828 2102 2884 multitudinem

459 2919 462 2922 ’
526 2926 980 2981 circumstantium
1026 2923 1259 2994 undique
1289 2923 1640 2992 negotiorum,
1672 2936 1841 2990 neque
1869 2920 2106 2992 tyranni-

527 3019 651 3073 dem
683 3025 907 3081 naturae,
934 3032 1106 3086 neque
1125 3015 1412 3086 quidquam
1442 3013 1583 3068 aliud
1613 3015 1830 3067 omnino
1859 3021 2105 3066 causatus

527 3119 612 3166 est
636 3126 650 3164 :
678 3124 798 3164 cum
829 3110 1010 3179 utique
1052 3109 1223 3178 major
1251 3107 1350 3171 illi,
1378 3121 1536 3176 quam
1586 3105 1792 3160 cunctis
1819 3113 1874 3158 et
1901 3103 2106 3158 militire

527 3200 855 3270 principibus
906 3207 962 3255 et
996 3199 1210 3269 regibus
1262 3207 1420 3253 terra:
1453 3203 1596 3252 esset
1625 3209 1755 3249 cura
1795 3194 2103 3250 commissa.

527 3296 635 3350 Sed
657 3295 891 3365 quotidie
909 3294 1122 3358 celsior,
1141 3291 1376 3363 quotidie
1401 3289 1711 3360 assurgebat
1733 3287 2022 3352 ardentior,
2051 3294 2107 3341 et

527 3388 746 3442 intentis
767 3387 864 3441 sibi
885 3387 1132 3457 periculis
1149 3401 1284 3440 nova
1297 3399 1510 3453 semper
1525 3383 1799 3437 alacritate
1816 3380 2102 3452 pugnabat,

528 3479 685 3550 idque
708 3480 1010 3549 significans
1032 3477 1242 3533 dicebat
1261 3496 1275 3532 :
1297 3475 1490 3530 Eorum
1509 3489 1620 3546 qua:
1644 3483 1776 3528 retro
1793 3473 2102 3539 abliviscens,

527 3572 583 3623 in
627 3587 685 3624 ea
721 3586 858 3635 uero,
893 3585 1008 3638 quia
1026 3570 1199 3638 priora
1222 3578 1337 3622 sunt
1362 3567 1632 3621 extendens
1657 3564 2016 3636 me(Philipp.
2048 3566 2102 3618 3.

528 3662 598 3715 13
638 3662 682 3731 ),
705 3661 792 3731 qui
819 3675 939 3714 eum
957 3661 1056 3713 sibi
1081 3661 1191 3728 jam
1229 3667 1455 3713 mortem
1480 3657 1845 3712 imminentem
1874 3656 2102 3722 videret,

527 3752 595 3805 ad
622 3751 1047 3806 communionem
1069 3749 1582 3816 delectationemque
1610 3747 1789 3817 gaudii
1812 3747 1945 3801 alios
1973 3760 2103 3815 pro-

528 3843 772 3907 vocabat,
797 3842 1019 3897 dicens:
1046 3840 1291 3906 Gaudete,
1313 3848 1358 3892 et
1381 3838 1800 3908 congratulamini
1815 3837 1933 3890 mihi
1955 3835 2108 3909 (Phi-

529 3935 728 4006 lipp.2.
752 3936 812 3989 l8
851 3933 870 4003 )
898 3948 992 3988 :ac
1012 3931 1280 4003 periculis,
1307 3931 1529 4000 injuriis,
1553 3929 1956 3999 opprobriisque
1984 3943 2107 3998 pro.

531 4025 743 4097 positis,
785 4039 970 4078 rursus
1018 4023 1267 4085 exsultat,
1297 4031 1350 4076 et
1375 4020 1664 4076 Corinthiis
1696 4022 1953 4085 scribens,
1985 4021 2058 4074 ait
2088 4036 2101 4074 :

529 4118 716 4172 Placeo
740 4117 864 4169 mihi
901 4115 954 4168 in
979 4115 1375 4180 inﬁrmitatibus,
1424 4114 1478 4167 in
1503 4113 1836 4178 contumeliis,
1864 4114 1914 4166 in
1940 4128 2107 4183 perse-

527 4204 963 4277 quutionibus(2.
1017 4205 1136 4259 Cor.
1166 4205 1252 4259 12.
1289 4205 1430 4272 l0):
1469 4219 1589 4259 cum
1618 4205 1799 4274 utique
1836 4203 1950 4260 haec
1991 4204 2106 4274 ipsa

529 4310 651 4353 esse
671 4297 873 4352 diceret
895 4279 1038 4350 arma
1067 4295 1307 4365 justitiaz,
1344 4295 1632 4350 ostendens
1681 4295 1806 4350 hinc
1845 4296 1942 4351 sibi
1995 4295 2107 4350 fru-

527 4399 673 4445 etum
699 4390 988 4443 maximum
1031 4387 1331 4457 provenire.
1365 4387 1542 4457 Itaque
1571 4401 1692 4442 eum
1729 4388 1866 4443 inter
1904 4387 2107 4444 medias

532 4481 867 4536 inimicorum
930 4486 1234 4534 versaretur
1285 4477 1546 4544 insidias,
1592 4493 1758 4532 ovans
1809 4488 1988 4534 tamen
2039 4479 2107 4535 de

530 4573 676 4627 omni
727 4588 914 4628 eorum
966 4569 1232 4626 referebat
1272 4570 2004 4640 impugnationevictorias,
2053 4580 2108 4627 et

531 4662 727 4732 ubique
749 4671 934 4718 ‘caisus
957 4662 1288 4726 verberibus,
1315 4660 1537 4716 affectus
1567 4660 1780 4730 injuriis
1804 4671 1963 4731 atque
1987 4677 2104 4716 ma-

530 4753 756 4816 ledictis.
808 4755 956 4823 quasi
1003 4751 1352 4822 triumphales
1396 4766 1616 4823 pompas
1661 4762 1876 4822 ageret,
1920 4753 2106 4808 crebra

531 4855 729 4914 tropaea
750 4854 998 4906 strueret,
1018 4844 1364 4914 gloriabatur,
1377 4845 1678 4913 gratiasque
1697 4843 1960 4897 referebat
1975 4844 2102 4908 Deo,

529 4937 754 4992 dicens:
785 4934 891 4989 Deo
917 4945 1083 4989 autent
1108 4935 1320 5006 gratias,
1358 4934 1444 5004 qui
1480 4950 1682 5004 semper
1715 4934 1990 5004 triumphat
2015 4951 2106 4989 nos

533 5029 624 5101 (2.
655 5027 772 5082 Cor.
799 5025 1015 5096 2.14).

610 5119 748 5184 Quid
778 5117 1051 5170 timendum
1094 5117 1179 5182 sit,
1209 5117 1330 5187 quid
1358 5115 1631 5186 aptandum
1655 5131 1674 5180 ,°
1702 5115 1894 5171 Caritas
1920 5116 2106 5172 Christi

526 5211 689 5264 instar
714 5209 938 5285 omnium
970 5207 1231 5259 bonorum.
1261 5237 1332 5248 —
1353 5207 1533 5277 Itaque
1564 5206 1628 5261 ad
1658 5207 2023 5263 confusionem
2051 5217 2106 5264 et

528 5303 768 5372 injurias,
793 5315 923 5371 quas
937 5299 1008 5354 ob
1023 5299 1340 5368 prmdicandi
1357 5301 1586 5354 studium
1601 5301 1914 5366 sustinebat,
1937 5303 2104 5371 magis

529 5409 686 5462 quam
740 5409 837 5448 nos
887 5392 956 5447 ad
1007 5391 1270 5446 honorum
1317 5392 1706 5447 oblectamenta
1745 5395 2100 5464 preperabat,

528 5492 752 5537 mortem
791 5485 985 5553 potius,
1015 5498 1175 5554 quam
1221 5497 1320 5538 nos
1341 5483 1504 5538 vitam
1546 5494 1802 5553 appetens
1833 5504 1846 5540 ε
1877 5501 2102 5557 pauper-

530 5581 885 5642 tatem,quam
911 5575 1233 5645 opulentiam
1259 5591 1276 5630 :
1307 5584 1362 5630 et
1387 5575 1554 5630 multo
1583 5577 1810 5645 amplius
1862 5577 2101 5634 laborem
2159 5572 2194 5596 “”

531 5665 862 5733 desiderans,
888 5685 1043 5740 quam
1070 5672 1156 5726 alii
1179 5671 1412 5741 requiem
1439 5681 1560 5742 post
1585 5670 1817 5725 laborem
1844 5690 1858 5726 :
1887 5687 1950 5729 ac
1979 5687 2104 5730 mte-

532 5773 708 5813 rorem
730 5761 894 5834 magis
910 5762 1128 5834 eligens,
1145 5779 1303 5836 quam
1327 5766 1412 5821 alii
1431 5765 1749 5836 voluptatem
1775 5785 1787 5821 :
1813 5767 2098 5824 studiosius

1260 354 1316 410 S.
1348 351 1624 409 JOANNIS
1661 339 2136 404 CllRYSUSTOMI
2175 339 2492 400 ARCHIEP.
2533 343 3068 403 CONSTANTINOP.

3674 351 3783 408 430

2204 470 2302 524 pro
2332 456 2558 512 inimicis
2579 473 2754 522 orans,
2783 476 2941 530 quam
2962 460 3049 515 alii
3075 459 3330 515 adversus
3347 461 3608 519 inimicos.
3638 465 3791 520 Con-

2203 556 2434 601 verterat
2461 549 2603 603 enim
2654 551 2897 605 ordinem
2945 566 3124 606 rerum
3159 569 3172 604 :
3204 552 3312 604 imo
3358 567 3459 606 nos
3486 569 3608 608 eum
3656 571 3792 609 vere

2203 641 2574 706 perverlimus.
2608 641 2688 694 Ab
2710 642 2802 695 illo
2829 653 3005 697 autem
3032 643 3108 696 sic
3137 644 3433 698 custoditus
3463 655 3567 710 est,
3595 661 3791 715 quem-

2202 729 2485 785 admodum
2516 746 2546 785 a
2590 731 2701 786 Deo
2734 732 2906 787 fuerat
2943 733 3238 788 institutus.
3287 734 3381 788 Illa
3423 736 3563 789 enim
3605 738 3788 789 omnia

2202 836 2320 888 quae
2358 821 2744 890 appetebantur
2787 839 2816 876 a
2886 823 3069 888 Paulo,
3103 833 3309 878 natura:
3351 839 3620 894 congrua;
3671 826 3791 878 haec.

2203 926 2351 975 vero,
2377 928 2496 980 qua:
2527 913 2666 967 idem
2708 913 2796 966 ille
2840 913 3093 982 fugiebat,
3143 916 3411 969 contraria
3452 916 3783 984 judicantur.

2205 1003 2358 1059 Unde
2396 1003 2533 1058 istud
2567 1005 2776 1074 probari
2836 1007 3057 1074 potest?
3089 1007 3258 1059 llomo
3285 1006 3428 1060 enim
3474 1022 3596 1061 cum
3643 1016 3792 1061 esset

2203 1093 2416 1157 Paulus,
2469 1095 2535 1148 ad
2576 1095 2660 1149 illa
2689 1105 2865 1150 tamen
2910 1097 3096 1166 magis,
3128 1112 3285 1166 quam
3316 1096 3380 1150 ad
3400 1098 3497 1152 ista
3515 1096 3786 1151 currebat.

2204 1184 2377 1239 Unum
2406 1187 2546 1240 enim
2577 1186 2652 1241 illi
2682 1185 3073 1241 formidandum
3101 1197 3388 1257 eratatque
3413 1187 3788 1254 metuendum,

2203 1277 2406 1331 offensa
2451 1279 2700 1332 nimirum
2733 1279 2849 1345 Dei,
2883 1293 2985 1334 nec
3026 1280 3314 1349 quidquam
3361 1279 3506 1334 aliud
3537 1280 3760 1334 omnino

2204 1369 2345 1440 Ergo
2401 1384 2501 1424 nec
2548 1370 2902 1425 desiderabile
2946 1372 3021 1426 illi
3077 1372 3217 1426 aliud
3259 1382 3395 1436 erat,
3441 1373 3542 1428 nisi
3575 1373 3789 1441 placere

2203 1475 2417 1528 semper
2446 1460 2580 1515 Deo.
2610 1459 2726 1515 Non
2757 1459 2878 1514 dico
2896 1461 3014 1528 quia
3046 1461 3174 1515 nihil
3203 1461 3545 1530 prtesentium
3574 1461 3788 1532 deside-

2204 1551 2378 1615 rabat,
2409 1550 2504 1604 sed
2535 1565 2635 1604 nec
2659 1551 2894 1620 ipsorum
2925 1551 3122 1622 aliquid
3149 1550 3468 1605 futurorum.
3497 1550 3614 1605 Non
3641 1552 3788 1604 enim

2202 1643 2333 1698 mihi
2379 1643 2527 1698 dicas
2559 1643 2720 1698 urbes
2760 1654 2814 1698 et
2843 1655 3066 1713 gentes,
3107 1644 3396 1706 exercitus,
3441 1643 3786 1712 provincias,

2204 1736 2476 1805 pecunias,
2509 1745 2799 1806 potestates
2828 1754 2840 1789 :
2872 1735 2985 1791 haec
3011 1737 3153 1790 enim
3193 1735 3280 1790 ille
3325 1749 3644 1790 aranearum
3696 1734 3788 1789 ﬁla

2203 1829 2507 1897 reputavit:
2556 1827 2650 1882 sed
2691 1843 2752 1883 ea
2804 1828 2917 1898 ipsa
2967 1842 3124 1898 pone,
3155 1841 3272 1896 quae
3318 1826 3698 1895 promittuntur
3733 1825 3786 1878 in

2203 1921 2368 1987 ea'lis,
2414 1929 2469 1974 et
2496 1929 2620 1974 tunc
2660 1921 2776 1988 ejus
2819 1920 3093 1974 ardentem
3123 1919 3174 1972 in
3202 1918 3412 1972 Christo
3436 1932 3675 1971 amorem
3702 1917 3788 1969 vi—

2203 2013 2372 2068 debis.
2404 2013 2501 2067 [lic
2528 2012 2789 2082 siquidem
2819 2029 2926 2082 prae
2957 2013 3099 2066 illius
3141 2010 3442 2076 dulcedine,
3487 2025 3594 2064 non
3620 2024 3788 2079 ange-

2202 2105 2394 2172 lorum,
2423 2122 2529 2160 non
2554 2106 2990 2176 archangelorum
3019 2105 3312 2159 admiratus
3336 2113 3418 2158 est
3443 2103 3783 2173 dignitatem,

2204 2211 2304 2251 nec
2354 2197 2637 2267 quidquam
2683 2195 2870 2251 horum
2898 2196 3072 2250 simile
3100 2195 3417 2262 concupivit.
3462 2193 3614 2261 Quod
3639 2195 3786 2249 enim

2204 2297 2320 2343 erat
2359 2289 2531 2358 majus
2569 2289 2837 2354 omnibus,
2866 2287 3067 2342 Christi
3103 2302 3286 2342 amore
3329 2285 3629 2350 fruebatur;
3661 2301 3788 2340 cum

2206 2378 2309 2433 hoc
2349 2378 2640 2434 beatiorem
2693 2394 2753 2434 se
2779 2381 2985 2434 cunctis
3013 2380 3271 2448 putabat;
3307 2377 3424 2433 sine
3452 2378 3554 2432 hoc
3605 2388 3786 2431 autem

2206 2485 2377 2539 neque
2402 2469 2784 2534 dominatuum,
2839 2485 3010 2539 neque
3046 2471 3432 2539 principatuum
3461 2471 3638 2524 socius
3664 2484 3791 2525 esse

2205 2559 2449 2630 cupiebat
2468 2578 2480 2613 :
2500 2560 2590 2615 sed
2615 2577 2733 2615 cum
2764 2561 2864 2616 hac
2885 2561 3165 2616 dilectione
3185 2561 3350 2630 magis
3373 2575 3492 2615 esse
3510 2570 3792 2616 extremus

2205 2653 2440 2721 Optabat,
2469 2652 2575 2731 imo
2603 2652 2761 2706 etiam
2785 2668 2851 2708 ex
2878 2667 3100 2708 numero
3127 2652 3455 2721 punitorum,
3483 2667 3641 2722 quam
3668 2653 3791 2707 sine

2209 2741 2307 2797 hac
2344 2742 2481 2796 inter
2499 2757 2736 2797 summos
2760 2753 2812 2798 et
2828 2741 3031 2798 honore
3058 2743 3332 2798 sublimes.
3363 2742 3475 2797 Hoc
3497 2743 3640 2797 enim
3667 2753 3794 2798 erat

2207 2833 2278 2889 illi
2309 2835 2594 2890 maximum
2621 2843 2676 2891 et
2697 2835 2962 2906 singulare
2980 2844 3322 2902 tormentum,
3347 2835 3414 2889 ab
3440 2835 3539 2890 hac
3562 2835 3792 2890 caritate

2206 2925 2480 2981 discedere
2500 2945 2513 2980 :
2533 2926 2646 2981 h-ee
2672 2926 2747 2981 illi
2771 2935 2888 2982 erat
2909 2927 3171 2996 gehenna,
3198 2925 3314 2982 hree
3335 2925 3444 2980 sola
3461 2941 3638 2996 poena,
3667 2925 3793 2981 hac

2208 3018 2410 3074 infinita
2441 3027 2496 3073 et
2537 3017 2866 3074 intoleranda
2913 3018 3190 3089 supplicia.
3218 3017 3366 3074 Sicut
3389 3018 3546 3073 etiam
3577 3020 3790 3089 perfrui

2206 3110 2422 3172 caritate
2444 3109 2661 3172 Christi,
2681 3111 2780 3164 hoc
2797 3109 2870 3164 illi
2888 3110 3014 3177 vita,
3029 3108 3131 3164 hoc
3145 3109 3394 3177 mundus,
3425 3109 3524 3164 hoc
3541 3109 3790 3178 angelus,

2210 3200 2310 3255 hoc
2337 3201 2638 3271 prmsentia,
2671 3201 2771 3255 hoc
2796 3199 2992 3268 futura,
3021 3200 3124 3255 hoc
3150 3216 3395 3270 regnum,
3425 3201 3525 3257 hoc
3553 3201 3791 3270 promis-

2209 3291 2311 3355 sio,
2345 3291 2445 3345 hoc
2467 3291 2603 3346 bona
2633 3290 2910 3347 videbatur
2952 3292 3227 3347 innumera
3257 3303 3488 3362 :prteter
3529 3293 3632 3347 hoc
3656 3307 3793 3347 vero

2208 3382 2338 3438 nihil
2381 3383 2433 3437 in
2461 3384 2686 3438 tristium
2715 3383 2804 3438 vel
2829 3383 3184 3453 jucundorum
3213 3393 3364 3454 parte
3400 3385 3650 3454 ponebat.
3677 3384 3795 3438 Ho-

2208 3491 2328 3530 rum
2370 3475 2514 3530 enim
2555 3491 2674 3545 quae
2703 3474 2788 3530 hic
2827 3476 3108 3542 habentur,
3148 3477 3280 3531 nihil
3334 3491 3603 3547 asperum,
3653 3477 3792 3532 nihil

2207 3567 2366 3620 etiam
2394 3578 2562 3621 suave
2599 3567 2896 3634 reputabat.
2923 3566 3013 3622 Sic
3035 3567 3367 3636 deSpiciebat
3393 3568 3636 3622 universa
3665 3582 3794 3638 quae

2208 3657 2493 3720 cernimus,
2510 3664 2570 3710 ut
2591 3657 2724 3711 solet
2755 3657 2912 3712 herba
2930 3657 3038 3726 jam
3060 3657 3347 3725 putrefacta
3369 3658 3652 3712 contemni.
3682 3657 3796 3728 Ty-

2208 3761 2405 3802 rannos
2417 3762 2546 3800 vero
2566 3749 2730 3815 ipsos,
2759 3763 2820 3801 ac
2841 3748 3064 3818 populos
3085 3747 3348 3816 Spirautes
3365 3746 3620 3822 furorem,
3643 3749 3794 3804 velut

2208 3836 2464 3907 quosdam
2494 3851 2613 3891 esse
2640 3837 2838 3892 culices
2881 3837 3237 3894 existimabat.
3289 3836 3508 3892 Mortem
3559 3853 3691 3893 vero
3734 3849 3794 3894 et

2208 3930 2475 3986 cruciatus
2496 3938 2550 3985 et
2578 3930 2722 3985 mille
2749 3930 3026 3999 supplicia,
3053 3931 3202 3999 quasi
3225 3929 3406 3984 ludum
3428 3930 3642 4000 putabat
3666 3944 3794 3986 esse

2210 4038 2516 4094 puerorum,
2548 4022 2834 4078 dummodo
2864 4033 3078 4092 propter
3104 4021 3373 4076 Christum
3424 4022 3624 4091 aliquid
3663 4036 3785 4077 sus-

2210 4115 2422 4169 tineret.
2456 4113 2604 4168 Tunc
2650 4114 2792 4167 enim
2837 4115 2948 4182 ipsa
2999 4112 3416 4182 amplectebatur
3456 4113 3702 4180 libenter,
3735 4125 3788 4169 et

2209 4209 2559 4264 decorabatur
2585 4207 2794 4262 vinctus
2819 4219 3007 4261 eatena
3036 4202 3222 4276 magis,
3246 4221 3404 4275 quam
3432 4205 3572 4262 Nero
3599 4207 3794 4263 diadeo

2211 4311 2351 4357 male
2379 4309 2685 4356 coronatus.
2715 4300 2929 4355 Etenim
2957 4308 3254 4354 eoarctatus
3273 4314 3491 4354 carcere
3519 4298 3792 4355 habitabat

2209 4394 2417 4458 cadum,
2467 4407 2530 4447 ac
2575 4391 2824 4446 libentius
2863 4391 3084 4446 verbera
3129 4391 3428 4459 excipiebat
3467 4397 3521 4444 et
3545 4389 3787 4456 vulnera,

2209 4500 2367 4556 quam
2406 4484 2495 4538 alii
2537 4483 2717 4556 bravia
2753 4482 3012 4552 diripiunt
3038 4499 3051 4536 :
3077 4491 3132 4536 et
3176 4480 3388 4536 dolores
3439 4496 3541 4535 non
3591 4481 3789 4547 minus,

2210 4553 2366 4646 quam
2392 4553 2900 4646 prmmiadiligebat,
2925 4587 3046 4627 cum
3069 4574 3210 4642 ipsos
3234 4574 3416 4642 utique
3437 4573 3649 4627 dolores
3667 4571 3789 4627 loco

2209 4669 2429 4724 duceret
2449 4667 2784 4735 prmmiorum
2809 4683 2822 4719 :
2851 4675 3132 4737 propterea
3157 4666 3302 4720 enim
3339 4666 3460 4720 illos
3486 4676 3536 4720 et
3563 4666 3792 4734 gratiam

2211 4760 2538 4816 nominabat.
2567 4760 2734 4826 Quem
2784 4772 2998 4813 sensum
3027 4757 3314 4826 diligenter
3336 4757 3596 4825 expende.
3638 4756 3793 4810 Prae-

2210 4851 2374 4906 mium
2404 4864 2551 4907 certe
2571 4859 2686 4906 erat
2711 4850 2948 4913 dissolvi,
2980 4857 3174 4904 etesse
3210 4862 3330 4902 cum
3365 4847 3578 4902 Christo
3608 4848 3626 4917 (
3664 4847 3794 4901 Plii-
3875 4907 3880 4909 _

2211 4945 2340 5016 lipp.
2375 4945 2424 5000 1.
2445 4943 2536 5000 25.
2563 4944 2634 5001 24
2657 4943 2713 5013 ):
2747 4955 3066 5013 permanere
3093 4949 3274 4995 autem
3309 4941 3362 4994 in
3390 4955 3572 5006 carne,
3612 4950 3793 4994 certa-

2209 5052 2330 5091 men
2355 5053 2370 5102 ;
2397 5035 2490 5091 sed
2513 5045 2688 5089 tamen
2729 5043 2946 5104 propter
2977 5029 3178 5088 Christi
3202 5032 3522 5087 desiderium
3567 5033 3790 5101 praemia

2210 5127 2486 5184 differebat
2504 5126 2794 5196 cupiditate
2808 5124 3137 5189 certaminis,
3165 5123 3323 5192 idque
3351 5123 3518 5192 magis
3536 5137 3758 5176 necessa
3770 5153 3791 5164 -

2209 5220 2344 5274 rium
2366 5233 2481 5273 esse
2501 5217 2748 5272 ducebat.
2780 5214 2824 5269 Ε
2847 5216 3062 5284 regione
3078 5228 3204 5268 vero
3220 5213 3497 5267 anathema
3525 5227 3554 5266 a
3576 5211 3793 5266 Christo

2209 5310 2320 5364 lieri
2351 5317 2619 5364 certamen
2670 5317 2785 5362 erat
2830 5315 2882 5361 et
2917 5307 3088 5368 dolor,
3121 5305 3286 5374 magis
3325 5311 3499 5358 autem
3538 5311 3592 5357 et
3627 5317 3790 5372 supra

2207 5411 2499 5464 certamen,
2547 5415 2811 5470 supraque
2863 5413 3076 5452 omnem
3105 5397 3368 5451 dolorem.
3400 5398 3470 5450 At
3490 5411 3620 5450 vero
3665 5411 3790 5451 esse

2207 5510 2328 5549 cum
2362 5493 2576 5548 Christo
2603 5503 2718 5547 erat
2742 5493 3018 5564 prmmium
3058 5491 3357 5560 singulare;
3391 5489 3580 5542 Paulus
3610 5497 3787 5544 tamen

2209 5593 2425 5649 propter
2444 5583 2712 5638 Christum
2743 5581 2868 5635 illud
2895 5581 3249 5650 maluitquam
3272 5579 3406 5633 istud
3433 5578 3650 5647 eligere.
3679 5579 3788 5633 Sed

2206 5678 2446 5748 profecto
2463 5675 2602 5730 dicat
2629 5675 2715 5728 hic
2734 5673 2941 5742 aliquis,
2961 5671 3208 5742 quoniam
3235 5670 3350 5724 haec
3373 5669 3549 5722 omnia
3573 5679 3789 5738 propter

2211 5769 2477 5828 Christum
2510 5765 2691 5822 suavia
2730 5781 2848 5822 csse
2891 5765 3118 5820 dicebat.
3156 5761 3267 5817 iInc
3298 5759 3450 5824 plane
3477 5760 3635 5816 etiam
3674 5761 3787 5830 ipse
