4130 6442
333 377 444 433 479

329 497 566 564 Παῦλος·
586 493 679 550 καὶ
703 492 795 550 νῦν
865 491 1118 563 ἔστηκεν,
1156 490 1216 559 ἐξ
1246 483 1313 546 οῦ
1340 489 1556 561 γέγονε,
1587 490 1818 583 λαμπρᾷ
1854 491 1920 562 τῇ

329 597 489 666 φωνῇ
532 595 669 666 πρὸς
719 595 969 661 ἅπαντας
1027 595 1156 659 τοὺς
1216 592 1587 665 ἐγκαλοῦντας
1641 593 1801 667 ἡμῶν
1851 599 1920 668 τῇ

327 695 651 766 κατασκευῇ
680 693 1121 767 ἀπολογούμενος
1157 693 1301 769 ὑπὲρ
1354 695 1451 750 τοῦ
1483 697 1780 762 Δεσπότου,
1806 695 1922 751 ’καὶ

302 774 661 870 ιπροτρέπων
690 794 777 850 ἐπ’
801 797 995 869 ἀρετῇ,
1027 795 1124 851 καὶ
1151 795 1223 851 τά
1251 796 1588 870 ἀναίσχυντα
1631 799 1742 853 τῶν
1794 797 1923 870 βλα-

329 902 571 972 σφὴμων
615 898 947 974 ἐμφράττων
993 900 1260 972 στόματα,
1300 900 1396 956 καὶ
1428 901 1644 965 δεικνὺς
1688 900 1772 954 ὅτι
1816 901 1922 971 ἀγ-

325 999 507 1070 γέλων
534 1000 632 1055 καὶ
662 998 967 1073 ἀνθρώπων
992 1000 1056 1055 οὐ
1092 1000 1229 1057 πολὺ
1271 1001 1335 1056 τὺ
1379 1001 1563 1075 μέσον,
1591 1000 1687 1055 ἐὰν
1719 1001 1920 1056 ἐθέλω-

330 1120 437 1175 μεν
462 1104 751 1177 προσέχειν
790 1104 1027 1170 ἐαυτοῖς.
1055 1104 1132 1158 Ού
1167 1104 1277 1178 γὰρ
1310 1104 1478 1178 ἀλλην
1508 1105 1671 1176 φύσιν
1711 1104 1916 1179 λαχὼν,

327 1205 453 1260 οὐδὲ
486 1204 679 1278 ἐτέρας
716 1206 1057 1278 κοινωνήσας
1092 1204 1295 1278 ψυχῆς,
1337 1205 1460 1261 οὐδὲ
1500 1206 1660 1262 ἄλλον
1687 1208 1920 1278 οἰκήσας

325 1306 557 1378 κόσμον,
579 1305 693 1360 ἀλλ’
717 1307 776 1360 ἐν
799 1308 867 1378 τῇ
897 1306 1035 1378 αὐτῇ
1064 1308 1135 1378 γῇ
1168 1307 1263 1361 καὶ¹
1293 1305 1449 1379 χώρᾳ
1483 1308 1579 1361 καὶ
1603 1307 1793 1379 νόμοις
1822 1310 1918 1363 καὶ

324 1406 477 1460 ἔθεσι
503 1406 754 1479 τραφεὶς,
780 1405 990 1470 πάντας
1018 1404 1342 1479 ἀνθρώπους
1364 1407 1762 1479 ύπερηκόντισε
1788 1412 1919 1474 τοὺς

323 1506 390 1572 ἐξ
416 1500 479 1560 οὗ
522 1505 812 1576 γεγόνασιν
838 1506 1084 1580 ἀθρωποι
1122 1506 1471 1579 γενομένους.
1514 1507 1627 1562 Ποῦ
1659 1510 1842 1565 τοίνυν
1866 1513 1917 1566 οἱ

321 1607 597 1676 λέγοντες,
616 1607 699 1661 ὅτι
725 1606 984 1662 δύσκολον
1009 1609 1045 1681 ἡ
1070 1607 1261 1681 ἀρετὴ,
1291 1608 1384 1662 καὶ
1409 1607 1632 1664 εὔκολον
1654 1612 1688 1683 ἡ
1716 1612 1913 1678 κακία;

321 1702 496 1773 Οὗτος
526 1707 636 1781 γὰρ
683 1708 1110 1780 ἀντιφθέγγεται
1144 1708 1378 1776 τούτοις,
1406 1710 1615 1780 λέγων·
1652 1711 1728 1766 Τὸ
1762 1728 1914 1784 παρ-

318 1810 543 1864 αυτίκα
587 1810 854 1880 ἐλαφρόν
900 1808 1011 1879 τῆς
1054 1811 1348 1881 θλίψεως,
1397 1816 1526 1869 καθ’
1568 1816 1916 1885 ὑπερϐολὴν

318 1912 413 1978 εὶς
457 1911 806 1980 ὑπερϐολὴν
853 1911 1099 1968 αἰώνιον
1143 1914 1338 1983 βάρος
1388 1913 1576 1983 δόξης
1624 1915 1911 1987 κατεργά-

318 2013 497 2075 ζεται.
525 2014 590 2067 Εί
618 2013 676 2067 δὲ
699 2014 947 2068 τοιαῦται
976 2014 1185 2087 θλίψεις
1212 2015 1470 2089 ἐλαφραὶ,
1500 2016 1680 2090 πολλῷ
1710 2020 1912 2095 μᾶλλον

317 2115 378 2168 αἱ
411 2114 622 2169 οἴκοθεν
656 2116 866 2186 ἡδοναί.

394 2242 505 2295 Καὶ
538 2242 600 2294 οὐ
647 2242 808 2296 τοῦτο
853 2242 1015 2314 μόνον
1065 2243 1213 2297 ἐστὶν
1253 2243 1417 2298 αὑτοῦ
1465 2245 1528 2300 τὸ
1571 2245 1906 2319 θαυμαστὸν,

313 2342 402 2395 ὃτι
452 2344 744 2415 περιουσίᾳ
792 2344 894 2415 τῆς
948 2344 1259 2416 προθυμίας
1305 2347 1429 2401 οὐδέ
1486 2348 1755 2419 ᾐσθάνετο
1801 2350 1911 2406 τῶν

314 2444 502 2498 πόνων
524 2444 631 2497 τῶν
660 2444 802 2515 ὑπὲρ
826 2446 925 2517 τῆς
949 2447 1174 2519 ἀρετῆς,
1204 2447 1320 2501 ἀλλ’
1348 2449 1429 2502 ὃτι
1454 2450 1578 2503 ούδέ
1609 2452 1703 2504 ἐπὶ
1733 2452 1911 2524 μισθῷ

311 2549 524 2620 ταύτην
572 2549 782 2619 μετῄει.
826 2549 1022 2620 Ἡμεῖς
1065 2550 1163 2621 μέν
1205 2550 1315 2623 γάρ
1355 2552 1477 2606 οὐδὲ
1526 2553 1734 2625 μισθῶν
1774 2573 1910 2627 προ-

313 2650 586 2721 κειμένων
615 2649 925 2721 ἀνεχόμεθα
950 2650 1060 2706 τῶν
1090 2651 1229 2724 ύπέρ
1261 2653 1431 2724 αὐτῆς
1462 2654 1737 2727 ἱδρώτωντ
1767 2657 1911 2710 ἐκεῖ·

311 2769 408 2816 νος
451 2748 599 2824 [485]
642 2751 699 2805 δέ
729 2751 825 2805 καὶ
867 2752 1036 2823 χωρὶς
1078 2753 1188 2806 τῶν
1233 2753 1485 2809 ἐπάθλων
1520 2756 1689 2830 αὐτὴν
1731 2759 1910 2829 ἡσπά-

308 2850 443 2915 ζετο
469 2852 565 2905 καὶ
593 2851 787 2921 ἐφίλει,
819 2853 915 2906 καὶ
952 2851 1022 2905 τὰ
1048 2852 1310 2909 δοκοῦντα
1344 2855 1519 2927 αὐτῆς
1558 2855 1698 2912 εἶναι
1729 2859 1908 2913 κωλύ-

313 2972 468 3026 ματα
497 2953 637 3025 μετά
666 2956 847 3027 πάσης
882 2956 1194 3028 ὑπερήλατο
1220 2958 1319 3030 τῆς
1349 2959 1633 3024 εὐκολίας·
1662 2962 1758 3016 καὶ
1782 2961 1908 3017 οὔτε

312 3056 570 3127 σώματος
606 3056 913 3122 ἀσθένειαν,
949 3058 1011 3112 οὐ
1060 3059 1406 3130 πραγμάτων
1455 3061 1804 3133 περίστασιν,
1844 3066 1905 3118 ού

309 3158 532 3228 φύσεως
575 3160 889 3231 τυραννίδα,
920 3160 1021 3213 οὐκ
1053 3160 1183 3214 ἄλλο
1211 3161 1363 3215 οὐδὲν
1391 3163 1655 3234 ᾐτιάσατο
1679 3181 1692 3195 ⁸
1729 3167 1906 3220 καίτοι

308 3261 410 3315 καὶ
453 3261 775 3333 στρατηγῶν
829 3262 923 3316 καὶ
974 3261 1240 3332 βασιλέων
1291 3264 1547 3318 ἁπάντων
1580 3266 1688 3320 τῶν
1734 3269 1905 3323 ὄντων

308 3361 407 3414 ἐπὶ
452 3361 557 3433 γῆς
607 3359 829 3433 μείζονα
868 3362 1125 3435 φροντίδα
1169 3365 1567 3437 ἐγχειρισθεὶς,
1610 3367 1725 3421 ἀλλ’
1755 3369 1904 3440 ὅμως

306 3461 437 3518 καθ’
469 3462 706 3535 ἑκάστην
755 3462 975 3535 ἤκμαζε
1007 3464 1109 3535 τὴν
1140 3464 1381 3537 ἡμέραν,
1427 3467 1524 3520 καὶ
1562 3467 1671 3521 τῶν
1718 3470 1900 3524 κινδύ-

308 3583 423 3622 νων
455 3564 875 3636 ἐπιτεινομένων
903 3564 1073 3636 αὐτῷ,
1103 3566 1305 3639 νεαρὰν
1345 3568 1612 3641 ἐκέκτητο
1648 3570 1747 3643 τὴν
1776 3590 1904 3644 προ-

306 3665 541 3736 θυμίαν·
578 3666 672 3719 καὶ
710 3666 868 3720 τοῦτο
916 3667 1094 3738 δηλῶν
1148 3669 1325 3738 ἔλεγε·
1380 3669 1506 3725 Τῶν
1552 3673 1670 3743 μὲν
1707 3676 1901 3730 ὀπίσω

302 3767 880 3836 ἐπιλανθανόμενος,
918 3767 1046 3835 τοῖς
1073 3768 1144 3822 δὲ
1186 3769 1530 3841 ἔμπροσθεν
1564 3774 1902 3832 ἐπεκτεινό-

299 3882 521 3937 μενος·
555 3866 653 3920 καὶ
698 3865 930 3921 θανάτου
973 3868 1447 3943 προσδοκωμένου,
1497 3877 1577 3939 εἰς
1610 3878 1900 3933 κοινωνίαν

302 3970 411 4041 τῆς
437 3969 630 4042 ἡδονῆς
656 3969 862 4041 ταύτης
893 3969 1080 4025 ἐκάλει
1107 3971 1284 4043 λέγων
1304 3991 1318 4006 ο
1354 3975 1598 4045 Χαίρετε
1624 3978 1724 4033 καὶ
1753 3994 1901 4052 συγ·

304 4068 545 4140 χαίρετέ
568 4087 672 4150 μοι
691 4086 703 4100 ·
732 4069 828 4124 καὶ
854 4069 1116 4127 κινδύνων
1140 4074 1507 4148 ἐπικειμένων
1532 4079 1629 4133 καὶ
1663 4079 1895 4151 ὕϐρεων,

302 4172 404 4226 καὶ
427 4171 652 4243 ἀτιμίας
681 4171 924 4247 ἁπάσης,
957 4174 1187 4247 ἐσκίρτα
1221 4176 1413 4233 πάλιν·
1445 4179 1540 4234 καὶ
1583 4181 1899 4256 Κορινθίοις

302 4271 639 4327 ἐπιστέλλων
670 4272 847 4343 ἔλεγε·
885 4275 985 4330 Διό
1020 4275 1121 4331 καὶ
1163 4277 1394 4341 εὐδοκῶ
1437 4280 1509 4336 ἐν
1529 4282 1894 4354 ἀσθενείαις,

298 4374 376 4429 ἐν
406 4374 673 4444 ὕϐρεσιν,
700 4376 772 4431 ἐν
801 4376 1080 4449 διωγμοῖς
1099 4395 1113 4410 ·
1145 4381 1241 4435 καὶ
1271 4382 1413 4437 ὅπλα
1440 4383 1498 4438 δέ
1524 4385 1665 4441 αύτά
1691 4387 1898 4444 δικαιο-

302 4476 474 4546 σύνης
504 4476 755 4545 ἐκάλεσε,
785 4477 1003 4542 δεικνὺς
1034 4479 1118 4533 ὅτι
1148 4482 1243 4536 καὶ
1271 4484 1525 4541 ἐντεῦθεν
1552 4487 1624 4542 τὰ
1663 4489 1896 4560 μέγιστα

299 4577 631 4650 ἐκαρποῦτο,
655 4579 751 4633 καὶ¹
778 4582 890 4645 τοῖς
917 4579 1138 4653 ἐχθροῖς
1167 4584 1434 4641 πάντοθεν
1463 4588 1764 4661 ἀχείρωτος
1789 4586 1890 4664 ἦν·

298 4679 400 4735 καὶ
430 4678 706 4752 πανταχοῦ
738 4680 1155 4754 μαστιζόμενος,
1197 4685 1574 4760 ὑϐριζόμενος,
1623 4691 1917 4765 λοιδορούο·

301 4796 499 4851 μενος,
548 4779 741 4854 ὥσπερ
784 4783 845 4839 ἐν
897 4782 1190 4856 θριάμϐοις
1232 4788 1628 4861 ἐμπομπεύων,
1679 4795 1773 4849 καὶ
1823 4796 1894 4850 τά

296 4880 538 4951 τρόπαια
572 4883 773 4955 συνεχῆ
800 4884 1078 4956 πανταχοῦ
1105 4889 1211 4958 γῆς
1245 4889 1417 4956 ἱστὰς,
1444 4889 1620 4958 οὕτως
1651 4895 1892 4951 ἐκαλλω-

295 4983 506 5051 πίζετο,
541 4986 636 5039 καί⁵
672 4985 834 5058 χάριν
872 4986 1142 5059 ὡμολόγει
1185 4989 1265 5062 τῷ
1299 4990 1663 5074 Θεῷιλέγων·
1705 4998 1889 5069 Χάρις

292 5083 369 5139 δὲ
396 5084 478 5150 τῷ
512 5085 635 5152 Θεῷ
661 5083 742 5152 τῷ
773 5086 1033 5144 πάντοτε
1064 5093 1476 5163 θριαμϐεύοντι
1505 5088 1688 5167 ἡμᾶς.

371 5185 482 5238 Καὶ
526 5186 627 5259 τὴν
670 5188 1064 5263 ἀσχημοσύνην
1095 5193 1189 5248 καὶ
1220 5193 1322 5268 τὴν
1371 5195 1529 5270 ὓϐριν
1558 5200 1659 5271 τὴν
1703 5203 1793 5258 διὰ
1827 5205 1887 5258 τὸ

293 5285 561 5357 κήρυγμα
605 5288 890 5362 μᾶλλον,ἥ
930 5293 1094 5364 ἡμεῖς
1132 5295 1231 5366 τὴν
1281 5298 1471 5370 τιμὴν,
1525 5300 1742 5372 ἐδίωκε,
1792 5308 1888 5362 καὶ

292 5385 390 5439 τὸν
427 5387 679 5455 θάνατον,
713 5389 746 5461 ἡ
777 5392 941 5463 ἡμεῖς
976 5392 1077 5466 τὴν
1116 5395 1284 5468 ζωὴν,
1329 5400 1421 5453 καὶ
1460 5401 1558 5474 τὴν
1596 5405 1804 5471 πενίαν,
1848 5410 1882 5482 ἢ

293 5486 388 5541 τὸν
429 5487 659 5544 πλοῦτον
703 5492 887 5564 ἡμεῖς,
923 5494 1020 5548 καὶ
1060 5497 1187 5563 τοὺς
1233 5499 1431 5566 πόνους
1469 5505 1694 5576 μᾶλλον,
1721 5509 1754 5581 ἢ
1783 5510 1886 5575 τὰς

292 5590 509 5654 ἀνέσεις
541 5591 738 5664 ἐτεροι,
770 5595 867 5649 καὶ
902 5598 1003 5669 οὐχ
1032 5598 1220 5665 ἀπλῶς
1267 5603 1493 5675 μᾶλλον,
1533 5608 1669 5663 ἀλλὰ
1702 5611 1885 5685 πολλῷ

292 5692 524 5765 μᾶλλον,
563 5694 658 5748 καὶ
684 5695 745 5749 τὸ
790 5695 1078 5754 λυπεῖσθαι
1114 5701 1296 5771 πλέον,
1333 5707 1366 5780 ἡ
1406 5708 1469 5763 τὸ
1506 5712 1720 5785 χαίρειν
1764 5716 1882 5770 ἐτε-

291 5809 401 5868 ροι,
431 5793 494 5848 τὸ
523 5794 920 5869 ὑπερεύχεσθαι
958 5799 1068 5855 τῶν
1094 5802 1305 5873 ἐχθρῶν
1332 5808 1556 5880 μᾶλλον,
1592 5814 1627 5885 ἡ
1654 5816 1715 5869 τὸ
1747 5835 1880 5875 κατε

611 5902 882 5967 Ριιτιιοι..
929 5907 1047 5971 Gn.
1099 5911 1166 5975 L.

1134 376 1227 433 DE
1260 376 1609 438 LAUDIBUS
1648 380 1708 436 S.
1744 378 1955 438 PAULI
2001 378 2364 439 APOSTOLI.
2405 383 2642 442 HOMIL.
2689 387 2756 444 ll.

3498 395 3602 453 £80

2033 488 2289 563 εύχεσθαι
2338 496 2540 569 ἕτεροι.
2576 500 2689 555 Καὶ
2731 500 3065 576 ἀντέστρεφε
3119 506 3233 563 τῶν
3277 513 3621 584 πραγμάτων

2029 596 2130 672 τὴν
2161 601 2335 671 τάξιν,
2378 604 2580 677 μᾶλλον
2611 607 2670 661 δὲ
2719 610 2882 681 ἡμεῖς
2922 610 3359 686 ἀνεστρέψαμεν,
3409 614 3623 683 ἐκεῖνος

2030 701 2107 770 δὲ,
2142 704 2332 781 ῶσπερ
2357 709 2387 763 ό
2425 710 2561 775 Θεὸς
2604 713 3016 786 ἐνομοθέτησεν,
3054 715 3227 783 οὕτως
3273 718 3444 791 αὐτὴν
3482 720 3621 791 ἐφύ-

2029 805 2212 864 λαττε.
2239 810 2427 868 Ταῦτα
2468 815 2566 887 μὲν
2611 816 2721 890 γὰρ
2766 818 2910 873 κατὰ
2949 819 3111 889 φύσιν
3148 820 3387 889 ἅπαντα,
3434 826 3623 881 ἐκεῖνα

2027 909 2087 965 δέ
2117 911 2451 970 τούναντίον.
2497 917 2595 981 Τίς
2635 918 2842 976 τούτων
2890 922 3202 990 ἀπόδειξιςς
3259 926 3493 993 Παῦλος,
3526 927 3621 983 ἄν·

2029 1009 2247 1082 θρωπος
2291 1014 2388 1081 ὣν,
2428 1018 2523 1071 καὶ
2567 1017 2777 1084 τούτοις
2823 1021 3126 1095 ἐπιτρέχων
3163 1025 3426 1098 μᾶλλονῆ
3474 1027 3643 1081 ἐκείὲ

2026 1126 2157 1176 νοις.
2188 1114 2284 1168 Ἓν
2329 1115 2503 1188 τούτῳ
2544 1119 2776 1192 φοϐερὸν
2812 1117 2881 1194 ἦν
2923 1125 3085 1194 μόνον
3127 1129 3223 1179 καὶ
3262 1128 3517 1198 φευκτὸν,
3558 1129 3621 1183 τὸ

2028 1216 2402 1287 προσκροῦσαι
2433 1218 2575 1292 Θεῷ,
2608 1221 2794 1294 ἕτερον
2833 1224 2890 1282 δέ
2919 1227 3072 1279 οὐδέν
3094 1243 3108 1257 ο
3143 1226 3335 1299 ὥσπερ
3363 1224 3460 1283 οῦν
3499 1229 3619 1284 οὐδὲ

2026 1298 2279 1375 ποθεινόν
2310 1321 2439 1376 ἄλλο
2477 1342 2549 1389 τι,
2595 1324 2671 1390 ὡς
2704 1326 2767 1379 τὸ
2805 1326 3000 1399 ἀρέσαι
3042 1329 3195 1401 Θεῷ·
3239 1298 3336 1386 καὶ
3378 1333 3439 1385 οὐ
3473 1332 3620 1403 λέγω

2025 1417 2134 1471 τῶν
2171 1420 2455 1492 παρόντων
2483 1424 2656 1490 οὐδὲν,
2700 1427 2818 1480 ἀλλ’
2842 1428 2965 1481 ούδέ
3009 1429 3118 1483 τῶν
3169 1430 3492 1502 μελλόντων.
3522 1434 3615 1506 Μὴ

2024 1517 2134 1591 γάρ
2188 1523 2513 1592 μοιςπόλεις
2556 1526 2719 1600 εἴπῃς
2768 1529 2863 1582 καὶ
2901 1530 3029 1602 ἔθνη
3082 1532 3179 1586 καὶ
3231 1533 3472 1603 βασιλεῖς
3520 1535 3617 1589 καὶ

2026 1621 2362 1694 στρατόπεδα
2407 1626 2502 1679 καὶ
2528 1628 2668 1683 ὅπλα
2706 1629 2801 1683 καὶ
2834 1632 3096 1704 χρήματα
3144 1633 3241 1687 κα)⁹
3277 1636 3618 1706 σατραπείας

2022 1723 2118 1778 καὶ
2143 1724 2491 1791 δυναστείας·
2524 1729 2646 1783 οὐδὲ
2677 1731 2786 1800 γὰρ
2819 1733 3068 1806 ἀράχνην
3113 1735 3287 1791 ταῦτα
3318 1735 3461 1795 εἶναι
3497 1742 3617 1796 ἐνό-

2024 1843 2212 1896 μισεν·
2262 1829 2377 1883 ἀλλ’
2428 1833 2569 1887 αὐτὰ
2626 1833 2696 1887 τά
2747 1837 2804 1889 ἐν
2851 1840 2965 1902 τοῖς
3013 1839 3262 1913 οὐρανοῖς
3302 1843 3474 1911 τίθει,
3521 1845 3618 1900 καὶ

2019 1928 2145 1984 τότε
2175 1930 2341 1986 αὐτοῦ
2387 1932 2508 2004 ὄψει
2556 1936 2648 1989 τὸν
2681 1939 2910 2012 σφοδρὸν
2961 1942 3142 2013 ἔρωτα
3184 1945 3277 2000 τὸν
3330 1948 3468 2019 πρὸς
3522 1949 3617 2005 τὸν

2019 2034 2273 2105 Χριστόν.
2301 2028 2471 2102 Οὗτος
2499 2038 2610 2111 γὰρ
2639 2042 2777 2110 πρὸς
2806 2044 2985 2097 ἐκεῖνο
3010 2044 3071 2098 τὸ
3106 2047 3351 2121 φίλτρον,
3380 2052 3480 2106 οὐκ
3512 2052 3613 2123 ἀγ-

2018 2134 2195 2204 γέλων
2224 2136 2383 2202 ἀξίαν
2415 2139 2747 2211 ἐθαύμασεν,
2789 2143 2889 2197 οὐκ
2942 2146 3320 2218 ἀρχαγγέλων,
3356 2151 3457 2206 οὐκ
3488 2153 3617 2208 ἄλλο

2018 2235 2258 2291 τοιοῦτον
2292 2238 2466 2292 οὐδέν.
2521 2241 2594 2294 Τὸ
2647 2242 2758 2316 γάρ
2812 2245 3072 2301 ἁπάντων
3135 2250 3323 2318 μεῖζον
3372 2249 3516 2324 εἶχεν
3555 2255 3615 2308 ἐν

2020 2339 2218 2411 ἐαυτῷ,
2262 2342 2354 2395 τὸν
2407 2342 2500 2397 τοῦ
2546 2346 2784 2416 Χριστοῦ
2828 2347 3042 2420 ἔρωτα,
3090 2352 3183 2405 καὶ
3235 2354 3374 2424 μετά
3420 2355 3612 2411 τούτου

2019 2440 2237 2497 πάντων
2278 2444 2471 2499 ἐαυτὸν
2532 2448 2950 2522 μακαριώτερον
3000 2446 3143 2506 εἶναι
3207 2455 3465 2527 ἐνόμισε·
3516 2463 3613 2514 καὶ

2017 2541 2206 2595 τούτου
2236 2545 2425 2616 χωρὶς,
2453 2548 2577 2601 ούδέ
2606 2549 2714 2603 τῶν
2746 2553 3107 2623 κυριοτήτων,
3140 2555 3261 2609 οὐδὲ
3288 2556 3397 2610 τῶν
3428 2558 3613 2631 ἀρχῶν

2018 2645 2112 2696 καὶ
2140 2644 2248 2698 τῶν
2278 2647 2536 2711 ἐξουσιῶν
2582 2651 2834 2719 γενέσθαι
2861 2652 3013 2726 [484]
3043 2654 3262 2728 ηὔχετο,
3297 2659 3436 2713 ἀλλά
3471 2662 3611 2732 μετά

2016 2749 2115 2817 τῆς
2177 2748 2400 2821 ἀγάπης
2460 2752 2666 2825 ταύτης
2729 2759 2787 2809 ἐν
2850 2756 3103 2827 ἐσχάτοις
3156 2756 3298 2815 εἶναι
3359 2762 3613 2818 ἐϐούλετο

2019 2849 2220 2922 μᾶλλον
2250 2853 2344 2905 καὶ
2384 2853 2492 2907 τῶν
2522 2855 2927 2929 κολαζομένων,
2959 2861 2992 2934 ἢ
3025 2862 3231 2936 ταύτης
3274 2865 3467 2937 χωρὶς,
3500 2866 3612 2923 τῶν
3718 2860 3725 2865 ”

2016 2950 2202 3024 ἄκρων
2261 2956 2356 3008 καὶ
2406 2956 2517 3012 τῶν
2571 2961 2932 3032 τιμωμένων·
2980 2964 3204 3029 κόλασις
3255 2966 3369 3039 γάρ
3418 2968 3613 3041 ἐκείνῳ

2019 3053 2136 3124 μία.
2164 3055 2225 3109 τὸ
2260 3057 2362 3127 τῆς
2396 3059 2618 3132 ἀγάπης
2650 3062 2856 3134 ταύτης
2896 3065 3214 3137 ἀποτυχεῖν.
3257 3068 3430 3124 Τοῦτο
3460 3072 3612 3143 αύτῷ

2014 3152 2228 3221 γέεννα,
2268 3158 2428 3212 τοῦτο
2472 3162 2739 3233 τιμωρία,
2784 3164 2945 3219 τοῦτο
2992 3167 3165 3238 μυρία
3208 3169 3387 3223 κακά·
3419 3171 3610 3244 ῶσπερ

2015 3261 2106 3313 καὶ
2147 3261 2479 3329 ἀπόλαυσις,
2524 3265 2587 3318 τὸ
2633 3267 2838 3339 ταύτης
2891 3272 3199 3343 ἐπιτυχεῖν·
3253 3275 3413 3330 τοῦτο
3471 3277 3606 3351 ζωὴ,

2011 3363 2168 3416 τοῦτο
2209 3365 2434 3437 κόσμος,
2466 3367 2623 3422 τοῦτο
2661 3370 2911 3440 ἄγγελος,
2941 3376 3102 3428 τοῦτο
3148 3380 3412 3450 παρόντα,
3445 3382 3610 3437 τοῦτο

2015 3464 2299 3534 μέλλοντα,
2348 3467 2507 3521 τοῦτο
2555 3468 2833 3540 βασιλεία,
2875 3474 3036 3528 τοῦτο
3090 3478 3413 3548 ἐπαγγελία,
3447 3482 3606 3537 τοῦτο

2009 3566 2078 3619 τά
2110 3567 2279 3639 μυρία
2313 3568 2529 3639 ἀγαθά·
2562 3572 2750 3646 ἕτερον
2779 3576 2838 3629 δὲ
2875 3577 3028 3631 οὐδὲν
3060 3579 3168 3633 τῶν
3205 3581 3280 3653 μὴ
3327 3584 3606 3655 φερόντων

2009 3667 2265 3734 ἐνταῦθα,
2313 3671 2433 3726 οὐδὲ
2492 3673 2759 3747 λυπηρὸν,
2807 3678 2929 3732 οὐδὲ
2979 3681 3079 3751 ἡδὺ
3133 3681 3273 3737 εἶναι
3320 3685 3604 3757 ἐνόμιζεν·

2008 3768 2124 3822 ἀλλ’
2167 3770 2311 3827 οὕτω
2354 3777 2682 3849 κατεφρόνει
2729 3778 2840 3835 τῶν
2882 3782 3182 3853 ὁρωμένων
3235 3786 3476 3854 πάντων,
3526 3790 3605 3855 ὡς

2007 3869 2108 3941 τῆς
2146 3878 2608 3951 κατασηπομένης
2648 3879 2906 3953 βοτάνης·
2937 3883 3190 3955 τύραννοι
3216 3887 3272 3940 δέ
3304 3889 3475 3962 αὐτῷ,
3508 3894 3604 3946 καὶ

2007 3954 2170 4045 δῆμοι
2216 3974 2389 4048 θυμοῦ
2424 3980 2698 4047 πνέοντες,
2742 3984 3010 4051 κώνωπες
3039 3983 3180 4043 εἶναι
3210 3991 3460 4047 ἐδόκουν·
3508 3993 3604 4049 θά-

2007 4092 2167 4140 νατος
2198 4078 2256 4131 δέ
2286 4080 2436 4152 αὐτῷ
2484 4084 2578 4137 καὶ
2623 4086 2888 4158 τιμωρίαι
2922 4089 3018 4142 καὶ
3069 4091 3261 4163 μυρίαι
3310 4094 3599 4162 κολάσεις,

2007 4177 2214 4233 παίδων
2260 4180 2588 4253 ἀθύρματα·
2627 4185 2768 4259 πλὴν
2814 4189 2868 4244 εῐ
2914 4208 3048 4245 ποτε
3096 4192 3186 4248 διά
3226 4195 3319 4249 τὸν
3362 4198 3602 4270 Χριστὸν

2005 4278 2268 4351 ὑπέμενε.
2295 4281 2430 4337 Τότε
2464 4284 2573 4357 γὰρ
2600 4288 2694 4342 καὶ
2721 4289 2893 4347 ταῦτα
2928 4294 3228 4364 ἠσπάζετο,
3259 4299 3355 4354 καὶ
3388 4302 3471 4366 εἰς
3497 4302 3600 4374 τὴν

2005 4381 2195 4437 ἅλυσιν
2245 4382 2419 4451 οὕτως
2468 4388 2892 4459 ἐκαλλωπίζετο,
2949 4395 3027 4460 ώς
3062 4399 3187 4453 οὐδὲ
3243 4401 3304 4455 τὸ
3360 4402 3600 4475 διάδημα

2002 4481 2195 4556 Νέρων
2226 4486 2321 4539 ἐπὶ
2368 4486 2470 4559 τῆς
2503 4491 2746 4564 κεφαλῆς
2789 4495 2929 4567 έχων
2951 4514 2964 4529 ·
3006 4499 3100 4554 καὶ
3130 4500 3193 4554 τὸ
3224 4501 3598 4575 δεσμωτήριον

2001 4586 2059 4640 δὲ
2089 4587 2245 4659 ᾤκει,
2274 4590 2360 4655 ιὼς
2387 4592 2551 4647 αὐτὸν
2590 4596 2684 4650 τὸν
2722 4599 2974 4670 οὐρανὸν,
3021 4604 3116 4657 καὶ
3160 4604 3455 4677 τραύματα
3502 4610 3597 4664 καὶ

2005 4691 2276 4763 μάστιγας
2321 4692 2537 4766 ἐδέχετο
2562 4696 2710 4767 ἥδιον
2737 4700 2946 4756 τούτων
2975 4703 3086 4757 τῶν
3114 4705 3185 4760 τά
3233 4706 3463 4779 βραϐεῑα
3495 4713 3598 4785 ἀρ-

2000 4791 2318 4856 παζόντων·
2352 4796 2445 4848 καὶ
2477 4797 2608 4863 τοὺς
2640 4799 2839 4867 πόνους
2864 4803 3042 4874 ἐφίλει
3069 4807 3180 4861 τῶν
3212 4809 3465 4867 ἐπάθλων
3494 4816 3595 4890 οὐχ
3706 4838 3711 4841 Ἴ

1999 4889 2180 4967 ἦττον,
2208 4895 2439 4953 ἔπαθλον
2470 4901 2601 4967 τοὺς
2625 4903 2822 4971 πόνους
2851 4902 2991 4962 εἶναι
3021 4911 3261 4982 νομίζων
3283 4932 3296 4946 ·
3322 4916 3413 4971 διὰ
3435 4889 3596 4976 τοῦτο
3646 4958 3650 4963 λ
3702 4960 3705 4961 ν

1998 4996 2093 5051 καὶ
2136 4999 2295 5071 χάριν
2340 5001 2540 5068 αὐτοὺς
2586 5006 2791 5063 ἐκάλει.
2842 5009 3044 5065 Σκόπει
3076 5011 3467 5079 δέ’,Ἔπαθλον
3498 5015 3590 5093 ἦν,

1995 5096 2058 5150 τὸ
2086 5097 2353 5156 ἀναλῦσαι
2392 5104 2486 5158 καὶ
2529 5106 2627 5159 σὺν
2670 5108 2894 5180 Χριστῷ
2921 5107 3083 5177 εῖναι,
3117 5113 3178 5169 τὺ
3206 5117 3265 5171 δὲ
3292 5108 3589 5192 ’ἐπιμεῖναι

1995 5199 2061 5268 τῇ
2099 5199 2281 5271 σαρκὶ,
2327 5204 2355 5255 ὁ
2392 5203 2540 5273 ἀγὼν
2583 5197 2768 5271 οὗτος·
2808 5211 2925 5265 ἀλλ’
2964 5215 3111 5287 ὅμως
3174 5218 3333 5273 τοῦτο
3387 5221 3588 5291 μᾶλλον

1995 5299 2229 5371 αἱρεῖται
2298 5304 2544 5369 ἐκείνου,
2601 5311 2696 5365 καὶ
2743 5312 3171 5391 ἀναγκαιότερον
3226 5321 3378 5392 αὐτῷ
3437 5317 3588 5378 ἐἷναί

1995 5417 2163 5471 φησι·
2198 5404 2259 5458 τὸ
2289 5407 2538 5481 ἀνάθεμα
2586 5413 2695 5469 ἀπὸ
2734 5418 2972 5489 Χριστοῦ
3013 5422 3287 5492 γενέσθαι,
3320 5424 3470 5495 ἀγὼν
3515 5424 3586 5499 ἦν

1994 5501 2090 5556 καὶ
2125 5505 2315 5572 πόνος,
2361 5509 2561 5580 μᾶλλον
2608 5513 2666 5568 δὲ
2715 5520 2807 5572 καὶ
2845 5520 2985 5584 ὑπὲρ
3018 5523 3206 5578 ἀγῶνα
3240 5527 3336 5579 καὶ
3382 5529 3545 5584 πόνον
3565 5549 3580 5563 ·

1991 5624 2053 5678 τὸ
2085 5629 2201 5697 μετ’
2233 5630 2420 5700 αὐτοῦ,
2452 5634 2706 5696 ἔπαθλον.
2746 5641 2908 5697 Ἀλλά
2933 5643 3091 5700 τοῦτο
3118 5648 3320 5718 μᾶλλον
3345 5654 3582 5726 αἱρεῖται

1992 5724 2198 5782 ἐκείνου
2222 5731 2315 5787 διὰ
2340 5735 2432 5790 τὸν
2460 5737 2715 5811 Χριστόν.
2758 5742 2897 5796 Ἀλλ’
2926 5745 3055 5812 ἴσως
3093 5749 3238 5807 εἴποι
3267 5769 3351 5817 τις
3380 5724 3465 5819 ἀν,
3497 5757 3580 5812 ὅτι

1989 5828 2160 5885 ταῦτα
2201 5834 2379 5890 πάντα
2421 5837 2511 5894 διὰ
2537 5840 2628 5896 τὸν
2660 5843 2894 5923 Χριστὸν
2931 5847 3060 5920 ἡδέα
3107 5853 3256 5924 αύτῷ
3289 5851 3376 5928 ἦν.
3411 5858 3582 5913 Τοῦτο

3188 5944 3229 6010 ὕ
