4130 6440
431 472 530 527 431

428 588 723 655 conﬁteor;
766 587 1013 660 quoniam
1060 603 1178 662 quae
1220 588 1375 647 nobis
1419 597 1725 646 suntcausa
1759 588 2008 655 tristitiae,

431 682 546 737 haec
579 680 653 737 illi
682 680 956 751 pariebant
984 670 1268 737 maximam
1297 683 1644 769 voluptatem.
1671 681 1739 736 Et
1765 678 1893 752 quid
1912 694 2012 751 ego

390 828 395 837 ,
431 772 666 842 pericula
695 787 1067 844 mrumnasque
1089 773 1494 829 commemoro?
1521 773 1579 828 ln
1609 787 1841 828 monere
1868 772 2010 827 enim

381 862 393 891 ε
430 865 667 919 maximo
708 865 797 920 ille
816 865 1149 933 versabatur,
1190 873 1407 936 prepter
1438 865 1580 937 quod
1609 863 1851 921 dicebat:
1884 863 2011 932 Quis

425 957 735 1025 infirmatur,
766 966 813 1012 et
839 974 931 1029 ego
956 974 1057 1013 non
1093 958 1324 1026 inﬁrmor
1343 958 1369 1011 ?
1390 958 1503 1028 quis
1541 957 1933 1023 scandalizatur,
1961 965 2010 1010 et

425 1064 516 1120 ego
543 1066 646 1103 non
671 1066 791 1104 uror
810 1049 902 1124 (2.
934 1051 1053 1106 Cor.
1086 1052 1172 1106 ll.
1197 1051 1269 1108 29
1298 1051 1360 1121 )?
1383 1051 1496 1107 Etsi
1526 1051 1578 1106 in
1608 1066 1839 1107 mterore
1866 1050 2008 1107 dicat

425 1155 637 1211 quoque
661 1141 777 1211 quis
803 1142 982 1199 inesse
1027 1143 1256 1214 aliquam
1282 1143 1612 1213 voluptatem
1637 1162 1650 1198 :
1681 1144 1831 1199 multi
1863 1145 2003 1200 enim

423 1230 633 1286 illorum
676 1233 765 1303 qui
815 1233 1042 1289 ﬁliorum
1082 1235 1343 1290 mortibus
1393 1236 1759 1302 vulnerantur,
1804 1236 2002 1307 aliquid

420 1324 799 1380 consolationis
850 1325 1139 1397 accipiunt,
1188 1327 1234 1382 si
1269 1342 1391 1382 cum
1436 1328 1547 1383 suis
1588 1328 1800 1383 ﬂetibus
1834 1327 2001 1383 relin-

419 1425 683 1485 quuntur;
727 1418 998 1491 magisque
1024 1418 1223 1486 dolent,
1255 1434 1376 1474 eum
1404 1419 1587 1475 dolere
1628 1420 1997 1491 prohibentur.

418 1508 507 1564 Sic
534 1507 691 1579 igitur
718 1516 773 1565 et
797 1508 994 1565 Paulus
1020 1518 1179 1566 nocte
1199 1518 1255 1566 et
1276 1510 1367 1566 die
1389 1510 1806 1567 consolationem
1850 1513 1998 1568 exci-

417 1596 598 1666 piebat
651 1613 718 1653 ex
768 1598 1021 1671 lacrymis
1048 1617 1062 1652 :
1092 1600 1270 1656 nullus
1303 1600 1566 1672 siquidem
1617 1610 1765 1658 tanto
1804 1601 1996 1658 aﬂ'ectu

415 1688 554 1742 mala
578 1689 813 1759 propria,
839 1705 999 1762 quam
1024 1690 1116 1746 ille
1142 1689 1372 1749 deﬂebat
1394 1691 1589 1748 aliena.
1630 1692 1991 1762 Quemadmo-

411 1779 538 1833 dum
567 1779 708 1834 enim
740 1780 887 1835 illum
916 1780 1152 1852 opinaris
1169 1780 1447 1851 afﬂictum,
1475 1797 1596 1838 cum
1643 1782 1991 1854 perditionem

409 1867 717 1925 Judzeorum
747 1870 910 1938 dolet,
941 1872 1050 1942 qui,
1075 1881 1134 1927 ut
1174 1871 1251 1927 illi
1280 1873 1414 1929 salvi
1454 1872 1667 1941 tierent,
1706 1875 1940 1944 seipsum
1960 1890 1991 1930 a

409 1963 660 2017 mulorum
703 1964 872 2035 gloria
917 1966 1160 2035 cupiebat
1193 1964 1405 2021 excludi
1433 1964 1454 2037 (
1482 1965 1635 2021 Rom.
1666 1966 1722 2022 9.
1752 1966 1787 2024 '5
1817 1966 1876 2037 )i
1922 1966 1992 2023 Et

408 2053 532 2109 inde
553 2054 655 2110 hoc
680 2053 1017 2111 manifestum
1042 2058 1279 2129 est,quia
1296 2058 1509 2130 scilicet,
1524 2073 1628 2113 non
1650 2058 1841 2114 salvari
1866 2058 1989 2116 illos

404 2147 648 2202 acerbius
672 2149 989 2217 aestimabat,
1016 2166 1176 2221 quam
1203 2151 1436 2223 seipsum
1460 2151 1636 2221 perire
1660 2170 1674 2207 :
1697 2162 1786 2207 aut
1813 2153 1856 2206 si
1882 2169 1985 2209 non

403 2240 665 2303 acerbius,
699 2257 986 2311 numquam
1012 2242 1156 2298 aliud
1180 2252 1453 2314 optasset:
1476 2244 1616 2314 quod
1638 2245 1815 2315 utique
1834 2245 1984 2316 quasi

403 2329 735 2388 tolerabilius
761 2332 942 2402 elegit.
974 2332 1072 2400 Qui
1102 2348 1224 2389 cum
1255 2343 1399 2390 certe
1437 2349 1531 2405 spe
1553 2336 1782 2390 maxima
1822 2335 1984 2392 futuri

403 2421 605 2489 praemii
637 2422 963 2491 pasceretur,
1015 2439 1121 2479 non
1172 2423 1533 2495 perfunctorie
1582 2426 1712 2481 illud
1743 2427 1979 2497 optabat,

398 2509 497 2564 sed
520 2511 781 2566 clamabat
796 2512 1014 2569 dicens:
1042 2512 1294 2581 Quoniam
1319 2515 1525 2569 tristitia
1542 2526 1613 2571 est
1634 2517 1757 2569 mihi
1777 2534 1983 2588 magna,

396 2609 446 2654 et
477 2603 740 2657 continuus
773 2602 920 2657 dolor
948 2606 1092 2659 cordi
1120 2621 1228 2659 meo
1279 2605 1442 2674 (Ibid.
1472 2623 1519 2661 υ.
1552 2606 1587 2660 2
1608 2606 1650 2679 ).
1683 2608 1834 2663 Hunc
1853 2623 1981 2680 ergo

397 2692 468 2747 de
492 2692 737 2763 singulis;
783 2705 839 2749 ut
868 2695 939 2749 ita
978 2695 1225 2761 dixerim,
1259 2697 1641 2753 habitatoribus
1664 2698 1844 2754 mundi
1874 2710 1979 2756 tam

394 2783 742 2840 vehementer
759 2784 1050 2854 dolentem,
1075 2797 1127 2842 et
1149 2788 1201 2842 in
1232 2803 1517 2845 commune
1555 2806 1651 2860 pro
1676 2794 1900 2858 cunctis,
1927 2803 1982 2849 et

393 2875 637 2942 gentibus
662 2884 718 2931 et
754 2877 995 2940 urbibus.
1024 2894 1120 2948 pro
1166 2895 1483 2951 unoquoque
1529 2884 1868 2951 peculiariter
1914 2885 1982 2940 la-

393 2976 746 3031 mentantem,
775 2970 984 3033 cuinam
1004 2986 1180 3025 rerum
1200 2971 1390 3042 aliquis
1417 2976 1613 3041 poterit
1640 2991 1974 3048 comparare,

390 3058 476 3112 cui
528 3059 691 3126 ferro,
719 3061 803 3114 cui
849 3061 1160 3117 adamanti?
1189 3064 1451 3130 Quidnam
1476 3068 1667 3138 aliquis
1696 3070 1837 3126 illam
1880 3088 1978 3141 ap-

392 3149 550 3219 pellet
597 3151 853 3221 aniinam,
885 3168 1171 3210 aureamne
1215 3157 1403 3226 magis,
1438 3173 1506 3212 an
1538 3160 1977 3218 adamantinam?

389 3240 521 3295 Nam
551 3251 605 3297 et
632 3253 747 3298 erat
774 3245 918 3299 omni
948 3245 1229 3302 adamante
1256 3247 1463 3317 fortior,
1490 3258 1545 3305 et
1571 3266 1702 3305 auro
1724 3254 1978 3323 gemmis-

389 3348 494 3403 que
513 3335 796 3404 pretiosior
815 3353 829 3390 :
854 3343 908 3391 et
927 3336 1148 3392 alteram
1167 3339 1381 3409 quidem
1405 3343 1680 3396 materiam
1706 3343 1974 3411 lirinitate,

388 3425 611 3479 alteram
638 3441 767 3481 vero
795 3428 1127 3498 pretiositate
1147 3431 1451 3499 superabat.
1482 3431 1577 3486 Cui
1603 3448 1731 3503 ergo
1753 3436 1832 3488 rei
1862 3436 1977 3490 hmc

387 3516 456 3571 ab
497 3515 673 3586 aliquo
720 3516 898 3573 anima
947 3520 1329 3590 comparetur?
1359 3521 1556 3577 Earum
1604 3524 1818 3595 quidem
1857 3541 1976 3596 quae

386 3615 513 3663 sunt
536 3608 754 3663 omnino
780 3608 935 3663 nulli.

459 3740 656 3796 Paulus
682 3759 810 3798 auro
828 3756 877 3798 et
903 3746 1174 3803 adamante
1197 3750 1396 3822 fortior.
1410 3753 1642 3821 —Quod
1663 3756 1707 3811 si
1730 3759 1817 3813 vel
1843 3773 1977 3816 auro

386 3833 684 3890 adamantis
705 3836 976 3907 fortitudo,
1004 3841 1087 3895 vel
1111 3842 1377 3898 adamanti
1398 3844 1571 3901 honor
1591 3848 1809 3905 daretur
1834 3855 1969 3919 auri,

388 3937 499 3982 tum
538 3928 674 3984 forte
712 3929 892 4000 aliquo
918 3930 1082 3987 modo
1108 3937 1437 4004 comparatio
1463 3939 1580 4007 ejus
1608 3939 1755 3996 Pauli
1792 3955 1976 4013 posset

385 4019 575 4075 animae
595 4023 897 4076 convenire.
918 4020 1021 4078 Sed
1042 4025 1166 4093 quid
1188 4041 1287 4096 ego
1302 4026 1660 4099 adamantem,
1682 4034 1764 4088 vel
1784 4049 1973 4091 aurum

386 4108 455 4163 ad
488 4109 888 4167 similitudinem
910 4112 1117 4170 adduco
1141 4114 1324 4172 Pauli?
1348 4118 1599 4177 Mundam
1629 4124 1675 4178 si
1700 4139 1734 4179 e
1760 4124 1974 4183 diverso

386 4200 652 4271 appendas
679 4215 891 4258 omnem
909 4244 926 4270 ,
956 4212 1084 4262 tunc
1113 4206 1315 4265 videbis
1356 4221 1540 4281 aperte
1570 4214 1715 4271 Pauli
1752 4232 1974 4291 vergere

386 4291 591 4358 pondus
628 4293 905 4349 examinis.
951 4295 1007 4350 Si
1032 4297 1171 4352 enim
1202 4299 1269 4355 de
1313 4301 1376 4356 iis
1398 4343 1413 4366 ,
1448 4305 1537 4373 qui
1585 4305 1638 4359 in
1682 4309 1893 4365 melotis
1918 4323 1974 4368 et

384 4384 663 4451 specubus,
686 4394 741 4439 et
767 4385 817 4440 in
843 4387 1035 4457 exigua
1058 4390 1204 4446 orbis
1232 4403 1380 4461 parte
1408 4396 1755 4457 versabantur
1782 4403 1968 4474 (Hebr.

388 4474 442 4525 ll
505 4473 643 4544 εις),
672 4474 775 4531 huc
799 4475 1000 4532 dictum
1028 4488 1111 4533 est
1142 4497 1156 4534 :
1184 4492 1383 4551 quanto
1412 4488 1579 4558 magis
1606 4505 1702 4544 nos
1732 4492 1971 4551 dicemus

298 4618 303 4633 ,
385 4562 603 4620 Paulum
631 4567 829 4621 mundo
852 4607 868 4633 ,
895 4578 951 4624 et
984 4572 1233 4633 omnibus
1260 4590 1379 4646 quae
1408 4579 1462 4634 in
1501 4582 1700 4637 mundo
1737 4594 1861 4640 sunt
1887 4586 1969 4641 di-

380 4656 661 4723 gniorem?
690 4656 747 4712 Si
791 4658 949 4729 igitur
987 4677 1056 4718 eo
1093 4665 1321 4724 mundus
1364 4668 1557 4739 dignus
1587 4688 1692 4729 non
1737 4684 1856 4741 est,
1901 4679 1971 4734 sit

379 4747 516 4803 forte
542 4750 622 4805 vel
643 4752 829 4807 caelum
855 4770 869 4817 ;
900 4756 994 4811 sed
1022 4757 1161 4812 istud
1190 4774 1404 4831 quoque
1432 4762 1697 4822 invenitur
1724 4770 1964 4828 inferius.

378 4840 434 4895 Si
465 4840 605 4895 enim
631 4840 732 4898 iste
771 4858 878 4915 non
902 4847 1075 4902 solum
1098 4850 1286 4908 caelum
1310 4892 1326 4919 ,
1349 4853 1444 4909 sed
1472 4871 1591 4925 quas
1620 4858 1883 4917 habentur
1912 4864 1965 4919 in

376 4932 523 4987 caelis
544 4932 638 4989 Dei
665 4938 961 5006 postposuit
983 4940 1188 4997 caritati
1212 4960 1227 4998 :
1256 4948 1525 5015 quomodo
1550 4965 1656 5005 non
1678 4955 1845 5024 magis
1866 4956 1969 5012 Do.

375 5024 552 5080 minus
571 5067 587 5093 ,
616 5026 706 5096 qui
750 5035 898 5083 tanto
928 5040 1011 5086 est
1035 5033 1313 5105 benignior
1340 5038 1506 5095 Paulo
1524 5084 1541 5110 ,
1581 5054 1781 5115 quanto
1809 5051 1965 5105 mali-

377 5113 503 5167 tiam
531 5114 738 5171 bonitas
766 5121 1035 5176 antecellit
1053 5163 1071 5189 ,
1121 5124 1414 5183 innumeris
1451 5146 1573 5187 eum
1597 5113 1742 5189 enin
1765 5137 1967 5206 iudicat

373 5202 716 5270 digniorem?
740 5207 853 5262 Non
882 5211 1023 5266 enim
1053 5224 1308 5283 quantum
1340 5233 1438 5275 nos
1464 5220 1635 5292 diligit
1663 5202 1821 5294 Deus,
1854 5238 1966 5284 tan-

377 5302 488 5348 tum
503 5308 537 5349 a
556 5295 710 5350 nobis
722 5297 955 5370 diligitur
982 5302 1129 5372 ipse;
1158 5305 1251 5361 sed
1274 5314 1419 5364 tanto
1437 5311 1678 5381 eli‘usius,
1711 5331 1965 5387 quantum

375 5400 475 5441 nec
501 5401 679 5444 sermo
708 5391 921 5460 quidem
943 5395 1140 5452 sufﬁcit
1162 5400 1448 5470 explicare.

449 5515 640 5583 Quibus
677 5523 899 5591 praedis
941 5528 994 5580 in
1024 5527 1121 5580 hac
1164 5529 1263 5583 vita
1309 5531 1508 5589 Paulus
1545 5537 1760 5595 donatus
1788 5545 1869 5597 sit.
1891 5577 1963 5587 —-

370 5606 787 5668 Consideretnus
802 5626 930 5686 ergo
949 5620 1160 5687 quantis
1183 5621 1328 5678 illum
1349 5623 1636 5685 honoribus
1653 5634 1811 5689 etiam
1836 5650 1960 5696 ante

371 5708 583 5770 tempus
614 5707 1019 5764 resurrectionis
1044 5710 1311 5768 extulerit.
1355 5714 1411 5773 ιη
1433 5721 1736 5789 paradisum
1765 5730 1968 5798 rapuit,’

368 5801 425 5847 et
451 5791 506 5848 in
531 5796 725 5852 caelum
736 5790 948 5856 tertium
972 5801 1290 5874 sublevavit,
1316 5808 1599 5870 ineﬁabilis
1626 5820 1802 5874 arcani
1826 5790 1958 5880 iecit

1257 469 1348 528 DE
1386 468 1725 530 LAUDIBUS
1759 466 1818 527 S.
1858 466 2064 528 PAULI
2103 471 2456 534 APOSTOLI.
2498 477 2727 538 HOMIL.
2768 483 2832 539 ll.

3604 503 3713 558 d‘l‘!

2120 600 2241 645 esse
2268 593 2576 665 participem
2600 636 2615 663 ,
2668 598 2957 672 taliumque
2985 608 3358 677 mysteriorum
3398 618 3668 671 consciunt
3697 662 3709 684 ,

2119 692 2239 749 quae
2265 682 2392 737 nulli
2421 683 2696 743 hominum
2727 688 2805 746 fas
2830 692 2991 750 fuerit
3017 698 3260 755 confiteri
3300 702 3320 776 (
3336 703 3391 759 2.
3420 704 3538 760 Cor.
3576 711 3639 764 l2

2117 768 2228 829 Nec
2254 771 2521 833 immerito
2548 796 2563 833 :
2593 780 2861 857 siquidem
2880 785 3075 845 Paulus
3094 790 3147 845 in
3174 768 3318 848 terra.
3337 798 3604 868 gradiens,
3634 768 3711 858 sic

2116 874 2176 916 se
2199 863 2388 933 agebat
2413 866 2466 922 in
2491 870 2695 926 cunctis
2716 913 2733 940 ,
2763 876 2911 944 quasi
2940 880 3249 950 angelorum
3280 863 3537 947 societate
3562 893 3706 948 frue-

2120 960 2284 1007 retur.
2318 953 2450 1011 Nam
2477 960 2714 1029 passibili
2737 964 2912 1022 adhuc
2935 970 3215 1043 colligatus
3235 980 3467 1047 corpori,
3496 982 3706 1038 illorum

2114 1046 2439 1114 perfectione
2457 1054 2736 1125 gaudebat,
2762 1062 3027 1132 tantisque
3049 1065 3419 1137 fragilitatibus
3438 1076 3703 1143 subditus,

2114 1135 2166 1191 in
2185 1139 2330 1196 nullo
2352 1141 2571 1201 inferior
2593 1151 2841 1218 supernis
2861 1154 3145 1214 virtutibus
3166 1175 3424 1231 apparere
3443 1171 3703 1224 certabat.

2108 1228 2241 1284 Nam
2282 1242 2336 1288 et
2359 1240 2627 1307 tamquam
2655 1253 2915 1311 pennatus
2952 1256 3117 1305 totum
3139 1228 3380 1311 docendo
3411 1262 3703 1328 pervolavit

2107 1324 2316 1393 orbem,
2346 1337 2401 1384 et
2430 1331 2575 1387 velut
2599 1334 2942 1407 incorporeus
2967 1343 3179 1403 labores
3210 1324 3548 1426 periculaque
3568 1372 3699 1420 con-

2107 1417 2322 1485 tempsit
2344 1460 2359 1484 ,
2381 1428 2435 1475 et
2452 1424 2602 1492 quasi
2617 1425 2727 1496 jam
2750 1430 2934 1486 canum
2958 1417 3253 1509 possidens,
3272 1417 3701 1519 cunetaprorsus

2107 1510 2314 1562 terrena
2338 1508 2600 1582 despexit,
2633 1526 2685 1571 et
2711 1525 2975 1592 tamquam
3005 1541 3125 1583 cum
3150 1508 3279 1600 ipsis
3311 1534 3420 1604 jam
3447 1508 3699 1613 incorpo-

2101 1595 2212 1652 reis
2233 1599 2515 1659 virtutibus
2543 1606 2793 1679 degeret,
2826 1613 2896 1668 ita
2917 1615 3031 1688 jugi
3059 1595 3253 1679 mentis
3291 1595 3585 1689 intentione
3602 1595 3698 1690 rvi--

2099 1687 2369 1759 gilavit.Et
2384 1697 2584 1766 angelis
2597 1702 2808 1770 quidem
2823 1721 2964 1777 saepe
2978 1687 3304 1771 diversarum
3320 1722 3551 1789 gentium
3569 1741 3696 1784 cura

2098 1782 2381 1840 commissa
2397 1794 2497 1853 est,
2518 1790 2610 1845 sed
2629 1793 2802 1850 nullus
2818 1796 3025 1856 illorum
3041 1802 3113 1857 ita
3132 1782 3391 1864 creditum
3405 1811 3504 1867 sibi
3523 1782 3695 1886 popus

2097 1869 2204 1926 lum
2218 1876 2546 1950 gubernavit,
2562 1892 2621 1938 ut
2637 1884 2830 1944 Paulus
2848 1892 3151 1953 universum
3162 1869 3692 1970 gubernavitorbent.

2093 1959 2277 2035 Neque
2290 1982 2421 2023 vero
2438 1970 2603 2042 dicas,
2625 1977 2745 2046 quia
2763 1978 2879 2036 hinc
2903 1998 3010 2039 non
3037 1988 3446 2056 perficiebantur
3459 2012 3487 2051 a
3508 1999 3690 2057 Paulo:

2095 2053 2198 2111 hoc
2216 2059 2357 2114 enim
2378 2063 2537 2118 etiam
2561 2081 2661 2137 ego
2682 2068 2871 2127 fateor.
2906 2076 3011 2131 Sed
3038 2053 3139 2135 etsi
3165 2083 3280 2153 ipse
3308 2102 3415 2143 non
3444 2101 3559 2159 erat
3601 2097 3691 2164 qui

2091 2157 2278 2203 cuncta
2295 2153 2616 2223 complebat,
2641 2176 2973 2233 nequaquam
2994 2177 3166 2226 tamen
3189 2175 3256 2230 ab
3272 2192 3456 2235 eorum
3472 2153 3692 2252 operum

2090 2239 2335 2298 laudibus
2350 2250 2692 2316 separabatur
2710 2271 2725 2308 :
2745 2258 2865 2325 quia
2887 2261 3063 2332 utique
3083 2264 3299 2337 dignum
3319 2281 3475 2329 tanta:
3492 2239 3551 2332 se
3565 2294 3691 2349 gra-

2093 2331 2177 2388 tia:
2209 2340 2526 2406 praeparavit
2559 2341 2695 2414 [per
2723 2363 2879 2417 quam
2927 2331 3033 2408 tam
3065 2331 3339 2429 magnifica
3365 2377 3418 2419 et
3446 2331 3676 2437 gloriosa

2089 2424 2368 2493 perﬁceret
2392 2427 2433 2502 ].
2469 2431 2707 2491 Michaeli
2736 2454 2867 2508 gens
2897 2448 3180 2504 commissa
3210 2462 3292 2507 est
3339 2454 3643 2516 Judzeoruin
3671 2483 3684 2518 :

2088 2512 2254 2572 Paulo
2282 2534 2410 2575 vero
2436 2531 2597 2592 terra,
2628 2541 2689 2583 ac
2718 2536 2880 2586 maria
2918 2544 3074 2607 atque
3104 2541 3334 2600 universi
3364 2548 3511 2604 orbis
3538 2553 3688 2608 habi-

2089 2606 2216 2661 tatio
2242 2648 2258 2673 ,
2289 2611 2565 2685 ipsumque
2590 2617 2859 2677 desertum
2887 2667 2901 2689 ,
2948 2637 3002 2680 et
3029 2628 3132 2685 hoc
3159 2648 3264 2687 non
3296 2636 3361 2691 ad
3390 2638 3640 2710 injttriam
3668 2686 3683 2708 .

2086 2697 2225 2766 quod
2246 2701 2401 2769 absit,
2426 2706 2735 2776 angelorum
2765 2730 2779 2778 ;
2809 2715 2904 2770 sed
2931 2721 3263 2779 ostendimus
3288 2742 3407 2783 esse
3428 2734 3684 2799 possibile

2085 2786 2190 2843 illis
2219 2789 2487 2849 hominem
2519 2801 2781 2870 cepulari,
2809 2804 3066 2880 juxtaque
3093 2813 3304 2871 illorum
3337 2823 3524 2877 merita
3553 2840 3683 2882 con-

2083 2876 2293 2937 sistere.
2326 2885 2486 2956 Cujus
2514 2899 2690 2946 autem
2720 2895 2794 2950 rei
2823 2901 2992 2967 gratia
3017 2919 3120 2958 non
3143 2909 3346 2977 angelis
3368 2915 3543 2980 potius
3569 2916 3683 2973 hinc

2084 2971 2474 3039 praedicationis
2502 2995 2628 3038 cura
2667 2991 2947 3044 commissa
2979 2996 3103 3050 est?
3133 2997 3200 3053 Ut
3226 3003 3427 3059 nullum
3475 3010 3679 3068 scilicet

2081 3066 2443 3123 excusationis
2484 3073 2718 3130 colorem
2763 3082 3036 3153 negligens
3080 3089 3351 3158 invenias,
3404 3113 3467 3152 ac
3510 3116 3576 3155 ne
3625 3113 3680 3158 tu

2080 3152 2146 3207 ad
2170 3157 2530 3217 diversitatem
2554 3176 2754 3224 natura:
2779 3174 3094 3248 confugeres
3114 3181 3462 3244 dormiendo:
3488 3191 3679 3250 deinde

2082 3253 2139 3300 ut
2168 3258 2315 3305 tanto
2345 3255 2503 3309 etiam
2530 3260 2701 3328 major
2742 3279 2959 3334 operum
3001 3272 3284 3331 admiratio
3324 3296 3633 3343 nasceretur
3658 3332 3673 3354 ,

2082 3351 2279 3409 quanto
2323 3345 2390 3400 de
2447 3359 2633 3406 natura
2683 3355 2933 3415 infer'ore
2983 3369 3349 3433 procederent.
3401 3377 3679 3445 Quomodo

2080 3431 2221 3485 enim
2249 3448 2351 3488 non
2372 3437 2684 3498 admirabile
2709 3445 2807 3500 hoc
2833 3459 2990 3520 atque
3011 3455 3354 3525 improvisum
3380 3469 3668 3539 videretur,

2078 3536 2198 3576 cum
2220 3540 2283 3579 ex
2308 3536 2513 3584 terrena
2537 3533 2714 3604 lingua
2737 3553 2913 3593 serino
2936 3546 3233 3619 prosiliens,
3261 3565 3484 3614 mortem
3508 3560 3672 3632 fugat,

2081 3627 2292 3685 peccata
2317 3620 2574 3693 dissolvit,
2608 3629 2852 3688 tenebras
2883 3638 3135 3695 caecitatis
3164 3643 3446 3716 illuminat,
3476 3662 3529 3708 et
3551 3620 3670 3712 mu-

2081 3708 2279 3766 tatione
2322 3712 2543 3772 miriﬁca
2580 3729 2775 3777 terram
2803 3731 3063 3785 convertit
3106 3733 3158 3788 in
3188 3737 3421 3796 eiciunt?
3452 3743 3677 3817 Propter

2081 3796 2175 3817 ιη
2424 3814 2433 3817 -
2651 3811 2664 3817 -

2079 3796 2180 3853 hoc
2207 3801 2364 3870 igitur
2388 3814 2577 3876 stupeo
2615 3811 2862 3871 virtutem
2892 3818 3020 3887 Dei,
3057 3835 3274 3895 propter
3300 3828 3401 3887 hoc
3440 3796 3676 3893 admiror

2065 3900 2377 3961 promptum
2405 3896 2640 3954 animum
2668 3901 2813 3959 Pauli
2837 3948 2852 3973 ,
2880 3914 3148 3979 quomodo
3177 3931 3236 3971 se
3281 3921 3441 3977 talem
3471 3927 3672 3983 studuit

2079 3981 2360 4052 exhibere,
2393 3992 2660 4057 quomodo
2686 4010 2744 4050 se
2774 4006 2935 4055 tanta:
2964 4006 3146 4072 gratiae
3172 4024 3420 4080 capacem
3448 4020 3669 4086 paravit.

2080 4074 2186 4130 Vos
2211 4088 2388 4135 autem
2416 4097 2565 4153 rogo,
2589 4096 2648 4141 ut
2668 4104 2774 4144 non
2796 4093 3063 4152 miremini
3084 4101 3276 4170 solum,
3298 4121 3483 4162 verum
3506 4112 3665 4167 etiam

2078 4169 2356 4227 imitemini
2403 4175 2505 4231 hoc
2549 4187 2652 4234 tam
2693 4182 2896 4241 clarum
2940 4190 3149 4248 virtutis
3200 4201 3552 4269 exemplum:
3594 4206 3672 4261 sic

2076 4352 2228 4421 Quod
2258 4357 2301 4411 si
2328 4358 2519 4431 aliquis
2561 4378 2658 4419 nos
2682 4365 2879 4424 dixisse
2905 4372 3163 4443 miratur,
3194 4381 3314 4450 quia
3343 4384 3666 4458 quicumque

2077 4444 2319 4502 habuerit
2340 4448 2482 4505 Pauli
2507 4455 2715 4525 merita,
2740 4460 2925 4515 eadem
2952 4464 3021 4519 sit
3041 4444 3510 4529 etiain‘habiturus
3530 4444 3670 4547 pra:-

2074 4536 2178 4590 mia
2203 4579 2218 4604 ,
2248 4538 2417 4611 ipsum
2459 4544 2637 4601 audiat
2666 4549 2735 4603 ita
2766 4550 3031 4610 dicentem
3058 4573 3071 4611 :
3103 4556 3363 4615 Certamen
3388 4604 3403 4629 ,
3454 4536 3663 4637 inquit,

2073 4627 2255 4684 bonum
2274 4636 2457 4688 certavi
2475 4679 2490 4702 ,
2522 4654 2723 4692 cursant
2764 4649 3135 4716 consummavi,
3163 4651 3314 4718 ﬁdem
3338 4658 3530 4711 servavi
3553 4677 3574 4725 ;
3604 4661 3669 4715 de

2072 4731 2252 4775 caetero
2293 4728 2512 4794 reposita
2540 4739 2613 4783 est
2637 4732 2760 4785 nti/ti
2789 4749 2975 4790 corona
3007 4739 3224 4807 justitia:
3249 4783 3263 4807 ,
3305 4760 3457 4813 quam
3494 4749 3667 4828 reddet

2071 4814 2196 4868 mihi
2222 4813 2467 4872 Dominus
2492 4820 2544 4874 in
2565 4820 2647 4875 die
2669 4822 2758 4877 illa
2771 4824 2942 4895 justus
2965 4828 3125 4897 iudex
3148 4848 3168 4884 :
3187 4850 3288 4887 non
3316 4836 3479 4892 solum
3499 4813 3667 4896 autem

2070 4905 2226 4970 milii,
2250 4909 2340 4961 sed
2365 4918 2413 4963 et
2451 4910 2513 4965 iis
2537 4913 2624 4982 qui
2649 4914 2865 4986 diligunt
2900 4920 3168 4976 adventum
3194 4926 3304 4995 ejus
3335 4926 3411 5001 (2.
3443 4930 3574 4985 Tim.
3606 4935 3662 4989 4.

2071 4995 2123 5049 7.
2151 4995 2243 5069 8).
2275 4997 2434 5055 Vides
2463 5011 2609 5060 certe
2647 5007 2916 5075 quomodo
2945 5021 3167 5070 cunctos
3189 5015 3243 5070 in
3269 4995 3513 5076 eamdem
3537 5024 3654 5093 glo-

2068 5089 2162 5144 ria:
2189 5094 2614 5171 communionem
2643 5099 2837 5154 vocet?
2862 5100 2994 5171 Quia
3018 5104 3176 5175 igitur
3201 5109 3447 5166 omnibus
3472 5113 3658 5169 eadem

2069 5196 2261 5238 corona
2279 5184 2459 5253 gloriae
2478 5189 2741 5259 proposita
2756 5200 2854 5255 est,
2875 5194 3181 5253 Studeamus
3193 5214 3379 5256 omnes
3391 5202 3503 5257 ﬁeri
3516 5204 3661 5275 digiti

2069 5275 2171 5330 illis
2195 5275 2347 5331 bonis
2370 5318 2386 5344 ,
2409 5293 2525 5348 qua:
2551 5283 2808 5351 promissa
2834 5296 2975 5342 sunt.
3001 5287 3182 5361 Neque
3201 5292 3373 5348 solum
3398 5296 3662 5365 magnitu-

2066 5366 2243 5423 dinem
2269 5378 2427 5439 atque
2454 5373 2793 5430 eminentiam
2827 5377 2876 5431 in
2910 5379 3000 5434 illo
3025 5379 3279 5436 debemus
3319 5384 3660 5443 considerare

2066 5459 2316 5515 virtutum
2335 5471 2385 5517 et
2401 5474 2701 5535 promptum
2721 5466 2849 5522 illud
2868 5471 3029 5524 animi
3050 5471 3183 5542 ejus,
3208 5482 3366 5543 atque
3382 5476 3660 5535 robustum

2067 5554 2415 5622 propositum,
2451 5573 2544 5626 per
2569 5559 2710 5628 quod
2735 5561 2800 5615 ad
2828 5570 3025 5617 tantam
3061 5565 3252 5619 meruit
3281 5568 3504 5654 gratiam
3541 5586 3661 5640 per-

2067 5644 2247 5700 venire
2278 5664 2291 5700 :
2322 5648 2415 5702 sed
2446 5658 2498 5703 et
2527 5659 2727 5705 nathra:
2755 5651 3085 5719 societatem,
3117 5671 3214 5727 per
3240 5672 3396 5729 quam
3425 5644 3477 5715 et
3500 5663 3656 5716 nobis

2066 5739 2119 5797 in
2151 5740 2356 5794 cunctis
2379 5740 2466 5796 ille
2493 5742 2769 5813 participat
2798 5761 2810 5797 :
2842 5753 2895 5799 et
2920 5745 2998 5800 sic
3023 5748 3182 5803 etiam
3209 5766 3329 5820 quae
3358 5751 3511 5833 valde
3531 5765 3657 5809 sunt

2066 5832 2260 5899 ardua,
2290 5831 2441 5889 nobis
2469 5831 2639 5907 facilia
2666 5835 2983 5895 videbuntur
3010 5850 3063 5897 et
3090 5842 3246 5913 levia,
3276 5844 3529 5917 brevique
3557 5846 3658 5902 hoc
