4130 6454
436 453 545 514 183

438 576 682 637 tempore
712 562 1015 620 laborantes
1044 555 1497 630 iucorruptibilem
1540 553 1682 609 illam
1710 549 2033 623 gestabimus

432 667 605 728 atque
646 654 1005 712 immortalem
1040 665 1290 708 coronam
1311 688 1327 716 ,
1355 646 1524 720 gratia
1564 652 1620 701 et
1662 640 2025 700 misericordia

1155 442 1215 500 S.
1253 438 1533 501 JOANNIS
1568 431 2041 494 CllRYSOSTOMI
2078 432 2399 492 ARClllEP.
2437 428 2977 489 CONSTANTINOP.

3624 433 3738 491 185

2143 548 2353 605 Domini
2378 550 2546 604 nostri
2565 548 2692 605 Jesu
2712 548 2932 617 Christi,
2959 547 3045 604 cui
3067 558 3151 606 est
3176 548 3343 621 gloria
3369 557 3424 605 et
3445 548 3741 621 imperium

2132 654 2277 697 nunc
2306 648 2361 696 et
2386 655 2602 713 semper
2620 650 2675 696 et
2702 638 2756 695 in
2780 640 2975 696 saecula
3001 640 3344 697 smculorum.
3372 643 3564 697 Amen.

445 796 3734 834 ___________________.._________.__—————————._—_____.

1306 918 1447 988 DE
1499 860 2021 991 LAUDIbUS
2071 912 2448 988 SANCTI
2504 913 2821 987 PAULI

1928 1106 2229 1153 APOSTOLI
2235 1136 2248 1153 .

1936 1210 2140 1281 ῖ-ῘΞὩΞ

1058 1323 1295 1367 -ΒΟΙΙιΙΔ
1326 1323 1402 1362 111.

516 1470 711 1527 Beatus
735 1468 932 1525 Paulus
950 1508 965 1535 ,
996 1466 1086 1537 qui
1114 1471 1316 1520 tantam
1337 1462 1446 1518 vim
1474 1460 1719 1517 humana?
1744 1459 2036 1516 alacritatis

442 1563 712 1631 ostendit,
753 1570 813 1616 ut
840 1560 906 1615 ad
932 1560 1123 1615 cadum
1150 1570 1363 1627 quoque
1400 1554 1573 1626 ipsum
1599 1553 1805 1610 valeret
1841 1553 2037 1609 subvo-

445 1655 579 1718 lare,
613 1652 1026 1724 pr:etermittens
1051 1647 1269 1719 angelos
1295 1654 1349 1702 et
1374 1645 1723 1716 archangelos
1748 1686 1764 1712 ,
1796 1645 2037 1716 aliasque

443 1748 669 1802 virtutes
693 1783 709 1811 ,
741 1740 1024 1815 aliquando
1048 1739 1264 1812 quidem
1293 1753 1391 1794 suo
1418 1737 1672 1807 exemplo
1709 1736 1910 1793 Christi
1937 1750 2037 1792 nos

446 1838 567 1894 ﬁeri
595 1837 889 1891 imitatores
911 1833 1083 1904 jubet,
1110 1830 1339 1887 dicendo
1372 1848 1384 1885 :
1416 1828 1704 1885 Imitatores
1732 1830 1831 1884 mei
1857 1837 2033 1899 estote,

442 1931 572 1987 sicut
590 1938 637 1984 et
659 1945 748 2000 ego
774 1925 959 1983 Christi
982 1926 1065 1997 (1.
1093 1923 1213 1981 Cor.
1242 1924 1328 1979 11.
1355 1923 1380 1978 1
1407 1924 1426 1992 )
1461 1941 1474 1977 :
1505 1921 1791 1993 aliquando
1816 1934 1945 1977 vero
1970 1921 2039 1979 de

446 2036 508 2077 se
536 2020 768 2076 reticens
791 2060 807 2087 ,
830 2018 896 2074 ad
924 2017 1089 2090 ipsius
1117 2031 1216 2071 nos
1245 2015 1601 2070 imitationem
1628 2014 1721 2069 Dei
1751 2012 1988 2069 extendit
2015 2053 2031 2080 ,

443 2112 632 2168 dicens
656 2128 670 2166 :
700 2110 876 2165 Estote
900 2126 1018 2181 ergo
1046 2108 1318 2163 imitatores
1346 2106 1440 2161 Dei
1458 2146 1479 2174 ,
1516 2106 1642 2161 sicut
1665 2105 1763 2175 ﬁlii
1789 2103 2039 2159 carissimi

450 2204 678 2279 (Eplies.
706 2204 760 2261 5.
794 2202 867 2272 1).
897 2201 1015 2257 Jam
1046 2214 1177 2256 vero
1205 2199 1598 2264 demonstrans,
1630 2197 1771 2268 quod
1800 2196 1936 2252 nihil
1968 2196 2039 2250 ita

446 2298 588 2354 hanc
614 2294 962 2351 imitationem
996 2292 1184 2363 pariat,
1215 2306 1372 2362 quam
1401 2291 1446 2345 si
1478 2292 1545 2345 ita
1571 2289 1714 2344 vivat
1739 2287 1952 2358 aliquis,
1983 2295 2041 2341 ut

448 2389 648 2444 bonum
679 2387 795 2457 ejus
823 2386 875 2440 in
914 2398 1202 2439 commune
1248 2381 1528 2453 proﬁciat,
1573 2390 1734 2451 atque
1776 2379 2040 2435 universis

448 2479 597 2534 utilia
627 2477 902 2549 provideat
929 2518 944 2542 ,
975 2475 1219 2545 adjunxit
1251 2492 1264 2529 :
1299 2473 1565 2528 Ambulate
1589 2474 1643 2527 in
1670 2472 1879 2526 caritate
1908 2470 1927 2541 (
1951 2469 2032 2524 Ib.

446 2585 496 2623 v.
521 2568 559 2623 2
583 2571 599 2637 )
627 2586 640 2622 :
676 2569 796 2622 ideo
823 2582 943 2621 cum
973 2565 1216 2629 dixisset,
1245 2562 1535 2618 Imitatores
1564 2565 1661 2616 mei
1690 2571 1865 2629 estote,
1897 2576 2033 2617 con-

449 2661 601 2714 tiuuo
628 2659 695 2714 de
723 2658 945 2713 caritate
964 2655 1217 2711 disseruit
1245 2697 1259 2721 ,
1282 2654 1403 2724 quia
1434 2653 1548 2710 Iizec
1575 2654 1843 2723 prtecipue
1872 2652 2041 2707 virtus

448 2750 697 2806 homines
744 2750 853 2803 Deo
900 2747 1171 2818 proximos
1217 2745 1358 2799 facit.
1405 2743 1855 2815 Quantaecumque
1898 2744 2041 2799 enim

452 2842 559 2898 sint
589 2841 706 2897 alia:
731 2881 748 2909 ,
775 2838 1084 2894 inferiorem
1118 2844 1366 2892 tenentes
1400 2836 1613 2904 locum,
1664 2845 1872 2891 cuncta:
1894 2835 2043 2893 circa

457 2932 732 2989 hominum
762 2929 934 2986 studia
963 2936 1265 2992 versantur,
1298 2935 1355 2981 ut
1383 2935 1467 2982 est
1493 2940 1668 2997 pugna
1698 2935 1881 2980 contra
1909 2940 2041 2980 cou-

453 3022 859 3095 cupiscentiam,
877 3029 935 3075 ut
960 3019 1099 3090 quod
1121 3018 1379 3074 adversus
1394 3017 1571 3089 gulam
1596 3016 1798 3088 geritur
1823 3016 2043 3082 bellum,

457 3125 514 3171 ut
540 3115 593 3170 in
624 3113 859 3169 avaritia:
894 3112 1165 3166 interitum
1206 3109 1350 3165 acies
1383 3108 1627 3163 ordinata
1652 3147 1669 3175 ,
1704 3115 1759 3162 ut
1786 3121 1907 3161 cum
1938 3107 2045 3162 ira-

456 3209 666 3265 cundia:
696 3206 875 3261 furore
903 3190 1214 3269 conﬂictus;
1246 3202 1466 3273 diligere
1491 3215 1619 3255 vero
1647 3199 1802 3254 nobis
1831 3198 2048 3269 Deoque

454 3313 741 3357 commune
769 3306 869 3353 est.
902 3296 1190 3367 Propterea
1210 3293 1522 3350 etChristus
1551 3291 1876 3363 imperabat:
1897 3289 2052 3345 Orate

454 3411 546 3466 pro
585 3390 1007 3448 calumniantibus
1043 3399 1089 3443 et
1128 3386 1534 3461 persequentibus
1563 3401 1650 3438 vos
1678 3427 1694 3453 ,
1734 3393 1786 3438 ut
1813 3384 1927 3439 sitis
1955 3381 2052 3453 ﬁlii

454 3486 630 3541 Patris
654 3484 803 3540 vestri
822 3526 837 3551 ,
866 3483 953 3554 qui
974 3482 1025 3535 in
1053 3480 1191 3535 caelis
1219 3488 1291 3535 est
1315 3479 1334 3551 (
1357 3477 1545 3532 Matth.
1568 3477 1623 3533 5.
1652 3476 1741 3532 44.
1774 3475 1844 3532 45
1864 3474 1905 3545 ).
1937 3473 2051 3530 Hoc

455 3580 615 3651 igitur
638 3587 692 3634 et
719 3577 916 3633 Paulus
945 3574 1247 3644 intelligens
1272 3578 1586 3626 cunctorum
1616 3583 1737 3624 esse
1764 3576 1923 3637 caput
1948 3566 2051 3622 bo-

455 3685 650 3726 norum
677 3708 694 3736 ,
734 3667 880 3721 omni
914 3665 1067 3719 in~se
1093 3662 1269 3718 studio
1294 3659 1597 3729 exprimere
1625 3657 1854 3711 curavit.
1884 3655 2054 3710 Nemo

453 3763 595 3819 enim
619 3762 689 3814 ita
716 3758 899 3813 dilexit
924 3755 1169 3810 inimicos
1187 3794 1203 3819 ,
1233 3766 1391 3807 nemo
1416 3765 1541 3820 erga
1567 3747 1907 3803 insidiatores
1946 3754 2052 3800 tam

456 3853 732 3910 beneﬁcus
759 3851 857 3904 fuit
876 3891 891 3916 ,
919 3849 1096 3903 nullus
1127 3861 1223 3917 pro
1249 3841 1600 3899 afflictoribus
1622 3840 1733 3895 suis
1760 3848 1905 3903 tanta
1928 3853 2054 3910 per-

455 3952 649 4018 pessus
666 3954 766 4000 est.
791 3943 904 3998 Non
926 3942 1069 3997 enim
1098 3938 1209 4001 ille,
1234 3935 1358 4009 quid
1383 3934 1703 4006 patiebatur,
1731 3933 1825 3989 sed
1848 3942 2053 3987 natura:

456 4038 701 4109 copulam
727 4032 1013 4105 cogitabat,
1041 4038 1347 4102 quantoque
1374 4027 1541 4098 magis
1563 4023 1924 4081 ellerebautur
1952 4023 2053 4077 iui-

461 4129 584 4185 Iuiei
611 4168 627 4195 ,
662 4134 808 4181 tanto
848 4139 1033 4179 eorum
1074 4121 1241 4192 magis
1286 4116 1645 4174 miserabatur
1674 4114 1953 4170 insaniam.
1985 4112 2059 4170 Ut

459 4221 604 4278 enim
645 4218 834 4288 aliquis
878 4222 1026 4286 pater
1067 4213 1374 4267 al‘iiceretur
1417 4223 1544 4280 erga
1595 4207 1761 4262 lilium
1802 4204 2056 4278 phrenesi

459 4310 907 4382 comprehensum
934 4348 948 4371 ,
989 4306 1143 4377 cujus
1183 4314 1382 4374 quanto
1424 4299 1596 4372 magis
1640 4298 1898 4356 conviciis
1936 4297 2056 4353 icti-

461 4405 668 4474 busque
699 4401 971 4472 pulsatur,
1013 4407 1164 4453 tanto
1203 4396 1372 4468 magis
1411 4410 1532 4450 eum
1581 4392 1868 4448 miseratur
1896 4403 2058 4463 atque

461 4496 625 4552 dellct
651 4511 665 4548 :
698 4494 770 4548 ita
799 4501 851 4547 et
880 4490 973 4546 ille
1001 4491 1089 4561 qui
1117 4504 1186 4543 ex
1215 4488 1325 4560 ipsa
1356 4483 1723 4558 magnitudine
1746 4484 2055 4556 passionum

461 4601 650 4643 eorum
676 4626 693 4649 ,
738 4599 770 4639 a
800 4568 1005 4655 quibus
1046 4579 1401 4651 aﬂligebatur,
1424 4577 1672 4633 morbum
1715 4575 2055 4647 conjiciebat,

465 4679 668 4746 majora
694 4674 801 4729 illis
830 4673 1115 4729 adhibebat
1144 4671 1376 4726 fomenta
1405 4669 1638 4740 pietatis.

538 4766 736 4822 Caritas
772 4775 819 4821 et
850 4762 1179 4818 mansuetudo
1209 4760 1387 4815 Pauli.
1415 4790 1488 4801 —
1515 4758 1655 4815 Audi
1683 4760 1866 4830 igitur,
1897 4773 2058 4831 quam

464 4849 765 4935 patienter,
797 4871 955 4926 quam
999 4862 1277 4910 mansuete
1307 4853 1461 4908 nobis
1497 4868 1602 4924 pro
1643 4853 1750 4907 illis
1780 4854 2059 4922 loquatur,

465 4955 555 5027 qui
587 4967 709 5008 eum
736 4949 1019 5021 quinquies
1046 4949 1461 5004 verberaverant
1479 4988 1508 5012 ,,
1525 4947 1613 5018 qui
1642 4962 1763 5001 eum
1790 4946 2063 5021 lapidave-

466 5054 611 5113 rant,
634 5043 725 5117 qui
746 5043 1046 5104 vinxerant,
1070 5040 1161 5112 qui
1184 5040 1300 5109 ejus
1319 5039 1492 5110 ipsum
1517 5038 1771 5093 sitiebant
1790 5054 2061 5105 cruorem,

469 5140 669 5212 quique
697 5135 845 5192 illum
876 5131 1115 5203 quotidie
1138 5131 1444 5202 discerpere
1466 5130 1781 5202 gestiebant.
1815 5129 2061 5185 Testimo-

470 5232 633 5291 nium,
667 5227 859 5299 inquit,
891 5224 995 5279 illis
1025 5221 1281 5295 per/tibeo,
1308 5224 1546 5292 quoniam
1568 5220 1941 5276 cumulationem
1968 5220 2068 5276 Dei

475 5321 676 5387 habent,
706 5319 795 5374 sed
825 5333 927 5372 non
965 5314 1242 5372 secundum
1279 5315 1539 5369 scientiam
1580 5315 1599 5385 (
1631 5314 1782 5369 Rom.
1828 5314 1916 5370 10.
1959 5313 1996 5369 2
2022 5315 2060 5385 ).

477 5411 545 5466 Ει
580 5425 765 5465 rursus
801 5422 897 5465 eos
922 5450 936 5474 ,
963 5406 1055 5479 qui
1084 5420 1144 5461 se
1173 5419 1331 5476 supra
1380 5406 1498 5461 illos
1553 5406 1835 5474 superbius
1879 5404 2068 5461 eil'ere-

479 5502 604 5554 bant
629 5542 645 5566 ,
676 5500 969 5557 refraenans
998 5517 1011 5555 :
1042 5496 1202 5564 Noli,
1236 5497 1331 5563 ait,
1358 5496 1520 5550 altum
1548 5511 1726 5565 sapere
1746 5537 1762 5562 ,
1804 5494 1894 5550 sed
1917 5495 2069 5549 time:

480 5593 526 5648 si
562 5593 694 5645 enim
723 5589 859 5644 Deus
894 5589 1212 5645 naturalibus
1245 5588 1401 5641 ramis
1442 5604 1541 5640 non
1570 5586 1823 5657 pepercit,
1852 5601 1915 5639 ne
1941 5589 2073 5657 forte

477 5696 573 5735 nec
593 5681 680 5735 tibi
709 5689 883 5752 parcat
907 5679 1085 5752 (Rom.
1106 5681 1192 5735 11.
1222 5677 1321 5734 20.
1335 5678 1452 5747 21).
1480 5678 1612 5744 Quia
1634 5676 1778 5732 enim
1803 5690 2072 5746 cognove-

483 5781 589 5830 rat.
637 5770 959 5829 dominicam
991 5772 1044 5826 in
1074 5770 1194 5825 illos
1217 5769 1328 5841 jam
1356 5768 1681 5840 processisse
1708 5774 2030 5825 sententiam
2055 5810 2071 5836 ,

487 5859 627 5927 quod
652 5875 818 5913 unum
848 5867 900 5913 ct
923 5861 1096 5917 solum
1117 5869 1232 5915 erat
1254 5860 1307 5916 in
1331 5875 1426 5915 sua
1451 5867 1733 5932 potestate,
1764 5859 2071 5933 prmstabat.

2139 1234 2371 1246 —-———

2144 1326 2302 1399 Saepe
2349 1329 2739 1402 lacrymabatur
2778 1335 3119 1393 vehementer
3164 1350 3258 1407 pro
3305 1338 3409 1395 illis
3435 1382 3451 1408 ,
3482 1340 3736 1409 dolebat,

2140 1424 2380 1481 volentes
2408 1426 2510 1479 illis
2541 1426 2793 1482 insultare
2822 1429 3159 1498 prohibebat,
3184 1442 3364 1503 atque,
3397 1436 3448 1487 in
3474 1444 3733 1504 quantum

2139 1524 2348 1585 poterat
2374 1558 2390 1582 ,
2423 1516 2699 1573 laborabat
2728 1520 2969 1574 umbram
3000 1522 3079 1576 eis
3105 1522 3335 1593 aliquam
3367 1527 3739 1583 excusationis

2140 1607 2452 1664 obtendere.
2478 1609 2541 1664 Et
2559 1612 2680 1681 quia
2711 1624 2925 1682 propter
2946 1617 3334 1670 contumaciam
3355 1633 3541 1673 eorum
3572 1630 3735 1691 atque

2140 1701 2389 1757 duritiam
2414 1744 2428 1767 ,
2470 1703 2796 1773 persuadere
2834 1705 2938 1760 illis
2978 1706 3137 1762 tidem
3167 1723 3415 1765 sermone
3442 1726 3547 1766 non
3575 1724 3734 1782 pote-

2142 1803 2260 1863 rat,
2293 1793 2362 1849 ad
2407 1796 2678 1851 orationes
2727 1798 3138 1853 convertebatur
3186 1801 3452 1857 assiduas.
3501 1802 3733 1867 Fratres.

2141 1883 2350 1956 inquit,
2404 1886 2638 1940 voluntas
2677 1888 2878 1956 quidem
2925 1888 3095 1943 cordis
3132 1891 3229 1945 mei
3268 1900 3313 1945 et
3350 1891 3625 1947 obsecratio
3666 1893 3738 1947 ad

2140 1973 2309 2030 Deum
2335 1979 2393 2046 ﬁt
2422 1993 2513 2046 pro
2533 1977 2636 2031 illis
2656 1978 2709 2032 in
2735 1978 2948 2033 salutem
2967 1980 3140 2051 (Rom.
3176 1981 3261 2037 10.
3290 1984 3367 2053 1).
3394 1983 3499 2053 Spe
3519 2001 3739 2056 quoque

2143 2068 2364 2123 meliore
2400 2068 2519 2123 illos
2547 2071 2793 2125 sollicitat
2815 2112 2829 2131 .
2858 2072 3081 2128 dicens:
3114 2074 3243 2130 Sine
3282 2077 3571 2146 pwnilcnlia
3596 2078 3734 2131 enim

2142 2167 2258 2213 sunt
2285 2160 2418 2235 dona
2444 2171 2488 2214 et
2516 2162 2708 2214 vacatio
2732 2161 2828 2216 Dei
2856 2163 2874 2234 (
2902 2163 3050 2218 Rom.
3078 2165 3162 2219 11.
3196 2165 3267 2220 29
3287 2166 3333 2236 ),
3365 2181 3435 2221 ne
3465 2182 3562 2237 spe
3583 2168 3739 2222 exci-

2142 2248 2273 2305 dant
2297 2260 2351 2307 et
2379 2263 2618 2321 pereant.
2644 2253 2773 2321 Qua:
2804 2256 2985 2326 utique
3012 2262 3188 2311 omnia
3218 2269 3341 2312 sunt
3364 2259 3524 2313 verba
3548 2275 3741 2315 amau-

2147 2343 2235 2410 tis,
2277 2352 2330 2397 et
2372 2343 2524 2398 valde
2563 2360 2745 2399 eorum
2772 2347 3088 2403 utilitatibus
3130 2348 3455 2419 providentis
3486 2368 3500 2403 :
3528 2363 3584 2405 ut
3609 2367 3736 2407 cum

2144 2434 2294 2502 dicit,
2330 2434 2502 2490 Veniet
2522 2453 2584 2491 ea:
2601 2437 2749 2504 Sion,
2772 2441 2859 2511 qui
2879 2442 3079 2513 eripiat,
3109 2453 3154 2496 et
3180 2452 3373 2496 avertat
3394 2444 3679 2514 impietates
3705 2462 3740 2497 α

2143 2525 2303 2583 Iacob
2331 2527 2484 2601 (Isai.
2507 2529 2595 2586 59.
2613 2530 2726 2601 20).
2755 2532 3091 2588 Mordebatur
3115 2536 3256 2589 enim
3282 2537 3648 2602 vehementer,
3677 2552 3744 2593 ac

2146 2622 2359 2691 penitus
2402 2622 2804 2691 dissecabatur,
2853 2640 2974 2681 cum
3020 2642 3113 2681 eos
3164 2640 3446 2697 pereuntes
3490 2629 3742 2695 videret,

2145 2726 2366 2788 propter
2386 2717 2525 2787 quod
2554 2726 2607 2772 et
2644 2719 2810 2772 multa
2850 2720 3035 2774 solatia
3060 2720 3184 2775 huic
3209 2722 3497 2777 adhibebat
3523 2721 3697 2776 dolori
3722 2763 3741 2791 ,

2148 2807 2432 2880 aliquando
2453 2808 2666 2879 quidem
2692 2809 2877 2865 dicens
2908 2829 2921 2864 :
2962 2809 3136 2866 Veniet
3164 2830 3225 2867 ea:
3247 2814 3396 2877 Sion,
3425 2814 3513 2883 qui
3532 2812 3738 2883 eripiat,

2149 2910 2197 2956 et
2221 2910 2412 2956 avertat
2436 2902 2717 2970 impietates
2745 2920 2776 2956 a
2801 2902 2963 2957 Jacob
2992 2902 3166 2977 (Rom.
3194 2906 3277 2961 11.
3310 2905 3425 2976 26);
3456 2906 3745 2977 aliquando

2150 3007 2299 3061 vero,
2327 2991 2394 3047 Et
2414 2994 2500 3048 isti
2525 3010 2623 3048 non
2647 2995 2968 3049 crediderunt
2994 2996 3044 3049 in
3070 3006 3284 3049 vestram
3316 2997 3738 3065 misericordiam,

2151 3093 2207 3139 ut
2233 3095 2279 3139 et
2303 3084 2400 3155 ipsi
2440 3087 2835 3141 misericordiam
2866 3097 3234 3158 consequantur
3262 3089 3279 3159 (
3303 3087 3449 3141 Rom.
3485 3090 3569 3143 11.
3602 3088 3665 3144 31
3696 3089 3738 3159 ).

2151 3176 2302 3233 Facit
2329 3187 2505 3233 autem
2538 3178 2639 3232 hoc
2666 3180 2824 3233 etiam
2851 3178 3133 3244 Jeremias,
3166 3180 3271 3233 vim
3295 3180 3577 3250 quamdam
3604 3179 3741 3233 inle-

2152 3282 2297 3335 rens,
2321 3280 2482 3338 atque
2510 3271 2838 3325 contendens
2859 3272 3256 3347 excusationem
3284 3272 3514 3341 aliquam
3537 3287 3631 3340 pro
3652 3270 3744 3327 de

2152 3359 2517 3431 linquentibus
2537 3362 2801 3429 invenire,
2828 3371 2879 3416 ct
2904 3377 3045 3417 nunc
3064 3362 3276 3433 quidem
3298 3362 3514 3417 dicens:
3540 3360 3603 3416 Si
3632 3376 3748 3432 pec-

2156 3462 2272 3508 cata
2290 3463 2463 3509 nostra
2479 3455 2762 3508 restiterunt
2781 3456 2943 3519 nobis,
2970 3456 3053 3525 {ac
3073 3467 3279 3526 propter
3313 3463 3361 3507 te
3390 3452 3520 3527 (Jer.
3546 3454 3633 3510 14.
3651 3454 3747 3522 7):

2156 3555 2211 3601 et
2237 3560 2453 3601 rursus:
2478 3545 2597 3601 Non
2619 3557 2694 3602 est
2712 3548 2761 3603 in
2783 3548 2986 3604 homine
3007 3548 3087 3602 via
3109 3546 3219 3610 eius
3240 3556 3308 3608 et,
3330 3562 3418 3600 nec
3445 3547 3593 3601 homo
3613 3547 3705 3600 ibit
3728 3590 3746 3614 ,

2157 3647 2204 3693 et
2230 3638 2410 3709 diriget
2434 3640 2529 3693 iter
2553 3655 2699 3692 suum
2731 3638 2751 3706 (
2768 3638 2957 3693 Jerem.
2990 3639 3081 3695 10.
3114 3638 3187 3694 25
3207 3638 3249 3708 ).
3268 3638 3347 3693 ’Et
3370 3653 3553 3693 rursus
3582 3656 3596 3692 :
3638 3637 3757 3694 He-

2157 3743 2325 3788 mcnto
2339 3732 2579 3803 quoniam
2597 3733 2760 3802 pulvis
2776 3749 2950 3787 sumus
2968 3732 3138 3803 (Psal.
3158 3732 3307 3788 102.1
3320 3730 3394 3803 4).
3416 3732 3528 3786 Mos
3547 3732 3755 3787 etenim

2157 3836 2243 3885 est
2268 3827 2487 3881 omnino
2562 3827 2945 3882 celeberrimus
3009 3837 3067 3881 ut
3100 3828 3165 3894 ii,
3196 3826 3287 3897 qui
3316 3841 3412 3897 pro
3435 3826 3757 3897 delinquen-

2161 3920 2302 3975 tibus
2328 3920 2704 3991 deprecantur,
2727 3920 2825 3976 eisi
2853 3921 2985 3975 nihil
3022 3919 3272 3975 idoneum
3316 3919 3541 3974 aderant
3562 3919 3630 3973 ad
3656 3934 3754 3975 ro-

2159 4011 2391 4082 gandum
2417 4052 2433 4078 ,
2455 4012 2646 4067 saltem
2674 4013 2919 4068 umbram
2948 4011 3232 4083 quamdam
3262 4011 3623 4066 excusationis
3651 4026 3757 4081 pro

2159 4103 2240 4159 eis
2267 4111 2577 4173 opponant,
2609 4118 2713 4158 non
2740 4112 2886 4158 certa
2910 4104 3199 4159 verborum
3227 4102 3553 4174 proprietate
3578 4103 3760 4159 muni-

2163 4204 2291 4264 tam,
2313 4209 2412 4250 nec
2435 4210 2554 4266 quae
2578 4193 2713 4249 trahi
2738 4195 2908 4266 possit
2931 4194 2984 4248 in
3005 4193 3275 4264 dogmata,
3304 4194 3400 4250 sed
3426 4210 3546 4265 qua:
3571 4205 3759 4252 tamen

2160 4289 2468 4345 consoletur
2481 4303 2579 4359 pro
2600 4287 2946 4358 pereuntibus
2971 4286 3233 4343 dolentes.
3265 4287 3383 4342 Non
3411 4302 3541 4359 ergo
3568 4286 3761 4358 hujus-

2160 4380 2305 4437 modi
2327 4380 2707 4436 excusationes
2730 4378 3094 4449 scrupulosius
3120 4378 3479 4448 ponderemus
3502 4421 3518 4446 ,
3545 4379 3641 4435 sed
3668 4379 3753 4434 in-

2161 4472 2483 4543 telligamus,
2506 4486 2627 4527 esse
2651 4470 2770 4526 illas
2787 4469 3018 4526 dolentis
3036 4470 3251 4540 aniune,
3275 4477 3330 4525 et
3349 4469 3530 4526 dicere
3555 4469 3755 4540 aliquid

2162 4579 2263 4636 pro
2290 4564 2659 4634 peccatoribus
2689 4546 3013 4633 requirentis
3033 4603 3049 4630 ,
3078 4562 3338 4634 juxtaque
3365 4567 3508 4618 hunc
3536 4562 3757 4620 modum

2164 4656 2282 4711 haec
2304 4672 2423 4726 quze
2457 4657 2702 4726 superius
2742 4655 2884 4711 dicta
2928 4665 3054 4711 sunt
3090 4670 3409 4713 censeamus
3437 4674 3452 4711 :
3484 4657 3569 4711 An
3597 4656 3764 4727 igitur

2162 4764 2288 4822 erga
2318 4750 2463 4807 solos
2493 4750 2707 4807 Judteos
2737 4751 2853 4806 talis
2875 4751 3159 4816 exstiterit,
3191 4767 3317 4823 erga
3341 4761 3630 4808 extraneos
3665 4767 3766 4807 au~

2165 4851 2310 4910 tem,
2351 4857 2460 4898 non
2500 4842 2617 4898 ita?
2644 4843 2883 4900 omnium
2921 4843 3236 4900 mitissimus
3261 4854 3378 4899 erat
3414 4851 3470 4899 et
3494 4858 3621 4915 erga
3658 4843 3764 4899 do-

2166 4934 2419 4990 mesticos
2442 4943 2500 4989 et
2533 4949 2657 5005 erga
2685 4944 2992 4992 extraneos.
3032 4934 3171 4990 Audi
3210 4934 3371 5007 igitur
3402 4935 3528 5007 quid
3571 4935 3639 4991 ad
3665 4936 3764 4992 Ti-

2168 5025 2443 5082 motheum
2490 5026 2562 5082 sit
2602 5027 2815 5083 locutus
2842 5018 2883 5083 ἰ
2939 5028 3154 5083 Servum
3181 5067 3198 5096 ,
3248 5029 3461 5100 inquit,
3516 5029 3613 5085 Dei
3662 5047 3768 5086 non

2169 5128 2362 5191 oportet
2404 5119 2606 5191 litigare
2625 5161 2641 5186 ,
2694 5119 2784 5174 sed
2837 5130 3157 5174 mansuetum
3208 5136 3316 5176 esse
3364 5137 3485 5193 erga
3551 5138 3725 5176 omnes
3745 5165 3762 5187 ,

2170 5211 2426 5265 doctorem
2476 5211 2545 5265 ad
2595 5211 2876 5266 docendum
2911 5252 2926 5276 ,
2977 5212 3248 5281 patientem
3277 5253 3293 5279 ,
3349 5229 3465 5267 cum
3521 5214 3770 5268 modestia

2171 5302 2524 5372 oorripientem
2550 5319 2654 5367 eos,
2686 5305 2773 5373 qui
2797 5304 3034 5359 resistunt
3062 5344 3079 5371 ,
3108 5304 3154 5359 si
3183 5304 3387 5373 quando
3414 5305 3498 5358 det
3520 5305 3598 5359 illi
3628 5303 3773 5359 Deus

2174 5394 2516 5465 paenitentiam
2542 5397 2609 5449 ad
2636 5397 3036 5468 cognoscendam
3063 5398 3321 5451 veritatem
3343 5439 3359 5464 ,
3388 5406 3442 5451 ut
3470 5399 3773 5471 resipiscam

2173 5503 2206 5541 a
2231 5486 2417 5544 diaboli
2441 5488 2652 5558 laqueis,
2680 5505 2712 5541 a
2735 5505 2834 5561 quo
2859 5488 2997 5559 capti
3010 5498 3237 5544 tenentur
3262 5489 3334 5544 ad
3356 5488 3517 5561 ipsius
3538 5491 3769 5545 volunta-

2175 5589 2278 5635 tem
2298 5579 2387 5652 (2.
2414 5578 2547 5637 Tim.
2578 5580 2633 5635 2.
2662 5580 3003 5653 21οὲ6).νὶ8
3025 5591 3206 5638 autem
3231 5581 3435 5649 videre,
3464 5597 3628 5653 quam
3657 5596 3770 5635 mo-

2176 5671 2328 5728 deste
2347 5672 2508 5730 etiam
2533 5688 2657 5729 cum
2688 5670 2791 5728 illis
2821 5673 3090 5744 loquatur,
3116 5673 3208 5745 qui
3230 5673 3282 5729 in
3309 5684 3529 5745 peccata
3553 5688 3774 5729 corrue—

2181 5766 2340 5823 rant?
2368 5767 2504 5823 Audi
2533 5765 2661 5840 quid
2680 5764 2974 5823 Corinthiis
3000 5766 3196 5824 dixerit
3220 5783 3235 5822 :
3265 5766 3461 5834 Timeo,
3488 5766 3680 5836 inquit,
3710 5782 3776 5822 ne

2182 5866 2334 5934 forte,
2361 5877 2472 5916 cum
2489 5876 2684 5932 venero,
2710 5880 2813 5920 non
2833 5863 3007 5936 quales
3026 5862 3138 5920 volo
3158 5861 3410 5918 inveniam
3436 5876 3524 5916 vos
3548 5860 3609 5933 (2
3649 5858 3776 5917 Cor.
