  <div class='ocr_page' id='page_1' title='image "/cluster/home/n/w/nwhite01/storage/ocr_20150623/50:no.2:pt.2/coo.31924054869494/080.png"; bbox 0 0 4130 6478; ppageno 0'>
   <div class='ocr_carea' id='block_1_1' title="bbox 489 400 596 457">
    <p class='ocr_par' dir='ltr' id='par_1_1' title="bbox 489 400 596 457">
     <span class='ocr_line' id='line_1_1' title="bbox 489 400 596 457; baseline -0.019 0"><span class='ocrx_word' id='word_1_1' title='bbox 489 400 596 457; x_wconf 72' lang='grc'>483</span> 
     </span>
    </p>
   </div>
   <div class='ocr_carea' id='block_1_2' title="bbox 485 507 2063 583">
    <p class='ocr_par' dir='ltr' id='par_1_2' title="bbox 485 507 2063 583">
     <span class='ocr_line' id='line_1_2' title="bbox 485 507 2063 583; baseline -0.004 -14"><span class='ocrx_word' id='word_1_2' title='bbox 485 512 755 569; x_wconf 82' lang='grc' dir='ltr'>ἀθάνατον</span> <span class='ocrx_word' id='word_1_3' title='bbox 794 510 997 565; x_wconf 83' lang='grc' dir='ltr'>ἐκεῖνον</span> <span class='ocrx_word' id='word_1_4' title='bbox 1024 510 1287 582; x_wconf 87' lang='grc' dir='ltr'>στέφανον</span> <span class='ocrx_word' id='word_1_5' title='bbox 1333 510 1627 583; x_wconf 78' lang='grc' dir='ltr'>φοροῦντες</span> <span class='ocrx_word' id='word_1_6' title='bbox 1661 507 2063 581; x_wconf 86' lang='grc' dir='ltr'>διατελέσομεν,</span> 
     </span>
    </p>
   </div>
   <div class='ocr_carea' id='block_1_3' title="bbox 1267 391 2903 457">
    <p class='ocr_par' dir='ltr' id='par_1_3' title="bbox 1267 391 2903 457">
     <span class='ocr_line' id='line_1_3' title="bbox 1267 391 2903 457; baseline -0.001 -2"><span class='ocrx_word' id='word_1_7' title='bbox 1267 399 1357 455; x_wconf 87' lang='lat' dir='ltr'><strong>DE</strong></span> <span class='ocrx_word' id='word_1_8' title='bbox 1394 393 1744 457; x_wconf 78' lang='lat' dir='ltr'>LAUDIBUS</span> <span class='ocrx_word' id='word_1_9' title='bbox 1786 395 1844 451; x_wconf 91' lang='lat' dir='ltr'>S.</span> <span class='ocrx_word' id='word_1_10' title='bbox 1885 391 2095 451; x_wconf 72' lang='lat' dir='ltr'>PAULI</span> <span class='ocrx_word' id='word_1_11' title='bbox 2132 392 2491 453; x_wconf 82' lang='lat' dir='ltr'>APOSTOLI.</span> <span class='ocrx_word' id='word_1_12' title='bbox 2534 397 2771 457; x_wconf 74' lang='lat' dir='ltr'>HOMIL.</span> <span class='ocrx_word' id='word_1_13' title='bbox 2815 399 2903 455; x_wconf 77' lang='lat' dir='ltr'>Ill.</span> 
     </span>
    </p>
   </div>
   <div class='ocr_carea' id='block_1_4' title="bbox 3645 392 3749 448">
    <p class='ocr_par' dir='ltr' id='par_1_4' title="bbox 3645 392 3749 448">
     <span class='ocr_line' id='line_1_4' title="bbox 3645 392 3749 448; baseline 0.019 -3"><span class='ocrx_word' id='word_1_14' title='bbox 3645 392 3749 448; x_wconf 61' lang='lat'>43-!</span> 
     </span>
    </p>
   </div>
   <div class='ocr_carea' id='block_1_5' title="bbox 2172 500 3750 578">
    <p class='ocr_par' dir='ltr' id='par_1_5' title="bbox 2172 500 3750 578">
     <span class='ocr_line' id='line_1_5' title="bbox 2172 500 3750 578; baseline 0.004 -19"><span class='ocrx_word' id='word_1_15' title='bbox 2172 506 2432 578; x_wconf 82' lang='grc' dir='ltr'>Χριστοῦ,</span> <span class='ocrx_word' id='word_1_16' title='bbox 2466 500 2510 575; x_wconf 80' lang='grc' dir='ltr'>ᾧ</span> <span class='ocrx_word' id='word_1_17' title='bbox 2547 507 2581 577; x_wconf 88' lang='grc' dir='ltr'>ἡ</span> <span class='ocrx_word' id='word_1_18' title='bbox 2615 504 2742 569; x_wconf 82' lang='grc' dir='ltr'>δόξα</span> <span class='ocrx_word' id='word_1_19' title='bbox 2785 504 2880 558; x_wconf 76' lang='grc' dir='ltr'>καὶ</span> <span class='ocrx_word' id='word_1_20' title='bbox 2917 504 2980 558; x_wconf 84' lang='grc' dir='ltr'>τὸ</span> <span class='ocrx_word' id='word_1_21' title='bbox 3011 505 3211 578; x_wconf 84' lang='grc' dir='ltr'>κράτος</span> <span class='ocrx_word' id='word_1_22' title='bbox 3249 507 3344 560; x_wconf 88' lang='grc' dir='ltr'>νῦν</span> <span class='ocrx_word' id='word_1_23' title='bbox 3379 507 3473 561; x_wconf 62' lang='grc' dir='ltr'>καὶ</span> <span class='ocrx_word' id='word_1_24' title='bbox 3517 507 3623 573; x_wconf 65' lang='grc' dir='ltr'>ἀει,</span> <span class='ocrx_word' id='word_1_25' title='bbox 3655 515 3750 565; x_wconf 71' lang='grc' dir='ltr'>καὶ</span> 
     </span>
    </p>
   </div>
   <div class='ocr_carea' id='block_1_6' title="bbox 485 596 3355 675">
    <p class='ocr_par' dir='ltr' id='par_1_6' title="bbox 485 596 3355 675">
     <span class='ocr_line' id='line_1_6' title="bbox 485 596 3355 675; baseline -0.003 -15"><span class='ocrx_word' id='word_1_26' title='bbox 485 605 674 675; x_wconf 81' lang='grc' dir='ltr'>χάριτι</span> <span class='ocrx_word' id='word_1_27' title='bbox 717 603 812 657; x_wconf 77' lang='grc' dir='ltr'>καὶ</span> <span class='ocrx_word' id='word_1_28' title='bbox 843 602 1226 675; x_wconf 76' lang='grc' dir='ltr'>φιλανθρωπίᾳ</span> <span class='ocrx_word' id='word_1_29' title='bbox 1279 600 1374 656; x_wconf 82' lang='grc' dir='ltr'>τοῦ</span> <span class='ocrx_word' id='word_1_30' title='bbox 1432 600 1642 674; x_wconf 78' lang='grc' dir='ltr'>Κυρίου</span> <span class='ocrx_word' id='word_1_31' title='bbox 1692 599 1848 672; x_wconf 84' lang='grc' dir='ltr'>ἡμῶν</span> <span class='ocrx_word' id='word_1_32' title='bbox 1885 598 2064 671; x_wconf 86' lang='grc' dir='ltr'>Ἰησοῦ</span> <span class='ocrx_word' id='word_1_33' title='bbox 2173 602 2253 663; x_wconf 84' lang='grc' dir='ltr'>εἰς</span> <span class='ocrx_word' id='word_1_34' title='bbox 2284 600 2408 663; x_wconf 80' lang='grc' dir='ltr'>τοὺς</span> <span class='ocrx_word' id='word_1_35' title='bbox 2436 600 2639 662; x_wconf 78' lang='grc' dir='ltr'>αἰῶνας</span> <span class='ocrx_word' id='word_1_36' title='bbox 2674 598 2782 652; x_wconf 89' lang='grc' dir='ltr'>τῶν</span> <span class='ocrx_word' id='word_1_37' title='bbox 2811 596 3045 655; x_wconf 83' lang='grc' dir='ltr'>αἰώνων.</span> <span class='ocrx_word' id='word_1_38' title='bbox 3090 600 3283 672; x_wconf 83' lang='grc' dir='ltr'>Ἀμήν.</span> <span class='ocrx_word' id='word_1_39' title='bbox 3352 600 3355 601; x_wconf 60' lang='grc'><strong><em>⁷</em></strong></span> 
     </span>
    </p>
   </div>
   <div class='ocr_carea' id='block_1_7' title="bbox 1555 941 2623 998">
    <p class='ocr_par' dir='ltr' id='par_1_7' title="bbox 1555 941 2623 998">
     <span class='ocr_line' id='line_1_7' title="bbox 1555 941 2623 998; baseline -0.001 0"><span class='ocrx_word' id='word_1_40' title='bbox 1555 943 1664 998; x_wconf 85' lang='grc' dir='ltr'>ΕΙΣ</span> <span class='ocrx_word' id='word_1_41' title='bbox 1700 944 1837 998; x_wconf 83' lang='grc' dir='ltr'>ΤοΝ</span> <span class='ocrx_word' id='word_1_42' title='bbox 1876 941 2287 998; x_wconf 80' lang='grc' dir='ltr'>ΑΠΟΣΤΟΛΟΝ</span> <span class='ocrx_word' id='word_1_43' title='bbox 2326 943 2623 997; x_wconf 81' lang='grc' dir='ltr'>ΠΑΥΛΟΝ.</span> 
     </span>
    </p>
   </div>
   <div class='ocr_carea' id='block_1_8' title="bbox 1112 1320 1463 1393">
    <p class='ocr_par' dir='ltr' id='par_1_8' title="bbox 1112 1320 1463 1393">
     <span class='ocr_line' id='line_1_8' title="bbox 1112 1320 1463 1393; baseline -0.003 -16"><span class='ocrx_word' id='word_1_44' title='bbox 1112 1322 1346 1393; x_wconf 72' lang='grc' dir='ltr'>Ὀμιλία</span> <span class='ocrx_word' id='word_1_45' title='bbox 1393 1320 1463 1391; x_wconf 78' lang='grc' dir='ltr'>τ’.</span> 
     </span>
    </p>
   </div>
   <div class='ocr_carea' id='block_1_9' title="bbox 565 1408 2079 1490">
    <p class='ocr_par' dir='ltr' id='par_1_9' title="bbox 565 1408 2079 1490">
     <span class='ocr_line' id='line_1_9' title="bbox 565 1408 2079 1490; baseline -0.007 -16"><span class='ocrx_word' id='word_1_46' title='bbox 565 1431 594 1461; x_wconf 77' lang='grc' dir='ltr'>ι</span> <span class='ocrx_word' id='word_1_47' title='bbox 627 1418 687 1474; x_wconf 90' lang='lat'>&#39;0</span> <span class='ocrx_word' id='word_1_48' title='bbox 727 1416 996 1490; x_wconf 80' lang='grc' dir='ltr'>μακάριος</span> <span class='ocrx_word' id='word_1_49' title='bbox 1025 1415 1235 1479; x_wconf 80' lang='grc' dir='ltr'>Παῦλος</span> <span class='ocrx_word' id='word_1_50' title='bbox 1257 1415 1353 1486; x_wconf 85' lang='grc' dir='ltr'>τῆς</span> <span class='ocrx_word' id='word_1_51' title='bbox 1384 1410 1727 1485; x_wconf 78' lang='grc' dir='ltr'>ἀνθρωπίνης</span> <span class='ocrx_word' id='word_1_52' title='bbox 1771 1408 2079 1482; x_wconf 85' lang='grc' dir='ltr'>προθυμίας</span> 
     </span>
    </p>
   </div>
   <div class='ocr_carea' id='block_1_10' title="bbox 494 1501 2077 1581">
    <p class='ocr_par' dir='ltr' id='par_1_10' title="bbox 494 1501 2077 1581">
     <span class='ocr_line' id='line_1_10' title="bbox 494 1501 2077 1581; baseline -0.006 -16"><span class='ocrx_word' id='word_1_53' title='bbox 494 1509 902 1581; x_wconf 71' lang='grc' dir='ltr'>ἐνδεικνύμενος</span> <span class='ocrx_word' id='word_1_54' title='bbox 939 1508 1038 1580; x_wconf 83' lang='grc' dir='ltr'>τὴν</span> <span class='ocrx_word' id='word_1_55' title='bbox 1086 1510 1268 1578; x_wconf 76' lang='grc' dir='ltr'>ἰσχὺν,</span> <span class='ocrx_word' id='word_1_56' title='bbox 1299 1508 1393 1560; x_wconf 74' lang='grc' dir='ltr'>καὶ</span> <span class='ocrx_word' id='word_1_57' title='bbox 1430 1507 1512 1559; x_wconf 83' lang='grc' dir='ltr'>ὅτι</span> <span class='ocrx_word' id='word_1_58' title='bbox 1543 1505 1679 1577; x_wconf 88' lang='grc' dir='ltr'>πρὸς</span> <span class='ocrx_word' id='word_1_59' title='bbox 1710 1504 1870 1559; x_wconf 81' lang='grc' dir='ltr'>αὐτὸν</span> <span class='ocrx_word' id='word_1_60' title='bbox 1913 1501 2077 1558; x_wconf 85' lang='grc' dir='ltr'>δυνά-</span> 
     </span>
    </p>
   </div>
   <div class='ocr_carea' id='block_1_11' title="bbox 500 1592 2078 1669">
    <p class='ocr_par' dir='ltr' id='par_1_11' title="bbox 500 1592 2078 1669">
     <span class='ocr_line' id='line_1_11' title="bbox 500 1592 2078 1669; baseline -0.004 -17"><span class='ocrx_word' id='word_1_61' title='bbox 500 1599 642 1669; x_wconf 90' lang='grc' dir='ltr'>μεθα</span> <span class='ocrx_word' id='word_1_62' title='bbox 666 1598 696 1638; x_wconf 71' lang='grc' dir='ltr'><strong>ι)</strong></span> <span class='ocrx_word' id='word_1_63' title='bbox 728 1598 929 1668; x_wconf 84' lang='grc' dir='ltr'>πτῆναι</span> <span class='ocrx_word' id='word_1_64' title='bbox 957 1596 1046 1649; x_wconf 78' lang='grc' dir='ltr'>τὸν</span> <span class='ocrx_word' id='word_1_65' title='bbox 1077 1596 1326 1667; x_wconf 81' lang='grc' dir='ltr'>οὐρανὸν,</span> <span class='ocrx_word' id='word_1_66' title='bbox 1357 1595 1517 1663; x_wconf 76' lang='grc' dir='ltr'>ἀφεὶς</span> <span class='ocrx_word' id='word_1_67' title='bbox 1560 1594 1822 1662; x_wconf 81' lang='grc' dir='ltr'>ἀγγέλους</span> <span class='ocrx_word' id='word_1_68' title='bbox 1854 1592 1946 1647; x_wconf 81' lang='grc' dir='ltr'>καὶ</span> <span class='ocrx_word' id='word_1_69' title='bbox 1975 1592 2078 1663; x_wconf 88' lang='grc' dir='ltr'>ἀρ-</span> 
     </span>
    </p>
   </div>
   <div class='ocr_carea' id='block_1_12' title="bbox 497 1682 2078 1759">
    <p class='ocr_par' dir='ltr' id='par_1_12' title="bbox 497 1682 2078 1759">
     <span class='ocr_line' id='line_1_12' title="bbox 497 1682 2078 1759; baseline -0.004 -18"><span class='ocrx_word' id='word_1_70' title='bbox 497 1688 796 1759; x_wconf 83' lang='grc' dir='ltr'>χαγγέλους</span> <span class='ocrx_word' id='word_1_71' title='bbox 822 1688 916 1741; x_wconf 72' lang='grc' dir='ltr'>καὶ</span> <span class='ocrx_word' id='word_1_72' title='bbox 935 1687 1033 1750; x_wconf 84' lang='grc' dir='ltr'>τὰς</span> <span class='ocrx_word' id='word_1_73' title='bbox 1061 1686 1225 1750; x_wconf 76' lang='grc' dir='ltr'>ἄλλας</span> <span class='ocrx_word' id='word_1_74' title='bbox 1246 1686 1524 1756; x_wconf 85' lang='grc' dir='ltr'>δυνάμεις,</span> <span class='ocrx_word' id='word_1_75' title='bbox 1549 1685 1681 1738; x_wconf 83' lang='grc' dir='ltr'>ποτὲ</span> <span class='ocrx_word' id='word_1_76' title='bbox 1718 1683 1819 1754; x_wconf 82' lang='grc' dir='ltr'>μὲν</span> <span class='ocrx_word' id='word_1_77' title='bbox 1847 1682 1916 1737; x_wconf 91' lang='grc' dir='ltr'>δι’</span> <span class='ocrx_word' id='word_1_78' title='bbox 1948 1683 2078 1735; x_wconf 85' lang='grc' dir='ltr'>ἐαυ-</span> 
     </span>
    </p>
   </div>
   <div class='ocr_carea' id='block_1_13' title="bbox 497 1772 2080 1850">
    <p class='ocr_par' dir='ltr' id='par_1_13' title="bbox 497 1772 2080 1850">
     <span class='ocr_line' id='line_1_13' title="bbox 497 1772 2080 1850; baseline -0.006 -17"><span class='ocrx_word' id='word_1_79' title='bbox 497 1780 593 1834; x_wconf 87' lang='grc' dir='ltr'>τοῦ</span> <span class='ocrx_word' id='word_1_80' title='bbox 623 1780 782 1850; x_wconf 82' lang='grc' dir='ltr'>μόνου</span> <span class='ocrx_word' id='word_1_81' title='bbox 817 1778 1058 1850; x_wconf 82' lang='grc' dir='ltr'>μιμητὰς</span> <span class='ocrx_word' id='word_1_82' title='bbox 1082 1778 1335 1847; x_wconf 90' lang='grc' dir='ltr'>γενέσθαι</span> <span class='ocrx_word' id='word_1_83' title='bbox 1368 1775 1580 1830; x_wconf 82' lang='grc' dir='ltr'>κελεύει</span> <span class='ocrx_word' id='word_1_84' title='bbox 1609 1773 1702 1828; x_wconf 86' lang='grc' dir='ltr'>τοῦ</span> <span class='ocrx_word' id='word_1_85' title='bbox 1728 1772 1966 1845; x_wconf 81' lang='grc' dir='ltr'>Χριστοῦ</span> <span class='ocrx_word' id='word_1_86' title='bbox 1995 1772 2080 1826; x_wconf 88' lang='grc' dir='ltr'>λέ-</span> 
     </span>
    </p>
   </div>
   <div class='ocr_carea' id='block_1_14' title="bbox 499 1862 2081 1938">
    <p class='ocr_par' dir='ltr' id='par_1_14' title="bbox 499 1862 2081 1938">
     <span class='ocr_line' id='line_1_14' title="bbox 499 1862 2081 1938; baseline -0.004 -18"><span class='ocrx_word' id='word_1_87' title='bbox 499 1865 801 1938; x_wconf 71' lang='grc' dir='ltr'>γων’[487]</span> <span class='ocrx_word' id='word_1_88' title='bbox 831 1868 1092 1935; x_wconf 85' lang='grc' dir='ltr'>Μιμηταί</span> <span class='ocrx_word' id='word_1_89' title='bbox 1113 1883 1233 1935; x_wconf 88' lang='grc' dir='ltr'>μου</span> <span class='ocrx_word' id='word_1_90' title='bbox 1248 1866 1508 1934; x_wconf 75' lang='grc' dir='ltr'>γίνεσθε,</span> <span class='ocrx_word' id='word_1_91' title='bbox 1539 1862 1734 1929; x_wconf 86' lang='grc' dir='ltr'>καθὼς</span> <span class='ocrx_word' id='word_1_92' title='bbox 1766 1862 1928 1932; x_wconf 80' lang='grc' dir='ltr'>κάγὼ</span> <span class='ocrx_word' id='word_1_93' title='bbox 1951 1865 2081 1931; x_wconf 88' lang='grc' dir='ltr'>Χρι-</span> 
     </span>
    </p>
   </div>
   <div class='ocr_carea' id='block_1_15' title="bbox 497 1953 2081 2029">
    <p class='ocr_par' dir='ltr' id='par_1_15' title="bbox 497 1953 2081 2029">
     <span class='ocr_line' id='line_1_15' title="bbox 497 1953 2081 2029; baseline -0.006 -15"><span class='ocrx_word' id='word_1_94' title='bbox 497 1959 651 2015; x_wconf 88' lang='grc' dir='ltr'>στοῦ</span> <span class='ocrx_word' id='word_1_95' title='bbox 673 1976 688 1990; x_wconf 86' lang='grc'><strong>·</strong></span> <span class='ocrx_word' id='word_1_96' title='bbox 716 1960 846 2013; x_wconf 81' lang='grc' dir='ltr'>ποτὲ</span> <span class='ocrx_word' id='word_1_97' title='bbox 878 1959 937 2012; x_wconf 84' lang='grc' dir='ltr'>δέ</span> <span class='ocrx_word' id='word_1_98' title='bbox 972 1958 1066 2011; x_wconf 56' lang='grc' dir='ltr'>καὶ⁵</span> <span class='ocrx_word' id='word_1_99' title='bbox 1094 1958 1262 2029; x_wconf 74' lang='grc' dir='ltr'>χωρὶς</span> <span class='ocrx_word' id='word_1_100' title='bbox 1295 1954 1488 2009; x_wconf 86' lang='grc' dir='ltr'>ἐαυτοῦ</span> <span class='ocrx_word' id='word_1_101' title='bbox 1527 1953 1663 2027; x_wconf 78' lang='grc' dir='ltr'>πρὸς</span> <span class='ocrx_word' id='word_1_102' title='bbox 1687 1953 1851 2007; x_wconf 75' lang='grc' dir='ltr'>αὑτὸν</span> <span class='ocrx_word' id='word_1_103' title='bbox 1885 1953 2081 2017; x_wconf 78' lang='grc' dir='ltr'>αὐτοὺς</span> 
     </span>
    </p>
   </div>
   <div class='ocr_carea' id='block_1_16' title="bbox 498 2042 2080 2116">
    <p class='ocr_par' dir='ltr' id='par_1_16' title="bbox 498 2042 2080 2116">
     <span class='ocr_line' id='line_1_16' title="bbox 498 2042 2080 2116; baseline -0.004 -11"><span class='ocrx_word' id='word_1_104' title='bbox 498 2049 817 2114; x_wconf 76' lang='grc' dir='ltr'>ἀναϐιϐάζει</span> <span class='ocrx_word' id='word_1_105' title='bbox 864 2050 956 2104; x_wconf 69' lang='grc' dir='ltr'>τὸν</span> <span class='ocrx_word' id='word_1_106' title='bbox 1002 2049 1137 2102; x_wconf 79' lang='grc' dir='ltr'>Θεὸν</span> <span class='ocrx_word' id='word_1_107' title='bbox 1178 2048 1375 2116; x_wconf 90' lang='grc' dir='ltr'>λέγων,</span> <span class='ocrx_word' id='word_1_108' title='bbox 1419 2047 1675 2101; x_wconf 75' lang='grc' dir='ltr'>Γίνεσθε</span> <span class='ocrx_word' id='word_1_109' title='bbox 1704 2042 1817 2102; x_wconf 85' lang='grc' dir='ltr'>οὖν</span> <span class='ocrx_word' id='word_1_110' title='bbox 1834 2044 2080 2115; x_wconf 77' lang='grc' dir='ltr'>μιμηταὶ</span> 
     </span>
    </p>
   </div>
   <div class='ocr_carea' id='block_1_17' title="bbox 498 2134 2082 2209">
    <p class='ocr_par' dir='ltr' id='par_1_17' title="bbox 498 2134 2082 2209">
     <span class='ocr_line' id='line_1_17' title="bbox 498 2134 2082 2209; baseline -0.006 -12"><span class='ocrx_word' id='word_1_111' title='bbox 498 2143 607 2197; x_wconf 73' lang='grc' dir='ltr'>τοῦ</span> <span class='ocrx_word' id='word_1_112' title='bbox 642 2142 826 2206; x_wconf 87' lang='grc' dir='ltr'>Θεοῦ,</span> <span class='ocrx_word' id='word_1_113' title='bbox 878 2143 960 2208; x_wconf 92' lang='grc' dir='ltr'>ὠς</span> <span class='ocrx_word' id='word_1_114' title='bbox 1005 2141 1188 2194; x_wconf 86' lang='grc' dir='ltr'>τέκνα</span> <span class='ocrx_word' id='word_1_115' title='bbox 1232 2137 1528 2209; x_wconf 77' lang='grc' dir='ltr'>ἀγαπητά.</span> <span class='ocrx_word' id='word_1_116' title='bbox 1576 2134 1707 2190; x_wconf 73' lang='grc' dir='ltr'>Εἶτα</span> <span class='ocrx_word' id='word_1_117' title='bbox 1758 2136 1972 2199; x_wconf 78' lang='grc' dir='ltr'>δεικνὺς</span> <span class='ocrx_word' id='word_1_118' title='bbox 2006 2135 2082 2199; x_wconf 86' lang='grc' dir='ltr'>ὡς</span> 
     </span>
    </p>
   </div>
   <div class='ocr_carea' id='block_1_18' title="bbox 499 2228 2081 2303">
    <p class='ocr_par' dir='ltr' id='par_1_18' title="bbox 499 2228 2081 2303">
     <span class='ocr_line' id='line_1_18' title="bbox 499 2228 2081 2303; baseline -0.006 -15"><span class='ocrx_word' id='word_1_119' title='bbox 499 2235 652 2288; x_wconf 77' lang='grc' dir='ltr'>οὐδὲν</span> <span class='ocrx_word' id='word_1_120' title='bbox 681 2233 823 2287; x_wconf 75' lang='grc' dir='ltr'>οὕτω</span> <span class='ocrx_word' id='word_1_121' title='bbox 850 2235 995 2286; x_wconf 86' lang='grc' dir='ltr'>ποιεῖ</span> <span class='ocrx_word' id='word_1_122' title='bbox 1022 2232 1121 2303; x_wconf 86' lang='grc' dir='ltr'>τὴν</span> <span class='ocrx_word' id='word_1_123' title='bbox 1167 2232 1397 2303; x_wconf 83' lang='grc' dir='ltr'>μίμησιν</span> <span class='ocrx_word' id='word_1_124' title='bbox 1428 2228 1657 2299; x_wconf 87' lang='grc' dir='ltr'>ταύτην,</span> <span class='ocrx_word' id='word_1_125' title='bbox 1683 2228 1759 2291; x_wconf 83' lang='grc' dir='ltr'>ὡς</span> <span class='ocrx_word' id='word_1_126' title='bbox 1798 2228 1859 2280; x_wconf 84' lang='grc' dir='ltr'>τὸ</span> <span class='ocrx_word' id='word_1_127' title='bbox 1888 2245 2081 2281; x_wconf 85' lang='grc' dir='ltr'>κοινω-</span> 
     </span>
    </p>
   </div>
   <div class='ocr_carea' id='block_1_19' title="bbox 502 2320 2082 2395">
    <p class='ocr_par' dir='ltr' id='par_1_19' title="bbox 502 2320 2082 2395">
     <span class='ocr_line' id='line_1_19' title="bbox 502 2320 2082 2395; baseline -0.004 -17"><span class='ocrx_word' id='word_1_128' title='bbox 502 2324 680 2394; x_wconf 85' lang='grc' dir='ltr'>φελῶς</span> <span class='ocrx_word' id='word_1_129' title='bbox 705 2325 805 2395; x_wconf 78' lang='grc' dir='ltr'>ζῇν</span> <span class='ocrx_word' id='word_1_130' title='bbox 845 2324 940 2377; x_wconf 79' lang='grc' dir='ltr'>καὶ</span> <span class='ocrx_word' id='word_1_131' title='bbox 981 2323 1118 2395; x_wconf 79' lang='grc' dir='ltr'>πρὸς</span> <span class='ocrx_word' id='word_1_132' title='bbox 1151 2322 1210 2375; x_wconf 87' lang='grc' dir='ltr'>τὸ</span> <span class='ocrx_word' id='word_1_133' title='bbox 1255 2321 1417 2374; x_wconf 72' lang='grc' dir='ltr'>παντὶ</span> <span class='ocrx_word' id='word_1_134' title='bbox 1466 2321 1741 2391; x_wconf 84' lang='grc' dir='ltr'>χρήσιμον</span> <span class='ocrx_word' id='word_1_135' title='bbox 1790 2320 1941 2390; x_wconf 82' lang='grc' dir='ltr'>ὁρᾷν,</span> <span class='ocrx_word' id='word_1_136' title='bbox 1982 2321 2082 2371; x_wconf 65' lang='grc' dir='ltr'>ἐπ⁴</span> 
     </span>
    </p>
   </div>
   <div class='ocr_carea' id='block_1_20' title="bbox 502 2409 2080 2487">
    <p class='ocr_par' dir='ltr' id='par_1_20' title="bbox 502 2409 2080 2487">
     <span class='ocr_line' id='line_1_20' title="bbox 502 2409 2080 2487; baseline -0.005 -17"><span class='ocrx_word' id='word_1_137' title='bbox 502 2424 712 2487; x_wconf 81' lang='grc' dir='ltr'>ηγαγε’</span> <span class='ocrx_word' id='word_1_138' title='bbox 764 2416 1143 2485; x_wconf 80' lang='grc' dir='ltr'>Περιπατεῖτε</span> <span class='ocrx_word' id='word_1_139' title='bbox 1178 2414 1247 2467; x_wconf 85' lang='grc' dir='ltr'>ἐν</span> <span class='ocrx_word' id='word_1_140' title='bbox 1279 2411 1503 2481; x_wconf 73' lang='grc' dir='ltr'>ἀγάπῃ.</span> <span class='ocrx_word' id='word_1_141' title='bbox 1534 2411 1633 2464; x_wconf 87' lang='grc' dir='ltr'>Διά</span> <span class='ocrx_word' id='word_1_142' title='bbox 1681 2409 1840 2463; x_wconf 86' lang='grc' dir='ltr'>τοῦτο</span> <span class='ocrx_word' id='word_1_143' title='bbox 1891 2410 2080 2473; x_wconf 88' lang='grc' dir='ltr'>εἰπὼν,</span> 
     </span>
    </p>
   </div>
   <div class='ocr_carea' id='block_1_21' title="bbox 500 2500 2085 2577">
    <p class='ocr_par' dir='ltr' id='par_1_21' title="bbox 500 2500 2085 2577">
     <span class='ocr_line' id='line_1_21' title="bbox 500 2500 2085 2577; baseline -0.004 -17"><span class='ocrx_word' id='word_1_144' title='bbox 500 2506 764 2576; x_wconf 79' lang='grc' dir='ltr'>Μιμηταί</span> <span class='ocrx_word' id='word_1_145' title='bbox 790 2524 907 2577; x_wconf 90' lang='grc' dir='ltr'>μου</span> <span class='ocrx_word' id='word_1_146' title='bbox 941 2507 1212 2574; x_wconf 69' lang='grc' dir='ltr'>γίνεσθε,</span> <span class='ocrx_word' id='word_1_147' title='bbox 1259 2505 1387 2574; x_wconf 71' lang='grc' dir='ltr'>περὶ</span> <span class='ocrx_word' id='word_1_148' title='bbox 1421 2502 1643 2572; x_wconf 81' lang='grc' dir='ltr'>ἀγάπης</span> <span class='ocrx_word' id='word_1_149' title='bbox 1681 2501 1884 2564; x_wconf 82' lang='grc' dir='ltr'>εὐθέως</span> <span class='ocrx_word' id='word_1_150' title='bbox 1913 2500 2085 2554; x_wconf 84' lang='grc' dir='ltr'>διαλέ-</span> 
     </span>
    </p>
   </div>
   <div class='ocr_carea' id='block_1_22' title="bbox 500 2587 2083 2667">
    <p class='ocr_par' dir='ltr' id='par_1_22' title="bbox 500 2587 2083 2667">
     <span class='ocr_line' id='line_1_22' title="bbox 500 2587 2083 2667; baseline -0.003 -18"><span class='ocrx_word' id='word_1_151' title='bbox 500 2613 679 2665; x_wconf 88' lang='grc' dir='ltr'>γεται,</span> <span class='ocrx_word' id='word_1_152' title='bbox 707 2596 920 2658; x_wconf 82' lang='grc' dir='ltr'>δεικνὺς</span> <span class='ocrx_word' id='word_1_153' title='bbox 941 2597 1023 2648; x_wconf 84' lang='grc' dir='ltr'>ὅτι</span> <span class='ocrx_word' id='word_1_154' title='bbox 1057 2595 1194 2667; x_wconf 77' lang='grc' dir='ltr'>αὕτη</span> <span class='ocrx_word' id='word_1_155' title='bbox 1234 2594 1468 2664; x_wconf 85' lang='grc' dir='ltr'>μάλιστα</span> <span class='ocrx_word' id='word_1_156' title='bbox 1500 2595 1533 2664; x_wconf 86' lang='grc' dir='ltr'>ἡ</span> <span class='ocrx_word' id='word_1_157' title='bbox 1563 2592 1732 2664; x_wconf 83' lang='grc' dir='ltr'>ἀρετὴ</span> <span class='ocrx_word' id='word_1_158' title='bbox 1758 2593 1925 2660; x_wconf 82' lang='grc' dir='ltr'>ἐγγὺς</span> <span class='ocrx_word' id='word_1_159' title='bbox 1945 2587 2083 2645; x_wconf 74' lang='grc' dir='ltr'>εἷναι</span> 
     </span>
    </p>
   </div>
   <div class='ocr_carea' id='block_1_23' title="bbox 502 2684 2083 2755">
    <p class='ocr_par' dir='ltr' id='par_1_23' title="bbox 502 2684 2083 2755">
     <span class='ocr_line' id='line_1_23' title="bbox 502 2684 2083 2755; baseline -0.001 -16"><span class='ocrx_word' id='word_1_160' title='bbox 502 2689 647 2740; x_wconf 85' lang='grc' dir='ltr'>ποιεί</span> <span class='ocrx_word' id='word_1_161' title='bbox 682 2686 851 2739; x_wconf 73' lang='grc' dir='ltr'>Θεοῦο</span> <span class='ocrx_word' id='word_1_162' title='bbox 892 2686 968 2749; x_wconf 84' lang='grc' dir='ltr'>ὡς</span> <span class='ocrx_word' id='word_1_163' title='bbox 1014 2687 1075 2739; x_wconf 79' lang='grc' dir='ltr'>αἵ</span> <span class='ocrx_word' id='word_1_164' title='bbox 1115 2702 1178 2754; x_wconf 90' lang='grc' dir='ltr'>γε</span> <span class='ocrx_word' id='word_1_165' title='bbox 1221 2686 1376 2740; x_wconf 82' lang='grc' dir='ltr'>ἄλλαι</span> <span class='ocrx_word' id='word_1_166' title='bbox 1404 2684 1608 2755; x_wconf 80' lang='grc' dir='ltr'>ταύτης</span> <span class='ocrx_word' id='word_1_167' title='bbox 1641 2684 2083 2755; x_wconf 88' lang='grc' dir='ltr'>καταδεέστεραι,</span> 
     </span>
    </p>
   </div>
   <div class='ocr_carea' id='block_1_24' title="bbox 508 2771 2085 2849">
    <p class='ocr_par' dir='ltr' id='par_1_24' title="bbox 508 2771 2085 2849">
     <span class='ocr_line' id='line_1_24' title="bbox 508 2771 2085 2849; baseline -0.001 -18"><span class='ocrx_word' id='word_1_168' title='bbox 508 2778 603 2831; x_wconf 77' lang='grc' dir='ltr'>καὶ</span> <span class='ocrx_word' id='word_1_169' title='bbox 643 2777 773 2848; x_wconf 84' lang='grc' dir='ltr'>περὶ</span> <span class='ocrx_word' id='word_1_170' title='bbox 798 2776 1119 2847; x_wconf 83' lang='grc' dir='ltr'>ἀνθρώπους</span> <span class='ocrx_word' id='word_1_171' title='bbox 1154 2779 1330 2830; x_wconf 81' lang='grc' dir='ltr'>πᾶσαι</span> <span class='ocrx_word' id='word_1_172' title='bbox 1357 2777 1707 2849; x_wconf 77' lang='grc' dir='ltr'>στρέφονται’</span> <span class='ocrx_word' id='word_1_173' title='bbox 1738 2771 1849 2829; x_wconf 72' lang='grc' dir='ltr'>οἷον</span> <span class='ocrx_word' id='word_1_174' title='bbox 1886 2777 1920 2846; x_wconf 92' lang='grc' dir='ltr'>ἡ</span> <span class='ocrx_word' id='word_1_175' title='bbox 1948 2776 2085 2848; x_wconf 83' lang='grc' dir='ltr'>πρὸς</span> 
     </span>
    </p>
   </div>
   <div class='ocr_carea' id='block_1_25' title="bbox 501 2865 2081 2939">
    <p class='ocr_par' dir='ltr' id='par_1_25' title="bbox 501 2865 2081 2939">
     <span class='ocr_line' id='line_1_25' title="bbox 501 2865 2081 2939; baseline 0.001 -20"><span class='ocrx_word' id='word_1_176' title='bbox 501 2865 795 2937; x_wconf 78' lang='grc' dir='ltr'>ἐπιθυμίαν</span> <span class='ocrx_word' id='word_1_177' title='bbox 844 2867 1016 2937; x_wconf 84' lang='grc' dir='ltr'>μάχη,</span> <span class='ocrx_word' id='word_1_178' title='bbox 1049 2869 1078 2921; x_wconf 84' lang='grc' dir='ltr'>ὁ</span> <span class='ocrx_word' id='word_1_179' title='bbox 1132 2867 1262 2939; x_wconf 76' lang='grc' dir='ltr'>περὶ</span> <span class='ocrx_word' id='word_1_180' title='bbox 1318 2867 1416 2938; x_wconf 78' lang='grc' dir='ltr'>τὴν</span> <span class='ocrx_word' id='word_1_181' title='bbox 1461 2867 1707 2939; x_wconf 84' lang='grc' dir='ltr'>γαστέρα</span> <span class='ocrx_word' id='word_1_182' title='bbox 1761 2867 2013 2938; x_wconf 78' lang='grc' dir='ltr'>πόλεμος,</span> <span class='ocrx_word' id='word_1_183' title='bbox 2048 2870 2081 2938; x_wconf 91' lang='grc' dir='ltr'>ἡ</span> 
     </span>
    </p>
   </div>
   <div class='ocr_carea' id='block_1_26' title="bbox 502 2956 2084 3031">
    <p class='ocr_par' dir='ltr' id='par_1_26' title="bbox 502 2956 2084 3031">
     <span class='ocr_line' id='line_1_26' title="bbox 502 2956 2084 3031; baseline 0.003 -23"><span class='ocrx_word' id='word_1_184' title='bbox 502 2956 642 3028; x_wconf 78' lang='grc' dir='ltr'>πρδς</span> <span class='ocrx_word' id='word_1_185' title='bbox 670 2957 767 3028; x_wconf 80' lang='grc' dir='ltr'>τὴν</span> <span class='ocrx_word' id='word_1_186' title='bbox 803 2958 1167 3028; x_wconf 81' lang='grc' dir='ltr'>φιλαργυρίαν</span> <span class='ocrx_word' id='word_1_187' title='bbox 1203 2958 1527 3031; x_wconf 81' lang='grc' dir='ltr'>παράταξις,</span> <span class='ocrx_word' id='word_1_188' title='bbox 1564 2961 1598 3029; x_wconf 88' lang='grc' dir='ltr'>ἡ</span> <span class='ocrx_word' id='word_1_189' title='bbox 1640 2959 1777 3029; x_wconf 80' lang='grc' dir='ltr'>πρὸς</span> <span class='ocrx_word' id='word_1_190' title='bbox 1796 2958 1889 3011; x_wconf 85' lang='grc' dir='ltr'>τὸν</span> <span class='ocrx_word' id='word_1_191' title='bbox 1916 2958 2084 3029; x_wconf 77' lang='grc' dir='ltr'>θυμὸν</span> 
     </span>
    </p>
   </div>
   <div class='ocr_carea' id='block_1_27' title="bbox 502 3047 2081 3120">
    <p class='ocr_par' dir='ltr' id='par_1_27' title="bbox 502 3047 2081 3120">
     <span class='ocr_line' id='line_1_27' title="bbox 502 3047 2081 3120; baseline 0.001 -20"><span class='ocrx_word' id='word_1_192' title='bbox 502 3049 648 3120; x_wconf 82' lang='grc' dir='ltr'>πάλη</span> <span class='ocrx_word' id='word_1_193' title='bbox 670 3066 682 3078; x_wconf 92' lang='grc'>·</span> <span class='ocrx_word' id='word_1_194' title='bbox 716 3047 778 3100; x_wconf 79' lang='grc' dir='ltr'>τὸ</span> <span class='ocrx_word' id='word_1_195' title='bbox 801 3048 859 3101; x_wconf 80' lang='grc' dir='ltr'>δέ</span> <span class='ocrx_word' id='word_1_196' title='bbox 890 3048 1085 3117; x_wconf 82' lang='grc' dir='ltr'>φιλεῖν,</span> <span class='ocrx_word' id='word_1_197' title='bbox 1108 3047 1266 3102; x_wconf 83' lang='grc' dir='ltr'>τοῦτο</span> <span class='ocrx_word' id='word_1_198' title='bbox 1300 3048 1475 3102; x_wconf 86' lang='grc' dir='ltr'>κοινὸν</span> <span class='ocrx_word' id='word_1_199' title='bbox 1494 3048 1652 3119; x_wconf 85' lang='grc' dir='ltr'>ἡμῶν</span> <span class='ocrx_word' id='word_1_200' title='bbox 1682 3048 1777 3101; x_wconf 74' lang='grc' dir='ltr'>καὶ</span> <span class='ocrx_word' id='word_1_201' title='bbox 1804 3048 1897 3101; x_wconf 87' lang='grc' dir='ltr'>τοῦ</span> <span class='ocrx_word' id='word_1_202' title='bbox 1924 3048 2081 3102; x_wconf 84' lang='grc' dir='ltr'>Θεοῦ.</span> 
     </span>
    </p>
   </div>
   <div class='ocr_carea' id='block_1_28' title="bbox 501 3139 2084 3211">
    <p class='ocr_par' dir='ltr' id='par_1_28' title="bbox 501 3139 2084 3211">
     <span class='ocr_line' id='line_1_28' title="bbox 501 3139 2084 3211; baseline 0 -18"><span class='ocrx_word' id='word_1_203' title='bbox 501 3142 602 3194; x_wconf 81' lang='grc' dir='ltr'>Διά</span> <span class='ocrx_word' id='word_1_204' title='bbox 625 3139 782 3193; x_wconf 90' lang='grc' dir='ltr'>τοῦτο</span> <span class='ocrx_word' id='word_1_205' title='bbox 808 3140 902 3192; x_wconf 64' lang='grc' dir='ltr'>καὶ⁹</span> <span class='ocrx_word' id='word_1_206' title='bbox 922 3140 949 3191; x_wconf 90' lang='grc' dir='ltr'>ὁ</span> <span class='ocrx_word' id='word_1_207' title='bbox 970 3139 1204 3211; x_wconf 82' lang='grc' dir='ltr'>Χριστὸς</span> <span class='ocrx_word' id='word_1_208' title='bbox 1238 3140 1422 3209; x_wconf 72' lang='grc' dir='ltr'>ἔλεγεν</span> <span class='ocrx_word' id='word_1_209' title='bbox 1438 3156 1451 3170; x_wconf 77' lang='grc'><strong><em>⁸</em></strong></span> <span class='ocrx_word' id='word_1_210' title='bbox 1479 3141 1747 3209; x_wconf 60' lang='grc' dir='ltr'>Ειῦχεσθε</span> <span class='ocrx_word' id='word_1_211' title='bbox 1784 3139 1936 3207; x_wconf 79' lang='grc' dir='ltr'>ὑπὲρ</span> <span class='ocrx_word' id='word_1_212' title='bbox 1967 3141 2084 3195; x_wconf 88' lang='grc' dir='ltr'>τῶν</span> 
     </span>
    </p>
   </div>
   <div class='ocr_carea' id='block_1_29' title="bbox 500 3229 2084 3300">
    <p class='ocr_par' dir='ltr' id='par_1_29' title="bbox 500 3229 2084 3300">
     <span class='ocr_line' id='line_1_29' title="bbox 500 3229 2084 3300; baseline 0.001 -16"><span class='ocrx_word' id='word_1_213' title='bbox 500 3229 948 3300; x_wconf 63' lang='grc' dir='ltr'>ἐπηρεαζόντων</span> <span class='ocrx_word' id='word_1_214' title='bbox 999 3229 1192 3300; x_wconf 80' lang='grc' dir='ltr'>ὑμᾶς,</span> <span class='ocrx_word' id='word_1_215' title='bbox 1237 3231 1397 3296; x_wconf 75' lang='grc' dir='ltr'>ὅπως</span> <span class='ocrx_word' id='word_1_216' title='bbox 1444 3231 1703 3300; x_wconf 74' lang='grc' dir='ltr'>γένησθε</span> <span class='ocrx_word' id='word_1_217' title='bbox 1741 3230 1931 3300; x_wconf 84' lang='grc' dir='ltr'>ὅμοιοι</span> <span class='ocrx_word' id='word_1_218' title='bbox 1978 3229 2084 3285; x_wconf 89' lang='grc' dir='ltr'>τοῦ</span> 
     </span>
    </p>
   </div>
   <div class='ocr_carea' id='block_1_30' title="bbox 502 3320 2084 3391">
    <p class='ocr_par' dir='ltr' id='par_1_30' title="bbox 502 3320 2084 3391">
     <span class='ocr_line' id='line_1_30' title="bbox 502 3320 2084 3391; baseline 0 -16"><span class='ocrx_word' id='word_1_219' title='bbox 502 3321 732 3390; x_wconf 84' lang='grc' dir='ltr'>Πατρὸς</span> <span class='ocrx_word' id='word_1_220' title='bbox 758 3320 929 3391; x_wconf 84' lang='grc' dir='ltr'>ὑμῶν</span> <span class='ocrx_word' id='word_1_221' title='bbox 970 3322 1074 3375; x_wconf 87' lang='grc' dir='ltr'>τοῦ</span> <span class='ocrx_word' id='word_1_222' title='bbox 1111 3322 1183 3375; x_wconf 83' lang='grc' dir='ltr'>ἐν</span> <span class='ocrx_word' id='word_1_223' title='bbox 1211 3322 1335 3389; x_wconf 84' lang='grc' dir='ltr'>τοῖς</span> <span class='ocrx_word' id='word_1_224' title='bbox 1367 3322 1665 3391; x_wconf 84' lang='grc' dir='ltr'>οὐρανοῖς.</span> <span class='ocrx_word' id='word_1_225' title='bbox 1702 3321 1877 3377; x_wconf 85' lang='grc' dir='ltr'>Τοῦτο</span> <span class='ocrx_word' id='word_1_226' title='bbox 1902 3323 2084 3375; x_wconf 88' lang='grc' dir='ltr'>τοίνυν</span> 
     </span>
    </p>
   </div>
   <div class='ocr_carea' id='block_1_31' title="bbox 502 3410 2085 3482">
    <p class='ocr_par' dir='ltr' id='par_1_31' title="bbox 502 3410 2085 3482">
     <span class='ocr_line' id='line_1_31' title="bbox 502 3410 2085 3482; baseline -0.001 -16"><span class='ocrx_word' id='word_1_227' title='bbox 502 3414 597 3466; x_wconf 80' lang='grc' dir='ltr'>καὶ</span> <span class='ocrx_word' id='word_1_228' title='bbox 626 3416 653 3467; x_wconf 88' lang='grc' dir='ltr'>ὁ</span> <span class='ocrx_word' id='word_1_229' title='bbox 687 3411 898 3475; x_wconf 83' lang='grc' dir='ltr'>Παῦλος</span> <span class='ocrx_word' id='word_1_230' title='bbox 928 3411 1086 3475; x_wconf 87' lang='grc' dir='ltr'>εἰδὼς</span> <span class='ocrx_word' id='word_1_231' title='bbox 1124 3412 1418 3482; x_wconf 86' lang='grc' dir='ltr'>κεφάλαιον</span> <span class='ocrx_word' id='word_1_232' title='bbox 1452 3412 1510 3465; x_wconf 87' lang='grc' dir='ltr'>ὃν</span> <span class='ocrx_word' id='word_1_233' title='bbox 1542 3412 1650 3464; x_wconf 89' lang='grc' dir='ltr'>τῶν</span> <span class='ocrx_word' id='word_1_234' title='bbox 1674 3410 1913 3480; x_wconf 80' lang='grc' dir='ltr'>ἀγαθῶν,</span> <span class='ocrx_word' id='word_1_235' title='bbox 1946 3413 2085 3482; x_wconf 86' lang='grc' dir='ltr'>μετὰ</span> 
     </span>
    </p>
   </div>
   <div class='ocr_carea' id='block_1_32' title="bbox 503 3501 2085 3575">
    <p class='ocr_par' dir='ltr' id='par_1_32' title="bbox 503 3501 2085 3575">
     <span class='ocr_line' id='line_1_32' title="bbox 503 3501 2085 3575; baseline -0.001 -19"><span class='ocrx_word' id='word_1_236' title='bbox 503 3504 701 3573; x_wconf 83' lang='grc' dir='ltr'>πολλῆς</span> <span class='ocrx_word' id='word_1_237' title='bbox 731 3501 1043 3566; x_wconf 72' lang='grc' dir='ltr'>ἐπεδείξατο</span> <span class='ocrx_word' id='word_1_238' title='bbox 1071 3505 1169 3574; x_wconf 82' lang='grc' dir='ltr'>τῆς</span> <span class='ocrx_word' id='word_1_239' title='bbox 1194 3503 1502 3575; x_wconf 70' lang='grc' dir='ltr'>ἀκρνϐείας.</span> <span class='ocrx_word' id='word_1_240' title='bbox 1533 3503 1720 3567; x_wconf 69' lang='grc' dir='ltr'>Οὐδεὶς</span> <span class='ocrx_word' id='word_1_241' title='bbox 1750 3502 1879 3571; x_wconf 85' lang='grc' dir='ltr'>γοῦν</span> <span class='ocrx_word' id='word_1_242' title='bbox 1913 3502 2085 3566; x_wconf 77' lang='grc' dir='ltr'>οὕτως</span> 
     </span>
    </p>
   </div>
   <div class='ocr_carea' id='block_1_33' title="bbox 503 3585 2085 3666">
    <p class='ocr_par' dir='ltr' id='par_1_33' title="bbox 503 3585 2085 3666">
     <span class='ocr_line' id='line_1_33' title="bbox 503 3585 2085 3666; baseline 0.001 -20"><span class='ocrx_word' id='word_1_243' title='bbox 503 3594 731 3666; x_wconf 81' lang='grc' dir='ltr'>ἐχθροὺς</span> <span class='ocrx_word' id='word_1_244' title='bbox 774 3595 1051 3665; x_wconf 88' lang='grc' dir='ltr'>ἐφίλησεν,</span> <span class='ocrx_word' id='word_1_245' title='bbox 1090 3594 1263 3658; x_wconf 77' lang='grc' dir='ltr'>οὐδεὶς</span> <span class='ocrx_word' id='word_1_246' title='bbox 1304 3585 1447 3647; x_wconf 73' lang='grc' dir='ltr'>οὕτω</span> <span class='ocrx_word' id='word_1_247' title='bbox 1483 3596 1608 3657; x_wconf 82' lang='grc' dir='ltr'>τοὺς</span> <span class='ocrx_word' id='word_1_248' title='bbox 1642 3594 2085 3658; x_wconf 85' lang='grc' dir='ltr'>ἐπιϐουλεύοντας</span> 
     </span>
    </p>
   </div>
   <div class='ocr_carea' id='block_1_34' title="bbox 504 3682 2084 3762">
    <p class='ocr_par' dir='ltr' id='par_1_34' title="bbox 504 3682 2084 3762">
     <span class='ocr_line' id='line_1_34' title="bbox 504 3682 2084 3762; baseline 0.003 -23"><span class='ocrx_word' id='word_1_249' title='bbox 504 3688 893 3759; x_wconf 76' lang='grc' dir='ltr'>εὐηργέτησεν,</span> <span class='ocrx_word' id='word_1_250' title='bbox 917 3688 1091 3751; x_wconf 72' lang='grc' dir='ltr'>οὐδεὶς</span> <span class='ocrx_word' id='word_1_251' title='bbox 1123 3688 1360 3742; x_wconf 87' lang='grc' dir='ltr'>τοσαῦτα</span> <span class='ocrx_word' id='word_1_252' title='bbox 1386 3689 1528 3760; x_wconf 81' lang='grc' dir='ltr'>ὑπὲρ</span> <span class='ocrx_word' id='word_1_253' title='bbox 1556 3682 1664 3743; x_wconf 81' lang='grc' dir='ltr'>τῶν</span> <span class='ocrx_word' id='word_1_254' title='bbox 1700 3690 2084 3762; x_wconf 77' lang='grc' dir='ltr'>λελυπηκότων</span> 
     </span>
    </p>
   </div>
   <div class='ocr_carea' id='block_1_35' title="bbox 502 3761 2086 3851">
    <p class='ocr_par' dir='ltr' id='par_1_35' title="bbox 502 3761 2086 3851">
     <span class='ocr_line' id='line_1_35' title="bbox 502 3761 2086 3851; baseline 0.002 -20"><span class='ocrx_word' id='word_1_255' title='bbox 502 3777 707 3832; x_wconf 77' lang='grc' dir='ltr'>ἔπαθεν</span> <span class='ocrx_word' id='word_1_256' title='bbox 728 3798 741 3812; x_wconf 90' lang='grc'><strong>·</strong></span> <span class='ocrx_word' id='word_1_257' title='bbox 779 3780 900 3833; x_wconf 78' lang='grc' dir='ltr'>οὐδὲ</span> <span class='ocrx_word' id='word_1_258' title='bbox 941 3779 1051 3849; x_wconf 83' lang='grc' dir='ltr'>γὰρ</span> <span class='ocrx_word' id='word_1_259' title='bbox 1098 3782 1178 3844; x_wconf 82' lang='grc' dir='ltr'>είς</span> <span class='ocrx_word' id='word_1_260' title='bbox 1210 3781 1354 3851; x_wconf 82' lang='grc' dir='ltr'>ἆπερ</span> <span class='ocrx_word' id='word_1_261' title='bbox 1387 3779 1622 3851; x_wconf 78' lang='grc' dir='ltr'>ἔπασχεν</span> <span class='ocrx_word' id='word_1_262' title='bbox 1653 3761 1904 3846; x_wconf 77' lang='grc' dir='ltr'>ἔϐλεπεν,</span> <span class='ocrx_word' id='word_1_263' title='bbox 1948 3781 2086 3834; x_wconf 86' lang='grc' dir='ltr'>ἀλλά</span> 
     </span>
    </p>
   </div>
   <div class='ocr_carea' id='block_1_36' title="bbox 501 3868 2083 3944">
    <p class='ocr_par' dir='ltr' id='par_1_36' title="bbox 501 3868 2083 3944">
     <span class='ocr_line' id='line_1_36' title="bbox 501 3868 2083 3944; baseline 0.006 -27"><span class='ocrx_word' id='word_1_264' title='bbox 501 3868 564 3921; x_wconf 66' lang='grc' dir='ltr'>τὸ</span> <span class='ocrx_word' id='word_1_265' title='bbox 598 3868 771 3925; x_wconf 78' lang='grc' dir='ltr'>κοινὸν</span> <span class='ocrx_word' id='word_1_266' title='bbox 820 3870 920 3941; x_wconf 80' lang='grc' dir='ltr'>τῆς</span> <span class='ocrx_word' id='word_1_267' title='bbox 975 3870 1190 3940; x_wconf 85' lang='grc' dir='ltr'>φύσεως</span> <span class='ocrx_word' id='word_1_268' title='bbox 1227 3872 1447 3940; x_wconf 70' lang='grc' dir='ltr'>ἐνενόει,</span> <span class='ocrx_word' id='word_1_269' title='bbox 1480 3872 1575 3925; x_wconf 71' lang='grc' dir='ltr'>καὶ</span> <span class='ocrx_word' id='word_1_270' title='bbox 1621 3873 1730 3944; x_wconf 84' lang='grc' dir='ltr'>ὅσῳ</span> <span class='ocrx_word' id='word_1_271' title='bbox 1765 3873 1965 3944; x_wconf 85' lang='grc' dir='ltr'>μᾶλλον</span> <span class='ocrx_word' id='word_1_272' title='bbox 1999 3873 2083 3938; x_wconf 77' lang='grc' dir='ltr'>ἐξ·</span> 
     </span>
    </p>
   </div>
   <div class='ocr_carea' id='block_1_37' title="bbox 502 3960 2081 4036">
    <p class='ocr_par' dir='ltr' id='par_1_37' title="bbox 502 3960 2081 4036">
     <span class='ocr_line' id='line_1_37' title="bbox 502 3960 2081 4036; baseline 0.004 -23"><span class='ocrx_word' id='word_1_273' title='bbox 502 3960 840 4032; x_wconf 82' lang='grc' dir='ltr'>εθηριοῦντο,</span> <span class='ocrx_word' id='word_1_274' title='bbox 866 3962 1107 4033; x_wconf 85' lang='grc' dir='ltr'>τοσούτῳ</span> <span class='ocrx_word' id='word_1_275' title='bbox 1136 3963 1336 4033; x_wconf 87' lang='grc' dir='ltr'>μᾶλλον</span> <span class='ocrx_word' id='word_1_276' title='bbox 1368 3964 1545 4017; x_wconf 86' lang='grc' dir='ltr'>αὐτῶν</span> <span class='ocrx_word' id='word_1_277' title='bbox 1565 3964 1711 4034; x_wconf 77' lang='grc' dir='ltr'>ἠλέει</span> <span class='ocrx_word' id='word_1_278' title='bbox 1735 3965 1833 4036; x_wconf 82' lang='grc' dir='ltr'>τὴν</span> <span class='ocrx_word' id='word_1_279' title='bbox 1863 3965 2081 4036; x_wconf 85' lang='grc' dir='ltr'>μανίαν.</span> 
     </span>
    </p>
   </div>
   <div class='ocr_carea' id='block_1_38' title="bbox 506 4049 2086 4122">
    <p class='ocr_par' dir='ltr' id='par_1_38' title="bbox 506 4049 2086 4122">
     <span class='ocr_line' id='line_1_38' title="bbox 506 4049 2086 4122; baseline 0.002 -20"><span class='ocrx_word' id='word_1_280' title='bbox 506 4050 613 4102; x_wconf 79' lang='grc' dir='ltr'>Καὶ</span> <span class='ocrx_word' id='word_1_281' title='bbox 637 4050 712 4113; x_wconf 84' lang='grc' dir='ltr'>ὡς</span> <span class='ocrx_word' id='word_1_282' title='bbox 735 4049 800 4104; x_wconf 82' lang='grc' dir='ltr'>ἄν</span> <span class='ocrx_word' id='word_1_283' title='bbox 827 4067 911 4114; x_wconf 88' lang='grc' dir='ltr'>τις</span> <span class='ocrx_word' id='word_1_284' title='bbox 941 4049 1211 4121; x_wconf 86' lang='grc' dir='ltr'>διατεθείη</span> <span class='ocrx_word' id='word_1_285' title='bbox 1248 4051 1429 4122; x_wconf 82' lang='grc' dir='ltr'>πατὴρ</span> <span class='ocrx_word' id='word_1_286' title='bbox 1460 4050 1586 4122; x_wconf 73' lang='grc' dir='ltr'>περὶ</span> <span class='ocrx_word' id='word_1_287' title='bbox 1617 4050 1781 4104; x_wconf 85' lang='grc' dir='ltr'>παῖδα</span> <span class='ocrx_word' id='word_1_288' title='bbox 1819 4052 2086 4121; x_wconf 86' lang='grc' dir='ltr'>φρενίτιδι</span> 
     </span>
    </p>
   </div>
   <div class='ocr_carea' id='block_1_39' title="bbox 504 4138 2082 4215">
    <p class='ocr_par' dir='ltr' id='par_1_39' title="bbox 504 4138 2082 4215">
     <span class='ocr_line' id='line_1_39' title="bbox 504 4138 2082 4215; baseline 0.003 -24"><span class='ocrx_word' id='word_1_289' title='bbox 504 4138 866 4209; x_wconf 84' lang='grc' dir='ltr'>κατεχόμενον</span> <span class='ocrx_word' id='word_1_290' title='bbox 913 4139 1067 4209; x_wconf 84' lang='grc' dir='ltr'>(ὅσῳ</span> <span class='ocrx_word' id='word_1_291' title='bbox 1110 4139 1221 4211; x_wconf 83' lang='grc' dir='ltr'>γὰρ</span> <span class='ocrx_word' id='word_1_292' title='bbox 1261 4140 1327 4194; x_wconf 83' lang='grc' dir='ltr'>ἂν</span> <span class='ocrx_word' id='word_1_293' title='bbox 1375 4140 1665 4212; x_wconf 78' lang='grc' dir='ltr'>ὑϐρίζηται</span> <span class='ocrx_word' id='word_1_294' title='bbox 1716 4141 1811 4194; x_wconf 70' lang='grc' dir='ltr'>καὶ</span> <span class='ocrx_word' id='word_1_295' title='bbox 1854 4141 2082 4215; x_wconf 80' lang='grc' dir='ltr'>λακτίζῃ</span> 
     </span>
    </p>
   </div>
   <div class='ocr_carea' id='block_1_40' title="bbox 504 4230 2086 4304">
    <p class='ocr_par' dir='ltr' id='par_1_40' title="bbox 504 4230 2086 4304">
     <span class='ocr_line' id='line_1_40' title="bbox 504 4230 2086 4304; baseline 0.001 -19"><span class='ocrx_word' id='word_1_296' title='bbox 504 4231 756 4302; x_wconf 80' lang='grc' dir='ltr'>χαλεπῶς</span> <span class='ocrx_word' id='word_1_297' title='bbox 785 4233 815 4285; x_wconf 86' lang='grc' dir='ltr'>ὁ</span> <span class='ocrx_word' id='word_1_298' title='bbox 843 4230 1088 4302; x_wconf 83' lang='grc' dir='ltr'>κάμνων,</span> <span class='ocrx_word' id='word_1_299' title='bbox 1124 4232 1362 4304; x_wconf 85' lang='grc' dir='ltr'>τοσούτῳ</span> <span class='ocrx_word' id='word_1_300' title='bbox 1397 4232 1597 4303; x_wconf 80' lang='grc' dir='ltr'>μᾶλλον</span> <span class='ocrx_word' id='word_1_301' title='bbox 1629 4234 1791 4287; x_wconf 82' lang='grc' dir='ltr'>αὐτὸν</span> <span class='ocrx_word' id='word_1_302' title='bbox 1821 4233 1962 4287; x_wconf 85' lang='grc' dir='ltr'>ἐλεεῖ</span> <span class='ocrx_word' id='word_1_303' title='bbox 1992 4235 2086 4287; x_wconf 78' lang='grc' dir='ltr'>καὶ</span> 
     </span>
    </p>
   </div>
   <div class='ocr_carea' id='block_1_41' title="bbox 503 4323 2084 4400">
    <p class='ocr_par' dir='ltr' id='par_1_41' title="bbox 503 4323 2084 4400">
     <span class='ocr_line' id='line_1_41' title="bbox 503 4323 2084 4400; baseline 0.001 -22"><span class='ocrx_word' id='word_1_304' title='bbox 503 4324 792 4396; x_wconf 78' lang='grc' dir='ltr'>δακρύει),</span> <span class='ocrx_word' id='word_1_305' title='bbox 814 4323 956 4378; x_wconf 81' lang='grc' dir='ltr'>οὕτω</span> <span class='ocrx_word' id='word_1_306' title='bbox 992 4325 1244 4389; x_wconf 86' lang='grc' dir='ltr'>κάκεῖνος</span> <span class='ocrx_word' id='word_1_307' title='bbox 1277 4329 1342 4397; x_wconf 84' lang='grc' dir='ltr'>τῇ</span> <span class='ocrx_word' id='word_1_308' title='bbox 1372 4324 1479 4379; x_wconf 86' lang='grc' dir='ltr'>τῶν</span> <span class='ocrx_word' id='word_1_309' title='bbox 1507 4326 1774 4397; x_wconf 85' lang='grc' dir='ltr'>δαιμόνων</span> <span class='ocrx_word' id='word_1_310' title='bbox 1811 4327 2084 4400; x_wconf 84' lang='grc' dir='ltr'>ὑπερϐολῇ</span> 
     </span>
    </p>
   </div>
   <div class='ocr_carea' id='block_1_42' title="bbox 504 4415 2082 4492">
    <p class='ocr_par' dir='ltr' id='par_1_42' title="bbox 504 4415 2082 4492">
     <span class='ocr_line' id='line_1_42' title="bbox 504 4415 2082 4492; baseline 0.004 -24"><span class='ocrx_word' id='word_1_311' title='bbox 504 4416 614 4468; x_wconf 85' lang='grc' dir='ltr'>τῶν</span> <span class='ocrx_word' id='word_1_312' title='bbox 633 4415 805 4469; x_wconf 87' lang='grc' dir='ltr'>ταῦτα</span> <span class='ocrx_word' id='word_1_313' title='bbox 830 4416 1143 4485; x_wconf 81' lang='grc' dir='ltr'>ἐπαγόντων</span> <span class='ocrx_word' id='word_1_314' title='bbox 1172 4417 1320 4488; x_wconf 83' lang='grc' dir='ltr'>αὐτῷ</span> <span class='ocrx_word' id='word_1_315' title='bbox 1348 4417 1445 4490; x_wconf 80' lang='grc' dir='ltr'>τὴν</span> <span class='ocrx_word' id='word_1_316' title='bbox 1474 4421 1629 4474; x_wconf 87' lang='grc' dir='ltr'>νόσον</span> <span class='ocrx_word' id='word_1_317' title='bbox 1660 4420 2082 4492; x_wconf 77' lang='grc' dir='ltr'>στοχαζόμενος,</span> 
     </span>
    </p>
   </div>
   <div class='ocr_carea' id='block_1_43' title="bbox 504 4506 1600 4579">
    <p class='ocr_par' dir='ltr' id='par_1_43' title="bbox 504 4506 1600 4579">
     <span class='ocr_line' id='line_1_43' title="bbox 504 4506 1600 4579; baseline 0.005 -20"><span class='ocrx_word' id='word_1_318' title='bbox 504 4508 640 4579; x_wconf 68' lang='grc' dir='ltr'>πρὸς</span> <span class='ocrx_word' id='word_1_319' title='bbox 665 4506 887 4562; x_wconf 88' lang='grc' dir='ltr'>πλείονα</span> <span class='ocrx_word' id='word_1_320' title='bbox 915 4507 1246 4579; x_wconf 88' lang='grc' dir='ltr'>κηδεμονίαν</span> <span class='ocrx_word' id='word_1_321' title='bbox 1272 4508 1600 4565; x_wconf 65' lang='grc' dir='ltr'>διανίστατα</span> 
     </span>
    </p>
   </div>
   <div class='ocr_carea' id='block_1_44' title="bbox 581 4596 2083 4677">
    <p class='ocr_par' dir='ltr' id='par_1_44' title="bbox 581 4596 2083 4677">
     <span class='ocr_line' id='line_1_44' title="bbox 581 4596 2083 4677; baseline 0.005 -26"><span class='ocrx_word' id='word_1_322' title='bbox 581 4599 843 4651; x_wconf 75' lang='grc' dir='ltr'>’Ἄκουσον</span> <span class='ocrx_word' id='word_1_323' title='bbox 863 4597 995 4667; x_wconf 89' lang='grc' dir='ltr'>γοῦν</span> <span class='ocrx_word' id='word_1_324' title='bbox 1016 4596 1182 4651; x_wconf 85' lang='grc' dir='ltr'>αὑτοῦ</span> <span class='ocrx_word' id='word_1_325' title='bbox 1206 4598 1325 4662; x_wconf 90' lang='grc' dir='ltr'>πῶς</span> <span class='ocrx_word' id='word_1_326' title='bbox 1344 4599 1585 4673; x_wconf 83' lang='grc' dir='ltr'>ἡμέρως,</span> <span class='ocrx_word' id='word_1_327' title='bbox 1604 4600 1722 4665; x_wconf 92' lang='grc' dir='ltr'>πῶς</span> <span class='ocrx_word' id='word_1_328' title='bbox 1738 4618 1801 4655; x_wconf 89' lang='grc' dir='ltr'>συ</span> <span class='ocrx_word' id='word_1_329' title='bbox 1810 4603 2083 4677; x_wconf 87' lang='grc' dir='ltr'>μπαθητι-</span> 
     </span>
    </p>
   </div>
   <div class='ocr_carea' id='block_1_45' title="bbox 507 4688 2086 4762">
    <p class='ocr_par' dir='ltr' id='par_1_45' title="bbox 507 4688 2086 4762">
     <span class='ocr_line' id='line_1_45' title="bbox 507 4688 2086 4762; baseline 0.004 -19"><span class='ocrx_word' id='word_1_330' title='bbox 507 4688 616 4754; x_wconf 85' lang='grc' dir='ltr'>κῶς</span> <span class='ocrx_word' id='word_1_331' title='bbox 640 4690 781 4762; x_wconf 83' lang='grc' dir='ltr'>ὑπὲρ</span> <span class='ocrx_word' id='word_1_332' title='bbox 814 4688 995 4744; x_wconf 83' lang='grc' dir='ltr'>αὐτῶν</span> <span class='ocrx_word' id='word_1_333' title='bbox 1022 4690 1153 4759; x_wconf 89' lang='grc' dir='ltr'>ἡμῖν</span> <span class='ocrx_word' id='word_1_334' title='bbox 1179 4689 1508 4759; x_wconf 84' lang='grc' dir='ltr'>διαλέγεται,</span> <span class='ocrx_word' id='word_1_335' title='bbox 1535 4691 1645 4746; x_wconf 88' lang='grc' dir='ltr'>τῶν</span> <span class='ocrx_word' id='word_1_336' title='bbox 1690 4694 1953 4759; x_wconf 83' lang='grc' dir='ltr'>πεντάκις</span> <span class='ocrx_word' id='word_1_337' title='bbox 1985 4696 2086 4748; x_wconf 85' lang='grc' dir='ltr'>αύ-</span> 
     </span>
    </p>
   </div>
   <div class='ocr_carea' id='block_1_46' title="bbox 493 4779 2084 4859">
    <p class='ocr_par' dir='ltr' id='par_1_46' title="bbox 493 4779 2084 4859">
     <span class='ocr_line' id='line_1_46' title="bbox 493 4779 2084 4859; baseline 0.004 -23"><span class='ocrx_word' id='word_1_338' title='bbox 493 4782 596 4836; x_wconf 74' lang='grc' dir='ltr'>τδν</span> <span class='ocrx_word' id='word_1_339' title='bbox 623 4780 1104 4853; x_wconf 67' lang='grc' dir='ltr'>μαστιγωσάντων,</span> <span class='ocrx_word' id='word_1_340' title='bbox 1122 4779 1230 4834; x_wconf 88' lang='grc' dir='ltr'>τῶν</span> <span class='ocrx_word' id='word_1_341' title='bbox 1256 4782 1727 4848; x_wconf 85' lang='grc' dir='ltr'>καταλευσάντων,</span> <span class='ocrx_word' id='word_1_342' title='bbox 1753 4785 1862 4838; x_wconf 91' lang='grc' dir='ltr'>τῶν</span> <span class='ocrx_word' id='word_1_343' title='bbox 1887 4786 2084 4859; x_wconf 85' lang='grc' dir='ltr'>δησάν-</span> 
     </span>
    </p>
   </div>
   <div class='ocr_carea' id='block_1_47' title="bbox 496 4871 2093 4945">
    <p class='ocr_par' dir='ltr' id='par_1_47' title="bbox 496 4871 2093 4945">
     <span class='ocr_line' id='line_1_47' title="bbox 496 4871 2093 4945; baseline 0.004 -18"><span class='ocrx_word' id='word_1_344' title='bbox 496 4890 634 4936; x_wconf 87' lang='grc' dir='ltr'>των,</span> <span class='ocrx_word' id='word_1_345' title='bbox 652 4872 772 4927; x_wconf 75' lang='grc' dir='ltr'>τῶν</span> <span class='ocrx_word' id='word_1_346' title='bbox 814 4871 909 4926; x_wconf 90' lang='grc' dir='ltr'>τοῦ</span> <span class='ocrx_word' id='word_1_347' title='bbox 938 4872 1171 4944; x_wconf 74' lang='grc' dir='ltr'>αἵματος</span> <span class='ocrx_word' id='word_1_348' title='bbox 1208 4872 1373 4926; x_wconf 83' lang='grc' dir='ltr'>αὐτοῦ</span> <span class='ocrx_word' id='word_1_349' title='bbox 1403 4873 1702 4945; x_wconf 80' lang='grc' dir='ltr'>διψώντων,</span> <span class='ocrx_word' id='word_1_350' title='bbox 1731 4878 1826 4931; x_wconf 80' lang='grc' dir='ltr'>καὶ</span> <span class='ocrx_word' id='word_1_351' title='bbox 1852 4878 2093 4933; x_wconf 65' lang='grc' dir='ltr'>διασπάι</span> 
     </span>
    </p>
   </div>
   <div class='ocr_carea' id='block_1_48' title="bbox 507 4964 2083 5043">
    <p class='ocr_par' dir='ltr' id='par_1_48' title="bbox 507 4964 2083 5043">
     <span class='ocr_line' id='line_1_48' title="bbox 507 4964 2083 5043; baseline 0.003 -24"><span class='ocrx_word' id='word_1_352' title='bbox 507 4965 700 5020; x_wconf 74' lang='grc' dir='ltr'>τασθαι</span> <span class='ocrx_word' id='word_1_353' title='bbox 735 4964 859 5020; x_wconf 80' lang='grc' dir='ltr'>καθ’</span> <span class='ocrx_word' id='word_1_354' title='bbox 891 4964 1131 5039; x_wconf 83' lang='grc' dir='ltr'>ἐκάστην</span> <span class='ocrx_word' id='word_1_355' title='bbox 1159 4965 1571 5039; x_wconf 82' lang='grc' dir='ltr'>ἐπιθυμούντων</span> <span class='ocrx_word' id='word_1_356' title='bbox 1613 4968 1778 5022; x_wconf 81' lang='grc' dir='ltr'>αὑτὸν</span> <span class='ocrx_word' id='word_1_357' title='bbox 1808 4969 1908 5042; x_wconf 84' lang='grc' dir='ltr'>τὴν</span> <span class='ocrx_word' id='word_1_358' title='bbox 1941 4972 2083 5043; x_wconf 85' lang='grc' dir='ltr'>ἡμέ-</span> 
     </span>
    </p>
   </div>
   <div class='ocr_carea' id='block_1_49' title="bbox 508 5056 2079 5130">
    <p class='ocr_par' dir='ltr' id='par_1_49' title="bbox 508 5056 2079 5130">
     <span class='ocr_line' id='line_1_49' title="bbox 508 5056 2079 5130; baseline 0.006 -22"><span class='ocrx_word' id='word_1_359' title='bbox 508 5074 626 5126; x_wconf 85' lang='grc' dir='ltr'>ραν.</span> <span class='ocrx_word' id='word_1_360' title='bbox 649 5056 940 5126; x_wconf 83' lang='grc' dir='ltr'>Μαρτυρῶ</span> <span class='ocrx_word' id='word_1_361' title='bbox 973 5057 1085 5128; x_wconf 75' lang='grc' dir='ltr'>τὰρ</span> <span class='ocrx_word' id='word_1_362' title='bbox 1116 5057 1341 5125; x_wconf 86' lang='grc' dir='ltr'>αὐτοῖς,</span> <span class='ocrx_word' id='word_1_363' title='bbox 1387 5057 1574 5130; x_wconf 80' lang='grc' dir='ltr'>φησὶν,</span> <span class='ocrx_word' id='word_1_364' title='bbox 1604 5058 1694 5113; x_wconf 85' lang='grc' dir='ltr'>ὅτι</span> <span class='ocrx_word' id='word_1_365' title='bbox 1717 5058 1900 5128; x_wconf 74' lang='grc' dir='ltr'>ζῆλον</span> <span class='ocrx_word' id='word_1_366' title='bbox 1931 5063 2079 5118; x_wconf 86' lang='grc' dir='ltr'>Θεοῦ</span> 
     </span>
    </p>
   </div>
   <div class='ocr_carea' id='block_1_50' title="bbox 508 5142 2080 5218">
    <p class='ocr_par' dir='ltr' id='par_1_50' title="bbox 508 5142 2080 5218">
     <span class='ocr_line' id='line_1_50' title="bbox 508 5142 2080 5218; baseline 0.006 -21"><span class='ocrx_word' id='word_1_367' title='bbox 508 5142 774 5212; x_wconf 73' lang='grc' dir='ltr'>ἔχουσιν,</span> <span class='ocrx_word' id='word_1_368' title='bbox 803 5145 943 5201; x_wconf 73' lang='grc' dir='ltr'>ἀλλ’</span> <span class='ocrx_word' id='word_1_369' title='bbox 973 5148 1047 5215; x_wconf 83' lang='grc' dir='ltr'>οὐ</span> <span class='ocrx_word' id='word_1_370' title='bbox 1079 5148 1208 5201; x_wconf 84' lang='grc' dir='ltr'>κατ’</span> <span class='ocrx_word' id='word_1_371' title='bbox 1233 5147 1581 5218; x_wconf 75' lang='grc' dir='ltr'>ἐπίγνωσιν.</span> <span class='ocrx_word' id='word_1_372' title='bbox 1613 5150 1723 5203; x_wconf 70' lang='grc' dir='ltr'>Καὶ</span> <span class='ocrx_word' id='word_1_373' title='bbox 1754 5150 1916 5205; x_wconf 85' lang='grc' dir='ltr'>πάλιν</span> <span class='ocrx_word' id='word_1_374' title='bbox 1953 5151 2080 5217; x_wconf 73' lang='grc' dir='ltr'>τοὺς</span> 
     </span>
    </p>
   </div>
   <div class='ocr_carea' id='block_1_51' title="bbox 507 5236 2083 5317">
    <p class='ocr_par' dir='ltr' id='par_1_51' title="bbox 507 5236 2083 5317">
     <span class='ocr_line' id='line_1_51' title="bbox 507 5236 2083 5317; baseline 0.01 -30"><span class='ocrx_word' id='word_1_375' title='bbox 507 5236 935 5308; x_wconf 82' lang='grc' dir='ltr'>ἐπεμϐαίνοντας</span> <span class='ocrx_word' id='word_1_376' title='bbox 964 5239 1151 5305; x_wconf 81' lang='grc' dir='ltr'>αὐτοῖς</span> <span class='ocrx_word' id='word_1_377' title='bbox 1179 5240 1546 5312; x_wconf 78' lang='grc' dir='ltr'>ἀναχαιτίζων</span> <span class='ocrx_word' id='word_1_378' title='bbox 1584 5243 1739 5317; x_wconf 76' lang='grc' dir='ltr'>ἔλεγε</span> <span class='ocrx_word' id='word_1_379' title='bbox 1761 5260 1773 5273; x_wconf 95' lang='grc'><strong>·</strong></span> <span class='ocrx_word' id='word_1_380' title='bbox 1797 5245 1894 5314; x_wconf 75' lang='grc' dir='ltr'>Μὴ</span> <span class='ocrx_word' id='word_1_381' title='bbox 1923 5244 2083 5316; x_wconf 67' lang='grc' dir='ltr'>ὕψη-</span> 
     </span>
    </p>
   </div>
   <div class='ocr_carea' id='block_1_52' title="bbox 511 5330 2081 5404">
    <p class='ocr_par' dir='ltr' id='par_1_52' title="bbox 511 5330 2081 5404">
     <span class='ocr_line' id='line_1_52' title="bbox 511 5330 2081 5404; baseline 0.005 -20"><span class='ocrx_word' id='word_1_382' title='bbox 511 5330 803 5399; x_wconf 70' lang='grc' dir='ltr'>λοεορόνει,</span> <span class='ocrx_word' id='word_1_383' title='bbox 836 5330 1000 5387; x_wconf 70' lang='grc' dir='ltr'><em>ἀλλὰ</em></span> <span class='ocrx_word' id='word_1_384' title='bbox 1031 5331 1240 5402; x_wconf 74' lang='grc' dir='ltr'>φοϐοῦ.</span> <span class='ocrx_word' id='word_1_385' title='bbox 1282 5334 1352 5387; x_wconf 78' lang='lat' dir='ltr'>El</span> <span class='ocrx_word' id='word_1_386' title='bbox 1382 5332 1493 5404; x_wconf 74' lang='grc' dir='ltr'>γὰρ</span> <span class='ocrx_word' id='word_1_387' title='bbox 1523 5336 1556 5389; x_wconf 89' lang='grc' dir='ltr'>ό</span> <span class='ocrx_word' id='word_1_388' title='bbox 1586 5334 1730 5402; x_wconf 86' lang='grc' dir='ltr'>Θεὸς</span> <span class='ocrx_word' id='word_1_389' title='bbox 1777 5336 1896 5391; x_wconf 86' lang='grc' dir='ltr'>τῶν</span> <span class='ocrx_word' id='word_1_390' title='bbox 1930 5337 2081 5392; x_wconf 84' lang='grc' dir='ltr'>κατά</span> 
     </span>
    </p>
   </div>
   <div class='ocr_carea' id='block_1_53' title="bbox 565 5511 2075 5575">
    <p class='ocr_par' dir='ltr' id='par_1_53' title="bbox 565 5511 2075 5575">
     <span class='ocr_line' id='line_1_53' title="bbox 565 5511 2075 5575; baseline 0.004 -14"><span class='ocrx_word' id='word_1_391' title='bbox 565 5513 590 5541; x_wconf 83' lang='grc'><strong><em>⁸</em></strong></span> <span class='ocrx_word' id='word_1_392' title='bbox 613 5511 902 5564; x_wconf 73' lang='grc' dir='ltr'>νεηιοηειιι</span> <span class='ocrx_word' id='word_1_393' title='bbox 915 5513 1213 5563; x_wconf 82' lang='lat' dir='ltr'>contulimus</span> <span class='ocrx_word' id='word_1_394' title='bbox 1232 5514 1291 5563; x_wconf 86' lang='lat' dir='ltr'>ad</span> <span class='ocrx_word' id='word_1_395' title='bbox 1305 5526 1410 5564; x_wconf 84' lang='lat' dir='ltr'>eam</span> <span class='ocrx_word' id='word_1_396' title='bbox 1423 5526 1575 5575; x_wconf 84' lang='lat' dir='ltr'><strong>quam</strong></span> <span class='ocrx_word' id='word_1_397' title='bbox 1590 5526 1618 5562; x_wconf 78' lang='grc' dir='ltr'>ε</span> <span class='ocrx_word' id='word_1_398' title='bbox 1640 5515 1809 5565; x_wconf 84' lang='lat' dir='ltr'>codice</span> <span class='ocrx_word' id='word_1_399' title='bbox 1831 5516 2075 5574; x_wconf 78' lang='lat' dir='ltr'>Leydensi</span> 
     </span>
    </p>
   </div>
   <div class='ocr_carea' id='block_1_54' title="bbox 663 5575 2077 5637">
    <p class='ocr_par' dir='ltr' id='par_1_54' title="bbox 663 5575 2077 5637">
     <span class='ocr_line' id='line_1_54' title="bbox 663 5575 2077 5637; baseline 0.004 -13"><span class='ocrx_word' id='word_1_400' title='bbox 663 5576 753 5637; x_wconf 72' lang='lat' dir='ltr'>psi!</span> <span class='ocrx_word' id='word_1_401' title='bbox 768 5577 985 5637; x_wconf 77' lang='lat' dir='ltr'><strong>annnes</strong></span> <span class='ocrx_word' id='word_1_402' title='bbox 995 5590 1088 5625; x_wconf 83' lang='lat' dir='ltr'>van</span> <span class='ocrx_word' id='word_1_403' title='bbox 1106 5576 1300 5635; x_wconf 79' lang='lat' dir='ltr'>Voorst,</span> <span class='ocrx_word' id='word_1_404' title='bbox 1321 5577 1370 5623; x_wconf 88' lang='lat' dir='ltr'><strong>in</strong></span> <span class='ocrx_word' id='word_1_405' title='bbox 1395 5575 1522 5637; x_wconf 81' lang='lat' dir='ltr'><strong>ljbro</strong></span> <span class='ocrx_word' id='word_1_406' title='bbox 1545 5578 1623 5624; x_wconf 86' lang='lat' dir='ltr'>cui</span> <span class='ocrx_word' id='word_1_407' title='bbox 1638 5636 1643 5637; x_wconf 20' lang='grc' dir='ltr'><em>ν</em></span> <span class='ocrx_word' id='word_1_408' title='bbox 1656 5575 1853 5637; x_wconf 69' lang='lat' dir='ltr'>titulus:</span> <span class='ocrx_word' id='word_1_409' title='bbox 1869 5578 2077 5631; x_wconf 77' lang='lat' dir='ltr'>Jammis</span> 
     </span>
    </p>
   </div>
   <div class='ocr_carea' id='block_1_55' title="bbox 499 5633 2072 5702">
    <p class='ocr_par' dir='ltr' id='par_1_55' title="bbox 499 5633 2072 5702">
     <span class='ocr_line' id='line_1_55' title="bbox 499 5633 2072 5702; baseline 0.003 -17"><span class='ocrx_word' id='word_1_410' title='bbox 499 5633 1225 5702; x_wconf 46' lang='lat' dir='ltr'>UlgryqbslomiﬁejgtgaLerce</span> <span class='ocrx_word' id='word_1_411' title='bbox 1246 5633 1304 5702; x_wconf 38' lang='lat' dir='ltr'>et;</span> <span class='ocrx_word' id='word_1_412' title='bbox 1318 5633 1496 5702; x_wconf 65' lang='lat' dir='ltr'><strong><em>Lguine,</em></strong></span> <span class='ocrx_word' id='word_1_413' title='bbox 1513 5634 1732 5702; x_wconf 57' lang='lat' dir='ltr'>Lugduni</span> <span class='ocrx_word' id='word_1_414' title='bbox 1746 5641 1913 5702; x_wconf 72' lang='grc' dir='ltr'>Βαίου.</span> <span class='ocrx_word' id='word_1_415' title='bbox 1935 5642 2072 5702; x_wconf 73' lang='lat'>1827,</span> 
     </span>
    </p>
   </div>
   <div class='ocr_carea' id='block_1_56' title="bbox 506 5696 2072 5771">
    <p class='ocr_par' dir='ltr' id='par_1_56' title="bbox 506 5696 2072 5771">
     <span class='ocr_line' id='line_1_56' title="bbox 506 5696 2072 5771; baseline 0.006 -28"><span class='ocrx_word' id='word_1_416' title='bbox 506 5696 683 5771; x_wconf 39' lang='grc' dir='ltr'>νομί,</span> <span class='ocrx_word' id='word_1_417' title='bbox 706 5711 755 5771; x_wconf 67' lang='grc' dir='ltr'>ρ.</span> <span class='ocrx_word' id='word_1_418' title='bbox 780 5698 1010 5771; x_wconf 51' lang='grc' dir='ltr'>ὄψι-555.</span> <span class='ocrx_word' id='word_1_419' title='bbox 1042 5698 1159 5771; x_wconf 48' lang='grc' dir='ltr'>Ιξὶυε</span> <span class='ocrx_word' id='word_1_420' title='bbox 1181 5696 1515 5771; x_wconf 59' lang='grc' dir='ltr'>ριέιιίειὶοηεφ</span> <span class='ocrx_word' id='word_1_421' title='bbox 1537 5696 1739 5771; x_wconf 52' lang='grc' dir='ltr'>γξόεςςὶε,</span> <span class='ocrx_word' id='word_1_422' title='bbox 1765 5713 1817 5771; x_wconf 37' lang='grc' dir='ltr'>ρ..</span> <span class='ocrx_word' id='word_1_423' title='bbox 1838 5701 1964 5771; x_wconf 59' lang='grc' dir='ltr'>ξιξιι,</span> <span class='ocrx_word' id='word_1_424' title='bbox 1994 5696 2072 5771; x_wconf 67' lang='grc' dir='ltr'>ειιξ</span> 
     </span>
    </p>
   </div>
   <div class='ocr_carea' id='block_1_57' title="bbox 503 5759 2071 5869">
    <p class='ocr_par' dir='ltr' id='par_1_57' title="bbox 503 5759 2071 5869">
     <span class='ocr_line' id='line_1_57' title="bbox 503 5759 2071 5869; baseline 0.004 -63"><span class='ocrx_word' id='word_1_425' title='bbox 503 5759 757 5869; x_wconf 39' lang='lat' dir='ltr'>taxa“.</span> <span class='ocrx_word' id='word_1_426' title='bbox 782 5761 843 5811; x_wconf 82' lang='lat' dir='ltr'><strong>ad</strong></span> <span class='ocrx_word' id='word_1_427' title='bbox 874 5772 1030 5823; x_wconf 79' lang='lat' dir='ltr'>marg.</span> <span class='ocrx_word' id='word_1_428' title='bbox 1055 5759 1265 5822; x_wconf 83' lang='grc' dir='ltr'>δύναται,</span> <span class='ocrx_word' id='word_1_429' title='bbox 1289 5766 1439 5821; x_wconf 82' lang='lat' dir='ltr'>atque</span> <span class='ocrx_word' id='word_1_430' title='bbox 1479 5762 1545 5809; x_wconf 74' lang='lat' dir='ltr'>ita</span> <span class='ocrx_word' id='word_1_431' title='bbox 1569 5760 1752 5822; x_wconf 76' lang='lat' dir='ltr'>legisse</span> <span class='ocrx_word' id='word_1_432' title='bbox 1767 5759 1969 5814; x_wconf 53' lang='lat' dir='ltr'>Videtur</span> <span class='ocrx_word' id='word_1_433' title='bbox 1991 5759 2071 5813; x_wconf 73' lang='grc' dir='ltr'>ἱεί-</span> 
     </span>
    </p>
   </div>
   <div class='ocr_carea' id='block_1_58' title="bbox 2179 1312 3758 1390">
    <p class='ocr_par' dir='ltr' id='par_1_58' title="bbox 2179 1312 3758 1390">
     <span class='ocr_line' id='line_1_58' title="bbox 2179 1312 3758 1390; baseline 0.001 -18"><span class='ocrx_word' id='word_1_434' title='bbox 2179 1312 2371 1389; x_wconf 71' lang='grc' dir='ltr'>ςςῦσιν</span> <span class='ocrx_word' id='word_1_435' title='bbox 2410 1319 2651 1374; x_wconf 76' lang='grc' dir='ltr'>κλάδων</span> <span class='ocrx_word' id='word_1_436' title='bbox 2696 1322 2809 1374; x_wconf 84' lang='grc' dir='ltr'>οὐκ</span> <span class='ocrx_word' id='word_1_437' title='bbox 2857 1319 3162 1390; x_wconf 69' lang='grc' dir='ltr'>ἐφείσατο,</span> <span class='ocrx_word' id='word_1_438' title='bbox 3197 1316 3414 1387; x_wconf 75' lang='grc' dir='ltr'>μήπως</span> <span class='ocrx_word' id='word_1_439' title='bbox 3444 1316 3589 1373; x_wconf 81' lang='grc' dir='ltr'>οὐδὲ</span> <span class='ocrx_word' id='word_1_440' title='bbox 3635 1316 3758 1373; x_wconf 83' lang='grc' dir='ltr'>σοῦ</span> 
     </span>
    </p>
   </div>
   <div class='ocr_carea' id='block_1_59' title="bbox 2177 1406 3759 1484">
    <p class='ocr_par' dir='ltr' id='par_1_59' title="bbox 2177 1406 3759 1484">
     <span class='ocr_line' id='line_1_59' title="bbox 2177 1406 3759 1484; baseline -0.002 -17"><span class='ocrx_word' id='word_1_441' title='bbox 2177 1415 2477 1483; x_wconf 74' lang='grc' dir='ltr'>φείσηται.</span> <span class='ocrx_word' id='word_1_442' title='bbox 2536 1412 2754 1483; x_wconf 79' lang='grc' dir='ltr'>Ἐπειδὴ</span> <span class='ocrx_word' id='word_1_443' title='bbox 2802 1411 2911 1484; x_wconf 82' lang='grc' dir='ltr'>γὰρ</span> <span class='ocrx_word' id='word_1_444' title='bbox 2954 1411 3229 1480; x_wconf 84' lang='grc' dir='ltr'>ἀπόφασιν</span> <span class='ocrx_word' id='word_1_445' title='bbox 3276 1406 3384 1464; x_wconf 82' lang='grc' dir='ltr'>εἶδε</span> <span class='ocrx_word' id='word_1_446' title='bbox 3430 1408 3759 1480; x_wconf 77' lang='grc' dir='ltr'>δεσποτικὴν</span> 
     </span>
    </p>
   </div>
   <div class='ocr_carea' id='block_1_60' title="bbox 2179 1494 3758 1574">
    <p class='ocr_par' dir='ltr' id='par_1_60' title="bbox 2179 1494 3758 1574">
     <span class='ocr_line' id='line_1_60' title="bbox 2179 1494 3758 1574; baseline -0.004 -15"><span class='ocrx_word' id='word_1_447' title='bbox 2179 1505 2502 1574; x_wconf 83' lang='grc' dir='ltr'>ἐξελθοῦσαν</span> <span class='ocrx_word' id='word_1_448' title='bbox 2528 1506 2651 1559; x_wconf 80' lang='grc' dir='ltr'>κατ’</span> <span class='ocrx_word' id='word_1_449' title='bbox 2676 1503 2880 1569; x_wconf 83' lang='grc' dir='ltr'>αὐτῶν,</span> <span class='ocrx_word' id='word_1_450' title='bbox 2910 1494 2973 1557; x_wconf 77' lang='grc' dir='ltr'>οὗ</span> <span class='ocrx_word' id='word_1_451' title='bbox 3012 1501 3202 1573; x_wconf 89' lang='grc' dir='ltr'>κύριος</span> <span class='ocrx_word' id='word_1_452' title='bbox 3227 1496 3316 1573; x_wconf 72' lang='grc' dir='ltr'>ἦν,</span> <span class='ocrx_word' id='word_1_453' title='bbox 3358 1500 3517 1555; x_wconf 88' lang='grc' dir='ltr'>τοῦτο</span> <span class='ocrx_word' id='word_1_454' title='bbox 3546 1499 3758 1554; x_wconf 73' lang='grc' dir='ltr'>ἐποίει*</span> 
     </span>
    </p>
   </div>
   <div class='ocr_carea' id='block_1_61' title="bbox 2182 1590 3760 1667">
    <p class='ocr_par' dir='ltr' id='par_1_61' title="bbox 2182 1590 3760 1667">
     <span class='ocr_line' id='line_1_61' title="bbox 2182 1590 3760 1667; baseline -0.004 -16"><span class='ocrx_word' id='word_1_455' title='bbox 2182 1595 2421 1667; x_wconf 88' lang='grc' dir='ltr'>συνεχῶς</span> <span class='ocrx_word' id='word_1_456' title='bbox 2461 1595 2726 1667; x_wconf 80' lang='grc' dir='ltr'>ἐδάκρυεν</span> <span class='ocrx_word' id='word_1_457' title='bbox 2757 1594 2901 1666; x_wconf 75' lang='grc' dir='ltr'>ὑπὲρ</span> <span class='ocrx_word' id='word_1_458' title='bbox 2947 1593 3148 1658; x_wconf 82' lang='grc' dir='ltr'>αὐτῶν,</span> <span class='ocrx_word' id='word_1_459' title='bbox 3182 1592 3359 1664; x_wconf 69' lang='grc' dir='ltr'>ἤλγει,</span> <span class='ocrx_word' id='word_1_460' title='bbox 3386 1592 3512 1656; x_wconf 78' lang='grc' dir='ltr'>τοὺς</span> <span class='ocrx_word' id='word_1_461' title='bbox 3540 1590 3760 1646; x_wconf 58' lang='grc' dir='ltr'>ἐνάλλεω</span> 
     </span>
    </p>
   </div>
   <div class='ocr_carea' id='block_1_62' title="bbox 2181 1683 3761 1760">
    <p class='ocr_par' dir='ltr' id='par_1_62' title="bbox 2181 1683 3761 1760">
     <span class='ocr_line' id='line_1_62' title="bbox 2181 1683 3761 1760; baseline -0.004 -18"><span class='ocrx_word' id='word_1_462' title='bbox 2181 1688 2304 1743; x_wconf 89' lang='grc' dir='ltr'>σθαι</span> <span class='ocrx_word' id='word_1_463' title='bbox 2343 1688 2700 1760; x_wconf 80' lang='grc' dir='ltr'>βουλομένους</span> <span class='ocrx_word' id='word_1_464' title='bbox 2740 1687 2925 1750; x_wconf 83' lang='grc' dir='ltr'>αὐτοῖς</span> <span class='ocrx_word' id='word_1_465' title='bbox 2956 1685 3183 1753; x_wconf 83' lang='grc' dir='ltr'>ἐκώλυε,</span> <span class='ocrx_word' id='word_1_466' title='bbox 3215 1684 3310 1739; x_wconf 75' lang='grc' dir='ltr'>καὶ</span> <span class='ocrx_word' id='word_1_467' title='bbox 3347 1686 3413 1738; x_wconf 85' lang='grc' dir='ltr'>ἐκ</span> <span class='ocrx_word' id='word_1_468' title='bbox 3437 1683 3548 1737; x_wconf 89' lang='grc' dir='ltr'>τῶν</span> <span class='ocrx_word' id='word_1_469' title='bbox 3583 1685 3761 1753; x_wconf 82' lang='grc' dir='ltr'>ἐγχω-</span> 
     </span>
    </p>
   </div>
   <div class='ocr_carea' id='block_1_63' title="bbox 2182 1773 3762 1851">
    <p class='ocr_par' dir='ltr' id='par_1_63' title="bbox 2182 1773 3762 1851">
     <span class='ocr_line' id='line_1_63' title="bbox 2182 1773 3762 1851; baseline -0.004 -18"><span class='ocrx_word' id='word_1_470' title='bbox 2182 1778 2419 1851; x_wconf 88' lang='grc' dir='ltr'>ρούντων</span> <span class='ocrx_word' id='word_1_471' title='bbox 2467 1778 2790 1849; x_wconf 83' lang='grc' dir='ltr'>ἐφιλονείκει</span> <span class='ocrx_word' id='word_1_472' title='bbox 2824 1777 2984 1831; x_wconf 78' lang='grc' dir='ltr'>σκιὰν</span> <span class='ocrx_word' id='word_1_473' title='bbox 3024 1776 3157 1846; x_wconf 92' lang='grc' dir='ltr'>γοῦν</span> <span class='ocrx_word' id='word_1_474' title='bbox 3208 1773 3539 1846; x_wconf 83' lang='grc' dir='ltr'>συγγνώμης</span> <span class='ocrx_word' id='word_1_475' title='bbox 3577 1775 3762 1836; x_wconf 80' lang='grc' dir='ltr'>αὐτοῖς</span> 
     </span>
    </p>
   </div>
   <div class='ocr_carea' id='block_1_64' title="bbox 2181 1863 3763 1943">
    <p class='ocr_par' dir='ltr' id='par_1_64' title="bbox 2181 1863 3763 1943">
     <span class='ocr_line' id='line_1_64' title="bbox 2181 1863 3763 1943; baseline -0.004 -18"><span class='ocrx_word' id='word_1_476' title='bbox 2181 1872 2383 1943; x_wconf 85' lang='grc' dir='ltr'>εὑρεῖν.</span> <span class='ocrx_word' id='word_1_477' title='bbox 2434 1871 2547 1926; x_wconf 74' lang='grc' dir='ltr'>Καὶ</span> <span class='ocrx_word' id='word_1_478' title='bbox 2594 1871 2782 1941; x_wconf 85' lang='grc' dir='ltr'>ἐπειδὴ</span> <span class='ocrx_word' id='word_1_479' title='bbox 2826 1870 2970 1941; x_wconf 85' lang='grc' dir='ltr'>λόγῳ</span> <span class='ocrx_word' id='word_1_480' title='bbox 3002 1869 3212 1923; x_wconf 90' lang='grc' dir='ltr'>πείθειν</span> <span class='ocrx_word' id='word_1_481' title='bbox 3256 1869 3358 1922; x_wconf 82' lang='grc' dir='ltr'>οὐκ</span> <span class='ocrx_word' id='word_1_482' title='bbox 3407 1863 3521 1938; x_wconf 75' lang='grc' dir='ltr'>εἷχε</span> <span class='ocrx_word' id='word_1_483' title='bbox 3567 1864 3658 1920; x_wconf 85' lang='grc' dir='ltr'>διὰ</span> <span class='ocrx_word' id='word_1_484' title='bbox 3699 1865 3763 1919; x_wconf 81' lang='grc' dir='ltr'>τὸ</span> 
     </span>
    </p>
   </div>
   <div class='ocr_carea' id='block_1_65' title="bbox 2181 1955 3764 2033">
    <p class='ocr_par' dir='ltr' id='par_1_65' title="bbox 2181 1955 3764 2033">
     <span class='ocr_line' id='line_1_65' title="bbox 2181 1955 3764 2033; baseline -0.006 -17"><span class='ocrx_word' id='word_1_485' title='bbox 2181 1962 2458 2016; x_wconf 81' lang='grc' dir='ltr'>ἀνένδοτον</span> <span class='ocrx_word' id='word_1_486' title='bbox 2501 1961 2682 2016; x_wconf 82' lang='grc' dir='ltr'>αὐτῶν</span> <span class='ocrx_word' id='word_1_487' title='bbox 2726 1962 2821 2015; x_wconf 75' lang='grc' dir='ltr'>καὶ</span> <span class='ocrx_word' id='word_1_488' title='bbox 2860 1959 3117 2033; x_wconf 78' lang='grc' dir='ltr'>σκληρὸν,</span> <span class='ocrx_word' id='word_1_489' title='bbox 3148 1960 3242 2013; x_wconf 69' lang='grc' dir='ltr'>ἐπὶ</span> <span class='ocrx_word' id='word_1_490' title='bbox 3296 1958 3544 2028; x_wconf 84' lang='grc' dir='ltr'>συνεχεῖς</span> <span class='ocrx_word' id='word_1_491' title='bbox 3596 1955 3764 2027; x_wconf 84' lang='grc' dir='ltr'>εὐχὰς</span> 
     </span>
    </p>
   </div>
   <div class='ocr_carea' id='block_1_66' title="bbox 2182 2047 3765 2125">
    <p class='ocr_par' dir='ltr' id='par_1_66' title="bbox 2182 2047 3765 2125">
     <span class='ocr_line' id='line_1_66' title="bbox 2182 2047 3765 2125; baseline -0.003 -19"><span class='ocrx_word' id='word_1_492' title='bbox 2182 2054 2443 2125; x_wconf 79' lang='grc' dir='ltr'>ἐτρέπετο</span> <span class='ocrx_word' id='word_1_493' title='bbox 2469 2052 2647 2122; x_wconf 86' lang='grc' dir='ltr'>λέγων</span> <span class='ocrx_word' id='word_1_494' title='bbox 2668 2070 2681 2084; x_wconf 85' lang='grc'><strong>·</strong></span> <span class='ocrx_word' id='word_1_495' title='bbox 2726 2052 3015 2121; x_wconf 71' lang='grc' dir='ltr'>Ἀδελφοί,</span> <span class='ocrx_word' id='word_1_496' title='bbox 3043 2053 3083 2120; x_wconf 83' lang='grc' dir='ltr'>ἡ</span> <span class='ocrx_word' id='word_1_497' title='bbox 3108 2051 3226 2121; x_wconf 70' lang='grc' dir='ltr'>μὲν</span> <span class='ocrx_word' id='word_1_498' title='bbox 3246 2049 3495 2104; x_wconf 82' lang='grc' dir='ltr'>εὐδοκία</span> <span class='ocrx_word' id='word_1_499' title='bbox 3515 2065 3636 2117; x_wconf 90' lang='grc' dir='ltr'>μου</span> <span class='ocrx_word' id='word_1_500' title='bbox 3664 2047 3765 2102; x_wconf 69' lang='grc' dir='ltr'>καὶ</span> 
     </span>
    </p>
   </div>
   <div class='ocr_carea' id='block_1_67' title="bbox 2180 2139 3764 2214">
    <p class='ocr_par' dir='ltr' id='par_1_67' title="bbox 2180 2139 3764 2214">
     <span class='ocr_line' id='line_1_67' title="bbox 2180 2139 3764 2214; baseline -0.003 -16"><span class='ocrx_word' id='word_1_501' title='bbox 2180 2144 2220 2212; x_wconf 77' lang='grc' dir='ltr'><strong><em>ἡ</em></strong></span> <span class='ocrx_word' id='word_1_502' title='bbox 2250 2144 2461 2213; x_wconf 82' lang='grc' dir='ltr'>δέησίς</span> <span class='ocrx_word' id='word_1_503' title='bbox 2479 2162 2598 2214; x_wconf 90' lang='grc' dir='ltr'>μου</span> <span class='ocrx_word' id='word_1_504' title='bbox 2616 2145 2655 2213; x_wconf 77' lang='grc' dir='ltr'>η</span> <span class='ocrx_word' id='word_1_505' title='bbox 2677 2144 2825 2212; x_wconf 83' lang='grc' dir='ltr'>πρὸς</span> <span class='ocrx_word' id='word_1_506' title='bbox 2850 2143 2959 2197; x_wconf 84' lang='grc' dir='ltr'>τὸν</span> <span class='ocrx_word' id='word_1_507' title='bbox 2987 2142 3156 2205; x_wconf 76' lang='grc' dir='ltr'>Θεὸν,</span> <span class='ocrx_word' id='word_1_508' title='bbox 3188 2141 3341 2210; x_wconf 78' lang='grc' dir='ltr'>ὑπὲρ</span> <span class='ocrx_word' id='word_1_509' title='bbox 3365 2139 3566 2196; x_wconf 82' lang='grc' dir='ltr'>αὐτῶν</span> <span class='ocrx_word' id='word_1_510' title='bbox 3593 2140 3764 2194; x_wconf 83' lang='grc' dir='ltr'>ἐστιν</span> 
     </span>
    </p>
   </div>
   <div class='ocr_carea' id='block_1_68' title="bbox 2181 2229 3764 2304">
    <p class='ocr_par' dir='ltr' id='par_1_68' title="bbox 2181 2229 3764 2304">
     <span class='ocr_line' id='line_1_68' title="bbox 2181 2229 3764 2304; baseline -0.005 -14"><span class='ocrx_word' id='word_1_511' title='bbox 2181 2239 2270 2302; x_wconf 86' lang='grc' dir='ltr'>είς</span> <span class='ocrx_word' id='word_1_512' title='bbox 2323 2236 2646 2304; x_wconf 86' lang='grc' dir='ltr'>σωτηρίαν.</span> <span class='ocrx_word' id='word_1_513' title='bbox 2705 2235 3009 2288; x_wconf 77' lang='grc' dir='ltr'>ἰ’ποτείνει</span> <span class='ocrx_word' id='word_1_514' title='bbox 3049 2233 3108 2286; x_wconf 88' lang='grc' dir='ltr'>δέ</span> <span class='ocrx_word' id='word_1_515' title='bbox 3150 2232 3335 2296; x_wconf 86' lang='grc' dir='ltr'>αὐτοῖς</span> <span class='ocrx_word' id='word_1_516' title='bbox 3384 2231 3478 2285; x_wconf 75' lang='grc' dir='ltr'>καὶ</span> <span class='ocrx_word' id='word_1_517' title='bbox 3522 2229 3764 2302; x_wconf 77' lang='grc' dir='ltr'>χρηστὰς</span> 
     </span>
    </p>
   </div>
   <div class='ocr_carea' id='block_1_69' title="bbox 2184 2322 3765 2397">
    <p class='ocr_par' dir='ltr' id='par_1_69' title="bbox 2184 2322 3765 2397">
     <span class='ocr_line' id='line_1_69' title="bbox 2184 2322 3765 2397; baseline -0.004 -16"><span class='ocrx_word' id='word_1_518' title='bbox 2184 2328 2406 2391; x_wconf 81' lang='grc' dir='ltr'>ἐλπίδας</span> <span class='ocrx_word' id='word_1_519' title='bbox 2451 2328 2653 2397; x_wconf 79' lang='grc' dir='ltr'>λέγων’</span> <span class='ocrx_word' id='word_1_520' title='bbox 2680 2326 3142 2396; x_wconf 73' lang='grc' dir='ltr'>.Ἀμεταμέλητα</span> <span class='ocrx_word' id='word_1_521' title='bbox 3173 2325 3245 2380; x_wconf 84' lang='grc' dir='ltr'>τὰ</span> <span class='ocrx_word' id='word_1_522' title='bbox 3290 2325 3630 2394; x_wconf 82' lang='grc' dir='ltr'>χαρίσματα</span> <span class='ocrx_word' id='word_1_523' title='bbox 3665 2322 3765 2376; x_wconf 76' lang='grc' dir='ltr'>καὶ</span> 
     </span>
    </p>
   </div>
   <div class='ocr_carea' id='block_1_70' title="bbox 2185 2397 3767 2489">
    <p class='ocr_par' dir='ltr' id='par_1_70' title="bbox 2185 2397 3767 2489">
     <span class='ocr_line' id='line_1_70' title="bbox 2185 2397 3767 2489; baseline -0.005 -15"><span class='ocrx_word' id='word_1_524' title='bbox 2185 2422 2223 2489; x_wconf 80' lang='grc' dir='ltr'>η</span> <span class='ocrx_word' id='word_1_525' title='bbox 2261 2420 2486 2489; x_wconf 73' lang='grc' dir='ltr'>κλῆσις</span> <span class='ocrx_word' id='word_1_526' title='bbox 2531 2420 2638 2474; x_wconf 87' lang='grc' dir='ltr'>τοῦ</span> <span class='ocrx_word' id='word_1_527' title='bbox 2690 2420 2861 2482; x_wconf 86' lang='grc' dir='ltr'>Θεοῦ,</span> <span class='ocrx_word' id='word_1_528' title='bbox 2898 2397 3039 2472; x_wconf 77' lang='grc' dir='ltr'>ὥστε</span> <span class='ocrx_word' id='word_1_529' title='bbox 3103 2417 3178 2489; x_wconf 85' lang='grc' dir='ltr'>μὴ</span> <span class='ocrx_word' id='word_1_530' title='bbox 3232 2415 3543 2485; x_wconf 85' lang='grc' dir='ltr'>ἀπογνῶναι</span> <span class='ocrx_word' id='word_1_531' title='bbox 3580 2415 3767 2468; x_wconf 87' lang='grc' dir='ltr'>τέλεον</span> 
     </span>
    </p>
   </div>
   <div class='ocr_carea' id='block_1_71' title="bbox 2186 2506 3766 2582">
    <p class='ocr_par' dir='ltr' id='par_1_71' title="bbox 2186 2506 3766 2582">
     <span class='ocr_line' id='line_1_71' title="bbox 2186 2506 3766 2582; baseline -0.004 -17"><span class='ocrx_word' id='word_1_532' title='bbox 2186 2513 2281 2565; x_wconf 77' lang='grc' dir='ltr'>καὶ</span> <span class='ocrx_word' id='word_1_533' title='bbox 2305 2511 2604 2565; x_wconf 81' lang='grc' dir='ltr'>ἀπολέσθαι</span> <span class='ocrx_word' id='word_1_534' title='bbox 2622 2530 2639 2544; x_wconf 78' lang='grc' dir='ltr'>σ</span> <span class='ocrx_word' id='word_1_535' title='bbox 2674 2512 2819 2582; x_wconf 78' lang='grc' dir='ltr'>ἅπερ</span> <span class='ocrx_word' id='word_1_536' title='bbox 2848 2510 3063 2564; x_wconf 77' lang='grc' dir='ltr'>ἅπαντα</span> <span class='ocrx_word' id='word_1_537' title='bbox 3101 2508 3403 2578; x_wconf 86' lang='grc' dir='ltr'>κηδομένου</span> <span class='ocrx_word' id='word_1_538' title='bbox 3434 2508 3530 2561; x_wconf 77' lang='grc' dir='ltr'>καὶ</span> <span class='ocrx_word' id='word_1_539' title='bbox 3558 2506 3766 2577; x_wconf 84' lang='grc' dir='ltr'>σφόδρα</span> 
     </span>
    </p>
   </div>
   <div class='ocr_carea' id='block_1_72' title="bbox 2187 2597 3766 2676">
    <p class='ocr_par' dir='ltr' id='par_1_72' title="bbox 2187 2597 3766 2676">
     <span class='ocr_line' id='line_1_72' title="bbox 2187 2597 3766 2676; baseline -0.004 -19"><span class='ocrx_word' id='word_1_540' title='bbox 2187 2604 2328 2676; x_wconf 78' lang='grc' dir='ltr'>ὑπὲρ</span> <span class='ocrx_word' id='word_1_541' title='bbox 2379 2603 2560 2657; x_wconf 79' lang='grc' dir='ltr'>αὐτῶν</span> <span class='ocrx_word' id='word_1_542' title='bbox 2605 2602 2986 2674; x_wconf 84' lang='grc' dir='ltr'>διακαιομένου</span> <span class='ocrx_word' id='word_1_543' title='bbox 3030 2597 3136 2671; x_wconf 82' lang='grc' dir='ltr'>ἦν’</span> <span class='ocrx_word' id='word_1_544' title='bbox 3187 2601 3264 2664; x_wconf 86' lang='grc' dir='ltr'>ὡς</span> <span class='ocrx_word' id='word_1_545' title='bbox 3306 2599 3435 2653; x_wconf 86' lang='grc' dir='ltr'>ὅταν</span> <span class='ocrx_word' id='word_1_546' title='bbox 3480 2598 3648 2670; x_wconf 82' lang='grc' dir='ltr'>λέγῃ·</span> <span class='ocrx_word' id='word_1_547' title='bbox 3683 2598 3766 2653; x_wconf 87' lang='grc' dir='ltr'>ὅτι</span> 
     </span>
    </p>
   </div>
   <div class='ocr_carea' id='block_1_73' title="bbox 2186 2687 3767 2763">
    <p class='ocr_par' dir='ltr' id='par_1_73' title="bbox 2186 2687 3767 2763">
     <span class='ocr_line' id='line_1_73' title="bbox 2186 2687 3767 2763; baseline -0.007 -10"><span class='ocrx_word' id='word_1_548' title='bbox 2186 2699 2357 2762; x_wconf 81' lang='grc' dir='ltr'>Ἥξει</span> <span class='ocrx_word' id='word_1_549' title='bbox 2380 2697 2450 2750; x_wconf 76' lang='grc' dir='ltr'>ἐκ</span> <span class='ocrx_word' id='word_1_550' title='bbox 2492 2696 2645 2750; x_wconf 88' lang='grc' dir='ltr'>Σιὼν</span> <span class='ocrx_word' id='word_1_551' title='bbox 2671 2698 2704 2749; x_wconf 90' lang='grc' dir='ltr'>ό</span> <span class='ocrx_word' id='word_1_552' title='bbox 2724 2696 3055 2763; x_wconf 81' lang='grc' dir='ltr'>ῥυόμενος,</span> <span class='ocrx_word' id='word_1_553' title='bbox 3092 2691 3191 2745; x_wconf 77' lang='grc' dir='ltr'>καὶ</span> <span class='ocrx_word' id='word_1_554' title='bbox 3219 2687 3591 2758; x_wconf 74' lang='grc' dir='ltr'>ἀποστρέψει</span> <span class='ocrx_word' id='word_1_555' title='bbox 3626 2689 3767 2743; x_wconf 83' lang='grc' dir='ltr'>ἀσε-</span> 
     </span>
    </p>
   </div>
   <div class='ocr_carea' id='block_1_74' title="bbox 2185 2781 3768 2860">
    <p class='ocr_par' dir='ltr' id='par_1_74' title="bbox 2185 2781 3768 2860">
     <span class='ocr_line' id='line_1_74' title="bbox 2185 2781 3768 2860; baseline -0.008 -15"><span class='ocrx_word' id='word_1_556' title='bbox 2185 2791 2348 2857; x_wconf 80' lang='grc' dir='ltr'>ϐείας</span> <span class='ocrx_word' id='word_1_557' title='bbox 2370 2789 2490 2844; x_wconf 79' lang='grc' dir='ltr'>ἀπὸ</span> <span class='ocrx_word' id='word_1_558' title='bbox 2519 2786 2669 2860; x_wconf 74' lang='grc'>[488]</span> <span class='ocrx_word' id='word_1_559' title='bbox 2707 2785 2921 2840; x_wconf 81' lang='grc' dir='ltr'>Ἰακώϐ.</span> <span class='ocrx_word' id='word_1_560' title='bbox 2956 2784 3067 2838; x_wconf 67' lang='grc' dir='ltr'>Καὶ⁹</span> <span class='ocrx_word' id='word_1_561' title='bbox 3088 2783 3197 2855; x_wconf 88' lang='grc' dir='ltr'>γάρ</span> <span class='ocrx_word' id='word_1_562' title='bbox 3224 2783 3431 2855; x_wconf 83' lang='grc' dir='ltr'>σφόδρα</span> <span class='ocrx_word' id='word_1_563' title='bbox 3457 2781 3768 2835; x_wconf 86' lang='grc' dir='ltr'>διεκόπτετο</span> 
     </span>
    </p>
   </div>
   <div class='ocr_carea' id='block_1_75' title="bbox 2185 2871 3768 2948">
    <p class='ocr_par' dir='ltr' id='par_1_75' title="bbox 2185 2871 3768 2948">
     <span class='ocr_line' id='line_1_75' title="bbox 2185 2871 3768 2948; baseline -0.008 -12"><span class='ocrx_word' id='word_1_564' title='bbox 2185 2882 2280 2936; x_wconf 79' lang='grc' dir='ltr'>καὶ</span> <span class='ocrx_word' id='word_1_565' title='bbox 2308 2882 2563 2935; x_wconf 77' lang='grc' dir='ltr'>ἐδάκνετο</span> <span class='ocrx_word' id='word_1_566' title='bbox 2592 2876 3003 2948; x_wconf 84' lang='grc' dir='ltr'>ἀπολλυμένους</span> <span class='ocrx_word' id='word_1_567' title='bbox 3028 2875 3190 2946; x_wconf 85' lang='grc' dir='ltr'>ὁρῶν.</span> <span class='ocrx_word' id='word_1_568' title='bbox 3219 2874 3311 2927; x_wconf 77' lang='grc' dir='ltr'>Διδ</span> <span class='ocrx_word' id='word_1_569' title='bbox 3332 2872 3532 2937; x_wconf 88' lang='grc' dir='ltr'>πολλὰς</span> <span class='ocrx_word' id='word_1_570' title='bbox 3557 2871 3768 2925; x_wconf 89' lang='grc' dir='ltr'>ἐπενόει</span> 
     </span>
    </p>
   </div>
   <div class='ocr_carea' id='block_1_76' title="bbox 2185 2963 3769 3045">
    <p class='ocr_par' dir='ltr' id='par_1_76' title="bbox 2185 2963 3769 3045">
     <span class='ocr_line' id='line_1_76' title="bbox 2185 2963 3769 3045; baseline -0.005 -19"><span class='ocrx_word' id='word_1_571' title='bbox 2185 2972 2540 3045; x_wconf 85' lang='grc' dir='ltr'>παραμυθίας</span> <span class='ocrx_word' id='word_1_572' title='bbox 2564 2972 2658 3041; x_wconf 86' lang='grc' dir='ltr'>τῆς</span> <span class='ocrx_word' id='word_1_573' title='bbox 2699 2970 2991 3040; x_wconf 83' lang='grc' dir='ltr'>ἀλγηδόνος</span> <span class='ocrx_word' id='word_1_574' title='bbox 3028 2968 3232 3039; x_wconf 83' lang='grc' dir='ltr'>ταύτης</span> <span class='ocrx_word' id='word_1_575' title='bbox 3263 2964 3462 3037; x_wconf 80' lang='grc' dir='ltr'>ἐαυτῷ,</span> <span class='ocrx_word' id='word_1_576' title='bbox 3502 2964 3633 3018; x_wconf 86' lang='grc' dir='ltr'>ποτὲ</span> <span class='ocrx_word' id='word_1_577' title='bbox 3670 2963 3769 3034; x_wconf 84' lang='grc' dir='ltr'>μὲν</span> 
     </span>
    </p>
   </div>
   <div class='ocr_carea' id='block_1_77' title="bbox 2183 3057 3768 3135">
    <p class='ocr_par' dir='ltr' id='par_1_77' title="bbox 2183 3057 3768 3135">
     <span class='ocr_line' id='line_1_77' title="bbox 2183 3057 3768 3135; baseline -0.006 -15"><span class='ocrx_word' id='word_1_578' title='bbox 2183 3067 2380 3135; x_wconf 86' lang='grc' dir='ltr'>λέγων,</span> <span class='ocrx_word' id='word_1_579' title='bbox 2424 3065 2594 3130; x_wconf 85' lang='grc' dir='ltr'>Ἥξει</span> <span class='ocrx_word' id='word_1_580' title='bbox 2640 3068 2673 3118; x_wconf 86' lang='grc' dir='ltr'>ό</span> <span class='ocrx_word' id='word_1_581' title='bbox 2696 3065 3028 3133; x_wconf 76' lang='grc' dir='ltr'>ῥυόμενος,</span> <span class='ocrx_word' id='word_1_582' title='bbox 3074 3060 3174 3114; x_wconf 80' lang='grc' dir='ltr'>καὶ</span> <span class='ocrx_word' id='word_1_583' title='bbox 3207 3057 3579 3127; x_wconf 71' lang='grc' dir='ltr'>ἀποστρέψει</span> <span class='ocrx_word' id='word_1_584' title='bbox 3622 3057 3768 3111; x_wconf 81' lang='grc' dir='ltr'>ἀσε-</span> 
     </span>
    </p>
   </div>
   <div class='ocr_carea' id='block_1_78' title="bbox 2186 3147 3770 3225">
    <p class='ocr_par' dir='ltr' id='par_1_78' title="bbox 2186 3147 3770 3225">
     <span class='ocr_line' id='line_1_78' title="bbox 2186 3147 3770 3225; baseline -0.008 -12"><span class='ocrx_word' id='word_1_585' title='bbox 2186 3161 2349 3225; x_wconf 80' lang='grc' dir='ltr'>ϐείας</span> <span class='ocrx_word' id='word_1_586' title='bbox 2376 3158 2496 3213; x_wconf 81' lang='grc' dir='ltr'>ἀπὸ</span> <span class='ocrx_word' id='word_1_587' title='bbox 2537 3156 2737 3212; x_wconf 83' lang='grc' dir='ltr'>Ἰακώϐ</span> <span class='ocrx_word' id='word_1_588' title='bbox 2752 3173 2764 3187; x_wconf 88' lang='grc'><strong>·</strong></span> <span class='ocrx_word' id='word_1_589' title='bbox 2797 3156 2930 3209; x_wconf 86' lang='grc' dir='ltr'>ποτέ</span> <span class='ocrx_word' id='word_1_590' title='bbox 2965 3155 3045 3218; x_wconf 85' lang='grc' dir='ltr'>δὲ,</span> <span class='ocrx_word' id='word_1_591' title='bbox 3083 3153 3245 3207; x_wconf 82' lang='grc' dir='ltr'>Οὕτω</span> <span class='ocrx_word' id='word_1_592' title='bbox 3272 3152 3369 3206; x_wconf 82' lang='grc' dir='ltr'>καὶ</span> <span class='ocrx_word' id='word_1_593' title='bbox 3400 3147 3566 3206; x_wconf 87' lang='grc' dir='ltr'>οὗτοι</span> <span class='ocrx_word' id='word_1_594' title='bbox 3600 3150 3770 3218; x_wconf 78' lang='grc' dir='ltr'>ἠπεί-</span> 
     </span>
    </p>
   </div>
   <div class='ocr_carea' id='block_1_79' title="bbox 2185 3239 3767 3317">
    <p class='ocr_par' dir='ltr' id='par_1_79' title="bbox 2185 3239 3767 3317">
     <span class='ocr_line' id='line_1_79' title="bbox 2185 3239 3767 3317; baseline -0.006 -14"><span class='ocrx_word' id='word_1_595' title='bbox 2185 3252 2383 3316; x_wconf 84' lang='grc' dir='ltr'>θησαν</span> <span class='ocrx_word' id='word_1_596' title='bbox 2404 3248 2485 3314; x_wconf 86' lang='grc' dir='ltr'>τῷ</span> <span class='ocrx_word' id='word_1_597' title='bbox 2516 3246 2777 3317; x_wconf 84' lang='grc' dir='ltr'>ὑμετέρῳ</span> <span class='ocrx_word' id='word_1_598' title='bbox 2801 3245 2977 3310; x_wconf 76' lang='grc' dir='ltr'>ἐλέει,</span> <span class='ocrx_word' id='word_1_599' title='bbox 3001 3246 3103 3298; x_wconf 85' lang='grc' dir='ltr'>ἵνα</span> <span class='ocrx_word' id='word_1_600' title='bbox 3135 3243 3234 3298; x_wconf 77' lang='grc' dir='ltr'>καὶ</span> <span class='ocrx_word' id='word_1_601' title='bbox 3260 3241 3429 3297; x_wconf 79' lang='grc' dir='ltr'>αὐτοὶ</span> <span class='ocrx_word' id='word_1_602' title='bbox 3455 3239 3767 3310; x_wconf 77' lang='grc' dir='ltr'>ὲλεηθῶσι.</span> 
     </span>
    </p>
   </div>
   <div class='ocr_carea' id='block_1_80' title="bbox 2186 3330 3773 3409">
    <p class='ocr_par' dir='ltr' id='par_1_80' title="bbox 2186 3330 3773 3409">
     <span class='ocr_line' id='line_1_80' title="bbox 2186 3330 3773 3409; baseline -0.005 -17"><span class='ocrx_word' id='word_1_603' title='bbox 2186 3340 2336 3393; x_wconf 82' lang='grc' dir='ltr'>Ποιεῖ</span> <span class='ocrx_word' id='word_1_604' title='bbox 2362 3340 2420 3392; x_wconf 83' lang='grc' dir='ltr'>δὲ</span> <span class='ocrx_word' id='word_1_605' title='bbox 2458 3339 2620 3392; x_wconf 86' lang='grc' dir='ltr'>τοῦτο</span> <span class='ocrx_word' id='word_1_606' title='bbox 2651 3338 2747 3392; x_wconf 73' lang='grc' dir='ltr'>καὶ</span> <span class='ocrx_word' id='word_1_607' title='bbox 2794 3335 3064 3409; x_wconf 88' lang='grc' dir='ltr'>Ἱερεμίας</span> <span class='ocrx_word' id='word_1_608' title='bbox 3084 3376 3100 3401; x_wconf 90' lang='grc'>,</span> <span class='ocrx_word' id='word_1_609' title='bbox 3138 3335 3458 3406; x_wconf 77' lang='grc' dir='ltr'>βιαζόμενος</span> <span class='ocrx_word' id='word_1_610' title='bbox 3494 3333 3590 3387; x_wconf 74' lang='grc' dir='ltr'>καὶ</span> <span class='ocrx_word' id='word_1_611' title='bbox 3614 3330 3773 3401; x_wconf 62' lang='grc' dir='ltr'>φιλο-</span> 
     </span>
    </p>
   </div>
   <div class='ocr_carea' id='block_1_81' title="bbox 2185 3424 3770 3502">
    <p class='ocr_par' dir='ltr' id='par_1_81' title="bbox 2185 3424 3770 3502">
     <span class='ocr_line' id='line_1_81' title="bbox 2185 3424 3770 3502; baseline -0.008 -13"><span class='ocrx_word' id='word_1_612' title='bbox 2185 3436 2379 3489; x_wconf 87' lang='grc' dir='ltr'>νεικῶν</span> <span class='ocrx_word' id='word_1_613' title='bbox 2406 3434 2706 3502; x_wconf 85' lang='grc' dir='ltr'>ἀπολογίαν</span> <span class='ocrx_word' id='word_1_614' title='bbox 2754 3431 2876 3485; x_wconf 82' lang='grc' dir='ltr'>τινὰ</span> <span class='ocrx_word' id='word_1_615' title='bbox 2920 3430 3059 3501; x_wconf 80' lang='grc' dir='ltr'>ὑπὲρ</span> <span class='ocrx_word' id='word_1_616' title='bbox 3085 3427 3194 3482; x_wconf 86' lang='grc' dir='ltr'>τῶν</span> <span class='ocrx_word' id='word_1_617' title='bbox 3237 3426 3640 3498; x_wconf 82' lang='grc' dir='ltr'>ἡμαρτηκότων</span> <span class='ocrx_word' id='word_1_618' title='bbox 3677 3424 3770 3477; x_wconf 82' lang='grc' dir='ltr'>εύ-</span> 
     </span>
    </p>
   </div>
   <div class='ocr_carea' id='block_1_82' title="bbox 2187 3513 3770 3598">
    <p class='ocr_par' dir='ltr' id='par_1_82' title="bbox 2187 3513 3770 3598">
     <span class='ocr_line' id='line_1_82' title="bbox 2187 3513 3770 3598; baseline -0.007 -18"><span class='ocrx_word' id='word_1_619' title='bbox 2187 3530 2319 3598; x_wconf 90' lang='grc' dir='ltr'>ρεῖν,</span> <span class='ocrx_word' id='word_1_620' title='bbox 2351 3526 2445 3580; x_wconf 90' lang='grc' dir='ltr'>νῦν</span> <span class='ocrx_word' id='word_1_621' title='bbox 2481 3527 2578 3598; x_wconf 82' lang='grc' dir='ltr'>μὲν</span> <span class='ocrx_word' id='word_1_622' title='bbox 2621 3525 2832 3593; x_wconf 80' lang='grc' dir='ltr'>λέγων’</span> <span class='ocrx_word' id='word_1_623' title='bbox 2869 3524 2939 3575; x_wconf 84' lang='grc' dir='ltr'>Εί</span> <span class='ocrx_word' id='word_1_624' title='bbox 2989 3524 3047 3575; x_wconf 82' lang='lat' dir='ltr'><em>ul</em></span> <span class='ocrx_word' id='word_1_625' title='bbox 3101 3519 3380 3589; x_wconf 84' lang='grc' dir='ltr'>ἁμαρτίαι</span> <span class='ocrx_word' id='word_1_626' title='bbox 3418 3513 3588 3587; x_wconf 73' lang='grc' dir='ltr'>ἡμῶν</span> <span class='ocrx_word' id='word_1_627' title='bbox 3628 3515 3770 3571; x_wconf 56' lang='grc' dir='ltr'>ἀντι</span> 
     </span>
    </p>
   </div>
   <div class='ocr_carea' id='block_1_83' title="bbox 2184 3606 3768 3687">
    <p class='ocr_par' dir='ltr' id='par_1_83' title="bbox 2184 3606 3768 3687">
     <span class='ocr_line' id='line_1_83' title="bbox 2184 3606 3768 3687; baseline -0.009 -12"><span class='ocrx_word' id='word_1_628' title='bbox 2184 3621 2460 3687; x_wconf 84' lang='grc' dir='ltr'>ἐστησαν</span> <span class='ocrx_word' id='word_1_629' title='bbox 2479 3616 2641 3686; x_wconf 78' lang='grc' dir='ltr'>ἡμῖν,</span> <span class='ocrx_word' id='word_1_630' title='bbox 2661 3617 2927 3683; x_wconf 82' lang='grc' dir='ltr'>ποίησον</span> <span class='ocrx_word' id='word_1_631' title='bbox 2956 3612 3166 3667; x_wconf 79' lang='grc' dir='ltr'>ἕνεκέν</span> <span class='ocrx_word' id='word_1_632' title='bbox 3190 3627 3307 3665; x_wconf 88' lang='grc' dir='ltr'>σου</span> <span class='ocrx_word' id='word_1_633' title='bbox 3328 3626 3341 3640; x_wconf 75' lang='grc' dir='ltr'><strong><em>ο</em></strong></span> <span class='ocrx_word' id='word_1_634' title='bbox 3362 3609 3457 3663; x_wconf 83' lang='grc' dir='ltr'>νῦν</span> <span class='ocrx_word' id='word_1_635' title='bbox 3485 3608 3544 3662; x_wconf 86' lang='grc' dir='ltr'>δέ</span> <span class='ocrx_word' id='word_1_636' title='bbox 3572 3606 3734 3662; x_wconf 83' lang='grc' dir='ltr'>πάλιν</span> <span class='ocrx_word' id='word_1_637' title='bbox 3750 3623 3768 3639; x_wconf 88' lang='grc'><strong>·</strong></span> 
     </span>
    </p>
   </div>
   <div class='ocr_carea' id='block_1_84' title="bbox 2189 3699 3771 3781">
    <p class='ocr_par' dir='ltr' id='par_1_84' title="bbox 2189 3699 3771 3781">
     <span class='ocr_line' id='line_1_84' title="bbox 2189 3699 3771 3781; baseline -0.009 -16"><span class='ocrx_word' id='word_1_638' title='bbox 2189 3710 2335 3781; x_wconf 79' lang='grc' dir='ltr'>Οὐχὶ</span> <span class='ocrx_word' id='word_1_639' title='bbox 2363 3710 2470 3763; x_wconf 89' lang='grc' dir='ltr'>τοῦ</span> <span class='ocrx_word' id='word_1_640' title='bbox 2494 3705 2811 3776; x_wconf 80' lang='grc' dir='ltr'>ἀνθρώπου</span> <span class='ocrx_word' id='word_1_641' title='bbox 2838 3708 2876 3776; x_wconf 73' lang='grc' dir='ltr'><strong><em>ἡ</em></strong></span> <span class='ocrx_word' id='word_1_642' title='bbox 2902 3705 3043 3772; x_wconf 79' lang='grc' dir='ltr'>ὁδὸς</span> <span class='ocrx_word' id='word_1_643' title='bbox 3069 3702 3277 3767; x_wconf 82' lang='grc' dir='ltr'>αὐτοῦ,</span> <span class='ocrx_word' id='word_1_644' title='bbox 3296 3701 3437 3756; x_wconf 85' lang='grc' dir='ltr'>οὐδὲ</span> <span class='ocrx_word' id='word_1_645' title='bbox 3462 3699 3771 3768; x_wconf 76' lang='grc' dir='ltr'>ἄνθρωπος</span> 
     </span>
    </p>
   </div>
   <div class='ocr_carea' id='block_1_85' title="bbox 2187 3791 3766 3869">
    <p class='ocr_par' dir='ltr' id='par_1_85' title="bbox 2187 3791 3766 3869">
     <span class='ocr_line' id='line_1_85' title="bbox 2187 3791 3766 3869; baseline -0.006 -14"><span class='ocrx_word' id='word_1_646' title='bbox 2187 3802 2563 3869; x_wconf 77' lang='grc' dir='ltr'>πορεύσεται,</span> <span class='ocrx_word' id='word_1_647' title='bbox 2588 3799 2686 3852; x_wconf 80' lang='grc' dir='ltr'>καὶ</span> <span class='ocrx_word' id='word_1_648' title='bbox 2710 3795 3097 3865; x_wconf 66' lang='grc' dir='ltr'>ικατωρθώσει</span> <span class='ocrx_word' id='word_1_649' title='bbox 3129 3794 3243 3863; x_wconf 79' lang='grc' dir='ltr'>τὴν</span> <span class='ocrx_word' id='word_1_650' title='bbox 3264 3794 3516 3862; x_wconf 76' lang='grc' dir='ltr'>πορείαν</span> <span class='ocrx_word' id='word_1_651' title='bbox 3541 3791 3731 3846; x_wconf 85' lang='grc' dir='ltr'>αὐτοῦ</span> <span class='ocrx_word' id='word_1_652' title='bbox 3750 3807 3766 3823; x_wconf 75' lang='grc' dir='ltr'><strong><em>ο</em></strong></span> 
     </span>
    </p>
   </div>
   <div class='ocr_carea' id='block_1_86' title="bbox 2187 3883 3772 3964">
    <p class='ocr_par' dir='ltr' id='par_1_86' title="bbox 2187 3883 3772 3964">
     <span class='ocr_line' id='line_1_86' title="bbox 2187 3883 3772 3964; baseline -0.006 -17"><span class='ocrx_word' id='word_1_653' title='bbox 2187 3895 2282 3947; x_wconf 59' lang='grc' dir='ltr'>καὶ⁵</span> <span class='ocrx_word' id='word_1_654' title='bbox 2306 3890 2539 3963; x_wconf 90' lang='grc' dir='ltr'>ἀλλαχοῦ</span> <span class='ocrx_word' id='word_1_655' title='bbox 2572 3891 2734 3945; x_wconf 85' lang='grc' dir='ltr'>πάλιν</span> <span class='ocrx_word' id='word_1_656' title='bbox 2754 3907 2768 3920; x_wconf 89' lang='grc'><strong>·</strong></span> <span class='ocrx_word' id='word_1_657' title='bbox 2797 3888 3108 3957; x_wconf 77' lang='grc' dir='ltr'>Μνήσθητι</span> <span class='ocrx_word' id='word_1_658' title='bbox 3138 3887 3227 3941; x_wconf 73' lang='grc' dir='ltr'>ὅτι</span> <span class='ocrx_word' id='word_1_659' title='bbox 3261 3886 3632 3964; x_wconf 70' lang='grc' dir='ltr'>χοῦςέσμεν.</span> <span class='ocrx_word' id='word_1_660' title='bbox 3661 3883 3772 3937; x_wconf 70' lang='grc' dir='ltr'>Καὶ</span> 
     </span>
    </p>
   </div>
   <div class='ocr_carea' id='block_1_87' title="bbox 2186 3975 3772 4058">
    <p class='ocr_par' dir='ltr' id='par_1_87' title="bbox 2186 3975 3772 4058">
     <span class='ocr_line' id='line_1_87' title="bbox 2186 3975 3772 4058; baseline -0.006 -19"><span class='ocrx_word' id='word_1_661' title='bbox 2186 3987 2296 4058; x_wconf 78' lang='grc' dir='ltr'>γὰρ</span> <span class='ocrx_word' id='word_1_662' title='bbox 2325 3985 2446 4049; x_wconf 72' lang='grc' dir='ltr'>ἔθος</span> <span class='ocrx_word' id='word_1_663' title='bbox 2471 3985 2582 4048; x_wconf 86' lang='grc' dir='ltr'>τοῖς</span> <span class='ocrx_word' id='word_1_664' title='bbox 2605 3983 2745 4055; x_wconf 86' lang='grc' dir='ltr'>ὑπὲρ</span> <span class='ocrx_word' id='word_1_665' title='bbox 2780 3982 2889 4035; x_wconf 90' lang='grc' dir='ltr'>τῶν</span> <span class='ocrx_word' id='word_1_666' title='bbox 2919 3980 3322 4052; x_wconf 77' lang='grc' dir='ltr'>ἡμαρτηκότων</span> <span class='ocrx_word' id='word_1_667' title='bbox 3347 3978 3646 4047; x_wconf 90' lang='grc' dir='ltr'>δεομένοις,</span> <span class='ocrx_word' id='word_1_668' title='bbox 3665 3975 3772 4030; x_wconf 83' lang='grc' dir='ltr'>κᾶν</span> 
     </span>
    </p>
   </div>
   <div class='ocr_carea' id='block_1_88' title="bbox 2190 4068 3772 4149">
    <p class='ocr_par' dir='ltr' id='par_1_88' title="bbox 2190 4068 3772 4149">
     <span class='ocr_line' id='line_1_88' title="bbox 2190 4068 3772 4149; baseline -0.007 -18"><span class='ocrx_word' id='word_1_669' title='bbox 2190 4078 2352 4149; x_wconf 80' lang='grc' dir='ltr'>μηδὲν</span> <span class='ocrx_word' id='word_1_670' title='bbox 2386 4076 2582 4147; x_wconf 76' lang='grc' dir='ltr'>ἔχωσιν</span> <span class='ocrx_word' id='word_1_671' title='bbox 2621 4073 2842 4143; x_wconf 74' lang='grc' dir='ltr'>εὔλογον</span> <span class='ocrx_word' id='word_1_672' title='bbox 2886 4073 3083 4134; x_wconf 73' lang='grc' dir='ltr'>εἰπεῖν,</span> <span class='ocrx_word' id='word_1_673' title='bbox 3116 4070 3275 4126; x_wconf 86' lang='grc' dir='ltr'>σκιὰν</span> <span class='ocrx_word' id='word_1_674' title='bbox 3319 4069 3450 4139; x_wconf 89' lang='grc' dir='ltr'>γοῦν</span> <span class='ocrx_word' id='word_1_675' title='bbox 3478 4086 3600 4123; x_wconf 89' lang='grc' dir='ltr'>τινα</span> <span class='ocrx_word' id='word_1_676' title='bbox 3635 4068 3772 4121; x_wconf 80' lang='grc' dir='ltr'>ἀπο-</span> 
     </span>
    </p>
   </div>
   <div class='ocr_carea' id='block_1_89' title="bbox 2186 4161 3773 4239">
    <p class='ocr_par' dir='ltr' id='par_1_89' title="bbox 2186 4161 3773 4239">
     <span class='ocr_line' id='line_1_89' title="bbox 2186 4161 3773 4239; baseline -0.004 -18"><span class='ocrx_word' id='word_1_677' title='bbox 2186 4169 2372 4237; x_wconf 85' lang='grc' dir='ltr'>λογίας</span> <span class='ocrx_word' id='word_1_678' title='bbox 2416 4168 2686 4230; x_wconf 83' lang='grc' dir='ltr'>ἐπινοεῖν,</span> <span class='ocrx_word' id='word_1_679' title='bbox 2731 4166 2793 4220; x_wconf 88' lang='grc' dir='ltr'>οὐ</span> <span class='ocrx_word' id='word_1_680' title='bbox 2850 4162 3300 4236; x_wconf 85' lang='grc' dir='ltr'>διηκριϐωμένας</span> <span class='ocrx_word' id='word_1_681' title='bbox 3345 4163 3481 4235; x_wconf 84' lang='grc' dir='ltr'>μὲν,</span> <span class='ocrx_word' id='word_1_682' title='bbox 3525 4161 3647 4239; x_wconf 83' lang='grc' dir='ltr'>οὒδέ</span> <span class='ocrx_word' id='word_1_683' title='bbox 3689 4162 3773 4224; x_wconf 85' lang='grc' dir='ltr'>είς</span> 
     </span>
    </p>
   </div>
   <div class='ocr_carea' id='block_1_90' title="bbox 2185 4250 3770 4331">
    <p class='ocr_par' dir='ltr' id='par_1_90' title="bbox 2185 4250 3770 4331">
     <span class='ocr_line' id='line_1_90' title="bbox 2185 4250 3770 4331; baseline -0.005 -17"><span class='ocrx_word' id='word_1_684' title='bbox 2185 4261 2434 4331; x_wconf 84' lang='grc' dir='ltr'>δόγματα</span> <span class='ocrx_word' id='word_1_685' title='bbox 2456 4258 2795 4327; x_wconf 65' lang='grc' dir='ltr'>ἐλκυσθῆναο</span> <span class='ocrx_word' id='word_1_686' title='bbox 2811 4255 3138 4328; x_wconf 79' lang='grc' dir='ltr'>δυναμένας,</span> <span class='ocrx_word' id='word_1_687' title='bbox 3180 4252 3683 4328; x_wconf 69' lang='grc' dir='ltr'>παραμυθουμένοις</span> <span class='ocrx_word' id='word_1_688' title='bbox 3710 4250 3770 4307; x_wconf 78' lang='grc' dir='ltr'>δὲ</span> 
     </span>
    </p>
   </div>
   <div class='ocr_carea' id='block_1_91' title="bbox 2185 4344 3769 4425">
    <p class='ocr_par' dir='ltr' id='par_1_91' title="bbox 2185 4344 3769 4425">
     <span class='ocr_line' id='line_1_91' title="bbox 2185 4344 3769 4425; baseline -0.005 -18"><span class='ocrx_word' id='word_1_689' title='bbox 2185 4354 2335 4425; x_wconf 80' lang='grc' dir='ltr'>ὅμως</span> <span class='ocrx_word' id='word_1_690' title='bbox 2358 4353 2483 4415; x_wconf 83' lang='grc' dir='ltr'>τοὺς</span> <span class='ocrx_word' id='word_1_691' title='bbox 2515 4350 2657 4423; x_wconf 81' lang='grc' dir='ltr'>ὑπὲρ</span> <span class='ocrx_word' id='word_1_692' title='bbox 2684 4350 2793 4404; x_wconf 88' lang='grc' dir='ltr'>τῶν</span> <span class='ocrx_word' id='word_1_693' title='bbox 2836 4347 3226 4419; x_wconf 85' lang='grc' dir='ltr'>ἀπολλυμένων</span> <span class='ocrx_word' id='word_1_694' title='bbox 3257 4344 3647 4417; x_wconf 80' lang='grc' dir='ltr'>ὀδυνωμένους.</span> <span class='ocrx_word' id='word_1_695' title='bbox 3674 4344 3769 4415; x_wconf 86' lang='grc' dir='ltr'>Μὴ</span> 
     </span>
    </p>
   </div>
   <div class='ocr_carea' id='block_1_92' title="bbox 2184 4436 3769 4516">
    <p class='ocr_par' dir='ltr' id='par_1_92' title="bbox 2184 4436 3769 4516">
     <span class='ocr_line' id='line_1_92' title="bbox 2184 4436 3769 4516; baseline -0.008 -16"><span class='ocrx_word' id='word_1_696' title='bbox 2184 4446 2363 4500; x_wconf 89' lang='grc' dir='ltr'>τοίνυν</span> <span class='ocrx_word' id='word_1_697' title='bbox 2399 4444 2531 4516; x_wconf 69' lang='grc' dir='ltr'>μηδὲ</span> <span class='ocrx_word' id='word_1_698' title='bbox 2556 4445 2722 4516; x_wconf 80' lang='grc' dir='ltr'>ἡμεῖς</span> <span class='ocrx_word' id='word_1_699' title='bbox 2742 4441 2842 4506; x_wconf 82' lang='grc' dir='ltr'>τὰς</span> <span class='ocrx_word' id='word_1_700' title='bbox 2867 4441 3122 4505; x_wconf 82' lang='grc' dir='ltr'>τοιαύτας</span> <span class='ocrx_word' id='word_1_701' title='bbox 3151 4438 3397 4512; x_wconf 77' lang='grc' dir='ltr'>ἀκριϐῶς</span> <span class='ocrx_word' id='word_1_702' title='bbox 3425 4436 3769 4506; x_wconf 72' lang='grc' dir='ltr'>ἐξετάζωμεν</span> 
     </span>
    </p>
   </div>
   <div class='ocr_carea' id='block_1_93' title="bbox 2186 4528 3770 4605">
    <p class='ocr_par' dir='ltr' id='par_1_93' title="bbox 2186 4528 3770 4605">
     <span class='ocr_line' id='line_1_93' title="bbox 2186 4528 3770 4605; baseline -0.011 -10"><span class='ocrx_word' id='word_1_703' title='bbox 2186 4538 2508 4605; x_wconf 84' lang='grc' dir='ltr'>ἀπολογίας,</span> <span class='ocrx_word' id='word_1_704' title='bbox 2546 4535 2660 4589; x_wconf 86' lang='grc' dir='ltr'>ἀλλ’</span> <span class='ocrx_word' id='word_1_705' title='bbox 2702 4534 3035 4599; x_wconf 88' lang='grc' dir='ltr'>ἐννοοῦντες,</span> <span class='ocrx_word' id='word_1_706' title='bbox 3075 4534 3158 4586; x_wconf 84' lang='grc' dir='ltr'>ὅτι</span> <span class='ocrx_word' id='word_1_707' title='bbox 3178 4532 3358 4601; x_wconf 81' lang='grc' dir='ltr'>ψυχῆς</span> <span class='ocrx_word' id='word_1_708' title='bbox 3398 4531 3535 4582; x_wconf 82' lang='grc' dir='ltr'>εἰσιν</span> <span class='ocrx_word' id='word_1_709' title='bbox 3568 4528 3770 4580; x_wconf 74' lang='grc' dir='ltr'>ὀδυνωο</span> 
     </span>
    </p>
   </div>
   <div class='ocr_carea' id='block_1_94' title="bbox 2189 4619 3769 4703">
    <p class='ocr_par' dir='ltr' id='par_1_94' title="bbox 2189 4619 3769 4703">
     <span class='ocr_line' id='line_1_94' title="bbox 2189 4619 3769 4703; baseline -0.008 -19"><span class='ocrx_word' id='word_1_710' title='bbox 2189 4632 2378 4703; x_wconf 89' lang='grc' dir='ltr'>μένης,</span> <span class='ocrx_word' id='word_1_711' title='bbox 2410 4627 2681 4701; x_wconf 81' lang='grc' dir='ltr'>ζητούσης</span> <span class='ocrx_word' id='word_1_712' title='bbox 2709 4629 2882 4681; x_wconf 80' lang='grc' dir='ltr'>εἰπεῖν</span> <span class='ocrx_word' id='word_1_713' title='bbox 2927 4641 2982 4678; x_wconf 89' lang='grc' dir='ltr'>τι</span> <span class='ocrx_word' id='word_1_714' title='bbox 3025 4624 3169 4695; x_wconf 80' lang='grc' dir='ltr'>ὑπὲρ</span> <span class='ocrx_word' id='word_1_715' title='bbox 3203 4622 3311 4675; x_wconf 88' lang='grc' dir='ltr'>τῶν</span> <span class='ocrx_word' id='word_1_716' title='bbox 3345 4619 3769 4692; x_wconf 81' lang='grc' dir='ltr'>ἡμαρτηκότων,</span> 
     </span>
    </p>
   </div>
   <div class='ocr_carea' id='block_1_95' title="bbox 2184 4709 3771 4790">
    <p class='ocr_par' dir='ltr' id='par_1_95' title="bbox 2184 4709 3771 4790">
     <span class='ocr_line' id='line_1_95' title="bbox 2184 4709 3771 4790; baseline -0.006 -15"><span class='ocrx_word' id='word_1_717' title='bbox 2184 4721 2359 4785; x_wconf 82' lang='grc' dir='ltr'>οὕτως</span> <span class='ocrx_word' id='word_1_718' title='bbox 2388 4718 2741 4790; x_wconf 85' lang='grc' dir='ltr'>ἐκδεχώμεθα</span> <span class='ocrx_word' id='word_1_719' title='bbox 2766 4718 2835 4771; x_wconf 81' lang='grc' dir='ltr'>τὰ</span> <span class='ocrx_word' id='word_1_720' title='bbox 2869 4716 3156 4788; x_wconf 78' lang='grc' dir='ltr'>εἰρημένα.</span> <span class='ocrx_word' id='word_1_721' title='bbox 3178 4712 3307 4786; x_wconf 64' lang='grc' dir='ltr'>Ἆρ’</span> <span class='ocrx_word' id='word_1_722' title='bbox 3337 4709 3429 4767; x_wconf 79' lang='grc' dir='ltr'>οὖν</span> <span class='ocrx_word' id='word_1_723' title='bbox 3464 4711 3603 4783; x_wconf 81' lang='grc' dir='ltr'>πρὸς</span> <span class='ocrx_word' id='word_1_724' title='bbox 3638 4712 3771 4766; x_wconf 83' lang='grc' dir='ltr'>Ἰου-</span> 
     </span>
    </p>
   </div>
   <div class='ocr_carea' id='block_1_96' title="bbox 2185 4803 3766 4884">
    <p class='ocr_par' dir='ltr' id='par_1_96' title="bbox 2185 4803 3766 4884">
     <span class='ocr_line' id='line_1_96' title="bbox 2185 4803 3766 4884; baseline -0.007 -17"><span class='ocrx_word' id='word_1_725' title='bbox 2185 4813 2369 4877; x_wconf 82' lang='grc' dir='ltr'>δαίους</span> <span class='ocrx_word' id='word_1_726' title='bbox 2416 4812 2575 4884; x_wconf 85' lang='grc' dir='ltr'>μόνον</span> <span class='ocrx_word' id='word_1_727' title='bbox 2619 4808 2881 4875; x_wconf 84' lang='grc' dir='ltr'>τοιοῦτος,</span> <span class='ocrx_word' id='word_1_728' title='bbox 2930 4808 3068 4881; x_wconf 78' lang='grc' dir='ltr'>πρὸς</span> <span class='ocrx_word' id='word_1_729' title='bbox 3117 4808 3174 4861; x_wconf 78' lang='grc' dir='ltr'>δὲ</span> <span class='ocrx_word' id='word_1_730' title='bbox 3206 4807 3334 4869; x_wconf 85' lang='grc' dir='ltr'>τοὺς</span> <span class='ocrx_word' id='word_1_731' title='bbox 3377 4803 3576 4870; x_wconf 77' lang='grc' dir='ltr'>ἔξωθεν</span> <span class='ocrx_word' id='word_1_732' title='bbox 3615 4804 3766 4874; x_wconf 77' lang='grc' dir='ltr'>οὐχίς</span> 
     </span>
    </p>
   </div>
   <div class='ocr_carea' id='block_1_97' title="bbox 2187 4893 3771 4972">
    <p class='ocr_par' dir='ltr' id='par_1_97' title="bbox 2187 4893 3771 4972">
     <span class='ocr_line' id='line_1_97' title="bbox 2187 4893 3771 4972; baseline -0.006 -16"><span class='ocrx_word' id='word_1_733' title='bbox 2187 4903 2414 4957; x_wconf 78' lang='grc' dir='ltr'>Πάντων</span> <span class='ocrx_word' id='word_1_734' title='bbox 2439 4899 2790 4972; x_wconf 84' lang='grc' dir='ltr'>ἡμερώτερος</span> <span class='ocrx_word' id='word_1_735' title='bbox 2819 4893 2891 4967; x_wconf 62' lang='grc' dir='ltr'>ἢν</span> <span class='ocrx_word' id='word_1_736' title='bbox 2921 4897 3017 4951; x_wconf 75' lang='grc' dir='ltr'>καὶ</span> <span class='ocrx_word' id='word_1_737' title='bbox 3053 4895 3199 4968; x_wconf 72' lang='grc' dir='ltr'>πρός</span> <span class='ocrx_word' id='word_1_738' title='bbox 3225 4895 3361 4958; x_wconf 84' lang='grc' dir='ltr'>τοὺς</span> <span class='ocrx_word' id='word_1_739' title='bbox 3386 4894 3642 4957; x_wconf 74' lang='grc' dir='ltr'>οἰκείους,</span> <span class='ocrx_word' id='word_1_740' title='bbox 3673 4894 3771 4947; x_wconf 73' lang='grc' dir='ltr'>καὶ</span> 
     </span>
    </p>
   </div>
   <div class='ocr_carea' id='block_1_98' title="bbox 2188 4985 3772 5066">
    <p class='ocr_par' dir='ltr' id='par_1_98' title="bbox 2188 4985 3772 5066">
     <span class='ocr_line' id='line_1_98' title="bbox 2188 4985 3772 5066; baseline -0.007 -17"><span class='ocrx_word' id='word_1_741' title='bbox 2188 4995 2326 5066; x_wconf 79' lang='grc' dir='ltr'>πρὸς</span> <span class='ocrx_word' id='word_1_742' title='bbox 2355 4994 2486 5059; x_wconf 80' lang='grc' dir='ltr'>τοὺς</span> <span class='ocrx_word' id='word_1_743' title='bbox 2522 4991 2855 5064; x_wconf 86' lang='grc' dir='ltr'>ἀλλοτρίους.</span> <span class='ocrx_word' id='word_1_744' title='bbox 2888 4987 3101 5044; x_wconf 83' lang='grc' dir='ltr'>Οὐκοῦν</span> <span class='ocrx_word' id='word_1_745' title='bbox 3144 4989 3377 5043; x_wconf 76' lang='grc' dir='ltr'>ἄκουσον</span> <span class='ocrx_word' id='word_1_746' title='bbox 3412 4987 3468 5041; x_wconf 91' lang='grc' dir='ltr'>τί</span> <span class='ocrx_word' id='word_1_747' title='bbox 3518 4985 3772 5058; x_wconf 86' lang='grc' dir='ltr'>Τιμοθέῳ</span> 
     </span>
    </p>
   </div>
   <div class='ocr_carea' id='block_1_99' title="bbox 2184 5080 3770 5159">
    <p class='ocr_par' dir='ltr' id='par_1_99' title="bbox 2184 5080 3770 5159">
     <span class='ocr_line' id='line_1_99' title="bbox 2184 5080 3770 5159; baseline -0.008 -16"><span class='ocrx_word' id='word_1_748' title='bbox 2184 5088 2319 5159; x_wconf 84' lang='grc' dir='ltr'>φησι</span> <span class='ocrx_word' id='word_1_749' title='bbox 2337 5105 2351 5120; x_wconf 89' lang='grc'><strong>·</strong></span> <span class='ocrx_word' id='word_1_750' title='bbox 2397 5088 2626 5142; x_wconf 69' lang='grc' dir='ltr'>Δοῦλον</span> <span class='ocrx_word' id='word_1_751' title='bbox 2671 5084 2740 5139; x_wconf 80' lang='grc' dir='ltr'>δὲ</span> <span class='ocrx_word' id='word_1_752' title='bbox 2766 5082 2988 5152; x_wconf 84' lang='grc' dir='ltr'>Κυρίου</span> <span class='ocrx_word' id='word_1_753' title='bbox 3023 5084 3097 5138; x_wconf 88' lang='grc' dir='ltr'>οῦ</span> <span class='ocrx_word' id='word_1_754' title='bbox 3141 5080 3238 5137; x_wconf 85' lang='grc' dir='ltr'>δεῖ</span> <span class='ocrx_word' id='word_1_755' title='bbox 3258 5080 3582 5153; x_wconf 80' lang='grc' dir='ltr'>μάχεσθαι,</span> <span class='ocrx_word' id='word_1_756' title='bbox 3628 5080 3770 5134; x_wconf 69' lang='grc' dir='ltr'>ἀλλ’</span> 
     </span>
    </p>
   </div>
   <div class='ocr_carea' id='block_1_100' title="bbox 2182 5172 3765 5249">
    <p class='ocr_par' dir='ltr' id='par_1_100' title="bbox 2182 5172 3765 5249">
     <span class='ocr_line' id='line_1_100' title="bbox 2182 5172 3765 5249; baseline -0.007 -15"><span class='ocrx_word' id='word_1_757' title='bbox 2182 5180 2368 5249; x_wconf 75' lang='grc' dir='ltr'>ἤπιον</span> <span class='ocrx_word' id='word_1_758' title='bbox 2381 5175 2535 5233; x_wconf 81' lang='grc' dir='ltr'>εἶναι</span> <span class='ocrx_word' id='word_1_759' title='bbox 2556 5175 2707 5247; x_wconf 82' lang='grc' dir='ltr'>πρὸς</span> <span class='ocrx_word' id='word_1_760' title='bbox 2726 5176 2978 5242; x_wconf 79' lang='grc' dir='ltr'>πάντας,</span> <span class='ocrx_word' id='word_1_761' title='bbox 2997 5173 3365 5239; x_wconf 78' lang='grc' dir='ltr'>διδακτικόν,</span> <span class='ocrx_word' id='word_1_762' title='bbox 3381 5172 3765 5237; x_wconf 75' lang='grc' dir='ltr'>ἀνεξίκακον,</span> 
     </span>
    </p>
   </div>
   <div class='ocr_carea' id='block_1_101' title="bbox 2183 5261 3765 5338">
    <p class='ocr_par' dir='ltr' id='par_1_101' title="bbox 2183 5261 3765 5338">
     <span class='ocr_line' id='line_1_101' title="bbox 2183 5261 3765 5338; baseline -0.007 -16"><span class='ocrx_word' id='word_1_763' title='bbox 2183 5271 2254 5323; x_wconf 84' lang='grc' dir='ltr'>ἐν</span> <span class='ocrx_word' id='word_1_764' title='bbox 2278 5270 2563 5338; x_wconf 79' lang='grc' dir='ltr'>πρᾳότητι</span> <span class='ocrx_word' id='word_1_765' title='bbox 2597 5266 2962 5321; x_wconf 79' lang='grc' dir='ltr'>παιδεύοντα</span> <span class='ocrx_word' id='word_1_766' title='bbox 2992 5265 3137 5333; x_wconf 88' lang='grc' dir='ltr'>τοὺς</span> <span class='ocrx_word' id='word_1_767' title='bbox 3167 5261 3765 5331; x_wconf 80' lang='grc' dir='ltr'>ἀντιδιατιθεμένους,</span> 
     </span>
    </p>
   </div>
   <div class='ocr_carea' id='block_1_102' title="bbox 2179 5352 3767 5430">
    <p class='ocr_par' dir='ltr' id='par_1_102' title="bbox 2179 5352 3767 5430">
     <span class='ocr_line' id='line_1_102' title="bbox 2179 5352 3767 5430; baseline -0.006 -16"><span class='ocrx_word' id='word_1_768' title='bbox 2179 5359 2264 5430; x_wconf 81' lang='grc' dir='ltr'>μή</span> <span class='ocrx_word' id='word_1_769' title='bbox 2285 5373 2429 5414; x_wconf 82' lang='grc' dir='ltr'>ποτε</span> <span class='ocrx_word' id='word_1_770' title='bbox 2461 5357 2545 5423; x_wconf 86' lang='grc' dir='ltr'>δῷ</span> <span class='ocrx_word' id='word_1_771' title='bbox 2580 5358 2784 5422; x_wconf 81' lang='grc' dir='ltr'>αὐτοῖς</span> <span class='ocrx_word' id='word_1_772' title='bbox 2810 5358 2843 5409; x_wconf 87' lang='grc' dir='ltr'>ό</span> <span class='ocrx_word' id='word_1_773' title='bbox 2873 5355 3018 5422; x_wconf 82' lang='grc' dir='ltr'>Θεὸς</span> <span class='ocrx_word' id='word_1_774' title='bbox 3051 5353 3376 5426; x_wconf 78' lang='grc' dir='ltr'>μετάνοιαν</span> <span class='ocrx_word' id='word_1_775' title='bbox 3403 5354 3491 5416; x_wconf 81' lang='grc' dir='ltr'>είς</span> <span class='ocrx_word' id='word_1_776' title='bbox 3517 5352 3767 5421; x_wconf 75' lang='grc' dir='ltr'>ἐπίγνω-</span> 
     </span>
    </p>
   </div>
   <div class='ocr_carea' id='block_1_103' title="bbox 2186 5443 3768 5517">
    <p class='ocr_par' dir='ltr' id='par_1_103' title="bbox 2186 5443 3768 5517">
     <span class='ocr_line' id='line_1_103' title="bbox 2186 5443 3768 5517; baseline -0.006 -12"><span class='ocrx_word' id='word_1_777' title='bbox 2186 5465 2293 5505; x_wconf 81' lang='grc' dir='ltr'>σιν</span> <span class='ocrx_word' id='word_1_778' title='bbox 2316 5449 2622 5517; x_wconf 76' lang='grc' dir='ltr'>ἀληθείας,</span> <span class='ocrx_word' id='word_1_779' title='bbox 2656 5448 2757 5503; x_wconf 79' lang='grc' dir='ltr'>καὶ</span> <span class='ocrx_word' id='word_1_780' title='bbox 2795 5447 3197 5516; x_wconf 56' lang='grc' dir='ltr'>ἀνανήψωσιν</span> <span class='ocrx_word' id='word_1_781' title='bbox 3235 5446 3306 5499; x_wconf 81' lang='grc' dir='ltr'>ἐκ</span> <span class='ocrx_word' id='word_1_782' title='bbox 3335 5443 3447 5511; x_wconf 82' lang='grc' dir='ltr'>τῆς</span> <span class='ocrx_word' id='word_1_783' title='bbox 3490 5443 3600 5497; x_wconf 90' lang='grc' dir='ltr'>τοῦ</span> <span class='ocrx_word' id='word_1_784' title='bbox 3637 5443 3768 5497; x_wconf 84' lang='grc' dir='ltr'>δια-</span> 
     </span>
    </p>
   </div>
   <div class='ocr_carea' id='block_1_104' title="bbox 2187 5532 3769 5610">
    <p class='ocr_par' dir='ltr' id='par_1_104' title="bbox 2187 5532 3769 5610">
     <span class='ocr_line' id='line_1_104' title="bbox 2187 5532 3769 5610; baseline -0.005 -14"><span class='ocrx_word' id='word_1_785' title='bbox 2187 5542 2370 5596; x_wconf 75' lang='grc' dir='ltr'>ϐόλου</span> <span class='ocrx_word' id='word_1_786' title='bbox 2396 5539 2666 5610; x_wconf 74' lang='grc' dir='ltr'>παγίδος,</span> <span class='ocrx_word' id='word_1_787' title='bbox 2687 5537 3071 5607; x_wconf 67' lang='grc' dir='ltr'>ἐζωγρημένοι</span> <span class='ocrx_word' id='word_1_788' title='bbox 3094 5537 3196 5592; x_wconf 82' lang='grc' dir='ltr'>ὑπ’</span> <span class='ocrx_word' id='word_1_789' title='bbox 3211 5534 3398 5589; x_wconf 83' lang='grc' dir='ltr'>αὑτοῦ</span> <span class='ocrx_word' id='word_1_790' title='bbox 3419 5535 3507 5600; x_wconf 80' lang='grc' dir='ltr'>εις</span> <span class='ocrx_word' id='word_1_791' title='bbox 3531 5532 3596 5587; x_wconf 89' lang='grc' dir='ltr'>τὸ</span> <span class='ocrx_word' id='word_1_792' title='bbox 3614 5534 3769 5596; x_wconf 76' lang='grc' dir='ltr'>ὲκεί-</span> 
     </span>
    </p>
   </div>
   <div class='ocr_carea' id='block_1_105' title="bbox 2186 5627 3771 5702">
    <p class='ocr_par' dir='ltr' id='par_1_105' title="bbox 2186 5627 3771 5702">
     <span class='ocr_line' id='line_1_105' title="bbox 2186 5627 3771 5702; baseline -0.005 -15"><span class='ocrx_word' id='word_1_793' title='bbox 2186 5651 2297 5688; x_wconf 87' lang='grc' dir='ltr'>νου</span> <span class='ocrx_word' id='word_1_794' title='bbox 2329 5632 2575 5702; x_wconf 76' lang='grc' dir='ltr'>θέλημα.</span> <span class='ocrx_word' id='word_1_795' title='bbox 2596 5631 2783 5694; x_wconf 82' lang='grc' dir='ltr'>Θέλεις</span> <span class='ocrx_word' id='word_1_796' title='bbox 2815 5631 2945 5685; x_wconf 85' lang='grc' dir='ltr'>ίδεῖν</span> <span class='ocrx_word' id='word_1_797' title='bbox 2964 5629 3127 5682; x_wconf 84' lang='grc' dir='ltr'>αὐτὸν</span> <span class='ocrx_word' id='word_1_798' title='bbox 3155 5627 3249 5680; x_wconf 77' lang='grc' dir='ltr'>καὶ</span> <span class='ocrx_word' id='word_1_799' title='bbox 3279 5627 3415 5698; x_wconf 81' lang='grc' dir='ltr'>πρὸς</span> <span class='ocrx_word' id='word_1_800' title='bbox 3434 5628 3560 5691; x_wconf 81' lang='grc' dir='ltr'>τοὺς</span> <span class='ocrx_word' id='word_1_801' title='bbox 3583 5628 3771 5698; x_wconf 89' lang='grc' dir='ltr'>ἡμαρ-</span> 
     </span>
    </p>
   </div>
   <div class='ocr_carea' id='block_1_106' title="bbox 2184 5713 3766 5798">
    <p class='ocr_par' dir='ltr' id='par_1_106' title="bbox 2184 5713 3766 5798">
     <span class='ocr_line' id='line_1_106' title="bbox 2184 5713 3766 5798; baseline -0.006 -18"><span class='ocrx_word' id='word_1_802' title='bbox 2184 5726 2417 5798; x_wconf 85' lang='grc' dir='ltr'>τηκότας</span> <span class='ocrx_word' id='word_1_803' title='bbox 2464 5725 2584 5788; x_wconf 89' lang='grc' dir='ltr'>πῶς</span> <span class='ocrx_word' id='word_1_804' title='bbox 2613 5724 2949 5791; x_wconf 88' lang='grc' dir='ltr'>διαλέγεται;</span> <span class='ocrx_word' id='word_1_805' title='bbox 2990 5721 3258 5774; x_wconf 75' lang='grc' dir='ltr'>Ἄκουσον</span> <span class='ocrx_word' id='word_1_806' title='bbox 3299 5718 3354 5772; x_wconf 88' lang='grc' dir='ltr'>τί</span> <span class='ocrx_word' id='word_1_807' title='bbox 3385 5736 3518 5790; x_wconf 87' lang='grc' dir='ltr'>φησι</span> <span class='ocrx_word' id='word_1_808' title='bbox 3568 5713 3766 5788; x_wconf 66' lang='grc' dir='ltr'>Κόριν-</span> 
     </span>
    </p>
   </div>
   <div class='ocr_carea' id='block_1_107' title="bbox 2186 5809 3783 5886">
    <p class='ocr_par' dir='ltr' id='par_1_107' title="bbox 2186 5809 3783 5886">
     <span class='ocr_line' id='line_1_107' title="bbox 2186 5809 3783 5886; baseline -0.005 -14"><span class='ocrx_word' id='word_1_809' title='bbox 2186 5819 2321 5883; x_wconf 86' lang='grc' dir='ltr'>θίοις</span> <span class='ocrx_word' id='word_1_810' title='bbox 2351 5817 2707 5873; x_wconf 84' lang='grc' dir='ltr'>ἐπιστέλλων’</span> <span class='ocrx_word' id='word_1_811' title='bbox 2743 5814 3039 5886; x_wconf 81' lang='grc' dir='ltr'>Φοϐοῦμαι</span> <span class='ocrx_word' id='word_1_812' title='bbox 3064 5812 3134 5868; x_wconf 84' lang='grc' dir='ltr'>δὲ</span> <span class='ocrx_word' id='word_1_813' title='bbox 3156 5813 3243 5886; x_wconf 83' lang='grc' dir='ltr'>μή</span> <span class='ocrx_word' id='word_1_814' title='bbox 3267 5828 3391 5882; x_wconf 73' lang='grc' dir='ltr'>πως</span> <span class='ocrx_word' id='word_1_815' title='bbox 3411 5809 3623 5877; x_wconf 73' lang='grc' dir='ltr'>ἐλθὼν,</span> <span class='ocrx_word' id='word_1_816' title='bbox 3651 5812 3783 5881; x_wconf 68' lang='grc' dir='ltr'>οὐχ</span> 
     </span>
    </p>
   </div>
  </div>
