4130 6442
359 349 463 406 695

359 467 443 521 12.
471 462 596 536 20),
625 462 850 538 etpaulo
871 475 1012 536 post,
1041 463 1142 534 Ne,
1165 483 1278 521 cum
1303 468 1483 522 iterum
1499 483 1697 537 uenero,
1717 466 1946 522 huntiliet

356 574 436 612 me
471 556 607 612 Deus
635 557 776 627 apud
802 574 888 612 vos
909 599 926 624 ,
955 569 1001 612 et
1039 559 1238 629 lugeam
1266 559 1455 613 multos
1481 575 1543 613 e.c
1569 559 1646 612 his
1670 599 1686 625 ,
1717 560 1803 628 qui
1829 567 1945 614 ante

354 657 714 720 peccaverunt,
747 659 793 702 et
821 665 918 702 non
944 659 1148 720 egerunt
1177 651 1518 718 paenitentiam
1544 667 1697 720 super
1726 651 1942 704 immun-

362 741 522 807 ditia,
554 749 600 795 et
631 741 996 810 fornicatione,
1033 751 1079 794 et
1116 742 1432 812 impudicitia
1457 784 1472 808 ,
1508 759 1658 813 quam
1684 752 1942 814 gesserunt

358 831 433 901 (2.
461 828 577 886 Cor.
611 826 699 882 12.
722 825 836 896 21).
863 829 928 885 Et
953 830 1018 886 ad
1048 830 1261 887 Galatas
1282 874 1296 895 ,
1332 831 1509 886 Filioli
1531 874 1547 901 ,
1580 833 1750 903 inquit
1773 874 1787 898 ,
1817 834 1937 902 mei,

351 938 477 992 quos
503 922 681 976 iterum
714 923 941 993 parturio
963 963 978 988 ,
1009 922 1169 976 donec
1193 922 1424 976 Christus
1454 923 1699 988 formetur
1724 925 1777 978 in
1803 927 1941 979 vobis

356 1011 500 1080 (Gal.
527 1013 583 1067 4.
608 1011 722 1082 19).
755 1013 825 1067 Et
854 1013 905 1066 in
927 1027 1085 1067 causa
1114 1013 1230 1082 ejus
1249 1054 1262 1078 ,
1295 1013 1385 1083 qui
1417 1013 1592 1068 fuerat
1619 1014 1933 1083 fornicatus,

353 1119 459 1157 non
485 1104 658 1158 minus
683 1120 748 1161 eo
770 1104 906 1174 ipse,
929 1105 1016 1174 qui
1042 1121 1137 1175 pro
1159 1120 1377 1175 peccato
1397 1123 1495 1161 suo
1525 1107 1933 1175 lamentabatur,

345 1193 514 1260 dolet,
540 1209 742 1265 proque
766 1195 856 1251 illo
880 1196 1016 1251 alios
1036 1195 1352 1265 deprecatur
1378 1197 1561 1253 dicens
1587 1217 1599 1252 :
1629 1197 1938 1270 Con/irmnte

345 1287 400 1338 in
426 1286 572 1339 illum
589 1287 848 1339 caritatem
873 1286 891 1354 (
916 1285 969 1340 2.
998 1286 1116 1341 Cor.
1148 1286 1202 1341 2.
1234 1287 1326 1357 8).
1360 1287 1465 1342 Sed
1496 1291 1656 1344 etiam
1676 1331 1692 1356 ,
1721 1293 1934 1360 quando

347 1377 496 1432 illum
521 1377 591 1432 ab
617 1376 875 1432 Ecclesiae
899 1391 1124 1446 corpore
1154 1379 1455 1447 separabat,
1485 1395 1606 1434 cum
1632 1382 1810 1437 multis
1833 1382 1934 1439 hoc

345 1470 597 1540 lacrymis
624 1471 931 1539 gemituque
960 1469 1206 1526 faciebat.
1241 1472 1322 1526 Ex
1341 1472 1520 1540 multa,
1552 1474 1739 1544 inquit,
1769 1476 1931 1531 tribu-

343 1562 536 1616 latione
568 1570 614 1616 et
642 1562 876 1632 angustia
915 1562 1081 1616 cordis
1124 1564 1304 1631 scripsi
1341 1564 1476 1618 vobis
1506 1582 1596 1635 per
1625 1567 1810 1622 multas
1848 1569 1929 1623 la-

341 1667 542 1722 crymas
564 1692 581 1718 ,
623 1669 723 1706 non
764 1661 818 1705 ut
856 1654 1219 1708 contristemini
1243 1695 1259 1721 ,
1301 1656 1390 1709 sed
1418 1665 1472 1708 ut
1498 1658 1668 1711 sciatis
1691 1661 1930 1729 quoniam

339 1745 601 1797 caritatem
615 1744 822 1798 habeam
838 1744 1174 1799 abundantius
1191 1747 1242 1799 in
1257 1763 1340 1800 vos
1356 1745 1462 1816 (Ib.
1481 1764 1528 1802 υ.
1547 1749 1622 1819 4).
1640 1749 1705 1804 Ει
1718 1766 1925 1806 rursus:

345 1836 540 1891 Factus
557 1855 666 1891 sum
686 1837 882 1892 Judteis
909 1849 1163 1910 tamquam
1183 1839 1396 1894 Judtcus
1421 1881 1434 1905 ,
1477 1841 1573 1906 his,
1604 1843 1689 1911 qui
1707 1843 1799 1896 sub
1821 1844 1928 1915 lege

338 1940 504 1994 erant,
541 1931 682 2000 quasi
711 1929 801 1983 sub
841 1929 948 2000 lege
973 1946 1173 1994 essent;
1212 1931 1376 2000 factus
1417 1949 1532 1986 sum
1571 1934 1806 2000 inﬁrmus
1841 1937 1922 1990 in-

338 2023 501 2092 ﬁrmis
523 2064 538 2089 ,
569 2022 804 2077 omnibus
831 2023 1001 2076 omnia
1027 2023 1192 2092 [actus
1215 2041 1348 2089 sum,
1380 2033 1433 2077 ut
1457 2042 1628 2079 omnes
1654 2028 1822 2083 salt-os
1845 2034 1928 2099 fa-

334 2130 498 2167 cerem
525 2113 599 2184 (-l.
628 2113 745 2167 Cor.
769 2114 823 2169 9.
845 2112 1056 2182 20-29.).
1099 2114 1163 2168 Et
1181 2114 1301 2168 alibi
1329 2131 1512 2170 rursus
1536 2134 1548 2167 :
1577 2115 1641 2171 Ut
1662 2119 1924 2172 exhibeam

337 2222 537 2259 omnem
562 2207 814 2260 hominem
841 2207 1119 2277 perfectum
1144 2206 1198 2260 in
1222 2204 1418 2261 Christo
1444 2205 1476 2259 J
1484 2223 1568 2261 esu
1585 2208 1718 2278 (Col.
1737 2210 1786 2263 1.
1803 2209 1919 2278 28).

340 2297 586 2352 Vidistin‘
606 2299 836 2352 animam
865 2297 1040 2351 omnia
1065 2306 1274 2351 terrena
1300 2299 1676 2366 superantem?
1695 2299 1922 2355 Omnem

330 2391 474 2446 cnim
513 2405 732 2460 prorsus
781 2390 1050 2444 hominem
1088 2390 1201 2445 Deo
1234 2390 1489 2446 exhibere
1530 2392 1819 2461 cupiebat,
1867 2402 1921 2448 et

328 2498 540 2552 omnes,
574 2490 826 2553 quantum
861 2481 913 2536 in
944 2483 1060 2551 ipso
1089 2490 1252 2550 esset,
1283 2482 1540 2536 exhibuit.
1587 2484 1746 2549 Quasi
1777 2485 1917 2539 enim

328 2577 632 2632 universum
662 2575 918 2630 mundum
945 2576 1217 2645 genuisset
1235 2617 1251 2639 .
1279 2575 1358 2630 sic
1383 2575 1809 2645 perturbabatur,
1840 2576 1918 2632 sic

325 2667 592 2730 currebat,
616 2666 695 2722 sic
711 2680 898 2721 omnes
918 2667 971 2720 in
999 2681 1222 2737 regnum
1245 2665 1338 2720 Dei
1359 2664 1644 2720 festinabat
1665 2666 1916 2720 inducere

326 2757 678 2812 ministerium
723 2765 984 2826 praestans
1005 2797 1020 2822 ,
1067 2769 1291 2811 monens
1319 2797 1334 2822 ,
1377 2756 1632 2825 pollicens
1657 2797 1672 2820 ,
1713 2771 1870 2812 orans
1894 2799 1911 2825 ,

325 2850 648 2920 supplicans,
683 2847 957 2903 daemones
988 2847 1305 2913 terrilicans,
1338 2857 1681 2916 corruptores
1707 2847 1912 2900 anima-

323 2951 441 2994 rum
473 2940 694 3010 fugatis,
746 2954 842 3008 per
881 2939 1366 3005 commorationes,
1411 2953 1501 3006 per
1522 2937 1727 2992 litteras
1750 2979 1765 3003 ,
1811 2952 1908 3007 per

321 3047 631 3095 sermones;
665 3046 760 3099 per
783 3045 868 3084 res
898 3039 1095 3100 gestas,
1129 3045 1225 3100 per
1250 3029 1561 3099 discipulos,
1597 3043 1690 3099 per
1714 3040 1911 3086 Semet~

322 3124 492 3192 ipsum
521 3121 816 3176 conabatur
836 3124 1039 3191 erigere
1064 3121 1324 3187 labantes,
1346 3129 1547 3176 stantes
1573 3135 1700 3176 vero
1727 3120 1907 3176 lirma-

319 3233 400 3282 re,
435 3216 577 3270 humi
603 3215 846 3285 jacentes
870 3215 1132 3280 attollere,
1159 3230 1350 3270 sanare
1379 3214 1658 3279 contritus,
1681 3224 1902 3283 torpen-

320 3317 402 3363 tes
450 3309 569 3362 oleo
620 3308 1012 3364 exhortatiOnis
1060 3308 1320 3375 animare,
1377 3307 1606 3363 inimicis
1650 3308 1904 3364 insonare

321 3399 645 3464 terribiliter,
667 3399 849 3454 hostes
868 3400 1146 3455 minaciter
1164 3400 1378 3465 intueri,
1409 3401 1576 3455 instar
1595 3400 1781 3471 Optimi
1807 3417 1901 3456 cu-

314 3493 525 3564 jusdam
550 3495 702 3550 ducis
727 3510 790 3548 ac
817 3493 1006 3549 medici
1038 3493 1166 3549 artis
1182 3509 1292 3548 sute
1318 3495 1662 3548 instrumenta
1687 3504 1901 3565 gestan-

319 3588 409 3653 tis,
451 3594 715 3656 ptoteutor
743 3586 856 3654 ipse
886 3585 1190 3639 bellantium
1218 3627 1233 3651 ,
1268 3585 1381 3653 ipse
1423 3584 1637 3639 sedulus
1667 3593 1898 3654 aegroto-

312 3691 430 3734 rum
459 3680 718 3743 minister,
763 3687 816 3732 et
854 3691 988 3731 unus
1030 3677 1264 3730 omnium
1309 3675 1605 3730 ciliciorum
1639 3690 1897 3744 personas

310 3771 548 3841 gerebat,
579 3769 877 3824 exercitum
909 3769 1105 3837 ubique
1149 3767 1481 3822 custodiens.
1513 3766 1620 3821 Nec
1645 3767 1698 3820 in
1733 3767 1894 3836 Spiri-

311 3862 541 3916 tualibus
567 3862 761 3923 solum,
817 3860 910 3914 sed
958 3860 1010 3914 in
1059 3856 1360 3913 carnalibus
1411 3874 1624 3928 quoque
1668 3859 1891 3929 plurima

322 3953 562 4024 providae
571 3965 696 4025 erga
709 3965 902 4007 omnes
913 3965 1061 4006 cura;
1076 3957 1132 4006 et
1148 3950 1312 4006 studii
1332 3948 1649 4006 documenta
1679 3961 1891 4020 prazsta-

310 4042 420 4095 hat.
452 4041 586 4095 Audi
619 4041 796 4111 itaque
836 4037 1284 4111 qnemadmodum
1327 4054 1424 4108 pro
1451 4055 1551 4094 una
1581 4041 1738 4096 etiam
1771 4058 1891 4095 mu-

309 4134 442 4190 liere
469 4132 534 4188 ad
564 4135 870 4188 universum
915 4133 1112 4187 scribat
1156 4131 1406 4202 populum
1427 4173 1442 4198 ,
1484 4133 1668 4188 dicens
1700 4134 1888 4188 :Com-

309 4225 491 4278 mendo
514 4234 680 4280 autem
699 4224 838 4278 vobis
870 4223 1091 4278 Phoeben
1122 4239 1344 4277 sororem
1387 4232 1638 4288 nostram,
1677 4240 1790 4295 qua:
1817 4235 1890 4279 est

308 4319 363 4372 in
391 4318 660 4371 ministerio
685 4317 944 4382 Ecclesia,
967 4329 1080 4386 qua:
1100 4325 1171 4370 est
1189 4315 1475 4381 Cenchreis,
1501 4324 1556 4370 ut
1582 4333 1691 4370 eam
1730 4319 1891 4372 susci-

309 4409 460 4480 piatis
481 4411 531 4463 in
562 4408 780 4463 Domino
805 4408 956 4478 digne
983 4407 1192 4473 sanctis,
1238 4416 1285 4459 et
1308 4407 1555 4460 assistatis
1578 4408 1644 4473 ei,
1673 4408 1726 4461 in
1757 4425 1886 4478 quo-

307 4517 520 4574 cumque
554 4503 756 4570 negotio
805 4501 954 4556 uestri
998 4501 1270 4570 indiguerit
1317 4499 1495 4568 (Rom.
1553 4501 1639 4555 16.
1695 4501 1768 4571 1).
1824 4502 1892 4556 ΕΙ.

307 4595 498 4649 iterum
525 4612 536 4648 :
571 4592 768 4656 Nostis,
799 4593 893 4659 ait,
939 4593 1146 4646 domum
1175 4591 1470 4661 Stephants,
1496 4601 1549 4645 ut
1577 4601 1626 4646 et
1652 4608 1739 4646 vos
1767 4592 1890 4646 sub-

306 4685 400 4738 diti
428 4685 536 4739 sitis
559 4684 806 4752 eiusmodi
831 4684 907 4754 (1.
936 4681 1054 4738 Cor.
1085 4683 1172 4738 16.
1205 4685 1271 4740 15
1315 4693 1363 4738 et
1390 4683 1503 4753 16).
1552 4684 1617 4738 Et
1652 4699 1836 4740 rursus
1870 4701 1884 4738 :

306 4777 603 4848 Cogn‘oscite
629 4777 716 4847 qui
741 4775 1031 4846 hujusmodi
1049 4785 1168 4829 sunt
1212 4777 1230 4846 (
1261 4774 1345 4829 Ib.
1367 4791 1414 4828 υ.
1445 4775 1513 4830 18
1545 4775 1584 4846 ).
1627 4776 1720 4831 Est
1745 4776 1886 4831 enim

304 4867 409 4923 hoc
433 4882 644 4938 quoque
666 4870 935 4936 praprium
965 4877 1019 4920 et
1043 4865 1306 4921 familiare
1347 4867 1399 4920 in
1436 4865 1718 4922 dilectione
1761 4881 1888 4922 san-

301 4968 541 5025 ctorum,
590 4967 651 5012 ut
679 4959 732 5012 in
763 4957 850 5013 his
893 4972 1107 5028 quoque
1155 4965 1488 5012 succurrant.
1522 4958 1612 5012 Sic
1653 4957 1796 5012 enim
1836 4969 1891 5012 et

300 5050 530 5104 Elisteus
551 5049 831 5104 mulierem
863 5048 1028 5113 illam,
1055 5049 1437 5118 susceptricem
1467 5064 1617 5103 suam
1649 5063 1753 5102 non
1780 5049 1890 5118 spi-

300 5140 582 5196 ritualibus
628 5141 835 5206 solum,
888 5140 984 5194 sed
1041 5141 1199 5194 etiam
1246 5140 1549 5196 carnalibus
1607 5140 1882 5196 beneﬁciis

301 5238 610 5285 remunerat
645 5229 720 5300 (4.
745 5228 872 5301 Reg.
908 5230 963 5284 4.
997 5229 1085 5284 12.
1128 5229 1238 5300 sqq)
1265 5227 1528 5301 {promer
1569 5229 1731 5300 quod,
1763 5246 1885 5286 cum

299 5321 466 5376 multa
489 5321 846 5376 sollicitudine
869 5336 1099 5392 curaque
1128 5321 1337 5377 dicebat
1365 5339 1380 5376 :
1411 5320 1572 5377 Estne
1613 5323 1701 5376 tibi
1726 5339 1890 5377 sermo

296 5411 370 5465 ad
399 5428 564 5485 regem
604 5412 683 5467 uel
727 5412 795 5466 ad
825 5413 1104 5482 principem
1133 5412 1152 5484 (
1178 5411 1315 5467 Ibid.
1360 5427 1410 5466 It.
1456 5414 1605 5484 l5)?
1649 5415 1716 5469 Et
1758 5414 1884 5484 quid

300 5504 516 5568 mirum,
546 5505 592 5559 si
619 5503 1111 5560 commendationes
1140 5519 1236 5572 per
1263 5503 1444 5559 literas
1473 5505 1720 5574 praestitit
1744 5506 1884 5560 Pau-

301 5597 407 5661 lus,
433 5594 522 5665 qui
541 5595 608 5650 ad
633 5609 692 5651 se
717 5595 922 5666 aliquos
951 5610 1228 5662 revocans,
1255 5610 1353 5651 nec
1371 5595 1440 5651 de
1463 5597 1654 5652 viatico
1674 5598 1887 5654 illorum

299 5701 482 5740 curam
507 5699 698 5758 gerere
719 5685 1033 5757 dedignatus
1058 5696 1157 5752 est,
1191 5687 1346 5758 idque
1368 5688 1541 5756 ipsum
1568 5689 1622 5744 in
1654 5691 1878 5758 cpistola

295 5793 392 5834 sua
424 5781 696 5838 scribere?
749 5779 1024 5856 Siquidem
1078 5781 1314 5838 scribens
1362 5781 1483 5839 Tito
1511 5782 1584 5838 ait
1616 5799 1630 5837 :
1664 5780 1878 5855 Zenam,

1213 349 1680 438 DE‘LAUDMUS
1716 353 1775 412 S.
1818 354 2021 413 PAULI
2059 358 2415 419 APOSTOLI.
2458 364 2685 424 HOMIL.
2731 370 2820 426 Ill.

3532 384 3639 444 488

2053 472 2178 542 legis
2199 477 2435 543 peritum,
2463 489 2510 533 et
2535 481 2862 550 Apollonium
2890 488 3102 542 sollicite
3131 493 3396 559 prtemilte,
3429 507 3482 549 ut
3509 499 3638 555 nihil

2049 563 2298 656 illis-desit
2325 569 2343 638 (
2369 567 2469 622 Tit.
2497 573 2548 626 5.
2575 575 2642 627 15
2665 575 2703 644 ).
2734 575 2832 642 Qui
2861 581 3244 637 commendans
3291 585 3497 656 aliquos
3525 599 3631 644 tam

2045 653 2286 746 studiose
2308 659 2519 729 scripsit
2545 671 2704 733 atque
2733 666 2985 735 sollicite,
3033 671 3202 727 multo
3248 653 3418 746 magis
3461 677 3633 735 sicubi

2046 743 2266 800 vidisset
2291 750 2670 822 periclitantes,
2692 769 2879 812 cuncta
2905 757 3137 818 fecisset.
3167 764 3248 820 Ad
3267 743 3631 824 Philemonem

2045 849 2258 928 quoque
2284 851 2500 908 promer
2533 842 2842 902 Onesimum
2890 850 3153 920 scribens,
3206 855 3326 912 vide
3369 871 3626 928 quantum

2043 925 2303 995 impendit
2327 932 2580 1002 studium,
2608 953 2767 1007 quam
2794 939 2999 998 intente
3020 959 3082 1000 ac
3110 947 3342 1004 sollicite
3367 925 3627 1020 deprece-

2044 1025 2145 1072 tur.
2177 1020 2277 1086 Qui
2304 1033 2478 1079 aulem
2509 1043 2606 1096 pro
2647 1047 2754 1086 uno
2831 1037 3052 1091 servulo
3077 1074 3093 1102 ,
3185 1053 3362 1111 eoque
3435 1043 3626 1116 fugiti-

2043 1127 2108 1168 vo
2129 1157 2143 1181 ,
2197 1123 2252 1168 et
2287 1113 2374 1182 qui
2403 1130 2468 1170 ex
2498 1119 2658 1174 rebus
2683 1121 2882 1178 domini
2914 1126 3076 1180 multa
3099 1129 3456 1198 subtraxerat,
3489 1113 3600 1190 ihtc

2037 1212 2208 1268 gram,
2238 1204 2487 1276 omnique
2513 1207 2701 1264 affectu
2733 1213 2939 1280 plenam
2963 1218 3240 1286 epistolam
3264 1222 3380 1278 sine
3403 1236 3592 1280 cuncta
3610 1258 3626 1268 -

2041 1291 2184 1385 tione
2206 1299 2528 1367 composuit,
2555 1303 2725 1370 qualis
2753 1305 2894 1360 circa
2934 1308 3069 1363 alios
3113 1309 3288 1379 fuerit,
3325 1319 3616 1385 perpende.

2037 1382 2212 1440 Unum
2237 1389 2377 1444 enim
2423 1390 2522 1446 hoc
2566 1393 2654 1448 ille
2684 1397 2884 1464 pudore
2924 1399 3143 1470 dignum
3166 1406 3386 1472 putavit,
3425 1382 3621 1478 aliquid

2034 1479 2238 1536 scilicet
2265 1498 2364 1553 pro
2409 1486 2696 1555 cujuslibet
2731 1490 2903 1545 salute
2943 1493 3230 1564 negligere.
3263 1497 3489 1568 Propter
3519 1501 3620 1556 hoc

2033 1571 2224 1641 agebat
2252 1576 2452 1645 omnia,
2485 1587 2540 1633 et
2588 1582 3006 1647 commovebat;
3053 1600 3152 1640 nec
3200 1588 3420 1644 omnino
3465 1592 3620 1660 quid-

2032 1677 2192 1733 quam
2219 1680 2316 1734 pro
2345 1666 2450 1735 his,
2482 1671 2570 1739 qui
2599 1671 2851 1726 servandi
2897 1683 3069 1742 erant,
3116 1679 3468 1734 cunctabatur
3514 1683 3618 1735 im-

2033 1756 2286 1825 pendere,
2317 1774 2421 1814 non
2448 1762 2628 1829 verba,
2660 1779 2765 1819 non
2793 1769 3066 1835 pecunias,
3091 1785 3198 1825 non
3229 1771 3461 1842 denique
3499 1790 3614 1829 cor-

2031 1861 2133 1918 pus
2176 1850 2369 1920 ipsum.
2417 1853 2519 1921 Qui
2549 1856 2694 1910 enim
2723 1858 2916 1915 millies
2959 1860 3202 1931 seipsum
3245 1865 3533 1920 tradiderat
3561 1869 3619 1921 in

2031 1952 2283 2013 mortem,
2307 1947 2477 2001 multo
2497 1950 2664 2018 magis
2689 1951 2736 2005 si
2780 1949 3072 2018 habuisset,
3119 1971 3217 2011 nec
3258 1959 3496 2026 pecuniis
3527 1975 3616 2027 pe-

2031 2035 2307 2101 percisset.
2340 2036 2410 2092 Et
2451 2039 2576 2108 quid
2605 2041 2764 2108 dico,
2807 2042 2852 2096 si
2881 2042 3190 2112 habuisset,
3239 2062 3359 2101 cum
3391 2051 3617 2118 probare

2032 2126 2251 2193 possim,
2299 2144 2406 2182 non
2456 2132 2760 2200 pepercisse
2807 2148 2932 2188 eum
2978 2136 3241 2204 pecuniis,
3272 2138 3433 2192 etiam
3484 2140 3626 2195 nihil
3683 2145 3686 2148 ’

2030 2214 2312 2272 habentem
2337 2219 2363 2273 ’ἒ
2390 2220 2455 2275 Et
2502 2236 2571 2276 ne
2617 2223 2923 2293 ambiguum
2953 2235 3107 2295 putes
3134 2243 3275 2296 esse,
3300 2230 3440 2298 quod
3484 2231 3617 2286 dici-

2028 2321 2170 2374 mus,
2197 2308 2318 2363 audi
2338 2313 2507 2380 ipsum
2532 2328 2718 2368 rursus
2739 2314 3044 2385 loquentem
3070 2334 3084 2371 :
3113 2318 3387 2386 Quoniam,
3418 2321 3608 2392 inquit,

2027 2399 2255 2466 libenter,
2281 2403 2592 2475 impendam,
2623 2415 2669 2461 et
2698 2408 3118 2478 superimpendur
3157 2411 3266 2481 ipse
3285 2429 3376 2483 pro
3405 2415 3609 2467 anima-

2025 2493 2114 2546 bus
2143 2494 2318 2547 uestris
2347 2493 2366 2566 (
2396 2495 2450 2549 2.
2479 2495 2597 2550 Cor.
2628 2497 2716 2552 12.
2745 2499 2812 2554 15
2839 2498 2858 2570 )
2893 2516 2906 2552 :
2933 2509 2987 2555 et
3012 2500 3275 2571 Ephesios
3304 2504 3606 2575 alloquens,

2023 2585 2096 2639 ait
2127 2604 2139 2638 :
2170 2585 2196 2638 Ι
2205 2588 2284 2656 psi
2299 2589 2458 2655 scitis,
2481 2590 2722 2659 quoniam
2751 2592 3127 2647 necessitatibus
3153 2595 3295 2661 meis,
3320 2605 3366 2650 et
3407 2597 3486 2652 his
3523 2599 3609 2668 qui

2021 2694 2214 2732 mecum
2243 2689 2403 2744 erant,
2429 2681 2840 2737 ministraverunt
2860 2701 3040 2739 manus
3059 2686 3170 2740 ista:
3195 2687 3334 2756 (Act.
3365 2689 3455 2744 ‘20.
3492 2692 3606 2758 51).

2023 2769 2227 2826 Etcum
2250 2773 2425 2830 celsus
2455 2774 2505 2828 in
2537 2775 2774 2831 omnium
2809 2777 3062 2832 virtutum
3104 2794 3229 2835 arce
3253 2822 3269 2848 ,
3301 2797 3494 2852 nempe
3519 2799 3608 2838 ca-

2018 2861 2174 2918 ritate
2222 2866 2556 2930 consisteret,
2615 2868 2759 2922 omni
2810 2867 3022 2925 ﬂamma
3051 2880 3166 2926 erat
3203 2872 3496 2929 ardentior.
3538 2875 3608 2932 Ut

2015 2954 2158 3008 enim
2184 2956 2402 3011 missum
2446 2959 2496 3012 in
2526 2959 2701 3029 ignem
2733 2959 2953 3028 ferrum,
3003 2970 3173 3017 totum
3201 2963 3442 3034 profecto
3469 2967 3606 3037 ignis

2015 3044 2243 3100 efficitur
2285 3066 2297 3102 :
2330 3049 2409 3103 sic
2433 3049 2628 3106 Paulus
2653 3051 2878 3108 caritate
2904 3068 3216 3121 succensus,
3262 3064 3405 3113 totus
3430 3059 3603 3115 factus

2012 3147 2094 3194 est
2118 3140 2331 3207 caritas,
2361 3144 2449 3212 qui
2480 3145 2630 3214 quasi
2671 3147 2974 3203 communis
3021 3148 3182 3202 totius
3225 3149 3408 3205 mundi
3449 3161 3593 3206 esset

2012 3241 2181 3299 pater,
2231 3233 2303 3287 ita
2331 3235 2383 3288 in
2409 3249 2592 3290 amore
2620 3237 2859 3292 omnium
2891 3238 3036 3308 ipsos
3077 3254 3263 3295 eorum
3295 3241 3602 3299 imitabatur

2011 3331 2260 3388 parentes
2293 3339 2308 3375 :
2340 3323 2449 3378 imo
2476 3335 2718 3392 cunctos,
2751 3341 2855 3381 non
2907 3326 3110 3382 carnali
3190 3333 3586 3398 tantummodo,

2007 3423 2194 3463 verum
2222 3411 2385 3466 etiam
2413 3414 2679 3483 Spirituali
2761 3425 2939 3484 patres
2980 3416 3340 3473 sollicitudine
3385 3435 3449 3476 ac
3475 3422 3594 3491 pie-

2006 3507 2112 3553 tate
2136 3501 2438 3571 superabat,
2479 3513 2534 3559 et
2581 3504 2834 3573 pecunias
2855 3545 2869 3569 ,
2912 3512 2965 3560 et
2995 3504 3178 3572 verba,
3210 3515 3266 3562 et
3291 3523 3507 3580 corpus,
3538 3522 3599 3568 et

2003 3589 2234 3642 animam
2273 3607 2370 3658 pro
2396 3593 2482 3660 iis,
2508 3609 2642 3662 quos
2670 3585 2940 3664 diligebat,
2969 3592 3304 3664 impendens.

2082 3672 2310 3741 Propter
2343 3674 2448 3727 hoc
2483 3674 2670 3742 itaque
2696 3675 2982 3729 caritatem
3018 3677 3180 3731 etiam
3208 3679 3605 3749 plenitudinem

2007 3762 2142 3835 legis
2168 3765 2419 3830 vocabat,
2453 3775 2508 3821 et
2547 3766 2822 3821 vinculum
2854 3767 3231 3836 perfectionis,
3268 3780 3322 3825 et
3354 3774 3606 3830 omnium

2006 3864 2236 3910 matrem
2280 3857 2570 3922 bonorum,
2601 3866 2655 3912 ct
2707 3857 2920 3910 initium
2970 3858 3246 3928 ﬁnemque
3285 3861 3549 3918 virtutum
3585 3883 3600 3919 :

2005 3960 2398 4022 proptereaque
2450 3951 2666 4006 dicebat
2713 3968 2727 4006 :
2783 3951 2936 4006 Finis
2983 3962 3159 4006 autem
3219 3955 3465 4024 prtecepti
3524 3965 3603 4010 est

2002 4043 2202 4094 caritas
2247 4042 2310 4095 de
2351 4041 2508 4095 corde
2540 4056 2695 4110 puro,
2717 4049 2766 4094 et
2805 4041 3125 4095 conscientia
3176 4041 3311 4096 bona
3356 4042 3429 4112 (1.
3461 4042 3599 4098 Tim.

2003 4136 2053 4191 1.
2083 4135 2159 4199 5).
2200 4134 2266 4188 Et
2304 4148 2498 4189 rursus
2530 4152 2547 4188 :
2582 4131 2703 4188 Non
2741 4134 3094 4200 adulterabis,
3128 4151 3232 4189 non
3271 4137 3492 4204 occides,
3525 4150 3598 4207 et,

1999 4228 2046 4282 si
2073 4227 2212 4296 quod
2243 4224 2393 4280 aliud
2433 4235 2510 4280 est
2554 4225 2902 4292 mandatum,
2941 4225 2998 4278 in
3036 4226 3135 4279 hoc
3165 4227 3318 4282 verba
3363 4245 3599 4299 compre-

1998 4316 2242 4371 henditur
2283 4331 2303 4371 :
2369 4315 2574 4386 Diliges
2624 4317 2928 4387 proximum
2983 4327 3135 4372 tuum
3182 4320 3320 4374 sicut
3373 4322 3594 4392 teipsum

1999 4408 2177 4480 (Rom.
2207 4409 2296 4465 15.
2329 4409 2408 4478 9.)
2438 4407 2577 4476 Quia
2606 4409 2773 4482 igitur
2798 4419 2854 4466 et
2872 4409 3088 4466 initium
3133 4421 3186 4466 et
3224 4411 3378 4476 ﬁnis,
3414 4423 3470 4468 et
3497 4415 3594 4470 bo-

1997 4515 2194 4559 norum
2241 4500 2488 4556 omnium
2542 4501 2862 4571 complexus
2903 4503 3124 4559 dilectio
3161 4514 3278 4570 est,
3325 4512 3381 4559 et
3427 4505 3481 4558 in
3529 4520 3595 4560 ea

1998 4595 2318 4649 Studeamus
2351 4593 2581 4648 Paulum
2631 4593 2874 4659 imitari,
2915 4595 3118 4649 etenim
3159 4595 3249 4650 hic
3291 4596 3440 4652 illius
3488 4611 3596 4668 cpe

1996 4688 2120 4743 talis
2146 4686 2370 4742 ell'ectus
2399 4694 2501 4742 est.
2527 4683 2648 4742 Non
2678 4686 2823 4742 enim
2853 4702 3128 4758 proponas
3157 4689 3288 4743 mihi
3317 4702 3589 4759 mortuos,

1995 4795 2134 4851 quos
2178 4779 2500 4844 suscitavit,
2551 4792 2730 4849 neque
2771 4778 3036 4850 leprosos,
3085 4795 3226 4849 quos
3266 4782 3590 4851 mandavit;

1995 4872 2129 4926 nihil
2163 4873 2360 4927 borum
2393 4870 2636 4941 requiret
2667 4887 2699 4926 a
2750 4880 2803 4928 te
2834 4870 2995 4928 Deus.
3038 4871 3274 4943 Acquire
3307 4877 3589 4932 caritatem

1994 4959 2181 5022 Pauli,
2229 4969 2284 5015 et
2326 4959 2618 5029 perfectam
2672 4960 2900 5017 habebis
2944 4976 3230 5018 coronam.
3278 4965 3412 5032 Quis
3475 4969 3591 5024 haec

1995 5051 2167 5108 dixit?
2198 5050 2314 5123 Ipse
2337 5053 2574 5108 nutritor
2600 5053 2866 5117 caritatis,
2901 5054 2991 5110 ille
3022 5054 3116 5125 qui
3142 5072 3261 5111 eam
3306 5067 3361 5112 et
3392 5059 3585 5128 signis,

1993 5155 2050 5199 et
2075 5144 2376 5211 miraculis,
2423 5156 2477 5200 et
2523 5146 2674 5200 mille
2716 5147 2836 5201 aliis
2882 5146 3040 5202 bonis
3090 5149 3401 5219 praeposuit.
3449 5150 3585 5215 Quia

1992 5237 2137 5291 enim
2189 5235 2307 5307 ipse
2347 5252 2538 5292 omnes
2571 5238 2733 5304 hujus
2775 5237 2938 5295 ofﬁcii
2985 5252 3168 5311 partes
3207 5253 3316 5295 tam
3369 5250 3591 5296 strenue

1995 5328 2332 5398 impleverat,
2386 5328 2590 5385 idcirco
2633 5329 2807 5399 ipsius
2838 5331 2944 5384 vim
3000 5331 3270 5400 exquisite
3310 5330 3586 5400 intelligit.

1993 5421 2132 5479 Hinc
2178 5423 2269 5478 ille
2312 5422 2435 5477 talis
2481 5423 2733 5486 etsistit.
2785 5425 3031 5494 nihilque
3079 5440 3204 5478 eum
3248 5424 3324 5476 ita
3363 5423 3588 5491 dignum

1992 5515 2136 5580 Deo,
2172 5524 2232 5570 ut
2266 5515 2440 5571 virtus
2475 5516 2726 5586 praestitit
2762 5517 3007 5572 caritatis
3041 5534 3054 5569 ε
3088 5524 3143 5569 et
3176 5515 3297 5569 ideo
3340 5517 3590 5580 dicebat,

1993 5607 2226 5672 Quterite
2259 5609 2394 5661 dona
2425 5608 2799 5676 prtestatttiora
2829 5624 2847 5662 :
2877 5618 2928 5662 et
2962 5607 3134 5660 adhuc
3167 5605 3588 5663 excellentiorem

1995 5696 2130 5748 riam
2173 5697 2312 5749 vobis
2353 5697 2654 5750 demonstro
2685 5695 2760 5767 (1.
2793 5695 2914 5750 Cor.
2951 5699 3036 5751 12.
3069 5697 3162 5767 3);
3197 5699 3479 5754 caritatem
3501 5700 3586 5754 di-

1993 5800 2156 5852 cens,
2198 5787 2344 5842 illam
2390 5789 2814 5859 pulcherrimam
2849 5797 2905 5845 et
2944 5788 3257 5848 facillimam
3309 5795 3472 5848 viam.
3527 5791 3582 5848 In
