4130 6450
1235 359 1293 416 S.
1332 359 1622 417 JOANNIS
1659 357 2153 416 CHRYSOSTOMI
2196 360 2518 418 ARCIIIEP.
2563 361 3112 418 CONSTANTINOP.
3705 371 3822 424 488

2211 482 2512 536 sericordia
2539 481 2751 536 Domini
2778 483 2950 538 nostri
2981 480 3112 538 Jesu
3144 479 3373 548 Christi,
3404 483 3493 539 cui
3523 492 3608 540 est
3633 487 3821 557 gloria

2211 583 2267 628 et
2297 573 2623 644 imperium,
2663 588 2811 630 nunc
2848 582 2903 630 et
2943 588 3182 644 semper,
3211 583 3267 630 et
3295 574 3348 629 in
3383 577 3583 632 saecula
3629 594 3820 634 saecu»

2215 665 2414 719 lorum.
2448 666 2644 721 Amen.

511 366 612 422 487

513 486 603 540 illa
631 483 796 554 igitur
839 489 892 536 et
936 497 1038 538 nos
1077 481 1276 552 jugiter
1319 480 1700 544 ambulemus,
1749 489 1808 534 ut
1857 489 1912 535 et
1957 479 2103 535 Pau-

514 579 652 644 lum,
691 579 802 630 imo
831 584 886 630 et
921 573 1214 630 Dominum
1263 572 1418 628 Pauli
1451 574 1634 628 videre
1677 590 2010 637 mereamur,
2050 584 2106 630 et

479 679 486 690 ‘
515 667 957 740 incorruptibiles
988 679 1392 736 consequamur
1419 679 1675 729 coronas,
1708 665 1882 735 gratia
1914 675 1968 722 et
1997 668 2102 720 iiii-

1247 887 1250 894 ’
1298 923 1405 984 DE
1472 923 1866 986 LAUDIBUS
1923 924 2210 987 SANCTI
2270 925 2510 988 PAULI
2577 926 3008 990 APOSTOLI.

1127 1226 1340 1267 HOMILIA
1369 1225 1444 1264 IV.

591 1306 799 1361 Ca'citas
829 1303 982 1358 I’uuli
1013 1319 1104 1358 nos
1129 1302 1403 1356 illuminat.
1439 1299 1646 1355 Vocatio
1668 1299 1818 1354 Pauli
1846 1300 2107 1373 qualis.—

522 1397 712 1450 Beatus
744 1396 938 1450 Paulus
963 1395 1052 1465 qui
1084 1407 1182 1448 nos
1212 1391 1370 1447 hodie
1391 1393 1751 1462 congregavit,
1783 1394 1978 1463 quique
2001 1401 2107 1448 ter-

519 1505 694 1542 rarum
719 1488 879 1542 etiam
908 1485 1223 1541 illuminavit
1247 1484 1455 1548 orbem,
1489 1484 1782 1538 vocationis
1810 1499 1920 1538 suze
1966 1494 2103 1538 tem-

519 1595 648 1648 pore
678 1577 967 1648 aliquando
994 1587 1224 1632 eaeeatus
1249 1583 1332 1630 est
1357 1594 1370 1630 :
1394 1575 1488 1629 sed
1517 1574 1879 1629 illiusczecitas
1905 1575 2103 1628 illumi-

519 1671 663 1723 natio
702 1669 861 1722 totius
883 1667 1028 1723 orbis
1055 1666 1245 1721 effecta
1289 1674 1388 1720 est.
1420 1664 1680 1732 Quoniam
1711 1665 1852 1720 enim
1894 1664 2106 1719 videbat

518 1760 678 1824 male,
702 1759 837 1812 bene
865 1772 986 1812 cum
1011 1757 1297 1811 exca'cavit
1329 1755 1490 1822 Deus,
1523 1764 1580 1810 ut
1607 1755 1806 1809 utiliter
1829 1755 1938 1824 jam
1968 1753 2107 1808 vidc-

518 1861 595 1906 ret
614 1851 896 1920 reliquum.
928 1848 1097 1904 Simul
1117 1849 1258 1902 enim
1279 1855 1333 1902 et
1377 1847 1755 1902 documentum
1799 1846 1848 1900 ei
1895 1845 2104 1899 virtutis

517 1961 628 2000 suae
655 1943 900 2014 prtebnit,
932 1952 986 1998 et
1011 1941 1065 1996 in
1088 1941 1336 2010 passione
1365 1939 1481 2011 ejus
1510 1939 1756 2010 ﬁguravit
1783 1937 1958 1993 futura
1981 1979 1994 2000 ,
2049 1947 2106 1991 ct

520 2037 738 2093 modum
793 2037 908 2104 ejus
970 2033 1360 2104 praedicationis
1410 2031 1659 2095 edocuit,
1712 2029 1853 2099 quod
1905 2028 2102 2082 scilicet

518 2136 793 2198 Oporteret
837 2142 957 2180 eum
1011 2126 1186 2195 priora
1229 2123 1398 2178 studia
1441 2122 1650 2192 penitus
1699 2119 2015 2184 excludere,
2049 2127 2104 2173 et

516 2219 667 2289 quasi
697 2219 1070 2272 eonniventem
1096 2215 1265 2269 oculis
1291 2215 1637 2284 semetipsum
1666 2213 1899 2283 undique
1941 2226 2099 2267 coer-

515 2326 638 2364 cere
658 2310 674 2340 ι
705 2327 719 2364 :
749 2315 964 2378 propter
993 2306 1133 2376 quod
1164 2305 1276 2376 ipse
1305 2305 1444 2360 idem
1477 2305 1613 2359 istud
1636 2303 1966 2374 signiﬁcans,
1993 2301 2100 2356 ela-

514 2412 624 2456 mat
649 2420 662 2454 :
697 2401 757 2456 Si
781 2402 889 2471 quis
917 2399 1111 2453 videtur
1129 2404 1258 2453 inter
1285 2414 1369 2452 vos
1394 2398 1613 2468 sapiens,
1651 2397 1833 2451 stultus
1861 2397 1952 2464 ﬁat
1975 2437 1990 2459 ,
2046 2404 2101 2448 ut

515 2493 578 2546 sit
607 2491 808 2562 sapiens
831 2491 906 2563 (ι.
942 2489 1060 2543 Cor.
1093 2489 1145 2544 5.
1175 2486 1287 2558 18).
1316 2487 1662 2557 Nequaquam
1689 2501 1816 2557 ergo
1845 2485 2102 2556 potuisset

515 2598 726 2637 rursum
778 2582 916 2636 bene
942 2580 1160 2645 videre,
1206 2579 1305 2633 nisi
1350 2580 1495 2648 prius
1536 2587 1832 2633 excaecatus
1885 2577 2096 2639 fuisset;

516 2675 656 2728 unde
677 2680 732 2728 et
747 2673 1012 2743 propriam
1043 2671 1379 2740 sapientiam,
1403 2684 1506 2739 qua
1532 2669 1944 2739 perturbabatur
1967 2709 1981 2732 ,
2006 2684 2100 2720 ex-

514 2765 758 2830 cludens,
781 2762 902 2818 ﬁdei
932 2779 990 2817 se
1016 2777 1112 2832 per
1136 2769 1325 2815 cuncta
1365 2761 1742 2816 committeret.
1770 2759 1876 2814 Sed
1923 2758 2098 2812 nullus

516 2859 618 2913 hoc
639 2855 880 2922 audiens,
909 2855 1240 2909 vocationem
1293 2853 1448 2907 istam
1497 2852 1873 2907 necessitatem
1927 2859 2096 2920 putet,

515 2948 777 3021 siquidem
805 2947 974 3016 potuit
1002 2947 1175 3001 redire
1203 2945 1341 2999 unde
1367 2944 1714 2998 discesserat.
1764 2943 1908 2997 Multi
1955 2944 2097 2997 enim

517 3043 570 3097 in
587 3055 724 3096 novo
749 3049 802 3094 et
831 3040 882 3092 in
901 3038 1064 3092 veteri
1079 3037 1438 3099 Testamento,
1462 3050 1582 3090 eum
1602 3035 1800 3104 majora
1830 3051 1972 3104 szepe
2001 3037 2101 3088 mi-

517 3134 700 3190 rabilia
714 3132 988 3196 vidissent,
1013 3139 1172 3195 retro,
1199 3137 1256 3183 ut
1278 3128 1522 3196 legimus,
1541 3136 1661 3182 sunt
1678 3126 1876 3181 reversi
1894 3143 1906 3178 :
1923 3125 2095 3180 ntNa-

518 3223 946 3285 bucliodonosor,
969 3221 1224 3288 utJudas,
1258 3228 1314 3274 ut
1335 3219 1549 3290 Elymus
1577 3233 1782 3288 magus,
1813 3229 1869 3272 ut
1893 3218 2094 3282 Simon,

517 3324 574 3370 ut
604 3315 833 3369 Ananias
885 3323 940 3368 et
955 3313 1243 3383 Sappliira,
1268 3319 1324 3366 ut
1351 3313 1627 3366 universus
1642 3311 1868 3381 populus
1884 3310 2096 3365 Judwo-

520 3423 636 3462 rum
669 3425 684 3462 :
715 3406 808 3462 sed
853 3422 958 3461 non
1005 3406 1073 3460 ita
1118 3405 1333 3460 Paulus.
1394 3404 1662 3459 lllustrato
1715 3404 1856 3458 enim
1906 3406 2096 3460 mentis

518 3507 733 3568 aspectu
760 3497 826 3552 ad
844 3497 1260 3553 sincerissimum
1294 3496 1423 3550 illud
1453 3496 1634 3550 lumen
1663 3511 1820 3550 cursu
1851 3496 2092 3561 tetendit,

515 3600 674 3661 atque
689 3589 754 3644 ad
779 3590 966 3644 cadum
987 3589 1273 3657 perniciter
1300 3587 1619 3642 subvolavit.
1650 3587 1801 3654 Quod
1828 3587 1873 3641 si
1923 3588 2091 3642 inter-

515 3698 691 3753 roges,
721 3683 871 3751 cujus
896 3680 977 3736 rei
1006 3681 1172 3748 gratia
1195 3681 1263 3734 sit
1288 3689 1537 3744 emeatus,
1581 3681 1764 3748 accipe
1809 3681 1976 3748 ipsum
2019 3680 2095 3733 lo-

516 3782 767 3844 quentem
798 3789 811 3826 :
844 3770 1090 3839 Audistis,
1119 3771 1307 3840 inquit,
1336 3773 1760 3825 conversationem
1788 3787 1950 3824 meant
1991 3773 2093 3824 ati-

515 3866 716 3936 quando
737 3865 789 3918 in
814 3863 1113 3930 Judaismo,
1144 3865 1382 3931 quoniam
1410 3879 1567 3933 supra
1603 3863 1809 3916 modum
1835 3879 2094 3932 perseque-

514 3958 604 4011 bar
621 3955 899 4009 Ecclesium
927 3954 1041 4020 Dei,
1069 3963 1115 4008 et
1138 3953 1488 4025 expugnabant
1513 3954 1673 4018 illam,
1707 3963 1754 4008 et
1773 3953 2095 4022 proﬁciebam

513 4051 566 4102 in
594 4047 862 4101 Judaismo
888 4063 1043 4117 supra
1064 4046 1249 4100 multos
1269 4055 1548 4100 cowtaneos
1590 4061 1724 4099 meos
1744 4085 1759 4109 ,
1819 4045 1871 4099 in
1917 4061 2095 4115 genere

513 4155 621 4193 meo
632 4137 972 4192 abundantius
991 4136 1258 4192 wmulator
1269 4137 1510 4192 exsistens
1523 4146 1848 4207 paternarum
1867 4153 2095 4190 mearum

513 4232 841 4286 traditionum
864 4229 1004 4304 (Gal.
1038 4231 1064 4285 l
1077 4270 1090 4284 .
1117 4231 1203 4285 15.
1223 4230 1336 4300 14).
1350 4229 1481 4296 Quia
1499 4230 1640 4284 enim
1658 4229 1946 4284 vehemens
1958 4227 2095 4283 adeo

513 4333 628 4380 erat
655 4333 709 4380 et
729 4323 958 4390 fervens,
990 4320 1154 4380 frenis
1174 4336 1385 4391 quoque
1421 4321 1911 4376 vehementioribus
1956 4320 2094 4375 indi-

512 4415 690 4486 gebat,
719 4429 787 4471 ne
815 4413 1019 4469 scilicet
1063 4413 1266 4482 impetu
1300 4412 1416 4481 ipso
1443 4411 1590 4480 ejus,
1637 4427 1736 4481 qua
1782 4411 2048 4467 ferebatur
2074 4451 2092 4480 ,

513 4507 804 4563 alacritatis
821 4512 1085 4575 arreptus,
1117 4503 1321 4574 prolata
1349 4502 1415 4558 ad
1443 4517 1502 4558 se
1521 4503 1679 4558 verba
1702 4512 2088 4558 contemneret.

515 4600 800 4670 Propterea
831 4596 990 4669 igitur
1018 4593 1254 4650 furorem
1283 4594 1398 4666 ejus
1419 4593 1734 4650 indomitum
1764 4595 1911 4664 prius
1939 4608 2091 4648 com-

513 4692 736 4763 primit,
763 4691 1059 4746 concitatos
1085 4696 1140 4744 et
1169 4688 1467 4759 prmcipites
1493 4687 1630 4742 illius
1678 4687 1962 4742 iracundiae
1987 4686 2092 4741 ﬁu-

513 4791 654 4848 ctus,
683 4781 939 4836 czecitatis
963 4779 1225 4836 beneﬁcio
1258 4779 1451 4850 redigit
1497 4779 1550 4832 in
1581 4779 1844 4848 quietem,
1876 4787 1930 4832 et
1968 4787 2094 4833 tunc

515 4872 730 4928 demum
755 4872 951 4926 caelesti
976 4886 1098 4926 eum
1128 4869 1294 4925 donat
1311 4869 1494 4935 aﬁ'atu,
1547 4868 1835 4925 ostendens
1880 4870 2092 4939 proprie

515 4961 934 5018 inaecessibilem
959 4960 1296 5030 sapientiam,
1328 4969 1383 5015 et
1411 4960 1894 5029 supereminentcm
1918 4961 2089 5015 omni-

515 5057 611 5111 bus
635 5053 826 5108 divince
845 5053 1078 5109 scientiae
1100 5052 1410 5119 bonitatem,
1436 5061 1494 5108 ut
1521 5052 1751 5109 disceret
1775 5094 1791 5120 ,
1849 5053 1932 5108 cui
1979 5053 2090 5123 jam

512 5145 820 5200 adversario
847 5152 1195 5214 repugnaret:
1221 5159 1379 5215 quem
1405 5153 1550 5201 certe
1575 5160 1682 5200 non
1731 5145 1890 5201 modo
1939 5147 2091 5216 puni-

511 5249 688 5295 entem
715 5235 860 5291 ferre
880 5252 986 5290 non
1012 5245 1211 5306 posset,
1239 5237 1332 5292 sed
1359 5251 1458 5293 nec
1500 5236 1760 5293 beneﬁcia
1802 5235 2087 5293 confercn-

515 5339 640 5382 tem.
668 5327 784 5383 Non
811 5326 954 5383 enim
981 5327 1072 5382 ille
1087 5327 1409 5384 obscuritate
1435 5327 1794 5396 tenebrarum,
1820 5328 1914 5383 sed
1930 5328 2090 5382 lumi-

514 5419 594 5472 nis
618 5417 892 5475 nimietate
911 5427 1139 5474 emeatus
1159 5427 1258 5472 est.
1288 5418 1356 5472 Et
1387 5432 1483 5473 cur
1511 5459 1526 5485 ,
1557 5418 1732 5489 inquis
1754 5460 1771 5487 ,
1825 5419 1929 5473 hoc
1979 5433 2085 5472 non

515 5517 634 5561 ante
664 5508 860 5563 factum
890 5509 1011 5566 est?
1039 5507 1116 5564 Ne
1140 5523 1347 5579 quieras
1387 5509 1548 5575 istud,
1583 5524 1754 5579 neque
1795 5510 1930 5564 velis
1969 5525 2090 5566 esse

515 5616 528 5647 ‹
545 5599 792 5664 nriosior,
813 5601 904 5655 sed
916 5601 1151 5658 concede
1163 5600 1683 5670 incomprehensibili
1702 5601 1793 5658 Dei
1808 5603 2089 5672 providen-

583 5778 596 5810 ί
635 5775 684 5816 In
705 5777 882 5829 manca,
907 5780 950 5824 et
974 5775 1150 5825 clausis
1173 5775 1320 5828 oculis
1343 5777 1498 5842 ipsum
1522 5775 1678 5841 sequi.

2222 1212 2308 1266 tiae
2333 1211 2534 1266 salutes
2560 1210 2836 1265 hominum
2866 1211 3006 1266 notis
3035 1211 3136 1267 sibi
3164 1221 3462 1284 temporum
3492 1219 3812 1284 opportuni-

2215 1305 2412 1359 tatibus
2439 1304 2708 1359 ordinare.
2734 1304 2825 1360 Sic
2845 1305 2986 1360 enim
3013 1306 3174 1360 etiam
3221 1306 3335 1375 ipse
3382 1308 3666 1376 fatebatur,
3716 1310 3811 1365 di-

2212 1411 2380 1451 cens:
2415 1395 2542 1452 Cum
2572 1410 2739 1452 autem
2773 1397 2964 1468 placuit
3010 1399 3085 1464 ei,
3137 1400 3226 1470 qni
3273 1417 3353 1453 me
3402 1402 3679 1472 segregavit
3728 1403 3805 1456 de

2213 1499 2354 1542 utero
2381 1490 2557 1541 matris
2573 1505 2715 1554 mete,
2744 1498 2791 1542 et
2821 1490 3015 1543 vocavit
3041 1506 3131 1560 per
3149 1506 3295 1544 suam
3325 1491 3541 1560 gratiam
3570 1533 3585 1556 ,
3637 1500 3692 1544 ut
3721 1509 3811 1546 re.

2210 1579 2396 1632 velaret
2417 1578 2612 1633 Filium
2639 1595 2786 1633 suum
2814 1581 2867 1632 in
2885 1595 2963 1633 me
2989 1579 3130 1650 (Gal.
3163 1581 3213 1634 1.
3248 1581 3336 1636 15.
3390 1579 3504 1652 16).
3551 1581 3694 1635 Nihil
3749 1591 3811 1638 tu

2212 1670 2370 1739 igitur
2393 1670 2646 1725 scruteris
2672 1670 2920 1739 amplius,
2941 1671 3154 1740 quando
3179 1671 3295 1727 litec
3321 1672 3453 1728 dicit
3479 1681 3536 1727 et
3579 1673 3806 1731 Paulus.

2211 1761 2357 1815 Istud
2386 1761 2528 1816 enim
2556 1770 2682 1816 tunc
2711 1762 2893 1832 utique
2921 1762 3035 1817 ﬁeri
3058 1764 3313 1832 oportuit,
3341 1779 3460 1818 cum
3499 1764 3610 1833 jam
3643 1779 3811 1819 scan-

2211 1851 2330 1906 dala
2361 1852 2555 1922 ubique
2569 1851 2778 1908 sublata
2809 1861 3010 1907 essent.
3038 1852 3122 1907 Ab
3149 1853 3266 1922 ipso
3287 1853 3463 1923 itaque
3483 1854 3758 1909 discamus
3785 1894 3806 1920 ν

2209 1943 2460 2012 quoniam
2490 1943 2666 1997 nullus
2691 1951 2816 1997 ante
2843 1943 3088 2010 Paulum,
3120 1959 3296 2013 neque
3340 1944 3454 2014 ipse
3481 1944 3680 1999 Paulus
3732 1961 3808 2001 ex

2209 2048 2270 2086 se
2300 2031 2665 2086 tantummodo
2695 2047 2816 2086 eum
2853 2033 3079 2097 invenit,
3122 2033 3218 2088 sed
3280 2035 3395 2106 ipse
3441 2049 3502 2090 se
3555 2033 3808 2091 Christus

2208 2122 2464 2188 ostendit,
2485 2134 2540 2177 et
2571 2123 2769 2178 ideirco
2797 2123 3006 2177 dicebat
3036 2141 3048 2176 :
3080 2123 3200 2178 Non
3224 2139 3310 2178 ros
3333 2141 3413 2179 me
3437 2125 3674 2196 elegistis,
3712 2127 3810 2179 sed

2209 2230 2300 2285 ego
2319 2214 2444 2284 elegi
2464 2230 2548 2268 vos
2574 2213 2756 2284 (Joan.
2787 2215 2874 2269 l5.
2922 2214 3031 2286 16).
3060 2215 3326 2271 Czeterum
3373 2231 3471 2272 cur
3512 2225 3640 2272 ante
3683 2234 3799 2270 non

2209 2304 2455 2370 credidit,
2507 2319 2630 2359 eum
2661 2305 2868 2358 videret
2913 2306 2965 2359 in
3017 2306 3183 2375 ipsius
3251 2307 3465 2361 nomine
3515 2321 3808 2376 resurgere

2208 2404 2466 2459 mortuos,
2500 2395 2772 2449 ambulare
2803 2395 3042 2461 claudos,
3069 2397 3385 2466 paralyticos
3408 2397 3671 2461 roborari,
3689 2397 3807 2450 dae-

2208 2501 2397 2540 moncs
2422 2484 2641 2554 eﬁ‘ugari
2659 2486 2684 2538 ?
2713 2484 2924 2539 Nullum
2952 2486 3092 2540 enim
3123 2487 3348 2541 fructum
3366 2487 3451 2541 ille
3475 2504 3540 2542 ex
3566 2488 3649 2541 his
3676 2503 3804 2540 om-

2208 2577 2363 2630 nibus
2389 2586 2748 2645 consequutus
2778 2587 2880 2641 est,
2907 2592 3026 2630 cum
3056 2585 3234 2631 tamen
3257 2593 3360 2631 non
3387 2578 3653 2646 ignoraret
3674 2580 3804 2646 ista,

2206 2667 2418 2734 quitam
2443 2675 2555 2720 erat
2579 2681 2702 2735 erga
2733 2667 3004 2735 apostolos
3032 2667 3296 2732 curiosus,
3344 2669 3434 2738 qui
3481 2677 3628 2723 certe
3675 2686 3804 2722 cum

2205 2759 2531 2828 lapidaretur
2557 2757 2857 2824 Stephanus
2877 2757 3148 2820 adstabat;
3177 2767 3232 2812 et
3261 2757 3450 2812 faciem
3483 2758 3600 2826 ejus
3649 2758 3808 2813 vide-

2204 2849 2294 2903 bat
2322 2850 2560 2918 angelico
2592 2848 2796 2918 fulgore
2827 2849 3120 2904 radiantem
3145 2849 3286 2920 (Act.
3319 2852 3372 2902 7.
3399 2851 3487 2904 57.
3513 2851 3633 2921 59).
3685 2852 3803 2906 Cur

2205 2954 2331 3008 ergo
2353 2940 2483 2994 nihil
2512 2939 2633 2993 inde
2656 2940 2890 2994 lucratus
2911 2938 3024 2995 est?
3055 2940 3190 3007 Quia
3213 2941 3438 2996 necdum
3469 2941 3653 3012 utique
3702 2958 3806 2999 vo-

2203 3038 2352 3084 catus
2384 3029 2554 3085 fuerat
2581 3031 2870 3085 a‘Christo.

2288 3122 2494 3178 Vocatio
2523 3140 2624 3178 non
2646 3126 2984 3180 necessitatem
3010 3126 3181 3195 infert.
3211 3126 3313 3180 Cur
3329 3144 3356 3181 e
3381 3127 3506 3182 εωιο
3526 3145 3615 3182 nos
3653 3129 3803 3184 Dens

2206 3231 2304 3269 non
2327 3215 2636 3270 roceI.—Tu
2659 3231 2784 3270 vero
2806 3217 2904 3271 hoc
2924 3218 3144 3274 audiens
3161 3219 3270 3272 noli
3286 3219 3614 3274 vocationem
3637 3221 3802 3276 istam

2204 3309 2576 3363 necessitatem
2609 3318 2813 3378 putare.
2838 3309 2951 3364 Non
2994 3312 3137 3365 enim
3188 3313 3329 3367 Deus
3360 3311 3603 3368 homines
3650 3318 3803 3386 cogit

2203 3400 2464 3464 vocando,
2505 3400 2599 3455 scd
2627 3409 2747 3470 post
2771 3401 3105 3456 vocationem
3140 3418 3351 3471 quoque
3395 3404 3657 3470 permittit
3700 3422 3802 3462 eos

2203 3495 2535 3562 propriarum
2561 3507 2680 3548 esse
2709 3492 2956 3548 dominos
2975 3495 3327 3548 voluntatum.
3357 3494 3488 3550 Nam
3514 3505 3568 3550 et
3588 3495 3800 3570 Judmis

2202 3584 2435 3653 seipsum
2466 3584 2679 3654 quando
2706 3585 2944 3653 oportuit
2974 3586 3268 3640 revelavit:
3297 3586 3393 3641 sed
3440 3586 3517 3641 illi
3569 3597 3799 3658 propter

2201 3673 2448 3744 gloriam,
2487 3690 2643 3743 quam
2667 3675 2734 3730 ab
2766 3676 3069 3730 hominibus
3113 3677 3495 3746 requirebant,
3541 3679 3687 3733 ultro
3735 3695 3801 3736 se

2202 3764 2514 3820 oﬁ‘erentem
2535 3765 2807 3834 suscipere
2836 3766 3143 3821 noluerunt.
3180 3767 3372 3822 Verum
3394 3770 3496 3825 hoc
3517 3770 3634 3823 loco
3664 3770 3799 3825 inﬁ-

2200 3855 2369 3911 delior
2397 3857 2517 3926 quis
2541 3863 2794 3925 apponat,
2817 3866 2976 3926 atque
3001 3857 3142 3911 dicat
3167 3875 3180 3910 :
3210 3858 3317 3912 Cur
3352 3874 3438 3913 me
3474 3859 3636 3914 etiam
3681 3878 3799 3918 non

2201 3951 2410 4004 vocavit
2439 3965 2469 4004 c
2491 3950 2662 4004 caelo?
2687 3949 2838 4006 Unde
2863 3959 3040 4004 autem
3059 3950 3396 4006 manifestum
3415 3959 3517 4017 est,
3545 3967 3580 4005 o
3596 3952 3790 4022 homo,

2199 4045 2321 4114 quia
2349 4043 2571 4097 Paulum
2599 4043 2807 4098 vocavit
2830 4042 2897 4096 de
2921 4042 3097 4098 caelo?
3125 4043 3217 4098 sed
3245 4043 3421 4098 credis
3447 4043 3622 4098 istud?
3642 4045 3798 4115 Ergo

2199 4134 2243 4188 si
2265 4132 2461 4199 credis,
2492 4134 2592 4188 hoc
2618 4134 2787 4202 ipsum
2814 4132 2879 4187 ad
2909 4133 3118 4202 signum
3153 4133 3246 4187 tibi
3273 4134 3403 4189 satis
3419 4142 3529 4189 est.
3558 4135 3614 4190 Si
3659 4151 3797 4192 vero

2200 4240 2305 4278 non
2329 4223 2502 4280 credis
2526 4224 2649 4292 quia
2679 4239 2708 4278 e
2733 4224 2866 4278 caelo
2882 4223 3103 4278 Paulum
3131 4227 3358 4290 vocavit,
3386 4226 3656 4295 quomodo
3700 4228 3794 4281 di-

2199 4319 2297 4386 cis,
2327 4334 2424 4375 cur
2447 4333 2533 4374 me
2556 4318 2714 4374 etiam
2735 4333 2839 4372 non
2857 4317 3102 4373 vocavit?
3138 4318 3346 4382 Credis,
3374 4320 3498 4388 quia
3519 4320 3607 4375 ille
3623 4335 3792 4374 voca.

2199 4411 2312 4476 vit;
2345 4411 2445 4465 hoc
2493 4411 2666 4480 ipsum
2714 4409 2844 4477 tibi,
2897 4419 2954 4464 ut
2972 4410 3115 4476 dixi,
3159 4409 3392 4465 abundat
3433 4411 3500 4465 ad
3549 4412 3790 4482 signum.

2198 4503 2369 4560 Crede
2399 4503 2586 4573 igitur;
2619 4519 2739 4558 nam
2766 4513 2817 4557 te
2846 4518 3056 4573 quoque
3101 4518 3134 4558 e
3183 4503 3315 4558 cado
3343 4512 3497 4558 vocat
3538 4504 3678 4559 Deus
3697 4546 3714 4571 ,
3743 4507 3790 4559 si

2199 4595 2362 4652 habes
2392 4595 2623 4649 animam
2653 4595 2719 4649 ad
2745 4595 3098 4650 obediendum
3127 4604 3386 4664 paratam.
3415 4594 3568 4662 Quod
3611 4597 3656 4650 si
3700 4597 3790 4650 in-

2198 4685 2455 4742 obediens
2485 4687 2558 4740 sis
2577 4727 2592 4752 ,
2641 4694 2696 4740 et
2721 4694 2986 4756 corruptae
3010 4686 3425 4756 depravataeque
3451 4689 3736 4742 sententia:
3769 4731 3786 4750 ,

2199 4790 2267 4830 ne
2291 4775 2360 4830 de
2383 4775 2515 4830 caelo
2543 4775 2757 4845 quidem
2783 4775 2850 4830 ad
2881 4785 2932 4831 te
2958 4791 3058 4830 vox
3087 4775 3319 4830 demissa
3343 4776 3438 4831 tibi
3477 4775 3674 4831 sufﬁcit
3718 4778 3790 4833 ad

2197 4867 2440 4922 salutem.
2459 4867 2677 4934 Quoties
2689 4877 2865 4923 autem
2883 4876 2937 4924 et
2951 4867 3117 4923 Judaei
3141 4883 3324 4924 vocem
3352 4869 3568 4924 audiere
3583 4868 3650 4924 de
3678 4885 3790 4924 cae-

2200 4959 2272 5026 lo,
2299 4959 2350 5013 in
2375 4976 2534 5025 novo,
2557 4968 2613 5014 et
2638 4960 2692 5013 in
2707 4960 2873 5015 veteri
2897 4960 3260 5027 Testamento,
3289 4977 3389 5016 nec
3433 4971 3607 5016 tamen
3656 4962 3785 5019 facti

2199 5061 2322 5107 sunt
2347 5052 2549 5107 idcirco
2579 5051 2869 5108 meliores?
2889 5052 3021 5107 Nam
3050 5053 3102 5107 in
3133 5053 3480 5108 veteriJndaei
3499 5063 3619 5123 post
3635 5056 3788 5112 mille

2198 5145 2451 5199 miracula
2478 5160 2575 5216 pro
2598 5144 2706 5200 Deo
2728 5145 2973 5211 vitulum,
3005 5160 3165 5216 quem
3196 5145 3430 5201 fecerant
3452 5183 3466 5212 ,
3522 5147 3785 5205 adorare-

2198 5236 2436 5290 runt.’At
2461 5250 2588 5290 vero
2613 5235 2979 5292 Jerichontina
3007 5237 3285 5302 meretrix,
3318 5252 3436 5306 quae
3485 5238 3616 5292 nihil
3665 5254 3788 5292 om-

2198 5325 2325 5381 nino
2351 5340 2415 5381 cx
2444 5325 2774 5381 mirabilibus
2795 5326 3022 5393 viderat,
3054 5328 3290 5381 ostendit
3313 5337 3490 5381 tamen
3541 5327 3701 5382 ﬁdem
3728 5334 3801 5383 in.

2197 5416 2594 5485 exploratorum
2620 5418 2960 5486 susceptione
2985 5415 3303 5471 mirabilem.
3329 5416 3384 5472 ln
3408 5424 3550 5471 terra
3567 5434 3784 5488 quoque

2198 5507 2624 5576 repromissionis
2653 5507 2822 5562 Judaei
2847 5508 2994 5577 signa
3038 5517 3340 5576 cernentes,
3393 5510 3779 5576 permanebant

2198 5596 2462 5667 lapidibus
2488 5596 2774 5653 duriores:
2804 5597 3052 5653 Ninivita:
3073 5613 3200 5652 vero
3243 5598 3432 5653 .Ionam
3479 5599 3651 5654 solum
3699 5601 3779 5652 vi-

2197 5688 2382 5742 dentes
2394 5687 2749 5752 erediderunt,
2775 5697 2830 5743 et
2856 5699 3079 5759 egerunt
3101 5689 3467 5758 pmnitentiam
3495 5688 3665 5759 (J0me
3693 5691 3773 5758 ὃ),

2199 5791 2250 5832 t'l.
2278 5787 2550 5834 venturam
2601 5793 2760 5850 super
2785 5796 2846 5836 se
2873 5782 3007 5837 iram
3036 5779 3128 5836 Dei
3171 5779 3522 5837 conversione
3559 5781 3773 5851 pepulco
