4130 6448
349 323 511 427 τεν

1202 382 1291 437 DE
1329 375 1680 436 LAUDIBUS
1717 374 1777 430 S.
1818 373 2028 428 PAULI
2065 375 2425 438 APOSTOIJ.
2466 384 2701 440 llOMll..
2736 383 2822 439 IV.

3501 363 3611 424 188

346 485 649 557 ἀκηράτων
691 482 1039 557 ὲπιτύχωμεν
1067 480 1369 553 στεφάνων,
1392 485 1578 553 χάριτι
1622 483 1718 536 καὶ
1743 479 1934 551 φιλαν-
2038 480 2133 534 καὶ
2161 478 2224 533 τὸ
2254 479 2476 552 κράτος,
2507 479 2603 535 νῦν
2633 480 2727 535 καὶ
2750 479 2857 547 ἀεὶ,
2889 480 2986 536 καί
3015 481 3095 546 εἰς
3126 479 3252 544 τοὺς
3276 479 3480 546 αἰῶνας
3503 481 3616 537 τῶν

346 575 571 651 θρωπεᾳ
602 576 701 632 τοῦ
733 577 942 651 Κυρίου
970 575 1129 649 ἡμῶν
1162 572 1338 646 Ἰησοῦ
1366 571 1627 646 Χριστοῦ,
1656 565 1703 643 ᾧ
1726 574 1761 645 ἠ
1803 572 1935 638 δόξα
2038 568 2272 624 αἰώνων.
2312 569 2507 641 Ἀμήν.

346 813 2537 842 .—.——______—--————-———_—‘——————3———

1325 1009 1436 1064 ΕΙΣ
1467 1007 1604 1062 TON
1635 1006 1842 1062 ΔΓΙΟΝ
1881 1005 2292 1062 ΔΠΟΣΤΟΛΟΝ
2332 1005 2635 1064 ΠΑΥΛΟΝ.

982 1416 1215 1487 Ὀμιλία
1252 1412 1324 1471 δ’.

434 1514 496 1568 '0
529 1512 804 1586 μακάριος
831 1509 1064 1573 Παῦλος,
1097 1509 1126 1561 6
1149 1509 1389 1578 τήμερον
1422 1504 1568 1575 ἡμᾶς
1591 1500 1936 1572 συναγαγὼν,

353 1607 450 1663 καί
472 1605 574 1676 τὴν
599 1604 931 1673 οἰκουμένην
963 1598 1226 1669 φωτίσας,
1266 1592 1419 1661 οὗτος
1446 1597 1505 1650 ἐν
1530 1593 1608 1665 τῷ
1639 1592 1814 1666 καιρῷ
1836 1593 1938 1663 τῆς

356 1700 601 1771 κλήσεως
633 1691 917 1763 ἐτυφλώθη
940 1690 1089 1744 ποτέ·
1110 1689 1224 1744 ἀλλ’
1249 1691 1283 1760 ή
1303 1689 1551 1759 πήρωσις
1566 1686 1774 1739 ἐκείνου
1789 1681 1941 1757 [491]

357 1787 640 1863 φωτισμὸς
667 1786 858 1855 γέγονε
887 1783 989 1854 τῆς
1025 1780 1371 1852 οἰκουμένης.
1388 1777 1605 1849 Ἐπειδὴ
1622 1775 1942 1847 γάρέϐλεπε

360 1880 572 1943 κακῶς,
593 1879 700 1949 ἐπή
710 1891 883 1948 ρωσεν
909 1873 1071 1929 αὐτὸν
1090 1870 1271 1933 καλῶς
1299 1871 1328 1923 6
1345 1867 1501 1943 Θεὸς,
1533 1866 1676 1921 ὥστε
1713 1864 1943 1919 ἀναϐλέ-

359 1968 792 2043 ψαιχρησίμως,
835 1963 971 2037 ὁμοῦ
1003 1963 1103 2035 μὲν
1132 1961 1233 2032 τῆς
1275 1956 1469 2012 ἑαυτοῦ
1501 1956 1786 2027 δυνάμεως
1811 1953 1945 2007 ἀπό-

360 2064 528 2131 δειξιν
561 2059 712 2132 αὑτῷ
745 2057 1143 2130 παρεχόμενος,
1192 2052 1329 2124 ὁμοῦ
1355 2051 1413 2105 δὲ
1438 2052 1497 2104 ἐν
1542 2047 1620 2121 τῷ
1665 2047 1828 2102 πάθει
1875 2046 1946 2100 τά

364 2156 627 2229 μέλλοντα
654 2148 1061 2225 προδιατυπῶν,
1100 2145 1197 2201 καί
1216 2144 1310 2199 τοῦ
1339 2141 1696 2215 κηρύγματος
1723 2139 1813 2193 τὸν
1825 2137 1947 2211 τρό-

365 2266 468 2302 πον
500 2247 787 2308 διδάσκων,
828 2241 924 2296 καί
961 2243 1042 2295 ὅτι
1077 2238 1254 2293 ταῦτα
1289 2236 1466 2291 πάντα
1491 2233 1701 2288 οἴκοθεν
1741 2229 1948 2285 ἀποδα-

365 2342 552 2403 λόντα,
582 2339 676 2392 καὶ
712 2336 958 2408 μύσαντα
989 2333 1084 2388 καὶ
1116 2331 1243 2394 τοὺς
1273 2327 1607 2400 ὀφθαλμοὺς,
1639 2325 1789 2395 αὐτῷ
1812 2324 1950 2378 -έπε-

368 2432 497 2485 σθαι
526 2430 654 2501 χρή.
687 2427 779 2480 Διὸ
811 2426 907 2480 καὶ
940 2424 1100 2486 αὐτὸς
1129 2421 1259 2475 ἐϐόα
1296 2418 1454 2473 τοῦτο
1480 2416 1612 2471 αὐτὸ
1646 2413 1842 2486 δηλῶν·
1876 2413 1950 2468 ΕΖ

367 2538 461 2587 τις
497 2517 667 2573 δοκεῖ
689 2516 883 2586 σοφὸς
901 2511 1053 2569 εἶναι
1082 2512 1151 2565 ἐν
1168 2510 1328 2580 ὑμῖν,
1352 2507 1617 2578 γενέσθω
1628 2504 1845 2575 μωρὸς,
1862 2503 1950 2556 ἵνα

367 2612 597 2682 γένηπαι
640 2608 822 2676 σοφός’
874 2606 951 2669 ὠς
992 2604 1094 2659 οὐκ
1147 2602 1266 2655 ἐνὸν
1308 2595 1839 2669 άναϐλέψαι¹καλῶς,
1875 2595 1949 2665 μὴ

368 2700 636 2771 πρότερον
684 2694 1008 2767 πηρωθέντα
1052 2690 1254 2755 καλῶς,
1282 2690 1377 2743 καὶ
1412 2690 1540 2752 τοὺς
1593 2686 1823 2748 οἰκείους
1859 2685 1955 2738 καὶ

366 2789 740 2861 ταράττοντας
775 2786 936 2839 αὐτὸν
966 2782 1266 2845 έκδαλόντα
1304 2781 1618 2850 λογισμοὺς,
1655 2776 1749 2831 καὶ
1769 2779 1835 2846 τῇ
1868 2774 1957 2827 πί-

371 2900 490 2937 στει
523 2881 584 2935 τὸ
599 2881 707 2934 πᾶν
734 2877 1125 2948 ἐπιτρέψαντα.
1144 2872 1304 2927 Ἀλλά
1333 2872 1520 2944 μηδεὶς
1553 2871 1725 2924 ταῦτα
1742 2869 1956 2922 ἁκούων

373 2972 800 3046 ὴναγκασμένην
832 2956 1101 3038 νομιζέτω
1142 2960 1280 3017 εἶιναι
1331 2962 1534 3032 ταύτην
1587 2964 1686 3034 τὴν
1744 2962 1954 3032 κλῆσιν*

374 3067 473 3121 καὶ
504 3066 612 3137 γὰρ
636 3062 855 3117 ἐδύνατο
872 3060 1033 3114 πάλιν
1050 3056 1390 3121 ἐπανελθεῖν,
1421 3056 1544 3109 ὅθεν
1570 3054 1748 3125 ἐξέϐη.
1766 3052 1958 3106 Πολλοὶ

374 3159 506 3231 γοῦν
534 3158 698 3229 ἕτερα
745 3153 966 3226 μείζονα
1021 3150 1276 3222 θαύματα
1328 3149 1547 3212 ἰδόντες,
1610 3146 1958 3216 ὑπέστρεψαν

375 3250 559 3315 πάλιν,
592 3248 687 3302 καί
716 3249 775 3300 ἐν
805 3247 871 3316 τῇ
925 3245 1121 3315 Καινῇ,
1168 3243 1262 3295 καὶ
1311 3243 1368 3294 ἐν
1409 3243 1474 3311 τῇ
1508 3239 1739 3309 Παλαιᾷ·
1770 3232 1881 3290 οἷον
1928 3237 1958 3288 6

388 3344 610 3407 Ἰούδας,
629 3343 658 3394 6
690 3337 1181 3408 Ναϐουχοδονόσορ,
1212 3337 1240 3388 6
1281 3333 1516 3403 Ἐλύμας
1544 3334 1572 3386 6
1600 3331 1792 3403 μάγος,
1822 3331 1956 3382 όΣί-

381 3453 520 3510 μων,
550 3436 579 3489 6
624 3430 874 3494 Ἀνανίας
899 3430 992 3482 καί
1025 3430 1058 3499 ἠ
1095 3428 1402 3495 Σάπφειρα,
1437 3424 1555 3486 ὅλος
1569 3422 1676 3475 τῶν
1692 3419 1960 3489 Ἰουδαίων

376 3532 408 3584 6
433 3530 624 3602 δῆμος*
654 3527 769 3580 ἀλλ’
786 3526 885 3595 οὐχ
905 3525 933 3576 6
958 3522 1192 3584 Παῦλος.
1233 3519 1394 3573 Ἀλλὰ
1421 3516 1712 3586 διαϐλέψας
1735 3515 1870 3585 πρὸς
1902 3513 1962 3566 τὸ

378 3621 660 3691 ἀκήρατον
717 3613 834 3685 φῶς
899 3612 992 3665 τὸν
1061 3611 1260 3682 δρόμον
1322 3610 1599 3671 ἐπέτεινε,
1660 3607 1755 3660 καὶ
1825 3602 1965 3677 πρὸς

378 3711 474 3764 τὸν
489 3706 716 3780 οὐρανὸν
734 3705 946 3757 ἵπτατο.
970 3702 1033 3754 Εἰ
1060 3701 1116 3754 δὲ
1139 3699 1412 3765 ἐξετάζεις
1445 3697 1587 3761 τίνος
1614 3697 1799 3750 ἕνεκεν
1828 3698 1964 3767 ἐπη-

381 3800 556 3874 ρώθη,
598 3798 763 3852 άκουε
807 3794 970 3848 αὑτοῦ
1018 3792 1284 3861 λέγοντος·
1331 3791 1659 3845 Ἠκούσατε
1702 3789 1811 3859 γὰρ
1852 3788 1967 3857 τὴν

381 3891 539 3963 ἐμὴν
578 3884 971 3955 ἀναστροφήν
1021 3900 1164 3937 ποτε
1206 3881 1278 3935 ἐν
1324 3879 1405 3945 τῷ
1456 3879 1826 3949 Ἰουδαϊσμῷ,
1876 3878 1967 3931 ὅτι

384 3982 514 4037 καθ’
564 3978 910 4047 ὑπερϐολὴν
965 3974 1215 4028 ἐδίωκον
1257 3970 1373 4040 τὴν
1426 3971 1811 4037 Ἐκκλησίαν,
1868 3969 1966 4022 καὶ

383 4074 682 4142 ἐπόρθουν
712 4069 928 4136 αὐτὴν,
959 4066 1057 4120 καί
1091 4063 1467 4133 προέκοπτον
1495 4063 1565 4116 ἐν
1608 4061 1688 4126 τῷ
1729 4061 1968 4116 Ἰουδαϊ-

386 4166 520 4238 σμῷ
549 4169 696 4235 ὑπὲρ
716 4162 987 4227 πολλοὺς
1006 4159 1449 4227 συνηλικιώτας
1471 4157 1542 4209 ἐν
1558 4154 1635 4221 τῷ
1655 4154 1811 4224 γένει
1829 4171 1968 4222 μου,

387 4257 826 4328 περισσοτέρως
858 4252 1123 4323 ζηλωτὴς
1174 4249 1461 4319 ὑπάρχων
1498 4247 1617 4301 τῶν
1672 4244 1973 4314 πατρικῶν

388 4369 506 4423 μου
539 4348 951 4417 παραδόσεων.
998 4343 1153 4396 Ἐπεὶ
1202 4337 1293 4394 οὖν
1322 4339 1464 4392 οὕτω
1518 4337 1746 4409 σφοδρὸς
1770 4333 1838 4408 ἦν
1881 4336 1974 4389 καὶ

390 4442 705 4517 ἀπρόσιτος,
752 4435 1111 4508 σφοδροτέρου
1168 4434 1341 4487 ἐδεῖτο
1397 4426 1639 4501 χαλινοῦ,
1669 4429 1757 4482 ἵνα
1788 4429 1861 4501 μὴ
1904 4430 1972 4500 τῇ

396 4535 546 4609 ῥύμῃ
578 4532 677 4602 τῆς
710 4528 1019 4601 προθυμίας
1059 4525 1349 4596 ἀγόμενος,
1392 4523 1487 4576 καὶ
1517 4520 1841 4592 παρακούσῃ
1867 4519 1975 4574 τῶν

393 4624 725 4695 λεγομένων.
752 4620 849 4673 Διά
875 4619 940 4690 δὴ
968 4616 1127 4670 τοῦτο
1156 4613 1531 4669 καταστέλλων
1555 4611 1720 4667 αὑτοῦ
1749 4611 1848 4683 τὴν
1873 4628 1977 4683 μα-

394 4719 517 4774 νίαν
573 4716 812 4784 ἐκείνην,
869 4710 1087 4783 πρῶτον
1135 4707 1457 4771 κατευνάζει
1501 4706 1569 4760 τὰ
1602 4705 1822 4776 κύματα
1876 4705 1977 4776 τῆς

399 4809 662 4883 ραγδαίας
687 4805 857 4878 ὀργῆς
895 4802 1111 4872 ἐκείνης
1137 4800 1226 4855 διὰ
1251 4800 1353 4870 τῆς
1370 4796 1706 4869 -πηρὼσεως,
1736 4796 1832 4850 καὶ
1856 4797 1978 4850 τότε

397 4899 550 4972 αὐτῷ
597 4897 921 4964 διαλέγεται,
989 4893 1204 4956 δεικνὺς
1276 4890 1372 4960 τῆς
1445 4890 1640 4959 σοφίας
1696 4888 1861 4943 αὐτοῦ
1920 4888 1980 4942 τὸ

398 4989 711 5061 ἀπρόσιτον.
743 4984 838 5039 καὶ
863 4982 923 5039 τὸ
946 4984 1043 5053 τῆς
1058 4979 1312 5051 γνώσεως
1336 4979 1622 5051 ὑπερέχον,
1647 4979 1740 5033 καὶ
1761 4978 1848 5031 ἵνα
1878 4978 1982 5049 μά.

402 5082 474 5154 θῃ
493 5080 615 5132 τίνα
634 5074 881 5146 πολεμεῖ,
923 5071 983 5125 ὸν
1025 5071 1084 5123 o6
1140 5070 1300 5141 μόνον
1345 5067 1662 5134 κολάζοντα,
1697 5067 1810 5154 ἀλλ’
1859 5067 1982 5120 οὐδὲ

401 5145 793 5242 εύέργετοῦντα
820 5162 1042 5218 δύναται
1065 5164 1327 5230 ἐνεγκεῖν.
1360 5161 1436 5213 O6
1460 5159 1567 5231 γὰρ
1601 5145 1789 5222 σκότος
1817 5159 1981 5212 αὑτὸν

404 5262 711 5331 ἐπῆρωσεν,
737 5254 851 5309 ἀλλ’
872 5250 1147 5324 ὑπερϐολῆ
1167 5251 1345 5319 φωτὸς
1382 5249 1545 5304 αὐτὸν
1572 5248 1840 5302 ἐσκότισε.
1868 5247 1983 5302 Καὶ

406 5352 459 5406 τί
487 5352 683 5420 δήποτε
710 5346 786 5418 μὴ
813 5346 872 5411 ἐξ
897 5343 1072 5414 ἀρχῆς
1100 5341 1258 5395 τοῦτο
1298 5341 1533 5409 ἐγένετο,
1568 5340 1702 5411 φησί
1722 5356 1737 5406 ;
1759 5341 1852 5412 Μὴ
1884 5340 1984 5412 ςή-

408 5461 489 5497 τει
513 5439 699 5505 τοῦτο,
738 5436 876 5508 μηδέ
930 5432 1312 5505 περιεργάζου,
1360 5431 1497 5484 ἀλλά
1543 5430 1862 5503 παραχώρει
1904 5431 1985 5503 τῷ

409 5530 777 5602 ἀκαταλήπτῳ
820 5527 918 5598 τῆς
946 5523 1038 5578 τοῦ
1068 5522 1204 5577 Θεοῦ
1246 5522 1501 5594 προνοίας
1549 5523 1640 5576 τοῦ
1671 5522 1865 5594 καιροῦ
1887 5524 1986 5596 τὴν

411 5623 841 5697 ἐπιτηδειότητα.
868 5618 978 5673 Καὶ
992 5616 1102 5688 γὰρ
1130 5616 1224 5670 καὶ
1247 5615 1409 5680 01616;
1433 5614 1591 5669 10610
1621 5618 1766 5669 ποιεῖ
1790 5614 1984 5683 λέγων·

414 5712 544 5775 Ὅτε
559 5713 626 5771 δὲ
649 5712 984 5782 εὐδόκησεν
1014 5712 1045 5767 ό
1088 5708 1382 5779 ἀφορίσας
1424 5725 1500 5779 με
1531 5708 1599 5762 ἐκ
1625 5709 1857 5777 κοιλίας
1874 5726 1991 5780 μηο

2044 1411 2185 1479 τρός
2226 1427 2373 1480 μου,
2425 1407 2524 1463 και
2572 1408 2840 1477 καλέσας
2868 1408 2967 1465 διὰ
3012 1407 3123 1479 τῆς
3165 1409 3408 1480 χάριτος
3438 1408 3627 1466 αὐτοῦ

2045 1508 2437 1578 ἀποκαλύψαι
2480 1509 2590 1564 τὸν
2635 1509 2774 1564 Υὶὸν
2795 1509 2982 1564 αὐτοῦ
3010 1508 3080 1562 ἐν
3107 1507 3258 1579 ἐμοί.
3294 1506 3505 1564 Οὐκοῦν
3532 1508 3630 1563 καὶ

2049 1611 2115 1665 σὺ
2152 1610 2319 1681 μηδὲν
2371 1606 2737 1682 περιεργάζου
2778 1607 2961 1675 πλέον,
2992 1610 3120 1664 ὅταν
3155 1610 3184 1663 ό
3206 1607 3420 1672 Παῦλος
3470 1605 3631 1661 τοῦτο
3700 1653 3705 1659 .

2047 1714 2202 1786 λέγῃ.
2239 1712 2373 1767 Τότε
2410 1713 2538 1786 γὰρ,
2576 1712 2702 1772 τότε
2744 1712 3005 1783 συνέφερε
3044 1710 3152 1765 τῶν
3188 1708 3500 1764 σκανδάλων
3532 1709 3632 1780 ἀρ-

2051 1812 2252 1869 θέντων
2284 1815 2348 1867 ἐκ
2380 1810 2569 1884 μέσου.
2604 1812 2806 1867 Λοιπὸν
2838 1810 2946 1865 ἀπὸ
2982 1810 3173 1864 τούτου
3214 1809 3495 1882 μάθωμεν,
3547 1808 3632 1862 ὅτι

2049 1913 2224 1976 οὐδεὶς
2238 1911 2486 1982 οὐδαμῶς
2504 1912 2624 1965 οὐδὲ
2643 1909 2753 1965 τῶν
2770 1911 2877 1984 πρὸ
2894 1909 3080 1977 αὑτοῦ,
3104 1910 3225 1964 οὐδὲ
3246 1907 3408 1972 αὐτὸς
3424 1904 3634 1961 οἴκοθεν

2051 2012 2214 2067 αὐτὸν
2242 2004 2422 2082 εὗρεν,
2451 2011 2567 2065 ἀλλ’
2595 2012 2625 2065 6
2660 2011 2895 2082 Χριστὸς
2929 2010 3122 2064 ἐαυτὸν
3175 2007 3512 2079 ὲφανέρωσε.
3543 2005 3637 2060 Διὸ

2052 2112 2148 2166 καὶ
2182 2111 2387 2179 ἔλεγεν·
2422 2112 2545 2180 Οὐχ
2582 2110 2751 2180 ὑμεῖς
2794 2127 2872 2180 με
2912 2107 3296 2174 ἐξελέξασθε,
3330 2106 3470 2161 ἀλλ’
3521 2104 3638 2175 ἐγὼ

2053 2209 2424 2281 ἐξελεξάμην
2449 2209 2622 2281 ὑμᾶς’
2665 2210 2788 2263 ἐπεὶ
2818 2210 2963 2272 τίνος
3015 2208 3201 2261 ἕνεκεν
3236 2204 3377 2278 ὀρῶν
3409 2203 3488 2275 τῷ
3516 2205 3635 2258 όνό-

2022 2316 2027 2323 ’
2058 2324 2189 2378 ματι
2218 2307 2382 2361 016106
2413 2308 2805 2379 ἀνισταμένους
2827 2305 2978 2378 [492]
3005 2307 3251 2378 νεκροὺς,
3278 2306 3378 2359 οὐκ
3394 2304 3640 2357 ἐπίστευ-

2057 2426 2183 2475 σεν;
2223 2408 2396 2480 Ὀρῶν
2421 2409 2530 2478 γάρ
2564 2408 2735 2480 χωλὸν
2764 2408 3068 2479 βαδίζοντα,
3105 2407 3199 2460 καὶ
3228 2407 3488 2476 δαίμονας
3512 2404 3641 2474 δρα-

2058 2507 2402 2575 πετεύοντας,
2434 2509 2528 2561 καὶ
2574 2507 2976 2580 παραλυτικοὺς
3025 2505 3446 2577 σφιγγομένους,
3488 2503 3640 2557 οὐδὲν

2058 2609 2382 2681 ἐκαρποῦτο·
2406 2609 2527 2663 οὐδὲ
2565 2608 2674 2680 γὰρ
2710 2608 2896 2679 ἠγνόει
2925 2606 3099 2661 ταῦτα
3128 2607 3159 2659 6
3183 2605 3324 2658 οῦτω
3348 2621 3643 2675 περιεργα-

2055 2713 2282 2786 ζόμενος
2301 2714 2427 2776 τοὺς
2454 2711 2804 2774 ἀποστόλους.
2840 2709 2950 2763 Καὶ
2977 2708 3249 2779 Στεφάνου
3269 2708 3325 2760 δὲ
3349 2706 3641 2775 λιθαζομέ-

2054 2832 2167 2878 νου,
2196 2812 2386 2885 παρὼν
2412 2813 2506 2866 καὶ
2535 2812 2659 2865 ἰδὼν
2686 2813 2746 2865 τὸ
2762 2811 3050 2881 πρόσωπον
3066 2809 3229 2863 αὑτοῦ
3255 2808 3330 2871 ὼς
3344 2807 3642 2879 πρόσωπον

2057 2915 2310 2984 ἀγγέλου,
2347 2913 2496 2967 οὐδὲν
2527 2912 2775 2966 ἐντεῦθεν
2808 2911 3090 2981 ἐκέρδανε.
3121 2909 3245 2972 Πῶς
3267 2904 3359 2961 οὖν
3386 2906 3536 2961 οὐδὲν
3559 2908 3646 2959 ἐν-

2055 3016 2231 3072 ταῦθα
2259 3015 2579 3086 ἐκέρδανεν;
2602 3014 2725 3066 Ὀτι
2759 3012 2970 3065 οὐδέπω
3001 3006 3070 3083 ἦν
3108 3009 3466 3080 κεκλημένος.

2129 3115 2200 3168 Σὺ
2241 3112 2298 3165 δὲ
2347 3110 2560 3166 ἀκούων
2593 3109 2788 3172 ταῦτα,
2831 3109 2906 3181 μὴ
2952 3107 3299 3177 ἀναγκαστὴν
3326 3107 3425 3177 τὴν
3455 3106 3648 3176 κλῆσιν

2059 3210 2198 3269 εἶναι
2220 3213 2429 3283 νόμιζε·
2455 3211 2578 3264 οὐδὲ
2605 3211 2714 3281 γὰρ
2739 3208 3038 3278 ἀναγκάζει
3059 3211 3086 3261 6
3119 3205 3270 3270 Θεὸς,
3309 3205 3424 3258 ἀλλ’
3453 3203 3649 3272 ἀφίησι

2062 3314 2284 3387 κυρίους
2301 3310 2440 3367 εἶναι
2473 3310 2849 3384 προαιρέσεων
2875 3308 2970 3362 καὶ
3009 3306 3148 3378 μετά
3174 3306 3270 3377 τὴν
3292 3304 3504 3374 κλῆσιν.
3539 3303 3650 3356 Καὶ

2061 3414 2172 3486 γὰρ
2199 3412 2474 3476 Ἰουδαίοις
2499 3408 2849 3478 ἀπεκάλυψεν
2877 3408 3070 3461 ἐαυτὸν
3098 3407 3191 3460 καὶ
3223 3406 3312 3457 ὅτε
3328 3402 3647 3474 ἐχρῆν.ἀλλ’

2061 3517 2160 3569 οῦκ
2180 3514 2452 3585 ἠθέλησαν
2478 3510 2735 3575 δέξασθαι
2771 3508 2860 3561 διὰ
2884 3507 2982 3577 τὴν
3021 3507 3179 3573 δόξαν
3219 3505 3319 3575 τὴν
3351 3502 3504 3573 παρὰ
3536 3501 3648 3555 τῶν

2063 3612 2386 3684 ἀνθρώπων.
2414 3612 2478 3664 Εἰ
2506 3610 2564 3663 δὲ
2583 3608 2731 3677 λέγοι
2753 3624 2837 3671 τις
2866 3607 2975 3659 τῶν
3008 3605 3273 3671 ἀπίστων,
3299 3603 3460 3657 πόθεν
3488 3602 3651 3672 δῆλον

2064 3716 2148 3769 611
2187 3712 2400 3766 Παῦλον
2441 3710 2699 3764 ἐκάλεσεν
2754 3707 2813 3772 ἐξ
2844 3706 3097 3775 οὐρανοῦ,
3138 3705 3231 3758 καὶ
3260 3704 3518 3774 ἐπείσθης
3561 3702 3651 3756 διά

2065 3815 2118 3869 τί
2144 3814 2253 3886 γὰρ
2285 3813 2358 3885 μὴ
2385 3813 2478 3867 καὶ
2504 3812 2603 3883 ἐμὲ
2634 3810 2926 3877 ὲκάλεσενς
2954 3810 3130 3862 ἐκεῖνο
3151 3809 3288 3879 πρὸς
3309 3804 3471 3860 αὐτὸν
3494 3803 3652 3876 ἐροῦ-

2072 3944 2190 3997 μεν·
2213 3922 2488 3985 πιστεύεις
2518 3921 2694 3989 τοῦτο,
2725 3920 2846 3973 εἰπέ
2879 3937 2992 3991 μοι,
3020 3913 3065 3972 ὧ
3105 3917 3395 3987 ἄνθρωπε;
3437 3915 3651 3969 Οὐκοῦν

2070 4030 2120 4083 εἰ
2154 4026 2448 4090 πιστεύεις,
2478 4026 2639 4096 ἀρκεῖ
2658 4041 2738 4076 σοι
2769 4024 2847 4085 εἰς
2881 4023 3126 4091 σημεῖον.
3153 4020 3217 4072 Εἰ
3270 4019 3368 4090 μὲν
3391 4017 3500 4088 γὰρ
3526 4018 3654 4070 ἀπι-

2072 4131 2217 4191 στεῖς
2247 4128 2330 4181 ὅτι
2356 4125 2611 4181 ἐκάλεσεν
2644 4123 2704 4187 ἐξ
2739 4119 2994 4190 οὐρανοῦ,
3028 4120 3146 4182 πῶς
3162 4118 3362 4187 λέγεις,
3383 4117 3471 4171 διὰ
3494 4116 3547 4170 τί
3580 4115 3655 4187 μὴ

2072 4235 2167 4289 καὶ
2180 4234 2282 4304 ἐμὲ
2300 4230 2594 4298 ἐκάλεσεν;
2623 4229 2748 4283 εἰδὲ
2772 4226 3047 4291 πιστεύεις
3079 4228 3163 4280 ὅτι
3186 4224 3463 4287 ἐκάλεσεν,
3497 4223 3658 4293 ἀρκεῖ

2074 4357 2158 4393 σοι
2203 4337 2362 4392 τοῦτο
2401 4338 2479 4401 εἰς
2510 4338 2757 4407 σημεῖον.
2788 4334 3019 4386 Πίστευέ
3050 4331 3251 4387 τοίνυψ
3297 4330 3392 4384 καὶ
3425 4329 3537 4399 γὰρ
3563 4330 3658 4381 καὶ

2076 4446 2137 4500 σέ
2167 4445 2320 4499 καλεῖ
2343 4442 2402 4511 ἐξ
2427 4440 2681 4513 οὐρανοῦ,
2704 4439 2799 4494 ἐὰν
2830 4439 3009 4510 ψυχὴν
3040 4436 3359 4507 εὐγνώμονα
3384 4435 3534 4504 ἔχῃς’
3555 4431 3655 4498 ὡς»

2075 4546 2170 4600 ἐὰν
2184 4543 2453 4614 ἀγνώμων
2473 4540 2539 4616 ᾗς
2554 4543 2646 4595 καὶ
2660 4539 3107 4611 διεστραμμένος,
3133 4537 3257 4589 οὐδὲ
3271 4535 3332 4588 τὸ
3357 4531 3655 4602 ἐνεχθῆναι

2079 4669 2161 4705 σοι
2191 4649 2375 4720 φωνὴν
2423 4647 2631 4702 ἀνωθεν
2684 4647 2907 4716 ἀρκέσει
2951 4644 3031 4708 εἰς
3079 4640 3378 4712 σωτηρίαν.
3420 4637 3661 4701 Ποσάκις

2078 4756 2208 4826 γοῦν
2235 4755 2476 4828 ἡκούσαν
2499 4753 2549 4804 οἰ
2576 4750 2823 4803 Ἰουδαῖοι
2853 4747 3042 4819 φωνῆς
3067 4746 3128 4811 ἐξ
3156 4744 3386 4817 ούρανοῦ
3426 4743 3638 4815 φερομέ

2079 4880 2198 4936 νης,
2227 4862 2320 4917 καὶ
2344 4860 2444 4914 οὐκ
2477 4857 2838 4921 ἐπίστευσανς
2874 4855 3017 4909 πόσα
3043 4847 3181 4908 εἶδον
3214 4854 3437 4924 σημεῖα,
3481 4852 3575 4905 καὶ
3605 4853 3657 4903 ἐι

2079 4971 2147 5041 τῇ
2168 4968 2368 5037 Καινῇ,
2416 4965 2511 5018 καὶ
2538 4964 2596 5016 ἐν
2626 4963 2693 5034 τῇ
2725 4960 2957 5031 Πώαιᾷ,
2984 4961 3080 5013 καὶ
3117 4957 3220 5012 οὐκ
3260 4957 3507 5026 ἐγένοντο
3541 4954 3665 5024 βελ-

2080 5071 2262 5134 τίουςς
2317 5068 2457 5121 Ἀλλ’
2512 5067 2570 5119 ἐν
2607 5065 2706 5137 μὲν
2757 5066 2824 5136 τῇ
2866 5063 3098 5134 Παλαιᾷ,
3127 5055 3274 5117 οῦτοι
3318 5060 3456 5131 μετὰ
3488 5048 3665 5130 ’μυρία
3715 5079 3718 5082 ’

2088 5175 2342 5247 θαύματα
2367 5171 2873 5244 ἐμοσχοποίησανσή
2893 5167 2950 5223 δὲ
2982 5167 3330 5239 Ἰεριχουντία
3362 5166 3532 5235 πόρνη
3562 5181 3668 5233 μη-

2089 5279 2178 5334 δὲν
2210 5277 2414 5332 τούτων
2446 5274 2774 5346 θεασαμένη,
2807 5273 2989 5327 πίστιν
3008 5271 3319 5336 ἐπεδείξατο
3350 5267 3667 5338 θαυμαστὴν

2091 5383 2220 5455 περὶ
2244 5383 2370 5446 τοὺς
2397 5381 2795 5444 κατασκόπους.
2813 5380 2925 5433 Καὶ
2946 5376 3004 5432 ἐν
3029 5379 3095 5448 τῇ
3117 5379 3186 5448 γῇ
3225 5374 3281 5428 δὲ
3304 5373 3399 5445 τῆς
3428 5373 3666 5442 ἐπαγγε-

2092 5489 2210 5555 λίας
2226 5482 2372 5543 06101
2406 5487 2523 5559 μὲν,
2551 5485 2659 5539 τῶν
2679 5484 2916 5556 σημείων
2945 5482 3262 5553 γινομένων,
3286 5476 3478 5549 ἔμενον
3506 5476 3673 5532 λίθων

2095 5593 2557 5665 ἁναισθητότεροι·
2591 5592 2641 5646 οἱ
2665 5591 2723 5645 δὲ
2750 5587 3027 5644 Νινευῖται
3059 5585 3149 5640 τὸν
3181 5586 3363 5639 Ἰωνᾶν
3397 5583 3671 5654 θεασάμεσο

2097 5722 2176 5762 νοι
2202 5704 2380 5777 μόνον,
2397 5703 2720 5758 ἐπίστευσαν
2748 5700 2841 5756 καὶ
2869 5696 3329 5772 μετενόησαν,καὶ
3358 5695 3454 5763 τὴν
3483 5692 3674 5760 θεήλα-
