4130 6454
537 301 642 358 489

532 434 627 472 τον
667 418 836 492 ὀργὴν
860 419 1287 497 ἀπεκρούσαντο.
1331 431 1416 483 Ἐν
1431 431 1486 484 δέ
1508 435 1572 505 τῇ
1603 434 1800 503 Καινῇ,
1818 433 1911 486 ἀπ’
1937 431 2108 502 αὐτῆς

535 519 628 575 τοῦ
655 520 890 596 Χριστοῦ
927 529 1028 599 τῆς
1057 533 1377 600 παρουσίας,
1409 537 1436 588 6
1473 536 1572 606 μὲν
1611 536 1813 609 λῃστὴς
1843 538 2110 610 σταυρούο

538 641 699 695 μενον
730 629 867 696 ίδὼν,
885 635 1312 708 προσεκύνησεν·
1333 634 1482 693 οὗτοι
1506 640 1562 694 δὲ
1577 644 1804 714 νεκροὺς
1827 643 2109 718 ἐγείροντα

536 730 878 804 θεασάμενοι,
907 742 999 795 καὶ
1027 742 1220 814 ἔδησαν
1251 744 1340 798 καὶ
1358 744 1728 819 ἐσταύρωσαν.

610 911 676 965 Τί
719 909 774 963 δὲ
839 922 1135 995 ἐφήμῶν;
1162 927 1294 997 Οὐχί
1314 927 1426 998 πῦρ
1460 930 1524 982 ἐκ
1563 928 1658 982 τοῦ
1702 930 1852 996 ναοῦ,
1897 933 1963 986 ἐκ
1999 933 2109 986 τῶν

534 1023 800 1093 θεμελίων
832 1030 936 1082 τῶν
977 1032 1036 1084 ἐν
1084 1032 1469 1106 Ἰεροσολύμοις
1514 1037 1826 1110 ἐκπηδῆσαν
1873 1040 2110 1110 ἐφήλατο

531 1129 644 1192 τοῖς
689 1131 1053 1202 οἰκοδομοῦσι,
1097 1137 1192 1190 καὶ
1221 1137 1395 1204 οὕτως
1435 1141 1633 1208 αὐτοὺς
1680 1143 1955 1215 ἀπέστησε
2007 1147 2109 1217 τῆς

532 1235 851 1305 παρανόμου
909 1238 1030 1292 τότε
1069 1242 1494 1315 ἐπιχειρήσεως;
1535 1247 1649 1300 ἀλλ’
1678 1248 1827 1320 ὅμως
1866 1250 1926 1303 οὐ
1981 1269 2108 1322 μετ-

527 1339 832 1406 εϐάλλοντο,
866 1345 988 1398 οὐδὲ
1006 1347 1269 1404 ἀπέθεντο
1306 1351 1403 1424 τὴν
1432 1353 1708 1426 πώρωσιν.
1737 1357 1886 1411 Πόσα
1905 1357 1960 1410 δὲ
1987 1359 2106 1412 ἓτε-

531 1460 600 1513 ρα
632 1443 820 1515 γέγονε
859 1453 977 1519 μετ’
1005 1452 1181 1507 ἐκεῖνο
1199 1455 1450 1528 θαύματα
1475 1458 1614 1525 τότε,
1634 1461 1726 1514 καὶ
1751 1462 1901 1517 οὐδὲν
1934 1464 2108 1518 ἐντεῦ-

525 1547 616 1601 θεν
641 1551 972 1624 ἐκέρδαναν,
1004 1551 1116 1612 οἷον
1163 1562 1193 1614 6
1232 1565 1494 1636 κεραυνὸς
1531 1568 1559 1619 6
1588 1568 1728 1622 κατά
1757 1570 1857 1638 τῆς
1901 1571 2107 1643 ὀροφῆς

527 1656 621 1709 τοῦ
661 1659 792 1712 ναοῦ
821 1661 916 1715 τοῦ
959 1665 1292 1734 ’Λπόλλωνος
1325 1674 1688 1745 κατενεχθείςο
1728 1678 1756 1730 6
1784 1678 1877 1731 τοῦ
1916 1678 2105 1751 δαίμο-

527 1776 618 1822 νος
648 1761 815 1816 αὐτοῦ
847 1765 1038 1821 τούτου
1082 1773 1352 1844 χρησμὸς,
1391 1775 1450 1837 ὃς
1473 1777 1563 1832 τὸν
1592 1781 1710 1835 τότε
1753 1781 2104 1852 βασιλεύοντα

523 1866 808 1934 ἠνάγκαζε
834 1878 1146 1941 μετακινεῖν
1179 1879 1266 1932 τὸν
1294 1882 1520 1953 πλησίον
1550 1887 1800 1955 κείμενον
1827 1890 2100 1964 μάρτυρα,

521 1966 717 2038 λέγων·
754 1973 828 2045 μὴ
857 1977 1116 2033 δύνασθαι
1132 1982 1486 2054 φθέγγεσθαι,
1515 1990 1619 2054 ἕως
1635 1992 1702 2046 ἂν
1732 1993 1830 2066 τὴν
1857 1995 2101 2068 λάρνακα

518 2072 617 2144 τὴν
646 2077 853 2132 ἐκείνου
879 2080 1050 2156 βλέπῃ
1082 2086 1330 2158 πλησίονο
1371 2092 1466 2145 καὶ
1494 2095 1600 2166 γὰρ
1639 2096 1704 2151 ἐκ
1735 2101 1990 2166 γειτόνων
2031 2099 2101 2175 ἦν

519 2181 767 2254 κειμένη.
803 2186 959 2240 Μετὰ
975 2189 1162 2245 τοῦτον
1198 2194 1380 2259 πάλιν,
1413 2199 1443 2251 ὁ
1464 2199 1605 2264 θεῖος
1635 2205 1664 2256 ὁ
1696 2204 1888 2259 τούτου
1919 2208 2000 2271 εἰς
2031 2211 2099 2265 τά

516 2285 640 2358 ἱερά
715 2293 880 2365 σκεύη
955 2296 1267 2370 ἐνυϐρίσας,
1331 2307 1795 2382 σκωληκόϐρωτος
1858 2317 2099 2386 γεγονὼς

511 2387 756 2455 ἐξέψυξε·
794 2395 888 2447 καὶ
920 2398 949 2449 6
993 2400 1198 2470 ταμίας
1230 2403 1287 2457 δὲ
1318 2405 1426 2460 τῶν
1469 2407 1764 2478 βασιλικῶν
1797 2417 2097 2487 χρημάτων

511 2487 581 2540 δι’
611 2491 809 2563 ἐτέραν
833 2501 1179 2571 παρανομίαν
1210 2505 1292 2568 είς
1319 2505 1416 2577 τὴν
1449 2508 1778 2582 Ἐκκλησίαν
1813 2516 1907 2569 ὐπ’
1929 2519 2094 2574 αὐτοῦ

509 2593 836 2666 γενομένην,
872 2597 1038 2666 μέσον
1068 2599 1316 2674 λακήσας
1341 2606 1608 2664 ἀπώλετο.
1637 2613 1809 2669 Πάλιν
1831 2618 1886 2669 αἰ
1918 2619 2095 2689 πηγαὶ

513 2689 573 2742 ai
605 2695 736 2763 παρ’
763 2694 1230 2766 ήμῖν,αίνικῶσαι
1258 2704 1499 2780 etM-595]
1521 2711 1752 2783 ῥεύματι
1780 2718 1908 2781 τοὺς
1924 2736 2094 2773 ποτα-

512 2791 666 2857 μοὺς,
691 2793 890 2866 ἁθρόον
905 2796 1106 2868 ἔφυγον
1121 2804 1216 2856 καὶ
1241 2805 1496 2881 ἀπεπήδη
1506 2827 1622 2878 σαν,
1652 2815 1920 2886 μηδέποτε
1935 2819 2094 2875 τοῦτο

511 2890 782 2947 παθοῦσαι
815 2899 1101 2970 πρότερον,
1131 2905 1247 2959 ἀλλ’
1279 2908 1369 2961 ὅτε
1389 2909 1606 2978 θυσίαις
1631 2917 1723 2969 καὶ
1747 2920 1999 2986 σπονδαῖς
2031 2923 2092 2977 τὸ

509 2993 708 3063 χωρίον
739 2997 997 3066 ἐμόλυνεν
1038 3004 1066 3056 6
1111 3001 1388 3075 βασιλεύς.
1417 3011 1484 3065 Τί
1514 3015 1578 3067 ἄν
1605 3033 1689 3080 τις
1717 3019 1861 3072 εἴποι
1897 3021 1985 3076 τὸν
2011 3022 2093 3076 λι-

508 3091 611 3159 μὸν
633 3094 727 3147 τὸν
760 3103 1036 3172 πανταχοῦ
1053 3107 1152 3176 τῆς
1174 3109 1502 3185 οἰκουμένης
1539 3117 1678 3186 μετὰ
1705 3121 1797 3173 τοῦ
1829 3121 2090 3191 βασιλέως

502 3194 625 3256 ταῖς
660 3196 846 3252 πόλεσι
882 3208 1312 3274 συνεμπεσόντα,
1359 3214 1523 3269 αὐτοῦ
1554 3218 1649 3270 τοῦ
1697 3217 1958 3289 βασιλέως
1995 3225 2087 3279 τὸν

505 3291 754 3360 θάνατον,
784 3299 874 3353 τὸν
908 3303 966 3354 ἐν
1003 3309 1067 3376 τῇ
1093 3308 1318 3380 Περσῶν
1347 3313 1520 3386 χώρᾳ,
1551 3319 1648 3390 τὴν
1672 3321 1776 3392 πρὸ
1807 3323 1900 3376 τοῦ
1925 3324 2087 3379 θανά-

502 3405 593 3446 του
619 3395 852 3470 ἀπάτην,
885 3403 945 3456 τὸ
971 3409 1332 3476 στρατόπεδον
1368 3414 1426 3467 τὸ
1462 3417 1524 3469 ἐν
1548 3419 1738 3487 μέσοις
1771 3423 2083 3495 ἀποληφθὲν

497 3495 613 3558 τοῖς
631 3495 942 3570 βαρϐάροις,
973 3507 1224 3582 καθάπερ
1249 3513 1310 3566 ἐν
1338 3519 1545 3589 σαγήνῃ
1572 3523 1680 3573 τινὶ
1704 3517 1802 3570 καὶ
1824 3522 2081 3589 δικτύοις,

499 3594 598 3665 τὴν
629 3597 815 3655 ἄνοδον
854 3604 1064 3662 ἐκεῖθεν
1099 3609 1194 3680 τὴν
1252 3611 1571 3689 θαυμαστην
1611 3638 1705 3672 και
1739 3629 2075 3699 παράδοξον;

513 3697 732 3772 Ἐπειδὴ
763 3703 874 3773 γὰρ
895 3708 924 3758 6
950 3708 1051 3776 μὲν
1077 3710 1282 3782 ἀσεϐὴς
1313 3714 1568 3783 βασιλεὺς
1591 3720 1782 3777 ἔπεσεν
1809 3697 2078 3801 ἐλεεινῶς,

499 3793 688 3867 ἔτερος
723 3799 778 3854 δὲ
805 3803 1034 3877 εὐσεϐὴς
1061 3807 1353 3878 διεδέξατο,
1374 3816 1552 3871 πάντα
1573 3821 1772 3887 εὐθέως
1808 3827 1991 3886 ἐλύετο
2013 3793 2080 3890 τά

492 3895 665 3956 δεινά·
690 3900 785 3953 καὶ
817 3905 866 3956 οἱ
891 3905 950 3957 ἐν
976 3907 1161 3976 μέσοις
1206 3912 1529 3985 εἰλημμένοι
1567 3919 1825 3988 δικτύοις.
1860 3930 1953 3982 καὶ
1985 3933 2077 3986 οὐ-

491 3996 692 4065 ΰεμίαν
727 4003 1023 4074 οὐδαμόθεν
1059 4009 1293 4076 διέξοδον
1344 4014 1561 4086 ἔχοντες
1605 4025 1953 4093 στρατιῶται,
1979 4033 2074 4086 τοῦ

489 4097 632 4156 θεοῦ
660 4099 845 4156 λοιπὸν
875 4106 1183 4175 νεύσαντος,
1202 4113 1310 4167 τῶν
1343 4115 1637 4188 βαρϐάρων
1669 4124 2074 4196 ἀπαλλαγέντες

493 4199 638 4273 μετὰ
668 4203 971 4272 ἀσφαλείας
1001 4211 1306 4284 ἐπανῄεσαν
1339 4218 1577 4289 ἀπάσης.
1617 4221 1800 4279 Ταῦτα
1825 4229 1948 4284 τίνα
1972 4233 2070 4304 οὐχ

490 4299 655 4354 ἱκανὰ
685 4305 1088 4374 ἐφελκύσασθαι
1119 4314 1256 4384 πρὸς
1288 4316 1386 4388 τὴν
1411 4319 1720 4390 εὐσέϐειαν;
1749 4327 1831 4381 Τὰ
1855 4328 1912 4384 δὲ
1933 4299 2073 4404 παρλ

485 4403 620 4459 όντα
651 4407 712 4460 οὐ
729 4407 907 4482 πολλῷ
931 4413 1137 4468 τούτων
1158 4417 1605 4494 θαυμαστότερας
1637 4427 1699 4480 οὐ
1722 4433 1954 4504 σταυρὸς
1979 4453 2072 4507 κη-

489 4502 767 4574 ρύττεται,
800 4511 893 4564 καὶ
929 4513 962 4584 ἡ
1012 4515 1306 4589 οἰκουμένη
1362 4525 1717 4596 προστρέχει;
1748 4532 1807 4584 οὐ
1843 4502 2070 4602 θάνατος

489 4607 917 4675 καταγγέλλεται
942 4613 1324 4683 ἐπονείδιστος,
1375 4622 1468 4676 καὶ
1495 4624 1697 4692 πάντες
1723 4629 2063 4705 ἐπιπηδῶσις

491 4701 568 4778 μὴ
589 4704 699 4775 γὰρ
719 4707 820 4762 οὐκ
844 4712 1270 4788 ἐσταυρώθησαν
1299 4719 1514 4792 μυρίοι;
1551 4726 1628 4798 μὴ
1679 4729 1788 4802 γὰρ
1815 4701 1936 4803 μεξτο
1967 4701 2066 4790 αὺέ,

485 4801 579 4854 τοῦ
601 4803 695 4857 τοῦ
719 4808 956 4878 Χριστοῦ
995 4814 1118 4884 οὐχὶ
1147 4816 1240 4870 δύο
1272 4817 1467 4890 λῃσταὶ
1493 4824 2060 4905 ἀνεσκολοπίσθησαν;

487 4901 564 4971 μὴ
592 4903 700 4974 γὰρ
736 4908 837 4960 οὐκ
862 4910 1110 4978 ἐγένοντο
1140 4917 1327 4972 πολλοὶ
1355 4924 1542 4989 σοφοί;
1573 4927 1648 4998 μὴ
1681 4929 1791 4999 γὰρ
1815 4901 1921 4986 οὐκ*
1941 4901 2065 5004 ἐγέξ

484 5019 634 5061 νοντο
647 5003 836 5059 πολλοὶ
863 5008 1108 5078 δυνατοί;
1140 5017 1282 5082 τίνος
1311 5019 1482 5091 ὄνομά
1513 5041 1643 5078 ποτε
1686 5027 1857 5094 οὕτως
1895 5035 2062 5107 ἐκρά.

482 5119 650 5174 τησε;
683 5107 776 5160 καὶ
811 5107 866 5159 τί
900 5107 1043 5179 λέγω
1074 5118 1271 5185 σοφοὺς
1304 5121 1396 5173 καὶ
1417 5120 1674 5190 δυνατούς
1694 5146 1708 5193 ;
1730 5129 1802 5202 μὴ
1827 5133 1936 5205 γάρ
1960 5137 2060 5194 οὐκ

481 5201 729 5268 ἐγένοντο
755 5204 996 5275 βασιλεῖς
1013 5211 1275 5281 ἐπίδοξοι;
1301 5219 1384 5281 τίς
1407 5220 1550 5278 οὕτω
1583 5201 1932 5298 περιεγένετο
1959 5237 2059 5306 τῆς

481 5302 804 5377 οἰκουμένης
830 5309 889 5360 ἐν
929 5309 1124 5382 βραχεί
1153 5316 1229 5386 τῷ
1280 5321 1492 5392 χρόνῳς
1527 5324 1617 5395 Μὴ
1665 5328 1770 5398 γάρ
1804 5349 1892 5400 μοι
1933 5302 2056 5395 λέγε

483 5399 579 5463 τὰς
611 5407 849 5476 αἱρέσεις
891 5412 991 5476 τὰς
1025 5415 1275 5479 ποικίλας
1326 5422 1420 5474 καὶ
1453 5426 1817 5493 παντοδαπάς·
1855 5432 2057 5500 πάντες

487 5498 590 5568 γὰρ
615 5503 704 5556 τὸν
731 5508 892 5561 αὐτὸν
918 5513 1152 5582 Χριστὸν
1186 5519 1570 5588 κηρύττουσιν,
1603 5527 1650 5577 εἰ
1672 5530 1762 5580 καὶ
1785 5529 1860 5600 μὴ
1890 5498 2056 5600 ὑγιῶς

482 5595 700 5663 πάντες,
741 5602 854 5655 ἀλλ’
877 5609 1080 5664 ἐκεῖνον
1114 5615 1203 5667 τὸν
1221 5616 1278 5668 ἐν
1304 5617 1633 5693 Παλαιστίνῃ
1663 5628 1863 5692 πάντες
1883 5648 2053 5702 προσ-

480 5695 701 5758 κυνβῦσι
757 5708 1157 5781 σταυρωθέντα,
1214 5715 1305 5770 τὸν
1362 5719 1454 5772 ἐπὶ
1511 5723 1736 5778 Ποντίου
1800 5728 2052 5794 Πιλάτου,

1238 317 1297 373 S.
1333 316 1618 372 JOANNIS
1656 315 2153 375 CHRYSOSTOMI
2196 319 2510 372 AHCHIEI’.
2553 321 3096 380 CONS'IANI‘INUP.

3678 335 3795 393 690

2217 432 2402 489 Ταῦτα
2438 430 2530 490 οὗν
2553 435 2614 490 οὐ
2643 437 2793 492 δοκεῖ
2816 439 2916 510 τῆς
2939 441 3220 513 δυνάμεως
3250 443 3415 499 αὐτοῦ
3451 447 3799 520 σαφεστέραν

2211 543 2356 615 ἔχειν
2381 546 2658 614 ἀπόδειξιν
2695 548 2796 619 τῆς
2852 552 3036 622 φωνῆς
3077 551 3291 622 ἐκείνης
3337 553 3434 624 τῆς
3468 556 3526 622 ἐξ
3554 555 3798 628 οὐρανοῦ

2211 653 2655 724 κατενεχθείσης;
2694 655 2793 709 Διά
2819 656 2873 708 τί
2906 657 3017 728 γάρ
3048 657 3236 729 μηδεὶς
3270 658 3412 713 οὕτω
3439 679 3798 732 περιεγένετο

2212 759 2461 829 βασιλεὺς
2491 763 2565 825 ὡς
2597 757 2750 829 οὗτος
2782 765 3077 837 ἐκράτησε,
3109 767 3205 820 καὶ
3236 767 3409 822 ταῦτα
3444 772 3650 840 μυρίων
3693 771 3797 825 δν-

2208 885 2316 921 των
2340 869 2447 921 τῶν
2483 870 2820 942 κωλυμάτων
2843 888 2857 936 ;
2896 873 2990 926 καὶ
3015 872 3125 942 γὰρ
3153 871 3390 943 βασιλεῖς
3417 875 3793 947 ἐπολέμησαν,

2209 979 2305 1032 καὶ
2335 979 2591 1052 τύραννοι
2631 983 3026 1054 παρετάξαντο,
3050 985 3144 1037 καὶ
3177 984 3336 1055 δῆμοι
3363 985 3564 1049 πάντες
3597 988 3798 1052 κατεξ-

2210 1089 2535 1162 ανέστησαν,
2598 1094 2692 1146 καὶ
2727 1094 2793 1147 τά
2842 1095 3086 1167 ἡμέτερα
3133 1097 3284 1168 ὅμως
3331 1097 3432 1150 οὐκ
3467 1097 3796 1168 ἠλαττοῦτο,

2207 1197 2342 1251 ἀλλά
2367 1200 2462 1253 καὶ
2498 1201 2698 1272 μᾶλλον
2719 1203 3076 1277 λαμπρότερα
3098 1206 3325 1274 ἐγίνετο.

2279 1333 2449 1386 Πόθεν
2474 1331 2587 1400 οὖν,
2620 1335 2812 1391 εἴπατέ
2863 1355 2974 1409 μοι,
3018 1341 3051 1410 ἡ
3093 1339 3328 1411 τοσαύτη
3379 1340 3566 1411 ίσχύς;
3597 1341 3796 1409 Μάγος

2206 1431 2295 1507 ἦν,
2324 1439 2474 1508 φησί.
2513 1439 2690 1504 Μόνος
2722 1439 2814 1496 οὖν
2855 1437 3010 1506 οὗτος
3043 1443 3218 1513 μάγος
3269 1445 3510 1508 τοιοῦτος
3537 1447 3793 1512 ἐγένετος

2208 1533 2432 1601 Πάντως
2453 1539 2744 1608 ἠκούσατε.
2766 1542 2847 1595 ὅτι
2877 1544 2972 1597 καὶ
3016 1545 3166 1615 παρὰ
3205 1546 3444 1618 Πέρσαις
3473 1546 3564 1599 καὶ
3607 1547 3796 1612 Ἰνδοῖς

2208 1636 2391 1690 πολλοὶ
2413 1641 2665 1708 γεγόνασι
2693 1643 2877 1713 μάγοι,
2906 1647 2998 1700 καί
3021 1648 3158 1700 εἰσὶν
3186 1648 3265 1703 ἔτι
3294 1650 3388 1703 καὶ
3404 1651 3520 1703 νῦν·
3557 1651 3669 1703 ἀλλ’
3699 1651 3797 1704 οὐ-

2203 1738 2260 1794 δὲ
2296 1742 2465 1814 ὄνομα
2493 1746 2672 1800 αὐτῶν
2707 1749 2853 1803 ἐστιν
2895 1751 3152 1824 οὐδαμοῦ.
3197 1755 3336 1808 Ἀλλ’
3366 1759 3394 1809 6
3440 1758 3504 1810 ἐκ
3539 1757 3792 1823 Τυάνων,

2204 1864 2276 1917 φη
2287 1849 2389 1912 σίν,
2418 1850 2691 1917 ἀπατεὼν,
2715 1855 2921 1922 ἐκεῖνος
2944 1860 3039 1912 καὶ
3064 1860 3218 1930 γόης,
3244 1861 3340 1913 καὶ
3362 1863 3527 1926 αὐτὸς
3547 1863 3789 1935 ἔλαμψε.

2203 1951 2314 2004 Ποῦ
2333 1955 2426 2006 καὶ
2447 1957 2575 2010 πότε
2601 1975 2614 2020 ς
2667 1960 2756 2013 Ἑν
2787 1961 2969 2033 μικρῷ
2999 1958 3153 2033 μέρει
3176 1965 3274 2035 τῆς
3307 1967 3657 2040 οἰκουμένης,
3691 1973 3794 2025 καὶ

2203 2055 2339 2126 πρὸς
2379 2053 2585 2127 βραχὺν
2628 2059 2838 2130 χρόνον,
2891 2064 2987 2117 καὶ
3030 2063 3265 2136 ἐσϐέσθη
3306 2069 3519 2136 ταχέως
3551 2069 3648 2121 καὶ
3679 2069 3794 2121 ἀπ-

2199 2155 2384 2222 ώλετο,
2409 2163 2508 2215 οὐκ
2555 2165 2879 2236 Ἐκκλησίαν
2900 2170 3235 2235 καταλιπὼν,
3255 2172 3311 2224 οὐ
3345 2171 3494 2234 λαὸν.
3525 2173 3624 2226 οὐκ
3658 2174 3792 2227 ἄλλο

2199 2283 2252 2318 τι
2295 2267 2538 2322 τοιοῦτον
2584 2271 2756 2325 οὐδέν.
2792 2273 2903 2326 Καὶ
2938 2275 2990 2328 τί
3025 2275 3168 2344 λέγω
3203 2276 3409 2347 μάγους
3453 2279 3546 2330 καὶ
3578 2279 3790 2349 γόητας

2197 2369 2324 2432 τούς
2360 2370 2718 2440 σϐεσθέντας;
2745 2377 2909 2430 πόθεν
2939 2378 3007 2432 τὰ
3031 2379 3140 2433 τῶν
3163 2380 3300 2434 θεῶν
3335 2382 3544 2454 ἐπαύθη
3578 2382 3785 2451 πάντα,

2198 2473 2292 2526 καὶ
2313 2475 2341 2526 ὁ
2373 2475 2704 2542 Δωδωναῖος,
2734 2480 2828 2534 καί⁵
2847 2481 2876 2533 6
2909 2483 3166 2553 Κλάριος,
3187 2486 3281 2538 καὶ
3309 2486 3489 2540 πάντα
3515 2487 3582 2541 τὰ
3610 2503 3788 2558 πονη-

2199 2573 2270 2646 ρά
2297 2577 2468 2632 ταῦτα
2490 2581 2830 2655 ἐργαστήρια
2866 2588 2994 2657 σιγᾷ
3031 2593 3125 2647 καὶ
3165 2589 3786 2661 ἐπεστόμισταιςΠόθεν

2195 2675 2288 2732 οὖν
2317 2681 2378 2744 οὐ
2407 2683 2597 2736 τοῦτον
2641 2687 2801 2756 μόνον
2831 2689 2924 2742 τὸν
2959 2693 3365 2762 σταυρωθέντα,
3403 2695 3538 2748 ἀλλά
3576 2697 3669 2749 καὶ
3709 2698 3788 2752 τὰ

2195 2782 2490 2856 [494]ὁστᾶ
2513 2789 2620 2842 τῶν
2652 2791 2792 2863 ὑπὲρ
2819 2793 2983 2846 αὐτοῦ
3003 2797 3317 2864 σφαγέντων
3349 2799 3648 2869 πεφρίκασι
3665 2800 3786 2854 δαί-

2196 2903 2386 2958 μονες;
2407 2891 2553 2955 τίνος
2585 2893 2642 2946 δέ
2667 2895 2854 2950 ἕνεκεν
2871 2899 2964 2952 καὶ
2991 2902 3222 2972 σταυρὸν
3251 2903 3538 2969 ἀκούοντες
3560 2907 3788 2980 ἀποπη-

2191 2992 2357 3062 δῶσι;
2384 2998 2492 3050 Καὶ
2525 2999 2632 3070 μὴν
2667 3005 2975 3075 καταγελᾷν
2992 3005 3119 3059 ἔδει·
3159 3007 3235 3079 μὴ
3268 3010 3376 3080 γὰρ
3406 3010 3656 3083 λαμπρὸν
3680 3015 3784 3067 καὶ

2190 3099 2457 3172 ἐπίσημον
2502 3105 2531 3157 6
2576 3108 2840 3178 σταυρός;
2881 3110 3206 3165 Τούναντίον
3257 3115 3356 3184 μὲν
3386 3112 3501 3180 οὖν,
3541 3119 3779 3189 αίσχρὸν

2189 3205 2282 3256 καὶ
2307 3207 2688 3265 ἐπονείδιστον.
2718 3212 2957 3281 Θάνατος
2996 3216 3104 3289 γάρ
3130 3219 3246 3272 ἐστι
3276 3221 3588 3276 καταδίκου·
3607 3222 3783 3278 θάνα-

2185 3308 2276 3370 τός
2301 3309 2449 3364 ἐστιν
2478 3314 2507 3366 6
2537 3315 2724 3369 κακῶν
2752 3317 3007 3390 ἔσχατος,
3033 3323 3127 3376 καὶ
3157 3325 3309 3396 παρὰ
3349 3327 3620 3392 Ἰουδαίοις
3672 3331 3782 3382 ἐπ-

2186 3411 2408 3482 άρατος,
2441 3417 2533 3470 καὶ
2565 3438 2638 3472 πα
2645 3421 2715 3491 ρὰ
2734 3423 2958 3495 Ἕλλησι
2976 3425 3282 3494 βὸελυκτός.
3309 3431 3480 3484 Πόθεν
3501 3429 3592 3486 οὖν
3606 3435 3776 3490 αὐτὸν

2184 3518 2556 3582 ἐδεδοίκεισαν,
2574 3526 2858 3598 δαίμονες;
2884 3525 2972 3601 ἄρ’
2997 3531 3095 3584 οὐκ
3118 3533 3225 3586 ἀπὸ
3253 3538 3350 3606 τῆς
3375 3536 3469 3588 τοῦ
3518 3555 3767 3609 σταυρωο

2184 3621 2365 3685 θέντος
2388 3623 2704 3695 δυνάμεως
2736 3629 2796 3680 Εἰ
2820 3635 2928 3708 γάρ
2952 3639 3085 3692 αὐτὸ
3108 3639 3230 3692 καθ’
3257 3643 3418 3694 ἑαυτὸ
3445 3643 3506 3694 τὸ
3534 3645 3771 3714 πρᾶγμα

2183 3724 2564 3797 ἐδεδοίκεισαν,
2611 3732 2847 3802 μάλιστα
2895 3736 2995 3806 μὲν
3054 3734 3147 3792 οὖν
3191 3741 3286 3793 καὶ
3337 3742 3494 3795 τοῦτο
3543 3745 3770 3811 ἀνάξιον

2181 3830 2340 3885 θεῶν·
2387 3834 2527 3907 πλὴν
2557 3837 2741 3892 πολλοὶ
2781 3842 2874 3894 καὶ
2913 3843 3020 3912 πρὸ
3064 3844 3252 3909 αὐτοῦ,
3303 3848 3398 3900 καὶ
3438 3849 3554 3918 μετ’
3597 3851 3764 3909 αὐτὸν

2178 3939 2624 4014 ἐσταυρώθησαν,
2651 3946 2746 3999 καὶ
2777 3949 2895 4017 μετ’
2912 3948 3076 4003 αὐτοῦ
3097 3949 3154 4004 δέ
3178 3951 3289 4005 δύο,
3323 3953 3387 4006 Τί
3403 3951 3516 4019 οὖν,
3547 3959 3594 4010 εἰ
3612 3956 3763 4015 εἴποι

2176 4057 2280 4110 τις,
2313 4047 2372 4099 ἐν
2408 4046 2634 4118 ὀνόματι
2662 4049 2758 4103 τοῦ
2793 4051 2990 4123 λῃστοῦ
3013 4055 3108 4107 τοῦ
3135 4058 3558 4127 σταυρωθέντος,
3593 4061 3626 4133 ἢ
3657 4063 3757 4120 τοῦ

2175 4150 2426 4224 δεῖνος,ἢ
2469 4153 2565 4208 τοῦ
2599 4155 2793 4222 δεῖνος,
2826 4157 3078 4228 φεύξεται
3115 4163 3143 4215 6
3187 4163 3431 4235 δαίμων;
3467 4169 3759 4242 Οὐδαμῶς,

2173 4252 2312 4310 άλλά
2331 4259 2424 4311 καὶ
2438 4259 2745 4328 γελάσεται.
2783 4261 2910 4318 Ἐὰν
2940 4264 2998 4319 δέ
3021 4265 3113 4320 τὸν
3151 4267 3358 4338 Ἰησοῦν
3393 4273 3634 4346 προσθῇς
3659 4276 3755 4333 τὸν

2172 4362 2513 4435 Ναζωραῖον,
2530 4366 2781 4440 καθάπερ
2801 4369 2910 4424 ἀπὸ
2933 4371 3104 4442 πυρός
3121 4390 3266 4438 τινος
3280 4378 3559 4446 φεύγουσι.
3578 4380 3643 4435 Τί
3657 4380 3754 4438 οὖν

2172 4465 2239 4519 ἂν
2269 4468 2472 4536 εἴποις;
2499 4470 2663 4524 πόθεν
2691 4473 3025 4546 ἐκράτησεν;
3055 4480 3152 4533 ὅτι
3163 4481 3360 4547 πλάνος
3385 4480 3484 4556 ἦν;
3520 4487 3662 4540 Ἀλλ’
3687 4490 3750 4544 οὐ

2169 4569 2393 4626 τοιαῦτα
2419 4574 2584 4628 αὐτοῦ
2603 4577 2672 4629 τὰ
2688 4581 3142 4652 παραγγέλματαθ
3155 4585 3330 4650 ἄλλως
3353 4587 3429 4652 δὲ,
3448 4590 3542 4642 καὶ
3557 4590 3750 4647 πλάνοι

2170 4675 2354 4730 πολλοὶ
2399 4679 2708 4748 γεγόνασιν.
2769 4683 2907 4736 Ἀλλ’
2933 4685 3014 4740 ὅτι
3051 4689 3254 4758 μάγος;
3306 4690 3447 4744 Ἀλλ’
3479 4695 3539 4747 οὐ
3587 4695 3754 4754 τοῦτ)

2171 4797 2244 4849 μα
2250 4799 2348 4851 ρτυ
2354 4785 2441 4850 ρεῖ
2456 4785 2524 4838 τὰ
2539 4786 2805 4858 δόγματαο
2829 4790 2926 4845 καὶ
2956 4793 3145 4862 μάγων
3162 4795 3332 4869 πολλὴ
3357 4798 3615 4864 πολλάκις
3630 4803 3755 4871 ἐγέ-

2163 4902 2283 4939 νετο
2310 4890 2471 4957 φορά.
2489 4891 2628 4944 Ἀλλ’
2650 4893 2731 4946 ὅτι
2762 4896 2952 4964 σοφὸς;
2983 4898 3142 4953 Ἀλλά
3173 4903 3326 4971 σοφοὶ
3342 4903 3523 4958 πολλοὶ
3545 4907 3748 4961 πολλά-

2163 5007 2250 5054 κις
2276 4993 2543 5061 ἐγένοντο.
2569 4997 2663 5061 Τίς
2690 4993 2784 5052 οὖν
2804 4999 2977 5066 οὕτως
3005 5005 3338 5077 ἐκράτησεν;
3369 5009 3555 5074 Οὐδεὶς
3592 5013 3747 5066 οὐδέ-

2162 5099 2436 5164 ποτε,οὐδέ
2448 5105 2586 5158 κατὰ
2601 5108 2791 5178 μικρὸν
2810 5109 3161 5178 ἐγγύς.⁹Οθεν
3172 5113 3434 5183 δηλον,ὃτι
3447 5119 3544 5171 οὐκ
3556 5121 3744 5192 ἐπειδὴ

2163 5205 2334 5275 μάγος
2379 5202 2465 5279 ἦν,
2503 5209 2622 5263 οὐδέ
2658 5212 2740 5266 ὅτι
2787 5213 2988 5280 πλάνος
3029 5213 3116 5288 ἦν,
3157 5219 3272 5272 ἀλλ’
3311 5224 3498 5295 ἐπειδὴ
3531 5227 3741 5283 τούτων

2157 5309 2468 5384 διορθωτὴς,
2513 5315 2606 5368 καὶ
2652 5317 2770 5371 θεία
2810 5320 3038 5391 δύναμίς
3087 5341 3170 5388 τις
3215 5327 3310 5380 καὶ
3364 5327 3595 5401 ἄμαχος,
3648 5333 3739 5388 διὰ

2157 5415 2313 5468 τοῦτο
2357 5419 2449 5472 καὶ
2487 5421 2648 5486 αὐτὸς
2693 5425 2910 5479 πάντων
2948 5431 3313 5498 περιεγένετο,
3355 5437 3448 5488 καὶ
3484 5437 3560 5507 τῷ
3600 5455 3736 5513 σκη-

2157 5519 2352 5590 νοποιῷ
2372 5525 2544 5597 τούτῳ
2573 5530 2838 5602 τοσαύτην
2859 5534 3145 5590 ἐνέπνευσε
3167 5537 3415 5610 δύναμιν,
3441 5544 3571 5613 ὅσην
3591 5547 3734 5602 αὐτὰ

2155 5627 2223 5679 τὰ
2258 5629 2553 5701 πράγματα
2592 5641 2876 5710 μαρτυρεῖ.
2910 5643 3228 5714 Ἀνθρωπος
3254 5648 3359 5720 γὰρ
3401 5651 3486 5704 ἐπ’
3525 5653 3735 5725 ἀγορᾶς

2159 5733 2423 5807 ἑστηκὼς,
2465 5740 2591 5812 περὶ
2632 5740 2874 5812 δέρματα
2923 5747 3018 5820 τὴν
3061 5751 3254 5824 τέχνην
3288 5754 3445 5825 έχων,
3481 5757 3736 5815 τοσοῦτοι)
