4130 6436
239 380 351 439 489

233 508 394 554 runt.
418 494 474 551 In
493 493 821 552 novovetiatn
843 485 1191 548 Testamento
1215 486 1314 545 sub
1349 484 1633 559 pra-senda
1670 486 1839 557 ipsius

239 592 472 655 Christi,
523 589 659 645 latro
685 586 901 659 quidem
938 597 1059 641 cum
1092 581 1404 639 cruciﬁxum
1437 588 1704 644 demeret,
1745 579 1842 635 ad-

234 683 456 747 oravit;
480 678 649 736 Judtei
671 694 800 735 vero
823 679 916 749 qui
933 691 1055 737 eum
1075 681 1446 746 spectaverant
1462 681 1705 729 mortuos
1724 684 1844 729 sus-

236 776 530 838 citantem,
554 781 609 826 et
623 770 926 836 vinxerunt,
948 777 1002 824 et
1021 765 1309 822 aitixerunt
1323 765 1489 822 cruci.

314 864 518 936 Templi
526 860 935 932 Jerosolymitani
946 859 1245 914 instauratio
1257 857 1473 924 irrita,et
1488 855 1593 911 alia
1602 854 1839 927 quaedam

236 960 415 1030 signa.
462 953 729 1010 Exercitus
750 951 951 1007 Iuliani
992 950 1219 1006 obsessus
1258 965 1291 1004 a
1317 947 1580 1003 Barbarie.
1610 978 1681 988 —
1705 944 1844 1014 Quid

238 1060 428 1105 autem
457 1055 635 1102 nostra
661 1056 873 1117 quoque
904 1050 1060 1098 aetate
1086 1040 1206 1115 (a)?
1228 1038 1417 1096 Nonne
1439 1054 1504 1094 ex
1531 1036 1846 1093 fundamen-

244 1144 322 1197 tis
352 1139 558 1210 templi,
586 1137 730 1209 quod
756 1135 1104 1208 Jerosolymis
1143 1133 1258 1199 fuit,
1289 1132 1427 1203 ignis
1467 1131 1718 1187 exsiliens
1745 1143 1849 1185 au-

245 1233 448 1289 dentes
493 1231 623 1287 illud
664 1230 928 1287 :ediiicare
955 1226 1325 1298 consumpsit?
1352 1225 1533 1297 sicque
1560 1224 1749 1296 reliqui
1778 1224 1847 1282 ab

246 1327 450 1398 iniquis
475 1324 758 1381 conatibus
785 1322 1125 1384 destiterunt,
1154 1333 1254 1375 nec
1277 1327 1455 1374 tamen
1483 1318 1551 1373 ab
1575 1315 1847 1387 impietate

245 1434 347 1473 sua
379 1428 539 1487 atque
568 1416 809 1471 ereeitate
833 1413 1075 1469 conversi
1115 1419 1258 1467 sunt.
1286 1412 1494 1479 Quanta
1519 1423 1647 1464 vero
1686 1407 1847 1463 etiam

247 1517 377 1581 post
411 1509 527 1564 haec
555 1498 675 1562 alia
698 1507 832 1561 facta
878 1512 1003 1561 sunt
1043 1501 1297 1557 miracula
1330 1501 1393 1555 ‘?
1447 1508 1505 1554 ut
1540 1514 1663 1555 eum
1687 1506 1851 1567 super

253 1599 445 1670 templi
484 1597 743 1669 Apollinis
770 1603 967 1652 tectum
998 1594 1195 1648 fulmen
1223 1593 1467 1661 illapsum
1488 1599 1571 1646 est
1599 1607 1612 1645 :
1643 1600 1703 1644 ut
1726 1603 1849 1644 cum

247 1692 424 1759 ipsius
471 1702 727 1758 responsa
763 1685 1020 1741 daemonis
1064 1681 1342 1739 transferri
1367 1697 1398 1737 a
1426 1696 1552 1752 rege
1576 1680 1844 1750 sepultum

244 1785 401 1854 juxta
449 1797 508 1837 se
536 1789 825 1852 martyrem
870 1777 1277 1848 compulerunt,
1308 1774 1536 1830 dicentis
1561 1786 1621 1828 se
1657 1772 1851 1843 alloqui

254 1874 484 1929 omnino
525 1884 632 1927 non
661 1885 839 1941 posse,
868 1866 1122 1939 quamdiu
1162 1867 1459 1936 proximam
1497 1864 1637 1918 illius
1673 1877 1855 1917 aream

252 1964 506 2022 videret:
535 1972 653 2019 erat
681 1976 910 2030 namque
950 1958 1146 2013 vicina.
1190 1956 1319 2012 Post
1358 1969 1478 2025 qua:
1506 1954 1673 2025 ipsius
1710 1953 1857 2023 regis

250 2055 571 2121 avunculus,
620 2053 709 2124 qui
755 2051 980 2122 profano
1009 2057 1208 2105 attactu
1252 2053 1563 2103 consecrata
1590 2045 1701 2101 Deo
1726 2057 1855 2099 vasa

257 2153 658 2209 temeraverat,
705 2142 974 2199 vermibus
1020 2153 1213 2195 exesus
1264 2138 1485 2193 interiit.
1530 2134 1859 2204 Praspositus

260 2251 481 2307 quoque
504 2235 695 2305 rqalis
721 2233 895 2289 aerarii
920 2231 989 2287 ob
1014 2231 1172 2285 aliam
1197 2270 1211 2295 ,
1242 2243 1404 2299 quam
1435 2226 1686 2281 Ecclesia:
1716 2225 1855 2280 intu-

258 2330 424 2393 ierat,
473 2327 720 2397 injuriam
773 2324 981 2380 medius
1028 2330 1252 2392 repente
1287 2319 1529 2389 diruptus
1578 2324 1660 2372 est
1687 2334 1702 2373 :
1733 2325 1861 2372 tunc

257 2420 427 2475 etiam
468 2414 701 2488 regionis
727 2424 924 2471 nostra:
966 2413 1175 2479 fontes,
1205 2412 1293 2480 qui
1326 2410 1471 2481 prius
1495 2407 1712 2462 ﬁumina
1742 2407 1861 2476 ipsa

253 2522 417 2565 cursu
465 2506 757 2564 inundante
795 2505 1113 2571 vincebant,
1157 2502 1335 2558 subito
1378 2501 1431 2554 in
1471 2512 1531 2554 se
1569 2497 1861 2554 resiliendo

259 2604 531 2673 fugerunt,
560 2614 851 2670 numquam
878 2597 982 2653 hoc
1011 2604 1137 2651 ante
1164 2591 1424 2664 perpessi,
1452 2591 1552 2645 nisi
1577 2597 1863 2660 postquam

255 2692 377 2747 ioca
407 2692 492 2746 illa
536 2705 631 2746 rex
674 2688 950 2744 sacriﬁciis
979 2701 1043 2741 ac
1072 2683 1306 2741 victimis
1347 2680 1658 2752 inquinavit.
1717 2678 1861 2745 Quid

262 2798 398 2839 vero
421 2783 533 2852 jam
571 2790 866 2837 memorem
911 2778 1106 2833 famem
1152 2782 1264 2831 toto
1288 2784 1508 2845 prorsus
1532 2771 1663 2826 orbe
1689 2779 1861 2825 terra-

264 2892 388 2932 rum
429 2891 551 2932 eum
595 2876 763 2945 impio
788 2889 915 2943 rege
940 2873 1288 2937 dominatum,
1333 2871 1470 2940 regis
1509 2869 1778 2924 interitum
1805 2868 1859 2921 in

258 2971 479 3039 regione
510 2970 797 3024 Persarum
825 2981 843 3023 τ
870 2974 993 3021 ante
1019 2972 1245 3019 mortem
1264 2978 1390 3018 vero
1410 2961 1603 3016 mentis
1623 2972 1860 3014 errorem

261 3074 598 3131 perpessum,
626 3059 920 3114 exercitum
944 3057 996 3110 in
1024 3054 1201 3109 medio
1220 3052 1567 3108 barbarorum
1590 3050 1858 3111 relictum,

260 3163 316 3209 et
348 3152 578 3221 undique
624 3134 769 3206 νέιυι
817 3146 1047 3219 quodam
1096 3152 1209 3199 rete
1236 3143 1564 3206 conclusum,
1630 3138 1863 3195 reditum

261 3259 332 3299 ex
366 3243 472 3297 illis
498 3243 631 3298 locis
666 3239 1011 3309 improvisum
1038 3247 1196 3307 atque
1220 3232 1551 3289 mirabilem?
1567 3229 1698 3285 Cum
1719 3230 1865 3284 enim

263 3350 393 3405 rege
437 3335 600 3403 impio
649 3329 1025 3386 miserabiliter
1071 3327 1421 3395 interempto,
1470 3322 1607 3376 alter
1649 3320 1771 3390 pius
1810 3320 1867 3373 in

266 3426 391 3495 ejus
416 3425 763 3480 successisset
805 3420 1110 3491 imperium,
1139 3417 1361 3471 adversa
1392 3413 1570 3468 omnia
1610 3411 1870 3466 continuo

267 3517 528 3572 dissoluta
558 3525 701 3581 sunt,
731 3522 785 3568 et
812 3512 1080 3568 exercitus
1107 3508 1199 3580 qui
1244 3506 1387 3561 velut
1422 3505 1476 3560 in
1518 3503 1710 3558 mediis
1752 3507 1869 3556 erat

268 3609 475 3664 retibus
506 3609 795 3672 involutus,
825 3619 923 3661 nec
945 3604 1111 3658 ullum
1151 3601 1355 3656 exitum
1378 3596 1662 3667 aliquando
1689 3608 1748 3650 se
1784 3594 1872 3647 in-

271 3709 551 3755 venturum
595 3713 716 3754 esse
763 3685 1036 3760 credebat,
1083 3693 1177 3748 Dei
1224 3694 1333 3761 jam
1366 3694 1499 3744 nutu
1532 3688 1600 3742 ab
1626 3684 1867 3740 hostibus

270 3795 545 3856 liberatus,
572 3790 723 3845 omni
746 3804 866 3844 cum
889 3787 1174 3842 securitate
1198 3781 1474 3838 remeavit.
1502 3780 1568 3834 Et
1593 3778 1710 3833 haec
1745 3777 1873 3847 qui-

273 3886 396 3941 dem
425 3898 584 3955 quem
612 3896 718 3937 non
744 3880 954 3935 valcaut
980 3877 1048 3932 ad
1091 3886 1296 3948 partem
1327 3874 1537 3944 pietatis
1560 3870 1874 3928 attrahere?

256 3975 414 4042 Quid
446 3988 575 4028 vero
601 3969 922 4042 praesentia?
950 3981 1130 4024 nonne
1167 3967 1327 4022 etiam
1356 3965 1524 4019 multo
1548 3962 1871 4019 mirabiliora

276 4066 502 4123 dicenda
548 4063 720 4120 sunt?
756 4076 935 4118 nonne
975 4074 1107 4116 crux
1154 4057 1507 4128 praedicatur,
1532 4063 1588 4110 et
1625 4061 1768 4109 totus
1802 4052 1875 4109 ad

277 4157 606 4215 credendum
632 4154 863 4211 mundus
883 4149 1158 4207 accurrit?
1189 4163 1367 4217 nonne
1393 4162 1541 4204 mors
1565 4146 1880 4218 ignominio-

278 4266 340 4304 sa
382 4248 678 4311 nuntiatur,
718 4256 773 4300 et
795 4257 985 4299 omnes
1008 4239 1336 4297 convniant?
1376 4237 1633 4309 numquid
1660 4252 1765 4293 non
1794 4237 1877 4292 in-

283 4338 493 4395 numeri
543 4336 785 4392 cruciﬁxi
831 4333 997 4389 sunt?
1035 4331 1292 4402 numquid
1340 4345 1447 4386 non
1494 4330 1603 4386 duo
1641 4330 1879 4386 latrones

280 4445 406 4487 eum
460 4430 685 4485 Domino
728 4424 1137 4499 pependerunt?
1160 4423 1414 4495 numquid
1445 4436 1551 4478 non
1589 4421 1744 4477 multi
1785 4434 1881 4477 sa-

283 4521 531 4593 pientes?
575 4519 832 4590 numquid
882 4532 988 4573 non
1038 4517 1190 4572 multi
1226 4514 1548 4572 exstiterunt
1587 4514 1881 4585 potentes?

283 4614 438 4683 crrjrrs
478 4612 640 4684 igitur
678 4609 969 4681 aliquando
997 4608 1076 4665 sic
1122 4621 1315 4663 nomen
1358 4605 1634 4662 obtinuit?
1657 4615 1715 4662 et
1750 4604 1881 4677 quid

284 4706 413 4761 dico
433 4712 681 4775 potentes
717 4712 880 4773 atque
907 4701 1221 4772 sapientes?
1249 4699 1504 4770 numquid
1524 4713 1641 4754 non
1669 4700 1884 4754 luerunt

287 4810 441 4867 reges
463 4795 644 4867 inclyti
661 4795 687 4846 ?
711 4794 832 4864 quis
858 4792 929 4847 ita
958 4791 1063 4847 sibi
1084 4798 1351 4846 terrarum
1377 4789 1569 4846 urbem
1590 4797 1699 4844 tam
1728 4787 1881 4844 brevi

291 4902 533 4960 tempore
582 4885 924 4958 subiugavit?
968 4885 1085 4940 Non
1131 4884 1275 4939 enim
1317 4883 1494 4939 varias
1546 4882 1677 4937 Inibi
1720 4890 1883 4953 atque

286 4978 531 5036 diversas
553 4990 795 5048 oppones
823 4975 1079 5030 hereses.
1105 4972 1305 5030 Omnes
1328 4972 1590 5044 siquidem
1630 4972 1881 5028 eumdem

291 5070 583 5143 praedicant
603 5069 898 5131 Christum,
925 5068 1026 5124 etsi
1068 5082 1173 5122 non
1210 5080 1399 5122 omnes
1437 5079 1568 5122 sane
1593 5065 1885 5137 predieenl

290 5172 450 5232 atque
476 5161 735 5232 legitime.
774 5159 928 5214 illum
957 5159 1101 5214 enim
1126 5172 1319 5214 omnes
1349 5157 1657 5228 praedicant,
1700 5157 1791 5228 qui
1825 5157 1885 5212 in

292 5257 575 5315 Palaestina
615 5264 795 5318 tratus,
825 5263 883 5309 et
904 5264 1115 5323 passus,
1146 5253 1237 5322 qui
1266 5251 1463 5307 Pontio
1498 5251 1666 5307 Pilato
1690 5250 1884 5320 dijudi-

289 5358 450 5405 cante
477 5347 767 5403 cruciﬁxus
781 5354 881 5401 est.
911 5346 1037 5401 Haec
1059 5346 1217 5417 igitur
1231 5352 1442 5412 cuncta,
1464 5358 1583 5414 qua:
1607 5341 1880 5414 proposui,

294 5452 477 5494 nonne
500 5439 667 5495 etiam
686 5437 866 5508 majus
902 5437 1119 5493 virtutis
1141 5437 1258 5506 ejtts
1297 5437 1544 5492 videntur
1568 5436 1764 5492 habere
1786 5434 1886 5490 do-

290 5539 621 5596 cumentum,
649 5542 808 5601 qttam
850 5529 943 5586 illa
984 5542 1087 5585 vox
1130 5529 1288 5585 allata
1313 5529 1383 5584 de
1408 5529 1542 5585 caelo
1558 5529 1584 5583 τ
1607 5527 1718 5584 Cur
1737 5527 1882 5584 enim

360 5696 374 5725 ³
413 5699 570 5743 (it-arm
592 5695 752 5743 versio
775 5694 922 5752 addit,
946 5698 994 5743 et
1014 5690 1136 5744 nihil
1159 5692 1271 5744 inde
1295 5690 1470 5749 iucrati
1492 5699 1616 5744 sinu.

358 5755 436 5826 (α)
456 5753 754 5826 olidam"
774 5762 937 5826 ηοεένα
954 5766 1137 5826 υσθυε
1155 5760 1297 5826 male
1317 5755 1341 5804 ε’
1364 5762 1473 5826 μένεα
1493 5768 1603 5826 (ιιιτὲ
1625 5766 1715 5826 sua.
1737 5761 1883 5826 ίιξωιθ

286 5814 603 5881 contigerant
617 5815 768 5868 fusius
788 5814 943 5868 refert
957 5814 1193 5882 Chrysost.
1222 5815 1342 5867 infra
1367 5816 1488 5867 libro
1507 5814 1555 5867 in
1576 5824 1620 5866 s.
1642 5814 1877 5881 Babyloni.

1098 368 1187 430 DE
1225 368 1562 430 LAUDIBUS
1597 370 1655 428 S.
1697 371 1900 431 PAULI
1938 372 2292 433 APOSTOLI.
2335 372 2564 433 HOMIL.
2615 378 2704 435 IV.

3422 392 3532 447 490

1953 486 2132 546 nullus
2155 504 2338 562 regum
2372 491 2445 548 ita
2493 494 2639 561 vicit,
2663 505 2722 551 ut
2765 497 2851 554 hic
2892 502 3181 572 superavit,
3210 504 3371 575 idque
3408 523 3530 567 eum

1947 580 2226 638 innumera
2269 596 2332 639 ex
2373 584 2599 644 adverso
2625 588 2999 659 impedimenta
3028 601 3363 668 pugnarent?
3397 600 3531 660 Nam

1948 682 2004 766 et
2022 689 2174 766 reges
2198 684 2383 732 contra
2424 676 2769 751 Evangelium
2817 687 3037 766 praeliati
3065 700 3207 756 sunt,
3239 702 3293 747 et
3321 698 3533 766 tyranni

1948 763 2089 822 bella
2128 778 2429 837 gesserunt,
2476 779 2531 825 et
2569 772 2749 842 pepuli
2780 762 2969 834 otnnes
3016 762 3437 851 insurrexerunt,
3478 796 3533 844 et

1948 862 2131 910 nostra
2176 871 2345 928 usque
2385 857 2519 915 adeo
2556 865 2733 918 attrita
2772 880 2878 921 non
2920 879 3062 936 sunt,
3109 882 3165 927 ut
3195 873 3317 931 inde
3344 876 3537 935 tierent

1949 948 2199 1006 clariora.

2024 1038 2169 1113 Magi
2190 1056 2371 1100 nomen
2412 1044 2611 1102 Christo
2635 1049 2902 1120 objectum.
2931 1050 3186 1126 Reliquias
3229 1055 3534 1116 Sanctorum

1951 1131 2125 1225 timent
2160 1134 2435 1225 ammonet.
2469 1139 2716 1197 —Unde
2763 1144 2922 1213 igitur
2969 1146 3084 1203 haec
3132 1157 3274 1205 tanta
3320 1161 3536 1225 tamque

1951 1221 2278 1317 admirabilis
2322 1227 2534 1284 virtus?
2573 1229 2752 1302 Magos
2796 1236 2998 1293 scilicet
3022 1240 3172 1295 erat?
3206 1241 3364 1298 Solus
3404 1221 3537 1317 ergo

1955 1313 2056 1369 iste
2080 1328 2268 1405 magus
2311 1326 2419 1373 tam
2450 1329 2638 1390 potens
2666 1322 2804 1378 fuit?
2840 1327 3076 1386 Audistis
3113 1347 3304 1403 nempe
3328 1332 3449 1405 quia
3472 1313 3535 1392 et

1953 1404 2095 1475 apud
2123 1403 2315 1463 Persas
2354 1411 2493 1480 magi
2522 1420 2577 1467 et
2604 1414 2744 1482 apud
2787 1414 2945 1474 indos
2976 1422 3295 1493 exstiterint,
3326 1403 3536 1499 sintque

1953 1499 2115 1552 etiam
2152 1500 2312 1555 modo
2340 1517 2359 1556 :
2382 1503 2477 1558 sed
2518 1521 2585 1560 ne
2610 1520 2804 1563 nomen
2829 1510 3041 1581 quidem
3084 1530 3267 1571 eorum
3310 1536 3531 1592 usquam

1955 1591 2218 1685 sonataEt
2246 1593 2335 1651 ille
2364 1597 2575 1666 quidem
2602 1610 2670 1655 ex
2697 1600 2998 1674 Tyanorum
3028 1609 3155 1665 urbe
3177 1609 3251 1681 (α)
3282 1591 3530 1685 deceptor

1954 1696 2019 1737 ac
2045 1683 2318 1740 maleﬁcus
2343 1688 2521 1759 aliquo
2547 1690 2649 1745 loci
2691 1697 2971 1764 apparuit,
3003 1714 3066 1755 ac
3094 1700 3239 1758 brevi
3266 1683 3536 1778 aliquanto

1959 1783 2198 1845 tempore
2244 1778 2296 1832 in
2322 1781 2508 1850 exigua
2542 1790 2691 1852 parte
2719 1785 2863 1842 orbis
2888 1791 3094 1847 refulsit
3124 1809 3140 1855 ;
3172 1794 3265 1850 sed
3290 1798 3538 1856 celeriter

1957 1870 2252 1949 exstinctus
2287 1880 2445 1942 atque
2472 1874 2677 1931 deletus
2705 1885 2806 1942 est,
2836 1881 2926 1951 qui
2966 1897 3072 1938 non
3102 1884 3393 1943 Ecclesium
3418 1905 3538 1945 om-

1958 1957 2107 2024 nino,
2140 1974 2244 2013 non
2272 1963 2545 2032 populum,
2577 1982 2684 2022 non
2710 1970 2908 2040 aliquid
2935 1972 3124 2029 horum
3156 1977 3391 2049 reliquit.
3432 1981 3540 2038 Sed

1958 2048 2086 2117 quid
2127 2049 2248 2107 dico
2290 2070 2474 2125 magos
2501 2067 2661 2130 atque
2686 2062 2956 2120 maleﬁcos
2985 2070 3318 2127 exstinctos?
3360 2076 3500 2131 unde
3521 2116 3540 2143 ,

1959 2154 2161 2233 quaso,
2206 2148 2443 2202 omnium
2486 2148 2708 2211 deorum
2756 2157 2948 2226 templa
2995 2161 3252 2218 exstincta
3301 2175 3443 2233 sunt,
3487 2178 3545 2224 et

1963 2230 2278 2302 Dodonaeus,
2303 2247 2357 2293 et
2380 2238 2601 2308 Clarius,
2628 2251 2684 2298 et
2711 2260 2897 2303 omnes
2924 2248 3037 2305 istae
3062 2252 3394 2322 profanitatis
3417 2230 3541 2315 oili-

1960 2325 2298 2423 cinarsilent,
2339 2344 2402 2386 ac
2428 2334 2639 2402 penitus
2681 2337 2967 2396 obstructa:
2995 2346 3161 2399 sunt?
3193 2346 3343 2404 Unde
3385 2351 3543 2423 igitur

1963 2436 2067 2474 non
2099 2420 2240 2476 hunc
2270 2425 2439 2481 solum
2466 2428 2796 2498 cruciﬁxum,
2823 2432 2917 2488 sed
2947 2437 3106 2491 etiam
3129 2454 3226 2509 pro
3256 2440 3371 2511 ipso
3397 2420 3540 2500 occi-

1962 2526 2141 2566 sorum
2195 2513 2399 2572 favillas
2448 2517 2718 2575 daemones
2766 2527 3223 2585 contremiscunt?
3270 2533 3420 2603 cujus
3468 2536 3545 2591 rei

1961 2603 2125 2671 gratia
2157 2604 2343 2659 Saltem
2375 2622 2565 2664 nomen
2593 2611 2869 2670 audientes
2898 2619 3092 2686 crucis,
3126 2620 3178 2675 in
3209 2622 3381 2694 fugam
3408 2627 3545 2681 resi-

1963 2694 2140 2749 liunt?
2167 2710 2286 2750 eum
2314 2709 2459 2753 certe
2487 2700 2531 2752 si
2573 2715 2633 2757 se
2674 2714 2761 2758 res
2786 2705 3004 2762 haberet
3029 2709 3203 2777 aliter,
3245 2715 3413 2785 magis
3454 2732 3550 2773 eos

1963 2796 2234 2855 oporteret
2282 2789 2503 2847 irridere
2530 2807 2687 2861 quam
2718 2793 2919 2864 fugere.
2954 2801 3036 2854 An
3081 2798 3218 2856 forte
3267 2818 3395 2858 crux
3424 2808 3551 2875 quid

1965 2877 2164 2933 clarum
2213 2879 2442 2947 videtur,
2492 2899 2556 2938 ac
2588 2884 2809 2941 nobile?
2851 2887 2963 2943 lmo
2989 2895 3332 2961 econtrario,
3385 2898 3552 2967 turpis

1966 2977 2020 3059 et
2047 2972 2429 3040 cxprobrabilis
2477 2990 2640 3031 mors.
2694 2977 2793 3033 Est
2840 2981 2982 3036 enim
3027 2984 3208 3055 utique
3260 2996 3315 3042 et
3365 3004 3551 3059 pinna-

1967 3058 2032 3113 lis
2079 3076 2246 3128 mors,
2302 3073 2355 3118 et
2397 3065 2615 3121 omnino
2674 3071 2982 3138 teterrima,
3039 3083 3096 3129 et
3147 3077 3287 3146 apud
3338 3058 3553 3136 Jndzeos

1966 3148 2283 3219 maledicta,
2337 3161 2392 3209 et
2465 3155 2606 3212 inter
2670 3161 2897 3229 gentiles
2956 3163 3329 3223 abominanda.
3402 3170 3554 3228 Unde

1968 3239 2129 3310 igitur
2178 3242 2319 3297 illam
2372 3244 2644 3302 daemones
2690 3250 3077 3321 reformidant,
3144 3259 3243 3314 nisi
3304 3259 3373 3315 de
3443 3263 3552 3316 vir-

1971 3326 2099 3387 tute.
2123 3334 2401 3390 cruciﬁxi?
2426 3337 2481 3392 Si
2526 3339 2669 3394 enim
2698 3341 2841 3396 illam
2869 3359 2964 3412 per
3008 3348 3237 3416 seipsam
3283 3350 3551 3418 timerent,

1970 3438 2287 3495 quamquam
2315 3435 2371 3481 et
2400 3429 2501 3484 hoc
2529 3429 2699 3498 ipsum
2729 3430 2833 3488 diis
2857 3445 3001 3488 esset
3026 3437 3295 3506 indignum
3331 3456 3343 3493 :
3376 3450 3551 3497 tnmvu

1969 3524 2025 3571 et
2052 3526 2176 3573 ante
2203 3519 2372 3586 illum,
2404 3530 2459 3575 et
2485 3530 2605 3591 past
2631 3523 2777 3578 illum
2804 3526 3042 3597 plerique
3070 3529 3306 3585 cruciﬁxi
3332 3543 3475 3600 sunt,
3498 3544 3555 3589 et

1970 3625 2089 3668 cum
2119 3613 2236 3683 ipso
2264 3615 2426 3669 etiam
2466 3615 2593 3672 duo.
2635 3618 2772 3684 Quid
2818 3620 2976 3691 igitur
2997 3662 3012 3687 ,
3042 3623 3086 3675 si
3128 3623 3339 3679 invocat
3364 3626 3556 3696 aliquis

1972 3718 2167 3759 nomen
2192 3705 2441 3774 latronis,
2466 3709 2548 3764 vel
2573 3710 2791 3765 alterius
2820 3711 3130 3783 cujusquam
3160 3716 3420 3781 cruciﬁxi,
3444 3717 3558 3772 da:-

1972 3810 2173 3854 monne
2201 3798 2338 3854 forte
2369 3800 2576 3856 timebit
2608 3817 2670 3857 ac
2701 3804 2900 3873 fugiet?
2924 3804 3292 3877 Nequaquam,
3320 3809 3559 3880 quinimo

1975 3888 2190 3946 ridebit.
2215 3890 2272 3947 Si
2300 3906 2429 3947 vero
2448 3891 2629 3948 lesum
2658 3893 2928 3951 addideris
2954 3897 3308 3966 Nazarenum,
3333 3901 3477 3956 velut
3494 3904 3562 3961 ab

1975 3982 2097 4053 igne
2126 3993 2346 4054 repente
2370 3983 2666 4056 diﬂ'ugient.
2692 3985 2828 4054 Quid
2856 3989 3015 4059 igitur
3041 3990 3119 4046 ais
3135 3992 3160 4044 ?
3189 3992 3328 4048 unde
3352 4009 3563 4065 prmva-

1977 4074 2108 4129 luit?
2132 4074 2304 4148 Quia,
2350 4077 2526 4148 inquis
2549 4120 2564 4145 ,
2609 4079 2858 4136 seductor
2901 4079 3017 4136 iuit.
3057 4085 3124 4138 At
3168 4100 3273 4138 non
3304 4084 3421 4141 ham
3447 4086 3565 4157 ejus

1980 4175 2243 4236 praecepta
2272 4166 2584 4238 loquuntur.
2617 4170 2819 4226 Deinde
2838 4172 3088 4242 quoniam
3111 4175 3419 4231 scductores
3444 4176 3564 4233 fue-

1979 4266 2105 4313 runt
2132 4258 2304 4326 multi,
2332 4268 2387 4315 et
2413 4271 2589 4315 tamen
2617 4261 2793 4317 nullus
2821 4262 3069 4318 obtinuit.
3097 4261 3202 4321 Sed
3228 4266 3350 4336 quia
3376 4283 3568 4339 magus

1980 4350 2121 4405 fuit?
2149 4350 2347 4407 Verum
2383 4351 2541 4423 longe
2580 4353 2723 4409 aliud
2755 4354 2871 4425 ejus
2903 4355 3149 4427 dogmata
3178 4366 3565 4421 contestantur.

1980 4441 2088 4498 Sed
2108 4450 2165 4498 et
2199 4456 2474 4515 magorum
2512 4446 2676 4500 multa
2703 4460 2846 4518 stupe
2881 4446 2980 4502 fuit
3003 4449 3153 4519 copia
3175 4491 3189 4515 ,
3220 4448 3294 4523 (ὁ)
3325 4448 3459 4523 [nec
3489 4461 3559 4506 ta-

1982 4550 2106 4592 men
2135 4536 2302 4591 ullum
2331 4536 2634 4606 hujusmodi
2664 4541 2912 4608 potentia:
2939 4555 3134 4596 nomen
3170 4542 3407 4596 auditum
3436 4542 3565 4616 est].

1984 4624 2093 4684 Sed
2120 4628 2243 4700 quia
2268 4630 2483 4699 sapiens
2511 4625 2654 4683 fuit?
2679 4631 2747 4683 At
2772 4630 2923 4684 multi
2953 4629 3168 4686 fuerunt
3192 4647 3338 4701 saepe
3358 4633 3569 4703 sapieu~

1985 4726 2086 4774 tes.
2114 4719 2243 4788 Quis
2280 4719 2458 4790 itaque
2495 4720 2740 4775 similiter
2772 4720 3064 4776 obtinuisse
3106 4721 3349 4778 dicetur?
3384 4723 3572 4788 Nullus

1984 4809 2126 4866 enim
2154 4809 2440 4879 aliquando
2476 4810 2663 4865 saltem
2702 4827 2767 4867 ex
2792 4820 2944 4883 parte
2967 4812 3140 4885 aliqua
3171 4813 3295 4871 huic
3319 4817 3573 4888 potentias

1984 4900 2446 4973 appropinquavit.
2469 4900 2626 4960 Unde
2644 4902 2846 4974 liquido
2872 4912 3034 4974 patet,
3056 4906 3308 4978 quoniam
3323 4906 3573 4964 Christus

1986 5009 2093 5050 non
2120 4995 2277 5050 fuerit
2309 5009 2495 5066 magus
2519 5037 2533 5062 ,
2557 5008 2664 5051 non
2691 4995 2940 5053 seductor
2957 5040 2973 5066 ,
3005 4998 3100 5055 sed
3131 5000 3219 5071 qui
3245 5017 3277 5058 e
3304 5003 3573 5058 contrario

1988 5084 2177 5144 horum
2206 5089 2409 5144 exstitit
2436 5089 2767 5154 emendator,
2798 5096 2853 5145 et
2879 5107 3003 5146 vere
3032 5090 3211 5147 divina
3236 5094 3405 5150 virtus
3428 5136 3447 5162 ,
3474 5109 3574 5151 nec

1988 5179 2079 5234 ulli
2106 5179 2327 5235 omnino
2353 5180 2673 5251 superabilis
2692 5222 2707 5248 ,
2739 5180 2940 5237 idcirco
2965 5191 3018 5238 et
3052 5184 3165 5254 ipse
3190 5195 3379 5241 cuncta
3406 5185 3531 5241 vicit
3553 5226 3572 5254 ,

1989 5282 2149 5340 atque
2174 5272 2493 5342 perdomuit,
2522 5280 2577 5329 et
2599 5270 2766 5329 Paulo
2793 5275 3138 5330 tentoriorum
3169 5277 3342 5347 opifici
3373 5287 3572 5333 tantam

1990 5363 2162 5433 potuit
2186 5362 2446 5433 inspirare
2476 5363 2749 5430 virtutem,
2782 5375 3032 5436 quantam
3066 5367 3178 5437 ipse
3205 5382 3382 5421 rerum
3411 5375 3574 5429 testa.

1992 5460 2077 5509 tur
2104 5453 2343 5509 eilectus.
2373 5453 2545 5510 Homo
2570 5453 2766 5510 etenim
2805 5455 3087 5527 ignobilis,
3118 5455 3356 5524 abjectus
3386 5464 3441 5512 et
3464 5458 3574 5512 cir-

1990 5542 2383 5612 cumforaneus,
2411 5547 2501 5617 qui
2522 5552 2689 5602 artem
2710 5547 2993 5603 exercebat
3019 5547 3070 5602 in
3091 5545 3339 5616 pellibus,
3368 5548 3422 5604 in
3455 5558 3575 5604 tau»

1993 5645 2104 5693 tum
2130 5636 2323 5693 virtute
2353 5650 2663 5708 progressus
2703 5647 2786 5692 ρει
2808 5679 2824 5707 ,
2856 5647 2914 5692 ut
2940 5639 3028 5694 vix
3069 5638 3282 5708 triginta
3311 5655 3572 5701 annorum

2057 5746 2130 5817 (ᾳ)
2168 5749 2438 5817 Apollonius
2450 5756 2696 5817 _1‘ya_net_ts.
2825 5809 2838 5817 _
3012 5812 3021 5817 ,
3084 5813 3107 5817 _
3188 5814 3193 5817 _

2064 5809 2134 5875 (υ)
2168 5809 2280 5874 Quae
2303 5809 2792 5864 uncinis'clauduntur
2809 5809 2988 5865 desunt
3008 5812 3057 5865 in
3075 5813 3260 5866 Graeco.
