4032 6450
544 357 639 411 till
1253 344 1313 400 S.
1354 340 1635 401 JOANNIS
1671 331 2158 396 CHRYSOSTOMI
2192 330 2515 390 ARCHIEP.
2553 330 3094 390 CONS'I'ANTINOP.

546 466 721 538 spatio
745 472 799 523 et
822 464 1128 527 Romanos,
1155 468 1210 515 ct
1237 459 1452 524 Persas,
1480 463 1535 510 et
1572 453 1819 519 Parthos,
1850 460 1905 507 et
1929 447 2132 512 Medos,

544 570 602 614 et
629 556 804 623 ludos,
828 564 883 612 et
910 552 1158 626 Scythas,
1185 560 1240 606 et
1267 547 1550 617 Ethiopes
1571 586 1585 610 ,
1612 553 1668 601 et
1691 543 2054 606 Sauromatas,
2080 548 2137 595 et

545 649 859 714 Saracenos,
887 658 941 704 et
978 661 1140 704 omne
1176 656 1393 715 prorsus
1422 641 1710 695 humanum
1738 650 1906 708 genus
1927 634 2028 691 sub
2050 633 2137 703 ju-

544 756 669 810 gnm
691 739 925 793 mitteret
944 736 1203 792 veritatis.
1228 730 1515 802 Responde
1537 729 1716 800 igitur,
1739 725 1881 782 unde
1901 726 2000 779 iste
2019 722 2136 795 opi-

548 835 631 886 fex
663 830 783 886 vilis
810 845 872 885 ac
902 830 1142 899 publicus
1167 837 1313 881 stans
1341 825 1393 879 in
1432 823 1552 878 loco
1580 820 1712 876 artis
1733 835 1842 874 suae
1862 860 1878 885 ,
1907 832 1971 873 ac
1989 816 2132 872 scal-

548 921 749 990 pellum
776 921 828 975 in
859 936 1019 974 manu
1047 933 1258 988 gerens,
1282 917 1353 970 ita
1383 925 1439 970 et
1457 914 1572 983 ipse
1598 910 2003 982 philosophatus
2026 907 2132 975 sit,

545 1021 601 1066 et
624 1010 757 1066 alios
784 1010 1025 1066 docuerit
1055 1006 1418 1079 philosophari
1440 1046 1454 1072 ,
1485 1012 1673 1076 gentes
1701 1002 1944 1065 scilicet,
1972 999 2135 1054 urbes

546 1113 707 1175 atque
733 1102 997 1173 regiones,
1029 1099 1256 1154 maxime
1282 1095 1561 1167 imperitus
1588 1109 1688 1150 nec
1717 1094 1822 1149 vim
1853 1092 1907 1147 in
1936 1106 1995 1146 se
2020 1105 2136 1145 ser-

548 1196 723 1251 monis
743 1193 1076 1251 ostendens?
1115 1190 1251 1246 Audi
1278 1190 1422 1245 enim
1450 1188 1622 1257 ipsum
1659 1187 1994 1257 loquentem:
2018 1179 2136 1236 Etsi

546 1289 803 1358 imperitus
831 1302 1058 1341 sermone
1081 1282 1166 1356 (2.
1200 1282 1318 1339 Cor.
1351 1283 1437 1338 11.
1463 1280 1558 1351 6).
1596 1278 1707 1335 Nec
1737 1277 1987 1349 pecunias
2013 1290 2136 1346 pos-

547 1381 726 1435 sidens
762 1397 776 1434 :
823 1395 944 1434 nam
989 1379 1093 1434 hoc
1137 1391 1350 1448 quoque
1397 1375 1513 1443 ipse
1558 1381 1822 1429 testatur:
1856 1369 2027 1441 Usque
2066 1368 2136 1423 ad

546 1472 710 1540 hanc,
743 1471 947 1543 inquit,
980 1470 1159 1524 horam
1186 1478 1233 1523 et
1270 1469 1549 1530 esurimus,
1584 1473 1629 1518 et
1657 1465 1854 1518 sitimus
1877 1504 1893 1528 ,
1925 1471 1973 1516 et
2010 1459 2135 1515 nudi

544 1579 715 1618 sumus
739 1603 754 1628 ,
782 1571 828 1616 ct
866 1561 1095 1631 colaphis
1124 1559 1367 1614 caedimur
1398 1556 1488 1629 (1.
1522 1555 1641 1611 Cor.
1672 1557 1728 1610 ι.
1759 1554 1818 1608 ll
1843 1554 1884 1624 ).
1915 1552 1983 1607 Et
2009 1550 2135 1621 quid

543 1652 665 1707 dico
693 1651 971 1723 pecunias,
999 1666 1120 1705 cum
1153 1648 1243 1704 ille
1271 1662 1413 1718 stcpe
1438 1662 1507 1703 ne
1535 1644 1893 1701 necessarium
1920 1642 2134 1713 quidem

546 1741 767 1797 haberet
786 1741 964 1797 cibum
986 1783 1001 1807 ,
1036 1755 1135 1795 nec
1154 1754 1259 1810 quo
1280 1753 1339 1794 se
1365 1736 1722 1794 circumdaret
1745 1735 2132 1789 indumentum.

543 1833 678 1901 Quia
702 1848 827 1889 vero
858 1847 957 1887 nec
978 1831 1049 1888 de
1078 1829 1408 1904 professione
1441 1829 1619 1884 clarus
1652 1825 1832 1890 fuerit,
1864 1826 2030 1895 ipsius
2054 1823 2136 1878 di-

544 1924 782 1993 scipulus
824 1923 1094 1990 ostendit,
1132 1922 1318 1977 dicens
1360 1939 1373 1976 :
1422 1920 1677 1988 Quoniam
1718 1917 1949 1971 manebat
1991 1914 2133 1986 apud

548 2016 789 2086 Aquilam
826 2024 873 2069 et
913 2012 1241 2081 Priscillam,
1276 2022 1540 2084 propterea
1584 2009 1719 2081 quod
1758 2008 1984 2080 ejusdem
2012 2008 2136 2062 artis

543 2113 705 2159 essent
742 2121 762 2159 :
802 2113 943 2159 erant
978 2105 1111 2159 enim
1152 2102 1525 2174 scenofactoria:
1566 2101 1690 2156 artis
1720 2099 1870 2170 (Act.
1915 2099 2004 2155 18.
2037 2098 2131 2167 5).

541 2196 658 2251 Non
684 2198 844 2268 igitur
859 2213 887 2250 a
908 2197 1122 2269 proavis
1142 2196 1355 2263 nobilis,
1384 2196 1578 2266 quippe
1594 2195 1682 2266 qui
1706 2204 1811 2248 tam
1834 2193 1952 2248 vilis
1973 2191 2136 2247 fuisse

539 2288 671 2343 artis
690 2286 985 2341 ostenditur
1007 2305 1019 2340 :
1043 2302 1148 2341 non
1171 2302 1198 2339 a
1222 2286 1412 2356 patria,
1434 2301 1538 2339 non
1556 2300 1585 2337 a
1606 2293 1785 2354 gente,
1808 2293 1981 2337 tamen
2003 2296 2135 2351 pro-

539 2395 759 2451 gressus
787 2381 840 2435 in
873 2381 1103 2435 medium
1129 2421 1143 2444 ,
1171 2394 1234 2434 ac
1261 2377 1628 2433 tantummodo
1666 2390 1927 2445 apparens
1957 2372 2134 2427 inimi-

538 2487 722 2527 corum
744 2481 932 2527 euneta
962 2472 1212 2534 turbavit,
1248 2469 1495 2524 universa
1526 2467 1763 2522 confudit
1790 2482 1804 2519 :
1835 2474 1889 2520 et
1918 2465 2053 2520 sicut
2077 2465 2128 2519 in

537 2563 764 2632 stipulas
792 2572 884 2618 aut
914 2563 967 2616 in
998 2561 1199 2617 furnum
1230 2560 1366 2630 ignis
1395 2560 1688 2623 immissus,
1720 2558 1899 2611 omnia
1925 2556 2128 2610 daemo-

539 2669 664 2706 num
693 2668 853 2722 opera
894 2652 1245 2720 eonsumpsit,
1283 2658 1441 2719 atque
1470 2649 1522 2702 in
1549 2647 1689 2717 quod
1719 2646 1919 2712 voluit,
1953 2645 2131 2700 omnia

538 2744 822 2799 convertit.
851 2742 1031 2813 Neque
1060 2757 1189 2797 vero
1217 2742 1318 2796 hoc
1343 2740 1515 2795 solum
1543 2739 1892 2793 admiratione
1914 2737 2130 2806 dignum

539 2846 643 2900 est,
664 2833 805 2905 quod
823 2843 1020 2888 tantam
1045 2832 1333 2903 potentiam
1356 2832 1475 2885 talis
1494 2830 1720 2885 obtinuit
1739 2850 1752 2884 :
1772 2830 1865 2885 sed
1883 2830 2129 2899 quoniam

537 2927 919 2998 discipulorum
941 2942 1153 2996 quoque
1184 2925 1325 2980 illius
1348 2924 1555 2995 plurimi
1579 2939 1856 2994 pauperes,
1877 2925 2129 2994 imperiti,

538 3037 602 3075 ac
631 3020 791 3076 totius
824 3030 978 3075 erant
1018 3018 1331 3075 eruditionis
1365 3018 1601 3074 extranei
1622 3058 1639 3085 ,
1672 3018 1723 3071 in
1753 3017 1892 3073 futile
1920 3026 1975 3072 et
2009 3034 2132 3089 ege-

537 3120 674 3166 state
698 3112 963 3177 viventes,
1000 3111 1274 3180 ignobiles,
1299 3124 1363 3165 ac
1387 3108 1455 3165 de
1482 3110 1799 3179 ignobilibus
1826 3110 2088 3179 procreati
2112 3127 2129 3165 :

540 3202 681 3269 quod
712 3211 859 3257 certe
888 3202 1048 3257 etiam
1084 3202 1196 3271 ipse
1224 3201 1550 3272 praedicavit,
1584 3216 1683 3256 nec
1707 3201 1919 3257 erubuit
1942 3216 2127 3257 eorum

537 3308 959 3348 commemorare
987 3295 1294 3363 pauperiem
1314 3335 1328 3359 ,
1359 3293 1467 3348 imo
1494 3308 1561 3348 ne
1588 3295 1887 3364 necessaria
1912 3294 2126 3364 quidem

536 3398 723 3436 eorum
755 3382 913 3437 victui
947 3385 1235 3453 postulare.
1270 3382 1595 3453 Proﬁciscar,
1627 3383 1817 3456 inquit,
1843 3383 2128 3439 Jerusalem

537 3478 819 3533 ministrare
842 3479 1029 3532 sanctis
1056 3476 1239 3549 (Rom.
1268 3478 1355 3532 15.
1398 3477 1525 3547 25).
1560 3478 1628 3533 Et.
1667 3494 1854 3535 rursus
1884 3496 1898 3532 :
1932 3477 2129 3534 Secun-

535 3569 657 3623 dum
696 3585 849 3623 unam
877 3568 1068 3622 sabbati
1100 3570 1439 3638 unusquisque
1465 3578 1686 3624 vestrum
1711 3578 1960 3638 reponat,
1991 3562 2127 3639 quod

533 3667 579 3719 ei
606 3667 725 3719 bene
750 3665 1013 3733 placuerit,
1044 3675 1098 3717 ut
1121 3653 1360 3741 noncont
1386 3679 1582 3729 venero,
1612 3674 1730 3717 tunc
1753 3662 1976 3717 collecta
1998 3665 2125 3733 ﬁant

538 3757 628 3824 (1.
662 3756 779 3809 Cor.
814 3754 899 3809 l6.
930 3754 1024 3826 2).
1068 3754 1199 3819 Quia
1240 3769 1370 3809 vero
1413 3754 1595 3825 plures
1635 3753 2017 3825 discipulorum
2059 3770 2125 3809 ex

538 3848 908 3917 imperitorum
940 3862 1165 3902 numero
1203 3854 1530 3912 constarent,
1562 3845 1629 3901 ad
1658 3845 1961 3903 Corinthios
1991 3846 2126 3902 scri-

538 3939 702 4004 bens,
742 3939 813 3991 ait
845 3956 857 3991 :
899 3938 1073 3992 Videte
1116 3938 1423 3992 vocationem
1461 3946 1711 4005 vestram,
1741 3939 1979 4007 quoniam
2024 3954 2127 3993 non

540 4030 685 4084 multi
710 4030 959 4100 sapientes
999 4030 1272 4083 secundum
1299 4044 1520 4095 carnem,
1548 4044 1651 4083 non
1687 4029 1833 4083 multi
1877 4038 2122 4101 potentes,

536 4139 637 4175 non
664 4120 807 4174 multi
824 4118 1048 4191 nobiles(
1070 4121 1125 4175 1.
1145 4119 1261 4174 Cor.
1289 4120 1340 4173 1.
1361 4119 1468 4193 26)
1489 4138 1504 4185 ;
1528 4121 1620 4176 sed
1640 4131 1693 4176 et
1713 4120 1867 4177 valde
1886 4122 2119 4188 obscuri,

537 4225 591 4268 et
609 4215 742 4269 viles
786 4212 1017 4267 fuerunt.
1069 4210 1207 4265 Nam
1248 4212 1457 4282 inﬁrma
1500 4212 1678 4267 mundi
1693 4255 1708 4280 ,
1747 4213 1951 4283 inquit,
1978 4213 2127 4285 elegit

543 4305 695 4368 Deus,
723 4316 770 4360 et
796 4320 906 4375 qum
932 4321 1031 4358 non
1057 4314 1192 4371 sunt,
1223 4315 1281 4358 ut
1302 4320 1360 4358 ea
1379 4320 1494 4376 qua:
1510 4314 1625 4359 sunt
1650 4306 1923 4361 destrueret
1943 4307 1962 4377 (
1987 4305 2126 4362 Ibid.

545 4412 592 4449 υ.
621 4395 710 4447 27.
740 4393 872 4465 28).
906 4395 974 4448 At
1005 4393 1201 4448 nobilis
1220 4435 1233 4459 ,
1257 4404 1312 4448 et
1339 4393 1579 4451 eruditus
1603 4406 1717 4451 erat
1744 4396 1880 4452 forte
1909 4413 2128 4468 persua-

536 4503 628 4541 sor
655 4488 713 4541 ’Ἰ
737 4485 846 4541 Nec
860 4483 1258 4556 ‘istud'quidem
1284 4502 1299 4549 ;
1328 4501 1449 4541 nam
1489 4486 1591 4541 hoc
1616 4503 1829 4559 quoque
1856 4489 1969 4559 ipse
1997 4505 2128 4546 con-

539 4581 786 4649 firmavit,
820 4580 1004 4636 dicens
1032 4598 1045 4633 :
1079 4579 1143 4633 Et
1164 4596 1256 4651 ego
1289 4580 1397 4634 veni
1426 4580 1494 4635 ad
1516 4596 1603 4635 vos
1623 4598 1724 4635 non
1744 4582 1797 4637 in
1823 4582 2129 4639 sublimitate

537 4666 778 4727 sermonis
799 4714 813 4736 ,
841 4682 929 4725 aut
967 4671 1229 4743 sapientia:
1246 4712 1261 4737 ,
1298 4672 1605 4729 annuntians
1631 4672 1767 4727 vobis
1793 4675 2128 4728 testimonium

539 4763 747 4817 Christi.
783 4762 905 4817 Non
935 4763 1068 4818 enim
1090 4763 1322 4835 judicavi
1359 4780 1440 4817 me
1479 4764 1607 4818 scire
1636 4764 1828 4834 aliquid
1855 4764 1984 4819 inter
2018 4782 2126 4833 vos,

540 4856 638 4908 nisi
673 4854 853 4909 Jesum
890 4854 1143 4910 Christum
1169 4896 1183 4922 ,
1227 4865 1276 4909 et
1322 4856 1452 4908 hunc
1498 4857 1817 4924 cruciﬁxum.
1862 4856 1928 4911 Et
1963 4875 2128 4927 sermo

544 4940 703 5013 meus,
725 4958 771 5002 et
792 4948 1083 5019 praedicatio
1109 4965 1238 5014 mea,
1266 4964 1365 5002 non
1383 4948 1432 5001 in
1447 4948 1854 5017 persuasibilibus
1868 4952 2131 5021 sapientia:

540 5041 698 5098 verbis
749 5033 837 5108 (1.
877 5034 1000 5091 Cor.
1039 5038 1095 5093 2.
1157 5043 1205 5096 1.
1233 5040 1288 5095 2.
1312 5040 1404 5111 4).
1432 5040 1537 5096 Sed
1564 5056 1721 5096 causa
1744 5044 1992 5099 nlmirum
2017 5044 2128 5116 ipsa

540 5131 931 5204 praedicationis
952 5141 1066 5185 erat
1091 5131 1280 5186 idonea
1306 5173 1321 5197 ,
1354 5146 1472 5203 qua:
1501 5130 1567 5186 ad
1595 5145 1654 5186 se
1679 5135 2011 5202 pertraheret
2034 5149 2130 5189 au-

537 5226 765 5281 dientes.
796 5222 994 5291 Accipe
1034 5222 1159 5291 quid
1202 5223 1362 5277 etiam
1402 5238 1566 5291 super
1605 5221 1705 5278 hac
1748 5240 1806 5278 re
1852 5224 1965 5295 ipse
2006 5241 2130 5295 pro-

542 5316 769 5372 nuntiet.
796 5314 1069 5381 Quoniam,
1094 5313 1285 5383 inquit,
1310 5313 1481 5369 Judazi
1507 5314 1653 5386 signa
1674 5325 1866 5386 petunt,
1892 5326 1937 5371 et
1964 5315 2129 5372 Graeci

539 5410 841 5473 sapientiam
867 5415 1097 5479 quarrunt
1123 5422 1144 5462 :
1176 5422 1267 5460 nos
1294 5417 1462 5461 autem
1497 5407 1833 5477 praedicamus
1871 5408 2127 5463 Christum

541 5502 837 5569 cruciﬁxum
859 5542 875 5564 .
903 5501 1104 5557 J-udtcis
1140 5499 1343 5573 quidem
1380 5499 1710 5566 scandalum,
1744 5499 1934 5555 Grtccis
1962 5511 2129 5554 autem

504 5619 515 5626 ο
542 5594 805 5647 stultitiam
841 5589 927 5660 (1.
987 5588 1113 5648 Cor.
1162 5595 1216 5649 1.
1237 5593 1327 5647 22.
1355 5592 1473 5663 23).
1507 5592 1614 5648 Sed
1642 5593 1949 5659 securitate,
1978 5607 2040 5647 ac
2062 5592 2128 5647 li-

607 5704 622 5735 ι
659 5709 828 5770 εἶτα..
849 5709 917 5770 nt
935 5703 1086 5770 idiota
1108 5701 1306 5770 quidem
1325 5707 1373 5756 et
1396 5700 1686 5765 ineruditus,
1726 5701 1813 5754 sed
1840 5701 1907 5753 ad
1932 5714 2130 5767 persua-

544 5761 763 5814 dendum
775 5767 914 5821 aptus
931 5761 958 5814 .’

3737 330 3833 388 ιω

2242 444 2467 511 bertate,
2489 446 2687 516 inquis,
2710 444 2904 501 fruitus
2921 454 3023 502 est.
3040 447 3337 504 Atomnino
3355 460 3385 501 a
3408 446 3673 518 periculis
3690 464 3834 505 num-

2239 550 2399 606 quam
2421 537 2724 607 respiravit.
2747 536 2817 591 Et
2840 554 2954 609 ego,
2979 539 3171 611 inquit,
3201 539 3255 595 in
3273 540 3573 608 inﬁrmitate
3595 552 3646 597 et
3665 543 3834 600 timore

2239 636 2288 682 et
2316 637 2531 683 tremore
2568 630 2727 684 ntulto
2768 630 2848 702 [ui
2876 630 3016 701 apud
3058 647 3144 686 vos
3174 632 3257 703 (1.
3286 631 3405 689 Cor.
3435 633 3492 690 2.
3520 635 3560 690 3
3581 634 3642 706 ):
3669 652 3834 705 neque

2240 731 2369 773 vero
2396 718 2512 789 ipse
2538 719 2735 786 solum,
2760 720 2858 777 sed
2886 721 3045 777 etiam
3076 722 3322 795 discipuli
3353 725 3467 795 ejus
3496 726 3833 796 passionibus

2237 811 2586 881 subjacebant
2624 830 2637 867 :
2671 812 2998 882 Mementote,
3031 815 3239 885 inquit,
3270 818 3465 872 dierum
3494 819 3755 889 priorum,
3783 821 3831 874 in

2237 905 2414 974 quibus
2437 906 2709 961 illuminati
2745 924 2987 979 magnum
3015 918 3266 963 certamen
3291 910 3606 966 sustinuistis
3634 915 3830 982 passio-

2238 1014 2381 1052 num.
2412 997 2477 1053 1η
2501 999 2661 1055 altero
2684 999 2884 1070 quidem
2908 999 3198 1071 opprobriis
3224 1011 3269 1056 et
3297 1002 3712 1059 tribulationibus
3724 1020 3833 1072 spe-

2237 1089 2490 1144 ctaculum
2516 1090 2677 1162 facti,
2704 1091 2758 1145 in
2794 1092 2957 1146 altera
2983 1093 3135 1147 etiam
3171 1093 3301 1148 socii
3339 1093 3507 1147 taliter
3529 1110 3830 1148 conversan-

2238 1178 2362 1232 tium
2398 1180 2520 1250 facti
2542 1195 2562 1235 :
2590 1196 2710 1234 nam
2739 1189 2786 1235 et
2828 1182 3005 1236 vinctis
3047 1182 3301 1253 compassi
3340 1183 3457 1238 estis
3476 1223 3492 1249 ,
3519 1192 3570 1237 et
3599 1185 3831 1253 rapinam

2240 1271 2484 1325 bonorum
2511 1281 2788 1326 vestrorum
2813 1288 2930 1326 cum
2969 1274 3155 1345 gaudio
3183 1274 3470 1343 suscepistis
3500 1274 3519 1342 (
3543 1273 3711 1329 Hebr.
3746 1276 3826 1331 1ο.

2238 1361 2467 1435 52-54).
2499 1365 2564 1420 Et
2591 1380 2777 1421 rursus
2800 1365 2869 1420 ad
2898 1366 3402 1423 Thessalonicenscs
3422 1368 3689 1432 scribens,
3717 1369 3828 1424 ait:

2248 1451 2348 1509 Vos
2367 1455 2500 1509 enim
2526 1457 2698 1509 eadem
2725 1456 2859 1526 passi
2890 1457 3008 1511 estis
3031 1473 3062 1510 a
3092 1457 3454 1512 contribulibus
3479 1460 3679 1522 vestris,
3707 1461 3829 1513 sicut

2238 1555 2284 1601 et
2304 1546 2403 1617 ipsi
2422 1563 2452 1600 a
2470 1546 2503 1600 .1
2510 1546 2689 1611 udteis,
2716 1547 2803 1617 qui
2826 1556 2872 1602 et
2899 1546 3180 1602 Dominum
3205 1560 3430 1603 nostrum
3451 1549 3766 1613 occiderunt,
3785 1560 3829 1604 et

2240 1636 2513 1707 prophetas
2533 1653 2653 1691 suos
2679 1638 2965 1710 persequuti
3002 1648 3121 1692 sunt
3147 1639 3164 1670 ¹
3194 1638 3270 1710 (1.
3302 1637 3481 1694 Thess.
3510 1640 3567 1693 2.
3596 1641 3686 1694 H.
3718 1640 3825 1711 15).

2240 1727 2445 1783 Rursus
2465 1728 2532 1783 ad
2552 1729 2859 1786 Corinthios
2879 1731 3140 1799 scribens,
3165 1731 3331 1797 Sicut,
3362 1732 3553 1802 inquit,
3572 1732 3827 1787 abundant

2239 1823 2497 1892 passiones
2526 1821 2717 1878 Christi
2741 1823 2793 1877 in
2823 1824 2961 1880 vobis
2986 1868 3003 1893 ,
3030 1834 3078 1879 et
3105 1825 3530 1896 quemadmodum
3557 1827 3686 1880 socii
3718 1827 3829 1881 estis

2239 1914 2533 1983 passionum
2556 1955 2572 1981 ,
2599 1915 2672 1968 ita
2711 1915 2849 1970 eritis
2889 1925 2938 1972 et
2979 1916 3343 1972 consolationis
3373 1917 3392 1989 (
3417 1917 3468 1972 1.
3507 1916 3634 1974 Car.
3667 1920 3717 1974 1.
3743 1918 3825 1989 5).

2239 2003 2306 2058 Et
2332 2003 2398 2058 ad
2426 2003 2640 2061 Galatas
2669 2022 2682 2058 :
2720 2005 2883 2060 Tanta
2905 2047 2921 2072 ,
2951 2007 3121 2077 inquit
3144 2049 3158 2069 ,
3190 2009 3328 2079 passi
3355 2009 3473 2064 estis
3500 2011 3616 2066 sine
3639 2026 3825 2075 causa,

2237 2096 2283 2151 si
2311 2106 2478 2152 tamen
2501 2098 2610 2152 sine
2632 2114 2787 2154 causa
2817 2098 2975 2172 (Cal.
3011 2101 3062 2154 5.
3087 2099 3179 2172 4).

2308 2188 2633 2261 Comparatio
2681 2191 2947 2263 Evangelii
2992 2209 3107 2246 cum
3163 2192 3335 2258 bello;
3380 2195 3679 2250 seductores
3716 2204 3826 2250 ante

2237 2278 2492 2337 Christum
2516 2299 2607 2336 cur
2628 2283 2909 2354 permiserit
2940 2283 3097 2340 Deus.
3126 2313 3200 2325 -—
3226 2284 3359 2341 Cum
3388 2287 3545 2356 igitur
3576 2287 3828 2356 prtedica-

2238 2380 2322 2428 tor
2351 2375 2649 2444 imperitus,
2679 2390 2800 2430 cum
2846 2377 3007 2432 etiam
3058 2392 3260 2447 pauper
3298 2388 3472 2443 esset,
3512 2389 3570 2433 et
3613 2393 3826 2449 prorsus

2237 2465 2504 2538 ignobilis,
2534 2478 2589 2524 et
2614 2468 2757 2539 quod
2784 2470 3187 2540 praedicabatur,
3219 2486 3326 2526 non
3355 2471 3516 2527 modo
3544 2488 3825 2528 commen-

2235 2556 2450 2612 datione
2474 2558 2556 2614 sui
2583 2570 2729 2614 esset
2756 2574 2999 2623 vacuum,
3024 2561 3373 2615 verumetiam
3395 2560 3699 2617 oﬁ‘ensione
3718 2562 3824 2632 ple-

2235 2649 2538 2715 nissimum,
2568 2660 2625 2707 et
2649 2652 2920 2707 auditores
2952 2652 3049 2723 ipsi
3081 2654 3287 2723 inopes,
3319 2653 3640 2720 imbecilles,
3671 2664 3824 2725 atque

2235 2743 2457 2797 omnino
2487 2743 2636 2809 nulli,
2663 2753 2719 2798 et
2749 2743 2980 2814 pericula
3010 2752 3116 2798 tam
3141 2745 3351 2810 crebra,
3385 2754 3491 2799 tam
3518 2747 3693 2812 varia,
3724 2761 3822 2800 non

2235 2832 2543 2889 doctoribus
2581 2835 2785 2902 solum,
2816 2836 2907 2890 sed
2939 2835 3101 2891 etiam
3146 2836 3420 2906 discipulis
3460 2838 3820 2901 imminerent.

2234 2933 2289 2980 et
2316 2926 2601 2980 crucifixus
2630 2937 2793 2993 esset,
2816 2926 2909 2997 qui
2938 2929 3285 2984 annuutiatur
3308 2929 3616 2988 adorandus
3639 2950 3655 2989 :
3678 2933 3823 3004 quid-

2234 3031 2357 3070 nam
2387 3016 2518 3072 illud
2560 3027 2663 3084 est,
2696 3018 2839 3088 quod
2883 3019 3040 3091 hujus
3081 3022 3391 3091 prmdieatio
3421 3026 3659 3094 potuerit
3685 3027 3821 3081 obti-

2235 3108 2403 3163 nere?
2447 3107 2634 3163 Nonne
2672 3109 3000 3166 lueidissime
3025 3112 3192 3168 claret
3217 3113 3395 3170 divina
3425 3114 3528 3171 hoc
3554 3127 3615 3172 et
3644 3118 3823 3173 ineffa-

2233 3198 2326 3254 bili
2374 3199 2602 3269 quadam
2651 3201 2845 3257 virtute
2892 3200 3231 3272 perfectum?
3272 3205 3424 3273 Quod
3472 3217 3626 3264 certe
3670 3210 3818 3264 etiam

2232 3290 2569 3345 inimicorum
2601 3293 3005 3361 comparatione
3033 3304 3207 3363 potest
3231 3296 3435 3367 liquido
3461 3300 3825 3367 comprobari.

2230 3380 2363 3438 Cum
2406 3383 2549 3438 enim
2576 3384 2774 3462 videris
2799 3387 3063 3441 contraria
3095 3387 3284 3443 horum
3318 3390 3563 3444 universa
3593 3407 3822 3447 concur-

2230 3489 2353 3529 rere
2383 3475 2435 3528 in
2467 3490 2628 3529 unum
2656 3493 2671 3531 :
2704 3476 2755 3531 id
2780 3485 2881 3544 est,
2913 3486 2968 3533 et
2993 3492 3145 3549 opes,
3176 3489 3231 3535 et
3259 3480 3620 3548 nobilitatem,
3650 3493 3705 3538 et
3731 3499 3821 3552 pa-

2232 3565 2346 3620 triai
2372 3565 2764 3633 claritudinem,
2788 3575 2842 3621 et
2860 3570 3107 3624 oratoria:
3134 3571 3265 3625 artis
3293 3587 3564 3643 pompam,
3591 3587 3655 3631 et
3678 3579 3817 3645 pacis

2231 3658 2597 3724 securitatem,
2622 3666 2676 3713 et
2706 3659 2987 3729 plurimam
3018 3660 3073 3715 in
3102 3662 3214 3731 ipsa
3243 3665 3628 3733 superstitione
3650 3668 3823 3722 cultu-

2232 3763 2366 3813 ram,
2385 3748 2640 3804 continuo
2662 3759 2837 3805 tamen
2863 3766 3066 3807 morem
3096 3752 3430 3822 profanitatis
3454 3757 3815 3823 exstinctum;

2231 3839 2331 3895 hos
2362 3826 2490 3897 vero
2515 3842 2605 3913 qui
2641 3853 2766 3897 sunt
2803 3860 2870 3899 ex
2906 3844 3129 3900 adversa
3177 3855 3327 3915 parte
3370 3861 3631 3917 superare
3665 3864 3821 3919 :qute

2231 3934 2420 3989 horum
2445 3950 2604 3990 causa
2627 3935 2716 4001 sit,
2740 3924 3022 4005 responde.
3050 3937 3179 3993 Tale
3202 3945 3288 3993 est
3309 3940 3473 4005 enim,
3496 3949 3553 3994 ut
3575 3954 3705 3995 cum
3732 3955 3817 3995 res

2229 4028 2494 4098 quispiam
2528 4029 2817 4084 instructus
2845 4030 3031 4095 armis,
3060 4029 3224 4087 fretus
3250 4033 3489 4086 exercitu
3513 4073 3528 4096 ,
3559 4034 3810 4102 potentis-

2229 4118 2394 4175 simas
2415 4118 2468 4173 in
2496 4118 2637 4174 bello
2663 4119 2806 4174 acies
2833 4120 3104 4201 instruens
3135 4124 3316 4175 hostes
3349 4137 3605 4190 superare
3627 4122 3813 4192 nequi-

2230 4210 2387 4276 verit,
2420 4210 2593 4265 nudus
2617 4210 2830 4280 aliquis,
2848 4219 2903 4266 et
2930 4226 3149 4281 pauper,
3175 4220 3229 4267 et
3246 4214 3416 4280 solus,
3437 4230 3503 4269 ne
3532 4213 3680 4271 brevi
3702 4214 3816 4284 qui-

2229 4300 2352 4357 dem
2379 4300 2558 4371 jacqu
2586 4310 2842 4367 armatus,
2866 4311 2957 4358 aut
2976 4303 3203 4372 simplici
3231 4304 3420 4359 saltem
3448 4316 3598 4361 veste
3624 4316 3812 4370 tectus,

2229 4403 2503 4450 certamen
2524 4394 2687 4460 ineat,
2709 4409 2880 4464 eaque
2905 4404 3122 4465 peragat
3142 4411 3262 4465 qua:
3289 4398 3380 4452 alii
3403 4413 3501 4453 nee
3523 4414 3646 4453 eum
3677 4399 3819 4453 mille

2230 4487 2446 4559 quidem
2471 4488 2857 4543 munitionibus
2879 4499 3089 4557 patrare
3112 4498 3417 4559 potuerunt.
3442 4490 3558 4545 Noli
3589 4493 3748 4561 igitur
3767 4492 3815 4545 in

2232 4595 2393 4652 prava
2439 4595 2756 4651 permanere
2805 4584 3090 4647 sententia,
3136 4581 3233 4636 sed
3278 4582 3526 4638 virtutem
3563 4599 3818 4640 venerare

2231 4673 2493 4728 crucifixi.
2523 4673 2709 4743 Neque
2732 4674 2875 4730 enim
2903 4673 2950 4729 si
2978 4690 3155 4745 regem
3185 4675 3417 4746 aliquem
3439 4676 3621 4733 videas
3645 4678 3819 4733 civita—

2233 4772 2315 4820 tes
2356 4764 2458 4820 sibi
2502 4765 2745 4821 escelsas
2789 4774 3090 4834 parantem,
3134 4767 3584 4839 circumagentem
3624 4768 3817 4834 fossas,

2233 4857 2402 4912 muris
2444 4857 2717 4913 machinas
2768 4858 3178 4925 admoventem,
3225 4859 3562 4917 innumeram
3610 4876 3820 4933 quoque

2235 4947 2520 5003 habentem
2548 4949 2775 5003 militum
2803 4950 3219 5015 multitudinem,
3246 4967 3398 5009 arma
3423 4948 3698 5025 fulgentia,
3729 4968 3821 5023 pe-

2233 5040 2418 5095 cunias
2435 5039 2688 5105 iulinitas,
2710 5056 2979 5111 unamque
3002 5040 3234 5097 hostium
3255 5042 3523 5100 civitatem
3545 5044 3821 5100 destruere

2234 5145 2339 5186 non
2373 5130 2681 5192 valentem;
2722 5130 2947 5186 alterum
2973 5147 3103 5186 vero
3142 5133 3286 5188 nudo
3311 5148 3541 5204 corpore
3562 5135 3817 5189 dimican-

2235 5230 2366 5287 tem,
2393 5222 2625 5293 solisque
2652 5222 2899 5278 manibus
2926 5231 3186 5291 utentem,
3209 5238 3315 5279 non
3342 5240 3523 5294 unam,
3554 5234 3647 5281 aut
3668 5225 3817 5290 duas,

2234 5324 2325 5368 aut
2354 5328 2570 5385 paucas,
2603 5315 2697 5371 sed
2721 5331 2946 5388 prorsus
2972 5316 3280 5372 innumeras
3310 5325 3530 5389 totoque
3558 5320 3689 5374 orbe
3717 5315 3818 5372 dEf-

2236 5405 2382 5461 l‘usas
2424 5406 2585 5462 urbes
2627 5417 3032 5477 percurrentem
3067 5407 3338 5475 celeriter,
3379 5418 3709 5479 cunctasque
3736 5423 3794 5461 ea

2236 5497 2490 5566 pientem,
2523 5495 2770 5552 humanm
2815 5497 2918 5553 hoc
2961 5496 3111 5554 dicas
3158 5513 3281 5554 esse
3313 5499 3546 5554 virtutis.
3587 5498 3674 5556 Sic
3701 5511 3819 5566 ergo

2238 5589 2423 5659 procul
2452 5588 2615 5644 dubio
2642 5589 2695 5643 in
2727 5590 2976 5659 pricsenti
3004 5603 3165 5644 causa
3194 5590 3532 5646 sentiendum
3560 5599 3660 5645 est.
3691 5588 3811 5642 Pro-

2307 5702 2321 5732 ¹
2458 5701 2607 5772 addit2
2645 5707 2691 5772 et
2727 5714 2813 5753 nos
2849 5700 3159 5772 expulerunt,
3196 5708 3243 5754 et
3272 5711 3384 5755 .Dco
3418 5715 3510 5754 non
3534 5700 3736 5766 placent,
3771 5707 3815 5749 ct

2242 5763 2460 5815 omnibus
2476 5763 2745 5816 hominibus
2770 5763 3004 5817 contrarii
3017 5770 3154 5837 sunt.‘
