4032 6436
254 386 365 445 491

242 505 491 573 ῖσχυσεν,
530 497 741 568 ὦς’καὶ
790 502 1113 574 Ῥωμαίους,
1157 508 1255 562 καὶ
1303 507 1541 580 Πέρσας,
1587 509 1684 563 καὶ
1734 506 1833 561 ἰν-

238 595 392 659 δούς,
427 596 525 650 καὶ
567 595 798 661 Σκύθας,
838 598 935 651 καὶ⁵
979 598 1264 663 Αἰθίοπας,
1312 600 1406 653 καὶ
1448 600 1831 673 Σαυρομάτας,

241 688 343 741 καὶ
391 687 661 760 Πάρθους,
716 688 812 741 καὶ
859 689 1102 760 Μήδους,
1155 690 1251 745 καὶ
1307 693 1682 764 Σαρακηνούς,
1734 692 1833 747 καὶ

239 777 393 833 ἅπαν
421 777 609 842 ἀπλῶς
638 778 701 832 τὸ
732 777 839 833 τῶν
872 778 1176 851 ἀνθρώπων
1203 780 1360 850 γένος
1394 781 1531 853 πρὸς
1562 774 1662 854 τὴν
1694 784 1829 854 ἀλή-

240 871 400 924 θειαν
443 872 811 940 ἐπαναγαγεῖν
858 874 917 925 ἐν
961 872 1136 926 ἐτεσιν
1175 874 1296 928 οὐδὲ
1337 874 1478 939 ὅλοις
1512 876 1831 947 τριάκοντα.

238 962 419 1015 Πόθεν
449 958 562 1027 οὖν,
600 963 720 1016 εἰπέ
761 981 874 1035 μοι,
910 965 940 1016 ὁ
977 964 1255 1037 ἀγοραῖος,
1289 966 1385 1020 καὶ
1422 968 1515 1021 ἐπὶ
1559 968 1831 1039 ἐργαστη-

240 1053 367 1120 ρίου
415 1051 685 1125 ἑστηκὼς,
722 1055 816 1109 καὶ
851 1054 1050 1127 σμίλην
1099 1055 1510 1127 μεταχειρίζων,
1543 1059 1638 1111 καὶ
1672 1057 1833 1122 αὐτὸς

237 1143 470 1197 τοιαῦτα
521 1143 851 1215 ἐφιλοσόφει,
909 1147 1003 1201 καὶ
1048 1149 1177 1212 τοὺς
1224 1149 1419 1215 ἄλλους
1472 1151 1677 1216 ἔπεισε,
1737 1151 1834 1206 καὶ

239 1235 397 1307 ἔθνη,
434 1236 529 1290 καὶ
569 1237 773 1302 πόλεις,
817 1240 912 1293 καὶ
952 1238 1156 1312 χώρας,
1193 1243 1252 1295 οὐ
1296 1242 1469 1312 λόγων
1513 1245 1665 1315 ίσχύν
1710 1246 1833 1299 ἐπι-

236 1328 613 1399 δεικνύμενος,
648 1329 782 1385 ἀλλά
811 1332 906 1386 καὶ
945 1333 1255 1387 τούναντίον
1281 1335 1447 1400 ἀπαν,
1475 1336 1574 1406 τὴν
1597 1337 1833 1408 ἐσχάτην

236 1422 485 1492 ἀμαθίαν
517 1422 733 1494 ἀμαθὴς
763 1422 867 1491 ῶν;
898 1425 1164 1480 Ἄκουσον
1192 1426 1325 1496 γοῦν
1362 1428 1524 1482 αὐτοῦ
1556 1428 1828 1498 λέγοντος,

236 1513 339 1566 καὶ
375 1513 476 1567 οὐκ
510 1515 937 1586 αἰσχυνομένουο
979 1519 1049 1571 Εἰ
1089 1518 1190 1572 καί
1243 1518 1477 1588 ἰδιώτης
1522 1520 1603 1586 τῷ
1651 1520 1829 1591 λόγῳ,

236 1608 384 1661 ἀλλ’
420 1607 493 1660 οὐ
526 1604 602 1674 τῇ
635 1604 873 1675 γνώσει.
915 1608 988 1661 Οὐ
1022 1610 1282 1681 χρήματα
1324 1612 1681 1682 κεκτημένος.
1721 1612 1833 1665 Καὶ

234 1696 353 1768 γὰρ
392 1697 486 1752 καὶ
527 1697 686 1752 τοῦτο
722 1698 884 1763 αὐτός
921 1716 1086 1770 φησιο
1115 1701 1303 1772 Μέχρι
1349 1702 1461 1771 τῆς
1502 1703 1630 1772 ἄρτι
1676 1702 1832 1772 ὥρας

236 1790 340 1842 καί
360 1786 675 1858 πεινῶμεν,
694 1791 790 1843 καὶ
810 1789 1218 1870 διψῶμεν,καί
1244 1811 1439 1864 γυμνη
1449 1796 1714 1863 τεύομεν,
1736 1790 1836 1865 καὶ

237 1877 696 1946 κολαφιζόμεθα.
729 1879 839 1931 Καὶ
877 1880 928 1932 τί
961 1880 1105 1949 λέγω
1143 1884 1420 1953 χρήματα,
1452 1884 1587 1937 ὅπου
1620 1901 1684 1953 γε
1712 1885 1832 1938 οὐδὲ

234 1969 342 2038 τῆς
366 1969 669 2037 ἀναγκαίας
696 1969 953 2035 πολλάκις
975 1973 1197 2045 εὐπόρει
1222 1974 1451 2047 τροφῆς,
1477 1976 1596 2029 οὐδέ
1619 1976 1832 2045 ἱμάτιον

238 2059 637 2132 περιϐαλέσθαι
674 2054 859 2130 εἷχέν;
893 2062 1013 2115 ’Ότι
1056 2063 1113 2116 δέ
1147 2064 1266 2118 οὐδὲ
1306 2064 1365 2132 ἐξ
1402 2066 1832 2137 ἐπιτηδεύματος

236 2147 618 2223 λαμπρὸςῆν,
662 2152 759 2205 καὶ
802 2151 959 2206 τοῦτο
1003 2155 1032 2207 ό
1081 2154 1329 2227 μαθητὴς
1377 2156 1542 2210 αὐτοῦ
1589 2156 1830 2211 δείκνυσι

236 2244 437 2310 λέγων,
468 2244 551 2296 ὅτι
583 2245 820 2312 Ἔμεινε
849 2245 998 2312 πρὸς
1042 2246 1298 2301 Ἀκύλαν
1323 2248 1424 2301 καί
1454 2250 1832 2317 Πρίσκιλλαν

236 2335 339 2390 διὰ
397 2335 462 2388 τὸ
512 2336 839 2404 ὁμότεχνον
864 2352 879 2366 ·
929 2331 1095 2406 ἦσαν
1140 2337 1251 2407 γὰρ
1299 2338 1654 2406 σκηνοποιοὶ
1714 2339 1831 2407 τὴν

242 2425 485 2496 τέχνην.
538 2427 649 2480 Οὐκ
689 2427 797 2480 ἀπὸ
849 2428 1125 2499 προγόνων
1180 2427 1469 2498 ἐπίσημος.
1520 2428 1645 2490 Πῶς
1692 2428 1826 2500 γὰρ,

235 2516 483 2570 τοιοῦτον
522 2516 859 2587 ἐπιτήδευμα
897 2516 1067 2588 ἔχων.
1104 2517 1221 2570 Οὐκ
1262 2517 1371 2570 ἀπὸ
1410 2518 1685 2587 πατρίδος,
1731 2519 1831 2573 οὐκ

236 2608 350 2660 ἀπὸ
382 2607 586 2671 ἔθνους.
627 2607 766 2660 Ἀλλ’
801 2609 951 2678 ὅμως
984 2606 1153 2661 ἐλθὼν
1185 2610 1264 2671 είς
1300 2608 1483 2677 μέσον,
1517 2608 1611 2662 καὶ
1646 2609 1832 2677 φανεὶς

241 2698 426 2770 μόνον,
453 2699 631 2752 πάντα
660 2695 889 2770 ἐτάραξε
913 2698 982 2751 τὰ
1009 2699 1117 2751 τῶν
1138 2697 1434 2764 ἐναντίων,
1465 2699 1642 2751 πάντα
1676 2697 1829 2771 [495]

239 2791 486 2861 συνέχεε,
518 2793 611 2845 καὶ
650 2791 901 2861 καθάπερ
935 2791 1153 2860 πῦρείς
1182 2791 1436 2860 καλάμην
1468 2792 1706 2862 ἐμπεσὸν
1734 2796 1831 2848 καὶ

236 2881 457 2952 χόρτον,
479 2881 621 2935 οὕτω
641 2881 944 2935 κατέκαυσε
964 2881 1033 2935 τὰ
1053 2881 1159 2934 τῶν
1173 2881 1462 2952 δαιμόνων,
1486 2883 1578 2935 καὶ
1593 2883 1672 2946 εἰς
1688 2882 1831 2954 ειπερ

239 2972 514 3037 ἐϐούλετο,
573 2973 750 3027 πάντα
813 2973 1131 3045 μετέστησε.
1193 2973 1303 3025 Καὶ
1349 2973 1410 3026 οὐ
1461 2973 1618 3027 τοῦτο
1671 2974 1832 3044 μόνον

238 3067 361 3119 ἐστὶ
400 3066 460 3118 τὸ
500 3064 832 3135 θαυμαστὸν,
874 3065 955 3117 ὅτι
995 3064 1157 3126 αὐτὸς
1195 3063 1434 3127 τοιοῦτος
1477 3062 1552 3117 ὣν
1592 3064 1832 3119 τοσαῦτα

241 3156 483 3227 ἴσχυσεν,
517 3156 631 3209 ἀλλ’
661 3157 744 3208 ὅτι
774 3157 868 3209 καὶ
897 3156 946 3208 οί
977 3154 1194 3218 πλείους
1214 3154 1323 3209 τῶν
1353 3154 1828 3226 μαθητευομένων,

238 3248 492 3317 πένητες,
533 3245 757 3311 ἰδιῶται,
798 3246 1134 3311 ἀπαίδευτοι,
1174 3244 1318 3316 λιμῷ
1364 3244 1655 3310 συζῶντες,
1693 3246 1830 3316 ἀση-

241 3354 335 3409 μοι
368 3338 462 3390 καὶ
490 3336 549 3403 ἐξ
589 3337 836 3407 ἀσήμων.
879 3336 990 3389 Καὶ
1021 3335 1195 3389 ταῦτα
1228 3337 1323 3389 καὶ
1362 3336 1524 3398 αὐτὸς
1548 3336 1828 3407 κηρύττει,

236 3429 338 3482 καὶ
374 3428 474 3481 οὐκ
507 3427 822 3496 αἰσχύνεται
863 3426 1036 3496 λέγων
1075 3426 1256 3480 αὐτῶν
1292 3425 1390 3497 τὴν
1430 3427 1620 3481 πενίαν
1643 3443 1658 3456 ·
1692 3426 1829 3497 μᾶλ-

236 3520 332 3573 λον
361 3520 419 3572 δέ
447 3519 568 3572 οὐδέ
594 3518 908 3591 προσαιτῶν
944 3518 1085 3589 ὑπὲρ
1112 3518 1310 3571 αὐτῶν.
1346 3518 1675 3586 Πορεύομαι
1697 3518 1827 3588 γὰρ,

238 3612 426 3682 φησὶν,
456 3613 542 3676 εἰς
577 3609 973 3679 Ἰερουσαλὴμ
1003 3608 1299 3663 διακονῶν
1323 3609 1447 3675 τοῖς
1477 3610 1668 3678 ἁγίοις
1691 3627 1704 3641 -
1734 3609 1828 3662 καὶ

239 3704 424 3763 πάλιν,
449 3688 627 3756 Κατὰ
639 3702 787 3771 μίαν
812 3701 1126 3755 σαϐϐάτων
1146 3701 1405 3768 ἕκαστος
1429 3700 1596 3770 ὑμῶν
1624 3699 1829 3753 τιθέτω

241 3793 386 3861 παρ’
419 3792 610 3857 ἐαυτῷ
638 3790 1027 3860 θησαιφίζων,
1054 3791 1155 3844 ἵνα
1185 3789 1294 3861 μὴ,
1325 3791 1471 3844 ὅταν
1493 3791 1667 3853 ἔλθω,
1695 3791 1830 3843 τότε

237 3883 439 3952 λογίαι
482 3883 780 3953 γίνωνται.
822 3882 942 3935 Ὀτι
983 3882 1041 3935 δὲ
1083 3883 1178 3935 καὶ
1222 3882 1285 3935 τὸ
1334 3882 1514 3935 πλεῖον
1546 3881 1724 3934 αὐτῶν
1769 3879 1829 3946 ἐξ

244 3974 474 4028 ἰδιωτῶν
513 3973 878 4044 συνειστήκει,
924 3973 1234 4045 Κορινθίοις
1270 3973 1619 4038 ἐπιστέλλων,
1654 3973 1825 4044 φησί’

237 4065 505 4121 Βλέπετε
540 4065 657 4134 τὴν
678 4064 907 4133 κλῆσιν
942 4062 1127 4134 ὑμῶν,
1158 4064 1249 4119 ὅτι
1287 4066 1359 4119 οὐ
1400 4064 1620 4118 πολλοὶ
1646 4063 1829 4133 σοφοὶ

239 4161 396 4213 κατὰ
414 4158 632 4227 σάρκα·
652 4158 749 4213 καί
772 4157 865 4213 ὅτι
892 4158 961 4223 ἐξ
976 4156 1248 4228 ἀσήμων,
1270 4159 1353 4212 Οὐ
1374 4158 1614 4219 πολλοὶ,
1639 4158 1823 4228 φησὶν,

239 4250 507 4319 εὐγενεῖς
536 4266 551 4281 ο
600 4251 695 4304 καὶ⁵
742 4248 805 4307 οὐ
864 4250 1026 4321 μόνον
1076 4251 1177 4305 οὐκ
1225 4250 1489 4320 εὐγενεῖς,
1544 4248 1682 4304 ἀλλά
1734 4250 1828 4304 καὶ

243 4340 451 4411 σφόδρα
494 4339 747 4403 εὐτελεῖς.
792 4340 901 4392 Kal
944 4338 1057 4409 γὰρ
1096 4338 1168 4393 τὰ
1206 4338 1467 4408 ἀσθενῆ,
1514 4339 1682 4411 φησὶ,
1718 4339 1825 4394 τοῦ

241 4431 473 4500 κόσμου
492 4430 809 4496 ἐξελέξατο
834 4433 867 4485 ό
890 4431 1055 4497 Θεὸς,
1090 4430 1190 4484 καί
1216 4430 1289 4484 τὰ
1309 4430 1395 4500 μὴ
1432 4429 1593 4492 ὄντα,
1630 4431 1731 4484 ἵνα
1756 4431 1827 4485 τὰ

243 4523 391 4577 ὄντα
414 4523 785 4593 καταργήσῃ.
824 4523 963 4577 Ἀλλ’
994 4521 1209 4593 ἰδιώτης
1241 4523 1340 4594 μέν
1364 4525 1455 4577 καὶ
1481 4523 1824 4587 ἀπαίδευτος,

240 4616 467 4681 πιθανὸς
496 4616 553 4670 δὲ
587 4615 838 4671 ὁπωσοῦν
874 4617 1084 4683 είπεῖν;
1130 4615 1260 4670 Οὐδὲ
1303 4614 1480 4669 τοῦτο.
1527 4614 1638 4669 Καὶ
1668 4612 1827 4668 τοῦτο

242 4708 408 4773 αὐτὸς
459 4708 620 4763 πάλιν
668 4708 911 4762 δείκνυσι
958 4708 1168 4777 λέγων·
1210 4707 1384 4777 Κάτὼ
1432 4704 1625 4779 ἦλθον
1676 4708 1827 4775 πρὸς

242 4801 421 4871 ὑμᾶς,
451 4802 524 4857 οὐ
549 4804 680 4859 καθ’
713 4802 1024 4873 ὑπεροχὴν
1057 4802 1242 4873 λόγου
1270 4801 1309 4871 ἢ
1339 4803 1583 4871 σοφίας,
1611 4818 1828 4870 καταγ-

242 4894 479 4963 γέλλων
523 4893 664 4964 ὑμῖν
716 4893 783 4949 τὸ
823 4896 1169 4965 μαρτύριον.
1223 4895 1305 4948 Οὐ
1355 4894 1467 4964 γὰρ
1514 4891 1723 4962 ἔκρινά
1771 4909 1829 4946 τι

240 4983 461 5041 εἰδέναι
490 4986 562 5041 ἐν
594 4986 757 5056 ὑμῖν,
792 4988 842 5040 εἰ
860 4985 947 5056 μὴ
985 4985 1220 5054 Ἰησοῦν
1248 4986 1522 5055 Χριστὸν,
1554 4986 1651 5040 καί
1685 4984 1825 5041 τοῦ-

242 5094 352 5131 νον
381 5077 836 5148 ἐσταυρωμένον
859 5093 873 5105 ’
912 5075 1012 5133 καί
1050 5080 1084 5132 ό
1121 5078 1303 5147 λόγος
1333 5095 1452 5147 μου
1492 5076 1588 5130 καὶ
1622 5076 1689 5130 τὸ
1723 5075 1829 5143 κή-

238 5170 439 5237 ρυγμά
491 5186 605 5238 μου
653 5171 765 5224 οὐκ
812 5169 883 5223 ἐν
932 5168 1234 5236 πειθανοῖς
1266 5181 1293 5209 ει
1329 5170 1552 5239 σοφίας
1601 5170 1824 5238 λόγοις.

257 5259 421 5315 Ἀλλά
457 5260 518 5314 τὸ
556 5260 960 5333 κηρυττόμενον
1000 5262 1181 5317 ἱκανὸν
1221 5260 1645 5315 ἐπισπάσασθαι.
1687 5261 1827 5315 Ἀλλ’

244 5350 474 5405 ἄκουσον
496 5352 589 5404 καὶ
613 5351 740 5423 περὶ
766 5351 930 5404 αὐτοῦ
950 5351 1002 5405 τί
1027 5368 1193 5423 φησιν
1212 5369 1226 5382 ·
1245 5351 1399 5406 Ἑπεί
1428 5352 1525 5406 καί
1553 5351 1828 5407 Ἰουδαῖοι

243 5443 466 5512 σημεῖα
497 5443 755 5507 αἰτοῦσι,
792 5443 900 5498 καί
927 5443 1221 5512 Ἕλληνες
1257 5444 1483 5513 σοφίαν
1513 5441 1824 5512 ζητοῦσιν,

246 5533 420 5602 ἡμεῖς
473 5534 543 5589 δὲ
607 5537 975 5606 κηρύττομεν
1032 5538 1291 5607 Χριστὸν
1350 5535 1828 5607 ἐσταυρωμένον,

262 5623 563 5692 Ἰουδαίοις
604 5624 721 5695 μὲν
760 5624 1129 5690 σκάνδαλον,
1174 5625 1437 5694 Ἕλλησι
1470 5624 1538 5681 δὲ
1579 5626 1827 5696 μωρίαν.

325 5808 356 5842 ³
370 5809 519 5903 Siﬂl.
541 5816 594 5863 et
607 5812 732 5863 Bibl.
764 5814 953 5871 ⁴ιιῐειθοῖς.

1124 394 1214 452 DF.
1253 396 1599 456 LAUDIBUS
1640 399 1698 456 S.
1747 395 1953 456 PAULI
1986 400 2351 462 APOSTOLI.
2394 406 2626 463 HOMIL.
2661 404 2781 466 IV.»

3423 404 3531 457 49°.

1956 506 2113 563 Ἀλλά
2155 510 2339 577 ἀδείας
2384 512 2732 586 ἀπήλαυσεν;
2780 514 2920 568 Ἀλλ’
2962 515 3083 571 οὐδὲ
3124 516 3345 572 ἀνέπνει
3394 531 3523 571 ποτε

1936 608 2048 663 τῶν
2085 613 2364 669 κινδύνων.
2400 615 2509 668 Καὶ
2543 614 2653 685 γὰρ
2685 614 2755 668 ἐν
2796 615 3098 684 ἀσθενείᾳ,
3139 616 3293 688 φησὶ,
3322 618 3421 673 καί
3455 619 3524 671 ἐν

1940 714 2103 782 φόϐῳ
2139 714 2237 768 καί
2274 714 2344 770 ἐν
2365 717 2556 786 τρόμῳ
2594 715 2803 782 πολλῷ
2826 717 3117 788 ἐγενόμην
3144 718 3293 787 πρὸς
3330 719 3515 790 ὑμᾶς-

1939 813 2040 867 οὐκ
2072 813 2234 881 αὐτὸς
2278 814 2335 869 δὲ
2379 816 2559 887 μόνον,
2588 816 2723 871 ἀλλὰ
2765 818 2860 871 καί
2900 820 2948 871 οί
2994 818 3236 890 μαθηταὶ
3274 819 3343 874 τὰ
3383 819 3521 873 αὐτά

1942 917 2199 988 ἔπασχον.
2227 919 2546 989 Μέμνησθε
2582 919 2711 991 γὰρ,
2747 919 2902 992 φησὶ,
2928 920 3035 987 τὰς
3064 920 3356 990 πρότερον
3384 921 3520 990 ἠμέ-

1931 1035 2068 1087 ρας,
2109 1019 2181 1074 ἐν
2215 1014 2311 1088 αῖς
2348 1022 2762 1090 φωτισθέντες,
2804 1020 3048 1091 πολλὴν
3099 1022 3364 1089 ἄθλησιν
3415 1024 3521 1076 ὑπ·

1940 1122 2210 1192 εμεινατε
2240 1121 2599 1203 παθημάτων
2620 1139 2634 1154 ο
2666 1124 2843 1179 τοῦτο
2857 1125 2997 1193 μὲν,
3036 1123 3397 1194 ὀνειδισμοῖς
3419 1123 3517 1178 καί

1939 1225 2191 1294 θλίψεσι
2231 1221 2677 1294 θεατριζὶίμενοι,
2726 1224 2901 1278 τοῦτο
2944 1224 3014 1277 δὲ
3054 1223 3349 1287 κοινωνοί,
3399 1221 3503 1275 τῶι

1940 1328 2092 1382 οὕτω
2126 1328 2490 1397 πασχόντων
2503 1326 2900 1396 γεννηθέντες.
2911 1325 3020 1379 Καὶ
3051 1326 3160 1397 γὰρ
3187 1326 3305 1396 τὴν
3331 1327 3511 1395 άρπαι

1939 1428 2059 1500 τὴν
2078 1428 2197 1484 τῶν
2222 1430 2615 1499 ὑπαρχόντων
2645 1427 2814 1499 ὑμῶν
2830 1428 2981 1497 μετὰ
3010 1425 3198 1498 χαρᾶς
3225 1426 3505 1496 προσεδέο

1941 1530 2145 1595 ξασθε.
2194 1529 2306 1584 Καὶ
2349 1528 2510 1583 πάλιν
2556 1526 3006 1581 Θεσσαλονικεῦσι
3053 1527 3279 1597 γράφων
3324 1525 3472 1595 λέγει
3497 1542 3517 1556 ·

1952 1631 2147 1701 Ὑμεῖς
2183 1630 2292 1701 γὰρ
2320 1628 2391 1684 τὰ
2421 1627 2575 1683 αὐτὰ
2603 1626 2852 1682 ἐπάθετε
2878 1626 2995 1681 ὑπὸ
3024 1625 3144 1680 τῶν
3173 1626 3336 1679 ἰδίων
3363 1641 3511 1696 συμ-

1936 1731 2234 1805 φυλετῶν,
2280 1732 2471 1799 καθὼς
2520 1730 2619 1786 καὶ
2656 1729 2826 1785 αὐτοί
2868 1729 2989 1786 ὑπὸ
3026 1728 3145 1784 τῶν
3191 1730 3513 1794 Ἰουδαίων,

1939 1833 2058 1888 τῶν
2108 1834 2206 1888 καί
2251 1834 2359 1887 τὸν
2403 1833 2624 1902 Κύριον
2672 1829 3189 1897 ἀποκτεινάντων,
3232 1828 3330 1883 καί
3383 1828 3518 1894 τοὺς

1939 1937 2128 2001 ἰδίους
2152 1935 2481 2005 προφήτας,
2504 1933 2603 1987 καί
2630 1932 2789 2003 ἡμᾶς
2808 1932 3235 1998 ἐκδιωξάντων,
3261 1930 3361 1985 καί
3396 1929 3519 1996 Θεῷ

1933 2035 2021 2106 μὴ
2053 2037 2455 2103 ἀρεσκόντων,
2485 2036 2585 2089 καί
2613 2034 2805 2090 πᾶσιν
2835 2033 3170 2103 ἀνθρώποις
3205 2031 3517 2086 ἐναντίων.

1939 2136 2050 2189 Καὶ
2101 2134 2409 2206 Κορινθίοις
2458 2134 2514 2188 δὲ
2557 2133 2720 2188 πάλιν
2773 2132 3103 2187 ἐπιστέλλων
3153 2131 3357 2201 ἔλεγεν,
3395 2131 3521 2183 Ὅτι

1938 2237 2284 2304 περισσεύει
2321 2234 2394 2289 τὰ
2428 2234 2748 2303 παθήματα
2780 2235 2887 2289 τοῦ
2924 2233 3182 2301 Χριστοῦ
3216 2234 3304 2297 εἰς
3339 2230 3517 2300 ὑμᾶς,

1940 2338 2038 2391 καὶ
2068 2335 2270 2405 ὥσπερ
2308 2337 2581 2390 κοινωνοί
2627 2337 2766 2390 ἐστε
2806 2335 2922 2389 τῶν
2952 2333 3329 2404 παθημάτων,
3366 2333 3521 2386 οὕτω

1938 2439 2037 2494 καί
2069 2439 2180 2505 τῆς
2212 2437 2650 2507 παρακλήσεως
2672 2455 2686 2469 ·
2740 2437 2835 2490 καὶ
2884 2437 3151 2505 Γαλάταις
3177 2475 3193 2501 ,
3245 2434 3520 2489 Τοσαῦτα

1938 2540 2186 2595 ἐπάθετε
2212 2538 2366 2607 εἰκῆ,
2388 2539 2571 2610 φησὶν,
2600 2537 2743 2608 εἴγε
2765 2535 2862 2590 καί
2894 2533 3042 2603 εἰκῆ.
3139 2531 3154 2540 ’

2014 2641 2181 2695 Ὅταν
2212 2637 2305 2694 οὖν
2328 2641 2420 2693 καὶ
2443 2641 2471 2692 ὁ
2490 2637 2774 2709 κηρύττων
2803 2635 3016 2705 ἰδιώτης
3106 2634 3198 2687 καὶ
3228 2632 3394 2702 πένης
3426 2631 3520 2684 καὶ
3604 2668 3613 2674 -

1938 2743 2148 2814 ἄσημος
2168 2782 2182 2803 ,
2219 2741 2313 2795 καὶ
2346 2741 2408 2793 τὸ
2448 2738 2848 2811 κηρυττόμενον
2887 2736 2988 2788 οὐκ
3028 2732 3334 2802 ἐπαγωγὸν,
3382 2730 3521 2784 ἀλλά

1938 2841 2032 2895 καὶ
2068 2840 2362 2895 σκάνδαλον
2403 2839 2545 2909 ἕχον,
2577 2837 2672 2892 καὶ
2710 2837 2762 2889 οἱ
2799 2835 3086 2896 ἀκούοντες
3127 2832 3261 2886 αὐτὸ
3289 2830 3520 2900 πένητες

1938 2944 2033 2995 καὶ
2078 2942 2324 3004 ἀσθενεῖς
2371 2940 2467 2993 καὶ
2512 2938 2747 3000 οὐδένες,
2800 2936 2895 2988 καὶ
2942 2932 3175 2988 κίνδυνοι
3231 2930 3521 3000 ἐπάλληλοι

1937 3045 2032 3095 καλ.
2066 3044 2308 3111 συνεχεῖς
2338 3037 2489 3111 μεθ]
2528 3038 2623 3091 καὶ
2656 3038 2769 3099 τοῖς
2796 3032 3133 3095 διδασκάλοις
3156 3032 3385 3094 καὶτοῖς
3414 3047 3521 3101 μα-

1939 3141 2149 3213 θηταῖς,
2180 3141 2275 3195 καὶ
2311 3142 2341 3193 ὁ
2378 3137 2873 3206 καταγγελλόμενος
2902 3131 3335 3204 ἐσταυρωμένος,
3367 3130 3419 3182 τί
3459 3129 3523 3181 τὸ

1939 3245 2169 3313 ποιῆσαν
2213 3242 2537 3314 κρατήσειν;
2583 3238 2701 3292 Οὐκ
2738 3235 2956 3305 εύδηλον
2996 3235 3079 3287 ὅτι
3125 3233 3246 3287 θεία
3288 3248 3374 3295 τις
3422 3230 3521 3283 καὶ

1938 3342 2245 3412 ἀπόρρητος
2269 3340 2530 3410 δύναμις;
2562 3337 2731 3391 Παντί
2766 3354 2865 3388 που
2886 3336 3041 3405 δῆλον
3069 3351 3083 3365 ο
3115 3334 3212 3386 καὶ
3239 3331 3397 3384 τοῦτο
3426 3329 3522 3383 καὶ

1937 3442 2046 3495 ἀπὸ
2075 3441 2185 3495 τῶν
2222 3438 2478 3493 ἐναντίων
2508 3438 2626 3490 ἐστὶ
2662 3435 2919 3488 κατιδεῖν.
2960 3435 3129 3486 Ὅταν
3161 3430 3271 3501 γὰρ
3308 3429 3425 3499 ῖδῃς
3453 3425 3523 3479 τά

1937 3542 2154 3596 ἐναντία
2177 3539 2379 3593 τούτων
2411 3537 2805 3607 συνδραμόντα,
2838 3533 2932 3586 καὶ
2960 3530 3212 3595 πλοῦτον,
3243 3527 3338 3581 καὶ
3366 3525 3524 3594 εὐγὲ-

1936 3659 2105 3709 νειαν,
2134 3640 2237 3694 ’καὶ
2273 3637 2531 3709 πατρίδος
2575 3635 2840 3709 μέγεθος,
2884 3634 2980 3688 καλ¹
3031 3627 3316 3704 ῥητορείας
3355 3624 3524 3678 δεινό-

1936 3760 2091 3814 τητα,
2123 3740 2220 3795 καὶ
2252 3739 2434 3795 ἄδειαν
2468 3738 2564 3792 καί⁵
2603 3736 2899 3809 θεραπείαν
2931 3732 3150 3803 πολλὴν,
3190 3728 3284 3784 καὶ
3319 3725 3522 3789 εὐθέως

1937 3842 2229 3898 σϐεσθέντα
2267 3840 2337 3894 τὰ
2379 3838 2862 3911 καινοτομηθέντα,
2904 3835 3126 3896 τούτους
3168 3831 3224 3884 δέ
3262 3828 3369 3884 ἀπὸ
3412 3830 3521 3880 τῶν

1934 3946 2190 4000 ἐναντίων
2245 3947 2720 4015 περιγενομένους,
2766 3940 2820 3994 τί
2865 3938 2927 3993 τὸ
2972 3937 3165 4000 αἴτιον,
3217 3931 3341 3987 εἰπέ
3388 3946 3519 3997 μοις

1936 4050 2143 4104 Ταύτδν
2172 4049 2282 4118 γὰρ
2326 4045 2547 4117 συνέϐη,
2589 4039 2701 4098 οἷον
2749 4044 2817 4098 ἂν
2854 4044 2903 4096 εί
2954 4039 3093 4112 μετά
3141 4033 3522 4108 στρατοπέδων

1934 4150 2033 4204 καὶ
2087 4148 2267 4203 ὃπλων
2313 4148 2410 4201 καὶ
2462 4143 2823 4216 παρατάξεως
2874 4140 2969 4194 τοῦ
3023 4136 3393 4210 βασιλεύοντος
3443 4131 3520 4202 μὴ

1931 4249 2248 4322 δυνηθέντος
2301 4247 2575 4319 κρατῆσαι
2633 4243 2742 4298 τῶν
2803 4241 3115 4314 βαρϐάρων,
3172 4234 3386 4306 πτωχός
3435 4248 3521 4294 τις

1933 4349 2140 4421 γυμνὸς
2174 4349 2269 4403 καὶ
2307 4348 2488 4420 μόνος,
2522 4344 2619 4400 καὶ
2654 4343 2791 4416 μηδὲ
2822 4342 3071 4397 ἀκόντιον
3102 4332 3517 4410 μεταχειρίξων,
3572 4361 3582 4369 ι

1937 4457 2073 4530 μηδὲ
2124 4455 2339 4528 ἱμάτιον
2387 4453 2549 4525 ἔχων,
2604 4449 2862 4505 εἰσελθὼν
2910 4444 3259 4519 διαπράξοιτο
3299 4442 3337 4497 ἃ
3380 4440 3519 4510 μετά

1931 4563 2112 4618 ὃπλων
2132 4561 2227 4615 καὶ
2248 4557 2603 4632 παρασκευῆς
2625 4557 2726 4611 οὐκ
2755 4555 2980 4626 ίσχυσαν
3000 4552 3197 4621 ἐτεροι.
3225 4547 3317 4618 Μὴ
3339 4546 3519 4598 τοίνυν

1883 4672 1887 4676 ”
1934 4668 2262 4743 ἀγνωμόνει,
2300 4663 2438 4720 ἀλλά
2473 4662 2594 4718 καθ’
2624 4660 2865 4731 ἑκάστην
2892 4657 3026 4727 φέρε
3054 4655 3153 4726 τὴν
3190 4652 3391 4722 ψῆφον,
3423 4649 3519 4703 καὶ

1933 4772 2229 4848 προσκύνει
2254 4768 2350 4826 τοῦ
2384 4766 2785 4840 σταυρωθέντος
2815 4764 2915 4836 τὴν
2941 4760 3190 4832 δύναμιν.
3226 4756 3362 4811 Οὐδὲ
3384 4755 3516 4826 γὰρ,

1933 4868 2002 4923 ἂν
2049 4866 2168 4938 ἴδῃς
2206 4863 2328 4919 τινά
2368 4861 2553 4925 πόλεις
2586 4855 3085 4920 κατασκευάζοντα,
3133 4850 3231 4905 καὶ
3276 4849 3518 4920 τάφρους

1935 4968 2357 5046 περιελαύνοντα
2375 5009 2392 5035 ,
2442 4965 2541 5021 καὶ
2596 4963 2965 5039 μηχανήματα
3018 4958 3360 5029 προσάγοντα
3411 4953 3518 5007 τείο

1933 5090 2076 5144 χεσι,
2127 5070 2223 5125 καὶ
2271 5067 2413 5125 ὅπλα
2465 5065 2820 5138 χαλκεύοντα,
2877 5060 2974 5116 καὶ
3031 5056 3365 5131 στρατιώτας
3414 5071 3516 5107 κα-

1934 5177 2251 5248 ταλέγοντα,
2315 5174 2412 5230 καὶ
2453 5174 2714 5246 χρήματα
2772 5168 2965 5240 ἔχοντα
3009 5165 3232 5236 ἄπειρα,
3297 5159 3390 5214 καὶ
3440 5157 3517 5228 μὴ

1934 5284 2231 5356 δυνάμενον
2264 5280 2419 5335 πόλιν
2453 5278 2583 5351 μίαν
2612 5275 2750 5331 ἐλεῖν
2768 5292 2783 5309 ο
2811 5273 2969 5331 ἄλλον
2996 5270 3055 5325 δὲ
3083 5264 3273 5338 γυμνῷ
3303 5262 3515 5332 σώματι

1936 5389 2341 5464 προσϐαλόντα,
2366 5385 2460 5441 καὶ
2485 5386 2642 5457 χερσὶ
2679 5382 2865 5456 μόναις
2895 5377 3192 5451 χρώμενον,
3231 5371 3350 5442 οὐχὶ
3385 5368 3514 5439 μίαν

1935 5493 2031 5547 καὶ
2072 5489 2331 5561 δευτέραν
2373 5487 2469 5542 καὶ
2521 5484 2692 5539 είκοσι
2724 5481 2926 5544 πόλεις,
2967 5475 3103 5532 ἀλλά
3147 5470 3341 5544 μυρίας
3376 5470 3518 5524 κατά

1934 5596 2035 5667 τὴν
2062 5591 2384 5663 οἰκουμένην
2412 5586 2786 5659 ἐπιτρέχοντα,
2815 5581 2912 5637 καὶ
2941 5575 3271 5645 αὐτάνδρους
3298 5569 3516 5643 λαμϐά-

1937 5716 2117 5763 νοντα,
2159 5693 2506 5768 ἀνθρωπίνης
2540 5690 2609 5745 ἂν
2643 5689 2818 5750 εῖποις
2851 5680 2989 5738 εἶναι
3025 5679 3184 5734 τοῦτο
3210 5675 3514 5747 δυνάμεως.

1940 5806 2096 5861 οὕτω
2122 5804 2282 5873 δῆλον
2306 5803 2386 5858 ὅτι
2420 5800 2512 5856 καὶ
2538 5796 2652 5852 νῦν.
2686 5796 2784 5851 Διά
2813 5793 2921 5865 γὰρ
2947 5790 3106 5848 τοῦτο
3139 5784 3515 5860 συνεχώρησεν
