4032 6438
322 384 431 442 493

322 507 505 571 pterea
529 500 672 556 enim
692 501 956 557 concessit
985 502 1124 558 Deus
1152 512 1209 558 et
1234 503 1471 560 latrones
1490 519 1611 560 cum
1634 504 1909 561 Salvatore

322 592 582 663 cruciligi,
614 600 670 649 ct
694 603 821 648 ante
848 593 1139 649 Salvatoris
1163 596 1451 651 adventum
1473 597 1784 652 seductores
1809 595 1911 652 ali-

321 699 461 753 quos
483 699 766 754 apparere,
786 693 844 739 ut
867 686 1025 740 etiam
1046 701 1109 740 ex
1131 687 1528 757 comparatione
1551 702 1729 743 rerum
1751 687 1910 743 nimis

323 775 700 846 insipientibus
751 776 1128 832 ostenderetur
1179 779 1493 835 excellentia
1543 778 1780 836 veritatis
1814 789 1912 835 :et

323 867 597 922 discerent
623 868 745 937 quia
773 866 860 922 hic
894 883 999 922 non
1028 884 1163 923 unus
1203 884 1266 924 ex
1310 870 1453 939 illis,
1490 870 1583 926 sed
1614 871 1815 942 grande
1840 871 1910 928 sit

323 958 464 1013 inter
488 966 593 1012 tam
615 957 873 1028 dispares,
889 959 1257 1031 infinitumque
1274 962 1581 1019 discrimen.
1604 963 1743 1017 Nihil
1766 963 1908 1019 enim

322 1049 520 1105 Christi
546 1049 770 1119 gloriam
797 1051 969 1122 potuit
995 1052 1323 1119 inumbrare,
1358 1055 1443 1109 vel
1471 1054 1779 1111 earumdem
1815 1070 1914 1127 op-

323 1143 621 1214 portunitas
650 1151 947 1214 temporum
970 1187 985 1211 ,
1020 1146 1103 1202 vel
1128 1148 1432 1203 communio
1458 1149 1763 1219 passionum
1796 1167 1811 1204 :
1844 1165 1912 1207 ne

321 1240 443 1306 quis
466 1237 610 1291 enim
639 1246 873 1307 putaret,
900 1239 1024 1308 quia
1048 1238 1320 1295 daemones
1346 1255 1558 1297 crucem
1584 1251 1639 1297 et
1660 1259 1765 1297 non
1792 1258 1914 1297 cru-

322 1327 468 1382 cilixi
500 1337 755 1399 paverent
777 1329 1046 1396 virtutem,
1086 1332 1347 1387 obstruxit
1371 1347 1467 1388 ora
1495 1334 1592 1389 ista
1624 1334 1943 1390 dicentium‘

322 1432 423 1488 par
449 1418 735 1475 latronum.
764 1418 915 1487 Quod
943 1421 989 1476 si
1017 1430 1314 1492 temporum
1335 1426 1703 1494 opportunitas
1720 1436 1911 1482 cuncta

323 1507 517 1564 fecisse
556 1509 786 1579 dicatur,
831 1512 901 1567 ad
942 1513 1309 1583 repellendum
1357 1514 1608 1571 Thcudas
1650 1526 1707 1572 et
1749 1516 1912 1573 Judas

323 1603 682 1674 proferentur,
712 1604 947 1675 quicum
968 1605 1169 1660 eisdem
1194 1605 1325 1671 fere,
1349 1607 1541 1678 quibus
1569 1608 1730 1664 etiam
1756 1608 1913 1664 Curi-

321 1701 437 1747 stus
464 1693 790 1763 temporibus
808 1696 1157 1763 exstitissent,
1180 1705 1236 1752 et
1256 1698 1531 1753 veritatem
1554 1713 1650 1769 per
1665 1699 1909 1770 qutedam

322 1782 483 1838 ctiam
527 1786 676 1855 signa
715 1784 1026 1856 impugnare
1069 1795 1380 1855 tentassent,
1410 1798 1626 1859 repente
1653 1789 1911 1846 destrttcti

323 1882 468 1931 sunt.
511 1876 664 1944 Quod
703 1877 847 1932 enim
869 1876 979 1947 jam
1007 1889 1128 1933 ante
1157 1880 1468 1946 memoravi,
1498 1879 1618 1935 ideo
1644 1881 1908 1937 interdum

322 1966 456 2021 falsa
487 1967 602 2023 fieri
630 1968 772 2023 Deus
800 1970 948 2040 signa
981 1964 1281 2038 concessit,
1310 1978 1369 2025 ut
1404 1971 1760 2027 abundantius
1784 1987 1910 2027 vera

325 2065 665 2115 monstraret.
709 2059 995 2130 Propterea
1042 2069 1098 2115 et
1136 2061 1627 2131 pseudoprophetas
1668 2071 1912 2134 tempore

325 2152 727 2219 prophetarum,
750 2160 805 2206 et
830 2151 1304 2222 pseudoapostolos
1328 2166 1449 2207 cum
1470 2154 1725 2223 apostolis
1744 2168 1911 2224 appa-

326 2257 444 2295 rere
472 2242 727 2311 permisit,
747 2251 803 2297 ut
830 2242 1062 2299 disceres
1078 2244 1196 2314 quia
1216 2244 1553 2314 splendentes
1577 2245 1693 2315 ejus
1718 2247 1912 2317 ubique

331 2333 555 2387 virtutes
602 2348 934 2404 nequaquam
973 2334 1260 2391 obscurare
1300 2343 1480 2406 posset
1523 2335 1811 2392 similitudo
1856 2345 1911 2393 et

324 2424 512 2478 umbra
533 2424 771 2494 quaedam
797 2424 1070 2479 virtutum.

399 2513 596 2569 Paulus
626 2514 803 2571 Ranae
830 2525 1057 2570 vexatur.
1079 2547 1149 2556 —
1175 2518 1285 2587 Age
1318 2516 1428 2588 jam
1455 2534 1521 2573 ex
1554 2519 1672 2574 aliis
1696 2534 1910 2591 quoque

325 2606 664 2662 documentis
693 2607 979 2678 probemus
1016 2623 1137 2663 esse
1174 2608 1311 2663 hanc
1354 2610 1642 2678 potentiam
1671 2611 1911 2682 singula-

327 2714 443 2753 rem
466 2706 521 2753 et
552 2698 872 2768 praecipuam
896 2706 1056 2770 atque
1081 2699 1397 2755 mirabilem.
1428 2701 1742 2757 Docebimus
1767 2703 1909 2758 enim

326 2791 523 2845 Christi
555 2791 782 2861 gloriam
808 2792 918 2861 ipsa
946 2792 1114 2862 magis
1139 2791 1475 2847 inimicorum
1514 2794 1910 2863 impugnatione

327 2883 582 2938 crevisse.
607 2881 743 2937 Cum
766 2883 906 2938 enim
933 2883 1072 2939 hunc
1101 2884 1273 2954 ipsum
1301 2884 1512 2939 beatum
1541 2886 1758 2941 Paulum
1798 2881 1911 2941 Ro-

327 2989 431 3027 mm
442 2972 653 3043 quidam
669 2982 1135 3044 persequerentur,
1156 2974 1441 3045 aliquando
1464 2976 1568 3032 hoc
1583 2977 1753 3046 ipsum
1777 2976 1914 3049 dog-

329 3079 420 3118 ma
463 3064 752 3134 inquietius
799 3064 1177 3135 prtcdicabant.
1221 3064 1505 3136 Cupientes
1558 3068 1702 3123 enim
1741 3068 1912 3124 Nero:-

332 3170 452 3210 nem
478 3156 895 3227 impugnaturem
918 3157 1065 3213 Pauli
1081 3158 1256 3213 acrius
1276 3160 1329 3213 in
1349 3159 1465 3229 ejus
1483 3160 1662 3215 odium
1683 3176 1915 3217 commo-

327 3261 490 3312 vere,
517 3249 649 3301 mira
677 3248 904 3319 quadam
943 3256 1061 3304 arte
1103 3248 1328 3304 laedendi
1358 3261 1708 3322 susceperunt
1734 3260 1789 3308 et
1811 3253 1912 3323 ipsi

329 3339 651 3410 evangelicae
695 3339 1086 3409 praedicationis
1113 3339 1369 3407 ofﬁcium,
1400 3352 1459 3396 ut
1498 3343 1667 3413 magis
1710 3344 1913 3400 scilicet

332 3429 457 3485 ﬁdei
483 3445 734 3493 sermone
762 3430 1019 3499 fervente,
1046 3440 1101 3487 et
1126 3431 1505 3500 discipulorum
1520 3443 1795 3489 crescente
1812 3450 1915 3491 nu-

331 3537 503 3588 mero,
537 3522 589 3576 in
616 3522 934 3578 immensum
962 3524 1261 3594 ignesceret
1281 3521 1427 3581 furor
1455 3528 1684 3598 tyranni,
1714 3537 1769 3582 et
1800 3527 1913 3584 fera

331 3610 534 3681 majora
562 3611 737 3667 adhuc
771 3612 1045 3684 colligeret
1080 3612 1411 3671 incrementa
1445 3615 1688 3672 feritatis.
1721 3616 1785 3672 Et
1813 3618 1915 3674 hoc

331 3701 448 3771 ipse
485 3701 552 3757 ad
594 3702 966 3775 Philippenses
992 3704 1188 3762 Paulus
1213 3707 1483 3774 scribens,
1509 3708 1586 3763 ait
1616 3724 1630 3764 :
1661 3709 1806 3765 Scire
1829 3726 1915 3765 vos

330 3799 519 3856 autem,
551 3793 753 3863 inquit,
787 3793 902 3849 volo
921 3835 938 3860 ,
969 3798 1176 3866 fratres,
1201 3797 1337 3865 quod
1359 3814 1473 3866 qua
1500 3799 1633 3852 circa
1656 3815 1736 3855 me
1758 3812 1875 3855 sunt
1895 3840 1911 3866 ,

331 3885 495 3955 magis
528 3896 766 3947 venerunt
797 3886 866 3940 ad
895 3889 1173 3959 profectum
1198 3886 1486 3960 Evangelii,
1512 3890 1586 3944 ita
1613 3899 1669 3945 ut
1698 3892 1866 3961 plures
1890 3908 1918 3946 e

333 3976 575 4046 fratribus
589 3976 896 4046 conﬁdentes
914 3978 1125 4033 vinculis
1145 3979 1288 4044 meis,
1308 3978 1649 4033 abundantius
1673 3980 1915 4036 auderent

330 4068 441 4121 sine
467 4068 644 4122 timore
663 4068 865 4122 verbum
886 4067 985 4123 Dei
1012 4068 1173 4140 loqui.
1195 4068 1417 4135 Quidam
1436 4070 1636 4139 quidem
1657 4070 1807 4125 etiam
1828 4088 1918 4141 per

331 4159 572 4213 invidiam
604 4169 653 4214 et
687 4161 1072 4227 contentionem,
1101 4162 1309 4232 quidam
1332 4163 1478 4216 etiam
1506 4180 1595 4234 per
1618 4145 1804 4221 bonan;
1825 4180 1915 4221 vo-

332 4251 576 4305 luntatem
613 4251 868 4306 Christum
908 4253 1185 4323 praedicant
1214 4254 1455 4323 :quidam
1491 4265 1657 4310 autem
1694 4270 1756 4311 ea:
1792 4272 1918 4311 con,-

333 4344 554 4397 tentione
577 4341 833 4397 Christum
856 4344 1160 4398 annuntiant
1202 4361 1303 4401 non
1340 4346 1549 4411 sincere,
1578 4347 1917 4401 existimantes

334 4450 623 4504 pressuram
649 4435 895 4507 suscitare
916 4436 1128 4491 vinculis
1147 4437 1269 4491 meis
1289 4453 1308 4491 :
1324 4437 1533 4505 quidam
1558 4447 1725 4492 autem
1746 4455 1807 4492 ea:
1834 4456 1920 4492 ca-

332 4525 500 4589 ritate,
517 4526 745 4593 scientes,
766 4527 902 4597 quod
917 4527 970 4580 in
987 4526 1275 4599 defensione
1295 4527 1557 4599 Evangelii
1575 4531 1767 4598 positus
1783 4546 1914 4587 sum.

337 4615 477 4683 Quid
491 4617 622 4669 enim
633 4616 660 4671 ?
678 4618 723 4672 si
740 4617 872 4675 omni
885 4618 1057 4682 modo,
1073 4619 1177 4672 sive
1191 4634 1279 4687 per
1290 4619 1619 4686 occasionem,
1635 4620 1738 4674 sive
1746 4636 1835 4690 per
1848 4637 1920 4675 ve.

344 4709 547 4764 ritatem
577 4709 804 4765 Christus
827 4711 1152 4765 annuntietur
1181 4710 1440 4782 (Philipp.
1466 4713 1517 4765 i.
1538 4710 1746 4783 12-18).
1779 4711 1920 4767 Vidi-

332 4800 403 4855 sti
418 4811 586 4867 certe,
599 4800 1045 4871 quemadmodum
1061 4801 1164 4859 etsi
1184 4817 1250 4858 ex
1266 4801 1605 4859 contentione
1616 4802 1776 4873 aliqui
1792 4817 1920 4875 pra:-

331 4893 589 4961 dicarent,
621 4902 801 4953 tamen
826 4894 988 4950 etiam
1019 4909 1112 4965 per
1134 4894 1378 4953 inimicos
1408 4894 1601 4953 veritas
1625 4893 1915 4950 obtinebat.

404 4986 680 5042 Christiani
698 4987 956 5042 calumnia
972 4988 1203 5060 appetiti.
1229 5016 1303 5028 —
1328 4986 1499 5058 Supra
1515 5002 1640 5042 vero
1657 4985 1793 5042 hanc
1820 4988 1919 5042 ini-

332 5078 594 5135 micorum
622 5078 961 5137 calliditatem
1006 5079 1107 5134 alia
1144 5093 1356 5150 quoque
1395 5093 1463 5135 ex
1497 5077 1722 5134 adverso
1755 5079 1918 5133 multa

331 5171 637 5228 veniebant.
662 5171 796 5229 Nam
825 5181 879 5228 et
907 5173 1141 5242 antiquae
1170 5173 1315 5243 leges
1338 5187 1444 5226 non
1475 5170 1635 5227 modo
1664 5186 1768 5226 non
1797 5171 1917 5245 opi-

332 5263 661 5330 tulabantur,
685 5278 872 5319 verum
903 5262 1066 5319 etiam
1106 5262 1527 5319 adversabantur
1566 5279 1581 5316 :
1630 5273 1920 5333 contraque

335 5354 572 5409 veritatis
600 5362 806 5425 partem
832 5369 939 5410 non
963 5353 1137 5410 solum
1168 5352 1367 5408 malitia
1394 5351 1792 5424 obloquentium
1820 5352 1918 5407 ini-

334 5446 619 5513 micorum,
647 5447 995 5501 verumetiam
1034 5443 1329 5515 ignorantia
1357 5442 1645 5498 dimicabat
1675 5460 1690 5496 :
1720 5442 1919 5514 Regem

333 5543 499 5608 enim,
533 5542 794 5612 inquiunt,
823 5539 1021 5597 habent
1040 5538 1330 5596 Christum.
1353 5539 1468 5597 Non
1489 5539 1632 5595 enim
1662 5547 1922 5599 noverant

334 5637 452 5705 ejus
477 5635 694 5689 caeleste
742 5648 987 5705 regnum,
1030 5631 1268 5688 terribile
1305 5630 1446 5691 istud
1489 5638 1547 5687 et
1580 5631 1783 5700 absque
1810 5631 1922 5687 ullo

335 5730 566 5785 termino
584 5727 878 5800 gloriosum
908 5745 923 5782 :
954 5726 1048 5782 sed
1074 5726 1225 5797 quasi
1253 5726 1587 5797 tyrannidem
1620 5726 1748 5796 ipsis
1784 5726 1919 5783 infe-

334 5823 573 5880 rentibus
601 5837 694 5893 pcr
720 5821 1038 5878 calumniam
1074 5819 1458 5892 repugnabant,
1486 5818 1613 5877 etin
1633 5833 1919 5877 commune

1140 388 1226 446 DE
1268 388 1610 448 LAUDIBUS
1647 389 1707 446 S.
1749 389 1952 446 PAULI
1995 390 2350 448 APOSTOLI.
2391 392 2622 450 HOMIL.
2663 395 2751 454 ιν.

3501 407 3603 462 494

2018 519 2229 573 omnes,
2251 515 2305 561 et
2330 507 2632 576 specialiter
2657 508 2913 565 adversus
2938 524 3031 567 eos
3059 511 3252 585 singuli
3280 515 3602 573 dimicando.

3637 486 3658 525 ἔ

3638 542 3646 557 Ο

3642 598 3657 605 ..

2019 595 2074 651 ln
2095 598 2365 664 communi
2389 598 2625 669 quidem,
2664 600 2816 670 quasi
2860 611 3045 656 contra
3085 617 3199 671 eos,
3242 607 3332 676 qui
3381 607 3606 678 publicae

2017 685 2315 757 disciplina
2365 696 2421 742 et
2465 688 2640 759 legum
2686 689 2821 745 scita
2872 691 3211 748 destruereut
3258 698 3608 766 :spccialiter

2016 791 2164 840 vero,
2192 779 2343 848 quasi
2382 778 2710 850 singulorum
2749 781 2938 837 domos
2966 783 3315 842 divisionibus
3337 786 3607 843 ιιὶιοτυίε-

2016 881 2121 938 que
2163 867 2535 925 dissolverent.
2588 869 2723 926 Nam
2764 879 2821 926 et
2874 872 3044 927 lilium
3092 883 3221 931 tunc
3266 876 3608 950 impugnabat

2015 967 2188 1030 pater,
2216 969 2265 1015 et
2294 959 2435 1016 filius
2461 973 2664 1032 patrem
2688 963 2935 1030 negabat,
2963 974 3017 1020 et
3041 970 3288 1023 maritutn
3311 985 3445 1026 uxor
3467 973 3601 1027 ode-

2019 1060 2121 1118 rat,
2152 1062 2207 1107 et
2234 1068 2455 1107 uxorem
2498 1055 2755 1120 maritus;
2786 1054 2907 1110 ﬁliae
2931 1070 3145 1128 quoque
3176 1046 3299 1116 cum
3346 1062 3606 1118 matribus

2017 1143 2382 1211 dissidebant;
2439 1147 2653 1217 cognati
2698 1159 2990 1220 cognatos,
3029 1152 3186 1207 amici
3226 1156 3608 1224 oppugnabant

2015 1236 2256 1290 amicos:
2287 1245 2507 1307 eratque
2542 1252 2640 1308 per
2663 1239 2900 1295 omnium
2936 1240 3126 1296 domos
3152 1244 3358 1299 varium
3389 1246 3526 1300 istud
3548 1255 3605 1302 et

2015 1326 2344 1391 multiforme
2373 1327 2594 1397 bellum,
2622 1330 2948 1401 propinquos
2984 1346 3263 1403 separans,
3288 1334 3604 1409 dispergens

2014 1419 2241 1488 curiam,
2288 1420 2488 1491 judicia
2516 1423 2841 1479 conturbans
2875 1440 2890 1478 :
2920 1438 3041 1479 cum
3072 1426 3256 1497 utique
3283 1442 3463 1485 mores
3503 1444 3592 1498 pa-

2017 1510 2105 1566 trii
2134 1512 2491 1579 solverentur,
2536 1511 2799 1568 festivitas
2835 1522 2890 1569 et
2918 1514 3126 1570 cultura
3151 1517 3452 1573 daemonum
3483 1520 3591 1589 pel-

2017 1606 2237 1669 leretur,
2267 1620 2387 1677 quae
2409 1605 2610 1677 antiqui
2639 1605 3013 1677 legumlatores
3029 1609 3113 1664 vel
3141 1609 3192 1663 in
3218 1608 3404 1681 primis
3422 1618 3604 1667 custo-

2014 1695 2210 1751 dienda
2238 1695 2620 1761 decreverant;
2648 1711 2770 1752 cum
2812 1697 2897 1753 his
2944 1699 3192 1755 omnibus
3226 1701 3387 1756 etiam
3421 1711 3601 1774 tyran-

2015 1785 2154 1841 nidis
2177 1786 2380 1842 odiostc
2409 1787 2647 1858 suspicio
2687 1788 2922 1859 undique
2970 1788 3199 1845 faciebat
3241 1805 3337 1847 eos
3364 1794 3603 1862 explodi.

2014 1875 2199 1947 Neque
2227 1892 2354 1931 vero
2377 1877 2559 1934 dicere
2587 1878 2851 1949 quispiam
2880 1888 3051 1950 potest
3068 1895 3099 1936 a
3124 1879 3382 1937 Gentibus
3403 1895 3597 1953 quanta

1974 1992 1979 1997 ·
2016 1967 2415 2036 inferebantur,
2461 1985 2493 2025 a
2547 1979 2697 2040 parte
2742 1986 2871 2025 vero
2914 1970 3219 2027 Iudaeorum
3264 1974 3502 2030 omnium
3549 1975 3607 2032 in

2021 2059 2201 2128 quiete
2222 2068 2395 2127 erant,
2418 2074 2539 2115 cum
2567 2068 2714 2115 certe
2743 2060 2829 2114 isti
2845 2061 3004 2115 etiam
3030 2062 3222 2118 saevius
3246 2064 3610 2132 imminerent,

2015 2163 2244 2219 cumque
2271 2159 2326 2211 et
2354 2150 2454 2220 ipsi
2497 2150 2545 2205 ei
2576 2150 2992 2207 destructionem
3036 2151 3167 2223 legis
3208 2153 3601 2225 impingerent:

2017 2236 2140 2292 Non
2163 2240 2297 2293 enim
2324 2248 2504 2307 cessat,
2535 2240 2801 2309 inquiunt,
2833 2241 3038 2310 loquens
3062 2250 3237 2296 contra
3266 2244 3422 2315 legem
3449 2254 3493 2298 et
3525 2245 3607 2298 lo-

2014 2344 2131 2383 cum
2159 2339 2389 2385 sanctum
2413 2330 2549 2402 (Act.
2581 2331 2636 2386 6.
2683 2329 2796 2404 15).
2844 2330 3225 2388 Verumtamen
3251 2335 3486 2406 undique
3515 2338 3599 2391 in-

2014 2420 2173 2477 vidiae
2227 2421 2347 2491 igne
2385 2436 2676 2486 succenso,
2725 2438 2756 2477 a
2802 2421 3086 2489 domibus,
3140 2425 3209 2481 ab
3247 2425 3495 2495 urbibus,
3536 2428 3612 2483 ab

2013 2511 2177 2583 agris,
2209 2526 2239 2565 a
2266 2512 2570 2579 solitudine,
2598 2528 2627 2566 a
2650 2521 2811 2577 terra,
2848 2527 2879 2566 a
2910 2514 3063 2577 mari,
3091 2528 3121 2567 a
3150 2513 3427 2579 Gentibus,
3456 2530 3483 2569 a
3509 2516 3605 2572 Ju-

2012 2606 2167 2670 dacis,
2193 2619 2223 2659 a
2255 2605 2606 2675 principibus,
2639 2620 2669 2660 a
2698 2605 2943 2677 plebibus
2969 2606 3010 2671 ¹,
3036 2621 3066 2659 a
3094 2607 3329 2677 regibus,
3358 2622 3386 2661 a
3415 2622 3603 2679 regum

2016 2698 2274 2753 ministris
2302 2715 2316 2751 :
2348 2713 2470 2754 cum
2499 2712 2687 2753 omnes
2713 2698 2778 2753 ad
2809 2696 3180 2753 crudelitatem
3211 2713 3270 2753 se
3295 2708 3480 2754 mutuo
3507 2714 3600 2754 eo-

2014 2789 2376 2857 hortarentur,
2403 2798 2461 2845 et
2483 2805 2670 2845 omnes
2689 2790 3019 2849 ferocissime
3045 2790 3343 2860 saeviusque
3371 2806 3595 2846 consur-

2012 2888 2203 2951 gerent
2240 2897 2254 2935 :
2284 2880 2471 2936 beatus
2487 2888 2663 2936 tamen
2686 2880 2880 2936 Paulus
2900 2882 2956 2937 in
2975 2888 3149 2935 tantos
3174 2881 3322 2951 ignes
3342 2880 3607 2949 insiliens,

2015 2984 2175 3046 atque
2224 2973 2277 3029 in
2322 2973 2501 3030 medio
2541 2974 2726 3029 talium
2767 2974 3012 3044 luporum
3060 2974 3385 3039 consistens,
3410 2987 3602 3042 quam-

2015 3083 2176 3139 quam
2200 3067 2338 3122 ictus
2366 3067 2602 3122 omnium
2630 3067 2917 3139 exciperet,
2943 3084 3049 3124 non
3075 3064 3236 3121 modo
3257 3073 3430 3119 tamen
3448 3064 3606 3120 Obru-

2008 3168 2102 3214 tus
2128 3159 2245 3229 ipse
2273 3174 2380 3214 non
2409 3166 2513 3226 est,
2560 3157 2654 3217 sed
2696 3161 2857 3216 etiam
2905 3173 3093 3215 omnes
3145 3155 3268 3209 illos
3302 3154 3356 3208 in
3398 3162 3605 3224 partem

2017 3248 2289 3306 transtulit
2315 3250 2575 3311 veritatis.
2602 3251 2669 3306 Et
2696 3252 2811 3307 haec
2835 3260 2888 3306 et
2915 3252 3015 3305 alia
3042 3260 3258 3321 quoque
3284 3245 3462 3315 praelia
3491 3260 3600 3301 non

2021 3341 2200 3397 minus
2222 3356 2363 3396 saeva
2388 3340 2701 3396 memorabo
2727 3358 2740 3394 :
2774 3348 2834 3396 ut
2877 3340 3004 3395 illud
3027 3341 3168 3410 quod
3209 3355 3239 3394 a
3265 3333 3601 3411 pseudoapo-

2014 3434 2172 3490 stolis
2216 3432 2561 3499 inferebatur,
2612 3432 2861 3502 quodque
2908 3446 3031 3487 eum
3078 3445 3243 3501 super
3281 3431 3459 3485 omnia
3497 3430 3601 3486 alia

2018 3527 2296 3597 torquebat
2324 3565 2340 3590 ,
2384 3525 2797 3580 domesticorum
2843 3524 3017 3591 dolus,
3061 3524 3212 3578 ruina
3251 3523 3551 3578 nutantium
3585 3541 3600 3578 :

2019 3619 2169 3673 multi
2191 3619 2334 3673 enim
2363 3632 2428 3672 ex
2454 3616 2689 3675 fidelium
2712 3630 2937 3671 numero
2962 3614 3294 3677 labebantur,
3317 3614 3411 3669 sed
3430 3615 3596 3670 etiam

2018 3719 2201 3764 contra
2222 3710 2319 3762 ista
2341 3707 2639 3778 prmvaluit.
2670 3706 2838 3772 Unde,
2860 3720 3064 3777 quaeso,
3082 3722 3147 3761 ex
3176 3721 3347 3777 quave
3364 3705 3602 3761 virtute?

2016 3802 2175 3869 Quia,
2218 3800 2421 3870 inquit,
2453 3816 2595 3859 arma
2631 3810 2805 3854 nostra
2850 3815 2950 3853 non
2977 3799 3225 3865 carnalia,
3255 3798 3346 3853 sed
3382 3799 3604 3868 potentia

2016 3903 2136 3949 sunt
2153 3894 2224 3947 ad
2244 3893 2630 3948 destructionem
2677 3891 3033 3958 munitionum,
3060 3891 3274 3945 consilia
3298 3891 3606 3945 destrucntes

2020 3996 2068 4042 et
2105 4002 2303 4041 omnem
2344 3985 2661 4043 altitudinem
2703 3984 3023 4039 extollentem
3072 4000 3125 4038 se
3152 3982 3396 4037 adversus
3440 3982 3607 4036 scien-

2023 4078 2147 4130 tiam
2180 4075 2273 4130 Dei
2300 4074 2375 4147 (ﬁt.
2406 4072 2527 4130 Cor.
2556 4073 2644 4129 10.
2674 4074 2728 4129 4.
2773 4073 2853 4143 5).
2898 4072 3185 4142 Propterea
3228 4073 3389 4143 igitur
3426 4071 3481 4126 in
3517 4071 3605 4126 di-

2021 4182 2232 4223 versum
2259 4166 2438 4222 omnia
2475 4165 2820 4223 vertebantur
2859 4180 2925 4221 ac
2960 4164 3300 4221 mutabantur
3329 4170 3551 4234 repente
3583 4179 3604 4214 :

2021 4273 2084 4315 ac
2112 4259 2249 4314 sicut
2277 4258 2397 4329 igne
2426 4269 2685 4313 succenso
2723 4255 2971 4325 paulatim
3017 4254 3183 4323 apinae
3220 4260 3610 4308 consumuntur

2022 4362 2075 4407 et
2102 4350 2320 4415 cedunt,
2349 4347 2682 4423 ﬂammisque
2708 4355 3046 4417 superantur,
3073 4361 3138 4401 ac
3166 4345 3347 4399 mundi
3374 4343 3610 4400 reddun-

2023 4451 2113 4498 tur
2161 4444 2378 4497 novales
2422 4459 2437 4495 :
2489 4441 2565 4496 sic
2599 4441 2759 4494 etiam
2802 4440 2950 4495 Pauli
3002 4440 3282 4493 insonante
3326 4438 3525 4507 lingua,
3552 4446 3608 4492 et

2022 4534 2168 4592 omni
2213 4535 2335 4604 igne
2382 4531 2748 4588 vehementius
2789 4532 3061 4593 irruente,
3108 4528 3369 4583 cedebant
3403 4527 3606 4594 omnia,

2024 4625 2400 4699 fugiebantque
2429 4631 2484 4677 et
2508 4622 2809 4675 daemonum
2849 4621 3044 4684 cultus,
3082 4629 3135 4670 et
3177 4616 3460 4672 celebritas
3490 4630 3608 4669 om.

2023 4719 2127 4784 nis,
2155 4727 2315 4788 atque
2357 4702 2634 4778 festivitas,
2664 4721 2718 4766 ct
2753 4726 2932 4766 mores
2970 4708 3190 4779 patrii’,
3210 4717 3258 4763 et
3292 4708 3607 4777 populorum

2023 4812 2250 4876 furores,
2277 4817 2332 4864 et
2354 4816 2698 4878 tyrannorum
2737 4802 2916 4867 mintc,
2952 4811 3006 4856 et
3037 4799 3244 4854 insidiae
3286 4798 3611 4853 domesticos

2023 4919 2178 4970 rum,
2223 4911 2280 4961 et
2330 4894 2904 4971 pseudoapostolorum
2950 4893 3287 4963 Operationcs
3337 4890 3605 4961 malignae.

2022 4994 2134 5050 lmo
2158 5007 2286 5048 vero
2319 4992 2459 5048 sicut
2490 4988 2653 5045 radiis
2687 4985 2816 5042 solis
2844 4984 3139 5039 orientibus
3167 4992 3222 5038 et
3247 4981 3480 5038 tenebrte
3516 4982 3605 5038 fu-

2022 5093 2235 5155 gantur,
2282 5089 2336 5137 et
2372 5080 2496 5134 ferre
2532 5077 2761 5140 latitant,
2806 5072 3080 5144 foveisque
3106 5071 3423 5135 conduntur,
3449 5078 3505 5124 et
3532 5069 3610 5124 la-

2026 5184 2204 5231 trones
2230 5170 2505 5234 recedunt,
2535 5178 2590 5224 et
2614 5163 2898 5222 homicidae.
2925 5162 2993 5219 ad
3025 5172 3175 5218 antra
3215 5161 3522 5232 suffugium,
3553 5169 3609 5216 et

2025 5274 2341 5323 amoveatur
2377 5263 2585 5333 piratae,
2628 5267 2683 5315 et
2718 5256 3084 5328 sepulcrorum
3108 5254 3395 5310 violatores
3426 5251 3610 5323 fugan-

2025 5369 2130 5423 tur,
2162 5366 2215 5413 et
2241 5353 2466 5410 adulteri
2512 5360 2569 5407 et
2609 5350 2753 5404 fures
2778 5357 2833 5404 et
2854 5346 3185 5418 perfossores
3207 5345 3485 5398 domorum
3511 5342 3609 5397 de-

2028 5446 2278 5521 prehensi
2306 5460 2335 5500 a
2361 5444 2475 5499 sole
2510 5456 2574 5496 ac
2601 5438 2849 5509 redargui
2889 5435 3248 5508 periclitantes
3287 5433 3504 5497 abeunt,
3533 5445 3612 5486 se-

2008 5532 2130 5612 que
2178 5537 2376 5594 alicubi
2421 5532 2610 5607 procul
2647 5532 2939 5596 occultant,
2979 5526 3263 5595 omniaque
3294 5525 3465 5583 lucida
3494 5525 3611 5581 επὶ-

2025 5634 2237 5690 ciuntur
2262 5638 2318 5687 et
2342 5628 2511 5693 clara,
2541 5621 2927 5682 illustrantibus
2951 5619 3180 5691 desuper
3204 5618 3365 5677 radiis
3389 5626 3612 5688 temtas.

2092 5769 2106 5799 ί
2140 5773 2219 5814 ar.
2245 5763 2398 5821 addit,
2421 5775 2452 5814 a
2472 5769 2704 5822 (δυωκαιει-

2092 5831 2111 5861 ²
2145 5812 2219 5878 ei;
2240 5812 2454 5890 additIeft
2474 5812 2631 5888 tofum
2652 5812 2997 5881 corruptions.
