4032 6428
462 364 563 419 495

456 478 698 549 pelagus,
720 489 786 531 ae
815 483 1046 540 montes,
1075 471 1236 531 urbes
1275 474 1434 529 simul
1456 482 1614 544 atque
1643 473 1885 543 regiones
1911 489 1925 526 :
1959 472 2042 527 sic

458 578 586 625 tunc
631 567 1009 638 prtedicatione
1058 566 1311 636 fulgente,
1350 576 1408 621 et
1455 564 1651 635 ubique
1694 564 2040 635 Evangelium

459 660 841 716 disseminante
878 658 1066 723 Paulo,
1100 657 1374 727 fugabatur
1410 672 1582 724 error,
1624 657 1928 727 veritasque
1967 672 2047 714 re-

461 751 705 815 meabat;
736 749 930 805 favillae
956 764 1105 815 vero,
1134 748 1414 819 fumusque
1441 748 1784 818 templorum,
1821 758 1878 803 et
1904 763 2046 819 cym-

460 843 583 899 bala
612 843 813 909 omnia,
843 852 900 898 et
941 851 1209 913 tympana,
1238 849 1293 895 et
1328 840 1638 906 ebrietates,
1688 848 1746 894 et
1786 854 2049 894 comessa-

463 938 659 994 tiones.
686 945 741 991 et
764 943 968 1006 stupra,
992 945 1045 990 et
1073 932 1352 999 adulteria,
1378 942 1432 986 et
1453 932 1557 986 alia
1579 932 1722 986 dictu
1745 930 1908 997 foeda,
1930 946 2047 1001 quae

466 1031 519 1085 in
542 1029 714 1085 sacris
741 1022 861 1083 suis
875 1027 1147 1083 celebrare
1173 1032 1585 1089 consueverant,
1617 1023 1952 1090 defecerunt,
1976 1032 2050 1078 at-

465 1137 570 1191 que
599 1127 911 1189 consumpta
943 1127 1086 1184 sunt,
1118 1117 1288 1171 instar
1302 1130 1444 1171 cera:
1468 1115 1603 1185 ignis
1618 1129 1815 1185 vapore
1829 1129 2046 1185 pereun-

466 1213 557 1277 tis,
584 1220 641 1267 et
666 1211 935 1281 palearum
974 1209 1113 1275 vice,
1150 1222 1270 1277 qua:
1308 1207 1488 1262 subito
1510 1216 1926 1262 concremantur
1961 1207 2047 1261 in-

465 1296 675 1358 cendio.
698 1303 850 1357 Clara
873 1317 998 1357 vero
1018 1301 1160 1355 inter
1179 1299 1294 1354 luce
1311 1299 1550 1354 veritatis
1571 1298 1785 1354 flamma
1802 1299 2053 1370 surgebat

466 1396 834 1464 resplendens,
878 1405 934 1449 et
978 1393 1154 1463 ipsum
1191 1391 1259 1446 ad
1300 1392 1469 1462 usque
1496 1392 1686 1448 emittm
1726 1393 2053 1449 sublimitate

466 1487 837 1542 conscendens
876 1486 946 1541 ab
983 1486 1049 1543 iis
1092 1485 1426 1555 potissimum
1470 1485 1741 1540 sublevate
1766 1526 1781 1550 ,
1810 1487 1900 1555 qui
1931 1501 2050 1541 eam

466 1577 774 1632 nitebantur
796 1578 1120 1646 opprimere,
1150 1590 1349 1647 perque
1381 1576 1502 1631 illos
1533 1575 1700 1645 magis
1722 1576 2053 1631 incrementa

468 1667 791 1736 suscipiens,
837 1666 929 1736 qui
968 1667 1111 1721 illam
1142 1668 1468 1722 exstinctum
1507 1667 1571 1721 iri
1601 1668 1905 1737 cupiebant.
1946 1667 2056 1723 Nec

471 1760 705 1828 pericula
737 1759 879 1814 enim
908 1774 1247 1829 progressum
1269 1760 1406 1829 ejus,
1435 1770 1525 1814 aut
1552 1760 1781 1829 impetus
1804 1774 2056 1816 coercere

472 1858 781 1918 potuerunt,
826 1865 931 1903 non
965 1850 1204 1920 tyrannis
1232 1850 1476 1921 quaedam
1506 1851 1811 1906 inveterata:
1840 1866 2056 1909 consue-

473 1939 694 2004 tudinis,
724 1953 829 1992 non
859 1938 1015 2007 patrii
1044 1940 1211 1993 moris
1252 1941 1564 2006 auctoritas,
1606 1957 1713 1996 non
1758 1942 1933 2011 legum
1970 1957 2058 2013 po-
2088 1974 2093 1979 -

473 2037 660 2096 testas,
693 2043 798 2084 non
829 2029 918 2084 illa
963 2031 1075 2100 ipsa
1105 2031 1443 2086 custodiendi
1477 2032 1592 2102 ejus
1619 2032 1760 2103 quod
1801 2033 2058 2102 prmdica-

472 2121 630 2175 batur
657 2122 914 2191 evangelii
946 2122 1253 2190 difficultas,
1285 2138 1384 2179 nec
1411 2125 1698 2195 quidquam
1728 2141 1912 2180 eorum
1939 2141 2059 2195 qua:

473 2212 909 2281 impedimentum
942 2213 1135 2268 afferre
1180 2225 1422 2284 possunt,
1461 2217 1785 2285 prolicientis
1813 2218 2060 2273 celeriter

473 2304 710 2359 veritatis
738 2320 950 2360 cursum
971 2315 1064 2361 aut
1090 2307 1324 2363 incidere
1343 2317 1434 2362 aut
1452 2310 1727 2365 retardare
1749 2319 2057 2379 potuerunt.

472 2396 645 2464 Atque
698 2406 756 2451 ιιι
804 2408 1059 2467 quantam
1117 2399 1256 2454 istud
1309 2401 1417 2455 vim
1463 2402 1694 2466 habeat,
1740 2418 2058 2473 cognoscas,

470 2488 800 2542 comminare
851 2488 1147 2553 Gentibus,
1189 2506 1297 2545 non
1336 2491 1458 2546 dico
1516 2494 1787 2562 pericula,
1841 2494 2058 2559 famem,

473 2589 724 2644 mortem,
769 2580 863 2635 sed
896 2581 1152 2636 damnum
1198 2583 1417 2653 aliquod
1462 2585 1743 2654 cxiguum’,
1775 2597 1829 2641 et
1856 2586 2063 2641 videbis

472 2685 567 2725 eos
591 2680 814 2739 repente
844 2683 1096 2727 mutatos.
1130 2674 1197 2728 At
1227 2690 1332 2729 non
1363 2676 1484 2729 talia
1519 2676 1861 2732 inveniuntur
1885 2689 1939 2734 et
1974 2694 2064 2734 no-

475 2771 610 2828 stra,
640 2764 734 2818 sed
773 2765 1004 2819 concisis
1032 2766 1332 2835 occisisque
1357 2768 1625 2832 erunibus,
1661 2778 1717 2823 et
1744 2769 1943 2840 ubique
1962 2771 2063 2825 im-

476 2856 722 2923 pugnatis
744 2856 895 2909 vario
919 2871 1116 2926 genere
1139 2856 1421 2926 bellorum,
1450 2860 1540 2914 illa
1563 2869 1737 2916 tamen
1755 2861 2064 2919 ﬂorentiora

476 2959 692 3013 semper
718 2945 905 3001 cﬂ'eeta
926 2956 1070 3001 sunt.

547 3034 711 3089 Error
749 3048 929 3107 suapte
971 3047 1097 3093 nutu
1138 3040 1283 3110 perit.
1323 3069 1398 3080 —
1438 3041 1505 3097 Et
1542 3042 1668 3113 quid
1719 3058 1818 3115 ego
1866 3053 2066 3100 nostra:

476 3127 650 3180 artatis
699 3142 1066 3184 commemoro
1107 3131 1333 3200 gentiles
1377 3134 1509 3189 viles
1550 3136 1711 3202 istos,
1751 3144 1803 3191 el
1843 3136 2067 3193 omnino

475 3227 783 3287 contemptu
804 3218 1025 3275 faciles?
1046 3222 1113 3275 Et
1140 3223 1315 3292 potius
1342 3225 1429 3296 qui
1456 3226 1597 3295 apud
1626 3227 1747 3283 illos
1771 3237 1926 3282 erant
1962 3230 2065 3284 ali-

476 3308 689 3376 quando
716 3310 986 3367 mirabiles
1010 3314 1062 3366 in
1087 3314 1319 3369 medium
1337 3316 1691 3387 proferamus,
1711 3319 2065 3391 philosophiae

476 3399 685 3456 scilicet
722 3401 928 3458 honore
972 3404 1293 3472 celebratos,
1348 3407 1650 3477 Platonem,
1679 3410 2062 3482 Pythagoram,

474 3491 777 3563 Diagoram,
809 3495 1207 3553 Clazomenium
1240 3496 1337 3572 (α),
1372 3500 1675 3570 multosque
1714 3502 1847 3558 alios
1879 3503 2068 3573 hujus-

476 3584 640 3650 modi,
672 3595 727 3640 et
766 3594 894 3640 tunc
927 3586 1145 3643 demum
1183 3592 1503 3660 evangelicm
1532 3593 1929 3661 praedicationis
1956 3594 2066 3648 vir—

474 3685 644 3731 tutem
678 3678 947 3746 probabis.
975 3679 1107 3733 Nam
1139 3688 1260 3750 post
1284 3684 1524 3739 Socratis
1549 3700 1814 3740 venenum
1837 3686 1924 3741 alii
1950 3686 2070 3757 qui-

475 3768 599 3822 dem
619 3767 826 3837 Megara
852 3770 1237 3839 discesserunt,
1255 3772 1448 3828 similia
1470 3774 1705 3843 patiendi
1728 3785 1903 3841 metu;
1932 3776 2069 3832 alter

478 3866 656 3912 autem
682 3869 737 3914 et
763 3861 929 3930 patria
955 3871 1010 3917 et
1048 3862 1293 3918 libertate
1329 3865 1569 3933 privatus
1593 3876 1697 3933 est,
1741 3881 1843 3922 nec
1871 3876 2069 3938 praeter

480 3963 640 4003 unam
717 3952 998 4007 mulierem
1068 3953 1421 4025 pllilOSOphite
1489 3971 1810 4029 quemquam
1876 3959 2069 4013 studiis

474 4040 813 4110 subjugavit;
860 4041 1012 4097 Plato
1053 4053 1233 4100 autem
1266 4046 1533 4118 depictam
1574 4049 1630 4103 in
1679 4049 1884 4121 paginis
1908 4048 2073 4105 disci-

535 4153 613 4218 (a)
644 4162 972 4219 Anaxagoram
992 4155 1364 4212 clazomenium.

1203 361 1263 418 S.
1300 360 1579 418 JOANNIS
1614 354 2085 417 CHRYSOSTOHI
2120 355 2442 417 ARClllEP.
2480 356 3016 418 CONSTANTINOP.

3623 362 3737 418 ‘96

2145 474 2344 546 plinam
2388 474 2694 544 relinquens
2736 473 2789 528 in
2830 480 3058 526 mortem
3103 469 3312 527 solutus
3352 481 3458 528 est.
3496 474 3557 530 Et
3583 484 3740 532 certe

2145 565 2278 620 nihil
2303 566 2381 621 eis
2418 573 2546 621 tunc
2569 563 2953 634 impedimento
2975 572 3113 631 erat,
3142 578 3251 618 non
3285 565 3601 633 periculum,
3625 583 3736 622 non

2145 664 2376 727 egestas,
2405 671 2511 709 non
2534 654 2795 723 imperitia
2817 652 3084 708 sermonis
3112 671 3126 707 :
3154 653 3247 708 sed
3266 663 3420 709 erant
3439 664 3495 711 et
3510 656 3741 712 dicendo

2147 754 2415 816 potentes,
2456 753 2513 799 et
2558 744 2751 815 Opibus
2787 742 3091 808 afﬂuentes,
3140 751 3191 799 et
3244 744 3524 800 nobilitate
3553 749 3740 815 patriar

2148 834 2461 905 gloriantes.
2505 833 2703 890 Verum
2752 848 3089 903 nequaquam
3127 833 3374 890 obtinere
3405 846 3741 906 potuerunt.

2150 925 2269 980 talis
2292 934 2377 979 est
2402 925 2543 979 enim
2568 923 2806 980 conditio
2835 924 3035 980 erroris
3061 965 3077 991 ,
3108 924 3271 980 etiam
3296 927 3444 981 nullo
3472 927 3570 981 sibi
3591 928 3741 982 obsi-

2149 1025 2323 1073 stente
2349 1019 2706 1084 consenescit,
2733 1031 2797 1071 ac
2834 1015 3024 1071 defluit
3052 1035 3067 1072 :
3112 1014 3233 1072 talis
3266 1029 3445 1073 autem
3474 1034 3505 1074 e
3528 1020 3746 1075 diverso

2150 1108 2391 1167 veritatis
2428 1116 2620 1174 status,
2652 1109 2812 1164 etiam
2853 1108 3035 1164 multis
3062 1108 3498 1179 impugnantibus
3518 1110 3747 1165 suscita-

2152 1211 2240 1256 tur
2261 1208 2317 1256 et
2341 1201 2553 1256 crescit.
2586 1200 2713 1256 [lare
2742 1210 2919 1255 autem
2955 1200 3027 1255 ita
3051 1216 3172 1256 esse
3200 1201 3399 1256 veritas
3427 1217 3606 1257 rerum
3631 1204 3747 1273 ipsa

2152 1294 2468 1364 proclamat,
2488 1291 2726 1361 nihilque
2746 1290 2835 1346 hic
2853 1306 2988 1362 opus
3006 1299 3091 1346 est
3109 1291 3409 1347 assertione
3433 1292 3745 1360 verborum,

2152 1399 2275 1440 cum
2320 1398 2508 1439 vocem
2562 1382 2960 1453 quodammodo
3029 1391 3172 1437 totus
3226 1382 3462 1453 undique
3516 1383 3750 1441 mundus

2155 1478 2384 1542 emittat,
2414 1476 2576 1530 urbes
2603 1474 2828 1541 scilicet,
2857 1483 2915 1530 et
2941 1474 3076 1545 agri,
3107 1482 3163 1529 et
3189 1483 3368 1540 terrm,
3397 1486 3451 1531 et
3479 1477 3669 1541 maria,
3695 1485 3751 1532 et

2156 1568 2270 1623 loca
2295 1567 2435 1622 culta
2463 1574 2623 1633 atque
2653 1565 2889 1632 deserta,
2921 1565 3050 1635 ipsa:
3069 1581 3280 1636 quoque
3303 1566 3466 1621 etiam
3487 1566 3751 1636 montium

2157 1657 2512 1713 summitates.
2564 1656 2748 1727 Neque
2788 1634 3320 1712 enimisolitudiﬁncm
3374 1634 3624 1713 benelieii
3669 1658 3751 1712 sui

2157 1748 2371 1818 reliquit
2402 1756 2696 1812 exsortem,
2727 1745 2822 1802 scd
2864 1747 3031 1816 ipsam
3063 1746 3294 1801 maxime
3332 1746 3418 1813 iis,
3444 1763 3565 1817 qua:
3597 1748 3752 1803 nobis

2158 1842 2227 1897 de
2277 1841 2411 1895 cmlo
2456 1840 2679 1894 veniens
2716 1839 2929 1905 detulit,
2976 1839 3128 1895 bonis
3178 1838 3434 1908 replevit,
3467 1854 3564 1908 per
3602 1839 3752 1893 Pauli

2160 1932 2426 2002 prmcipue
2456 1932 2710 2001 linguam,
2741 1945 2939 2000 perque
2964 1930 3129 1994 illam,
3159 1945 3316 1999 quam
3340 1930 3391 1984 in
3425 1930 3597 2000 ipsum
3625 1945 3753 1984 con-

2162 2021 2302 2088 tulit,
2333 2020 2579 2091 gratiam.
2619 2021 2751 2087 Quia
2782 2021 2923 2073 cnim
2964 2019 3178 2088 dignam
3202 2019 3289 2072 tali
3328 2018 3472 2073 dono
3512 2018 3754 2073 devotio-

2161 2128 2283 2166 nem
2305 2111 2548 2182 gerebat,
2582 2110 2796 2180 copiosa
2835 2110 2887 2162 in
2916 2109 3005 2162 illo
3034 2109 3192 2163 etiam
3234 2110 3406 2178 gratia
3430 2110 3753 2175 coruscavit,

2162 2204 2497 2275 plurimaque
2541 2201 2765 2265 horum,
2810 2217 2929 2272 qua:
2976 2200 3250 2271 hucusque
3292 2202 3710 2256 memoravimus
3739 2241 3754 2260 .

2163 2297 2328 2369 ipsius
2353 2310 2448 2351 ore
2472 2310 2537 2350 ac
2556 2309 2803 2350 sermone
2828 2294 3089 2363 completa
3116 2302 3259 2348 sunt.

2240 2411 2403 2467 Paulo
2431 2410 2619 2464 similes
2645 2426 2750 2463 esse
2780 2406 3422 2477 possumus—Quoniam
3466 2407 3629 2476 igitur
3674 2407 3744 2461 ita

2162 2516 2333 2572 genus
2363 2511 2605 2557 nosn‘um
2638 2498 2932 2553 nobilitavit
2978 2498 3117 2553 Deus
3140 2539 3155 2561 ,
3207 2507 3265 2551 ut
3294 2513 3456 2551 unum
3485 2497 3756 2553 hominem

2162 2594 2473 2663 dignarelur
2497 2600 2762 2646 tantorum
2783 2605 2998 2643 causam
3028 2588 3201 2643 facere
3222 2591 3502 2652 bonorum,
3535 2590 3756 2643 studea-

2165 2699 2285 2738 mus
2312 2690 2366 2736 et
2390 2696 2490 2735 nos
2532 2681 2647 2750 ejus
2695 2681 2895 2734 similes
2936 2680 3178 2733 inveniri.
3226 2678 3407 2747 Neque
3446 2694 3576 2733 vero
3622 2678 3758 2734 istud

2166 2772 2496 2842 impossibile
2526 2779 2809 2840 putemus:
2833 2769 3083 2839 quoniam
3104 2756 3205 2835 ,ἰιι
3234 2783 3379 2837 saepe
3406 2767 3512 2822 dixi
3538 2778 3594 2823 et
3624 2783 3759 2823 nunc

2169 2864 2441 2919 inculcare
2478 2877 2584 2917 non
2630 2876 2819 2924 cesso,
2869 2861 2970 2915 tale
3013 2860 3120 2925 illi,
3163 2860 3320 2930 quale
3363 2860 3522 2914 etiam
3567 2859 3757 2923 nobis,

2166 2969 2363 3025 corpus
2391 2953 2509 3020 fuit,
2541 2953 2657 3007 talis
2683 2954 2879 3018 anima,
2907 2953 3036 3006 tales
3060 2953 3186 3018 cibi,
3217 2952 3311 3006 sed
3339 2953 3588 3007 voluntas
3618 2954 3670 3007 in
3697 2967 3761 3007 eo

2167 3046 2430 3104 mirabilis
2453 3087 2469 3112 ,
2514 3055 2569 3100 et
2595 3046 2848 3114 prmelara
2893 3044 3138 3108 devotio,
3183 3054 3240 3098 et
3271 3043 3409 3096 istud
3437 3053 3519 3097 est
3544 3059 3761 3113 prorsus

2168 3140 2311 3197 unde
2335 3140 2421 3195 ille
2449 3138 2569 3194 talis
2595 3137 2816 3192 effectus
2838 3146 2940 3190 est.
2968 3135 3133 3189 Nemo
3163 3135 3321 3206 igitur
3349 3133 3574 3199 diflidat,
3603 3151 3760 3190 nemo

2170 3233 2457 3303 desperet:
2480 3231 2523 3285 si
2555 3229 2795 3283 intendas
2820 3229 3054 3281 animum
3082 3236 3135 3281 et
3172 3240 3469 3295 prmpares,
3502 3226 3638 3280 nihil
3675 3231 3754 3281 est

2170 3328 2313 3399 quod
2344 3335 2398 3380 te
2423 3325 2490 3379 ab
2520 3322 2757 3392 ejusdem
2787 3320 2970 3390 gratia:
3007 3318 3178 3390 possit
3214 3317 3495 3386 prohibere
3521 3316 3760 3371 muneri-

2171 3418 2272 3473 bus
2300 3434 2313 3470 :
2338 3430 2442 3469 non
2472 3418 2557 3469 est
2586 3410 2730 3467 enim
2761 3424 3110 3481 personarum
3142 3418 3392 3477 acceptor
3421 3408 3584 3461 Deus.
3622 3407 3760 3462 Idem

2172 3510 2321 3565 illum
2345 3517 2501 3577 teque
2528 3503 2812 3565 formavit:
2837 3511 2893 3557 et
2914 3499 3361 3571 quemadmodum
3392 3498 3551 3563 illius,
3579 3499 3655 3552 ita
3680 3506 3757 3552 est

2173 3604 2334 3658 etiam
2365 3609 2487 3656 tuus
2512 3599 2682 3663 Deus;
2725 3612 2790 3651 ac
2818 3596 2954 3650 sicut
2981 3593 3128 3648 illum
3168 3592 3362 3647 merito
3399 3590 3667 3654 laudavit,
3695 3591 3760 3643 ita

2172 3699 2333 3753 etiam
2359 3695 2451 3751 tibi
2468 3692 2623 3750 offert
2635 3704 2909 3748 coronam.
2933 3685 3306 3756 Spondeamus
3331 3684 3489 3754 igitur
3512 3691 3754 3738 nosmet-

2173 3789 2319 3860 ipsos
2346 3788 2477 3850 Deo,
2508 3793 2668 3855 atque
2693 3781 3033 3845 mundemus,
3065 3787 3125 3832 ut
3155 3791 3254 3830 nos
3278 3789 3490 3846 quoque
3519 3773 3762 3829 eamdem

2174 3879 2398 3952 gratiam
2436 3881 2829 3944 consequentes
2850 3910 2867 3938 ,
2898 3868 3087 3924 eadem
3116 3866 3275 3922 etiam
3309 3864 3524 3935 prarmia
3567 3864 3763 3919 sortia-

2174 3985 2316 4037 mur,
2336 3968 2505 4041 gratia
2525 3974 2581 4021 et
2599 3961 2963 4020 misericordia
2977 3958 3192 4014 Domini
3213 3960 3379 4011 nostri
3402 3957 3527 4011 Jesu
3541 3956 3763 4021 Christi,

2172 4060 2262 4116 cui
2302 4068 2387 4116 est
2422 4057 2592 4131 gloria
2636 4063 2693 4112 et
2741 4053 3025 4124 imperium
3078 4050 3132 4105 in
3179 4048 3374 4105 saecula
3423 4048 3761 4103 szeculorum.

2176 4152 2372 4210 Amen.
2577 4202 2585 4229 τ

483 4266 3761 4298 _____________________________________________._______._

1330 4382 1471 4454 DE
1525 4382 2065 4458 LAUDIBUS
2124 4381 2516 4456 SANCTI
2565 4377 2889 4451 PAULI

1925 4618 1943 4632 ο
1954 4559 2278 4606 APOSTOLI.

1831 4709 2063 4724 ὴ

1116 4838 1336 4880 ποιιιιιι
1373 4840 1431 4879 ν.

548 4908 652 4971 Ubi
701 4927 845 4968 nunc
892 4913 967 4969 illi
1007 4925 1171 4983 sunt,
1214 4916 1304 4986 qui
1353 4916 1579 4986 querulo
1624 4930 1837 4987 semper
1888 4917 2069 4971 animo

475 5011 704 5060 mortem
746 5004 953 5058 causari
1001 5006 1207 5073 solent,
1250 5014 1304 5062 et
1345 5005 1687 5076 corruptibile
1726 5006 1831 5063 hoc
1873 5021 2069 5076 corpus

476 5107 637 5169 atque
676 5092 929 5165 passibile
976 5097 1358 5166 impedimento
1400 5098 1499 5155 sibi
1543 5114 1664 5155 esse
1706 5087 2069 5155 ad'virtutem

480 5185 708 5255 putant?
732 5184 968 5240 Audiant
991 5183 1141 5241 Pauli
1170 5187 1305 5242 facta
1336 5191 1590 5258 praeclara
1612 5230 1629 5256 ,
1659 5200 1714 5246 et
1737 5192 1804 5247 ah
1844 5191 1943 5246 hac
1968 5191 2069 5246 ob-

477 5279 792 5334 trectatione
817 5276 1197 5349 malignissima
1227 5282 1629 5350 conquiescant.
1645 5281 1781 5350 Quid
1801 5283 1944 5338 enim
1965 5281 2069 5337 hu-

476 5384 638 5425 mano
666 5370 848 5442 generi
890 5386 1037 5428 mors
1067 5372 1286 5427 nocuit?
1330 5373 1453 5443 quid
1500 5390 1628 5430 vero
1655 5376 1903 5430 virtutem
1946 5389 2071 5430 eor-

478 5462 655 5531 ruptio
680 5450 926 5534 corporis
954 5463 1274 5535 impedivit?
1301 5463 1592 5523 Considera
1622 5467 1797 5538 itaque
1823 5467 2067 5534 Paulum,

478 5560 533 5606 et
557 5552 798 5621 videbis,
826 5557 948 5625 quia
984 5557 1138 5612 nobis
1166 5557 1326 5613 etiam
1368 5559 1433 5613 ad
1476 5560 1760 5614 maximam
1790 5561 2071 5615 utilitatem

484 5641 726 5711 proficiet
753 5642 853 5697 ista
867 5650 1200 5724 _mortalitas.
1245 5649 1340 5706 llic
1367 5640 1509 5706 enim
1540 5650 1640 5706 nisi
1671 5652 1915 5707 mortalis
1944 5650 2074 5707 fuis-

486 5741 592 5797 set,
622 5746 952 5804 nequaquam
982 5738 1161 5793 dicere
1203 5740 1494 5809 potuisset,
1545 5741 1715 5811 magis
1757 5752 1937 5796 autem
1978 5756 2073 5796 ne-

484 5825 683 5891 quisset
710 5818 1012 5896 ostendere,
1032 5829 1176 5900 quod
1202 5830 1367 5899 ipsius
1390 5832 1640 5905 cperihus
1669 5843 1749 5889 est
1775 5834 2028 5904 loquutus
2055 5850 2068 5887 :

2186 4703 2409 4718 ..-

2184 4821 2435 4895 quoniam
2460 4817 2697 4886 Quotidie
2734 4817 2923 4871 morior
2951 4830 3045 4886 pro
3062 4822 3223 4868 uestra
3238 4811 3423 4883 gloria,
3440 4825 3590 4881 quant
3602 4807 3757 4862 habeo

2172 4913 2227 4968 in
2254 4912 2455 4969 Christo
2491 4910 2619 4965 Iesu
2654 4910 2733 4979 (l.
2760 4907 2878 4965 Cor.
2920 4907 3009 4962 l5.
3048 4906 3166 4976 5l).
3195 4903 3402 4974 Ubique
3445 4903 3589 4957 enim
3617 4899 3765 4955 nobis

2176 5002 2468 5062 intentione
2506 5002 2671 5058 animi
2712 5016 2775 5057 ac
2820 5008 3063 5071 prompta
3109 5012 3244 5069 opus
3283 5005 3368 5053 est
3406 4993 3761 5051 voluntatc‘:

2177 5113 2299 5168 qua:
2325 5098 2369 5152 si
2399 5096 2646 5151 all'uerint
2666 5135 2682 5161 ,
2711 5095 2844 5149 nihil
2872 5093 2976 5148 erit
3004 5092 3146 5163 quod
3194 5105 3294 5145 nos
3322 5090 3492 5161 possit
3518 5105 3548 5144 a
3579 5088 3765 5143 virtute

2180 5187 2465 5258 prohibere
2484 5228 2499 5253 ,
2533 5187 2670 5243 sicut
2698 5186 2947 5257 superior
2971 5184 3080 5255 jam
3107 5198 3287 5239 sermo
3312 5189 3641 5237 memoratus
3664 5186 3760 5235 est.

2176 5279 2368 5335 Nonne
2413 5288 2529 5334 erat
2567 5278 2669 5333 iste
2717 5276 2996 5332 mortalis?
3041 5291 3218 5330 nonne
3265 5273 3551 5345 ignobilis?
3596 5282 3764 5327 nonne

2181 5386 2412 5443 pauper,
2441 5379 2495 5427 et
2516 5369 2824 5440 quotidiano
2852 5383 3016 5437 Opere
3058 5366 3257 5422 victum
3285 5364 3573 5437 quaerens?
3596 5374 3763 5419 nonne

2179 5478 2377 5533 corpus
2402 5462 2585 5518 habuit
2614 5463 2820 5517 cunctis
2848 5470 3051 5514 natura:
3082 5457 3488 5515 necessitatibus
3516 5457 3762 5527 subjuga-

2182 5556 2331 5612 tum?
2356 5554 2494 5624 Quid
2516 5568 2643 5624 ergo
2663 5568 2786 5609 eum
2809 5553 2977 5607 vetuit
2998 5551 3122 5617 illis,
3150 5550 3341 5621 quibus
3364 5548 3566 5613 ﬂoruit,
3588 5546 3760 5617 splen-

2180 5646 2311 5703 dere
2336 5645 2657 5703 virtutibus?
2687 5640 2932 5701 Profecto
2966 5642 3119 5699 nihil.
3164 5641 3353 5698 Nullus
3390 5654 3521 5711 ergo
3549 5641 3761 5694 moneat

2249 5772 2265 5804 ι
2295 5773 2365 5837 ῐηᾼ
2384 5774 2571 5837 Graeco.
2598 5781 2661 5837 et
2682 5786 2775 5821 non
2809 5779 2878 5823 est
2907 5771 3327 5837 impedimentum,
3355 5770 3403 5822 in
3427 5770 3603 5836 primis
3625 5768 3748 5825 oran

2178 5834 2316 5885 nibus
2339 5834 2487 5900 fuisse
2510 5835 2805 5886 constitutus.

2320 5907 2343 5925 ο
