4032 6468
265 474 373 530 43³7

257 603 495 658 pauper,
525 586 701 643 nullus
730 594 953 656 angatur
980 584 1260 655 inglorius,
1289 583 1466 637 nullus
1495 598 1558 638 ex
1589 582 1863 638 vilioribus

265 679 614 746 ingemiscat;
661 680 756 734 sed
811 676 1178 734 tantummodo
1218 676 1329 741 illi,
1371 676 1461 746 qui
1506 674 1694 729 molles
1742 681 1867 728 sunt

265 771 497 838 animo,
538 782 594 828 et
622 772 858 827 enervati
903 781 1083 824 mente
1126 775 1439 837 suntatque
1483 765 1720 821 resoluti.
1755 762 1867 820 lloc

270 877 419 916 enim
460 863 635 918 solum
682 873 764 917 est
793 863 946 932 quod
988 875 1085 914 nos
1121 875 1149 912 a
1193 859 1386 916 virtute
1430 857 1601 912 valeat
1642 869 1866 918 arcere,

269 956 538 1009 vitiositas
557 955 748 1010 anima:
776 963 935 1024 atque
958 951 1236 1007 mollitudo
1263 950 1562 1012 sententim,
1591 962 1689 1004 nec
1717 945 1871 1017 quill-

275 1061 440 1114 quam
482 1047 703 1101 omnino
732 1043 1204 1114 przetereazidque
1235 1042 1374 1096 beati
1423 1040 1610 1108 hujus,
1653 1047 1873 1107 propter

275 1153 439 1206 quem
484 1137 645 1192 hodie
668 1136 977 1208 congregati
1007 1150 1228 1199 sumus,
1280 1135 1569 1193 illustratur
1605 1129 1869 1199 exemplo.

277 1229 432 1285 Sicut
456 1229 598 1283 enim
621 1229 786 1283 Paulo
809 1227 937 1288 nihil
959 1241 1020 1280 ea
1042 1242 1159 1294 qua:
1180 1225 1424 1297 superius
1439 1231 1560 1278 sunt
1582 1228 1871 1279 memorata

280 1329 603 1385 nocuerunt,
630 1319 700 1372 ita
727 1327 876 1373 extra
907 1317 1215 1387 religionem
1249 1324 1482 1368 nostram
1515 1312 1716 1387 positos
1743 1309 1873 1363 nihil

281 1410 374 1464 his
397 1409 619 1464 adversa
655 1409 938 1479 juverunt,
967 1424 1072 1462 non
1100 1406 1309 1476 generis
1337 1403 1627 1470 claritudo,
1659 1417 1762 1456 non
1790 1401 1874 1454 di-

278 1499 533 1554 vitiarum
565 1499 833 1554 afﬂuentia
853 1539 867 1563 ,
899 1514 1004 1554 non
1033 1497 1286 1566 splendor
1312 1497 1526 1566 eloquii,
1555 1511 1660 1553 non
1691 1493 1876 1564 gloria:

283 1591 618 1662 magnitudo,
649 1607 754 1646 non
781 1591 1078 1645 sublimitas
1103 1599 1426 1663 potentatus.

360 1683 628 1739 Damone:
674 1685 748 1737 nil
792 1686 932 1750 iuvat
981 1680 1561 1736 inmortalitas—Sed
1609 1678 1734 1749 quid
1779 1692 1878 1748 ego

282 1773 359 1829 de
383 1773 686 1828 hominibus
718 1774 892 1827 adhuc
920 1773 1128 1841 loquor,
1158 1779 1211 1826 et
1235 1769 1488 1841 quamdiu
1514 1771 1656 1823 circa
1684 1777 1878 1823 terram

283 1863 542 1919 contineo
584 1863 924 1918 sermonem?
966 1863 1070 1917 Fas
1107 1871 1190 1916 est
1227 1862 1384 1916 etiam
1434 1875 1691 1930 supernas
1730 1873 1879 1913 com-

289 1969 593 2010 memorare
625 1955 844 2008 virtutes
869 1996 884 2020 ,
938 1954 1263 2023 principatus
1309 1953 1577 2017 videlicet,
1628 1967 1690 2006 ac
1731 1961 1882 2022 pote-

288 2055 475 2112 states,
491 2047 776 2116 mundique
805 2057 1038 2100 rectores
1061 2061 1122 2099 ac
1148 2045 1486 2100 tenebrarum
1504 2043 1657 2112 hujus
1679 2043 1878 2098 saaculi.

280 2141 428 2210 Quid
464 2139 606 2193 enim
647 2139 782 2208 juvit
826 2153 919 2192 eos
956 2137 1261 2209 angelorqu
1309 2138 1526 2191 sortitos
1569 2151 1689 2191 esse
1731 2144 1883 2189 natu-

287 2231 452 2285 ram?
497 2247 673 2286 nonne
712 2230 927 2285 venient
955 2246 1141 2285 omnes
1185 2231 1298 2285 ista:
1341 2230 1566 2284 virtutes
1610 2245 1640 2283 a
1680 2229 1880 2296 Paulo,
1924 2227 1931 2240 ί

289 2321 520 2390 ejusque
587 2321 851 2376 similibus
921 2321 1267 2390 judicandte?
1337 2321 1604 2388 Nescitis,
1674 2320 1882 2390 inquit,

293 2412 412 2478 quia
463 2411 669 2482 angelos
712 2411 1095 2482 judicabimus,
1153 2422 1341 2490 quanto
1397 2413 1559 2492 magis
1617 2411 1884 2468 περίεισι-ἔα

297 2503 376 2571 (l.
418 2500 535 2556 Cor;
578 2501 632 2556 6.
664 2501 762 2570 5)?
789 2501 904 2558 Non
933 2503 1090 2573 igitur
1115 2502 1184 2557 ob
1209 2503 1339 2557 alias
1363 2503 1650 2572 aliquando
1696 2518 1886 2558 causas

293 2594 398 2648 nisi
421 2594 489 2649 ob
517 2593 640 2649 vitia
666 2595 780 2650 sola
803 2593 1110 2661 doleamus;
1143 2594 1332 2648 horum
1356 2609 1453 2649 nos
1477 2589 1742 2653 studiosos
1767 2608 1886 2649 esse

293 2687 556 2756 peniteat
584 2704 598 2739 :
626 2701 800 2757 neque
841 2687 910 2742 ob
940 2685 1084 2741 aliud
1127 2686 1413 2757 quidquam
1457 2688 1784 2758 gaudeamus
1824 2701 1888 2740 ac

294 2781 540 2834 lmtemur
567 2780 668 2834 nisi
695 2781 903 2836 virtutis
934 2795 1094 2835 causa
1127 2799 1140 2834 :
1171 2779 1303 2835 nihil
1333 2789 1415 2836 est
1442 2779 1583 2850 quod
1613 2795 1711 2839 nos
1740 2779 1885 2834 Pauli

293 2869 500 2925 similes
527 2869 640 2924 fieri
661 2879 822 2926 vetet.
847 2869 941 2926 Ille
958 2871 1098 2925 enim
1120 2884 1224 2925 non
1256 2872 1427 2926 solum
1458 2871 1624 2941 gratia
1655 2871 1768 2936 Dei,
1792 2869 1886 2925 sed

296 2963 461 3016 etiam
477 2975 572 3015 sua
596 2962 868 3017 voluntate
890 2962 1008 3018 talis
1030 2963 1250 3018 eﬂ'ectus
1276 2970 1378 3025 est,
1401 2973 1455 3017 et
1477 2962 1674 3016 idcirco
1695 2961 1885 3032 gratia,

295 3053 422 3122 quia
453 3053 612 3107 etiam
637 3053 705 3108 de
731 3054 945 3129 propria
980 3053 1270 3113 voluntate.
1301 3052 1535 3131 Utraque
1561 3053 1702 3107 enim
1733 3052 1885 3128 plena

297 3145 355 3198 in
385 3144 477 3198 illo
504 3143 715 3200 fuerunt
756 3154 918 3215 atque
947 3145 1211 3219 perfecta,
1239 3154 1292 3200 et
1319 3160 1379 3198 ea
1408 3160 1525 3214 quae
1565 3143 1830 3201 donantur
1857 3157 1886 3195 a

300 3235 434 3300 Deo,
461 3244 515 3289 et
553 3250 614 3289 ea
654 3251 774 3304 qua:
801 3237 1073 3290 voluntate
1120 3244 1461 3306 przestantur.
1489 3235 1584 3289 Vis
1610 3235 1748 3289 dona
1794 3233 1889 3289 Dei

297 3327 628 3396 agnoscere?
643 3327 971 3382 Vestimenta
991 3327 1137 3381 Pauli
1160 3326 1487 3381 daemonibus
1502 3325 1692 3380 terrori
1715 3333 1886 3378 erant.

301 3418 501 3473 Verum
529 3433 628 3489 ego
656 3435 987 3489 nequaquam
1014 3418 1144 3473 illud
1173 3417 1431 3482 admiror,
1461 3416 1600 3470 sicut
1632 3430 1731 3469 nec
1761 3415 1887 3469 illud

300 3511 540 3582 quidem,
563 3513 684 3582 quia
715 3512 902 3566 umbra
945 3511 1088 3566 Petri
1123 3524 1408 3583 corporum
1450 3509 1730 3579 languores
1756 3505 1890 3561 etfu-

291 3605 482 3674 gabat.
510 3604 637 3658 Haec
677 3612 802 3663 sunt
840 3618 980 3682 vero,
1021 3602 1295 3668 miranda,
1338 3615 1457 3678 quae
1498 3600 1696 3655 Paulus
1732 3599 1891 3653 etiam

255 3715 266 3730 ε
303 3706 433 3752 ante
474 3698 698 3768 gratiam
743 3712 964 3767 magnus
1003 3697 1071 3751 ab
1109 3696 1237 3766 ipsis
1280 3694 1617 3760 rudimentis,
1657 3692 1726 3746 ab
1767 3693 1894 3762 ipsis

306 3789 436 3844 ﬁdei
461 3803 570 3844 sua:
597 3789 866 3845 invenitur
891 3787 1085 3844 fecisse
1108 3787 1385 3860 principiis
1401 3826 1418 3852 ,
1444 3785 1567 3862 quia
1588 3799 1686 3839 nec
1702 3785 1895 3838 virtute

305 3881 430 3947 hac,
461 3897 561 3950 qua
602 3890 790 3952 postea
827 3880 1035 3949 polluit,
1065 3879 1390 3944 illustratus,
1421 3893 1519 3933 nec
1564 3877 1894 3947 apostolatus

305 3971 514 4029 honore
543 3971 792 4038 donatus,
824 3971 894 4025 ita
921 3971 972 4025 in
998 3970 1196 4025 Christi
1219 3970 1389 4024 zelum
1419 3977 1564 4023 totus
1587 3969 1808 4034 exarsit,
1841 3975 1898 4021 ut

307 4078 523 4117 «nonem
552 4073 736 4118 contra
760 4079 819 4120 se
842 4063 1158 4118 accenderet
1185 4062 1460 4118 Judaicum
1482 4061 1737 4132 populum
1763 4077 1776 4114 :
1807 4061 1897 4131 qui

307 4171 432 4211 cum
460 4171 518 4211 se
548 4158 598 4210 in
637 4156 800 4210 tantis
828 4155 1078 4226 periculis
1101 4164 1154 4209 ct
1178 4154 1443 4209 civitatem
1476 4161 1694 4223 propter
1722 4167 1778 4205 se
1805 4153 1900 4206 ob-

307 4263 512 4304 sessam
541 4256 808 4314 cerneret,
841 4263 936 4319 per
963 4243 1174 4302 murum
1202 4246 1467 4300 demissus
1493 4245 1543 4298 in
1575 4252 1754 4313 sporta
1781 4252 1863 4298 est
1883 4285 1896 4307 ,

309 4341 498 4411 sicque
517 4340 811 4411 depositus,
841 4355 942 4394 nec
963 4349 1091 4393 tunc
1113 4337 1328 4408 quidem
1357 4337 1410 4389 in
1436 4335 1720 4405 segnitiem
1749 4348 1813 4388 ac
1839 4335 1902 4387 ti-

312 4433 607 4488 miditatem
656 4434 900 4503 relapsus
955 4440 1072 4496 est;
1121 4430 1218 4486 sed
1265 4429 1524 4498 majorem
1573 4427 1899 4489 alacritatem

314 4524 513 4579 mentis
537 4524 762 4593 accepit,
795 4522 1045 4593 periculis
1064 4521 1380 4598 quibusdam
1409 4533 1468 4574 se
1495 4533 1638 4588 saepe
1669 4517 1904 4572 subdens

313 4617 374 4670 in
414 4615 639 4671 aliorum
676 4615 902 4674 salutem
932 4630 946 4667 :
977 4613 1109 4676 nulli
1151 4620 1331 4667 autem
1377 4610 1555 4666 studio
1588 4610 1785 4666 cedens
1810 4608 1906 4663 do-

313 4707 492 4773 condi,
546 4706 641 4771 sed
671 4706 911 4777 quotidie
953 4714 1171 4778 portans
1215 4717 1460 4770 crucem,
1493 4701 1778 4766 Dominum
1822 4716 1908 4756 se-

317 4798 616 4874 quebatur,
671 4807 728 4854 et
769 4797 984 4874 quidem
1028 4810 1149 4851 cum
1197 4808 1386 4849 recens
1432 4792 1608 4851 adhuc
1649 4791 1905 4860 Stephani

319 4871 448 4943 ante
471 4889 655 4944 oculos
682 4871 904 4942 haberet
943 4885 1264 4965 exemplum,
1297 4883 1610 4953 videretque
1633 4892 1818 4940 contra
1848 4897 1909 4938 se

320 4993 509 5034 omnes
555 4980 892 5056 potissimum
936 4977 1232 5032 concitatos
1271 4974 1508 5040 Judaeos,
1552 4973 1753 5028 caedem
1797 4973 1909 5046 spi-

320 5079 524 5136 rantes,
552 5071 801 5139 ipsasque
821 5082 959 5138 pene
978 5081 1166 5121 carnes
1186 5066 1304 5133 ejus
1325 5064 1586 5119 devorare
1607 5064 1908 5133 cupientes.

323 5162 492 5231 Igitur
518 5160 716 5216 Paulus
743 5173 920 5229 neque
950 5173 1070 5213 cum
1101 5157 1154 5211 in
1188 5155 1425 5227 pericula
1457 5154 1707 5220 irrueret,
1737 5161 1910 5218 teme-

323 5252 500 5308 ritatis
541 5251 696 5322 argui
736 5258 980 5321 poterat:
1023 5262 1123 5303 nec
1169 5246 1404 5325 pericula
1439 5244 1662 5324 fugere,
1713 5244 1914 5302 timidi-

323 5344 471 5398 datis
517 5344 535 5376 ί
587 5360 601 5396 :
652 5342 775 5413 quia
827 5339 1009 5411 utique
1053 5348 1108 5394 et
1157 5336 1374 5392 amabat
1422 5337 1553 5390 satis
1595 5344 1912 5415 praesentem

327 5435 514 5498 vitam,
544 5432 614 5488 ob
635 5433 844 5488 lucrum
872 5428 1137 5493 docendi;
1168 5436 1223 5482 et
1251 5441 1464 5481 rursum
1493 5424 1647 5480 valde
1675 5440 1793 5481 eam
1817 5425 1914 5480 de-

325 5527 610 5608 spiciebat,
654 5523 726 5580 ob
767 5521 1196 5603 philosophiam,
1238 5518 1305 5574 ad
1343 5533 1501 5588 quam
1547 5517 1695 5572 illum
1733 5517 1916 5572 mundi

327 5627 667 5688 contemptus
688 5623 966 5680 evexerat,
986 5621 1310 5684 prepterque
1325 5624 1564 5666 amorem
1590 5625 1698 5680 quo
1723 5610 1800 5664 ire
1820 5624 1916 5664 ur-

328 5713 557 5782 gebatur
575 5707 642 5764 ad
657 5705 951 5764 Christum.
971 5703 1125 5772 Quod
1145 5702 1288 5758 enim
1315 5699 1383 5757 de
1404 5701 1519 5771 ipso
1542 5699 1664 5755 dico
1683 5714 1917 5770 semper,

400 5871 415 5900 ο
453 5875 552 5931 (In,
582 5863 755 5914 Paulus
777 5863 1099 5931 igiturducque
1119 5857 1386 5931 inconsulte
1395 5872 1457 5931 se
1489 5856 1718 5931 periculis
1753 5859 1922 5916 trade-

336 5930 416 5989 ιω
429 5929 636 5994 pariunt,
657 5923 816 5996 ncqué
830 5925 880 5985 in
904 5924 1001 5979 illis
1022 5923 1267 5989 fugiendis
1291 5923 1480 5978 mollius
1503 5935 1554 5972 se
1575 5923 1737 5986 gessit.

1103 469 1192 525 DE
1231 468 1575 525 LAUDIBUS
1615 469 1674 525 S.
1717 467 1923 527 PAULI
1961 469 2316 533 APOSTOLI.
2361 470 2591 531 HOMlL.
2634 470 2698 527 ν.

3462 460 3559 517 493

1975 599 2079 646 nec
2098 586 2280 642 dicere
2323 588 2610 657 aliquando
2641 585 2866 642 cessabo
2897 603 2909 639 :
2941 583 3118 638 nullus
3150 582 3221 636 ita
3259 579 3313 633 in
3354 576 3563 632 diversa

1973 695 2156 735 rerum
2185 680 2424 736 incidens
2450 691 2611 750 atque
2651 678 2939 742 contraria,
2969 686 3193 742 utraque
3228 673 3279 726 in
3323 681 3562 722 commo-

1975 771 2098 826 dum
2147 785 2300 828 suum
2344 771 2648 834 transtulit,
2706 780 2930 838 utraque
2968 769 3080 821 suis
3132 762 3446 819 utilitatibus
3475 774 3567 812 eo-

1976 862 2198 932 aptavit.
2235 860 2423 916 Nullus
2454 862 2596 917 enim
2620 861 2698 914 sic
2717 874 2969 928 umquam
3014 853 3292 926 pra'sentis
3319 852 3442 906 vita:
3472 850 3566 903 fuit

1977 967 2164 1009 amans
2185 992 2202 1018 ,
2228 966 2332 1007 nec
2359 967 2548 1006 eorum
2575 949 2665 1021 qui
2693 959 2818 1005 sunt
2847 948 2980 1002 lucis
3007 948 3158 1001 istius
3186 941 3516 1012 cupidissimi
3549 957 3562 993 :

1977 1052 2032 1099 et
2060 1058 2092 1098 e
2123 1043 2338 1114 regione
2368 1040 2591 1115 [nullus]
2619 1043 2696 1096 sic
2731 1039 3018 1110 aliquando
3045 1036 3292 1108 despexit
3338 1033 3566 1089 salutem

1979 1137 2191 1191 illorum
2221 1135 2312 1204 qui
2343 1145 2401 1189 se
2429 1136 2481 1189 in
2509 1143 2737 1189 mortem
2768 1141 2959 1202 sponte
2988 1128 3342 1200 prtecipitant.
3373 1125 3466 1181 Sic
3498 1124 3569 1179 ab

1979 1231 2125 1288 omni
2175 1245 2236 1285 se
2279 1229 2534 1284 mundum
2574 1228 2864 1298 cupiditate
2911 1222 3276 1286 abstrahebat,
3317 1219 3571 1288 nullaque

1980 1322 2324 1394 pratsentium
2377 1321 2656 1377 tenebatur
2681 1317 2950 1388 passione,
2996 1315 3091 1371 sed
3117 1313 3312 1382 ubique
3353 1311 3569 1366 deside-

1981 1416 2120 1471 rium
2145 1415 2305 1469 suuni
2327 1428 2448 1469 cum
2479 1412 2573 1467 Dei
2601 1410 2874 1464 voluntate
2900 1406 3175 1470 miscebat,
3205 1413 3259 1459 et
3285 1416 3427 1462 nunc
3455 1399 3572 1470 qui-

1981 1506 2102 1560 dem
2131 1513 2449 1576 praesentem
2476 1502 2638 1558 vitam
2667 1501 2837 1570 magis
2865 1496 3222 1587 pecessariam
3259 1508 3379 1548 esse
3403 1491 3572 1546 duce—-

1984 1599 2094 1664 bat,
2123 1612 2282 1667 quam
2307 1597 2616 1652 societatem
2639 1591 2838 1648 Christi
2859 1600 3018 1660 atque
3037 1587 3400 1657 colloquium;
3431 1597 3574 1638 nunc

1983 1704 2111 1743 vero
2143 1697 2248 1742 tam
2277 1688 2558 1745 molestam
2587 1685 2691 1742 sibi
2721 1686 2863 1740 illam
2885 1682 3150 1738 fatebatur
3171 1689 3224 1735 et
3251 1691 3486 1748 gravem,
3515 1683 3577 1729 ut

1983 1782 2145 1836 etiam
2190 1779 2586 1851 ingemisceret,
2628 1787 2788 1848 atque
2818 1775 2872 1830 in
2912 1775 3100 1828 mortis
3135 1769 3457 1826 desiderium
3479 1780 3575 1821 co-

1985 1885 2219 1946 geretur.
2273 1875 2344 1930 Ea
2385 1875 2527 1928 enim
2562 1873 2676 1929 sola
2723 1869 2993 1940 cupiebat.
3025 1881 3144 1936 qua:
3182 1863 3256 1918 illi
3280 1860 3576 1918 secundum

1989 1967 2156 2022 Deum
2208 1967 2356 2020 lucra
2404 1973 2672 2034 parerent,
2702 1961 2910 2017 etiamsi
2962 1957 3227 2028 prioribus
3267 1953 3578 2007 viderentur

1987 2076 2107 2117 esse
2133 2060 2421 2116 contraria.
2450 2059 2580 2112 Erat
2619 2056 2760 2111 enim
2793 2053 3008 2123 quidem
3055 2050 3234 2104 varius
3275 2060 3490 2114 semper
3513 2059 3578 2097 ac

1988 2155 2293 2224 multiplex,
2325 2169 2429 2210 non
2459 2153 2641 2221 utique
2665 2147 3092 2205 dissimulatione
3114 2141 3402 2205 mutabilis,
3433 2139 3578 2210 quod

1989 2249 2147 2315 absit,
2179 2247 2274 2302 sed
2307 2246 2506 2301 faciens
2526 2244 2705 2299 omnia
2727 2257 2844 2313 qua:
2865 2237 3260 2312 prmdicationis
3288 2235 3580 2302 salutisque

1991 2343 2267 2398 hominum
2299 2338 2592 2396 necessitas
2627 2335 2982 2407 poposcisset,
3014 2333 3065 2385 in
3102 2331 3206 2384 hoc
3229 2341 3440 2398 quoque
3466 2326 3580 2380 Do-

1989 2434 2119 2490 mini
2168 2434 2250 2488 sui
2294 2433 2548 2487 inventus
2594 2429 2848 2482 imitator.
2895 2423 3028 2480 Nam
3058 2431 3112 2476 et
3143 2421 3280 2475 Deus
3318 2428 3374 2472 ct
3417 2416 3581 2472 homo

1991 2526 2255 2596 apparuit,
2287 2538 2406 2578 cum
2434 2521 2486 2578 id
2517 2536 2641 2577 eum
2686 2516 2924 2589 oportuit
2970 2523 3260 2583 apparere,
3294 2519 3348 2564 et
3377 2510 3429 2562 in
3459 2507 3580 2576 igne

1991 2615 2202 2685 quando
2227 2624 2440 2683 tempus
2467 2614 2538 2666 ita
2567 2610 2743 2680 exegit
2767 2649 2782 2672 ,
2811 2617 2866 2661 et
2908 2620 3048 2660 nunc
3073 2602 3283 2674 quidem
3314 2615 3373 2655 se
3398 2599 3450 2653 in
3483 2598 3580 2651 ha.-

1991 2708 2104 2763 bitu
2133 2705 2324 2760 armati
2350 2703 2558 2767 militis,
2588 2716 2731 2756 nunc
2760 2701 2810 2755 in
2838 2698 3015 2769 specie
3041 2695 3207 2760 senis,
3236 2707 3378 2762 nunc
3407 2691 3458 2744 in
3487 2704 3584 2744 au-

1992 2813 2070 2863 ra,
2105 2812 2248 2852 nunc
2274 2796 2326 2850 in
2357 2793 2711 2850 similitudine
2737 2789 2955 2844 viatoris
2974 2828 2990 2854 ,
3018 2799 3162 2840 nunc
3187 2784 3240 2838 in
3268 2783 3384 2851 ipsa
3403 2788 3584 2834 osten-

1991 2889 2073 2944 dit
2117 2887 2352 2944 hominis
2397 2886 2662 2948 veritate,
2722 2879 3017 2936 secundum
3073 2890 3231 2946 quam
3289 2887 3358 2928 ne
3411 2871 3582 2940 ipsam

1993 2981 2208 3053 quidem
2240 2988 2468 3035 mortem
2501 2977 2696 3047 refugit
2725 2993 2738 3028 :
2769 2975 2860 3029 sed
2893 2975 3083 3028 iterum
3112 2971 3412 3036 iterumque
3435 2979 3586 3018 com-

1993 3087 2228 3138 moneo,
2285 3087 2445 3127 nemo
2495 3067 2946 3138 dispensationem
3001 3064 3157 3115 istam
3208 3057 3584 3113 necessitatem

1996 3173 2166 3234 putet.
2194 3161 2291 3218 sed
2337 3158 2708 3216 tantummodo
2755 3169 2993 3210 amorem
3036 3151 3131 3207 Dei
3170 3163 3295 3220 erga
3340 3146 3586 3201 homines

1995 3253 2283 3323 intelligat.
2313 3253 2446 3307 Nam
2473 3262 2528 3306 et
2553 3247 2841 3318 aliquando
2868 3245 3081 3316 quidem
3108 3257 3270 3311 super
3303 3241 3550 3293 thronum
3567 3277 3584 3301 ,

1995 3342 2284 3414 aliquando
2319 3357 2453 3398 vero
2489 3355 2655 3410 super
2698 3337 2987 3394 Cherubim
3032 3333 3326 3404 apparebat
3367 3330 3586 3386 sedens.

1997 3435 2187 3492 Omnia
2215 3443 2394 3488 tamen
2438 3433 2536 3486 ista
2569 3445 2664 3499 pro
2687 3429 2954 3483 variarum
2989 3423 3445 3493 dispensationum
3492 3434 3589 3488 op-

1998 3525 2322 3596 portunitate
2349 3522 2607 3587 faciebat,
2636 3528 2858 3590 propter
2886 3516 3029 3588 quod
3061 3515 3296 3583 loquitur
3338 3526 3432 3580 per
3457 3525 3587 3580 pro-

1997 3621 2215 3692 phetam
2239 3637 2252 3672 :
2284 3619 2396 3690 Ego
2425 3618 2638 3671 visiones
2677 3613 3028 3682 multiplicari,
3061 3621 3107 3664 et
3133 3612 3186 3663 in
3211 3608 3442 3661 manibus
3464 3621 3588 3675 pra-

2000 3713 2266 3785 phetarum
2307 3709 2616 3764 assimilatas
2653 3723 2762 3762 sum
2795 3706 2949 3775 (Osce
2972 3703 3056 3758 1%.
3103 3701 3216 3768 10).
3242 3700 3318 3753 lla
3355 3697 3512 3768 igitur
3534 3705 3590 3750 et

2000 3805 2200 3859 Paulus
2227 3801 2446 3857 credita:
2475 3799 2580 3856 sibi
2609 3797 3029 3868 dispensationis
3067 3793 3285 3849 modum
3329 3806 3473 3859 saepe
3497 3803 3592 3840 va-

2003 3894 2226 3960 riando,
2272 3907 2603 3962 nequaquam
2643 3890 2712 3946 de
2757 3888 2965 3942 Domini
3012 3887 3093 3940 sui
3139 3882 3440 3938 imitatione
3474 3880 3593 3935 cul-

2004 3997 2161 4058 patus
2181 3995 2283 4051 est,
2307 4001 2426 4040 cum
2445 3984 2606 4039 modo
2624 3982 2839 4038 Judrcus
2864 3981 3038 4042 fieret,
3060 3976 3219 4032 modo
3240 3990 3300 4030 se
3323 3974 3427 4029 illis
3447 3971 3592 4026 nulla

2005 4077 2489 4140 communicatione
2511 4075 2782 4140 misceret,
2811 4081 2866 4128 et
2894 4086 3035 4126 nunc
3058 4068 3274 4140 quidem
3300 4064 3596 4121 custodiret

2007 4171 2177 4241 legem
2200 4209 2216 4235 ,
2246 4183 2388 4224 nunc
2429 4180 2559 4220 vero
2604 4164 2942 4234 despiceret:
2975 4169 3030 4215 et
3057 4157 3343 4228 aliquando
3385 4170 3596 4210 conser-

2007 4270 2159 4324 varet
2198 4269 2513 4330 praesentem
2544 4257 2706 4311 vitam
2730 4297 2744 4321 ,
2773 4251 3061 4324 aliquando
3090 4256 3459 4305 contemneret
3498 4264 3511 4300 :
3543 4254 3598 4301 et

2006 4367 2150 4412 nunc
2173 4351 2384 4420 quidem
2413 4350 2574 4404 etiam
2602 4345 2900 4417 postularet
2925 4342 3208 4413 pecunias,
3239 4354 3381 4394 nunc
3417 4346 3597 4392 autem

2009 4445 2217 4504 oblatas
2259 4441 2428 4503 etiam
2471 4439 2777 4510 repudiaret
2815 4455 2828 4491 :
2871 4451 2993 4494 nam
3037 4442 3091 4489 et
3133 4431 3451 4489 sacrificium
3496 4430 3600 4482 ob-

2018 4536 2161 4600 tulit,
2191 4541 2246 4588 et
2271 4531 2692 4604 puriﬁcationem
2717 4543 2784 4584 ex
2831 4541 2982 4582 more
3019 4522 3329 4586 Celebravit,
3359 4529 3414 4574 et
3442 4525 3601 4588 caput

2013 4628 2178 4691 rasit;
2207 4625 2303 4682 sed
2330 4637 2518 4679 rursus
2546 4631 2603 4678 et
2640 4615 3110 4674 anathematizavit
3147 4614 3248 4668 ista
3293 4610 3551 4665 facientes
3579 4624 3595 4663 :

2016 4729 2071 4775 et
2099 4733 2242 4775 nunc
2267 4716 2484 4787 quidem
2524 4710 2943 4771 circumeidebat
2971 4708 3108 4776 ipse,
3149 4719 3290 4758 nunc
3320 4700 3601 4758 circumci-

2016 4811 2224 4866 sionem
2255 4807 2469 4878 penitus
2498 4802 2837 4866 excludebat.
2881 4799 2949 4854 Et
2996 4802 3155 4852 erant
3202 4793 3340 4848 facta
3385 4790 3602 4862 quidem

2017 4902 2133 4971 ipsa
2161 4900 2373 4956 diversa
2415 4897 2556 4952 inter
2586 4908 2646 4948 se
2670 4901 2833 4960 atque
2857 4887 3148 4953 contraria,
3182 4901 3336 4942 mens
3365 4898 3494 4938 vero
3518 4893 3604 4935 at-

2019 5009 2124 5063 que
2151 4991 2413 5049 sententia
2442 5003 2506 5044 ex
2533 5000 2637 5057 qua
2665 4985 2753 5040 illa
2782 4981 2983 5038 fiebant
3011 4979 3165 5035 valde
3189 4977 3290 5033 sibi
3316 4976 3606 5035 concinens

2018 5095 2179 5156 atque
2208 5080 2560 5138 concordans.

2092 5174 2291 5228 Paulus
2317 5173 2466 5226 modo
2498 5173 2654 5242 legem
2681 5167 2898 5233 extollit,
2929 5165 3080 5220 modo
3109 5165 3302 5237 dejicit.
3333 5192 3403 5206 —
3429 5160 3605 5218 Unum

2024 5267 2154 5322 illud
2183 5266 2492 5336 requirebat
2514 5273 2569 5318 et
2596 5263 2769 5316 solum
2791 5301 2805 5322 ,
2838 5274 3023 5317 eorum
3053 5259 3145 5328 qui
3186 5256 3335 5310 illum
3362 5253 3611 5308 audirent

2027 5377 2090 5417 ac
2132 5360 2399 5422 viderent,
2447 5357 2713 5410 salutem:
2747 5364 3030 5424 propterea
3073 5349 3235 5406 modo
3279 5346 3490 5402 extollit
3533 5345 3611 5399 le-

2027 5468 2170 5525 gem,
2217 5449 2378 5504 modo
2418 5447 2639 5504 inclinat
2665 5460 2730 5500 ac
2769 5445 2971 5514 dejicit.
3019 5441 3133 5497 Non
3179 5438 3323 5492 enim
3358 5435 3530 5489 solum
3560 5435 3614 5488 in

2029 5544 2234 5600 actibus
2260 5540 2394 5603 suis,
2424 5553 2610 5593 verum
2641 5535 2881 5592 etiamin
2913 5532 3094 5588 verbis
3111 5537 3250 5592 erat,
3282 5537 3341 5581 ut
3360 5527 3492 5588 dixi,
3522 5540 3617 5578 va-

2029 5637 2146 5690 rius
2175 5647 2239 5690 ac
2277 5629 2575 5700 multiplex,
2610 5643 2719 5683 non
2759 5624 3014 5681 mutando
3057 5619 3400 5683 sententiam,
3439 5630 3614 5686 neque

2032 5728 2171 5784 alter
2226 5724 2397 5782 factus
2439 5737 2506 5777 ex
2554 5721 2726 5774 altero
2774 5736 2787 5772 :
2831 5715 2925 5772 sed
2972 5715 3086 5782 ipse
3127 5711 3270 5783 quod
3315 5719 3433 5768 erat
3469 5724 3616 5764 sem-

2031 5833 2132 5892 per
2181 5813 2487 5878 manendo,
2539 5825 2728 5875 eorum
2783 5822 2903 5879 qua:
2946 5805 3086 5864 diota
3141 5815 3266 5862 sunt
3316 5817 3470 5858 usum
3518 5815 3614 5870 pro

2039 5921 2325 5963 causarum
2380 5903 2773 5973 opportunitate
2824 5897 3082 5961 variabat.
3127 5895 3244 5953 Non
3291 5895 3447 5974 igitur
3495 5906 3616 5954 eum
