4032 6488
489 401 595 454 499

500 527 720 588 propter
757 513 855 567 ista
883 511 1276 581 reprehendas,
1319 519 1536 580 propter
1576 524 1694 576 qua:
1733 506 1881 562 illum
1910 509 2077 579 magis

501 605 668 660 debes
688 601 861 671 dignis
886 601 1127 656 laudibus
1150 615 1426 655 coronare.
1451 598 1721 668 Siquidem
1741 607 1794 653 et
1818 599 2081 653 medicum

499 714 620 752 eum
660 710 802 749 nunc
843 704 1084 749 urentem
1124 694 1354 760 videris,
1398 707 1536 746 nunc
1582 691 1848 746 foventem
1875 735 1889 757 ,
1939 708 2079 746 nunc

499 787 642 840 ferro
673 794 933 852 utentem,
967 802 1107 841 nunc
1134 785 1545 850 medicamento,
1578 793 1631 838 et
1658 783 1942 853 aliquando
1970 784 2085 852 qui-

497 881 619 936 dem
648 890 905 951 egrotum
933 895 962 932 a
992 880 1112 934 cibo
1137 887 1367 949 potuque
1391 876 1730 931 cohibentem
1752 916 1766 940 ,
1801 873 2084 944 aliquando

500 988 632 1027 vero
668 989 791 1029 eum
826 975 877 1026 in
909 973 1006 1026 ista
1035 973 1328 1035 laxantem,
1361 980 1414 1024 et
1443 969 1604 1023 modo
1647 968 1859 1038 quidem
1887 981 2087 1035 coope-

500 1065 726 1118 rientetn
756 1064 1005 1132 undique,
1029 1071 1083 1117 et
1106 1063 1340 1131 undique
1365 1060 1767 1122 confoventem;
1789 1073 1930 1112 nunc
1961 1071 2108 1110 vero

501 1156 600 1223 ipsi
630 1156 706 1210 illi
727 1155 979 1210 calefacto
1007 1155 1246 1210 securius
1272 1155 1483 1223 plenam
1507 1153 1708 1223 frigidis
1737 1153 1887 1222 aquis
1914 1151 2083 1220 impc-

506 1255 710 1300 rantem
737 1254 954 1315 epotare
985 1246 1216 1315 phialam
1243 1264 1254 1298 :
1284 1260 1391 1298 non
1430 1245 1610 1314 utique
1637 1259 1797 1313 super
1837 1243 1936 1296 hac
1963 1258 2085 1297 eum

504 1336 755 1391 varietate
799 1345 853 1392 et
895 1335 1158 1408 frequenti
1196 1338 1488 1391 mutatione
1533 1335 1799 1405 culpabis;
1829 1335 1923 1389 sed
1962 1342 2086 1388 tunc

501 1427 765 1496 praecipue
791 1428 1031 1496 stupebis
1055 1438 1249 1493 artem,
1289 1428 1503 1497 quando
1529 1443 1591 1482 ea
1615 1441 1734 1496 qute
1777 1425 1932 1481 nobis
1958 1440 2088 1480 con-

503 1519 660 1573 traria
690 1520 940 1575 videntur
967 1530 1022 1576 et
1044 1521 1220 1586 noxia,
1253 1521 1394 1575 illam
1423 1535 1545 1575 cum
1579 1519 1769 1575 ﬁducia
1793 1519 1989 1574 videris
2009 1517 2088 1570 of-

503 1609 792 1669 ferentem.
841 1611 954 1666 lioe
989 1622 1072 1666 est
1111 1613 1254 1667 enim
1299 1613 1408 1666 veri
1453 1611 1673 1666 artificis
1711 1625 1773 1665 ac
1815 1609 1988 1678 periti.
2030 1608 2089 1663 Si

505 1702 665 1771 igitur
688 1703 1048 1771 approbamus
1073 1703 1337 1758 medicum
1367 1704 1632 1758 contraria
1662 1703 1756 1756 ista
1785 1703 2085 1766 facientem,

509 1793 677 1847 multo
704 1795 872 1862 magis
912 1794 1058 1848 Pauli
1096 1794 1356 1850 debemus
1382 1796 1613 1850 animam
1643 1795 1952 1864 praedicare,
1982 1803 2090 1847 tam

508 1882 694 1936 multis
722 1899 780 1936 se
808 1897 867 1936 ac
892 1882 1118 1939 diversis
1137 1885 1312 1938 modis
1331 1887 1710 1955 a‘grotantibns
1729 1893 2088 1956 coaptantem.

505 1972 626 2030 Non
670 1976 813 2029 enim
863 1975 1038 2030 minus
1088 1975 1141 2030 hi
1167 1977 1260 2046 qui
1305 1977 1636 2043 animarum,
1683 1992 1840 2047 quam
1881 1977 1954 2031 illi
2001 1977 2091 2046 qui

507 2081 793 2134 corporum
842 2068 1097 2138 languore
1137 2079 1417 2134 vexantur,
1447 2080 1562 2125 arte
1599 2086 1735 2140 opus
1772 2071 2001 2133 habent,
2029 2081 2092 2123 ac

507 2159 762 2214 varietate
801 2161 1059 2215 curandi:
1090 2162 1156 2216 ad
1186 2176 1320 2231 quos
1341 2161 1387 2216 si
1429 2177 1616 2217 secure
1645 2171 1698 2217 et
1721 2163 1865 2217 velut
1907 2178 1976 2216 ex
2007 2161 2090 2215 di-

509 2258 658 2304 recto
677 2250 911 2306 volueris
935 2251 1212 2321 accedere,
1235 2254 1410 2308 omnis
1436 2267 1559 2322 spes
1579 2255 1646 2307 ab
1669 2255 1748 2308 eis
1784 2254 1969 2308 salutis
1993 2268 2092 2305 au-

509 2337 692 2408 fugict.
747 2340 814 2395 Et
840 2341 966 2412 quid
995 2344 1186 2398 mirum
1218 2345 1262 2398 si
1311 2343 1557 2399 homines
1599 2344 1667 2398 ad
1705 2343 1820 2399 hac
1869 2343 2091 2398 sanandi

509 2442 926 2501 temperamenta
977 2433 1325 2503 descendant,
1378 2451 1500 2491 cum
1547 2436 1708 2490 etiam
1741 2436 2094 2505 omnipotens

424 2522 432 2546 ‘
511 2523 651 2578 Deus
681 2524 784 2578 hoc
805 2525 923 2594 ipso
943 2525 1222 2582 medicina:
1243 2535 1424 2582 utatur
1447 2527 1628 2594 modo,
1667 2543 1765 2583 nec
1790 2529 1969 2582 omnia
1993 2543 2092 2582 no-

510 2613 592 2668 bis
639 2612 974 2669 uniformiter
1019 2629 1083 2669 ac
1128 2615 1370 2670 directim
1422 2617 1722 2686 loquatur?
1775 2617 1906 2686 Quia
1951 2619 2094 2675 enim

512 2716 706 2774 sponte
733 2720 832 2760 nos
857 2706 971 2760 vult
995 2706 1135 2761 efﬁci
1165 2707 1335 2762 bonos
1362 2749 1378 2772 ,
1426 2723 1532 2762 non
1574 2709 1891 2763 necessitate
1935 2719 2096 2779 atque

519 2795 795 2863 violentia,
814 2809 949 2866 opus
974 2797 1134 2851 etiam
1162 2797 1324 2853 habet
1350 2799 1644 2853 mutatione
1655 2801 1816 2866 curm,
1843 2814 1948 2854 non
1967 2813 2090 2870 pro-

513 2893 634 2955 pter
661 2885 893 2956 aliquam
928 2889 1406 2958 impossibilitatem
1448 2906 1622 2957 suam,
1653 2892 1812 2956 absit,
1840 2893 1935 2947 sed
1973 2908 2100 2964 pro-

521 2990 645 3049 pter
667 2988 902 3035 nostram
930 2981 1290 3051 fragilitatem.
1320 2983 1423 3053 lpsi
1449 2984 1590 3038 enim
1611 2985 1732 3038 licet
1758 2985 1980 3040 innucre
2004 3000 2096 3040 so-

516 3070 648 3136 lum,
677 3073 784 3126 imo
813 3073 946 3128 velle
973 3074 1340 3130 tantummodo
1365 3114 1381 3139 ,
1427 3075 1644 3146 jamque
1670 3075 1808 3131 facta
1859 3089 2100 3148 spectare

518 3179 640 3232 qua:
662 3165 849 3220 voluit.
871 3165 983 3220 Nos
1009 3180 1139 3221 vero
1166 3167 1256 3237 qui
1277 3169 1446 3223 semel
1467 3167 1795 3223 dominatum
1816 3170 1984 3225 nostri
2007 3171 2102 3226 ad-

518 3257 626 3326 epti
653 3271 861 3325 sumus,
879 3274 985 3314 non
1017 3259 1070 3313 in
1090 3261 1297 3315 cunctis
1324 3261 1434 3316 Deo
1467 3261 1714 3317 subditos
1736 3277 1856 3318 esse
1881 3278 1982 3318 nos
2008 3278 2101 3334 pa-

518 3352 681 3405 timur
710 3367 724 3403 :
753 3351 844 3421 qui
864 3351 910 3406 si
935 3350 1170 3406 traheret
1191 3352 1404 3417 invitos,
1427 3354 1785 3424 eriperetipse
1804 3354 1945 3424 quod
1966 3369 2100 3409 con-

517 3440 656 3503 tulit,
682 3440 736 3496 id
760 3451 862 3508 est,
890 3440 1466 3513 arbitriipotestatem.
1496 3443 1575 3500 Ne
1621 3445 1783 3515 igitur
1816 3445 1956 3500 istud
2007 3445 2100 3501 ﬁe-

518 3543 620 3601 ret,
641 3533 916 3604 _frequenti
946 3534 1045 3590 fuit
1064 3551 1200 3606 opus
1219 3537 1474 3594 varietate
1501 3539 1819 3595 medicandi.
1852 3538 1976 3595 llaec
2001 3556 2102 3594 au-

514 3635 623 3680 tem
644 3642 672 3680 a
702 3627 856 3683 nobis
879 3643 984 3683 non
1010 3628 1281 3699 superfluo
1301 3630 1568 3700 disputata
1593 3642 1736 3698 sunt,
1764 3633 1857 3688 sed
1885 3641 2103 3703 propter

515 3718 658 3772 beati
685 3718 835 3773 Pauli
857 3719 1060 3773 varium
1101 3719 1334 3775 studium
1359 3731 1518 3790 atque
1536 3723 1770 3791 sapiens,
1803 3734 1860 3778 ut
1888 3724 2102 3795 quando

519 3824 645 3864 cum
679 3803 878 3865 videris
898 3810 1133 3880 pericula
1165 3811 1474 3881 fugientem,
1508 3828 1612 3866 non
1647 3814 1794 3868 illum
1821 3814 2101 3871 admireris

523 3900 717 3967 minus,
744 3916 904 3971 quam
934 3917 1055 3958 cum
1075 3917 1134 3958 se
1159 3904 1410 3974 periculis
1451 3905 1648 3975 gaudet
1691 3922 1964 3977 opponere
1992 3927 2004 3962 :
2045 3917 2104 3964 ut

523 3991 666 4048 enim
696 3991 798 4046 hoc
819 3992 1162 4060 fortitudinis,
1191 3996 1264 4049 ita
1295 3995 1426 4050 illud
1450 3996 1727 4066 sapientiae
1760 4009 1861 4053 est.
1887 3999 1954 4053 Et
1979 4015 2102 4054 cum

521 4084 723 4141 videris
746 4101 869 4140 eum
898 4101 1085 4156 magna
1113 4085 1182 4142 de
1211 4089 1390 4158 seipso
1424 4098 1724 4154 sonantem,
1752 4092 2107 4148 similiterad-

522 4178 759 4246 mireris,
787 4192 852 4233 ac
871 4178 917 4233 si
946 4179 1094 4234 illum
1113 4179 1293 4236 videas
1305 4183 1651 4254 semetipsum
1665 4183 2051 4254 depretiantem
2088 4203 2100 4239 :

523 4279 582 4326 ut
610 4271 751 4327 enim
784 4270 924 4326 istud
946 4270 1262 4328 humilitatis
1285 4315 1299 4337 ,
1332 4274 1402 4328 ita
1427 4283 1482 4329 et
1511 4276 1638 4330 illud
1659 4277 2106 4348 magnanimitatis

525 4369 629 4416 est.
657 4362 880 4428 Quando
903 4363 1048 4418 enim
1077 4363 1390 4434 gloriantem
1419 4366 1633 4432 videris,
1662 4367 1928 4423 admirare
1965 4385 1977 4422 :
2011 4367 2106 4422 sed

523 4454 775 4509 similiter
803 4453 959 4510 lauda
984 4495 1001 4520 ,
1048 4468 1168 4509 cum
1212 4455 1359 4509 illum
1387 4457 1535 4511 vides
1570 4457 1787 4512 humilia
1837 4459 1904 4514 de
1946 4473 2006 4514 se
2055 4467 2108 4514 et

519 4547 939 4616 oontemptibilia
956 4546 1241 4602 dicentem.
1258 4547 1388 4602 Nam
1408 4559 1461 4602 et
1478 4548 1577 4602 hoc
1593 4559 1672 4604 est
1687 4551 1849 4604 animi
1865 4565 2110 4622 arrogan-

525 4636 598 4691 tia
625 4637 800 4703 vacui,
832 4647 886 4693 et
905 4637 1034 4692 illud
1063 4637 1349 4693 dilectione
1374 4647 1428 4693 et
1454 4640 1783 4696 humanitate
1833 4642 1992 4709 pleni.
2051 4640 2106 4696 ln

523 4727 976 4796 dispensationem
1013 4731 1276 4801 siquidem
1330 4733 1616 4788 multorum
1650 4735 1836 4789 salutis
1879 4736 1978 4790 ista
2028 4734 2108 4789 fa-

526 4819 734 4884 ciebat,
784 4831 1000 4891 propter
1025 4823 1166 4892 quod
1205 4823 1318 4878 ait:
1349 4825 1466 4879 Siue
1506 4827 1638 4880 enim
1695 4836 1857 4882 mente
1912 4829 2112 4882 excedi-

528 4927 670 4974 mus,
717 4909 850 4977 Deo;
886 4914 988 4967 siue
1017 4915 1174 4968 sobrii
1205 4931 1413 4981 sumus,
1439 4917 1578 4972 vobis
1611 4917 1687 4989 (2.
1725 4919 1843 4973 Cor.
1890 4920 1944 4976 5.
1996 4921 2106 4992 15).

528 5001 711 5072 Neque
749 5003 886 5058 alius
913 5007 1193 5076 quisquam
1225 5016 1422 5072 tantas,
1453 5023 1561 5063 non
1605 5009 1727 5064 dico
1771 5013 2108 5078 occasiones,

531 5094 623 5148 sed
664 5108 886 5163 prorsus
926 5098 1273 5152 necessitates
1317 5099 1502 5154 habuit
1540 5103 1896 5170 arrogantiae,
1939 5119 2113 5172 neque

530 5194 707 5240 tamen
739 5185 878 5240 ullus
902 5187 1035 5240 alter
1054 5189 1125 5241 ila
1150 5204 1208 5243 se
1234 5188 1430 5244 munde
1449 5190 1518 5245 ab
1545 5191 1688 5246 omni
1709 5192 1962 5261 jactantia
1983 5191 2112 5248 sub-

528 5277 702 5331 duxit.
725 5277 852 5332 Haec
872 5278 1052 5347 itaque
1067 5280 1245 5335 animo
1255 5283 1539 5338 attentiore
1553 5284 1849 5340 considera.
1865 5285 2108 5354 Scientia,

529 5367 722 5438 inquit,
751 5369 901 5439 inﬂat
930 5371 1008 5436 (1.
1033 5369 1152 5424 Cor.
1184 5371 1236 5426 8.
1269 5373 1323 5442 1)
1349 5391 1361 5427 :
1394 5383 1448 5430 et
1487 5373 1590 5429 hoc
1618 5389 1806 5430 omnes
1831 5374 2112 5446 cumApo-

533 5459 672 5512 stolo
711 5457 870 5515 facile
915 5460 1232 5517 dixerimus.
1278 5467 1348 5518 At
1392 5475 1535 5520 tanta
1582 5477 1728 5522 certe
1770 5467 1823 5522 in
1871 5468 1963 5522 illo
2001 5477 2117 5522 erat

533 5547 780 5612 scientia,
805 5563 1004 5618 quanta
1034 5553 1088 5607 in
1115 5553 1222 5608 ullo
1245 5571 1496 5625 umquam
1527 5556 1715 5624 fuerit,
1737 5573 1912 5628 neque
1940 5567 2115 5614 tamen

535 5653 594 5690 se
615 5639 804 5692 extulit
849 5642 1166 5712 insolenter,
1196 5649 1286 5715 qui
1317 5663 1377 5702 se
1403 5649 1456 5701 in
1498 5649 1600 5702 hoc
1628 5651 1742 5716 ipso
1773 5649 2017 5703 humiliat
2054 5666 2118 5705 ac

533 5726 718 5792 dejicit
743 5726 927 5785 dicens
958 5751 972 5787 :
1002 5734 1084 5789 Ea:
1110 5746 1252 5803 parte
1265 5737 1628 5806 cognoscimus,
1652 5753 1714 5791 ea:
1735 5747 1876 5806 parte
1898 5742 2116 5807 praphc-

539 5817 986 5889 tamus(iCor.13.
1002 5826 1082 5898 9).
1103 5827 1190 5895 Et,
1214 5825 1334 5884 Non
1356 5844 1435 5885 me
1449 5826 1665 5883 arbitror
1681 5831 2114 5900 comprehendisse

1192 395 1250 450 S.
1291 393 1572 451 JOANNIS
1610 392 2085 449 CIIRYSOSTOMI
2129 396 2449 455 ARCHIEP.
2491 391 3030 456 CONSTANTINOP.

3700 392 3806 450 500

2202 510 2455 582 (Philipp.
2488 512 2542 566 5.
2573 513 2681 583 15).
2713 511 2800 577 Ει,
2825 511 2886 566 Si
2911 511 3024 581 quis
3051 511 3304 565 existimat
3333 526 3385 566 se
3406 510 3550 566 scire
3573 509 3801 580 aliquid,

2192 605 2413 656 nondum
2464 606 2695 672 cognovit
2752 604 3176 673 quemadmodum
3235 620 3349 658 eum
3403 612 3620 673 oportet
3671 604 3803 656 scire

2195 697 2268 763 (l.
2302 695 2419 748 Cor.
2453 695 2506 749 8.
2551 693 2630 765 ‘2).
2681 694 2949 766 Jejunium
2993 711 3178 750 rursus
3225 695 3394 761 inﬂat,
3439 694 3621 764 idque
3676 693 3804 749 fecit

2192 785 2492 840 Pharisazus
2519 788 2607 841 ille
2637 787 2996 854 manifestum,
3020 787 3108 857 qui
3133 789 3206 842 ait
3235 804 3248 841 :
3281 785 3468 860 Jejuno
3493 787 3577 840 bis
3600 786 3657 839 in
3681 786 3802 840 sab-

2192 879 2305 929 bato
2337 876 2486 950 (Luc.
2523 878 2608 933 18.
2643 879 2750 948 12).
2787 879 2890 934 Sed
2921 879 3116 933 Paulus
3146 895 3252 933 non
3284 879 3444 933 modo
3487 877 3801 948 jejunans,

2191 984 2376 1022 verum
2421 969 2580 1023 etiam
2619 969 2812 1024 famem
2863 979 3080 1038 proliter
3128 969 3398 1024 Christum
3443 968 3700 1040 patiens,
3741 982 3804 1024 se

2191 1059 2349 1112 etiam
2373 1059 2667 1114 abortivum
2695 1060 2919 1114 vocabat
2946 1062 3024 1129 (1.
3056 1059 3172 1114 Cor.
3206 1061 3292 1113 15.
3325 1059 3400 1128 8).

2266 1149 2385 1204 Νοη
2413 1168 2583 1205 omnes
2604 1152 2928 1205 revelationes
2961 1169 3081 1206 suas
3109 1152 3346 1204 reserauit
3381 1149 3613 1204 Paulus.
3646 1148 3800 1204 Pau-

2193 1245 2270 1298 lus
2293 1245 2540 1314 quomodo
2568 1262 2620 1298 se
2657 1245 2897 1298 laudarit.
2928 1274 3000 1286 --
3024 1245 3087 1298 Ει
3116 1243 3240 1313 quid
3283 1243 3350 1298 de
3387 1243 3624 1298 scicntia
3679 1242 3803 1297 dico

2192 1346 2349 1406 atque
2390 1335 2622 1406 jejunio,
2665 1336 2876 1404 quando
2904 1337 3062 1391 etiam
3105 1345 3247 1390 tanta
3273 1350 3393 1389 cum
3430 1333 3546 1390 Deo
3587 1333 3802 1388 habens

2192 1439 2246 1483 et
2274 1441 2376 1482 tam
2399 1428 2585 1483 crebra
2607 1430 2890 1499 colloquia,
2912 1440 3107 1500 quanta
3139 1444 3236 1484 nec
3263 1428 3658 1500 prophetarum
3700 1441 3801 1514 nec

2194 1522 2555 1591 apostolorum
2600 1523 2737 1577 ullus
2767 1521 2980 1587 habuit,
3012 1537 3105 1592 per
3130 1537 3192 1576 ea
3229 1522 3340 1592 ipea
3373 1520 3642 1574 humilior
3679 1518 3800 1574 red-

2194 1613 2462 1668 debatur?
2506 1613 2621 1668 Non
2673 1613 2815 1667 enim
2865 1612 2993 1667 mihi
3034 1613 3178 1667 dicas
3223 1613 3321 1668 ista
3366 1626 3487 1680 qua:
3543 1610 3798 1680 legimus.

2195 1703 2324 1757 Nam
2349 1705 2498 1774 plura
2525 1703 2755 1769 celavit,
2785 1718 2883 1759 nec
2908 1704 3050 1758 enim
3076 1704 3254 1757 omnia
3299 1702 3466 1769 dixit,
3501 1719 3578 1757 ne
3627 1701 3798 1771 gloria

2197 1795 2383 1865 majori
2403 1811 2462 1851 se
2483 1794 2837 1850 circumdaret
2861 1813 2875 1849 :
2907 1810 3007 1850 nec
3034 1795 3250 1849 omnino
3269 1803 3460 1849 cuncta
3487 1793 3700 1856 tacuit,
3733 1805 3801 1846 ne

2197 1888 2760 1959 pseudoapostolorum
2815 1895 3000 1942 contra
3045 1901 3104 1941 se
3154 1901 3246 1940 ora
3305 1894 3606 1942 reserarat.
3655 1883 3799 1939 Nihil

2196 1982 2337 2036 enim
2366 1981 2537 2036 otiose
2565 1980 2654 2036 ille
2698 1978 2958 2046 faciebat,
2984 1977 3080 2034 sed
3099 1977 3277 2033 omnia
3303 1991 3424 2032 cum
3454 1991 3630 2044 causa
3655 1977 3799 2045 justa

2198 2071 2569 2142 probabilique
2593 2071 2818 2126 ratione.
2847 2070 2978 2126 Cum
3007 2078 3152 2123 tanta
3174 2069 3352 2138 itaque
3378 2067 3598 2122 ratione
3625 2075 3799 2120 tantas

2197 2180 2284 2220 res
2311 2164 2449 2218 inter
2472 2177 2530 2218 se
2556 2161 2794 2217 diversas
2815 2160 3216 2230 contrariasque
3243 2159 3570 2231 peragebat,
3601 2167 3663 2213 ut
3689 2158 3797 2210 eis-

2197 2255 2319 2311 dem
2350 2265 2526 2310 tamen
2572 2253 2817 2310 laudibus
2863 2253 3060 2324 ubique
3101 2260 3404 2307 ornaretur.
3459 2249 3625 2317 Quod
3670 2247 3796 2302 dum

2197 2347 2432 2416 apertius
2460 2344 2686 2402 dicimus
2705 2385 2721 2411 ,
2746 2345 2972 2399 intuere.
3004 2342 3250 2413 Magnum
3286 2341 3488 2396 bonum
3520 2347 3611 2394 est
3640 2337 3710 2392 de
3738 2350 3798 2392 se

2198 2435 2332 2490 nihil
2369 2450 2615 2506 magnum
2643 2433 2819 2505 loqui;
2850 2434 2935 2488 hic
2959 2442 3137 2488 autent
3172 2440 3278 2486 tam
3309 2438 3623 2500 opportune
3643 2434 3798 2497 apte-

2200 2543 2303 2600 que
2317 2528 2417 2584 hoc
2434 2528 2661 2584 faciebat
2678 2569 2693 2596 ,
2724 2535 2782 2582 ut
2802 2527 2970 2598 magis
2997 2533 3295 2581 mereretur
3313 2522 3592 2593 loquendo
3621 2523 3691 2578 de
3716 2532 3795 2583 se.

2199 2635 2358 2690 quam
2400 2618 2625 2675 tacendo
2647 2659 2662 2686 ,
2686 2617 2909 2674 laudari.
2941 2617 3041 2685 Qui
3069 2615 3170 2672 nisi
3197 2613 3414 2672 fecisset
3441 2611 3594 2669 istud
3615 2653 3632 2676 ,
3685 2607 3797 2664 cul-

2201 2713 2428 2784 pabilior
2474 2719 2620 2768 esset
2672 2710 2813 2777 illis,
2843 2710 2934 2780 qui
2969 2708 3178 2778 seipsos
3226 2707 3537 2778 importune
3577 2701 3798 2758 laudare

2202 2805 2502 2862 didicerunt
2533 2812 2623 2858 :et
2653 2803 2752 2857 nisi
2783 2803 2943 2858 etiam
2981 2800 3238 2873 gloriatus
3281 2797 3508 2864 fuisset,
3559 2793 3798 2851 creditos

2203 2896 2304 2951 sibi
2333 2893 2649 2966 perdidisset
2688 2906 2984 2963 omnesque
3028 2905 3117 2946 res
3144 2888 3483 2944 inimicorum
3507 2926 3526 2954 ,
3571 2885 3700 2941 dum
3736 2895 3796 2938 se

2205 2989 2477 3054 humiliat,
2505 2986 2804 3043 extulisset.
2836 2985 2925 3041 Sic
2952 2993 3175 3039 noverat
3201 2983 3276 3036 uti
3299 2980 3496 3051 ubique
3529 2988 3793 3047 tempore,

2204 3091 2260 3136 et
2286 3098 2406 3137 cum
2431 3088 2580 3136 recto
2605 3078 2827 3135 consilio
2851 3086 3011 3149 atque
3038 3075 3302 3132 sententia
3321 3063 3383 3128 ea
3403 3086 3527 3143 quae
3547 3069 3794 3134 videntur

2204 3171 2537 3242 reprobanda
2583 3168 2842 3242 perﬁcere
2865 3209 2881 3234 ,
2914 3176 3019 3222 tam
3049 3166 3248 3221 utiliter
3289 3173 3344 3219 et
3365 3159 3690 3225 commode,
3739 3162 3796 3210 ut

2205 3281 2311 3321 non
2363 3265 2540 3319 minus
2588 3262 2656 3318 de
2705 3261 2810 3316 illis
2842 3260 3110 3332 placeret,
3165 3272 3322 3327 quam
3368 3269 3492 3311 cum
3534 3253 3790 3322 imperata

2205 3356 2518 3427 compleret.
2547 3353 2790 3426 Amplius
2832 3351 2975 3409 enim
3005 3363 3147 3406 nunc
3185 3347 3381 3404 Paulus
3427 3343 3634 3418 placuit
3677 3339 3793 3410 glo-

2207 3449 2428 3514 riando,
2454 3462 2612 3520 quam
2643 3445 2777 3500 alter
2801 3443 2988 3510 laudes
3024 3441 3266 3514 preprias
3305 3435 3628 3494 occultando
3654 3452 3671 3490 :
3698 3443 3793 3487 nec

2208 3551 2409 3596 tantum
2454 3539 2735 3610 quisquam
2781 3536 2980 3608 profuit
3024 3550 3146 3590 cum
3191 3549 3292 3600 sua
3318 3531 3509 3588 merita
3558 3528 3791 3590 celaret.

2207 3641 2464 3704 quantum
2492 3631 2592 3686 iste
2615 3645 2733 3684 eum
2752 3627 3022 3701 proderet.
3049 3625 3152 3682 Sed
3180 3625 3282 3679 hoc
3305 3635 3519 3692 quoque
3548 3629 3634 3676 est
3659 3614 3791 3672 mul-

2210 3736 2264 3780 to
2291 3723 2657 3780 admirabilius
2688 3741 2702 3778 :
2735 3722 2857 3794 quia
2883 3721 2951 3777 de
2978 3735 3036 3776 sc
3062 3735 3167 3774 non
3196 3716 3356 3772 modo
3379 3717 3634 3785 loquutus
3651 3753 3668 3780 ,
3699 3723 3803 3764 vel

2209 3833 2324 3871 rum
2353 3817 2511 3871 etiam
2538 3823 2795 3883 quantum
2821 3811 3052 3884 Oportuit
3083 3818 3166 3865 est
3207 3807 3476 3878 loquutus.
3505 3805 3628 3860 Non
3652 3798 3791 3856 enim

2209 3909 2359 3980 quasi
2400 3906 2686 3962 maximam
2709 3905 2976 3980 licentiam
3006 3901 3076 3958 de
3124 3899 3522 3976 opportunitate
3572 3902 3788 3956 nactus,

2210 3998 2611 4068 immoderatius
2633 3997 2878 4053 laudibus
2901 3995 3013 4052 suis
3041 4007 3166 4050 usus
3186 4001 3303 4054 est;
3336 3989 3430 4046 sed
3451 3985 3789 4046 consideran-

2210 4085 2415 4148 tissime
2442 4105 2717 4162 quousque
2735 4104 2858 4145 eum
2877 4087 3123 4162 progredi
3153 4085 3340 4140 liceret
3360 4082 3596 4153 agnovit.
3615 4077 3791 4144 Neque

2211 4191 2390 4238 tamen
2422 4180 2562 4236 istud
2589 4179 2838 4236 sufﬁcere
2878 4178 2981 4233 sibi
3021 4174 3284 4238 credidit,
3313 4172 3410 4228 sed
3437 4186 3506 4227 ne
3535 4169 3669 4229 alios
3696 4164 3791 4218 hoc

2213 4267 2461 4333 sermone
2479 4282 2682 4331 vetaret
2705 4271 2767 4345 [Γ.
2790 4270 3047 4344 vitiaret],
3071 4268 3231 4344 idque
3253 4267 3494 4323 efﬁceret
3516 4275 3575 4320 ut
3591 4265 3787 4318 semet-

2214 4371 2359 4440 ipsos
2405 4367 2633 4421 inaniter
2663 4363 3049 4435 praedicarent,
3099 4360 3330 4416 libenter
3369 4371 3428 4412 se
3451 4355 3618 4424 etiam
3659 4346 3786 4440 insi-

2214 4437 2447 4531 pientem
2481 4451 2689 4512 vocavit
2719 4474 2731 4511 :
2759 4468 3075 4526 quamquam
3105 4460 3252 4509 certa
3274 4449 3526 4504 invitante
3546 4456 3703 4514 causa
3727 4437 3789 4491 de

2214 4537 2425 4621 propria
2448 4546 2648 4622 aliquid
2675 4545 2834 4601 laude
2853 4541 3246 4614 perstrinxerit.
3274 4539 3407 4607 Quia
3436 4537 3578 4593 enim
3606 4542 3786 4588 consc«

2214 4629 2384 4712 quens
2409 4623 2552 4704 erat,
2579 4647 2639 4692 ut
2662 4629 2889 4704 idipsum
2918 4632 3265 4702 respicientes
3292 4629 3380 4682 alii
3405 4636 3609 4698 temere
3638 4631 3786 4703 atque

2215 4733 2442 4787 inaniter
2479 4733 2594 4797 ejus
2643 4733 2917 4782 uterentur
2969 4721 3254 4790 exemplo:
3295 4717 3436 4798 quod
3487 4716 3789 4798 plerumque

2215 4821 2474 4891 contingit
2499 4793 2552 4874 et
2572 4816 2795 4873 medicis
2820 4833 2834 4870 :
2866 4829 3009 4884 sarpe
3027 4812 3170 4868 enim
3193 4810 3636 4884 medicamentum
3655 4793 3786 4870 (ιυοά

2217 4923 2513 4984 opportune
2540 4910 2673 4964 alter
2698 4906 2976 4978 apposuit,
3007 4905 3308 4974 importune
3325 4901 3461 4981 alter
3483 4897 3784 4991 admovens.

2216 4983 2323 5059 vim
2355 4999 2719 5058 medicaminis
2746 4998 3172 5066 obscuratatque
3195 4992 3490 5060 corrumpit
3518 5006 3532 5042 :
3556 5001 3623 5042 ne
3639 4983 3784 5051 igitur

2220 5099 2304 5152 hic
2324 5077 2542 5168 quoque?
2563 5093 2703 5150 istud
2729 5091 3030 5156 accideret,
3059 5088 3183 5162 vide
3198 5094 3398 5158 quanta
3426 5075 3784 5157 procuratione

2219 5205 2346 5245 usus
2367 5190 2435 5243 sit
2466 5206 2480 5242 :
2505 5187 2595 5257 qui
2619 5171 2739 5241 cum
2783 5183 3106 5260 gloriaturus
3131 5185 3276 5256 esset
3293 5219 3308 5240 ,
3337 5191 3442 5231 non
3465 5170 3659 5261 semei.
3685 5173 3782 5261 “2"

2218 5279 2485 5344 secundo,
2505 5252 2610 5350 sed
2639 5252 2830 5350 saepius
2868 5255 3162 5328 differendo
3187 5253 3350 5342 atque
3389 5259 3680 5352 cunctando
3707 5252 3782 5352 df‘

2219 5373 2373 5432 cebat
2406 5389 2421 5426 ε
2457 5347 2666 5428 Utinam
2703 5347 3007 5441 sustineren:
3057 5363 3311 5418 modicum
3339 5357 3460 5430 quid
3482 5347 3785 5423 insipienti“?

2221 5481 2345 5518 mea:
2373 5463 2446 5533 (9..
2480 5460 2600 5517 Cor.
2625 5461 2713 5515 11.
2745 5460 2798 5513 1.
2829 5441 2888 5531 2)
2915 5476 2929 5512 :
2957 5465 3010 5511 et
3035 5468 3251 5520 rursus,
3282 5450 3430 5520 Quod
3467 5449 3666 5516 loquar,
3692 5447 3781 5533 nftf

2222 5521 2396 5626 loquor
2417 5535 2690 5609 secundum
2715 5521 2882 5627 Deum
2899 5590 2914 5616 ,
2941 5548 3029 5602 sed
3055 5547 3108 5601 in
3130 5545 3419 5618 insipientia
3444 5543 3460 5572 ³
3493 5538 3596 5611 (lb.
3639 5548 3682 5586 υ.
3722 5521 3780 5580 17

2221 5658 2267 5700 et
2288 5647 2399 5718 in).
2433 5633 2673 5715 Cumque
2699 5650 2844 5698 tanta
2883 5640 3132 5704 dixisset,
3157 5652 3266 5692 non
3295 5643 3471 5690 tamen
3501 5645 3562 5687 ea
3581 5643 3636 5683 se
3657 5631 3777 5694 ιπε-

2253 5781 2303 5890 tt
2339 5786 2415 5827 (:r.
2443 5778 2574 5838 add,
2599 5776 2648 5828 in
2673 5788 2766 5840 quo
2789 5774 2895 5838 quis
2917 5771 3062 5824 audet
3079 5806 3094 5832 ,
3119 5783 3168 5820 τη
3191 5767 3466 5833 ὶηδιρίεηιὶα
3488 5763 3596 5817 dico
3611 5797 3623 5821 .
3645 5749 3778 5806 πάεο

2291 5854 2394 5890 eoa.

2224 5854 2269 5892 et
2291 5854 2394 5904 ego.
