4032 6472
256 496 474 557 misisse
496 499 780 549 contentus
801 498 888 546 est
907 529 922 555 ,
949 485 1042 544 sed
1068 500 1256 541 rursus
1284 484 1622 555 ingressurus
1644 481 1697 535 in
1725 479 1846 535 lau-

255 592 393 653 des,
434 585 780 653 semetipsum
810 580 1070 644 occultat,
1102 587 1157 633 et
1182 576 1350 632 dicit:
1401 574 1524 630 Seio
1552 574 1805 629 hominem
1825 612 1844 639 ,

257 694 316 738 et
336 682 555 746 Mum,
584 677 689 731 Pro
714 673 1007 747 hujusmodi
1027 671 1301 743 gloriabor,
1333 685 1427 739 pro
1470 684 1548 721 me
1574 676 1742 722 autem
1765 668 1848 720 ni-

258 776 356 829 hil.
380 772 615 842 Postque
630 770 745 824 haec
756 768 959 831 omnia,
987 764 1179 820 Factus
1206 780 1318 818 sum
1344 763 1586 832 insipiens
1605 802 1621 827 ,
1655 760 1844 831 inquit,

263 885 353 922 ros
382 882 461 921 me
480 863 710 935 coegisti:
742 858 942 932 (2.6m.
969 858 1052 913 12.
1081 858 1136 912 2.
1181 865 1230 910 et
1258 856 1313 912 5.
1342 864 1389 909 et
1414 853 1525 925 11).
1553 853 1684 922 Quis
1725 866 1852 921 ergo

264 968 375 1013 tam
404 955 631 1019 stultus,
658 952 780 1024 quis
806 952 875 1006 ita
895 949 1195 1006 inveniatur
1219 946 1365 1002 omni
1383 960 1546 1001 sensu
1566 959 1628 999 ac
1647 944 1853 999 ratione

264 1050 505 1122 privatus
522 1087 539 1114 ,
571 1046 663 1116 qui
686 1043 875 1100 videns
893 1051 1133 1096 sanctum
1164 1039 1315 1094 illum
1336 1079 1351 1104 ,
1380 1037 1540 1094 etiam
1562 1051 1684 1092 cum
1707 1043 1854 1089 tanta

264 1141 320 1196 ei
359 1138 651 1195 necessitas
696 1135 1028 1199 immineret,
1068 1141 1410 1187 cunctantem
1460 1140 1639 1185 tamen
1694 1136 1856 1197 atque

266 1212 597 1289 metuentem
634 1225 837 1297 grande
863 1225 1060 1295 aliquid
1087 1223 1157 1279 de
1198 1225 1377 1293 seipso
1406 1222 1585 1292 loqui,
1617 1230 1672 1276 et
1719 1222 1859 1275 sicut

268 1340 471 1396 equum
511 1337 680 1392 usque
723 1320 790 1375 ad
841 1318 1133 1390 praecipitia
1193 1316 1460 1371 horrenda
1512 1314 1854 1376 venientem,

267 1432 434 1488 seque
460 1414 657 1485 sacpius
697 1411 824 1469 inde
849 1410 1151 1465 trahentem
1172 1451 1186 1475 ,
1219 1418 1274 1463 et
1300 1407 1516 1478 quidem
1546 1422 1669 1462 cum
1711 1413 1859 1459 tanta

269 1511 374 1565 hoc
419 1514 563 1564 esset
615 1492 1013 1576 dispensatione
1063 1500 1304 1557 facturus
1354 1517 1368 1553 :
1424 1498 1572 1570 quis,
1606 1498 1857 1568 inquam,

268 1596 357 1656 sic
391 1600 461 1655 sit
506 1596 790 1667 insipiens,
841 1594 932 1664 qui
962 1607 1068 1648 non
1109 1592 1268 1646 etiam
1296 1590 1500 1659 majore
1537 1587 1862 1642 abundantia

269 1689 535 1745 cautionis
570 1680 756 1742 laudes
803 1698 929 1740 suas
973 1683 1164 1754 fugiat,
1215 1691 1271 1737 et
1323 1696 1465 1737 nunc
1508 1680 1647 1735 forte
1687 1679 1860 1734 solum

198 1843 213 1848 ,
270 1782 342 1835 de
392 1780 500 1834 illis
554 1776 754 1848 aliquid
793 1776 1051 1845 attingat,
1098 1772 1312 1842 quando
1360 1773 1411 1827 id
1470 1770 1863 1841 opportunissi-

270 1887 421 1927 mum
489 1877 698 1936 tempus
779 1866 1055 1937 exegerit?
1117 1864 1211 1921 Vis
1263 1872 1317 1919 et
1378 1862 1523 1917 aliud
1589 1861 1684 1916 tibi
1760 1860 1866 1917 tale

270 1979 489 2034 quoque
538 1961 687 2017 illius
733 1959 1051 2015 ostendam?
1112 1958 1325 2014 Etenim
1392 1955 1533 2011 istud
1607 1964 1688 2010 est
1745 1969 1866 2008 om—

273 2056 405 2113 nino
476 2054 756 2119 mirabile,
790 2053 912 2124 quia
972 2060 1259 2107 contentus
1312 2065 1420 2104 non
1466 2057 1584 2104 erat
1628 2047 1867 2103 testimo-

275 2149 370 2204 nio
391 2145 768 2213 conscientiae,
797 2143 893 2200 sed
931 2144 1094 2200 etiam
1116 2156 1217 2198 nos
1251 2142 1478 2197 docebat
1511 2140 1663 2210 juxta
1707 2155 1867 2211 quam

279 2239 520 2310 regulam
549 2238 606 2293 in
620 2236 708 2292 tali
730 2217 909 2293 rerum
930 2235 1240 2292 discrimine
1262 2235 1580 2290 deberemus
1593 2233 1869 2300 incedere,

278 2347 387 2387 non
413 2331 514 2387 sibi
531 2327 900 2386 tantummodo
917 2328 986 2384 de
1003 2337 1302 2398 temporum
1326 2325 1643 2382 necessitate
1657 2323 1871 2380 satisfa—

277 2423 511 2479 ctionem
531 2434 932 2492 parans,verum
947 2419 1106 2475 etiam
1122 2418 1256 2475 alios
1266 2417 1738 2488 erudiens,quanta
1749 2431 1872 2471 cum

279 2513 550 2579 cautione,
591 2521 832 2581 tempore
859 2510 1215 2581 efﬂagitante,
1255 2507 1395 2563 istud
1425 2523 1527 2563 nec
1555 2506 1871 2578 ell'ngerent,

280 2621 385 2662 nec
405 2607 708 2675 importune
737 2603 1076 2673 perlicerent.
1115 2599 1251 2657 Nam
1271 2616 1370 2670 per
1396 2600 1497 2656 ista
1513 2640 1530 2667 ,
1552 2615 1671 2669 quae
1695 2598 1869 2665 dixit,

282 2697 682 2769 quodammodo
714 2695 844 2752 illud
868 2695 1063 2763 ell'atus
1095 2704 1215 2751 est:
1245 2694 1467 2751 Grande
1513 2694 1716 2750 malum
1755 2702 1872 2760 est,

282 2790 662 2856 dilectissime,
701 2788 769 2845 de
814 2789 992 2859 seipse
1014 2787 1212 2859 aliquid
1259 2786 1461 2858 grande
1501 2786 1685 2843 dicere
1717 2795 1878 2855 atque
1911 2833 1917 2839 .

286 2881 530 2937 mirabile
552 2921 570 2947 ,
618 2888 980 2950 extremaeque
1006 2880 1229 2935 omnino
1252 2878 1541 2935 dementiae
1577 2885 1691 2941 est,
1727 2877 1875 2931 nulla

288 2976 606 3030 imminente
630 2973 951 3037 necessitate
977 2987 1180 3039 rerum,
1200 2979 1258 3028 et
1283 2971 1608 3027 necessitate
1623 2970 1876 3037 violenta,

288 3065 519 3136 propriis
564 3064 809 3120 laudibus
840 3063 977 3119 velle
1003 3063 1271 3119 decorari.
1317 3061 1436 3118 Non
1477 3063 1622 3118 enim
1655 3069 1739 3117 est
1776 3061 1883 3116 hoc

290 3156 586 3214 secundum
622 3157 790 3211 Deum
829 3155 1008 3226 loqui;
1037 3155 1293 3212 indicium
1316 3152 1494 3223 potius
1521 3162 1603 3209 est
1630 3152 1772 3208 istud
1800 3152 1882 3207 in-

291 3249 478 3311 saniae.
522 3247 636 3303 Hoc
676 3246 821 3302 enim
868 3245 1023 3301 nobis
1045 3260 1261 3301 omnem
1313 3259 1534 3314 prorsus
1577 3243 1882 3319 mercedem

292 3348 517 3398 evacuat
538 3380 553 3406 ,
577 3339 871 3409 etquidem
912 3321 1155 3409 plurimis
1191 3337 1467 3393 laboribus
1496 3335 1885 3405 sudoribusque

292 3433 595 3503 quaesitam.
646 3431 776 3486 llaec
803 3430 946 3486 enim
1001 3429 1216 3495 omnia,
1262 3428 1454 3499 hisque
1492 3429 1643 3499 plura
1685 3428 1887 3484 dixisse

293 3523 507 3579 videtur
525 3522 591 3578 ad
617 3530 841 3578 cunctos
862 3562 879 3587 ,
903 3521 1033 3576 dum
1060 3520 1313 3591 loquendi
1338 3520 1407 3576 de
1430 3535 1490 3575 se
1511 3520 1885 3576 necessitatem

293 3613 458 3675 etiam
484 3613 830 3668 excusatione
850 3612 1097 3667 munivit.
1122 3611 1219 3667 His
1243 3621 1422 3667 autem
1450 3609 1690 3681 profecto
1715 3611 1889 3680 majus

294 3712 420 3772 est,
468 3704 592 3773 quia
620 3705 941 3759 necessitate
977 3713 1205 3774 cogente
1224 3745 1239 3770 ,
1271 3718 1379 3759 non
1408 3705 1651 3760 universa
1678 3702 1814 3759 fudit
1835 3704 1887 3758 in

295 3795 572 3861 medium,
601 3795 696 3851 sed
732 3796 884 3865 plura
919 3795 1082 3849 etiam
1127 3804 1182 3849 et
1210 3796 1412 3866 majora
1446 3796 1660 3851 celavit.
1702 3795 1887 3860 Venio,

297 3889 510 3959 inquit,
535 3889 606 3942 ad
632 3889 848 3947 visiones
871 3895 918 3942 et
944 3888 1272 3943 revelationes
1309 3886 1443 3955 Dei;
1487 3905 1640 3960 parco
1679 3900 1849 3944 autem
1873 3929 1890 3954 ,

300 3999 368 4036 ne
388 3983 501 4052 quis
528 3981 591 4036 de
614 3997 692 4035 me
712 3981 960 4035 eaistimet
995 3996 1148 4049 super
1183 3979 1239 4033 id
1268 3980 1403 4046 quod
1444 3980 1577 4035 uidet
1595 4022 1611 4046 ,
1638 3978 1718 4034 vel
1750 3980 1895 4033 audit

300 4073 497 4144 aliquid
522 4090 588 4128 ea:
614 4089 694 4127 me
718 4072 797 4144 (‘2.
822 4071 945 4127 Cor.
978 4070 1063 4126 12.
1098 4073 1150 4127 1.
1181 4079 1226 4125 et
1250 4071 1330 4143 6).
1360 4070 1473 4126 lloc
1499 4086 1629 4127 vero
1665 4071 1894 4127 dicendo

305 4180 410 4220 nos
426 4165 601 4221 erudit
618 4206 634 4229 ,
662 4171 720 4218 ut
740 4177 807 4219 ne
826 4162 1121 4219 exsisteute
1149 4162 1366 4232 quidem
1396 4162 1746 4228 necessitate,
1779 4176 1898 4215 om-

305 4259 428 4322 nia;
451 4272 676 4328 quorum
699 4256 854 4313 nobis
879 4255 1085 4312 conscii
1107 4270 1295 4310 sumus
1317 4296 1333 4323 ,
1362 4252 1676 4323 inmedium
1717 4253 1897 4322 profe-

306 4350 479 4411 rendo
522 4350 837 4422 vulgemus,
884 4349 983 4406 sed
1023 4364 1086 4405 ea
1133 4349 1307 4405 solum
1330 4390 1350 4417 ,
1399 4363 1519 4419 quae
1561 4348 1899 4403 audientibus

309 4444 458 4498 utilia
475 4442 797 4513 judicamus.

387 4534 598 4592 Samuel
634 4551 689 4591 se
735 4534 932 4591 laudat.
962 4560 1037 4581 --—-
1074 4533 1336 4603 Quoniam
1381 4541 1437 4589 et
1484 4532 1719 4598 Samuel;
1767 4532 1900 4588 nihil

312 4628 458 4683 enim
486 4628 697 4683 videtur
742 4628 1133 4697 inconsequens
1181 4627 1321 4681 illius
1348 4641 1561 4697 quoque
1592 4627 1902 4682 meminisse

313 4722 517 4783 sancti,
548 4719 602 4773 in
644 4727 883 4773 nostram
911 4717 1174 4789 siquidem
1205 4717 1484 4773 utilitatem
1526 4719 1686 4773 etiam
1717 4718 1904 4775 laudes

315 4810 683 4877 proferuntur;
729 4817 782 4864 et
832 4810 977 4879 ipse,
1029 4810 1242 4879 inquam
1267 4849 1284 4872 ,
1322 4808 1610 4879 aliquando
1647 4810 1903 4880 gloriatus

312 4912 400 4957 est
418 4944 433 4971 ,
460 4912 514 4958 et
543 4904 757 4973 propria
786 4910 930 4956 recte
955 4901 1093 4956 facta
1120 4900 1368 4972 patefecit
1396 4919 1410 4956 :
1456 4901 1552 4957 sed
1579 4903 1754 4973 qualia
1784 4904 1901 4971 illa,

316 4999 535 5065 (μικρεοῖ
574 4997 707 5066 Qua:
741 4996 923 5066 utique
958 5009 1284 5065 cognoscere
1321 4995 1659 5052 audientibus
1705 5011 1907 5053 conve—

318 5089 475 5143 niret.
505 5088 623 5144 Non
665 5088 811 5144 enim
856 5102 1018 5156 super
1038 5085 1233 5142 decore
1278 5086 1576 5159 pudicitiae,
1625 5103 1798 5158 neque
1839 5088 1909 5144 de

316 5176 619 5233 humilitate
638 5220 652 5243 ,
680 5193 857 5248 neque
883 5176 952 5232 de
975 5177 1241 5233 oblivione
1266 5178 1517 5247 loquutus
1551 5188 1634 5234 est
1676 5178 1905 5249 injuriae,
1932 5168 1935 5171 ’

321 5271 415 5326 sed
435 5286 597 5341 super
623 5271 717 5325 tali
742 5284 804 5325 re
832 5268 1084 5339 quadam,
1115 5284 1273 5338 quam
1298 5271 1569 5341 prmcipue
1587 5270 1798 5326 discere
1821 5287 1909 5326 re-

1115 370 1204 428 ns
1242 366 1585 426 L.—tUDlBUS
1620 365 1683 424 s.
1711 342 1915 422 mnu
1955 362 2312 423 APOSTOLI.
2353 361 2585 420 unum.
2630 362 2718 419 vr.

1952 493 2072 549 gem
2108 478 2248 534 illius
2275 479 2532 550 temporis
2553 477 2835 549 oportebat
2864 497 2877 533 :
2907 476 2962 535 id
2981 481 3063 535 eSt
3080 523 3099 549 ,
3127 479 3194 535 de
3218 495 3544 536 conservan-

1956 568 2022 623 da
2053 568 2588 639 integritatejustitim
2608 612 2623 639 ,
2653 579 2708 624 et
2733 570 2977 626 manibus
3017 572 3343 628 abstinendis
3365 588 3394 626 a
3428 589 3542 626 mu.

1957 644 2192 717 nerib’us.
2216 662 2379 718 David
2407 667 2566 720 etiam
2611 664 2844 734 glorians
2869 662 2936 719 de
2965 667 3042 719 eis
3068 665 3246 736 utique
3274 666 3542 737 gloriaba-

1959 764 2062 819 tur,
2089 770 2206 825 quzc
2230 756 2515 812 emendare
2551 755 2848 811 auditorem
2872 754 3128 812 valerent.
3178 756 3361 827 Iﬁeque
3401 758 3547 814 enim

1956 846 2025 902 de
2045 863 2103 901 se
2132 847 2286 901 aliam
2318 850 2757 904 commemoravit
2804 849 2893 904 ille
2923 849 3171 905 virtutem
3192 892 3207 916 ,
3239 851 3333 906 sed
3364 866 3546 907 ursum

1956 947 2117 1007 atque
2141 938 2349 993 leonem
2376 938 2592 993 adduxit
2620 939 2674 994 in
2697 939 2929 995 medium
2950 983 2969 1009 ,
2993 950 3152 1013 atque
3166 941 3306 997 aliud
3329 957 3551 1013 prorsus

1958 1030 2087 1085 nihil
2118 1032 2196 1101 (l.
2246 1031 2373 1101 Reg.
2406 1032 2491 1086 17.
2526 1031 2642 1104 54).
2682 1032 2891 1087 Etenim
2946 1034 3104 1089 altius
3155 1033 3223 1090 de
3248 1050 3325 1105 se,
3357 1034 3551 1091 efferre

1958 1138 2262 1179 sermonem
2302 1123 2517 1194 gloriosi
2556 1132 2641 1178 est
2681 1133 2736 1179 et
2773 1124 3063 1179 insolenter
3091 1140 3211 1181 sese
3246 1126 3501 1196 jactantis
3532 1141 3546 1179 :

1959 1218 2138 1273 dicere
2158 1227 2334 1272 autem
2366 1218 2451 1273 illa
2471 1233 2590 1288 quae
2610 1219 2886 1287 pra-sentis
2908 1218 2982 1273 rei
3002 1234 3161 1274 causa
3185 1218 3554 1274 tantummodo

1962 1312 2262 1366 necessaria
2313 1321 2437 1366 sunt
2487 1311 2698 1376 futura,
2749 1314 2977 1368 amantis
3020 1320 3104 1368 est
3159 1313 3554 1384 multorumque

1962 1402 2243 1459 commoda
2272 1404 2572 1475 cogitantis.
2604 1404 2718 1461 lloc
2760 1406 2936 1477 itaque
2961 1404 3083 1461 fecit
3114 1416 3170 1461 et
3197 1405 3395 1461 Paulus
3415 1448 3432 1472 ,
3462 1405 3553 1476 qui

1964 1511 2138 1552 cuma
2168 1495 2633 1566 pseudoapostolis
2682 1509 3012 1568 carperetur,
3058 1500 3208 1570 quasi
3260 1515 3368 1554 non
3409 1508 3557 1554 esset

1966 1588 2219 1659 probatus
2257 1589 2563 1659 apostolus,
2615 1605 2717 1645 nec
2763 1591 2966 1645 habens
3003 1606 3033 1645 a
3061 1587 3275 1645 Clu-isto
3321 1592 3554 1662 aliquam

1966 1690 2316 1754 potestatem,
2363 1690 2580 1752 propter
2621 1682 3038 1740 obtrectationes
3085 1684 3245 1740 falsas
3283 1684 3335 1738 in
3376 1684 3559 1740 laudes

1967 1789 2092 1831 suas
2119 1776 2199 1831 ire
2221 1775 2530 1846 compulsus
2554 1784 2669 1842 est,
2696 1791 2815 1846 qua:
2846 1776 3077 1831 maxime
3106 1775 3414 1846 dignitatem
3443 1776 3558 1845 ejus

1967 1866 2331 1922 ostenderent.
2371 1865 2602 1921 Videsne
2642 1866 2801 1937 igitur
2835 1881 2933 1936 per
2961 1874 3157 1935 quanta
3190 1865 3429 1921 docuerit
3466 1882 3560 1921 au-

1968 1959 2197 2014 ditorem
2239 1973 2347 2013 non
2393 1958 2621 2014 inaniter
2660 1957 2915 2029 gloriari?
2965 1957 3146 2013 Primo
3189 1956 3402 2028 quidem
3433 1957 3563 2012 dum

1970 2050 2203 2106 ostendit
2230 2065 2289 2106 se
2309 2049 2451 2106 istud
2465 2049 2708 2107 adactum
2733 2049 3051 2105 necessitate
3067 2049 3275 2105 iecisse.
3291 2048 3563 2114 Secundo,

1970 2142 2097 2196 dum
2128 2149 2304 2197 tamen
2333 2156 2391 2196 se
2413 2141 2748 2210 insipientem
2765 2142 2973 2197 vocavit
2992 2183 3007 2208 ,
3039 2150 3093 2196 et
3115 2141 3355 2213 plurimis
3377 2140 3567 2197 laudes
3650 2146 3659 2155 '

1972 2248 2097 2288 suas
2139 2231 2594 2289 satisfactionibus
2637 2233 2972 2303 temperavit.
3026 2232 3241 2297 Tertio,
3293 2233 3415 2304 quia
3457 2247 3565 2287 non

1974 2331 2165 2379 cuncta
2194 2322 2472 2379 confessus
2495 2332 2605 2388 est,
2635 2323 2731 2379 sed
2757 2323 2961 2393 majora
2987 2323 3318 2393 suppressit,
3365 2333 3420 2379 et
3465 2323 3568 2380 hoc

1975 2426 2152 2483 certe,
2204 2433 2325 2472 cum
2375 2417 2693 2473 necessitate
2712 2416 2939 2487 quadam
2987 2417 3036 2470 in
3067 2431 3164 2471 sua
3184 2416 3449 2487 pra-conia
3475 2431 3568 2473 co-

1975 2518 2213 2578 geretur.
2266 2507 2500 2575 Quarto,
2547 2506 2672 2562 dum
2723 2508 2824 2563 sub
2869 2507 3089 2561 alterius
3126 2521 3354 2576 persona
3399 2505 3567 2571 dixit,

1981 2603 2104 2658 Scio
2156 2604 2414 2658 hominem
2459 2602 2541 2673 (2.
2581 2601 2701 2658 Cor.
2756 2601 2847 2657 12.
2890 2601 2970 2673 2).
3014 2602 3247 2671 Quinto,
3295 2618 3417 2658 cum
3461 2617 3572 2657 non

1978 2709 2166 2750 omnes
2216 2695 2443 2750 virtutes
2488 2708 2615 2750 suas
2655 2693 2876 2749 adduxit
2910 2695 2962 2748 in
3007 2694 3261 2758 medium,
3311 2694 3407 2750 sed
3454 2708 3574 2749 eam

1981 2799 2186 2858 partem
2211 2828 2228 2855 ,
2276 2801 2433 2857 quam
2465 2800 2703 2857 praesens
2743 2795 2956 2855 tempus
3002 2787 3234 2842 maxime
3278 2784 3573 2856 ﬂagitabat.

1980 2882 2164 2953 Neque
2210 2896 2336 2937 vero
2382 2880 2450 2937 de
2477 2896 2536 2937 se
2566 2880 2935 2940 tantummodo
2979 2879 3286 2951 gloriando,
3330 2877 3577 2935 eumdem

1982 2973 2238 3030 virtutum
2279 2988 2499 3029 suarum
2526 2973 2776 3029 servabat
2802 2983 3077 3040 tenorem,
3122 2971 3471 3027 verumetiam
3523 2971 3579 3026 in

1984 3067 2119 3123 alios
2141 3108 2157 3135 ,
2188 3082 2309 3137 quae
2338 3065 2657 3122 viderentur
2677 3065 2936 3137 injuriosa
2958 3107 2975 3133 ,
3005 3065 3249 3122 dicendo.
3280 3064 3412 3121 Nam
3436 3064 3579 3133 inju-

1986 3161 2119 3216 riam
2145 3160 2341 3216 inferre
2367 3158 2518 3215 fratri
2547 3159 2685 3214 inter
2703 3159 2970 3231 prohibita
2989 3171 3338 3227 numeratur;
3362 3159 3456 3216 sed
3481 3160 3597 3215 hae

1987 3267 2200 3324 quoque
2223 3253 2403 3323 specie
2442 3252 2513 3307 ita
2542 3251 2742 3309 Paulus
2770 3264 3073 3325 opportune
3098 3270 3226 3311 usus
3252 3263 3336 3312 est
3361 3263 3418 3311 et
3444 3269 3591 3310 eous

1987 3362 2147 3417 grue,
2181 3354 2236 3400 ut
2282 3345 2452 3416 magis
2477 3346 2638 3401 etiam
2664 3361 2823 3417 quam
2866 3346 3090 3401 laudans
3128 3347 3366 3416 placeret
3396 3362 3409 3400 :
3450 3360 3582 3417 pro-

1990 3449 2173 3508 pterea
2190 3449 2240 3494 et
2256 3437 2468 3493 Galatas
2497 3439 2798 3493 insensatos
2823 3448 2977 3493 vocat
3010 3436 3151 3509 (Gal.
3176 3439 3228 3494 3.
3256 3436 3309 3505 1)
3332 3454 3346 3504 ;
3375 3447 3429 3492 et
3455 3437 3585 3492 Cres

1992 3539 2172 3584 tenses
2197 3572 2211 3596 ,
2252 3536 2467 3585 ventres
2488 3529 2707 3599 pigros,
2738 3539 2793 3584 et
2818 3528 3016 3584 bestias
3059 3528 3226 3583 malas
3315 3524 3332 3597 (
3369 3527 3473 3582 Tit.
3526 3529 3581 3583 1.

1993 3620 2082 3690 12)
2111 3639 2124 3672 :
2172 3628 2228 3675 ct
2257 3628 2434 3675 tamen
2464 3620 2590 3675 hinc
2619 3622 2780 3675 etiam
2823 3620 3163 3690 prmdicatur.
3197 3618 3358 3675 Fines
3385 3620 3589 3675 etenim

1996 3710 2151 3766 nobis
2178 3709 2428 3779 exemplo
2472 3725 2569 3766 suo
2598 3711 2784 3766 statuit
2806 3725 2871 3766 ac
2904 3711 3145 3782 regulas,
3174 3720 3230 3766 ut
3257 3711 3590 3782 neglectores

1995 3800 2283 3856 voluntatis
2313 3800 2407 3855 Dei
2452 3817 2785 3872 nequaquam
2831 3816 2959 3856 cura
3003 3801 3212 3857 leniore
3258 3784 3588 3866 tractemus,

1997 3893 2090 3949 sed
2121 3908 2423 3948 sermonem
2454 3892 2509 3947 in
2561 3908 2685 3958 eos,
2720 3894 2807 3963 qui
2835 3892 2995 3963 paulo
3041 3893 3263 3964 rigidius
3294 3894 3586 3963 percutiat,

1998 3983 2312 4053 dirigamus.
2359 3983 2611 4037 Omnium
2652 3982 2915 4053 siquidem
2974 3997 3237 4038 mensura:
3276 3993 3402 4039 sunt
3453 3983 3591 4051 apud

2000 4075 2144 4129 illum
2170 4074 2358 4129 lu-catae
2379 4116 2394 4141 ,
2422 4089 2485 4128 ac
2508 4083 2787 4144 propterea
2816 4088 2977 4128 omne
3004 4072 3147 4144 quod
3175 4073 3407 4139 dixerit,
3435 4088 3601 4129 omne

2000 4169 2143 4238 quod
2170 4168 2355 4223 fecerit
2375 4209 2389 4234 ,
2418 4166 2592 4237 placet
2620 4185 2633 4221 :
2660 4175 2716 4223 et
2738 4166 2995 4237 conviciis
3032 4166 3332 4222 coercendo
3352 4208 3366 4231 ,
3395 4177 3451 4222 et
3477 4165 3599 4222 laus

2000 4260 2160 4315 dibus
2191 4257 2559 4329 provocando,
2590 4259 2856 4315 austerius
2896 4259 3105 4330 aliquos
3146 4259 3448 4315 accusando
3473 4302 3488 4328 ,
3537 4270 3615 4315 ett

2002 4351 2249 4407 blandius
2317 4350 2690 4415 admonendo;
2744 4360 2797 4406 et
2844 4365 2966 4407 cum
3017 4350 3177 4407 eﬂ‘ert
3222 4352 3488 4422 seipsum.
3545 4362 3619 4406 ek

2004 4459 2190 4499 rursus
2215 4458 2335 4499 cum
2366 4442 2588 4512 deponit
2611 4458 2676 4499 ac
2692 4442 2902 4512 dejicit,
2930 4451 3125 4498 etcum
3146 4441 3214 4498 de
3239 4457 3298 4498 se
3316 4442 3611 4513 gloriatur.~

2005 4543 2063 4592 et
2087 4551 2205 4591 cum
2237 4536 2474 4605 scipsum
2502 4536 2807 4592 miseretur.
2859 4534 2929 4589 Et
2955 4535 3080 4606 quid
3109 4535 3301 4590 mirum
3327 4537 3372 4588 si
3406 4533 3617 4603 injuria:

2007 4638 2063 4684 et
2088 4628 2429 4684 maledictum
2462 4627 2674 4699 placet,
2726 4627 2941 4698 quando
2969 4627 3166 4698 placuit
3207 4636 3263 4683 et
3288 4628 3495 4692 credes,
3543 4637 3620 4683 et-

2008 4720 2162 4777 dolus
2191 4720 2406 4791 quidem
2454 4720 2901 4791 atquedeceptio
2930 4719 3141 4774 nonyin
3174 4728 3359 4775 vetere
3388 4720 3559 4774 solum
3584 4761 3601 4786 ,

2011 4812 2104 4867 sed
2128 4811 2180 4866 in
2205 4827 2344 4866 novo
2371 4811 2532 4867 etiam
2562 4809 2949 4868 Testamento?
2976 4810 3100 4865 llazc
3125 4810 3305 4865 omnia
3334 4810 3494 4880 igitur
3516 4809 3598 4864 di.

2010 4907 2192 4978 ligenti
2218 4907 2466 4961 examine
2504 4905 2865 4976 ponderantes
2907 4903 3235 4959 admiremur
3259 4904 3519 4967 Paulum,
3547 4912 3617 4957 etr

2011 4998 2369 5069 gloriiicemus
2399 4998 2566 5055 Deum
2586 5038 2609 5063 ,
2642 5005 2701 5051 ut
2732 4995 2831 5065 ipsi
2851 4996 3013 5051 etiam
3044 4996 3181 5051 bona
3208 5008 3602 5065 consequamur.

2012 5101 2245 5158 aeterna,
2285 5089 2456 5160 gratia
2486 5096 2542 5144 et
2589 5087 2954 5143 misericordia
3010 5086 3219 5143 Domini
3265 5087 3434 5141 nostri
3471 5084 3600 5139 Jesu

2013 5182 2239 5249 Christi,
2267 5182 2351 5237 cui
2382 5192 2463 5239 est
2489 5182 2657 5253 gloria
2687 5190 2742 5237 et
2768 5181 3049 5253 imperium
3075 5193 3266 5247 ,nuuc
3289 5188 3345 5234 et
3368 5191 3609 5246 semper,

2020 5283 2074 5328 ct
2095 5274 2148 5327 in
2175 5273 2368 5328 stecula
2395 5273 2735 5328 smculorum.
2770 5276 2965 5328 Amen.

1206 5409 1352 5481 DE
1399 5409 1922 5483 LAUDIBUS
1992 5412 2255 5485 SANC
2264 5412 2380 5484 TI
2433 5411 2761 5484 PAULI

1793 5538 2109 5585 APOSTOLI.
2140 5568 2145 5577 ι

1677 5667 1911 5683 ἡ

958 5754 1174 5798 HOMILIA
1206 5759 1278 5798 Vl.

392 5828 631 5891 Primum
661 5844 832 5886 eorum
858 5847 969 5904 qua:
991 5833 1043 5890 in
1069 5832 1237 5891 Paulo
1257 5834 1689 5908 reprehenduntur
1724 5852 1743 5892 .'
1770 5853 1914 5893 man-

1924 5655 2257 5695 Em.-.“

2019 5744 2140 5799 data
2170 5745 2268 5798 Del
2294 5744 2569 5814 possibilia.
2606 5772 2675 5784 -—
2707 5742 2883 5798 Vultis
2910 5741 3098 5808 hodie,
3133 5741 3325 5798 fratres
3364 5741 3609 5798 dilectis-

2022 5840 2142 5896 siml
2166 5878 2182 5908 ,
2210 5839 2297 5910 qui
2327 5837 2576 5896 audiendi
2603 5836 2780 5895 studio
2816 5835 2919 5894 huc
2949 5835 3306 5909 convenistis,
3332 5844 3389 5894 ut
3411 5851 3602 5908 magna
