4032 6458
435 443 581 499 gesta
611 431 759 487 Pauli
789 440 950 504 atque
980 431 1235 504 prmelara
1267 473 1282 497 ,
1320 446 1441 503 quae
1478 431 1628 501 juxta
1669 429 2022 501 Quorumdam

439 526 798 596 suspicionem
837 524 1037 582 habere
1075 525 1323 580 videntur
1361 526 1378 557 ι
1411 523 1611 595 aliquid
1646 523 2026 594 reprehensio-

442 617 526 672 nis
547 659 567 686 ,
595 619 647 672 in
677 617 910 673 medium
953 617 1326 689 proferamus?
1364 616 1574 672 Etenim
1602 615 1937 672 inveniemus
1960 617 2024 671 il-

445 711 554 764 lum
578 726 681 764 non
708 710 884 765 minus
912 725 976 765 es
1005 709 1089 765 bis
1112 752 1126 773 ,
1150 726 1307 781 quam
1331 724 1397 765 ex
1425 709 1634 764 caeteris
1653 709 1857 764 clarum
1885 708 2028 764 efﬁci

442 812 604 872 atque
633 801 995 872 magniﬁcum.
1023 802 1288 869 Quidnam
1320 800 1448 856 illud
1472 816 1603 871 ergo
1637 808 1742 866 est,
1772 800 2034 873 quod're-

446 891 807 962 prehensibile
826 892 1093 962 judicatur
1114 891 1140 946 ?
1158 890 1316 948 Visus
1335 902 1439 959 est,
1467 892 1732 962 inquiunt,
1751 891 2033 961 aliquando

448 984 631 1056 plagas
658 984 850 1039 timere
879 1001 893 1038 :
923 983 1060 1054 quod
1088 993 1235 1039 certe
1258 983 1405 1039 visus
1430 993 1534 1051 est,
1565 982 1780 1054 quando
1808 997 1929 1037 eum
1955 982 2036 1037 lo-

447 1071 523 1126 ris
563 1071 758 1128 milites
789 1073 1095 1128 tutuderunt
1117 1113 1133 1137 ,
1178 1088 1350 1144 neque
1390 1087 1518 1129 vero
1546 1072 1719 1127 solum
1747 1081 1875 1128 tunc
1896 1113 1913 1137 ,
1939 1071 2036 1128 sed

449 1164 579 1217 alias
606 1179 814 1233 quoque
832 1162 969 1233 apud
995 1163 1139 1218 illam
1162 1178 1414 1235 purpurae
1428 1163 1799 1230 venditricem,
1822 1163 2038 1237 quando

449 1253 609 1308 etiam
636 1268 824 1309 causas
849 1253 987 1324 apud
1010 1255 1132 1309 illos
1156 1254 1429 1322 movebat,
1459 1254 1551 1324 qui
1581 1268 1701 1309 eum
1728 1253 1797 1308 de
1818 1268 2037 1309 carcere

448 1345 559 1413 jam
600 1344 828 1401 educere
858 1344 1199 1400 festinabant.
1247 1342 1392 1400 Nihil
1438 1346 1582 1400 enim
1625 1344 1769 1399 aliud
1811 1345 1912 1399 ista
1957 1343 2037 1399 fa-

450 1433 677 1500 ciendo,
715 1434 817 1490 nisi
856 1432 1071 1490 sibimet
1109 1435 1210 1505 ipsi
1234 1435 1600 1491 defensionem
1630 1435 1882 1505 parabat,
1913 1436 2040 1491 etsi

449 1525 579 1595 quid
604 1526 793 1581 horum
824 1527 1061 1598 fugeret,
1102 1514 1171 1584 ne
1202 1528 1253 1582 in
1280 1543 1341 1583 ea
1381 1529 1494 1598 ipsa
1521 1544 1709 1583 rursus
1739 1528 1996 1584 incideret
2021 1570 2038 1595 ,

451 1618 785 1687 providebat.
808 1619 946 1687 Quid
967 1619 1127 1690 igitur
1151 1618 1435 1676 dicemus?
1455 1620 1727 1691 Siquidem
1756 1620 1887 1676 nihil
1916 1635 2040 1676 eum

458 1711 532 1764 ita
577 1724 830 1778 magnum
873 1719 1032 1780 atque
1077 1710 1414 1778 mirabilem,
1454 1720 1516 1766 ut
1554 1710 1671 1767 ba‘c
1698 1710 1839 1767 dicta
1868 1710 2045 1767 decia-

455 1809 615 1867 rant,
644 1802 768 1870 quia
796 1803 977 1872 utique
1015 1811 1071 1857 et
1100 1803 1261 1858 talem
1293 1802 1495 1859 habens
1533 1803 1767 1858 animam
1790 1843 1806 1869 ,
1831 1802 1884 1858 id
1914 1811 1997 1858 est
2023 1844 2039 1870 ,

455 1908 564 1947 non
590 1893 915 1963 malignitate
939 1893 1165 1963 quadam
1198 1908 1262 1949 ae
1291 1893 1663 1963 desperatione
1691 1894 2040 1965 praecipitem,

457 1992 515 2038 et
533 1998 728 2053 corpus
750 1983 945 2063 cedens
966 1985 1153 2055 plagis,
1178 1995 1337 2056 atque
1360 1986 1584 2041 verbera
1600 1987 2041 2051 contremiscens,

461 2087 569 2127 non
596 2074 774 2127 minus
805 2083 980 2129 tamen
1012 2090 1169 2144 quam
1206 2075 1534 2144 incorporea:
1571 2076 1794 2132 virtutes
1818 2118 1834 2145 ,
1865 2074 2044 2131 omnia

462 2163 553 2217 illa
583 2179 706 2233 quae
740 2164 988 2220 videntur
1025 2165 1281 2221 terribilia
1322 2166 1603 2237 despexit,
1635 2183 1755 2224 cum
1783 2168 1886 2224 hoc
1911 2177 2047 2224 tem-

464 2267 563 2322 pus
598 2255 851 2325 exigeret.
880 2255 1103 2322 Quando
1140 2270 1271 2328 ergo
1310 2257 1460 2312 illum
1497 2258 1648 2314 vides
1671 2268 1945 2315 extentum
1977 2258 2045 2315 ad

463 2344 645 2413 plagas
663 2385 679 2411 ,
718 2353 878 2415 atque
904 2356 1228 2403 metuentem
1250 2389 1267 2413 ,
1308 2348 1518 2404 illorum
1546 2349 1830 2405 recordare
1854 2350 2048 2406 verbo-

467 2450 617 2504 rum,
651 2451 749 2506 per
774 2453 894 2508 quae
920 2439 1250 2495 transcendit
1276 2441 1344 2495 ad
1372 2441 1560 2496 caelum
1589 2441 1896 2512 angelisque
1924 2457 2046 2497 cer-

462 2526 614 2591 tavit,
637 2527 863 2582 dicendo
892 2545 907 2582 :
940 2528 1068 2596 Quis
1096 2546 1214 2601 ergo
1240 2546 1330 2585 nos
1344 2532 1643 2602 separabita
1660 2533 1870 2587 caritate
1895 2532 2047 2595 Chri-

461 2618 562 2672 sti?
589 2619 846 2674 tribulatio
865 2660 880 2686 ,
902 2636 971 2674 an
993 2622 1257 2693 angustia,
1284 2639 1352 2676 an
1381 2624 1695 2695 perscqttutio
1718 2665 1733 2691 ,
1764 2642 1834 2679 an
1856 2625 2015 2695 fames
2030 2667 2045 2692 ,

467 2724 534 2762 on
560 2709 783 2775 rmditas,
808 2724 877 2764 an
907 2712 1209 2781 perieulum,
1239 2728 1306 2766 an
1329 2713 1533 2785 gladius
1559 2712 1733 2787 (Rom.
1757 2715 1813 2771 8.
1838 2716 1966 2787 35)?
1988 2717 2050 2771 il-

467 2800 746 2871 lorumque
771 2800 1055 2858 verborum
1076 2813 1344 2860 memento
1362 2844 1379 2871 ,
1406 2804 1598 2875 quibus
1617 2808 1792 2861 omnia
1817 2823 1936 2879 quae
1960 2823 2050 2878 pa-

467 2892 633 2959 titur,
678 2892 811 2948 nihil
839 2907 963 2950 esse
1001 2895 1337 2965 pronuntiat,
1369 2896 1554 2953 dicens
1586 2915 1601 2953 :
1636 2897 1786 2964 Quod
1830 2902 1964 2954 enini
1997 2902 2052 2957 in

302 2982 313 2993 '
408 3002 417 3007 ι
469 2984 707 3052 παιωνιιὲ
731 2993 806 3038 est
836 2996 1242 3041 momentaneum
1258 3002 1320 3042 ac
1344 2987 1449 3042 leve
1479 2989 1814 3046 tribulationis
1844 3002 2049 3059 nostrar,

468 3093 631 3149 supra
670 3078 877 3133 modum
920 3080 977 3135 in
1012 3080 1317 3136 sublimitate
1347 3092 1590 3137 cateruam
1631 3083 1809 3156 gloria.-
1853 3087 2057 3155 pondus

470 3179 710 3240 operatur
746 3170 801 3224 in
837 3172 1016 3238 nobis,
1045 3187 1149 3226 non
1185 3172 1641 3244 contemplantibus
1667 3176 1809 3230 nobis
1838 3191 1952 3246 qtae
1988 3178 2054 3231 vi-

470 3260 780 3327 dartur,scd
794 3279 908 3332 quia
935 3276 1036 3318 non
1063 3264 1296 3319 videntur
1316 3264 1391 3337 (2.
1413 3264 1531 3322 Cor;
1559 3267 1614 3322 4.
1643 3266 1730 3322 17.
1762 3266 1873 3341 18).
1902 3268 2053 3326 Adde

470 3353 557 3407 his
576 3354 911 3423 quotidianus
938 3355 1328 3421 tribulationes,
1361 3356 1469 3412 imo
1496 3358 1821 3429 singularum
1853 3370 2054 3417 mortes

470 3445 675 3500 dierum
700 3487 714 3513 ,
740 3455 901 3517 atque
924 3448 1024 3502 ista
1054 3449 1390 3520 perpendens
1418 3449 1685 3508 admirare
1711 3453 1934 3509 Paulum
1957 3497 1975 3522 ,
2000 3464 2055 3511 ct

471 3534 541 3590 de
567 3544 619 3589 te
643 3534 929 3605 desperare
948 3538 1166 3594 desiste.
1198 3538 1324 3596 Haec
1351 3541 1494 3597 enim
1518 3557 1639 3611 qua:
1662 3542 1876 3600 videtur
1905 3545 2055 3601 inﬁr-

471 3627 631 3682 mitas
654 3642 777 3683 esse
794 3637 1019 3697 naturae,
1048 3630 1162 3699 ipsa
1181 3640 1266 3687 est
1290 3633 1577 3688 maximum
1598 3634 1715 3704 ejus
1737 3637 1945 3692 virtutis
1968 3638 2055 3692 in-

473 3716 673 3772 dicium
694 3758 710 3784 ,
748 3719 871 3789 quia
900 3720 1063 3776 talem
1099 3736 1161 3778 se
1184 3722 1368 3793 utique
1391 3725 1680 3794 praestabat
1701 3767 1718 3792 ,
1746 3728 1907 3784 etiam
1931 3744 2054 3784 cum

476 3810 761 3865 multarum
804 3827 987 3868 rerum
1031 3815 1351 3870 necessitate
1392 3825 1749 3888 torqueretur.
1793 3819 2054 3887 Quoniam

388 3926 394 3935 ι
476 3902 768 3955 enormitas
786 3904 1147 3972 periculorum
1172 3905 1311 3962 hanc
1339 3906 1409 3963 de
1427 3907 1522 3963 illo
1545 3909 1726 3966 multis
1752 3911 2056 3981 opinionem

479 4005 846 4063 suggesserat,
877 4006 929 4052 et
953 3997 1214 4066 suspicari
1242 4014 1337 4056 eos
1368 4000 1610 4070 profecto
1638 4000 1876 4071 fecerat,
1914 4004 2060 4076 quod

476 4100 639 4153 super
675 4083 960 4142 humanam
987 4098 1227 4146 naturam
1254 4092 1341 4147 ille
1366 4092 1668 4163 proficiens,
1713 4105 1891 4153 tantus
1916 4097 2061 4154 exsi-

444 4202 447 4207 -
477 4183 645 4230 steret
675 4193 690 4231 :
719 4177 915 4234 idcirco
954 4179 1193 4237 tribulari
1233 4184 1637 4253 permittebatur
1655 4227 1670 4255 ,
1702 4195 1760 4243 ut
1786 4188 2057 4258 disceres,

477 4284 598 4337 φηςι
624 4284 747 4324 cum
772 4272 1062 4328 secundum
1090 4283 1330 4331 naturam
1358 4286 1503 4333 unus
1520 4288 1663 4335 esset
1688 4280 1754 4335 de
1780 4281 2056 4352 pluribus;

410 4395 416 4399 ‹
478 4368 698 4431 propter
718 4363 1041 4419 voluntatem
1064 4380 1170 4420 non
1196 4367 1367 4422 solum
1389 4383 1549 4438 supra
1574 4371 1770 4427 multos
1790 4372 2059 4438 homines,

478 4468 665 4509 verum
705 4457 866 4511 etiam
896 4470 1034 4512 unus
1068 4468 1211 4514 esset
1234 4474 1307 4514 ex
1350 4460 1573 4530 angelis.
1604 4463 1741 4543 Qum
1774 4464 1862 4519 tali
1898 4466 2060 4520 etiam

480 4547 658 4603 anima
688 4547 889 4620 talique
912 4562 1141 4619 corpore
1169 4559 1367 4607 mortes
1394 4552 1537 4608 mille
1567 4555 1848 4622 tolerabat,
1878 4555 2063 4626 despi-

480 4640 656 4696 ciebat
672 4640 976 4710 praesentia,
1008 4643 1383 4700 contemnebat
1404 4643 1596 4711 futura,
1628 4647 1770 4702 clara
1801 4648 2064 4719 illa'atque

481 4732 759 4803 magniﬁca
795 4735 952 4790 verba
984 4736 1309 4792 resonabat:
1344 4738 1597 4803 Quoniam
1626 4742 1827 4810 optavi,
1860 4728 2062 4811 inquit,

483 4838 575 4894 ego
613 4823 724 4893 ipse
761 4825 1029 4880 anathema
1069 4844 1176 4881 esse
1217 4844 1250 4882 a
1285 4826 1483 4883 Christo
1519 4828 1642 4883 Jesu
1684 4822 1778 4900 pro
1826 4833 2068 4901 fratribus

482 4916 636 4982 meis,
667 4917 752 4985 qui
777 4928 895 4971 sunt
918 4920 1124 4990 cognati
1146 4921 1245 4974 mei
1274 4921 1548 4974 secundum
1577 4938 1776 4976 carnem
1804 4925 1979 4994 (Rom.
2012 4925 2065 4979 9.

485 5008 564 5075 '5).
593 5008 855 5063 Possibile
881 5018 961 5065 est
988 5012 1131 5066 enim
1170 5012 1265 5067 Dei
1302 5013 1451 5083 jussa
1496 5013 1783 5083 perﬁcere,
1832 5016 1876 5068 si
1908 5015 2068 5068 modo

485 5101 717 5156 velimus
755 5106 969 5156 omnem
1011 5111 1216 5159 natura:
1255 5104 1660 5175 trepidationem
1690 5107 1938 5163 alacriter
1957 5109 2067 5161 vir-

489 5203 598 5249 tute
631 5207 924 5265 superare,
964 5195 1201 5265 nihilque
1231 5194 1556 5268 impossibile
1581 5208 1661 5254 est
1691 5214 1876 5255 eorum
1898 5240 1912 5263 ,
1948 5216 2069 5270 qua:

484 5302 515 5339 ει
535 5285 750 5342 Christo
770 5285 1072 5365 hominibus
1094 5291 1440 5357 imperantur.
1467 5290 1523 5346 Si
1540 5291 1684 5346 enim
1706 5302 1961 5362 quantum
1988 5301 2072 5346 est

487 5376 543 5431 in
571 5377 723 5434 nobis
749 5375 976 5435 velimus
1005 5379 1194 5435 virium
1222 5381 1522 5450 exprimere
1544 5424 1559 5449 ,
1589 5382 1877 5437 maximum
1907 5383 2069 5437 etiam

490 5467 646 5522 nobis
673 5472 813 5527 Deus
838 5473 1079 5544 adjungit
1115 5473 1366 5528 auxilium
1386 5515 1401 5539 ,
1433 5483 1593 5544 atque
1618 5473 1687 5528 ita
1706 5513 1724 5540 ,
1752 5472 1854 5528 etsi
1894 5472 2070 5527 omnia

493 5557 545 5610 in
569 5562 910 5619 nos.adversa
940 5572 1293 5629 concurrant,
1323 5566 1417 5619 tuti
1447 5574 1620 5619 tamen
1649 5564 1702 5617 in
1731 5563 1906 5619 medio
1932 5546 2072 5634 peri-

494 5648 732 5702 culorum
776 5652 1061 5723 intactique
1107 5654 1461 5709 servabimur.
1503 5653 1689 5723 Neque
1736 5662 1914 5708 tamen
1959 5667 2072 5708 me—

536 5737 583 5806 ηί,
611 5743 709 5806 εἶτ..
740 5740 888 5806 [fuitis
905 5742 1048 5806 hodie
1063 5752 1133 5799 ut.
1149 5742 1560 5806 praemittentes
1585 5726 1825 5806 prteclara
1840 5749 1885 5793 et
1917 5742 2071 5793 mira-

499 5792 613 5847 bilia
634 5798 785 5858 Pauli,
807 5815 914 5858 aut:
941 5792 1084 5862 iusta
1101 5792 1793 5867 aanimi'iiiiiéié'uidmm,
1816 5792 1913 5856 etc.

1177 310 1237 368 8.
1278 310 1560 368 JOANNIS
1596 309 2070 370 CHRYSOSTOMI
2106 310 2427 373 ARCHIEP.
2467 304 3005 368 CONSTANTINOP.

3622 309 3731 368 ses

2137 460 2290 507 tum
2315 450 2499 520 plagas
2524 448 2943 519 reprehensione
2981 445 3202 518 dignum
3226 454 3311 502 est
3331 487 3347 513 ,
3384 445 3482 503 sed
3509 457 3733 517 propter

2134 544 2408 615 plagarum
2451 549 2651 596 metum
2680 539 2880 610 aliquid
2925 538 3202 609 indignum
3238 537 3436 609 pietate
3474 539 3729 593 eommit-
3802 542 3813 547 '

2136 644 2271 691 tero.
2294 633 2408 690 Hoc
2446 635 2563 704 ipso
2588 633 2762 701 enim,
2789 647 2897 703 quo
2924 632 3105 701 plagas
3132 631 3316 697 timet,
3341 631 3434 701 qui
3473 632 3530 687 in
3557 642 3730 687 certe.

2137 729 2281 784 mine
2309 741 2415 783 non
2437 727 2683 790 vincitur,
2707 724 3074 780 admirabilior
3091 723 3394 779 ostenditur
3410 765 3427 791 ,
3453 738 3616 794 quin
3630 722 3737 780 ille

2137 820 2232 890 qui
2262 834 2369 874 non
2390 819 2560 873 timet.
2585 817 2757 888 Magis
2779 817 2921 871 enim
2944 817 2997 870 in
3020 816 3122 870 isto
3139 815 3308 870 virtus
3333 814 3584 886 refulget,
3606 826 3730 870 arm

2139 915 2329 970 vicerit
2355 912 2514 968 etiam
2545 912 2631 966 illa
2662 926 2782 981 qua:
2810 911 3003 965 timuit.
3029 908 3165 965 Nam
3196 908 3377 979 plagas
3402 908 3729 973 formidare,

2141 1013 2347 1059 naturae
2382 1012 2468 1058 est
2494 1021 2510 1057 :
2537 1001 2671 1057 nihil
2706 1011 2885 1056 autem
2929 1000 3184 1055 indecens
3223 999 3501 1070 plagarum
3535 999 3737 1054 timore

2140 1096 2507 1160 committere,
2554 1093 2845 1148 voluntatis
2894 1100 3143 1147 naturam
3186 1090 3453 1146 inﬁmam
3493 1090 3737 1160 juvantis

2142 1198 2258 1254 est,
2311 1188 2532 1257 ejusque
2572 1186 2993 1241 imbecillitatem
3027 1198 3121 1239 sua
3170 1184 3367 1238 vinulo
3407 1184 3733 1252 superantis.

2145 1278 2235 1335 Sic
2260 1293 2361 1334 nec
2385 1293 2615 1333 maerere
2638 1276 2902 1347 culpabile
2921 1284 3006 1330 est
3028 1318 3045 1340 ,
3078 1275 3290 1344 sed'per
3318 1286 3611 1330 mererem
3633 1274 3729 1329 ali-

2144 1374 2271 1445 quid
2310 1382 2403 1427 aut
2438 1372 2649 1437 facere,
2684 1379 2777 1425 aut
2804 1370 2984 1424 dicere
3009 1374 3199 1423 eorum
3236 1383 3356 1438 qum
3393 1367 3507 1422 Deo
3542 1365 3739 1436 (Περῇ-

2145 1473 2289 1521 cent.
2316 1462 2468 1532 Quod
2497 1463 2544 1517 si
2577 1478 2678 1531 ego
2720 1461 2944 1516 Paulum
2990 1459 3161 1514 fuisse
3199 1458 3738 1528 bominem£denega-

2147 1571 2285 1619 rem,
2315 1554 2510 1609 merito
2538 1552 2669 1607 mihi
2698 1551 2797 1607 has
2834 1550 3151 1621 fragilitates
3190 1560 3401 1604 natura
3423 1548 3539 1618 ejus
3562 1563 3737 1620 oppo-

2147 1662 2306 1703 neres
2322 1689 2339 1708 .
2365 1646 2560 1718 quibus
2580 1654 2822 1700 nostrum
2847 1658 3032 1713 posses
3059 1640 3295 1697 refuare
3320 1654 3650 1696 sermonem.
3676 1639 3741 1695 Si

2147 1755 2278 1795 vero
2298 1739 2412 1809 ipse
2437 1739 2559 1793 dico
2583 1747 2743 1808 atque
2766 1736 3028 1791 conﬁrmo
3045 1735 3170 1805 quia
3192 1732 3594 1804 homo‘quidem
3616 1733 3741 1798 fuit,

2148 1843 2203 1887 et
2246 1831 2389 1886 nulla
2428 1830 2584 1885 nobis
2621 1829 2783 1884 etiam
2830 1835 3035 1882 natura)
3063 1827 3371 1881 conditione
3399 1826 3773 1896 praestantior

2148 1923 2282 1989 fuit,
2315 1933 2492 1977 tamen
2531 1919 2722 1977 melior
2744 1919 3021 1974 voluntate
3051 1935 3066 1971 :
3099 1916 3449 1973 frustramini
3477 1917 3587 1970 ista
3607 1930 3747 1986 pro-

2148 2015 2305 2086 ponis
2326 2055 2343 2082 ,
2387 2014 2497 2069 imo
2532 2028 2639 2067 non
2669 2012 2869 2066 frustra
2893 2050 2909 2075 ,
2940 2009 3036 2065 sed
3063 2009 3284 2064 omnino
3313 2020 3410 2077 pro
3442 2007 3609 2061 Paulo
3628 2040 3653 2071 ,-
3683 2015 3748 2061 et

2150 2106 2278 2161 hinc
2319 2104 2657 2176 potissimam
2694 2103 2871 2174 qualis
2912 2102 3019 2159 illo-
3050 2100 3213 2156 fuam
3255 2099 3529 2164 ostendis,
3562 2100 3653 2170 qui
3682 2099 3755 2155 in

2151 2198 2245 2253 tali
2275 2206 2464 2252 natura
2508 2195 2730 2262 vivens,
2774 2194 2951 2265 potuit
2986 2191 3381 2264 quodammodo
3418 2203 3543 2245 esse
3577 2198 3775 2259 suprai

2151 2303 2417 2350 naturam.
2444 2292 2561 2347 Non
2587 2301 2767 2347 autem
2793 2292 2942 2346 illum
2972 2289 3343 2345 tantummodo
3359 2286 3612 2352 extollis;
3642 2285 3751 2340 sed

2151 2387 2312 2442 etiam
2337 2384 2553 2440 conseia
2571 2398 2667 2439 ora
2693 2383 3018 2453 torpentium
3042 2394 3269 2452 seseque
3292 2381 3349 2435 in
3367 2379 3628 2435 desidiam
3652 2393 3754 2433 re-

2153 2478 2463 2535 cliuantium
2482 2516 2500 2544 ,
2536 2490 2644 2531 nos
2667 2489 2766 2532 eos
2792 2475 3069 2531 sustinens
3084 2472 3157 2528 ad
3181 2473 3524 2528 eminentiam
3546 2468 3753 2524 confu-

2152 2586 2281 2643 gere
2296 2581 2506 2626 naturte
2525 2610 2542 2637 ,
2574 2567 2669 2625 sed
2701 2568 2998 2638 impellens
3013 2566 3091 2621 ad
3110 2564 3340 2620 studium
3368 2561 3675 2618 voluntatis.

2225 2664 2448 2719 Mortem
2480 2677 2549 2716 att
2597 2661 2817 2715 timuerit
2865 2659 3098 2723 Paulos;
3133 2656 3293 2711 libera
3332 2655 3588 2709 uoluntate
3620 2652 3761 2706 boui

2154 2757 2413 2828 ejﬁcimur.
2439 2784 2513 2796 --
2538 2753 2649 2811 Sed
2674 2762 2730 2809 et
2757 2760 3007 2816 mortem,
3050 2748 3247 2820 inquit,
3288 2745 3573 2817 aliquando
3616 2756 3759 2814 per-

2156 2850 2351 2904 timuit.
2369 2846 2475 2904 Sed
2498 2847 2602 2902 hoc
2624 2860 2840 2917 quoque
2861 2843 3104 2915 profecto
3122 2852 3328 2896 natum
3349 2847 3465 2905 est;
3496 2845 3551 2893 et
3565 2847 3757 2892 tamen

2156 2956 2344 2997 rursus
2384 2941 2473 2995 hic
2510 2941 2625 3011 ipse
2667 2939 2777 3008 qui:
2804 2945 3030 2992 mortem
3079 2936 3254 2990 timuit
3279 2976 3293 2999 ,
3324 2933 3532 2988 dicebat
3559 2949 3574 2985 ε
3602 2929 3787 2984 Nanr

2154 3036 2413 3104 quamdiw
2423 3049 2597 3089 sumus
2611 3034 2665 3087 ἐκ
2693 3037 2786 3086 hoc
2802 3031 3142 3095 tabernaculo,
3166 3028 3534 3100 ingemiscimus
3551 3025 3760 3097 gravati
3782 3062 3785 3065 -

2161 3129 2237 3199 (2.
2260 3128 2378 3183 Cor.
2411 3127 2466 3182 5.
2492 3126 2549 3197 4)
2582 3144 2598 3179 :
2627 3132 2681 3180 et
2700 3134 2906 3191 rorans,
2946 3122 3186 3190 Nos-ipsi
3223 3122 3359 3174 intra
3382 3135 3476 3173 nos
3504 3117 3771 3189 gemimus

2160 3220 2341 3290 (Rom.
2390 3219 2445 3276 8.
2490 3219 2617 3290 25).
2651 3217 2892 3273 Videsne.
2939 3230 3099 3286 quam
3144 3213 3558 3284 arquiparantem
3597 3226 3631 3265 ε
3659 3208 3757 3264 di-

2158 3329 2315 3370 verso
2352 3312 2578 3368 natanti
2619 3309 2911 3366 inﬁrmitati
2936 3308 3185 3361 virtutem
3214 3303 3531 3377 opposuerit
3557 3302 3759 3356 volun-

2066 3428 2078 3439 ·
2159 3405 2327 3462 tatis?
2351 3404 2486 3472 Quia
2512 3410 2567 3458 et
2612 3410 2876 3467 martyres
2927 3397 3140 3468 plurimi
3177 3411 3297 3451 cum
3331 3394 3653 3449 ducerentur
3678 3392 3763 3448 ad

2158 3507 2408 3561 mortem,
2436 3496 2632 3564 saepius
2658 3493 2983 3563 palluerunt,
3013 3496 3068 3543 et
3084 3489 3275 3543 timore
3304 3501 3366 3541 ac
3393 3484 3777 3554 trepidatione

2158 3589 2406 3660 completi
2432 3596 2555 3643 sunt
2580 3603 2594 3641 :
2626 3585 2721 3642 sed
2748 3584 2849 3638 hoc
2871 3584 2997 3652 ipso
3016 3580 3286 3649 praecipue
3306 3576 3575 3632 mirabiles
3596 3588 3761 3630 com-

2158 3684 2473 3755 probantur,
2500 3677 2750 3750 quoniam
2778 3676 2855 3730 illi
2877 3674 2975 3744 ipsi
3000 3670 3241 3742 qui-mori
3264 3669 3576 3755 timuerunt,
3597 3680 3762 3755 mor-

2160 3748 2268 3824 tem
2297 3775 2473 3821 tamen
2504 3748 2724 3833 propter
2742 3760 3014 3814 Christum
3043 3755 3262 3813 minime
3291 3753 3621 3821 refugerunt.
3653 3748 3755 3804 Sic

2161 3871 2218 3916 et
2238 3858 2455 3921 Paulus,
2496 3854 2588 3925 qui
2630 3866 2751 3909 cum
2783 3860 3023 3905 mortem.
3052 3848 3284 3910 timeret,
3334 3859 3403 3897 ne
3443 3843 3609 3911 ipsam
3634 3841 3765 3908 qui-

2162 3950 2285 4007 dem
2328 3947 2611 4004 recusabat
2649 3944 2949 4017 gehennam
2968 3980 2985 4006 ,
3037 3938 3128 4010 qui
3175 3933 3754 4008 propter‘desiderium

2163 4042 2361 4100 Christi
2384 4083 2400 4106 ,
2425 4040 2585 4095 etiam
2611 4052 2733 4092 cum
2775 4032 3103 4090 formidaret.
3123 4029 3430 4092 interitum,
3460 4036 3635 4080 tamen
3660 4039 3764 4079 cu-

2164 4134 2345 4207 piebat
2368 4131 2584 4188 resolvi.
2608 4129 2937 4184 Nonaautem'
2960 4123 3045 4178 hic
3073 4121 3220 4176 solus
3253 4120 3387 4174 talis
3411 4118 3527 4182 fuit,
3550 4114 3643 4171 sed
3667 4115 3766 4170 ille

2164 4239 2377 4298 quoque
2402 4222 2493 4296 qui
2522 4222 2621 4276 fuit
2639 4218 3213 4290 apostolorumcaput,
3241 4213 3333 4282 qui
3362 4224 3506 4281 szvpe
3549 4208 3763 4298 diserat

2166 4325 2406 4388 paratum
2437 4328 2498 4369 se
2525 4326 2649 4368 esse
2673 4325 2772 4381 pro
2793 4307 3010 4363 Christo
3032 4306 3273 4359 animum
3303 4301 3514 4356 tradere
3538 4297 3759 4369 (Matth.

2164 4406 2271 4477 26)
2297 4448 2313 4473 ,
2352 4414 2408 4460 et
2427 4414 2602 4458 tamen
2638 4411 2864 4455 mortem
2892 4397 3237 4452 vehementer
3279 4392 3578 4446 horruerat.
3621 4388 3789 4444 Audi-

2169 4497 2329 4568 igitur
2348 4495 2471 4565 quid
2495 4494 2542 4549 ei
2565 4506 2728 4560 super
2755 4490 2858 4543 hoe
2883 4484 3373 4554 Christnsloquitur
3400 4500 3412 4535 :
3437 4481 3564 4536 Cum
3591 4491 3761 4535 autent

2169 4588 2415 4654 senueris,
2444 4586 2576 4640 alius
2601 4593 2648 4636 te
2666 4583 2847 4651 cinget,
2869 4589 2915 4634 et
2935 4579 3079 4632 ducet
3104 4593 3204 4648 quo
3233 4591 3337 4629 nou
3360 4575 3434 4628 vis
3450 4571 3609 4652 _(Joan
3628 4611 3640 4624 .
3663 4571 3759 4627 Si.

2171 4679 2298 4751 18):
2326 4688 2531 4733 naturae
2559 4672 2919 4729 inﬁrmitatem
2961 4667 3287 4737 exprimens,
3314 4678 3421 4717 non
3452 4662 3761 4717 voluntatis.

2170 4768 2441 4840 Siquidem
2462 4762 2821 4820 natura‘nobis
2847 4759 3023 4815 invitis
3042 4771 3254 4827 quoque
3273 4752 3505 4809 ostendit
3546 4767 3666 4812 sua,
3711 4760 3764 4806 et

2172 4859 2508 4915 inﬁrmitates
2520 4857 2641 4926 ejus
2663 4867 2916 4924 superare
2942 4865 3047 4905 non
3062 4860 3349 4921 possumus
3368 4886 3383 4910 ,
3414 4858 3513 4900 nec
3537 4844 3581 4897 si
3605 4842 3768 4898 valde

2173 4952 2516 5020 studioseque
2542 4946 2866 5017 cupiamus:
2896 4958 2996 4998 nec
3019 4941 3295 5010 culpamus
3320 4937 3480 5001 istud,
3509 4935 3631 5005 quia
3665 4935 3769 4988 nti-

2174 5058 2279 5114 que
2304 5041 2426 5097 inde
2452 5040 2584 5094 nihil
2614 5038 2876 5100 laedimur,
2902 5035 3014 5088 imo
3037 5032 3161 5087 inde
3189 5029 3358 5101 magis
3378 5043 3565 5082 sanius
3587 5026 3766 5080 admi-

2175 5135 2388 5191 rabiles.
2438 5133 2557 5188 Non
2599 5132 2744 5188 enim
2768 5130 2979 5185 crimen
3014 5136 3100 5181 est
3127 5133 3355 5180 mertom
3395 5122 3585 5176 timere
3614 5137 3629 5173 :
3658 5119 3773 5174 imo

2176 5243 2208 5284 e
2236 5226 2527 5290 contrario,
2569 5236 2768 5294 quanta
2794 5222 2912 5276 laus
2936 5226 3020 5273 est
3045 5231 3168 5273 eum
3196 5228 3425 5270 mortem
3455 5213 3664 5274 timeas,
3694 5209 3769 5264 nil

2178 5328 2331 5388 turpe
2371 5326 2531 5387 atque
2559 5313 2752 5369 servile
2782 5309 2986 5381 perpeti
3024 5314 3121 5379 per
3153 5304 3437 5359 timorem?
3480 5301 3595 5356 Non
3624 5299 3768 5355 enim

2179 5420 2420 5465 naturam
2449 5408 2648 5462 habere
2685 5400 3079 5459 inﬁrmitatibus
3106 5398 3394 5462 subditam,
3426 5392 3521 5448 sed
3566 5391 3771 5446 servire

2179 5498 2597 5563 inﬁrmitatibus,
2649 5494 2993 5550 criminosum
3033 5497 3117 5545 est
3163 5505 3177 5541 :
3211 5495 3269 5541 ut
3309 5485 3500 5539 merito
3547 5493 3772 5551 magnus

2180 5593 2270 5648 ille
2298 5591 2553 5646 habeatur
2580 5598 2739 5658 atque
2768 5585 3023 5640 mirabilis
3044 5625 3058 5649 ,
3091 5582 3180 5653 qui
3222 5579 3640 5635 imbecillitatem
3668 5589 3767 5628 na-

2181 5694 2309 5737 tura:
2328 5681 2614 5735 voluntatis
2635 5680 2829 5732 virtute
2853 5674 3186 5744 superaverit
3209 5690 3221 5725 :
3242 5680 3296 5727 et
3322 5670 3423 5725 hoc
3449 5669 3566 5738 ipso
3583 5675 3773 5721 oeten-

2182 5774 2257 5828 dit
2283 5781 2477 5843 quanta
2521 5769 2588 5825 sit
2613 5768 2793 5825 libera:
2822 5765 3109 5823 voluntatis
3137 5772 3391 5835 potestas,
3441 5760 3772 5825 obstretitque
