4032 6432
343 423 486 479 αὑτὰ
527 424 751 478 ἐκείνων
785 425 1031 499 ὀψόμεθα
1071 429 1172 484 οὑκ
1209 433 1431 490 ἔλαττον
1469 439 1629 502 αὑτὸν
1663 440 1921 498 ποιοῦντα

342 516 595 585 λαμπρὸν
614 517 707 570 καὶ
737 517 936 589 μέγαν.
956 521 1022 573 Τί
1041 519 1136 576 οὖν
1163 525 1312 581 ἐστιν
1333 527 1363 579 ὃ
1389 529 1560 602 λαϐὴν
1587 531 1698 602 ἔχει
1715 533 1920 604 ςὨφθη

344 609 510 674 ποτὲ,
540 611 703 681 φησὶ,
741 613 955 683 πληγὰς
991 617 1279 684 δεδοικώςο
1323 623 1418 676 καὶ
1453 623 1562 698 γὰρ
1595 625 1782 697 ὤφθη,
1829 628 1920 681 ὅτε

341 700 508 752 αὑτὸν
559 703 880 772 προέτειναν
924 709 1038 772 τοῖς
1086 710 1279 780 ἱμᾶσιο
1328 715 1425 768 καὶ
1471 718 1533 770 οὑ
1575 718 1696 771 τότε
1736 719 1918 790 μόνον,

340 791 476 843 ἀλλά
505 791 598 844 καὶ
628 793 813 848 άλλοτε
845 797 1007 852 πάλιν
1049 801 1142 854 ἐπὶ
1171 803 1272 874 τῆς
1301 807 1804 878 πορφυροπώλιδος,
1831 811 1920 863 ὅτε

339 880 435 934 καὶ
468 883 768 953 πράγματα
801 891 1029 960 παρεῖχε
1085 894 1194 957 τοῖς
1239 894 1584 967 βουλομένοις
1624 901 1785 954 αὑτὸν
1835 902 1921 968 ἐξ·

337 977 583 1042 αγαγεῖν.
606 973 770 1029 Ὁύδέν
786 979 894 1050 γὰρ
920 980 1048 1035 ἄλλο
1076 988 1504 1052 κατασκευάζων
1532 991 1690 1044 τοῦτο
1719 993 1915 1055 ἐποίει,

336 1064 372 1136 ἢ
412 1067 712 1135 ἀσφάλειαν
751 1071 962 1143 ἐαυτῷ,
1004 1077 1098 1129 κοιλ¹
1135 1077 1196 1130 τὺ
1244 1079 1318 1151 μὴ
1346 1081 1556 1151 ταχέως
1594 1086 1706 1148 τοῖς
1736 1086 1920 1150 αὐτοῖς

336 1162 673 1229 περιπεσεῖν.
715 1161 780 1214 Τί
822 1160 914 1217 οὖν
960 1165 1028 1219 ἂν
1068 1169 1354 1241 είποιμεν;
1400 1174 1522 1227 Ὅτι
1559 1175 1710 1230 οὐδὲν
1754 1178 1918 1231 αὑτὸν

334 1247 479 1301 οὕτω
513 1251 687 1320 μέγαν
710 1253 952 1309 δείκνυσι
978 1259 1071 1311 καὶ
1093 1259 1425 1332 θαυμαστὸν,
1452 1266 1526 1330 ὡς
1552 1267 1724 1322 ταῦτα
1751 1271 1818 1324 τὰ
1841 1271 1922 1324 εἱ-

336 1339 588 1434 ρξιμέντξις
610 1337 720 1396 οἷον
750 1345 831 1398 ὅτι
860 1346 1038 1420 ψυχὴν
1063 1349 1201 1420 ἔχων
1235 1356 1516 1428 τοιαύτην,
1559 1359 1682 1429 οὐχὶ
1709 1361 1914 1434 τολμη-

334 1427 458 1498 ρὰν,
485 1429 603 1483 οὑδὲ
621 1433 886 1506 ἀπονενοη
896 1437 1086 1508 μένην,
1106 1443 1200 1495 καὶ
1226 1443 1385 1515 σῶμα
1405 1427 1578 1510 οὑτως
1605 1427 1751 1503 εἶκον
1776 1427 1916 1523 πλη-

335 1522 462 1586 γαῖς
490 1523 582 1574 καὶ
619 1525 819 1595 τρέμον
849 1530 1143 1599 μάστιγας,
1173 1534 1282 1588 τῶν
1307 1537 1613 1609 ἀσωμάτων
1633 1522 1914 1614 δυνάμεων

329 1611 433 1665 οὑκ
471 1613 689 1669 ἔλαττον
733 1619 951 1674 πάντων
989 1623 1235 1694 ὑπερεῖδε
1273 1627 1382 1681 τῶν
1428 1629 1727 1688 δοκούντων
1769 1611 1913 1692 εἶναι

330 1701 602 1773 φοϐερῶν,
641 1706 804 1776 ἡνίκα
850 1710 878 1762 ό
925 1711 1116 1782 καιρὸς
1165 1714 1324 1769 τοῦτο
1365 1719 1584 1790 ἀπῄτει.
1626 1723 1792 1778 Ὅταν
1820 1721 1914 1781 οὖν

328 1793 448 1889 ἴδῃς
496 1795 656 1889 αὑτὸν
706 1798 1126 1889 ἀποτεινόμενον
1192 1807 1287 1858 καὶ
1331 1807 1626 1877 δεδοικότα,
1673 1815 1914 1889 ἀναμνή-

329 1881 488 1954 σθητι
536 1885 644 1938 τῶν
679 1888 942 1958 ῥημάτων
987 1893 1240 1960 ἐκείνων,
1282 1897 1350 1950 δι’
1393 1891 1468 1954 ὧν
1505 1901 1746 1974 ὑπερέϐη
1782 1881 1912 1971 τοῦς

325 1976 608 2047 οὐρανοὺς,
637 1980 730 2032 καὶ
762 1981 898 2054 πρὸς
930 1983 1056 2046 τοὺς
1086 1985 1354 2054 ἀγγέλους
1381 1991 1646 2061 ἡμιλλᾶτο
1664 2034 1678 2057 ,
1705 1995 1908 2064 λέγων·

333 2069 430 2133 Τίς
471 2067 630 2137 ἡμᾶς
675 2073 916 2148 χωρίσει
961 2073 1115 2148 [507]
1171 2079 1292 2134 ἀπὸ
1345 2082 1457 2151 τῆς
1507 2085 1747 2155 ἀγάπης
1803 2089 1910 2143 τοῦ

329 2157 479 2210 Θεοῦ
496 2173 517 2221 ;
547 2158 772 2226 θλῐψις,
792 2163 829 2230 ἢ
862 2168 1250 2236 στενοχωρία,
1271 2171 1310 2238 ἢ
1339 2170 1614 2241 διωγμὸς,
1642 2175 1681 2244 ἢ
1709 2179 1906 2244 λιμὸς,

327 2245 364 2312 ἢ
393 2246 697 2314 κίνδυνος,
713 2249 1051 2337 ’μάχαιρα
1072 2273 1091 2320 ;
1115 2258 1494 2332 ἀναμνήσθητι
1514 2263 1623 2317 τῶν
1647 2267 1908 2337 ῥημάτων

323 2337 570 2404 ἐκείνων,
600 2341 667 2393 δι’
702 2335 776 2394 ὧν
813 2344 963 2398 οὑδέν
1001 2347 1176 2402 ταῦτα
1210 2345 1348 2404 εἷναί
1391 2370 1558 2424 φησι,
1588 2335 1794 2424 λέγων·
1832 2359 1907 2412 Τὸ

323 2431 438 2499 γὰρ
461 2436 798 2499 παραυτίκα
845 2436 1111 2508 ἐλαφρόν
1147 2440 1258 2511 τῆς
1286 2446 1548 2513 θλίψεως
1581 2449 1749 2517 ἡμῶν
1779 2453 1908 2506 καθ’

322 2524 668 2592 ὑπερϐολὴν
698 2529 785 2594 εὶς
811 2530 1190 2600 ὑπερϐολὴν,
1221 2533 1461 2589 αἰώνιον·
1502 2538 1695 2606 ,ϐάρος
1723 2541 1908 2611 δόξης

321 2616 731 2686 κατεργάζεται
781 2621 956 2690 ἡμῖν,
1011 2623 1098 2693 μὴ
1161 2629 1559 2683 σκοπούντων
1615 2633 1788 2701 ἡμῶν
1834 2637 1908 2689 τὰ

318 2707 702 2777 βλεπόμενα,
764 2713 926 2768 ἀλλὰ
982 2715 1055 2769 τὰ
1100 2716 1187 2785 μὴ
1241 2719 1615 2789 βλεπόμενα.
1665 2725 1908 2796 Πρόσθες

318 2806 532 2872 τούτοις
559 2809 658 2874 τὰς
685 2813 1063 2885 καθημερινὰς
1086 2816 1315 2887 θλίψεις,
1343 2820 1470 2884 τοὺς
1491 2821 1757 2890 θανάτους
1778 2827 1906 2891 τοὺς

318 2910 443 2963 καθ’
469 2911 707 2982 ἐκάστην
735 2914 951 2985 ἡμέραν
969 2929 984 2944 ⁸
1013 2919 1106 2971 καὶ
1131 2919 1308 2973 ταῦτα
1336 2923 1615 2994 ἐννοήσας,
1642 2927 1736 2980 καὶ
1759 2927 1906 2981 Παῦ-

319 3010 411 3062 λον
448 3010 716 3082 θαύμαζε,
746 3015 840 3067 καὶ
864 3015 1063 3070 σαυτοῦ
1095 3019 1293 3090 μηκέτι
1322 3021 1600 3095 ἀπογνῷς.
1622 3025 1772 3098 Αὑτὴ
1793 3027 1906 3101 γὰρ

319 3113 352 3181 ἡ
386 3111 618 3166 δοκοῦσα
640 3115 740 3184 τῆς
767 3115 979 3184 φύσεως
1009 3113 1149 3180 εἶναι
1170 3119 1449 3188 ἀσθένεια,
1478 3124 1617 3196 αὑτὴ
1647 3126 1906 3198 μέγιστον

318 3209 520 3282 δεῖγμα
550 3213 648 3284 τῆς
680 3215 882 3286 ἀρετῆς
913 3217 1028 3270 ἐστι
1060 3219 1162 3289 τῆς
1207 3221 1442 3287 ἐκείνου,
1478 3225 1561 3277 ὅτι
1585 3226 1687 3280 οὑκ
1723 3227 1905 3297 ἀπηλ-

224 3306 238 3317 ’
319 3311 588 3382 λαγμένος
636 3315 737 3384 τῆς
783 3317 892 3370 τῶν
944 3318 1153 3374 πολλῶν
1213 3323 1459 3394 ἀνάγκης
1515 3325 1754 3390 τοιοῦτος
1811 3323 1902 3398 ἦν.

329 3412 546 3484 Ἐπειδὴ
590 3413 699 3486 γάρ
755 3415 927 3486 ἡτῶν
968 3417 1228 3473 κινδύνων
1272 3420 1546 3493 ὑπερϐολὴ
1586 3422 1799 3486 πολλοῖς
1837 3423 1904 3478 ἂν

317 3509 518 3582 ταύτην
560 3513 805 3585 παρέσχε
837 3515 936 3585 τὴν
972 3516 1265 3589 ὑπόληψιν,
1291 3521 1385 3573 καὶ
1414 3521 1744 3575 ὑποπτεύειν
1773 3524 1904 3588 ἴσως

317 3612 595 3684 ἐποίησεν,
626 3614 707 3666 ὅτι
731 3613 999 3686 ἀνώτερος
1046 3616 1156 3670 τῶν
1193 3617 1551 3690 ἀνθρωπίνων
1588 3622 1901 3693 γενόμενος,

317 3711 556 3776 τοιοῦτος
602 3709 702 3784 ἦν·
745 3715 830 3770 διὰ
879 3715 1053 3770 ταῦτα
1101 3723 1461 3793 συνεχωρεῖτο
1514 3723 1766 3794 πάσχειν,
1817 3726 1904 3778 ἵνα

319 3811 497 3883 μάθῃς
524 3814 608 3866 ὅτι
648 3809 728 3877 εἷς
752 3815 861 3867 τῶν
892 3816 1102 3871 πολλῶν
1135 3816 1210 3871 ὢν
1239 3819 1383 3873 κατά
1406 3820 1504 3891 τὴν
1534 3822 1696 3891 φύσιν
1715 3864 1731 3888 ,
1763 3825 1904 3878 κατά

317 3916 419 3986 τὴν
445 3915 776 3986 προθυμίαν,
797 3917 858 3969 οὑ
893 3917 1053 3987 μόνον
1078 3919 1216 3992 ὑπὲρ
1239 3921 1366 3983 τοὺς
1403 3921 1632 3985 πολλοὺς
1656 3917 1744 3994 ἦν,
1769 3923 1905 3978 ἀλλά

317 4014 417 4066 καὶ
446 4013 555 4066 τῶν
588 4015 836 4084 ἀγγέλων
871 4011 951 4081 εἷς
981 4013 1069 4089 ἦν.
1113 4020 1270 4073 Μετὰ
1304 4019 1410 4092 γὰρ
1437 4021 1699 4092 τοιαύτης
1726 4022 1905 4096 ψυχῆς

316 4114 415 4167 καὶ
458 4114 701 4169 τοιούτου
735 4117 985 4188 σώματος
1017 4119 1164 4186 τοὺς,
1185 4121 1410 4193 μυρίους
1451 4122 1897 4192 ὑπέμενεθανά-

319 4233 468 4279 τους,
494 4217 590 4270 καὶ
629 4219 950 4289 κατεφρόνει
975 4219 1085 4273 τῶν
1116 4222 1419 4292 παρόντων,
1443 4223 1551 4277 τῶν
1579 4225 1899 4295 μελλόντων.

316 4316 411 4369 Διδ
437 4317 533 4370 καὶ
556 4317 625 4370 τὰ
665 4318 878 4387 μεγάλα
904 4321 1087 4374 ἐκεῖνα
1111 4323 1204 4376 καὶ
1232 4323 1443 4388 πολλοῖς
1476 4324 1679 4378 ἄπιστα
1702 4327 1903 4397 ἐφθέγ-

317 4414 447 4480 ξατο
499 4417 753 4485 ῥήματα·
792 4418 913 4471 Ὅτι
968 4419 1248 4487 ηὐχόμην
1278 4420 1545 4490 ἀνάθεμα
1588 4419 1740 4477 εἶναι
1783 4425 1902 4480 ἀπὸ

317 4517 576 4583 Χριστοῦ
619 4518 772 4586 ὑπὲρ
805 4517 924 4572 τῶν
952 4519 1232 4589 ἀδελφῶν
1253 4540 1396 4590 μου,
1432 4524 1552 4577 τῶν
1590 4526 1904 4596 συγγενῶν

316 4634 434 4686 μου
451 4619 601 4671 κατὰ
629 4619 846 4687 σάρκα.
874 4621 1109 4673 Δυνατὸν
1141 4621 1271 4692 γὰρ,
1303 4625 1351 4675 εἰ
1381 4622 1774 4696 βουληθείημεν
1807 4628 1903 4698 μό-

317 4735 430 4783 νον,
456 4721 637 4772 πᾶσαν
668 4720 886 4789 φύσεως
917 4721 1156 4790 ἀγωνίαν
1183 4725 1249 4791 τῇ
1273 4723 1374 4794 τῆς
1407 4724 1717 4794 προθυμίας
1749 4727 1902 4797 νικῆ-

322 4837 411 4873 σαι
448 4820 676 4891 δυνάμει
699 4838 712 4850 ·
743 4821 838 4875 καὶ
861 4823 1011 4876 οὐδέν
1041 4825 1210 4888 ἐστιν,
1233 4823 1379 4894 ὅπερ,
1395 4823 1658 4880 ἀδύνατον
1691 4827 1901 4899 ἀνθρώ-

319 4938 474 4984 ποις,
504 4921 612 4974 τῶν
645 4923 750 4978 ὑπὸ
785 4922 1022 4992 Χριστοῦ
1051 4923 1479 4978 κελευσθέντων·
1525 4924 1594 4978 ἂν
1617 4925 1725 4997 γὰρ
1765 4927 1900 5010 ὅσην
1928 4937 1930 4939 ’

319 5022 517 5101 ἐχομεν
533 5023 868 5094 προθυμίαν,
891 5024 1097 5097 ταύτην
1124 5025 1421 5098 ἐπιδῶμεν,
1449 5025 1545 5080 καὶ
1565 5029 1594 5081 ὁ
1623 5026 1754 5091 Θεὸς
1771 5028 1904 5082 ’πολ-

319 5124 419 5194 λὴν
467 5125 599 5194 ἡμῖν
649 5125 954 5194 συνεισάγει
1018 5125 1354 5198 ῥοπὴν,’κα”ι
1410 5126 1552 5182 οὕτω
1604 5129 1739 5182 πᾶσι
1789 5132 1902 5194 τοῖς

321 5223 538 5294 ἐπιοῦσι
582 5226 773 5290 δεινοῖς
821 5227 1085 5281 ἀνάλωτοι
1118 5228 1483 5300 γενησόμεθα.
1526 5229 1663 5283 Οὐδὲ
1696 5229 1806 5302 γὰρ
1841 5231 1903 5285 τὸ

319 5324 603 5395 φοϐεῖσθαι
646 5327 860 5399 πληγάς
889 5329 1287 5398 καταγνώσεως
1315 5329 1495 5398 ἄξιον,
1533 5330 1671 5385 ἀλλά
1718 5330 1781 5384 τὸ
1816 5331 1905 5385 διὰ

317 5430 412 5484 τὸν
455 5431 618 5502 φόϐον
665 5433 774 5487 τῶν
821 5417 1046 5505 πληγῶν
1104 5434 1320 5503 ἀνάξιόν
1373 5452 1426 5489 τι
1473 5435 1574 5506 τῆς
1622 5434 1903 5498 εὐσεϐείας

320 5535 633 5605 ὑπομεῖναι,
679 5534 821 5590 ὥστε
865 5537 927 5590 τὸ
967 5535 1264 5592 δεδοικέναι
1309 5537 1522 5612 πληγὰς
1563 5537 1656 5593 τὸν
1696 5541 1755 5593 ἐν
1789 5541 1902 5602 τοῖς

318 5632 528 5699 ἀγῶσιν
556 5634 793 5706 ἄληπτον
823 5635 1261 5709 θαυμαστότερον
1292 5638 1533 5692 δείκνυσι
1555 5638 1650 5692 τοῦ
1685 5639 1761 5712 μὴ
1805 5657 1902 5709 φο-

321 5727 613 5800 6ουμένου.
638 5732 853 5789 Μᾶλλον
883 5734 1042 5805 γὰρὴ
1069 5737 1387 5806 προαίρεσις
1411 5739 1553 5793 οὑτω
1583 5737 1899 5807 διαλάμπει·

1199 328 1289 384 DE
1327 330 1672 392 LAUDIBUS
1707 335 1766 391 S.
1805 334 2016 392 PAULI
2050 337 2412 400 APOSTOLI.
2457 345 2690 406 HOMIL.
2733 350 2830 412 Vl.

3489 354 3596 411 506

2021 442 2082 497 τὸ
2103 447 2202 515 μὲν
2222 447 2330 521 γὰρ
2352 453 2910 528 φοϐηθῆναιπληγὰς,
2927 456 3028 530 τῆς
3049 457 3263 529 φύσεως
3283 477 3296 493 ⁸
3318 457 3379 518 τδ
3399 456 3456 518 δὲ
3489 484 3595 539 μη-

2019 547 2109 601 δὲν
2131 549 2217 604 διὰ
2237 553 2329 608 τὸν
2351 551 2642 625 φόϐοντῶν
2660 559 2884 632 πληγῶν
2905 562 3150 634 ἀπρεπὲς
3170 564 3476 636 ὑπομεῖναι,
3495 570 3594 642 τῆς

2020 654 2390 725 προαιρέσεως
2415 659 2804 734 διορθουμένης
2831 665 2891 718 τὸ
2921 665 3020 736 τῆς
3041 664 3257 736 φύσεως
3283 669 3594 742 ἐλάττωμα,

2020 754 2115 808 καὶ
2131 761 2437 832 κρατούσης
2457 764 2558 836 τῆς
2582 767 2864 832 ἀσθενείας
2880 769 3115 841 ἐκείνης·
3136 771 3260 826 ἐπεὶ
3275 773 3395 826 οὑδέ
3421 774 3482 827 τὸ
3501 775 3596 828 λυ-

2028 861 2250 917 πεῖσθαι
2277 862 2549 937 ἔγκλημα,
2585 869 2721 922 ἀλλά
2749 871 2810 923 τὸ
2833 870 2924 924 διὰ
2948 871 3047 942 τὴν
3072 872 3250 944 λύπην
3279 875 3454 928 εἰπεῖν
3481 875 3592 949 τιῆ

2022 965 2225 1036 πρᾶξαι
2261 969 2369 1023 τῶν
2401 971 2480 1042 τῷ
2508 973 2627 1044 Θεῷ
2661 974 2736 1046 μὴ
2763 976 3087 1033 δοκούντων.
3115 980 3180 1032 Et
3212 979 3308 1050 μὲν
3333 980 3442 1052 γὰρ
3473 979 3594 1032 ἐλε-

2017 1088 2132 1139 γον,
2168 1074 2249 1127 ὅτι
2284 1075 2383 1128 οὑκ
2408 1067 2477 1145 ἦν
2500 1076 2785 1148 ἄνθρωπος
2807 1079 3043 1147 Παῦλος,
3069 1082 3250 1147 καλῶς
3277 1100 3367 1155 μοι
3399 1071 3476 1158 τὰί
3493 1083 3596 1154 τῆς

2017 1176 2234 1247 φύσεως
2256 1179 2615 1252 ἐλαττώματα
2631 1186 2710 1248 είς
2739 1185 2902 1256 μέσον
2917 1183 3075 1258 ἦγες,
3096 1189 3172 1252 ὡς
3191 1188 3400 1260 μέλλων
3421 1187 3596 1262 ταύτῃ

2015 1279 2107 1335 τὸν
2147 1281 2304 1351 λόγον
2341 1283 2618 1355 ἐλέγχειν
2654 1287 2702 1339 εί
2752 1287 2809 1340 δὲ
2850 1287 2993 1359 λέγω
3039 1289 3135 1343 καὶ
3179 1290 3594 1362 διαϐεϐαιοῦμαι

2016 1386 2098 1439 ὅτι
2129 1386 2415 1459 ἄνθρωπος
2443 1389 2544 1459 μὲν
2573 1384 2664 1461 ἧν,
2693 1392 2786 1446 καὶ
2822 1395 2854 1462 ἡ
2865 1391 2980 1464 μῶν
3007 1394 3158 1448 οὐδὲν
3187 1393 3424 1466 ἀμείνων
3452 1394 3595 1448 κατά

2013 1491 2113 1562 τὴν
2149 1491 2330 1562 φύσιν,
2369 1491 2592 1563 βελτίων
2623 1493 2698 1548 δὲ’
2721 1495 2912 1565 γέγονε
2951 1497 3094 1550 κατά
3123 1499 3220 1567 τὴν
3253 1498 3593 1570 προαίρεσιν,

2022 1599 2145 1669 εἰκῆ
2184 1615 2272 1669 μοι
2298 1601 2474 1654 ταῦτα
2507 1601 2825 1674 προφέρεις,
2857 1601 3054 1672 μᾶλλον
3072 1601 3131 1655 δέ
3161 1602 3260 1655 οὑκ
3285 1604 3430 1674 είκῆ,
3457 1603 3596 1657 ἀλλά

2013 1704 2156 1776 ὑπὲρ
2195 1706 2444 1763 Παύλου.
2483 1708 2594 1761 Καὶ
2639 1707 2752 1780 γὰρ
2797 1707 3067 1772 δεικνύεις
3113 1708 3363 1762 ἐντεῦθεν
3407 1708 3594 1779 ἡλίκος

2011 1808 2217 1871 ἐκεῖνος
2249 1803 2339 1880 ἦν,
2365 1808 2442 1870 ὼς
2473 1809 2532 1861 ἐν
2562 1808 2788 1880 τοιαύτῃ
2826 1808 2986 1878 φύσει
3014 1809 3086 1863 τὰ
3113 1810 3264 1880 ὑπὲρ
3291 1810 3392 1882 τὴν
3429 1809 3596 1880 φύσιν

2015 1911 2253 1982 ἰσχῦσαι.
2295 1913 2409 1966 Οὑκ
2459 1914 2666 1968 ἐκεῖνον
2697 1914 2756 1967 δέ
2793 1914 2954 1983 μόνον
3001 1913 3276 1987 ἐπαίρεις,
3324 1915 3461 1970 ἀλλὰ
3499 1911 3596 1968 καὶ

2009 2015 2387 2088 ἀπορράπτεις
2430 2017 2541 2070 τῶν
2591 2019 3170 2075 ἀναπετέιωκότωντά
3203 2021 3465 2091 στόματα,
3495 2019 3596 2071 οὑκ

2007 2122 2192 2189 ἀφιεὶς
2225 2122 2423 2184 αὐτοὺς
2467 2125 2547 2187 είς
2597 2123 2746 2196 [508]
2778 2124 2877 2196 τὴν
2925 2125 3027 2195 τῆς
3065 2126 3282 2194 φύσεως
3321 2123 3594 2194 ὑπεροχὴν

2008 2229 2364 2296 καταφυγεῖν,
2406 2227 2519 2281 ἀλλ’
2555 2227 2712 2282 ὠθῶν
2744 2229 2940 2294 αὐτοὺς
2976 2230 3058 2292 εἰς
3106 2228 3206 2300 τὴν
3234 2228 3343 2282 ἀπὺ
3389 2243 3591 2299 προαι-

2011 2329 2213 2400 ρέσεως
2246 2332 2502 2404 σπουδήν.

2091 2465 2252 2520 Ἀλλά
2287 2465 2384 2519 καὶ
2418 2442 2668 2530 θάνατόν,
2703 2467 2891 2536 φησὶν,
2926 2464 3099 2519 ἔδεισέ
3129 2482 3300 2529 ποτε;
3334 2464 3446 2518 Καὶ
3476 2464 3591 2537 γάρ

2005 2570 2099 2623 καὶ
2120 2569 2279 2623 τοῦτο
2308 2571 2409 2640 τῆς
2436 2570 2672 2640 φύσεως.
2719 2571 2860 2625 Ἀλλ’
2885 2572 3033 2641 ὅμως
3056 2565 3208 2634 οὗτος
3237 2570 3400 2633 αὑτὸς
3426 2570 3589 2624 πάλιν

2005 2677 2033 2728 ὁ
2067 2674 2296 2730 θάνατον
2322 2675 2576 2739 δεδοικὼς
2607 2677 2763 2745 ἔλεγε
2782 2692 2796 2706 ⁸
2824 2677 2934 2731 Καί
2965 2676 3075 2746 τὰρ
3109 2675 3302 2745 ἡμεῖς,
3331 2678 3384 2729 οί
3418 2674 3592 2741 ὄντες

2003 2780 2074 2835 ἐν
2105 2783 2189 2850 τῷ
2199 2779 2434 2848 σκήνει,
2467 2779 2830 2850 στενάζομεν
2851 2781 3242 2850 βαρούμενοι.
3259 2779 3370 2832 Καὶ
3395 2778 3588 2833 πάλιν

2015 2885 2204 2954 Ἡμεῖς
2219 2887 2391 2940 αὐτοὶ
2417 2887 2488 2940 ἐν
2509 2886 2742 2954 ἑαυτοῖς
2762 2884 3143 2956 στενάζομεν.
3164 2881 3316 2948 Εἶδες
3345 2884 3462 2947 πῶς
3489 2885 3587 2938 ἀν-

2003 2992 2265 3064 τίρροπον
2296 2991 2396 3061 τῆς
2419 2992 2657 3062 φυσικῆς
2695 2990 2979 3054 ἀσθενείας
3024 2991 3126 3062 τὴν
3171 2989 3281 3043 ἀπὸ
3332 2989 3586 3060 προαιρῶ

2004 3105 2144 3161 σεως
2189 3098 2455 3169 εἰσήγαγε
2481 3097 2742 3167 δύναμιν;
2791 3093 2944 3148 Ἐπεὶ
2967 3095 3062 3149 καὶ
3088 3094 3371 3166 μάρτυρες
3399 3092 3590 3166 πολλοὶ

2003 3200 2264 3264 πολλάκις
2296 3201 2603 3269 ἀπάγεσθαι
2638 3199 2925 3272 μέλλοντες
2972 3199 3066 3252 ἐπὶ
3104 3199 3336 3270 θανάτῳ,
3376 3197 3580 3269 ὠχρία-

2004 3315 2128 3368 σαν,
2179 3303 2275 3356 καὶ
2322 3303 2488 3372 φόϐου
2541 3303 2636 3355 καὶ
2691 3303 2932 3371 ἀγωνίας
2978 3303 3421 3374 ἐνεπλήσθη’σαν’
3445 3299 3582 3354 ἀλλά

1990 3406 2099 3460 -καὶ
2131 3405 2221 3459 διά
2249 3405 2410 3458 τοῦτο
2436 3404 2676 3476 μάλιστα
2711 3404 3032 3474 θαυμαστοὶ,
3075 3406 3156 3457 ὅτι
3199 3406 3292 3458 καὶ
3324 3401 3582 3458 0610;66-

2001 3506 2240 3571 δοικότες
2297 3507 2547 3574 θάνατον,
2593 3509 2694 3561 οὑκ
2725 3507 2925 3577 ἔφυγον
2953 3508 3181 3562 θάνατον
3226 3508 3314 3561 διὰ
3346 3509 3438 3561 τὸν
3485 3508 3590 3578 ’1η-

2004 3611 2153 3665 σοῦν.
2185 3610 2341 3664 Οὕτω
2386 3612 2480 3665 καὶ
2533 3611 2744 3676 Παῦλος
2796 3611 3128 3682 φοϐούμενος
3184 3611 3432 3676 θάνατον,
3469 3612 3590 3666 οὑδὲ

2002 3716 2228 3786 γέενναν
2279 3718 2629 3787 παραιτεῖται
2687 3716 2775 3770 διὰ
2822 3717 2914 3770 τὸν
2974 3715 3311 3786 ποθούμενον
3354 3713 3588 3784 Ἰησοῦν,

2003 3817 2100 3871 καὶ
2133 3817 2351 3890 τρέμων
2387 3817 2670 3890 τελευτὴν,
2722 3818 2784 3871 τὸ
2833 3817 3096 3871 ἀναλῦσαι
3155 3818 3425 3889 ἐπιζητεῖ.
3476 3817 3591 3889 Οὑχ

2008 3918 2162 3988 οὗτος
2209 3924 2267 3977 δέ
2327 3925 2487 3996 μόνον
2515 3925 2756 3989 τοιοῦτος
2791 3921 2881 3996 ἦν,
2916 3925 3171 3979 ἀλλὰκαὶ
3217 3927 3246 3977 ὁ
3293 3928 3588 3996 κορυφαῖος

2007 4028 2479 4093 αὑτῶνπολλάκις
2508 4029 2700 4096 εἰπὼν,
2743 4031 2826 4083 ὅτι
2875 4029 3092 4100 ἕτοιμός
3135 4029 3252 4083 ἐστι
3285 4029 3385 4100 τὴν
3410 4028 3589 4100 ψυχὴν

2002 4134 2301 4201 ἐπιδοῦναι,
2321 4135 2525 4206 σφόδρα
2540 4134 2796 4189 ἐδεδοίκει
2817 4133 3068 4190 θάνατον.
3086 4136 3351 4188 ’Ἄκουσον
3377 4134 3508 4204 γοῦν
3536 4133 3590 4188 τί

1999 4240 2374 4313 διαλεγόμενος
2395 4239 2542 4312 αὑτῷ
2558 4242 2686 4312 περὶ
2703 4241 2889 4294 τούτου
2907 4241 3068 4311 φησὶν
3083 4243 3110 4294 ὁ
3122 4241 3354 4311 Χριστός
3373 4255 3389 4272 ο
3409 4240 3591 4293 Ὅταν

2000 4347 2069 4401 δὲ
2085 4347 2354 4419 γηράσῃς
2367 4344 2625 4408 ζώσουσί
2642 4363 2716 4402 σε
2729 4347 2827 4400 καὶ
2843 4345 3102 4412 ἄξουσιν
3119 4346 3270 4400 ὅπου
3282 4347 3360 4400 οὐ
3369 4344 3584 4411 θέλεις,

2000 4454 2061 4505 τὸ
2085 4453 2181 4524 τῆς
2204 4453 2415 4522 φύσεως
2438 4452 2725 4524 ἐλάττωμα
2743 4450 3120 4524 διηγούμενος,
3135 4451 3194 4504 οὑ
3206 4451 3373 4520 τὸτῆς
3399 4463 3588 4520 προαι-

2005 4560 2227 4632 ρέσεως.
2279 4560 2343 4612 Ἡ
2381 4558 2488 4629 γὰρ
2520 4558 2679 4627 φύσις
2708 4557 2777 4610 τὰ
2825 4557 2998 4626 αὑτῆς
3031 4557 3126 4610 καὶ
3150 4555 3390 4608 ἀκόντων
3427 4553 3585 4625 ήμῶν

2013 4665 2402 4722 ἐπιδείκνυται.
2436 4661 2538 4714 καί
2574 4660 2847 4730 κρατῆσαι
2873 4658 2980 4711 τῶν
3015 4654 3412 4728 ἐλαττωμάτων
3437 4655 3586 4710 ἐκεί-

2003 4786 2109 4822 νων
2139 4767 2239 4819 οί·κ
2271 4765 2370 4830 ἔνι,
2401 4764 2523 4818 οὐδὲ
2566 4763 2658 4817 τὸν
2712 4759 2916 4836 σφόδρα
2952 4763 3271 4834 βουλόμενον
3301 4763 3394 4816 καὶ
3421 4779 3587 4816 σπου-

2005 4873 2264 4937 δάζοντα·
2317 4869 2520 4941 ἐπειδὴ·
2550 4869 2702 4923 οὐδὲν
2757 4851 3006 4922 ἐντεῦθεν
3056 4865 3583 4938 παραϐλαπτόμεθα,

2005 4980 2143 5035 ἀλλά
2178 4979 2272 5032 καὶ
2322 4975 2712 5048 θαυμαζόμεθα
2744 4974 2963 5046 μᾶλλον.
2997 4973 3156 5026 Ποῖον
3199 4970 3308 5044 γὰρ
3333 4965 3586 5040 ἔγκλημα

2004 5085 2288 5157 φοϐεῖσθαι
2334 5083 2596 5150 θάνατον;
2633 5084 2784 5135 ποῖον
2811 5081 2867 5134 δὲ
2898 5079 2997 5133 οὑκ
3032 5065 3329 5149 ἐγκώμιον,
3385 5075 3584 5146 φοϐού-

2006 5209 2165 5264 μενον
2212 5189 2440 5245 θάνατον
2495 5187 2663 5259 μηδὲν
2726 5186 2840 5240 διά
2873 5186 2984 5238 τὸν
3015 5185 3179 5255 φόϐον
3233 5182 3589 5252 ἀνελεύθερον

2004 5299 2330 5368 ὑπομεῖναι;
2364 5295 2440 5349 υὺ
2479 5294 2590 5366 γὰρ
2639 5292 2702 5347 τὸ
2734 5292 2898 5362 φύσιν
2941 5292 3085 5364 ἐχειν
3113 5291 3400 5359 ἐλάττωμα
3427 5286 3585 5357 ἐχου-

2007 5420 2127 5468 σαν,
2171 5400 2442 5471 ἔγκλημα,
2483 5400 2619 5452 ἀλλὰ
2653 5399 2716 5452 τὸ
2737 5402 2859 5464 τοῖς
2877 5395 3233 5467 «ἐλαττώμασι
3274 5390 3581 5446 δουλεύειν·

2005 5512 2082 5575 ὡς
2110 5511 2139 5564 ὅ
2165 5527 2229 5579 γε
2257 5509 2358 5582 τὴν
2390 5507 2520 5582 παρ’
2553 5479 2720 5577 αὐτῆς
2753 5507 3018 5576 ἐπήρειαν
3056 5505 3122 5574 τῇ
3167 5501 3270 5571 τῆς
3320 5497 3582 5573 προαιρέ-

1992 5635 2144 5686 ,σεως
2192 5613 2841 5686 ἀνδρείᾳδιορθούμενος,
2875 5607 3050 5682 μέγας
3098 5607 3194 5662 καὶ
3248 5605 3582 5681 θαυμαστός.

2004 5728 2117 5784 Καὶ
2163 5727 2346 5800 ταύτῃ
2379 5725 2648 5780 δείκνυσιν
2682 5724 2802 5777 ὅσον
2834 5719 2950 5774 ἐστὶ
2997 5717 3366 5793 προαιρέσεως
3406 5715 3583 5789 ίσχῦς,
