  <div class='ocr_page' id='page_1' title='image "/cluster/home/n/w/nwhite01/storage/ocr_20150623/50:no.2:pt.2/coo.31924054869494/101.png"; bbox 0 0 4032 6442; ppageno 0'>
   <div class='ocr_carea' id='block_1_1' title="bbox 438 289 545 346">
    <p class='ocr_par' dir='ltr' id='par_1_1' title="bbox 438 289 545 346">
     <span class='ocr_line' id='line_1_1' title="bbox 438 289 545 346; baseline -0.028 0"><span class='ocrx_word' id='word_1_1' title='bbox 438 289 545 346; x_wconf 75' lang='lat'>505</span> 
     </span>
    </p>
   </div>
   <div class='ocr_carea' id='block_1_2' title="bbox 439 387 2017 473">
    <p class='ocr_par' dir='ltr' id='par_1_2' title="bbox 439 387 2017 473">
     <span class='ocr_line' id='line_1_2' title="bbox 439 387 2017 473; baseline -0.003 -14"><span class='ocrx_word' id='word_1_2' title='bbox 439 387 537 460; x_wconf 79' lang='grc' dir='ltr'>καὶ</span> <span class='ocrx_word' id='word_1_3' title='bbox 565 401 903 473; x_wconf 74' lang='grc' dir='ltr'>ἐπιστομίζει</span> <span class='ocrx_word' id='word_1_4' title='bbox 935 402 1060 465; x_wconf 83' lang='grc' dir='ltr'>τοὺς</span> <span class='ocrx_word' id='word_1_5' title='bbox 1086 400 1364 470; x_wconf 90' lang='grc' dir='ltr'>λέγοντας,</span> <span class='ocrx_word' id='word_1_6' title='bbox 1400 401 1499 454; x_wconf 86' lang='grc' dir='ltr'>Διά</span> <span class='ocrx_word' id='word_1_7' title='bbox 1536 400 1590 454; x_wconf 87' lang='grc' dir='ltr'>τί</span> <span class='ocrx_word' id='word_1_8' title='bbox 1622 400 1698 471; x_wconf 85' lang='grc' dir='ltr'>μὴ</span> <span class='ocrx_word' id='word_1_9' title='bbox 1723 400 1883 470; x_wconf 86' lang='grc' dir='ltr'>φύσει</span> <span class='ocrx_word' id='word_1_10' title='bbox 1921 418 2017 470; x_wconf 85' lang='grc' dir='ltr'>γε-</span> 
     </span>
    </p>
   </div>
   <div class='ocr_carea' id='block_1_3' title="bbox 437 501 2020 575">
    <p class='ocr_par' dir='ltr' id='par_1_3' title="bbox 437 501 2020 575">
     <span class='ocr_line' id='line_1_3' title="bbox 437 501 2020 575; baseline -0.003 -17"><span class='ocrx_word' id='word_1_11' title='bbox 437 505 677 575; x_wconf 88' lang='grc' dir='ltr'>γόναμεν</span> <span class='ocrx_word' id='word_1_12' title='bbox 725 503 912 569; x_wconf 83' lang='grc' dir='ltr'>καλοί;</span> <span class='ocrx_word' id='word_1_13' title='bbox 973 501 1022 555; x_wconf 88' lang='grc' dir='ltr'>τί</span> <span class='ocrx_word' id='word_1_14' title='bbox 1073 501 1182 574; x_wconf 86' lang='grc' dir='ltr'>γάρ</span> <span class='ocrx_word' id='word_1_15' title='bbox 1223 502 1470 573; x_wconf 78' lang='grc' dir='ltr'>διαφέρει</span> <span class='ocrx_word' id='word_1_16' title='bbox 1532 501 1689 554; x_wconf 82' lang='grc' dir='ltr'>τοῦτο</span> <span class='ocrx_word' id='word_1_17' title='bbox 1746 501 1929 571; x_wconf 83' lang='grc' dir='ltr'>φύσει,</span> <span class='ocrx_word' id='word_1_18' title='bbox 1987 501 2020 572; x_wconf 77' lang='grc' dir='ltr'>ἢ</span> 
     </span>
    </p>
   </div>
   <div class='ocr_carea' id='block_1_4' title="bbox 440 598 2019 676">
    <p class='ocr_par' dir='ltr' id='par_1_4' title="bbox 440 598 2019 676">
     <span class='ocr_line' id='line_1_4' title="bbox 440 598 2019 676; baseline -0.001 -19"><span class='ocrx_word' id='word_1_19' title='bbox 440 603 753 676; x_wconf 78' lang='grc' dir='ltr'>προαιρέσει</span> <span class='ocrx_word' id='word_1_20' title='bbox 793 598 967 668; x_wconf 78' lang='grc' dir='ltr'>εῖναι;</span> <span class='ocrx_word' id='word_1_21' title='bbox 1015 603 1164 672; x_wconf 82' lang='grc' dir='ltr'>πόσῳ</span> <span class='ocrx_word' id='word_1_22' title='bbox 1216 602 1273 654; x_wconf 88' lang='grc' dir='ltr'>δέ</span> <span class='ocrx_word' id='word_1_23' title='bbox 1315 602 1472 655; x_wconf 72' lang='grc' dir='ltr'>τοῦτο</span> <span class='ocrx_word' id='word_1_24' title='bbox 1520 602 1731 671; x_wconf 87' lang='grc' dir='ltr'>βέλτιον</span> <span class='ocrx_word' id='word_1_25' title='bbox 1772 603 2019 669; x_wconf 73' lang='grc' dir='ltr'>ἐκείνους</span> 
     </span>
    </p>
   </div>
   <div class='ocr_carea' id='block_1_5' title="bbox 441 702 2023 774">
    <p class='ocr_par' dir='ltr' id='par_1_5' title="bbox 441 702 2023 774">
     <span class='ocr_line' id='line_1_5' title="bbox 441 702 2023 774; baseline -0.002 -16"><span class='ocrx_word' id='word_1_26' title='bbox 441 704 594 774; x_wconf 87' lang='grc' dir='ltr'>Ὀσῳ</span> <span class='ocrx_word' id='word_1_27' title='bbox 622 703 716 757; x_wconf 73' lang='grc' dir='ltr'>καὶ</span> <span class='ocrx_word' id='word_1_28' title='bbox 749 704 1045 772; x_wconf 80' lang='grc' dir='ltr'>στεφάνους</span> <span class='ocrx_word' id='word_1_29' title='bbox 1074 704 1206 773; x_wconf 80' lang='grc' dir='ltr'>ἔχει,</span> <span class='ocrx_word' id='word_1_30' title='bbox 1239 703 1331 757; x_wconf 75' lang='grc' dir='ltr'>καὶ</span> <span class='ocrx_word' id='word_1_31' title='bbox 1378 702 1639 773; x_wconf 87' lang='grc' dir='ltr'>λαμπρὰν</span> <span class='ocrx_word' id='word_1_32' title='bbox 1669 703 1768 774; x_wconf 80' lang='grc' dir='ltr'>τὴν</span> <span class='ocrx_word' id='word_1_33' title='bbox 1812 704 2023 774; x_wconf 85' lang='grc' dir='ltr'>ἀνακή-</span> 
     </span>
    </p>
   </div>
   <div class='ocr_carea' id='block_1_6' title="bbox 442 804 2021 876">
    <p class='ocr_par' dir='ltr' id='par_1_6' title="bbox 442 804 2021 876">
     <span class='ocr_line' id='line_1_6' title="bbox 442 804 2021 876; baseline -0.002 -18"><span class='ocrx_word' id='word_1_34' title='bbox 442 804 616 876; x_wconf 78' lang='grc' dir='ltr'>ρυξιν.</span> <span class='ocrx_word' id='word_1_35' title='bbox 658 805 818 859; x_wconf 84' lang='grc' dir='ltr'>Ἀλλά</span> <span class='ocrx_word' id='word_1_36' title='bbox 850 805 1064 876; x_wconf 83' lang='grc' dir='ltr'>βέϐαιον</span> <span class='ocrx_word' id='word_1_37' title='bbox 1095 804 1157 858; x_wconf 81' lang='grc' dir='ltr'>τὸ</span> <span class='ocrx_word' id='word_1_38' title='bbox 1189 806 1287 876; x_wconf 80' lang='grc' dir='ltr'>τῆς</span> <span class='ocrx_word' id='word_1_39' title='bbox 1308 805 1558 875; x_wconf 87' lang='grc' dir='ltr'>φύσεως;</span> <span class='ocrx_word' id='word_1_40' title='bbox 1603 805 1808 858; x_wconf 80' lang='grc' dir='ltr'>’Λλλέί</span> <span class='ocrx_word' id='word_1_41' title='bbox 1841 804 2021 875; x_wconf 77' lang='grc' dir='ltr'>βούλει</span> 
     </span>
    </p>
   </div>
   <div class='ocr_carea' id='block_1_7' title="bbox 439 903 2024 979">
    <p class='ocr_par' dir='ltr' id='par_1_7' title="bbox 439 903 2024 979">
     <span class='ocr_line' id='line_1_7' title="bbox 439 903 2024 979; baseline -0.003 -19"><span class='ocrx_word' id='word_1_42' title='bbox 439 907 759 979; x_wconf 81' lang='grc' dir='ltr'>προαίρεσιν</span> <span class='ocrx_word' id='word_1_43' title='bbox 795 907 1046 974; x_wconf 90' lang='grc' dir='ltr'>γενναίαν</span> <span class='ocrx_word' id='word_1_44' title='bbox 1085 905 1247 976; x_wconf 85' lang='grc' dir='ltr'>ἐχειν,</span> <span class='ocrx_word' id='word_1_45' title='bbox 1282 903 1439 961; x_wconf 74' lang='grc' dir='ltr'>τοῦτο</span> <span class='ocrx_word' id='word_1_46' title='bbox 1487 904 1842 978; x_wconf 74' lang='grc' dir='ltr'>στερρότερον</span> <span class='ocrx_word' id='word_1_47' title='bbox 1887 904 2024 960; x_wconf 86' lang='grc' dir='ltr'>ἐκεί-</span> 
     </span>
    </p>
   </div>
   <div class='ocr_carea' id='block_1_8' title="bbox 438 1005 2023 1077">
    <p class='ocr_par' dir='ltr' id='par_1_8' title="bbox 438 1005 2023 1077">
     <span class='ocr_line' id='line_1_8' title="bbox 438 1005 2023 1077; baseline -0.001 -17"><span class='ocrx_word' id='word_1_48' title='bbox 438 1022 533 1060; x_wconf 83' lang='grc' dir='ltr'>νου</span> <span class='ocrx_word' id='word_1_49' title='bbox 582 1005 811 1074; x_wconf 86' lang='grc' dir='ltr'>γίνεται.</span> <span class='ocrx_word' id='word_1_50' title='bbox 853 1008 920 1059; x_wconf 85' lang='grc' dir='ltr'>Ἦ</span> <span class='ocrx_word' id='word_1_51' title='bbox 964 1006 1060 1077; x_wconf 84' lang='grc' dir='ltr'>ούχ</span> <span class='ocrx_word' id='word_1_52' title='bbox 1104 1007 1238 1077; x_wconf 77' lang='grc' dir='ltr'>ὁρᾷς</span> <span class='ocrx_word' id='word_1_53' title='bbox 1274 1005 1382 1059; x_wconf 88' lang='grc' dir='ltr'>τῶν</span> <span class='ocrx_word' id='word_1_54' title='bbox 1421 1006 1712 1077; x_wconf 82' lang='grc' dir='ltr'>μαρτύρων</span> <span class='ocrx_word' id='word_1_55' title='bbox 1746 1005 2023 1076; x_wconf 83' lang='grc' dir='ltr'>ξίφεσιτά</span> 
     </span>
    </p>
   </div>
   <div class='ocr_carea' id='block_1_9' title="bbox 440 1103 2020 1179">
    <p class='ocr_par' dir='ltr' id='par_1_9' title="bbox 440 1103 2020 1179">
     <span class='ocr_line' id='line_1_9' title="bbox 440 1103 2020 1179; baseline 0.003 -21"><span class='ocrx_word' id='word_1_56' title='bbox 440 1103 672 1176; x_wconf 81' lang='grc' dir='ltr'>σώματα</span> <span class='ocrx_word' id='word_1_57' title='bbox 701 1107 1027 1176; x_wconf 87' lang='grc' dir='ltr'>τεμνόμενα,</span> <span class='ocrx_word' id='word_1_58' title='bbox 1054 1105 1148 1160; x_wconf 75' lang='grc' dir='ltr'>καὶ</span> <span class='ocrx_word' id='word_1_59' title='bbox 1178 1104 1277 1176; x_wconf 81' lang='grc' dir='ltr'>τὴν</span> <span class='ocrx_word' id='word_1_60' title='bbox 1316 1105 1412 1176; x_wconf 76' lang='grc' dir='ltr'>μὲν</span> <span class='ocrx_word' id='word_1_61' title='bbox 1461 1105 1622 1174; x_wconf 89' lang='grc' dir='ltr'>φύσιν</span> <span class='ocrx_word' id='word_1_62' title='bbox 1655 1107 1910 1162; x_wconf 77' lang='grc' dir='ltr'>εἴκουσαν</span> <span class='ocrx_word' id='word_1_63' title='bbox 1941 1105 2020 1179; x_wconf 83' lang='grc' dir='ltr'>τῷ</span> 
     </span>
    </p>
   </div>
   <div class='ocr_carea' id='block_1_10' title="bbox 440 1203 2017 1277">
    <p class='ocr_par' dir='ltr' id='par_1_10' title="bbox 440 1203 2017 1277">
     <span class='ocr_line' id='line_1_10' title="bbox 440 1203 2017 1277; baseline 0.001 -19"><span class='ocrx_word' id='word_1_64' title='bbox 440 1204 662 1276; x_wconf 85' lang='grc' dir='ltr'>σιδήρῳ,</span> <span class='ocrx_word' id='word_1_65' title='bbox 701 1204 798 1274; x_wconf 79' lang='grc' dir='ltr'>τὴν</span> <span class='ocrx_word' id='word_1_66' title='bbox 827 1203 882 1256; x_wconf 86' lang='grc' dir='ltr'>δέ</span> <span class='ocrx_word' id='word_1_67' title='bbox 910 1203 1227 1276; x_wconf 84' lang='grc' dir='ltr'>προαίρεσιν</span> <span class='ocrx_word' id='word_1_68' title='bbox 1269 1205 1330 1258; x_wconf 85' lang='grc' dir='ltr'>ού</span> <span class='ocrx_word' id='word_1_69' title='bbox 1375 1205 1813 1277; x_wconf 80' lang='grc' dir='ltr'>παραχωροῦσαν</span> <span class='ocrx_word' id='word_1_70' title='bbox 1837 1206 2017 1277; x_wconf 83' lang='grc' dir='ltr'>αὐτῷ,</span> 
     </span>
    </p>
   </div>
   <div class='ocr_carea' id='block_1_11' title="bbox 435 1300 2015 1378">
    <p class='ocr_par' dir='ltr' id='par_1_11' title="bbox 435 1300 2015 1378">
     <span class='ocr_line' id='line_1_11' title="bbox 435 1300 2015 1378; baseline 0.001 -20"><span class='ocrx_word' id='word_1_71' title='bbox 435 1305 556 1360; x_wconf 78' lang='grc' dir='ltr'>οὐδὲ</span> <span class='ocrx_word' id='word_1_72' title='bbox 603 1305 999 1375; x_wconf 77' lang='grc' dir='ltr'>ἐλεγχομένηνς</span> <span class='ocrx_word' id='word_1_73' title='bbox 1036 1305 1138 1358; x_wconf 80' lang='grc' dir='ltr'>οὐκ</span> <span class='ocrx_word' id='word_1_74' title='bbox 1164 1300 1303 1368; x_wconf 73' lang='grc' dir='ltr'>εἶδες</span> <span class='ocrx_word' id='word_1_75' title='bbox 1323 1305 1416 1358; x_wconf 75' lang='grc' dir='ltr'>ἐπὶ</span> <span class='ocrx_word' id='word_1_76' title='bbox 1438 1305 1532 1358; x_wconf 80' lang='grc' dir='ltr'>τοῦ</span> <span class='ocrx_word' id='word_1_77' title='bbox 1583 1305 1854 1378; x_wconf 70' lang='grc' dir='ltr'>Ἀϐραὰμ,</span> <span class='ocrx_word' id='word_1_78' title='bbox 1893 1306 2015 1360; x_wconf 77' lang='grc' dir='ltr'>εἰπέ</span> 
     </span>
    </p>
   </div>
   <div class='ocr_carea' id='block_1_12' title="bbox 438 1405 2018 1479">
    <p class='ocr_par' dir='ltr' id='par_1_12' title="bbox 438 1405 2018 1479">
     <span class='ocr_line' id='line_1_12' title="bbox 438 1405 2018 1479; baseline 0.003 -21"><span class='ocrx_word' id='word_1_79' title='bbox 438 1422 552 1475; x_wconf 87' lang='grc' dir='ltr'>μοι,</span> <span class='ocrx_word' id='word_1_80' title='bbox 583 1405 900 1478; x_wconf 83' lang='grc' dir='ltr'>προαίρεσιν</span> <span class='ocrx_word' id='word_1_81' title='bbox 928 1407 1140 1476; x_wconf 85' lang='grc' dir='ltr'>φύσεως</span> <span class='ocrx_word' id='word_1_82' title='bbox 1172 1407 1545 1479; x_wconf 82' lang='grc' dir='ltr'>κρατήσασαν,</span> <span class='ocrx_word' id='word_1_83' title='bbox 1578 1408 1740 1479; x_wconf 80' lang='grc' dir='ltr'>ἡνίκα</span> <span class='ocrx_word' id='word_1_84' title='bbox 1777 1409 1869 1463; x_wconf 82' lang='grc' dir='ltr'>τὸν</span> <span class='ocrx_word' id='word_1_85' title='bbox 1897 1412 2018 1462; x_wconf 79' lang='grc' dir='ltr'>παί-</span> 
     </span>
    </p>
   </div>
   <div class='ocr_carea' id='block_1_13' title="bbox 433 1506 2015 1580">
    <p class='ocr_par' dir='ltr' id='par_1_13' title="bbox 433 1506 2015 1580">
     <span class='ocr_line' id='line_1_13' title="bbox 433 1506 2015 1580; baseline 0.004 -23"><span class='ocrx_word' id='word_1_86' title='bbox 433 1506 501 1558; x_wconf 82' lang='grc' dir='ltr'>δα</span> <span class='ocrx_word' id='word_1_87' title='bbox 550 1509 847 1575; x_wconf 76' lang='grc' dir='ltr'>σφαγιάσαι</span> <span class='ocrx_word' id='word_1_88' title='bbox 887 1508 1208 1578; x_wconf 83' lang='grc' dir='ltr'>ἐκελεύσθη,</span> <span class='ocrx_word' id='word_1_89' title='bbox 1238 1509 1333 1561; x_wconf 73' lang='grc' dir='ltr'>καὶ</span> <span class='ocrx_word' id='word_1_90' title='bbox 1364 1509 1568 1578; x_wconf 89' lang='grc' dir='ltr'>ταύτην</span> <span class='ocrx_word' id='word_1_91' title='bbox 1607 1510 1822 1580; x_wconf 79' lang='grc' dir='ltr'>ἐκείνης</span> <span class='ocrx_word' id='word_1_92' title='bbox 1850 1510 2015 1564; x_wconf 88' lang='grc' dir='ltr'>δυνα-</span> 
     </span>
    </p>
   </div>
   <div class='ocr_carea' id='block_1_14' title="bbox 434 1606 2018 1683">
    <p class='ocr_par' dir='ltr' id='par_1_14' title="bbox 434 1606 2018 1683">
     <span class='ocr_line' id='line_1_14' title="bbox 434 1606 2018 1683; baseline 0.004 -23"><span class='ocrx_word' id='word_1_93' title='bbox 434 1609 678 1680; x_wconf 85' lang='grc' dir='ltr'>τωτέραν</span> <span class='ocrx_word' id='word_1_94' title='bbox 725 1613 1019 1678; x_wconf 83' lang='grc' dir='ltr'>φανείσαν;</span> <span class='ocrx_word' id='word_1_95' title='bbox 1048 1610 1146 1663; x_wconf 84' lang='grc' dir='ltr'>οὐκ</span> <span class='ocrx_word' id='word_1_96' title='bbox 1178 1606 1316 1673; x_wconf 81' lang='grc' dir='ltr'>εἶδες</span> <span class='ocrx_word' id='word_1_97' title='bbox 1344 1611 1437 1663; x_wconf 74' lang='grc' dir='ltr'>ἐπὶ</span> <span class='ocrx_word' id='word_1_98' title='bbox 1469 1611 1578 1665; x_wconf 90' lang='grc' dir='ltr'>τῶν</span> <span class='ocrx_word' id='word_1_99' title='bbox 1614 1612 1778 1683; x_wconf 85' lang='grc' dir='ltr'>τριῶν</span> <span class='ocrx_word' id='word_1_100' title='bbox 1805 1613 2018 1667; x_wconf 86' lang='grc' dir='ltr'>παίδων</span> 
     </span>
    </p>
   </div>
   <div class='ocr_carea' id='block_1_15' title="bbox 435 1705 2020 1780">
    <p class='ocr_par' dir='ltr' id='par_1_15' title="bbox 435 1705 2020 1780">
     <span class='ocr_line' id='line_1_15' title="bbox 435 1705 2020 1780; baseline 0.004 -22"><span class='ocrx_word' id='word_1_101' title='bbox 435 1707 496 1760; x_wconf 81' lang='grc' dir='ltr'>τδ</span> <span class='ocrx_word' id='word_1_102' title='bbox 528 1706 660 1759; x_wconf 84' lang='grc' dir='ltr'>αύτὺ</span> <span class='ocrx_word' id='word_1_103' title='bbox 690 1705 850 1758; x_wconf 82' lang='grc' dir='ltr'>τοῦτο</span> <span class='ocrx_word' id='word_1_104' title='bbox 901 1708 1146 1778; x_wconf 86' lang='grc' dir='ltr'>συμϐἀν;</span> <span class='ocrx_word' id='word_1_105' title='bbox 1173 1709 1272 1762; x_wconf 83' lang='grc' dir='ltr'>οὐκ</span> <span class='ocrx_word' id='word_1_106' title='bbox 1301 1709 1520 1773; x_wconf 82' lang='grc' dir='ltr'>ἀκούεις</span> <span class='ocrx_word' id='word_1_107' title='bbox 1549 1711 1642 1764; x_wconf 78' lang='grc' dir='ltr'>καὶ</span> <span class='ocrx_word' id='word_1_108' title='bbox 1667 1711 1766 1780; x_wconf 81' lang='grc' dir='ltr'>τῆς</span> <span class='ocrx_word' id='word_1_109' title='bbox 1815 1710 2020 1778; x_wconf 71' lang='grc' dir='ltr'>ἔξωθεν</span> 
     </span>
    </p>
   </div>
   <div class='ocr_carea' id='block_1_16' title="bbox 437 1802 2021 1879">
    <p class='ocr_par' dir='ltr' id='par_1_16' title="bbox 437 1802 2021 1879">
     <span class='ocr_line' id='line_1_16' title="bbox 437 1802 2021 1879; baseline 0.004 -23"><span class='ocrx_word' id='word_1_110' title='bbox 437 1803 740 1874; x_wconf 75' lang='grc' dir='ltr'>παροιμίας</span> <span class='ocrx_word' id='word_1_111' title='bbox 762 1802 1048 1873; x_wconf 81' lang='grc' dir='ltr'>λεγούσης,</span> <span class='ocrx_word' id='word_1_112' title='bbox 1075 1805 1158 1857; x_wconf 79' lang='grc' dir='ltr'>ὅτι</span> <span class='ocrx_word' id='word_1_113' title='bbox 1194 1805 1419 1876; x_wconf 79' lang='grc' dir='ltr'>δευτέρα</span> <span class='ocrx_word' id='word_1_114' title='bbox 1451 1805 1612 1874; x_wconf 86' lang='grc' dir='ltr'>φύσις</span> <span class='ocrx_word' id='word_1_115' title='bbox 1638 1809 1670 1878; x_wconf 75' lang='grc' dir='ltr'><strong>ἡ</strong></span> <span class='ocrx_word' id='word_1_116' title='bbox 1696 1808 2021 1879; x_wconf 90' lang='grc' dir='ltr'>προαίρεσις</span> 
     </span>
    </p>
   </div>
   <div class='ocr_carea' id='block_1_17' title="bbox 435 1898 2019 1974">
    <p class='ocr_par' dir='ltr' id='par_1_17' title="bbox 435 1898 2019 1974">
     <span class='ocr_line' id='line_1_17' title="bbox 435 1898 2019 1974; baseline 0.004 -23"><span class='ocrx_word' id='word_1_117' title='bbox 435 1898 647 1966; x_wconf 82' lang='grc' dir='ltr'>γίνεται</span> <span class='ocrx_word' id='word_1_118' title='bbox 681 1900 746 1951; x_wconf 85' lang='grc' dir='ltr'>ἐκ</span> <span class='ocrx_word' id='word_1_119' title='bbox 775 1899 1090 1970; x_wconf 82' lang='grc' dir='ltr'>συνηθείας;</span> <span class='ocrx_word' id='word_1_120' title='bbox 1130 1899 1272 1968; x_wconf 83' lang='grc' dir='ltr'>Ἐγὼ</span> <span class='ocrx_word' id='word_1_121' title='bbox 1291 1901 1346 1954; x_wconf 83' lang='grc' dir='ltr'>δὲ</span> <span class='ocrx_word' id='word_1_122' title='bbox 1363 1901 1528 1972; x_wconf 83' lang='grc' dir='ltr'>φαίην</span> <span class='ocrx_word' id='word_1_123' title='bbox 1558 1902 1644 1968; x_wconf 80' lang='grc' dir='ltr'>ἂν,</span> <span class='ocrx_word' id='word_1_124' title='bbox 1665 1903 1746 1956; x_wconf 84' lang='grc' dir='ltr'>ὅτι</span> <span class='ocrx_word' id='word_1_125' title='bbox 1776 1903 1868 1956; x_wconf 76' lang='grc' dir='ltr'>καὶ</span> <span class='ocrx_word' id='word_1_126' title='bbox 1886 1921 2019 1974; x_wconf 84' lang='grc' dir='ltr'>προ-</span> 
     </span>
    </p>
   </div>
   <div class='ocr_carea' id='block_1_18' title="bbox 436 1994 2018 2071">
    <p class='ocr_par' dir='ltr' id='par_1_18' title="bbox 436 1994 2018 2071">
     <span class='ocr_line' id='line_1_18' title="bbox 436 1994 2018 2071; baseline 0.005 -25"><span class='ocrx_word' id='word_1_127' title='bbox 436 1994 593 2065; x_wconf 79' lang='grc' dir='ltr'>τέρα,</span> <span class='ocrx_word' id='word_1_128' title='bbox 628 1994 810 2058; x_wconf 83' lang='grc' dir='ltr'>καθὼς</span> <span class='ocrx_word' id='word_1_129' title='bbox 842 1996 911 2050; x_wconf 78' lang='grc' dir='ltr'>τά</span> <span class='ocrx_word' id='word_1_130' title='bbox 957 1997 1330 2068; x_wconf 84' lang='grc' dir='ltr'>προειρημένα</span> <span class='ocrx_word' id='word_1_131' title='bbox 1383 1997 1682 2063; x_wconf 77' lang='grc' dir='ltr'>ἀπέδειξεν.</span> <span class='ocrx_word' id='word_1_132' title='bbox 1728 2000 1891 2071; x_wconf 78' lang='grc' dir='ltr'>Ὁρᾷς</span> <span class='ocrx_word' id='word_1_133' title='bbox 1934 2002 2018 2054; x_wconf 82' lang='grc' dir='ltr'>ὅτι</span> 
     </span>
    </p>
   </div>
   <div class='ocr_carea' id='block_1_19' title="bbox 437 2080 2013 2169">
    <p class='ocr_par' dir='ltr' id='par_1_19' title="bbox 437 2080 2013 2169">
     <span class='ocr_line' id='line_1_19' title="bbox 437 2080 2013 2169; baseline 0.005 -26"><span class='ocrx_word' id='word_1_134' title='bbox 437 2080 660 2144; x_wconf 81' lang='grc' dir='ltr'>δυνατὸν</span> <span class='ocrx_word' id='word_1_135' title='bbox 694 2092 788 2146; x_wconf 70' lang='grc' dir='ltr'>καὶ</span> <span class='ocrx_word' id='word_1_136' title='bbox 820 2092 916 2164; x_wconf 78' lang='grc' dir='ltr'>τὴν</span> <span class='ocrx_word' id='word_1_137' title='bbox 967 2094 1073 2146; x_wconf 87' lang='grc' dir='ltr'>ἀπὸ</span> <span class='ocrx_word' id='word_1_138' title='bbox 1103 2094 1198 2164; x_wconf 82' lang='grc' dir='ltr'>τῆς</span> <span class='ocrx_word' id='word_1_139' title='bbox 1239 2093 1452 2162; x_wconf 87' lang='grc' dir='ltr'>φύσεως</span> <span class='ocrx_word' id='word_1_140' title='bbox 1481 2094 1624 2164; x_wconf 80' lang='grc' dir='ltr'>ἔχειν</span> <span class='ocrx_word' id='word_1_141' title='bbox 1655 2098 2013 2169; x_wconf 77' lang='grc' dir='ltr'>στερρότητα,</span> 
     </span>
    </p>
   </div>
   <div class='ocr_carea' id='block_1_20' title="bbox 437 2185 2018 2263">
    <p class='ocr_par' dir='ltr' id='par_1_20' title="bbox 437 2185 2018 2263">
     <span class='ocr_line' id='line_1_20' title="bbox 437 2185 2018 2263; baseline 0.004 -25"><span class='ocrx_word' id='word_1_142' title='bbox 437 2186 535 2239; x_wconf 68' lang='grc' dir='ltr'>ἐὰν</span> <span class='ocrx_word' id='word_1_143' title='bbox 575 2189 889 2260; x_wconf 81' lang='grc' dir='ltr'>προαίρεσις</span> <span class='ocrx_word' id='word_1_144' title='bbox 1025 2189 1248 2258; x_wconf 89' lang='grc' dir='ltr'>γενναία</span> <span class='ocrx_word' id='word_1_145' title='bbox 1295 2191 1389 2243; x_wconf 78' lang='grc' dir='ltr'>καὶ</span> <span class='ocrx_word' id='word_1_146' title='bbox 1435 2190 1868 2263; x_wconf 80' lang='grc' dir='ltr'>διεγηγερμένη,</span> <span class='ocrx_word' id='word_1_147' title='bbox 1921 2193 2018 2247; x_wconf 76' lang='grc' dir='ltr'>καὶ</span> 
     </span>
    </p>
   </div>
   <div class='ocr_carea' id='block_1_21' title="bbox 437 2284 2018 2362">
    <p class='ocr_par' dir='ltr' id='par_1_21' title="bbox 437 2284 2018 2362">
     <span class='ocr_line' id='line_1_21' title="bbox 437 2284 2018 2362; baseline 0.006 -27"><span class='ocrx_word' id='word_1_148' title='bbox 437 2284 658 2337; x_wconf 86' lang='grc' dir='ltr'>πλείονα</span> <span class='ocrx_word' id='word_1_149' title='bbox 687 2285 1027 2356; x_wconf 83' lang='grc' dir='ltr'>καρποῦσθαι</span> <span class='ocrx_word' id='word_1_150' title='bbox 1055 2287 1145 2362; x_wconf 76' lang='grc' dir='ltr'>τδν</span> <span class='ocrx_word' id='word_1_151' title='bbox 1171 2287 1391 2342; x_wconf 77' lang='grc' dir='ltr'>ἔπαινον</span> <span class='ocrx_word' id='word_1_152' title='bbox 1421 2289 1514 2341; x_wconf 89' lang='grc' dir='ltr'>τόν</span> <span class='ocrx_word' id='word_1_153' title='bbox 1559 2306 1620 2358; x_wconf 89' lang='grc' dir='ltr'>γε</span> <span class='ocrx_word' id='word_1_154' title='bbox 1645 2289 1897 2360; x_wconf 82' lang='grc' dir='ltr'>ἐλόμενον</span> <span class='ocrx_word' id='word_1_155' title='bbox 1924 2292 2018 2345; x_wconf 76' lang='grc' dir='ltr'>καὶ</span> 
     </span>
    </p>
   </div>
   <div class='ocr_carea' id='block_1_22' title="bbox 441 2367 2012 2454">
    <p class='ocr_par' dir='ltr' id='par_1_22' title="bbox 441 2367 2012 2454">
     <span class='ocr_line' id='line_1_22' title="bbox 441 2367 2012 2454; baseline 0.004 -20"><span class='ocrx_word' id='word_1_156' title='bbox 441 2379 591 2452; x_wconf 78' lang='lat'>[509]</span> <span class='ocrx_word' id='word_1_157' title='bbox 651 2382 1000 2453; x_wconf 83' lang='grc' dir='ltr'>βουληθέντα,</span> <span class='ocrx_word' id='word_1_158' title='bbox 1048 2383 1080 2454; x_wconf 81' lang='grc' dir='ltr'>ἢ</span> <span class='ocrx_word' id='word_1_159' title='bbox 1127 2367 1574 2451; x_wconf 15' lang='grc' dir='ltr'>ἀναγκασθέντα,</span> <span class='ocrx_word' id='word_1_160' title='bbox 1612 2386 1778 2439; x_wconf 84' lang='grc' dir='ltr'>καλὸν</span> <span class='ocrx_word' id='word_1_161' title='bbox 1835 2380 2012 2454; x_wconf 75' lang='grc' dir='ltr'>είναις</span> 
     </span>
    </p>
   </div>
   <div class='ocr_carea' id='block_1_23' title="bbox 436 2476 2013 2556">
    <p class='ocr_par' dir='ltr' id='par_1_23' title="bbox 436 2476 2013 2556">
     <span class='ocr_line' id='line_1_23' title="bbox 436 2476 2013 2556; baseline 0.006 -28"><span class='ocrx_word' id='word_1_162' title='bbox 436 2476 608 2531; x_wconf 84' lang='grc' dir='ltr'>Τοῦτό</span> <span class='ocrx_word' id='word_1_163' title='bbox 641 2479 754 2532; x_wconf 85' lang='grc' dir='ltr'>ἐστι</span> <span class='ocrx_word' id='word_1_164' title='bbox 785 2479 1020 2550; x_wconf 88' lang='grc' dir='ltr'>μάλιστα</span> <span class='ocrx_word' id='word_1_165' title='bbox 1043 2480 1226 2543; x_wconf 80' lang='grc' dir='ltr'>καλὸν,</span> <span class='ocrx_word' id='word_1_166' title='bbox 1253 2480 1327 2545; x_wconf 86' lang='grc' dir='ltr'>ὡς</span> <span class='ocrx_word' id='word_1_167' title='bbox 1348 2483 1475 2535; x_wconf 86' lang='grc' dir='ltr'>ὅταν</span> <span class='ocrx_word' id='word_1_168' title='bbox 1501 2481 1636 2556; x_wconf 86' lang='grc' dir='ltr'>λέγῃ</span> <span class='ocrx_word' id='word_1_169' title='bbox 1661 2501 1674 2514; x_wconf 84' lang='grc'><strong>·</strong></span> <span class='ocrx_word' id='word_1_170' title='bbox 1722 2482 2013 2538; x_wconf 79' lang='grc' dir='ltr'>’Υπωπιά-</span> 
     </span>
    </p>
   </div>
   <div class='ocr_carea' id='block_1_24' title="bbox 435 2572 2015 2651">
    <p class='ocr_par' dir='ltr' id='par_1_24' title="bbox 435 2572 2015 2651">
     <span class='ocr_line' id='line_1_24' title="bbox 435 2572 2015 2651; baseline 0.006 -24"><span class='ocrx_word' id='word_1_171' title='bbox 435 2572 509 2635; x_wconf 81' lang='grc' dir='ltr'>ζω</span> <span class='ocrx_word' id='word_1_172' title='bbox 550 2593 669 2644; x_wconf 89' lang='grc' dir='ltr'>μου</span> <span class='ocrx_word' id='word_1_173' title='bbox 719 2575 786 2629; x_wconf 86' lang='grc' dir='ltr'>τὸ</span> <span class='ocrx_word' id='word_1_174' title='bbox 831 2575 1004 2644; x_wconf 85' lang='grc' dir='ltr'>σῶμα</span> <span class='ocrx_word' id='word_1_175' title='bbox 1043 2577 1141 2630; x_wconf 77' lang='grc' dir='ltr'>καί</span> <span class='ocrx_word' id='word_1_176' title='bbox 1183 2577 1563 2648; x_wconf 70' lang='grc' dir='ltr'>δουλαγωγῶ.</span> <span class='ocrx_word' id='word_1_177' title='bbox 1589 2581 1723 2633; x_wconf 86' lang='grc' dir='ltr'>Τότε</span> <span class='ocrx_word' id='word_1_178' title='bbox 1777 2581 2015 2651; x_wconf 88' lang='grc' dir='ltr'>μάλιστα</span> 
     </span>
    </p>
   </div>
   <div class='ocr_carea' id='block_1_25' title="bbox 434 2670 2018 2748">
    <p class='ocr_par' dir='ltr' id='par_1_25' title="bbox 434 2670 2018 2748">
     <span class='ocr_line' id='line_1_25' title="bbox 434 2670 2018 2748; baseline 0.004 -25"><span class='ocrx_word' id='word_1_179' title='bbox 434 2670 548 2740; x_wconf 83' lang='grc' dir='ltr'>ἐγὼ</span> <span class='ocrx_word' id='word_1_180' title='bbox 580 2671 743 2725; x_wconf 82' lang='grc' dir='ltr'>αὑτὸν</span> <span class='ocrx_word' id='word_1_181' title='bbox 776 2673 1002 2738; x_wconf 82' lang='grc' dir='ltr'>ἐπαινῶ,</span> <span class='ocrx_word' id='word_1_182' title='bbox 1041 2673 1185 2743; x_wconf 84' lang='grc' dir='ltr'>ὀρῶν</span> <span class='ocrx_word' id='word_1_183' title='bbox 1233 2675 1333 2727; x_wconf 81' lang='grc' dir='ltr'>οὐκ</span> <span class='ocrx_word' id='word_1_184' title='bbox 1387 2676 1618 2747; x_wconf 85' lang='grc' dir='ltr'>ἀπονητὶ</span> <span class='ocrx_word' id='word_1_185' title='bbox 1670 2677 1769 2748; x_wconf 79' lang='grc' dir='ltr'>τὴν</span> <span class='ocrx_word' id='word_1_186' title='bbox 1816 2678 2018 2748; x_wconf 75' lang='grc' dir='ltr'>ἀρετὴν</span> 
     </span>
    </p>
   </div>
   <div class='ocr_carea' id='block_1_26' title="bbox 435 2765 2019 2846">
    <p class='ocr_par' dir='ltr' id='par_1_26' title="bbox 435 2765 2019 2846">
     <span class='ocr_line' id='line_1_26' title="bbox 435 2765 2019 2846; baseline 0.004 -26"><span class='ocrx_word' id='word_1_187' title='bbox 435 2766 825 2839; x_wconf 81' lang='grc' dir='ltr'>κατορθοῦντα,</span> <span class='ocrx_word' id='word_1_188' title='bbox 859 2768 1000 2822; x_wconf 84' lang='grc' dir='ltr'>ὥστε</span> <span class='ocrx_word' id='word_1_189' title='bbox 1034 2769 1110 2840; x_wconf 83' lang='grc' dir='ltr'>μὴ</span> <span class='ocrx_word' id='word_1_190' title='bbox 1144 2765 1283 2823; x_wconf 77' lang='grc' dir='ltr'>εἶναι</span> <span class='ocrx_word' id='word_1_191' title='bbox 1313 2773 1429 2834; x_wconf 81' lang='grc' dir='ltr'>τοῖς</span> <span class='ocrx_word' id='word_1_192' title='bbox 1463 2772 1601 2841; x_wconf 81' lang='grc' dir='ltr'>μετὰ</span> <span class='ocrx_word' id='word_1_193' title='bbox 1628 2773 1804 2828; x_wconf 80' lang='grc' dir='ltr'>ταῦτα</span> <span class='ocrx_word' id='word_1_194' title='bbox 1849 2775 2019 2846; x_wconf 79' lang='grc' dir='ltr'>ρᾳθυ-</span> 
     </span>
    </p>
   </div>
   <div class='ocr_carea' id='block_1_27' title="bbox 438 2862 2018 2938">
    <p class='ocr_par' dir='ltr' id='par_1_27' title="bbox 438 2862 2018 2938">
     <span class='ocr_line' id='line_1_27' title="bbox 438 2862 2018 2938; baseline 0.006 -23"><span class='ocrx_word' id='word_1_195' title='bbox 438 2862 578 2934; x_wconf 83' lang='grc' dir='ltr'>μίας</span> <span class='ocrx_word' id='word_1_196' title='bbox 595 2863 848 2919; x_wconf 81' lang='grc' dir='ltr'>ὑπόθεσιν</span> <span class='ocrx_word' id='word_1_197' title='bbox 883 2865 981 2936; x_wconf 81' lang='grc' dir='ltr'>τὴν</span> <span class='ocrx_word' id='word_1_198' title='bbox 1025 2865 1272 2920; x_wconf 79' lang='grc' dir='ltr'>εὐκολίαν</span> <span class='ocrx_word' id='word_1_199' title='bbox 1318 2867 1417 2938; x_wconf 81' lang='grc' dir='ltr'>τὴν</span> <span class='ocrx_word' id='word_1_200' title='bbox 1462 2868 1694 2923; x_wconf 86' lang='grc' dir='ltr'>ἐκείνου.</span> <span class='ocrx_word' id='word_1_201' title='bbox 1748 2869 1857 2923; x_wconf 84' lang='lat' dir='ltr'>Kal</span> <span class='ocrx_word' id='word_1_202' title='bbox 1888 2872 2018 2925; x_wconf 78' lang='grc' dir='ltr'>ὅταν</span> 
     </span>
    </p>
   </div>
   <div class='ocr_carea' id='block_1_28' title="bbox 435 2956 2018 3039">
    <p class='ocr_par' dir='ltr' id='par_1_28' title="bbox 435 2956 2018 3039">
     <span class='ocr_line' id='line_1_28' title="bbox 435 2956 2018 3039; baseline -0.004 -24"><span class='ocrx_word' id='word_1_203' title='bbox 435 2956 571 3032; x_wconf 79' lang='grc' dir='ltr'>λέγῃ</span> <span class='ocrx_word' id='word_1_204' title='bbox 623 2960 802 3026; x_wconf 79' lang='grc' dir='ltr'>πάλιν,</span> <span class='ocrx_word' id='word_1_205' title='bbox 842 2961 927 3025; x_wconf 82' lang='grc' dir='ltr'>Τῷ</span> <span class='ocrx_word' id='word_1_206' title='bbox 957 2962 1162 3031; x_wconf 81' lang='grc' dir='ltr'>κόσμῳ</span> <span class='ocrx_word' id='word_1_207' title='bbox 1189 2963 1583 3032; x_wconf 83' lang='grc' dir='ltr'>ἐσταύρωμαι,</span> <span class='ocrx_word' id='word_1_208' title='bbox 1610 2965 1710 3036; x_wconf 79' lang='grc' dir='ltr'>τὴν</span> <span class='ocrx_word' id='word_1_209' title='bbox 1759 2968 2018 3039; x_wconf 68' lang='grc' dir='ltr'>προαίρε-</span> 
     </span>
    </p>
   </div>
   <div class='ocr_carea' id='block_1_29' title="bbox 435 3057 2018 3135">
    <p class='ocr_par' dir='ltr' id='par_1_29' title="bbox 435 3057 2018 3135">
     <span class='ocr_line' id='line_1_29' title="bbox 435 3057 2018 3135; baseline 0.007 -27"><span class='ocrx_word' id='word_1_210' title='bbox 435 3072 524 3109; x_wconf 89' lang='grc' dir='ltr'>σιν</span> <span class='ocrx_word' id='word_1_211' title='bbox 578 3057 743 3110; x_wconf 81' lang='grc' dir='ltr'>αὑτοῦ</span> <span class='ocrx_word' id='word_1_212' title='bbox 799 3058 1068 3123; x_wconf 82' lang='grc' dir='ltr'>στεφανῶ.</span> <span class='ocrx_word' id='word_1_213' title='bbox 1127 3059 1247 3111; x_wconf 85' lang='grc' dir='ltr'>Ἕνι</span> <span class='ocrx_word' id='word_1_214' title='bbox 1303 3059 1432 3130; x_wconf 82' lang='grc' dir='ltr'>γάρ,</span> <span class='ocrx_word' id='word_1_215' title='bbox 1488 3060 1568 3113; x_wconf 81' lang='grc' dir='ltr'>ἐνι</span> <span class='ocrx_word' id='word_1_216' title='bbox 1613 3061 1828 3131; x_wconf 88' lang='grc' dir='ltr'>φύσεως</span> <span class='ocrx_word' id='word_1_217' title='bbox 1861 3065 2018 3135; x_wconf 74' lang='grc' dir='ltr'>ἰσχὺν</span> 
     </span>
    </p>
   </div>
   <div class='ocr_carea' id='block_1_30' title="bbox 433 3154 2018 3232">
    <p class='ocr_par' dir='ltr' id='par_1_30' title="bbox 433 3154 2018 3232">
     <span class='ocr_line' id='line_1_30' title="bbox 433 3154 2018 3232; baseline 0.006 -25"><span class='ocrx_word' id='word_1_218' title='bbox 433 3154 807 3225; x_wconf 86' lang='grc' dir='ltr'>προαιρέσεως</span> <span class='ocrx_word' id='word_1_219' title='bbox 851 3154 1108 3226; x_wconf 80' lang='grc' dir='ltr'>ἀκριϐείᾳ</span> <span class='ocrx_word' id='word_1_220' title='bbox 1146 3158 1517 3227; x_wconf 86' lang='grc' dir='ltr'>μιμήσασθαι·</span> <span class='ocrx_word' id='word_1_221' title='bbox 1566 3159 1671 3213; x_wconf 80' lang='grc' dir='ltr'>κᾶν</span> <span class='ocrx_word' id='word_1_222' title='bbox 1725 3163 1807 3224; x_wconf 84' lang='grc' dir='ltr'>είς</span> <span class='ocrx_word' id='word_1_223' title='bbox 1853 3161 2018 3232; x_wconf 84' lang='grc' dir='ltr'>μέσον</span> 
     </span>
    </p>
   </div>
   <div class='ocr_carea' id='block_1_31' title="bbox 433 3249 2014 3330">
    <p class='ocr_par' dir='ltr' id='par_1_31' title="bbox 433 3249 2014 3330">
     <span class='ocr_line' id='line_1_31' title="bbox 433 3249 2014 3330; baseline 0.005 -26"><span class='ocrx_word' id='word_1_224' title='bbox 433 3253 733 3322; x_wconf 80' lang='grc' dir='ltr'>ἀγάγωμεν</span> <span class='ocrx_word' id='word_1_225' title='bbox 766 3249 955 3305; x_wconf 78' lang='grc' dir='ltr'>τοῦτον</span> <span class='ocrx_word' id='word_1_226' title='bbox 1005 3253 1168 3306; x_wconf 85' lang='grc' dir='ltr'>αὐτὸν</span> <span class='ocrx_word' id='word_1_227' title='bbox 1218 3253 1309 3306; x_wconf 84' lang='grc' dir='ltr'>τὸν</span> <span class='ocrx_word' id='word_1_228' title='bbox 1341 3255 1631 3326; x_wconf 82' lang='grc' dir='ltr'>ἀνδριάντα</span> <span class='ocrx_word' id='word_1_229' title='bbox 1663 3257 1760 3327; x_wconf 84' lang='grc' dir='ltr'>τῆς</span> <span class='ocrx_word' id='word_1_230' title='bbox 1789 3259 2014 3330; x_wconf 81' lang='grc' dir='ltr'>ἀρετῆς,</span> 
     </span>
    </p>
   </div>
   <div class='ocr_carea' id='block_1_32' title="bbox 434 3347 2013 3425">
    <p class='ocr_par' dir='ltr' id='par_1_32' title="bbox 434 3347 2013 3425">
     <span class='ocr_line' id='line_1_32' title="bbox 434 3347 2013 3425; baseline 0.006 -26"><span class='ocrx_word' id='word_1_231' title='bbox 434 3347 740 3418; x_wconf 81' lang='grc' dir='ltr'>εὑρήσομεν</span> <span class='ocrx_word' id='word_1_232' title='bbox 783 3348 865 3402; x_wconf 82' lang='grc' dir='ltr'>ὅτι</span> <span class='ocrx_word' id='word_1_233' title='bbox 896 3347 964 3402; x_wconf 75' lang='grc' dir='ltr'>τὰ</span> <span class='ocrx_word' id='word_1_234' title='bbox 1023 3350 1088 3402; x_wconf 89' lang='grc' dir='ltr'>ἐκ</span> <span class='ocrx_word' id='word_1_235' title='bbox 1134 3351 1506 3422; x_wconf 88' lang='grc' dir='ltr'>προαιρέσεως</span> <span class='ocrx_word' id='word_1_236' title='bbox 1542 3352 1692 3424; x_wconf 81' lang='grc' dir='ltr'>αὐτῷ</span> <span class='ocrx_word' id='word_1_237' title='bbox 1742 3354 2013 3425; x_wconf 78' lang='grc' dir='ltr'>προσόντα</span> 
     </span>
    </p>
   </div>
   <div class='ocr_carea' id='block_1_33' title="bbox 433 3435 2014 3522">
    <p class='ocr_par' dir='ltr' id='par_1_33' title="bbox 433 3435 2014 3522">
     <span class='ocr_line' id='line_1_33' title="bbox 433 3435 2014 3522; baseline 0.006 -26"><span class='ocrx_word' id='word_1_238' title='bbox 433 3443 595 3508; x_wconf 83' lang='grc' dir='ltr'>καλὰ,</span> <span class='ocrx_word' id='word_1_239' title='bbox 623 3445 703 3508; x_wconf 89' lang='grc' dir='ltr'>είς</span> <span class='ocrx_word' id='word_1_240' title='bbox 750 3442 964 3514; x_wconf 85' lang='grc' dir='ltr'>φύσεως</span> <span class='ocrx_word' id='word_1_241' title='bbox 1006 3435 1340 3519; x_wconf 70' lang='grc' dir='ltr'>στερρότητα</span> <span class='ocrx_word' id='word_1_242' title='bbox 1368 3450 1770 3522; x_wconf 81' lang='grc' dir='ltr'>ἐφιλονείκησεν</span> <span class='ocrx_word' id='word_1_243' title='bbox 1797 3452 2014 3522; x_wconf 81' lang='grc' dir='ltr'>ἐξενεγ-</span> 
     </span>
    </p>
   </div>
   <div class='ocr_carea' id='block_1_34' title="bbox 435 3541 2016 3620">
    <p class='ocr_par' dir='ltr' id='par_1_34' title="bbox 435 3541 2016 3620">
     <span class='ocr_line' id='line_1_34' title="bbox 435 3541 2016 3620; baseline 0.008 -27"><span class='ocrx_word' id='word_1_244' title='bbox 435 3544 569 3594; x_wconf 79' lang='grc' dir='ltr'>κεῖν.</span> <span class='ocrx_word' id='word_1_245' title='bbox 598 3541 792 3610; x_wconf 82' lang='grc' dir='ltr'>Ἦλγει</span> <span class='ocrx_word' id='word_1_246' title='bbox 819 3542 919 3611; x_wconf 82' lang='grc' dir='ltr'>μὲν</span> <span class='ocrx_word' id='word_1_247' title='bbox 942 3543 1050 3614; x_wconf 83' lang='grc' dir='ltr'>γάρ</span> <span class='ocrx_word' id='word_1_248' title='bbox 1081 3543 1444 3615; x_wconf 75' lang='grc' dir='ltr'>τυπτόμενοςο</span> <span class='ocrx_word' id='word_1_249' title='bbox 1483 3545 1592 3599; x_wconf 88' lang='grc' dir='ltr'>τῶν</span> <span class='ocrx_word' id='word_1_250' title='bbox 1626 3547 1681 3601; x_wconf 82' lang='grc' dir='ltr'>δέ</span> <span class='ocrx_word' id='word_1_251' title='bbox 1707 3550 2016 3620; x_wconf 83' lang='grc' dir='ltr'>ἀσωμάτων</span> 
     </span>
    </p>
   </div>
   <div class='ocr_carea' id='block_1_35' title="bbox 431 3630 2013 3714">
    <p class='ocr_par' dir='ltr' id='par_1_35' title="bbox 431 3630 2013 3714">
     <span class='ocr_line' id='line_1_35' title="bbox 431 3630 2013 3714; baseline 0.008 -24"><span class='ocrx_word' id='word_1_252' title='bbox 431 3630 712 3708; x_wconf 80' lang='grc' dir='ltr'>δυνάμεων</span> <span class='ocrx_word' id='word_1_253' title='bbox 739 3639 847 3692; x_wconf 91' lang='grc' dir='ltr'>τῶν</span> <span class='ocrx_word' id='word_1_254' title='bbox 875 3641 975 3694; x_wconf 89' lang='grc' dir='ltr'>ούκ</span> <span class='ocrx_word' id='word_1_255' title='bbox 1001 3639 1283 3709; x_wconf 88' lang='grc' dir='ltr'>ἀλγουσῶν</span> <span class='ocrx_word' id='word_1_256' title='bbox 1322 3643 1422 3712; x_wconf 86' lang='grc' dir='ltr'>ούχ</span> <span class='ocrx_word' id='word_1_257' title='bbox 1472 3637 1632 3714; x_wconf 76' lang='grc' dir='ltr'>ἦττον</span> <span class='ocrx_word' id='word_1_258' title='bbox 1660 3646 1839 3699; x_wconf 79' lang='grc' dir='ltr'>αὐτῶν</span> <span class='ocrx_word' id='word_1_259' title='bbox 1877 3666 2013 3702; x_wconf 90' lang='grc' dir='ltr'>κατ-</span> 
     </span>
    </p>
   </div>
   <div class='ocr_carea' id='block_1_36' title="bbox 433 3734 2015 3810">
    <p class='ocr_par' dir='ltr' id='par_1_36' title="bbox 433 3734 2015 3810">
     <span class='ocr_line' id='line_1_36' title="bbox 433 3734 2015 3810; baseline 0.008 -24"><span class='ocrx_word' id='word_1_260' title='bbox 433 3734 676 3805; x_wconf 85' lang='grc' dir='ltr'>εφρόνει,</span> <span class='ocrx_word' id='word_1_261' title='bbox 706 3734 781 3797; x_wconf 84' lang='grc' dir='ltr'>ὡς</span> <span class='ocrx_word' id='word_1_262' title='bbox 831 3734 976 3788; x_wconf 80' lang='grc' dir='ltr'>ἔστιν</span> <span class='ocrx_word' id='word_1_263' title='bbox 1033 3735 1264 3790; x_wconf 83' lang='grc' dir='ltr'>ἀκοῦσαι</span> <span class='ocrx_word' id='word_1_264' title='bbox 1320 3737 1430 3791; x_wconf 87' lang='grc' dir='ltr'>τῶν</span> <span class='ocrx_word' id='word_1_265' title='bbox 1473 3740 1731 3810; x_wconf 77' lang='grc' dir='ltr'>ῥημάτων</span> <span class='ocrx_word' id='word_1_266' title='bbox 1764 3742 1953 3810; x_wconf 76' lang='grc' dir='ltr'>αὐτοῦ,</span> <span class='ocrx_word' id='word_1_267' title='bbox 1978 3745 2015 3798; x_wconf 82' lang='grc' dir='ltr'>ἀ</span> 
     </span>
    </p>
   </div>
   <div class='ocr_carea' id='block_1_37' title="bbox 437 3829 2016 3910">
    <p class='ocr_par' dir='ltr' id='par_1_37' title="bbox 437 3829 2016 3910">
     <span class='ocr_line' id='line_1_37' title="bbox 437 3829 2016 3910; baseline 0.008 -30"><span class='ocrx_word' id='word_1_268' title='bbox 437 3829 574 3901; x_wconf 69' lang='grc' dir='ltr'>μηδὲ</span> <span class='ocrx_word' id='word_1_269' title='bbox 601 3830 700 3900; x_wconf 82' lang='grc' dir='ltr'>τῆς</span> <span class='ocrx_word' id='word_1_270' title='bbox 732 3829 947 3899; x_wconf 87' lang='grc' dir='ltr'>φύσεως</span> <span class='ocrx_word' id='word_1_271' title='bbox 975 3831 1138 3885; x_wconf 80' lang='grc' dir='ltr'>αὐτὸν</span> <span class='ocrx_word' id='word_1_272' title='bbox 1181 3836 1326 3886; x_wconf 77' lang='grc' dir='ltr'>ποιεί</span> <span class='ocrx_word' id='word_1_273' title='bbox 1351 3833 1662 3904; x_wconf 81' lang='grc' dir='ltr'>νομίζεσθαι</span> <span class='ocrx_word' id='word_1_274' title='bbox 1690 3838 1790 3908; x_wconf 79' lang='grc' dir='ltr'>τῆς</span> <span class='ocrx_word' id='word_1_275' title='bbox 1819 3840 2016 3910; x_wconf 82' lang='grc' dir='ltr'>ἡμετέ-</span> 
     </span>
    </p>
   </div>
   <div class='ocr_carea' id='block_1_38' title="bbox 433 3927 2011 4005">
    <p class='ocr_par' dir='ltr' id='par_1_38' title="bbox 433 3927 2011 4005">
     <span class='ocr_line' id='line_1_38' title="bbox 433 3927 2011 4005; baseline 0.009 -28"><span class='ocrx_word' id='word_1_276' title='bbox 433 3933 560 3996; x_wconf 64' lang='lat' dir='ltr'>pag:</span> <span class='ocrx_word' id='word_1_277' title='bbox 593 3927 762 3980; x_wconf 81' lang='grc' dir='ltr'>Ὅταν</span> <span class='ocrx_word' id='word_1_278' title='bbox 807 3927 916 4000; x_wconf 85' lang='grc' dir='ltr'>γάρ</span> <span class='ocrx_word' id='word_1_279' title='bbox 952 3928 1118 4000; x_wconf 85' lang='grc' dir='ltr'>λέγῃ·</span> <span class='ocrx_word' id='word_1_280' title='bbox 1165 3930 1320 3999; x_wconf 80' lang='grc' dir='ltr'>Ἐμοί</span> <span class='ocrx_word' id='word_1_281' title='bbox 1359 3934 1586 4002; x_wconf 80' lang='grc' dir='ltr'>κόσμος</span> <span class='ocrx_word' id='word_1_282' title='bbox 1621 3935 2011 4005; x_wconf 78' lang='grc' dir='ltr'>ἐσταύρωται,</span> 
     </span>
    </p>
   </div>
   <div class='ocr_carea' id='block_1_39' title="bbox 434 4021 2010 4104">
    <p class='ocr_par' dir='ltr' id='par_1_39' title="bbox 434 4021 2010 4104">
     <span class='ocr_line' id='line_1_39' title="bbox 434 4021 2010 4104; baseline 0.016 -33"><span class='ocrx_word' id='word_1_283' title='bbox 434 4021 598 4091; x_wconf 59' lang='grc' dir='ltr'>πιέγὼ</span> <span class='ocrx_word' id='word_1_284' title='bbox 624 4021 704 4088; x_wconf 84' lang='grc' dir='ltr'>τῷ</span> <span class='ocrx_word' id='word_1_285' title='bbox 733 4023 958 4093; x_wconf 84' lang='grc' dir='ltr'>κόσμῳ,</span> <span class='ocrx_word' id='word_1_286' title='bbox 985 4027 1079 4080; x_wconf 74' lang='grc' dir='ltr'>καὶ</span> <span class='ocrx_word' id='word_1_287' title='bbox 1114 4027 1296 4092; x_wconf 88' lang='grc' dir='ltr'>πάλιν,</span> <span class='ocrx_word' id='word_1_288' title='bbox 1332 4027 1424 4081; x_wconf 86' lang='grc' dir='ltr'>Ζῶ</span> <span class='ocrx_word' id='word_1_289' title='bbox 1449 4029 1517 4083; x_wconf 85' lang='grc' dir='ltr'>δὲ</span> <span class='ocrx_word' id='word_1_290' title='bbox 1538 4031 1741 4087; x_wconf 79' lang='grc' dir='ltr'>οὐκέτι</span> <span class='ocrx_word' id='word_1_291' title='bbox 1780 4033 1915 4104; x_wconf 78' lang='grc' dir='ltr'>ἐγὼ,</span> <span class='ocrx_word' id='word_1_292' title='bbox 1940 4034 2010 4104; x_wconf 57' lang='grc' dir='ltr'>(τῇ</span> 
     </span>
    </p>
   </div>
   <div class='ocr_carea' id='block_1_40' title="bbox 430 4117 2012 4199">
    <p class='ocr_par' dir='ltr' id='par_1_40' title="bbox 430 4117 2012 4199">
     <span class='ocr_line' id='line_1_40' title="bbox 430 4117 2012 4199; baseline 0.009 -29"><span class='ocrx_word' id='word_1_293' title='bbox 430 4117 504 4170; x_wconf 79' lang='grc' dir='ltr'>δὲ</span> <span class='ocrx_word' id='word_1_294' title='bbox 530 4118 600 4172; x_wconf 83' lang='grc' dir='ltr'>ἐν</span> <span class='ocrx_word' id='word_1_295' title='bbox 633 4118 762 4188; x_wconf 78' lang='grc' dir='ltr'>ἐμοὶ</span> <span class='ocrx_word' id='word_1_296' title='bbox 790 4121 1064 4188; x_wconf 83' lang='grc' dir='ltr'>Χριστός,</span> <span class='ocrx_word' id='word_1_297' title='bbox 1095 4123 1150 4174; x_wconf 91' lang='grc' dir='ltr'>τί</span> <span class='ocrx_word' id='word_1_298' title='bbox 1168 4123 1295 4178; x_wconf 82' lang='grc' dir='ltr'>ἀλλο</span> <span class='ocrx_word' id='word_1_299' title='bbox 1326 4126 1474 4179; x_wconf 73' lang='grc' dir='ltr'>ἐστὶν</span> <span class='ocrx_word' id='word_1_300' title='bbox 1513 4127 1707 4192; x_wconf 77' lang='grc' dir='ltr'>εἰπεῖν,</span> <span class='ocrx_word' id='word_1_301' title='bbox 1743 4128 1776 4199; x_wconf 81' lang='grc' dir='ltr'><strong>ἦ</strong></span> <span class='ocrx_word' id='word_1_302' title='bbox 1809 4130 1888 4183; x_wconf 80' lang='grc' dir='ltr'>ὅτι</span> <span class='ocrx_word' id='word_1_303' title='bbox 1917 4131 2012 4184; x_wconf 71' lang='grc' dir='ltr'>καὶ</span> 
     </span>
    </p>
   </div>
   <div class='ocr_carea' id='block_1_41' title="bbox 430 4213 2008 4297">
    <p class='ocr_par' dir='ltr' id='par_1_41' title="bbox 430 4213 2008 4297">
     <span class='ocr_line' id='line_1_41' title="bbox 430 4213 2008 4297; baseline 0.009 -31"><span class='ocrx_word' id='word_1_304' title='bbox 430 4213 492 4279; x_wconf 80' lang='grc' dir='ltr'>ἐξ</span> <span class='ocrx_word' id='word_1_305' title='bbox 528 4214 694 4269; x_wconf 75' lang='grc' dir='ltr'>αὑτοῦ</span> <span class='ocrx_word' id='word_1_306' title='bbox 729 4216 959 4289; x_wconf 86' lang='grc' dir='ltr'>μετέστη</span> <span class='ocrx_word' id='word_1_307' title='bbox 994 4218 1088 4272; x_wconf 85' lang='grc' dir='ltr'>τοῦ</span> <span class='ocrx_word' id='word_1_308' title='bbox 1118 4217 1404 4290; x_wconf 84' lang='grc' dir='ltr'>σώματος;</span> <span class='ocrx_word' id='word_1_309' title='bbox 1436 4222 1489 4275; x_wconf 92' lang='grc' dir='ltr'>τί</span> <span class='ocrx_word' id='word_1_310' title='bbox 1535 4221 1614 4287; x_wconf 87' lang='grc' dir='ltr'>δέ,</span> <span class='ocrx_word' id='word_1_311' title='bbox 1677 4225 1808 4279; x_wconf 86' lang='grc' dir='ltr'>ὅταν</span> <span class='ocrx_word' id='word_1_312' title='bbox 1852 4225 2008 4297; x_wconf 81' lang='grc' dir='ltr'>λέγῃ,</span> 
     </span>
    </p>
   </div>
   <div class='ocr_carea' id='block_1_42' title="bbox 445 4309 2011 4388">
    <p class='ocr_par' dir='ltr' id='par_1_42' title="bbox 445 4309 2011 4388">
     <span class='ocr_line' id='line_1_42' title="bbox 445 4309 2011 4388; baseline 0.01 -27"><span class='ocrx_word' id='word_1_313' title='bbox 445 4309 648 4378; x_wconf 81' lang='grc' dir='ltr'>Ἐδόθη</span> <span class='ocrx_word' id='word_1_314' title='bbox 693 4329 798 4380; x_wconf 85' lang='grc' dir='ltr'>μοι</span> <span class='ocrx_word' id='word_1_315' title='bbox 836 4315 1082 4383; x_wconf 73' lang='grc' dir='ltr'>σκόλοψ</span> <span class='ocrx_word' id='word_1_316' title='bbox 1132 4315 1210 4385; x_wconf 74' lang='grc' dir='ltr'>τῇ</span> <span class='ocrx_word' id='word_1_317' title='bbox 1245 4318 1447 4386; x_wconf 76' lang='grc' dir='ltr'>σαρκὶ,</span> <span class='ocrx_word' id='word_1_318' title='bbox 1477 4318 1734 4388; x_wconf 74' lang='grc' dir='ltr'>ἄγγελος</span> <span class='ocrx_word' id='word_1_319' title='bbox 1775 4321 2011 4387; x_wconf 87' lang='grc' dir='ltr'>σατᾶν;</span> 
     </span>
    </p>
   </div>
   <div class='ocr_carea' id='block_1_43' title="bbox 429 4403 2010 4487">
    <p class='ocr_par' dir='ltr' id='par_1_43' title="bbox 429 4403 2010 4487">
     <span class='ocr_line' id='line_1_43' title="bbox 429 4403 2010 4487; baseline 0.009 -30"><span class='ocrx_word' id='word_1_320' title='bbox 429 4403 588 4458; x_wconf 81' lang='grc' dir='ltr'>τοῦτο</span> <span class='ocrx_word' id='word_1_321' title='bbox 613 4406 671 4459; x_wconf 80' lang='grc' dir='ltr'>δὲ</span> <span class='ocrx_word' id='word_1_322' title='bbox 696 4408 848 4461; x_wconf 82' lang='grc' dir='ltr'>οὐδὲν</span> <span class='ocrx_word' id='word_1_323' title='bbox 879 4409 1066 4482; x_wconf 73' lang='grc' dir='ltr'>ἕτερόν</span> <span class='ocrx_word' id='word_1_324' title='bbox 1093 4411 1261 4476; x_wconf 89' lang='grc' dir='ltr'>ἐστιν,</span> <span class='ocrx_word' id='word_1_325' title='bbox 1299 4412 1332 4482; x_wconf 76' lang='grc' dir='ltr'>ἢ</span> <span class='ocrx_word' id='word_1_326' title='bbox 1371 4413 1541 4478; x_wconf 77' lang='grc' dir='ltr'>δεῖξαι</span> <span class='ocrx_word' id='word_1_327' title='bbox 1583 4419 1747 4487; x_wconf 85' lang='grc' dir='ltr'>μέχρι</span> <span class='ocrx_word' id='word_1_328' title='bbox 1773 4417 1868 4470; x_wconf 81' lang='grc' dir='ltr'>τοῦ</span> <span class='ocrx_word' id='word_1_329' title='bbox 1901 4417 2010 4472; x_wconf 79' lang='grc' dir='ltr'>σὼ·-</span> 
     </span>
    </p>
   </div>
   <div class='ocr_carea' id='block_1_44' title="bbox 433 4501 2006 4582">
    <p class='ocr_par' dir='ltr' id='par_1_44' title="bbox 433 4501 2006 4582">
     <span class='ocr_line' id='line_1_44' title="bbox 433 4501 2006 4582; baseline 0.011 -30"><span class='ocrx_word' id='word_1_330' title='bbox 433 4516 604 4582; x_wconf 76' lang='grc' dir='ltr'>ματος</span> <span class='ocrx_word' id='word_1_331' title='bbox 635 4501 924 4574; x_wconf 81' lang='grc' dir='ltr'>ἱστάμενον</span> <span class='ocrx_word' id='word_1_332' title='bbox 972 4505 1064 4560; x_wconf 85' lang='grc' dir='ltr'>τὸν</span> <span class='ocrx_word' id='word_1_333' title='bbox 1095 4507 1254 4561; x_wconf 86' lang='grc' dir='ltr'>πόνον</span> <span class='ocrx_word' id='word_1_334' title='bbox 1275 4524 1289 4538; x_wconf 84' lang='lat'>&#39;</span> <span class='ocrx_word' id='word_1_335' title='bbox 1319 4507 1419 4562; x_wconf 79' lang='grc' dir='ltr'>οὐκ</span> <span class='ocrx_word' id='word_1_336' title='bbox 1444 4511 1632 4582; x_wconf 80' lang='grc' dir='ltr'>ἐπειδὴ</span> <span class='ocrx_word' id='word_1_337' title='bbox 1660 4511 1815 4569; x_wconf 79' lang='grc' dir='ltr'>ἔνδον</span> <span class='ocrx_word' id='word_1_338' title='bbox 1843 4514 1904 4566; x_wconf 89' lang='grc' dir='ltr'>ού</span> <span class='ocrx_word' id='word_1_339' title='bbox 1923 4514 2006 4568; x_wconf 91' lang='grc' dir='ltr'>δι-</span> 
     </span>
    </p>
   </div>
   <div class='ocr_carea' id='block_1_45' title="bbox 430 4579 2009 4680">
    <p class='ocr_par' dir='ltr' id='par_1_45' title="bbox 430 4579 2009 4680">
     <span class='ocr_line' id='line_1_45' title="bbox 430 4579 2009 4680; baseline 0.009 -31"><span class='ocrx_word' id='word_1_340' title='bbox 430 4579 662 4664; x_wconf 65' lang='grc' dir='ltr'>έϐαινεν,</span> <span class='ocrx_word' id='word_1_341' title='bbox 711 4599 824 4652; x_wconf 88' lang='grc' dir='ltr'>ἀλλ’</span> <span class='ocrx_word' id='word_1_342' title='bbox 845 4599 1030 4673; x_wconf 79' lang='grc' dir='ltr'>ἐπειδὴ</span> <span class='ocrx_word' id='word_1_343' title='bbox 1076 4604 1141 4674; x_wconf 86' lang='grc' dir='ltr'>τῇ</span> <span class='ocrx_word' id='word_1_344' title='bbox 1191 4604 1479 4678; x_wconf 81' lang='grc' dir='ltr'>περιουσίᾳ</span> <span class='ocrx_word' id='word_1_345' title='bbox 1515 4579 2009 4680; x_wconf 41' lang='grc' dir='ltr'>τῆς-προαιρέσεως</span> 
     </span>
    </p>
   </div>
   <div class='ocr_carea' id='block_1_46' title="bbox 430 4693 2003 4778">
    <p class='ocr_par' dir='ltr' id='par_1_46' title="bbox 430 4693 2003 4778">
     <span class='ocr_line' id='line_1_46' title="bbox 430 4693 2003 4778; baseline 0.011 -34"><span class='ocrx_word' id='word_1_346' title='bbox 430 4693 594 4746; x_wconf 76' lang='grc' dir='ltr'>αὑτὸν</span> <span class='ocrx_word' id='word_1_347' title='bbox 613 4694 919 4767; x_wconf 88' lang='grc' dir='ltr'>διεκρούετο</span> <span class='ocrx_word' id='word_1_348' title='bbox 933 4698 1026 4752; x_wconf 73' lang='grc' dir='ltr'>καὶ</span> <span class='ocrx_word' id='word_1_349' title='bbox 1043 4698 1252 4764; x_wconf 79' lang='grc' dir='ltr'>ἐξώθει.</span> <span class='ocrx_word' id='word_1_350' title='bbox 1285 4700 1351 4755; x_wconf 90' lang='grc' dir='ltr'>Τί</span> <span class='ocrx_word' id='word_1_351' title='bbox 1381 4701 1460 4768; x_wconf 88' lang='grc' dir='ltr'>δέ,</span> <span class='ocrx_word' id='word_1_352' title='bbox 1483 4703 1611 4758; x_wconf 83' lang='grc' dir='ltr'>ὅταν</span> <span class='ocrx_word' id='word_1_353' title='bbox 1639 4705 1802 4778; x_wconf 76' lang='grc' dir='ltr'>ἕτερα</span> <span class='ocrx_word' id='word_1_354' title='bbox 1828 4707 2003 4762; x_wconf 85' lang='grc' dir='ltr'>πολλὰ</span> 
     </span>
    </p>
   </div>
   <div class='ocr_carea' id='block_1_47' title="bbox 431 4789 2006 4876">
    <p class='ocr_par' dir='ltr' id='par_1_47' title="bbox 431 4789 2006 4876">
     <span class='ocr_line' id='line_1_47' title="bbox 431 4789 2006 4876; baseline 0.012 -35"><span class='ocrx_word' id='word_1_355' title='bbox 431 4789 633 4843; x_wconf 84' lang='grc' dir='ltr'>τούτων</span> <span class='ocrx_word' id='word_1_356' title='bbox 662 4792 1077 4867; x_wconf 88' lang='grc' dir='ltr'>θαυμαστότερα</span> <span class='ocrx_word' id='word_1_357' title='bbox 1099 4797 1252 4869; x_wconf 82' lang='grc' dir='ltr'>λέγῃ,</span> <span class='ocrx_word' id='word_1_358' title='bbox 1280 4800 1374 4853; x_wconf 80' lang='grc' dir='ltr'>καὶ</span> <span class='ocrx_word' id='word_1_359' title='bbox 1394 4801 1561 4875; x_wconf 88' lang='grc' dir='ltr'>χαίρῃ</span> <span class='ocrx_word' id='word_1_360' title='bbox 1586 4804 2006 4876; x_wconf 80' lang='grc' dir='ltr'>μαστιζόμενος,</span> 
     </span>
    </p>
   </div>
   <div class='ocr_carea' id='block_1_48' title="bbox 433 4885 2006 4971">
    <p class='ocr_par' dir='ltr' id='par_1_48' title="bbox 433 4885 2006 4971">
     <span class='ocr_line' id='line_1_48' title="bbox 433 4885 2006 4971; baseline 0.013 -34"><span class='ocrx_word' id='word_1_361' title='bbox 433 4885 528 4938; x_wconf 78' lang='grc' dir='ltr'>καὶ</span> <span class='ocrx_word' id='word_1_362' title='bbox 557 4889 826 4957; x_wconf 84' lang='grc' dir='ltr'>καυχᾶται</span> <span class='ocrx_word' id='word_1_363' title='bbox 844 4891 936 4945; x_wconf 74' lang='grc' dir='ltr'>ἐπὶ</span> <span class='ocrx_word' id='word_1_364' title='bbox 961 4895 1079 4956; x_wconf 88' lang='grc' dir='ltr'>ταῖς</span> <span class='ocrx_word' id='word_1_365' title='bbox 1101 4892 1353 4962; x_wconf 85' lang='grc' dir='ltr'>ἀλύσεσι;</span> <span class='ocrx_word' id='word_1_366' title='bbox 1389 4897 1454 4950; x_wconf 89' lang='grc' dir='ltr'>Τί</span> <span class='ocrx_word' id='word_1_367' title='bbox 1476 4897 1543 4953; x_wconf 80' lang='grc' dir='ltr'>ἂν</span> <span class='ocrx_word' id='word_1_368' title='bbox 1574 4897 1703 4955; x_wconf 83' lang='grc' dir='ltr'>ἀλλο</span> <span class='ocrx_word' id='word_1_369' title='bbox 1729 4919 1816 4967; x_wconf 93' lang='grc' dir='ltr'>τις</span> <span class='ocrx_word' id='word_1_370' title='bbox 1841 4903 2006 4971; x_wconf 86' lang='grc' dir='ltr'>είποι,</span> 
     </span>
    </p>
   </div>
   <div class='ocr_carea' id='block_1_49' title="bbox 430 4981 2006 5070">
    <p class='ocr_par' dir='ltr' id='par_1_49' title="bbox 430 4981 2006 5070">
     <span class='ocr_line' id='line_1_49' title="bbox 430 4981 2006 5070; baseline 0.015 -37"><span class='ocrx_word' id='word_1_371' title='bbox 430 4983 464 5053; x_wconf 86' lang='grc' dir='ltr'>ῆ</span> <span class='ocrx_word' id='word_1_372' title='bbox 488 4981 644 5036; x_wconf 80' lang='grc' dir='ltr'>τοῦτο</span> <span class='ocrx_word' id='word_1_373' title='bbox 676 4983 814 5057; x_wconf 82' lang='grc' dir='ltr'>ὅπερ</span> <span class='ocrx_word' id='word_1_374' title='bbox 865 4986 1022 5060; x_wconf 76' lang='grc' dir='ltr'>ἔφην,</span> <span class='ocrx_word' id='word_1_375' title='bbox 1053 4990 1135 5045; x_wconf 82' lang='grc' dir='ltr'>ὅτι</span> <span class='ocrx_word' id='word_1_376' title='bbox 1163 4990 1225 5046; x_wconf 83' lang='grc' dir='ltr'>τὸ</span> <span class='ocrx_word' id='word_1_377' title='bbox 1261 4991 1464 5062; x_wconf 87' lang='grc' dir='ltr'>λέγειν,</span> <span class='ocrx_word' id='word_1_378' title='bbox 1506 4995 1834 5060; x_wconf 79' lang='grc' dir='ltr'>Ὑπωπιάζω</span> <span class='ocrx_word' id='word_1_379' title='bbox 1886 5018 2006 5070; x_wconf 89' lang='grc' dir='ltr'>μου</span> 
     </span>
    </p>
   </div>
   <div class='ocr_carea' id='block_1_50' title="bbox 432 5078 2005 5166">
    <p class='ocr_par' dir='ltr' id='par_1_50' title="bbox 432 5078 2005 5166">
     <span class='ocr_line' id='line_1_50' title="bbox 432 5078 2005 5166; baseline 0.013 -35"><span class='ocrx_word' id='word_1_380' title='bbox 432 5078 499 5132; x_wconf 82' lang='grc' dir='ltr'>τὸ</span> <span class='ocrx_word' id='word_1_381' title='bbox 536 5079 707 5150; x_wconf 84' lang='grc' dir='ltr'>σῶμα</span> <span class='ocrx_word' id='word_1_382' title='bbox 743 5082 844 5136; x_wconf 77' lang='grc' dir='ltr'>καί</span> <span class='ocrx_word' id='word_1_383' title='bbox 875 5083 1259 5159; x_wconf 77' lang='grc' dir='ltr'>δουλαγωγῶ,</span> <span class='ocrx_word' id='word_1_384' title='bbox 1304 5090 1406 5146; x_wconf 80' lang='grc' dir='ltr'>καὶ</span> <span class='ocrx_word' id='word_1_385' title='bbox 1453 5091 1749 5164; x_wconf 72' lang='grc' dir='ltr'>φοϐοῦμαι</span> <span class='ocrx_word' id='word_1_386' title='bbox 1787 5095 2005 5166; x_wconf 77' lang='grc' dir='ltr'>μήπως</span> 
     </span>
    </p>
   </div>
   <div class='ocr_carea' id='block_1_51' title="bbox 431 5177 2006 5262">
    <p class='ocr_par' dir='ltr' id='par_1_51' title="bbox 431 5177 2006 5262">
     <span class='ocr_line' id='line_1_51' title="bbox 431 5177 2006 5262; baseline 0.013 -33"><span class='ocrx_word' id='word_1_387' title='bbox 431 5177 933 5249; x_wconf 67' lang='grc' dir='ltr'>ἄλλοιξκηρύξας</span> <span class='ocrx_word' id='word_1_388' title='bbox 958 5183 1139 5250; x_wconf 82' lang='grc' dir='ltr'>αὐτὸς</span> <span class='ocrx_word' id='word_1_389' title='bbox 1162 5186 1448 5258; x_wconf 78' lang='grc' dir='ltr'>ἀδόκιμος</span> <span class='ocrx_word' id='word_1_390' title='bbox 1461 5190 1738 5262; x_wconf 73' lang='grc' dir='ltr'>γένωμαι,</span> <span class='ocrx_word' id='word_1_391' title='bbox 1761 5193 1821 5246; x_wconf 84' lang='grc' dir='ltr'>τὸ</span> <span class='ocrx_word' id='word_1_392' title='bbox 1843 5194 2006 5248; x_wconf 78' lang='grc' dir='ltr'>ἀσθε-</span> 
     </span>
    </p>
   </div>
   <div class='ocr_carea' id='block_1_52' title="bbox 431 5275 2002 5360">
    <p class='ocr_par' dir='ltr' id='par_1_52' title="bbox 431 5275 2002 5360">
     <span class='ocr_line' id='line_1_52' title="bbox 431 5275 2002 5360; baseline 0.011 -32"><span class='ocrx_word' id='word_1_393' title='bbox 431 5275 520 5339; x_wconf 81' lang='grc' dir='ltr'>νές</span> <span class='ocrx_word' id='word_1_394' title='bbox 539 5277 876 5348; x_wconf 79' lang='grc' dir='ltr'>τῆς⁹φύσεως</span> <span class='ocrx_word' id='word_1_395' title='bbox 900 5279 1266 5350; x_wconf 88' lang='grc' dir='ltr'>ἀποδείκνυσι,</span> <span class='ocrx_word' id='word_1_396' title='bbox 1289 5286 1377 5340; x_wconf 81' lang='grc' dir='ltr'>διὰ</span> <span class='ocrx_word' id='word_1_397' title='bbox 1399 5287 1455 5341; x_wconf 84' lang='grc' dir='ltr'>δέ</span> <span class='ocrx_word' id='word_1_398' title='bbox 1481 5287 1705 5356; x_wconf 86' lang='grc' dir='ltr'>τούτων,</span> <span class='ocrx_word' id='word_1_399' title='bbox 1735 5287 1809 5350; x_wconf 85' lang='grc' dir='ltr'>ὧν</span> <span class='ocrx_word' id='word_1_400' title='bbox 1826 5290 2002 5360; x_wconf 75' lang='grc' dir='ltr'>εἷπον,</span> 
     </span>
    </p>
   </div>
   <div class='ocr_carea' id='block_1_53' title="bbox 429 5369 1406 5451">
    <p class='ocr_par' dir='ltr' id='par_1_53' title="bbox 429 5369 1406 5451">
     <span class='ocr_line' id='line_1_53' title="bbox 429 5369 1406 5451; baseline 0.027 -32"><span class='ocrx_word' id='word_1_401' title='bbox 429 5369 530 5440; x_wconf 83' lang='grc' dir='ltr'>τὴν</span> <span class='ocrx_word' id='word_1_402' title='bbox 561 5373 837 5440; x_wconf 84' lang='grc' dir='ltr'>εὐγένειαν</span> <span class='ocrx_word' id='word_1_403' title='bbox 867 5376 968 5445; x_wconf 84' lang='grc' dir='ltr'>τῆς</span> <span class='ocrx_word' id='word_1_404' title='bbox 1001 5380 1406 5451; x_wconf 74' lang='grc' dir='ltr'>προαιρέσεωςς</span> 
     </span>
    </p>
   </div>
   <div class='ocr_carea' id='block_1_54' title="bbox 504 5466 2001 5556">
    <p class='ocr_par' dir='ltr' id='par_1_54' title="bbox 504 5466 2001 5556">
     <span class='ocr_line' id='line_1_54' title="bbox 504 5466 2001 5556; baseline 0.017 -38"><span class='ocrx_word' id='word_1_405' title='bbox 504 5466 600 5519; x_wconf 77' lang='grc' dir='ltr'>Διά</span> <span class='ocrx_word' id='word_1_406' title='bbox 628 5469 733 5539; x_wconf 82' lang='grc' dir='ltr'>γὰρ</span> <span class='ocrx_word' id='word_1_407' title='bbox 775 5471 933 5526; x_wconf 82' lang='grc' dir='ltr'>τοῦτο</span> <span class='ocrx_word' id='word_1_408' title='bbox 980 5472 1262 5547; x_wconf 86' lang='grc' dir='ltr'>ἀμφότερα</span> <span class='ocrx_word' id='word_1_409' title='bbox 1287 5481 1485 5545; x_wconf 81' lang='grc' dir='ltr'>κεῖται,</span> <span class='ocrx_word' id='word_1_410' title='bbox 1519 5482 1606 5537; x_wconf 79' lang='grc' dir='ltr'>ἵνα</span> <span class='ocrx_word' id='word_1_411' title='bbox 1641 5485 1779 5556; x_wconf 84' lang='grc' dir='ltr'>μήτε</span> <span class='ocrx_word' id='word_1_412' title='bbox 1807 5487 1895 5541; x_wconf 87' lang='grc' dir='ltr'>διά</span> <span class='ocrx_word' id='word_1_413' title='bbox 1932 5489 2001 5542; x_wconf 88' lang='grc' dir='ltr'>τά</span> 
     </span>
    </p>
   </div>
   <div class='ocr_carea' id='block_1_55' title="bbox 438 5562 2003 5654">
    <p class='ocr_par' dir='ltr' id='par_1_55' title="bbox 438 5562 2003 5654">
     <span class='ocr_line' id='line_1_55' title="bbox 438 5562 2003 5654; baseline 0.018 -44"><span class='ocrx_word' id='word_1_414' title='bbox 438 5562 651 5628; x_wconf 84' lang='grc' dir='ltr'>μεγάλα</span> <span class='ocrx_word' id='word_1_415' title='bbox 711 5569 893 5623; x_wconf 78' lang='grc' dir='ltr'>ἐκεῖνα</span> <span class='ocrx_word' id='word_1_416' title='bbox 947 5571 1138 5642; x_wconf 85' lang='grc' dir='ltr'>ἐτέρας</span> <span class='ocrx_word' id='word_1_417' title='bbox 1201 5569 1338 5629; x_wconf 74' lang='grc' dir='ltr'>εἷναι</span> <span class='ocrx_word' id='word_1_418' title='bbox 1389 5578 1549 5632; x_wconf 82' lang='grc' dir='ltr'>αὐτὸν</span> <span class='ocrx_word' id='word_1_419' title='bbox 1613 5581 1842 5654; x_wconf 84' lang='grc' dir='ltr'>νομίσῃς</span> <span class='ocrx_word' id='word_1_420' title='bbox 1907 5584 2003 5654; x_wconf 87' lang='grc' dir='ltr'>φύ-</span> 
     </span>
    </p>
   </div>
   <div class='ocr_carea' id='block_1_56' title="bbox 438 5660 2005 5751">
    <p class='ocr_par' dir='ltr' id='par_1_56' title="bbox 438 5660 2005 5751">
     <span class='ocr_line' id='line_1_56' title="bbox 438 5660 2005 5751; baseline 0.019 -43"><span class='ocrx_word' id='word_1_421' title='bbox 438 5666 596 5748; x_wconf 74' lang='grc' dir='ltr'>σεως,</span> <span class='ocrx_word' id='word_1_422' title='bbox 623 5660 713 5713; x_wconf 65' lang='grc' dir='ltr'>καὶ</span> <span class='ocrx_word' id='word_1_423' title='bbox 753 5663 1020 5738; x_wconf 77' lang='grc' dir='ltr'>ἀπογνῷς,</span> <span class='ocrx_word' id='word_1_424' title='bbox 1055 5669 1191 5740; x_wconf 75' lang='grc' dir='ltr'>μήτε</span> <span class='ocrx_word' id='word_1_425' title='bbox 1216 5671 1302 5727; x_wconf 84' lang='grc' dir='ltr'>διά</span> <span class='ocrx_word' id='word_1_426' title='bbox 1344 5675 1411 5730; x_wconf 83' lang='grc' dir='ltr'>τὰ</span> <span class='ocrx_word' id='word_1_427' title='bbox 1469 5677 1640 5751; x_wconf 83' lang='grc' dir='ltr'>μικρά</span> <span class='ocrx_word' id='word_1_428' title='bbox 1685 5677 1854 5734; x_wconf 81' lang='grc' dir='ltr'>ταῦτα</span> <span class='ocrx_word' id='word_1_429' title='bbox 1905 5699 2005 5750; x_wconf 73' lang='grc' dir='ltr'>⁴κα-</span> 
     </span>
    </p>
   </div>
   <div class='ocr_carea' id='block_1_57' title="bbox 1127 296 3019 366">
    <p class='ocr_par' dir='ltr' id='par_1_57' title="bbox 1127 296 3019 366">
     <span class='ocr_line' id='line_1_57' title="bbox 1127 296 3019 366; baseline 0.003 -6"><span class='ocrx_word' id='word_1_430' title='bbox 1127 303 1187 360; x_wconf 88' lang='lat' dir='ltr'>S.</span> <span class='ocrx_word' id='word_1_431' title='bbox 1223 299 1513 360; x_wconf 77' lang='lat' dir='ltr'>JOANNIS</span> <span class='ocrx_word' id='word_1_432' title='bbox 1564 296 2054 355; x_wconf 80' lang='lat' dir='ltr'>CHRYSOSTOIII</span> <span class='ocrx_word' id='word_1_433' title='bbox 2094 301 2420 358; x_wconf 71' lang='lat' dir='ltr'>ARCIIIEP.</span> <span class='ocrx_word' id='word_1_434' title='bbox 2463 304 3019 366; x_wconf 66' lang='lat' dir='ltr'>CONSTANTINOP.</span> 
     </span>
    </p>
   </div>
   <div class='ocr_carea' id='block_1_58' title="bbox 3602 307 3722 365">
    <p class='ocr_par' dir='ltr' id='par_1_58' title="bbox 3602 307 3722 365">
     <span class='ocr_line' id='line_1_58' title="bbox 3602 307 3722 365; baseline 0.008 -3"><span class='ocrx_word' id='word_1_435' title='bbox 3602 307 3722 365; x_wconf 64' lang='lat'>508</span> 
     </span>
    </p>
   </div>
   <div class='ocr_carea' id='block_1_59' title="bbox 2131 409 3731 494">
    <p class='ocr_par' dir='ltr' id='par_1_59' title="bbox 2131 409 3731 494">
     <span class='ocr_line' id='line_1_59' title="bbox 2131 409 3731 494; baseline 0.013 -38"><span class='ocrx_word' id='word_1_436' title='bbox 2131 409 2344 478; x_wconf 79' lang='grc' dir='ltr'>ταγνῷς</span> <span class='ocrx_word' id='word_1_437' title='bbox 2365 413 2464 483; x_wconf 76' lang='grc' dir='ltr'>τῆς</span> <span class='ocrx_word' id='word_1_438' title='bbox 2497 414 2657 482; x_wconf 81' lang='grc' dir='ltr'>ἁγίας</span> <span class='ocrx_word' id='word_1_439' title='bbox 2685 413 2888 484; x_wconf 73' lang='grc' dir='ltr'>ψυχῆς,</span> <span class='ocrx_word' id='word_1_440' title='bbox 2926 413 3062 466; x_wconf 77' lang='grc' dir='ltr'>ἀλλά</span> <span class='ocrx_word' id='word_1_441' title='bbox 3091 415 3384 470; x_wconf 79' lang='grc' dir='ltr'>κάντεῦθεν</span> <span class='ocrx_word' id='word_1_442' title='bbox 3411 419 3576 473; x_wconf 82' lang='grc' dir='ltr'>πάλιν</span> <span class='ocrx_word' id='word_1_443' title='bbox 3614 423 3731 494; x_wconf 61' lang='grc' dir='ltr'>τὴν</span> 
     </span>
    </p>
   </div>
   <div class='ocr_carea' id='block_1_60' title="bbox 2128 512 3720 598">
    <p class='ocr_par' dir='ltr' id='par_1_60' title="bbox 2128 512 3720 598">
     <span class='ocr_line' id='line_1_60' title="bbox 2128 512 3720 598; baseline 0.017 -34"><span class='ocrx_word' id='word_1_444' title='bbox 2128 512 2434 581; x_wconf 84' lang='grc' dir='ltr'>ἀπόγνωσιν</span> <span class='ocrx_word' id='word_1_445' title='bbox 2490 517 2760 583; x_wconf 81' lang='grc' dir='ltr'>ἐκϐαλὼν,</span> <span class='ocrx_word' id='word_1_446' title='bbox 2807 521 2886 582; x_wconf 78' lang='grc' dir='ltr'>εἰς</span> <span class='ocrx_word' id='word_1_447' title='bbox 2940 521 3185 590; x_wconf 78' lang='grc' dir='ltr'>χρηστὰς</span> <span class='ocrx_word' id='word_1_448' title='bbox 3247 524 3443 576; x_wconf 63' lang='grc' dir='ltr'>σαυτὸν</span> <span class='ocrx_word' id='word_1_449' title='bbox 3498 527 3720 598; x_wconf 74' lang='grc' dir='ltr'>ἀγάγῃς</span> 
     </span>
    </p>
   </div>
   <div class='ocr_carea' id='block_1_61' title="bbox 2129 615 3726 700">
    <p class='ocr_par' dir='ltr' id='par_1_61' title="bbox 2129 615 3726 700">
     <span class='ocr_line' id='line_1_61' title="bbox 2129 615 3726 700; baseline 0.011 -34"><span class='ocrx_word' id='word_1_450' title='bbox 2129 615 2366 681; x_wconf 79' lang='grc' dir='ltr'>ἐλπίδας.</span> <span class='ocrx_word' id='word_1_451' title='bbox 2391 620 2489 672; x_wconf 87' lang='grc' dir='ltr'>Διά</span> <span class='ocrx_word' id='word_1_452' title='bbox 2527 621 2687 675; x_wconf 84' lang='grc' dir='ltr'>τοῦτο</span> <span class='ocrx_word' id='word_1_453' title='bbox 2715 621 2897 692; x_wconf 86' lang='grc' dir='ltr'>τίθησι</span> <span class='ocrx_word' id='word_1_454' title='bbox 2951 624 3111 678; x_wconf 84' lang='grc' dir='ltr'>πάλιν</span> <span class='ocrx_word' id='word_1_455' title='bbox 3147 626 3239 678; x_wconf 77' lang='grc' dir='ltr'>καί</span> <span class='ocrx_word' id='word_1_456' title='bbox 3269 627 3330 679; x_wconf 76' lang='grc' dir='ltr'>τὸ</span> <span class='ocrx_word' id='word_1_457' title='bbox 3354 628 3456 697; x_wconf 84' lang='grc' dir='ltr'>τῆς</span> <span class='ocrx_word' id='word_1_458' title='bbox 3490 631 3726 700; x_wconf 72' lang='grc' dir='ltr'>χάριτος</span> 
     </span>
    </p>
   </div>
   <div class='ocr_carea' id='block_1_62' title="bbox 2127 702 3717 804">
    <p class='ocr_par' dir='ltr' id='par_1_62' title="bbox 2127 702 3717 804">
     <span class='ocr_line' id='line_1_62' title="bbox 2127 702 3717 804; baseline 0.012 -35"><span class='ocrx_word' id='word_1_459' title='bbox 2127 719 2220 771; x_wconf 77' lang='grc' dir='ltr'>τοῦ</span> <span class='ocrx_word' id='word_1_460' title='bbox 2242 720 2377 774; x_wconf 74' lang='grc' dir='ltr'>Θεοῦ</span> <span class='ocrx_word' id='word_1_461' title='bbox 2409 723 2525 791; x_wconf 82' lang='grc' dir='ltr'>μεθ’</span> <span class='ocrx_word' id='word_1_462' title='bbox 2554 725 2880 797; x_wconf 81' lang='grc' dir='ltr'>ὑπερϐολῆς,</span> <span class='ocrx_word' id='word_1_463' title='bbox 2911 727 3111 797; x_wconf 82' lang='grc' dir='ltr'>μᾶλλον</span> <span class='ocrx_word' id='word_1_464' title='bbox 3137 729 3192 782; x_wconf 86' lang='grc' dir='ltr'>δέ</span> <span class='ocrx_word' id='word_1_465' title='bbox 3236 731 3297 782; x_wconf 85' lang='grc' dir='ltr'>ού</span> <span class='ocrx_word' id='word_1_466' title='bbox 3333 731 3451 801; x_wconf 75' lang='grc' dir='ltr'>μεθ’</span> <span class='ocrx_word' id='word_1_467' title='bbox 3479 702 3717 804; x_wconf 67' lang='grc' dir='ltr'>ύπερϐο-</span> 
     </span>
    </p>
   </div>
   <div class='ocr_carea' id='block_1_63' title="bbox 2127 821 3725 907">
    <p class='ocr_par' dir='ltr' id='par_1_63' title="bbox 2127 821 3725 907">
     <span class='ocr_line' id='line_1_63' title="bbox 2127 821 3725 907; baseline 0.013 -36"><span class='ocrx_word' id='word_1_468' title='bbox 2127 821 2226 890; x_wconf 77' lang='grc' dir='ltr'>λῆς</span> <span class='ocrx_word' id='word_1_469' title='bbox 2282 825 2416 879; x_wconf 84' lang='grc' dir='ltr'>ἀλλά</span> <span class='ocrx_word' id='word_1_470' title='bbox 2464 829 2599 898; x_wconf 86' lang='grc' dir='ltr'>μετά</span> <span class='ocrx_word' id='word_1_471' title='bbox 2658 829 3112 902; x_wconf 77' lang='grc' dir='ltr'>εὐγνωμοσύνης,</span> <span class='ocrx_word' id='word_1_472' title='bbox 3173 833 3260 887; x_wconf 82' lang='grc' dir='ltr'>ἴνα</span> <span class='ocrx_word' id='word_1_473' title='bbox 3315 837 3484 907; x_wconf 85' lang='grc' dir='ltr'>μηδὲν</span> <span class='ocrx_word' id='word_1_474' title='bbox 3544 840 3725 892; x_wconf 64' lang='grc' dir='ltr'>αὑτοῦ</span> 
     </span>
    </p>
   </div>
   <div class='ocr_carea' id='block_1_64' title="bbox 2134 926 3717 1013">
    <p class='ocr_par' dir='ltr' id='par_1_64' title="bbox 2134 926 3717 1013">
     <span class='ocr_line' id='line_1_64' title="bbox 2134 926 3717 1013; baseline 0.013 -37"><span class='ocrx_word' id='word_1_475' title='bbox 2134 927 2356 998; x_wconf 83' lang='grc' dir='ltr'>νομίσῃς</span> <span class='ocrx_word' id='word_1_476' title='bbox 2413 926 2571 985; x_wconf 76' lang='grc' dir='ltr'>εἶναι.</span> <span class='ocrx_word' id='word_1_477' title='bbox 2605 934 2770 1002; x_wconf 82' lang='grc' dir='ltr'>Λέγει</span> <span class='ocrx_word' id='word_1_478' title='bbox 2817 932 2872 988; x_wconf 90' lang='grc' dir='ltr'>δέ</span> <span class='ocrx_word' id='word_1_479' title='bbox 2923 936 3017 989; x_wconf 72' lang='grc' dir='ltr'>καὶ</span> <span class='ocrx_word' id='word_1_480' title='bbox 3047 937 3115 990; x_wconf 77' lang='grc' dir='ltr'>τὰ</span> <span class='ocrx_word' id='word_1_481' title='bbox 3145 939 3245 1009; x_wconf 78' lang='grc' dir='ltr'>τῆς</span> <span class='ocrx_word' id='word_1_482' title='bbox 3299 939 3467 993; x_wconf 78' lang='grc' dir='ltr'>αὑτοῦ</span> <span class='ocrx_word' id='word_1_483' title='bbox 3507 943 3717 1013; x_wconf 87' lang='grc' dir='ltr'>προθυ-</span> 
     </span>
    </p>
   </div>
   <div class='ocr_carea' id='block_1_65' title="bbox 2131 1030 3723 1119">
    <p class='ocr_par' dir='ltr' id='par_1_65' title="bbox 2131 1030 3723 1119">
     <span class='ocr_line' id='line_1_65' title="bbox 2131 1030 3723 1119; baseline 0.012 -37"><span class='ocrx_word' id='word_1_484' title='bbox 2131 1030 2278 1100; x_wconf 89' lang='grc' dir='ltr'>μίας,</span> <span class='ocrx_word' id='word_1_485' title='bbox 2316 1035 2400 1088; x_wconf 87' lang='grc' dir='ltr'>ίνα</span> <span class='ocrx_word' id='word_1_486' title='bbox 2436 1033 2591 1106; x_wconf 82' lang='grc' dir='ltr'>μὴτὸ</span> <span class='ocrx_word' id='word_1_487' title='bbox 2622 1041 2728 1092; x_wconf 80' lang='grc' dir='ltr'>πᾶν</span> <span class='ocrx_word' id='word_1_488' title='bbox 2763 1039 2854 1092; x_wconf 73' lang='grc' dir='ltr'>ἐπὶ</span> <span class='ocrx_word' id='word_1_489' title='bbox 2876 1039 2968 1093; x_wconf 75' lang='grc' dir='ltr'>τὸν</span> <span class='ocrx_word' id='word_1_490' title='bbox 3001 1042 3132 1094; x_wconf 85' lang='grc' dir='ltr'>Θεὸν</span> <span class='ocrx_word' id='word_1_491' title='bbox 3163 1043 3345 1114; x_wconf 72' lang='grc' dir='ltr'>ῥίψας,</span> <span class='ocrx_word' id='word_1_492' title='bbox 3367 1045 3561 1119; x_wconf 79' lang='grc' dir='ltr'>διάγῃς</span> <span class='ocrx_word' id='word_1_493' title='bbox 3582 1047 3723 1100; x_wconf 58' lang='grc' dir='ltr'>καθ’</span> 
     </span>
    </p>
   </div>
   <div class='ocr_carea' id='block_1_66' title="bbox 2127 1139 3721 1221">
    <p class='ocr_par' dir='ltr' id='par_1_66' title="bbox 2127 1139 3721 1221">
     <span class='ocr_line' id='line_1_66' title="bbox 2127 1139 3721 1221; baseline 0.011 -31"><span class='ocrx_word' id='word_1_494' title='bbox 2127 1139 2293 1193; x_wconf 87' lang='grc' dir='ltr'>εύδων</span> <span class='ocrx_word' id='word_1_495' title='bbox 2327 1142 2418 1194; x_wconf 79' lang='grc' dir='ltr'>καὶ</span> <span class='ocrx_word' id='word_1_496' title='bbox 2463 1145 2694 1214; x_wconf 74' lang='grc' dir='ltr'>ρέγχων.</span> <span class='ocrx_word' id='word_1_497' title='bbox 2733 1148 2844 1201; x_wconf 85' lang='lat' dir='ltr'>Kal</span> <span class='ocrx_word' id='word_1_498' title='bbox 2878 1148 3097 1202; x_wconf 88' lang='grc' dir='ltr'>πάντων</span> <span class='ocrx_word' id='word_1_499' title='bbox 3139 1150 3311 1221; x_wconf 77' lang='grc' dir='ltr'>μέτρα</span> <span class='ocrx_word' id='word_1_500' title='bbox 3348 1151 3446 1204; x_wconf 79' lang='grc' dir='ltr'>καὶ</span> <span class='ocrx_word' id='word_1_501' title='bbox 3482 1153 3721 1217; x_wconf 82' lang='grc' dir='ltr'>κανόνας</span> 
     </span>
    </p>
   </div>
   <div class='ocr_carea' id='block_1_67' title="bbox 2128 1245 3721 1327">
    <p class='ocr_par' dir='ltr' id='par_1_67' title="bbox 2128 1245 3721 1327">
     <span class='ocr_line' id='line_1_67' title="bbox 2128 1245 3721 1327; baseline 0.01 -31"><span class='ocrx_word' id='word_1_502' title='bbox 2128 1245 2381 1316; x_wconf 82' lang='grc' dir='ltr'>εὑρήσεις</span> <span class='ocrx_word' id='word_1_503' title='bbox 2402 1250 2530 1319; x_wconf 81' lang='grc' dir='ltr'>παρ’</span> <span class='ocrx_word' id='word_1_504' title='bbox 2549 1250 2700 1321; x_wconf 81' lang='grc' dir='ltr'>αὐτῷ</span> <span class='ocrx_word' id='word_1_505' title='bbox 2728 1253 2870 1322; x_wconf 88' lang='grc' dir='ltr'>μετά</span> <span class='ocrx_word' id='word_1_506' title='bbox 2898 1255 3187 1326; x_wconf 86' lang='grc' dir='ltr'>ἀκριϐείας</span> <span class='ocrx_word' id='word_1_507' title='bbox 3209 1257 3516 1327; x_wconf 84' lang='grc' dir='ltr'>κειμένους.</span> <span class='ocrx_word' id='word_1_508' title='bbox 3549 1259 3721 1312; x_wconf 76' lang='grc' dir='ltr'>Ἀλλά</span> 
     </span>
    </p>
   </div>
   <div class='ocr_carea' id='block_1_68' title="bbox 2129 1350 3718 1433">
    <p class='ocr_par' dir='ltr' id='par_1_68' title="bbox 2129 1350 3718 1433">
     <span class='ocr_line' id='line_1_68' title="bbox 2129 1350 3718 1433; baseline 0.011 -32"><span class='ocrx_word' id='word_1_509' title='bbox 2129 1350 2222 1402; x_wconf 82' lang='grc' dir='ltr'>καὶ</span> <span class='ocrx_word' id='word_1_510' title='bbox 2238 1351 2555 1423; x_wconf 79' lang='grc' dir='ltr'>ἐπηράσατο</span> <span class='ocrx_word' id='word_1_511' title='bbox 2566 1355 2643 1426; x_wconf 84' lang='grc' dir='ltr'>τῷ</span> <span class='ocrx_word' id='word_1_512' title='bbox 2654 1357 3058 1431; x_wconf 78' lang='grc' dir='ltr'>χαλκεί,φησ“ιν,</span> <span class='ocrx_word' id='word_1_513' title='bbox 3077 1359 3411 1433; x_wconf 77' lang='grc' dir='ltr'>Ἀλεξάνδρῳ</span> <span class='ocrx_word' id='word_1_514' title='bbox 3429 1364 3582 1419; x_wconf 88' lang='grc' dir='ltr'>ποτέ.</span> <span class='ocrx_word' id='word_1_515' title='bbox 3602 1364 3718 1418; x_wconf 87' lang='lat' dir='ltr'>Kal</span> 
     </span>
    </p>
   </div>
   <div class='ocr_carea' id='block_1_69' title="bbox 2124 1439 3720 1537">
    <p class='ocr_par' dir='ltr' id='par_1_69' title="bbox 2124 1439 3720 1537">
     <span class='ocr_line' id='line_1_69' title="bbox 2124 1439 3720 1537; baseline 0.011 -34"><span class='ocrx_word' id='word_1_516' title='bbox 2124 1451 2178 1504; x_wconf 85' lang='grc' dir='ltr'>τί</span> <span class='ocrx_word' id='word_1_517' title='bbox 2202 1452 2390 1520; x_wconf 85' lang='grc' dir='ltr'>τοῦτο;</span> <span class='ocrx_word' id='word_1_518' title='bbox 2418 1458 2493 1509; x_wconf 86' lang='grc' dir='ltr'>Οὐ</span> <span class='ocrx_word' id='word_1_519' title='bbox 2526 1457 2634 1529; x_wconf 85' lang='grc' dir='ltr'>γὰρ</span> <span class='ocrx_word' id='word_1_520' title='bbox 2667 1458 2840 1530; x_wconf 79' lang='grc' dir='ltr'>θυμοῦ</span> <span class='ocrx_word' id='word_1_521' title='bbox 2869 1462 2930 1514; x_wconf 84' lang='grc' dir='ltr'>τὸ</span> <span class='ocrx_word' id='word_1_522' title='bbox 2962 1439 3113 1533; x_wconf 79' lang='grc' dir='ltr'>ῥῆμα</span> <span class='ocrx_word' id='word_1_523' title='bbox 3137 1459 3227 1535; x_wconf 83' lang='grc' dir='ltr'>ἦν,</span> <span class='ocrx_word' id='word_1_524' title='bbox 3261 1465 3377 1518; x_wconf 87' lang='grc' dir='ltr'>ἀλλ’</span> <span class='ocrx_word' id='word_1_525' title='bbox 3397 1465 3594 1537; x_wconf 84' lang='grc' dir='ltr'>ὀδύνης</span> <span class='ocrx_word' id='word_1_526' title='bbox 3613 1467 3720 1536; x_wconf 81' lang='grc' dir='ltr'>τῆς</span> 
     </span>
    </p>
   </div>
   <div class='ocr_carea' id='block_1_70' title="bbox 2127 1553 3720 1638">
    <p class='ocr_par' dir='ltr' id='par_1_70' title="bbox 2127 1553 3720 1638">
     <span class='ocr_line' id='line_1_70' title="bbox 2127 1553 3720 1638; baseline 0.01 -32"><span class='ocrx_word' id='word_1_527' title='bbox 2127 1553 2269 1626; x_wconf 76' lang='grc' dir='ltr'>ὑπὲρ</span> <span class='ocrx_word' id='word_1_528' title='bbox 2287 1556 2388 1627; x_wconf 77' lang='grc' dir='ltr'>τῆς</span> <span class='ocrx_word' id='word_1_529' title='bbox 2403 1558 2658 1630; x_wconf 85' lang='grc' dir='ltr'>ἀληθείας</span> <span class='ocrx_word' id='word_1_530' title='bbox 2674 1579 2687 1590; x_wconf 92' lang='grc'><strong>·</strong></span> <span class='ocrx_word' id='word_1_531' title='bbox 2707 1563 2768 1614; x_wconf 86' lang='grc' dir='ltr'>ού</span> <span class='ocrx_word' id='word_1_532' title='bbox 2784 1563 2893 1635; x_wconf 74' lang='grc' dir='ltr'>γάρ</span> <span class='ocrx_word' id='word_1_533' title='bbox 2909 1564 2974 1617; x_wconf 86' lang='grc' dir='ltr'>δι’</span> <span class='ocrx_word' id='word_1_534' title='bbox 2996 1566 3184 1619; x_wconf 73' lang='grc' dir='ltr'>ἐαυτὸν</span> <span class='ocrx_word' id='word_1_535' title='bbox 3206 1566 3382 1638; x_wconf 68' lang='grc' dir='ltr'>ἤλγει,</span> <span class='ocrx_word' id='word_1_536' title='bbox 3399 1568 3608 1622; x_wconf 82' lang='grc' dir='ltr'>ἀλλ’ὅτι</span> <span class='ocrx_word' id='word_1_537' title='bbox 3627 1570 3720 1624; x_wconf 84' lang='grc' dir='ltr'>ἀν-</span> 
     </span>
    </p>
   </div>
   <div class='ocr_carea' id='block_1_71' title="bbox 2127 1659 3720 1743">
    <p class='ocr_par' dir='ltr' id='par_1_71' title="bbox 2127 1659 3720 1743">
     <span class='ocr_line' id='line_1_71' title="bbox 2127 1659 3720 1743; baseline 0.011 -34"><span class='ocrx_word' id='word_1_538' title='bbox 2127 1659 2347 1714; x_wconf 86' lang='grc' dir='ltr'>θίστατο</span> <span class='ocrx_word' id='word_1_539' title='bbox 2366 1661 2444 1732; x_wconf 83' lang='grc' dir='ltr'>τῷ</span> <span class='ocrx_word' id='word_1_540' title='bbox 2463 1664 2810 1734; x_wconf 83' lang='grc' dir='ltr'>κηρύγματι·</span> <span class='ocrx_word' id='word_1_541' title='bbox 2829 1669 2982 1720; x_wconf 71' lang='grc' dir='ltr'>Λιάν</span> <span class='ocrx_word' id='word_1_542' title='bbox 2996 1668 3104 1738; x_wconf 78' lang='grc' dir='ltr'>γάρ</span> <span class='ocrx_word' id='word_1_543' title='bbox 3121 1669 3494 1735; x_wconf 83' lang='grc' dir='ltr'>ἀνθίσταται,</span> <span class='ocrx_word' id='word_1_544' title='bbox 3523 1673 3720 1743; x_wconf 66' lang='grc' dir='ltr'>φησιν,</span> 
     </span>
    </p>
   </div>
   <div class='ocr_carea' id='block_1_72' title="bbox 2125 1763 3726 1850">
    <p class='ocr_par' dir='ltr' id='par_1_72' title="bbox 2125 1763 3726 1850">
     <span class='ocr_line' id='line_1_72' title="bbox 2125 1763 3726 1850; baseline 0.01 -34"><span class='ocrx_word' id='word_1_545' title='bbox 2125 1763 2245 1834; x_wconf 77' lang='grc' dir='ltr'>ούχὶ</span> <span class='ocrx_word' id='word_1_546' title='bbox 2275 1765 2420 1836; x_wconf 78' lang='grc' dir='ltr'>ἐμοὶ,</span> <span class='ocrx_word' id='word_1_547' title='bbox 2455 1767 2590 1822; x_wconf 88' lang='grc' dir='ltr'>ἀλλά</span> <span class='ocrx_word' id='word_1_548' title='bbox 2612 1771 2737 1835; x_wconf 73' lang='grc' dir='ltr'>τοῖς</span> <span class='ocrx_word' id='word_1_549' title='bbox 2759 1771 3068 1841; x_wconf 77' lang='grc' dir='ltr'>ἡμετέροις</span> <span class='ocrx_word' id='word_1_550' title='bbox 3094 1776 3325 1844; x_wconf 78' lang='grc' dir='ltr'>λόγοις·</span> <span class='ocrx_word' id='word_1_551' title='bbox 3365 1777 3506 1831; x_wconf 81' lang='grc' dir='ltr'>ὥστε</span> <span class='ocrx_word' id='word_1_552' title='bbox 3538 1781 3572 1849; x_wconf 83' lang='grc' dir='ltr'>ὴ</span> <span class='ocrx_word' id='word_1_553' title='bbox 3603 1779 3726 1850; x_wconf 70' lang='grc' dir='ltr'>ἀρὰ</span> 
     </span>
    </p>
   </div>
   <div class='ocr_carea' id='block_1_73' title="bbox 2125 1867 3720 1954">
    <p class='ocr_par' dir='ltr' id='par_1_73' title="bbox 2125 1867 3720 1954">
     <span class='ocr_line' id='line_1_73' title="bbox 2125 1867 3720 1954; baseline 0.012 -36"><span class='ocrx_word' id='word_1_554' title='bbox 2125 1867 2187 1919; x_wconf 88' lang='grc' dir='ltr'>οὐ</span> <span class='ocrx_word' id='word_1_555' title='bbox 2233 1869 2394 1937; x_wconf 88' lang='grc' dir='ltr'>μόνον</span> <span class='ocrx_word' id='word_1_556' title='bbox 2417 1869 2509 1922; x_wconf 84' lang='grc' dir='ltr'>τὸν</span> <span class='ocrx_word' id='word_1_557' title='bbox 2545 1871 2736 1925; x_wconf 86' lang='grc' dir='ltr'>τούτου</span> <span class='ocrx_word' id='word_1_558' title='bbox 2792 1874 2957 1929; x_wconf 89' lang='grc' dir='ltr'>πόθον</span> <span class='ocrx_word' id='word_1_559' title='bbox 3007 1877 3251 1931; x_wconf 78' lang='grc' dir='ltr'>ἐδείκνυε</span> <span class='ocrx_word' id='word_1_560' title='bbox 3303 1880 3395 1933; x_wconf 81' lang='grc' dir='ltr'>τὸν</span> <span class='ocrx_word' id='word_1_561' title='bbox 3445 1881 3586 1954; x_wconf 79' lang='grc' dir='ltr'>ὑπὲρ</span> <span class='ocrx_word' id='word_1_562' title='bbox 3612 1883 3720 1952; x_wconf 82' lang='grc' dir='ltr'>τῆς</span> 
     </span>
    </p>
   </div>
   <div class='ocr_carea' id='block_1_74' title="bbox 2123 1967 3726 2058">
    <p class='ocr_par' dir='ltr' id='par_1_74' title="bbox 2123 1967 3726 2058">
     <span class='ocr_line' id='line_1_74' title="bbox 2123 1967 3726 2058; baseline 0.011 -38"><span class='ocrx_word' id='word_1_563' title='bbox 2123 1967 2402 2038; x_wconf 85' lang='grc' dir='ltr'>ἀληθείας,</span> <span class='ocrx_word' id='word_1_564' title='bbox 2414 1971 2551 2026; x_wconf 85' lang='grc' dir='ltr'>ἀλλά</span> <span class='ocrx_word' id='word_1_565' title='bbox 2569 1975 2662 2028; x_wconf 72' lang='grc' dir='ltr'>καὶ</span> <span class='ocrx_word' id='word_1_566' title='bbox 2680 1978 2806 2040; x_wconf 83' lang='grc' dir='ltr'>τοὺς</span> <span class='ocrx_word' id='word_1_567' title='bbox 2824 1978 3072 2049; x_wconf 81' lang='grc' dir='ltr'>μαθητὰς</span> <span class='ocrx_word' id='word_1_568' title='bbox 3088 1998 3224 2051; x_wconf 88' lang='grc' dir='ltr'>παρε</span> <span class='ocrx_word' id='word_1_569' title='bbox 3236 1983 3475 2051; x_wconf 81' lang='grc' dir='ltr'>μυθεῖτο.</span> <span class='ocrx_word' id='word_1_570' title='bbox 3493 1985 3726 2058; x_wconf 74' lang='grc' dir='ltr'>Ἐπειδὴ</span> 
     </span>
    </p>
   </div>
   <div class='ocr_carea' id='block_1_75' title="bbox 2124 2072 3722 2160">
    <p class='ocr_par' dir='ltr' id='par_1_75' title="bbox 2124 2072 3722 2160">
     <span class='ocr_line' id='line_1_75' title="bbox 2124 2072 3722 2160; baseline 0.012 -35"><span class='ocrx_word' id='word_1_571' title='bbox 2124 2072 2232 2144; x_wconf 84' lang='grc' dir='ltr'>γὰρ</span> <span class='ocrx_word' id='word_1_572' title='bbox 2267 2074 2474 2140; x_wconf 86' lang='grc' dir='ltr'>πάντας</span> <span class='ocrx_word' id='word_1_573' title='bbox 2518 2078 2667 2142; x_wconf 83' lang='grc' dir='ltr'>είκὸς</span> <span class='ocrx_word' id='word_1_574' title='bbox 2710 2075 2778 2150; x_wconf 77' lang='grc' dir='ltr'>ἦν</span> <span class='ocrx_word' id='word_1_575' title='bbox 2831 2083 3300 2151; x_wconf 75' lang='grc' dir='ltr'>σκανδαλίζεσθαι,</span> <span class='ocrx_word' id='word_1_576' title='bbox 3327 2086 3437 2141; x_wconf 87' lang='grc' dir='ltr'>τῶν</span> <span class='ocrx_word' id='word_1_577' title='bbox 3462 2089 3722 2160; x_wconf 77' lang='grc' dir='ltr'>ἐπηρεα-</span> 
     </span>
    </p>
   </div>
   <div class='ocr_carea' id='block_1_76' title="bbox 2125 2175 3728 2260">
    <p class='ocr_par' dir='ltr' id='par_1_76' title="bbox 2125 2175 3728 2260">
     <span class='ocr_line' id='line_1_76' title="bbox 2125 2175 3728 2260; baseline 0.009 -32"><span class='ocrx_word' id='word_1_578' title='bbox 2125 2175 2328 2239; x_wconf 77' lang='grc' dir='ltr'>ζόντων</span> <span class='ocrx_word' id='word_1_579' title='bbox 2351 2177 2498 2250; x_wconf 78' lang='grc'>[510]</span> <span class='ocrx_word' id='word_1_580' title='bbox 2523 2180 2603 2250; x_wconf 83' lang='grc' dir='ltr'>τῷ</span> <span class='ocrx_word' id='word_1_581' title='bbox 2637 2181 2782 2254; x_wconf 88' lang='grc' dir='ltr'>λόγῳ</span> <span class='ocrx_word' id='word_1_582' title='bbox 2836 2185 2991 2238; x_wconf 82' lang='grc' dir='ltr'>οὐδὲν</span> <span class='ocrx_word' id='word_1_583' title='bbox 3052 2189 3387 2260; x_wconf 83' lang='grc' dir='ltr'>πασχόντων,</span> <span class='ocrx_word' id='word_1_584' title='bbox 3423 2191 3513 2244; x_wconf 78' lang='grc' dir='ltr'>διὰ</span> <span class='ocrx_word' id='word_1_585' title='bbox 3546 2193 3728 2248; x_wconf 81' lang='grc' dir='ltr'>τοῦτο.</span> 
     </span>
    </p>
   </div>
   <div class='ocr_carea' id='block_1_77' title="bbox 2121 2271 3718 2368">
    <p class='ocr_par' dir='ltr' id='par_1_77' title="bbox 2121 2271 3718 2368">
     <span class='ocr_line' id='line_1_77' title="bbox 2121 2271 3718 2368; baseline 0.012 -35"><span class='ocrx_word' id='word_1_586' title='bbox 2121 2281 2296 2336; x_wconf 80' lang='grc' dir='ltr'>ταῦτά</span> <span class='ocrx_word' id='word_1_587' title='bbox 2340 2302 2523 2355; x_wconf 86' lang='grc' dir='ltr'>φησιν.</span> <span class='ocrx_word' id='word_1_588' title='bbox 2551 2287 2711 2342; x_wconf 84' lang='grc' dir='ltr'>Ἀλλά</span> <span class='ocrx_word' id='word_1_589' title='bbox 2737 2291 2830 2342; x_wconf 76' lang='lat' dir='ltr'><strong><em>xal</em></strong></span> <span class='ocrx_word' id='word_1_590' title='bbox 2873 2271 3180 2360; x_wconf 81' lang='grc' dir='ltr'>κατηύξατό</span> <span class='ocrx_word' id='word_1_591' title='bbox 3223 2311 3354 2347; x_wconf 85' lang='grc' dir='ltr'>ποτε</span> <span class='ocrx_word' id='word_1_592' title='bbox 3406 2297 3609 2368; x_wconf 83' lang='grc' dir='ltr'>ἐτέρων</span> <span class='ocrx_word' id='word_1_593' title='bbox 3635 2316 3718 2353; x_wconf 79' lang='grc' dir='ltr'>τιρ</span> 
     </span>
    </p>
   </div>
   <div class='ocr_carea' id='block_1_78' title="bbox 2123 2383 3719 2463">
    <p class='ocr_par' dir='ltr' id='par_1_78' title="bbox 2123 2383 3719 2463">
     <span class='ocr_line' id='line_1_78' title="bbox 2123 2383 3719 2463; baseline 0.014 -28"><span class='ocrx_word' id='word_1_594' title='bbox 2123 2383 2250 2451; x_wconf 87' lang='grc' dir='ltr'>νῶν,</span> <span class='ocrx_word' id='word_1_595' title='bbox 2281 2384 2480 2454; x_wconf 80' lang='grc' dir='ltr'>λέγων’</span> <span class='ocrx_word' id='word_1_596' title='bbox 2515 2389 2700 2459; x_wconf 76' lang='grc' dir='ltr'>Εἴπερ</span> <span class='ocrx_word' id='word_1_597' title='bbox 2728 2390 2963 2447; x_wconf 82' lang='grc' dir='ltr'>δίκαιον</span> <span class='ocrx_word' id='word_1_598' title='bbox 2997 2395 3156 2463; x_wconf 81' lang='grc' dir='ltr'>παρὰ</span> <span class='ocrx_word' id='word_1_599' title='bbox 3187 2397 3308 2463; x_wconf 86' lang='grc' dir='ltr'>Θεῷ</span> <span class='ocrx_word' id='word_1_600' title='bbox 3335 2399 3719 2456; x_wconf 79' lang='grc' dir='ltr'>ἀνταποδοῦ-</span> 
     </span>
    </p>
   </div>
   <div class='ocr_carea' id='block_1_79' title="bbox 2123 2489 3718 2568">
    <p class='ocr_par' dir='ltr' id='par_1_79' title="bbox 2123 2489 3718 2568">
     <span class='ocr_line' id='line_1_79' title="bbox 2123 2489 3718 2568; baseline 0.013 -28"><span class='ocrx_word' id='word_1_601' title='bbox 2123 2504 2223 2542; x_wconf 79' lang='grc' dir='ltr'>ναι</span> <span class='ocrx_word' id='word_1_602' title='bbox 2254 2489 2368 2557; x_wconf 78' lang='grc' dir='ltr'>τοῖς</span> <span class='ocrx_word' id='word_1_603' title='bbox 2400 2494 2713 2548; x_wconf 80' lang='grc' dir='ltr'>θλίϐουσιν</span> <span class='ocrx_word' id='word_1_604' title='bbox 2735 2495 2892 2566; x_wconf 75' lang='grc' dir='ltr'>ἡμᾶς</span> <span class='ocrx_word' id='word_1_605' title='bbox 2920 2498 3132 2566; x_wconf 71' lang='grc' dir='ltr'>θλῖψιν</span> <span class='ocrx_word' id='word_1_606' title='bbox 3151 2517 3164 2530; x_wconf 88' lang='grc'><strong>·</strong></span> <span class='ocrx_word' id='word_1_607' title='bbox 3193 2501 3557 2568; x_wconf 86' lang='grc' dir='ltr'>οὐκ,ἐκείνους</span> <span class='ocrx_word' id='word_1_608' title='bbox 3583 2509 3718 2560; x_wconf 78' lang='grc' dir='ltr'>ἐπι-</span> 
     </span>
    </p>
   </div>
   <div class='ocr_carea' id='block_1_80' title="bbox 2123 2593 3715 2682">
    <p class='ocr_par' dir='ltr' id='par_1_80' title="bbox 2123 2593 3715 2682">
     <span class='ocr_line' id='line_1_80' title="bbox 2123 2593 3715 2682; baseline 0.013 -37"><span class='ocrx_word' id='word_1_609' title='bbox 2123 2593 2312 2662; x_wconf 88' lang='grc' dir='ltr'>θυμῶν</span> <span class='ocrx_word' id='word_1_610' title='bbox 2346 2596 2501 2666; x_wconf 88' lang='grc' dir='ltr'>δίκην</span> <span class='ocrx_word' id='word_1_611' title='bbox 2527 2597 2731 2664; x_wconf 77' lang='grc' dir='ltr'>δοῦναι,</span> <span class='ocrx_word' id='word_1_612' title='bbox 2773 2601 2847 2672; x_wconf 80' lang='grc' dir='ltr'>μὴ</span> <span class='ocrx_word' id='word_1_613' title='bbox 2873 2602 3102 2671; x_wconf 87' lang='grc' dir='ltr'>γένοιτο,</span> <span class='ocrx_word' id='word_1_614' title='bbox 3137 2605 3276 2659; x_wconf 88' lang='grc' dir='ltr'>ἀλλά</span> <span class='ocrx_word' id='word_1_615' title='bbox 3302 2609 3429 2671; x_wconf 79' lang='grc' dir='ltr'>τοὺς</span> <span class='ocrx_word' id='word_1_616' title='bbox 3465 2610 3715 2682; x_wconf 77' lang='grc' dir='ltr'>ἐπηρεα-</span> 
     </span>
    </p>
   </div>
   <div class='ocr_carea' id='block_1_81' title="bbox 2123 2700 3712 2784">
    <p class='ocr_par' dir='ltr' id='par_1_81' title="bbox 2123 2700 3712 2784">
     <span class='ocr_line' id='line_1_81' title="bbox 2123 2700 3712 2784; baseline 0.011 -31"><span class='ocrx_word' id='word_1_617' title='bbox 2123 2700 2381 2772; x_wconf 80' lang='grc' dir='ltr'>ζομένους</span> <span class='ocrx_word' id='word_1_618' title='bbox 2409 2704 2652 2760; x_wconf 85' lang='grc' dir='ltr'>σπεύδων</span> <span class='ocrx_word' id='word_1_619' title='bbox 2682 2710 3190 2781; x_wconf 83' lang='grc' dir='ltr'>παραμυθήσασθαι</span> <span class='ocrx_word' id='word_1_620' title='bbox 3210 2729 3225 2744; x_wconf 74' lang='grc' dir='ltr'>ο</span> <span class='ocrx_word' id='word_1_621' title='bbox 3244 2713 3324 2766; x_wconf 88' lang='grc' dir='ltr'>διὸ</span> <span class='ocrx_word' id='word_1_622' title='bbox 3353 2714 3449 2767; x_wconf 75' lang='grc' dir='ltr'>καὶ</span> <span class='ocrx_word' id='word_1_623' title='bbox 3483 2715 3712 2784; x_wconf 83' lang='grc' dir='ltr'>ἐπάγει,</span> 
     </span>
    </p>
   </div>
   <div class='ocr_carea' id='block_1_82' title="bbox 2113 2805 3721 2884">
    <p class='ocr_par' dir='ltr' id='par_1_82' title="bbox 2113 2805 3721 2884">
     <span class='ocr_line' id='line_1_82' title="bbox 2113 2805 3721 2884; baseline 0.007 -26"><span class='ocrx_word' id='word_1_624' title='bbox 2113 2805 2327 2873; x_wconf 82' lang='grc' dir='ltr'>Αὐτοῖς</span> <span class='ocrx_word' id='word_1_625' title='bbox 2358 2807 2483 2874; x_wconf 84' lang='grc' dir='ltr'>τοῖς</span> <span class='ocrx_word' id='word_1_626' title='bbox 2512 2812 2887 2880; x_wconf 81' lang='grc' dir='ltr'>θλιϐομένοις</span> <span class='ocrx_word' id='word_1_627' title='bbox 2909 2814 3144 2870; x_wconf 79' lang='grc' dir='ltr'>ἄνεσιν.</span> <span class='ocrx_word' id='word_1_628' title='bbox 3193 2815 3349 2870; x_wconf 74' lang='grc' dir='ltr'>Ἐπεὶ</span> <span class='ocrx_word' id='word_1_629' title='bbox 3377 2818 3506 2871; x_wconf 78' lang='grc' dir='ltr'>ὅταν</span> <span class='ocrx_word' id='word_1_630' title='bbox 3543 2817 3721 2884; x_wconf 74' lang='grc' dir='ltr'>αὐτός</span> 
     </span>
    </p>
   </div>
   <div class='ocr_carea' id='block_1_83' title="bbox 2121 2913 3716 2992">
    <p class='ocr_par' dir='ltr' id='par_1_83' title="bbox 2121 2913 3716 2992">
     <span class='ocr_line' id='line_1_83' title="bbox 2121 2913 3716 2992; baseline 0.009 -27"><span class='ocrx_word' id='word_1_631' title='bbox 2121 2930 2175 2965; x_wconf 87' lang='grc' dir='ltr'>τι</span> <span class='ocrx_word' id='word_1_632' title='bbox 2211 2913 2395 2986; x_wconf 84' lang='grc' dir='ltr'>πάσχῃ</span> <span class='ocrx_word' id='word_1_633' title='bbox 2434 2915 2620 2986; x_wconf 83' lang='grc' dir='ltr'>ἀηδὲς,</span> <span class='ocrx_word' id='word_1_634' title='bbox 2663 2917 2899 2974; x_wconf 80' lang='grc' dir='ltr'>ἄκουσον</span> <span class='ocrx_word' id='word_1_635' title='bbox 2941 2921 3058 2985; x_wconf 88' lang='grc' dir='ltr'>πῶς</span> <span class='ocrx_word' id='word_1_636' title='bbox 3098 2923 3400 2992; x_wconf 79' lang='grc' dir='ltr'>φιλοσοφεῖ,</span> <span class='ocrx_word' id='word_1_637' title='bbox 3457 2925 3550 2978; x_wconf 83' lang='grc' dir='ltr'>καὶ</span> <span class='ocrx_word' id='word_1_638' title='bbox 3589 2929 3716 2992; x_wconf 80' lang='grc' dir='ltr'>τοῖς</span> 
     </span>
    </p>
   </div>
   <div class='ocr_carea' id='block_1_84' title="bbox 2125 3017 3802 3097">
    <p class='ocr_par' dir='ltr' id='par_1_84' title="bbox 2125 3017 3802 3097">
     <span class='ocr_line' id='line_1_84' title="bbox 2125 3017 3802 3097; baseline 0.01 -27"><span class='ocrx_word' id='word_1_639' title='bbox 2125 3017 2383 3082; x_wconf 83' lang='grc' dir='ltr'>ἐναντίοις</span> <span class='ocrx_word' id='word_1_640' title='bbox 2413 3020 2726 3091; x_wconf 85' lang='grc' dir='ltr'>ἀμείϐεται,</span> <span class='ocrx_word' id='word_1_641' title='bbox 2771 3023 2978 3094; x_wconf 75' lang='grc' dir='ltr'>λέγων’</span> <span class='ocrx_word' id='word_1_642' title='bbox 3035 3027 3490 3097; x_wconf 79' lang='grc' dir='ltr'>Λοιδορούμενοι</span> <span class='ocrx_word' id='word_1_643' title='bbox 3539 3031 3722 3086; x_wconf 74' lang='grc' dir='ltr'>εὐλο-</span> <span class='ocrx_word' id='word_1_644' title='bbox 3795 3030 3802 3044; x_wconf 84' lang='grc'><em>’</em></span> 
     </span>
    </p>
   </div>
   <div class='ocr_carea' id='block_1_85' title="bbox 2122 3121 3714 3204">
    <p class='ocr_par' dir='ltr' id='par_1_85' title="bbox 2122 3121 3714 3204">
     <span class='ocr_line' id='line_1_85' title="bbox 2122 3121 3714 3204; baseline 0.009 -30"><span class='ocrx_word' id='word_1_645' title='bbox 2122 3121 2370 3192; x_wconf 76' lang='grc' dir='ltr'>γοῦμεν,</span> <span class='ocrx_word' id='word_1_646' title='bbox 2399 3121 2748 3192; x_wconf 83' lang='grc' dir='ltr'>διωκόμενοι</span> <span class='ocrx_word' id='word_1_647' title='bbox 2772 3127 3128 3199; x_wconf 79' lang='grc' dir='ltr'>ἀνεχόμεθα,</span> <span class='ocrx_word' id='word_1_648' title='bbox 3157 3132 3714 3204; x_wconf 71' lang='grc' dir='ltr'>βλασφημούμενοι</span> 
     </span>
    </p>
   </div>
   <div class='ocr_carea' id='block_1_86' title="bbox 2122 3228 3711 3310">
    <p class='ocr_par' dir='ltr' id='par_1_86' title="bbox 2122 3228 3711 3310">
     <span class='ocr_line' id='line_1_86' title="bbox 2122 3228 3711 3310; baseline 0.009 -32"><span class='ocrx_word' id='word_1_649' title='bbox 2122 3228 2606 3299; x_wconf 74' lang='grc' dir='ltr'>παρακαλοῦμεν.</span> <span class='ocrx_word' id='word_1_650' title='bbox 2643 3229 2708 3284; x_wconf 80' lang='grc' dir='ltr'><strong>Εἰ</strong></span> <span class='ocrx_word' id='word_1_651' title='bbox 2739 3231 2797 3286; x_wconf 83' lang='grc' dir='ltr'>δὲ</span> <span class='ocrx_word' id='word_1_652' title='bbox 2816 3232 2884 3288; x_wconf 89' lang='grc' dir='ltr'>τά</span> <span class='ocrx_word' id='word_1_653' title='bbox 2917 3235 3055 3307; x_wconf 77' lang='grc' dir='ltr'>ὑπὲρ</span> <span class='ocrx_word' id='word_1_654' title='bbox 3088 3236 3198 3290; x_wconf 89' lang='grc' dir='ltr'>τῶν</span> <span class='ocrx_word' id='word_1_655' title='bbox 3244 3236 3420 3291; x_wconf 83' lang='grc' dir='ltr'>ἀλλων</span> <span class='ocrx_word' id='word_1_656' title='bbox 3439 3237 3711 3310; x_wconf 79' lang='grc' dir='ltr'>λεγόμενα</span> 
     </span>
    </p>
   </div>
   <div class='ocr_carea' id='block_1_87' title="bbox 2122 3329 3710 3412">
    <p class='ocr_par' dir='ltr' id='par_1_87' title="bbox 2122 3329 3710 3412">
     <span class='ocr_line' id='line_1_87' title="bbox 2122 3329 3710 3412; baseline 0.011 -32"><span class='ocrx_word' id='word_1_657' title='bbox 2122 3329 2155 3398; x_wconf 79' lang='grc' dir='ltr'>ἢ</span> <span class='ocrx_word' id='word_1_658' title='bbox 2187 3331 2446 3400; x_wconf 88' lang='grc' dir='ltr'>γινόμενα</span> <span class='ocrx_word' id='word_1_659' title='bbox 2465 3332 2638 3404; x_wconf 83' lang='grc' dir='ltr'>ὀργῆς</span> <span class='ocrx_word' id='word_1_660' title='bbox 2664 3331 2803 3389; x_wconf 84' lang='grc' dir='ltr'>εῐναι</span> <span class='ocrx_word' id='word_1_661' title='bbox 2827 3338 3014 3409; x_wconf 86' lang='grc' dir='ltr'>φαίης,</span> <span class='ocrx_word' id='word_1_662' title='bbox 3045 3338 3164 3412; x_wconf 82' lang='grc' dir='ltr'>ὥρα</span> <span class='ocrx_word' id='word_1_663' title='bbox 3191 3358 3271 3394; x_wconf 90' lang='grc' dir='ltr'>σοι</span> <span class='ocrx_word' id='word_1_664' title='bbox 3299 3342 3506 3396; x_wconf 76' lang='grc' dir='ltr'>καὶτὸν</span> <span class='ocrx_word' id='word_1_665' title='bbox 3549 3343 3710 3398; x_wconf 80' lang='grc' dir='ltr'>Ἐλύ-</span> 
     </span>
    </p>
   </div>
   <div class='ocr_carea' id='block_1_88' title="bbox 2125 3438 3711 3520">
    <p class='ocr_par' dir='ltr' id='par_1_88' title="bbox 2125 3438 3711 3520">
     <span class='ocr_line' id='line_1_88' title="bbox 2125 3438 3711 3520; baseline 0.009 -30"><span class='ocrx_word' id='word_1_666' title='bbox 2125 3453 2233 3507; x_wconf 89' lang='grc' dir='ltr'>μαν</span> <span class='ocrx_word' id='word_1_667' title='bbox 2265 3438 2324 3506; x_wconf 77' lang='grc' dir='ltr'>ἐξ</span> <span class='ocrx_word' id='word_1_668' title='bbox 2358 3439 2528 3510; x_wconf 76' lang='grc' dir='ltr'>ὀργῆς</span> <span class='ocrx_word' id='word_1_669' title='bbox 2563 3439 2726 3495; x_wconf 82' lang='grc' dir='ltr'>αὑτὸν</span> <span class='ocrx_word' id='word_1_670' title='bbox 2773 3445 3186 3514; x_wconf 88' lang='grc' dir='ltr'>πεπηρωκέναι,</span> <span class='ocrx_word' id='word_1_671' title='bbox 3249 3449 3344 3501; x_wconf 75' lang='grc' dir='ltr'>καὶ</span> <span class='ocrx_word' id='word_1_672' title='bbox 3397 3447 3711 3520; x_wconf 81' lang='grc' dir='ltr'>ύϐρικέναι,</span> 
     </span>
    </p>
   </div>
   <div class='ocr_carea' id='block_1_89' title="bbox 2120 3539 3714 3622">
    <p class='ocr_par' dir='ltr' id='par_1_89' title="bbox 2120 3539 3714 3622">
     <span class='ocr_line' id='line_1_89' title="bbox 2120 3539 3714 3622; baseline 0.008 -31"><span class='ocrx_word' id='word_1_673' title='bbox 2120 3539 2332 3595; x_wconf 75' lang='grc' dir='ltr'>καὶτὸν</span> <span class='ocrx_word' id='word_1_674' title='bbox 2383 3542 2630 3597; x_wconf 83' lang='grc' dir='ltr'>Ἀνανίαν</span> <span class='ocrx_word' id='word_1_675' title='bbox 2657 3545 2749 3596; x_wconf 76' lang='grc' dir='ltr'>καὶ</span> <span class='ocrx_word' id='word_1_676' title='bbox 2793 3544 2893 3614; x_wconf 81' lang='grc' dir='ltr'>τὴν</span> <span class='ocrx_word' id='word_1_677' title='bbox 2931 3546 3246 3618; x_wconf 84' lang='grc' dir='ltr'>Σάπφειραν</span> <span class='ocrx_word' id='word_1_678' title='bbox 3281 3549 3373 3603; x_wconf 76' lang='grc' dir='ltr'>τὸν</span> <span class='ocrx_word' id='word_1_679' title='bbox 3407 3549 3610 3622; x_wconf 84' lang='grc' dir='ltr'>Πέτρον</span> <span class='ocrx_word' id='word_1_680' title='bbox 3649 3552 3714 3617; x_wconf 72' lang='grc' dir='ltr'>ἐξ</span> 
     </span>
    </p>
   </div>
   <div class='ocr_carea' id='block_1_90' title="bbox 2120 3645 3714 3724">
    <p class='ocr_par' dir='ltr' id='par_1_90' title="bbox 2120 3645 3714 3724">
     <span class='ocr_line' id='line_1_90' title="bbox 2120 3645 3714 3724; baseline 0.006 -26"><span class='ocrx_word' id='word_1_681' title='bbox 2120 3645 2292 3716; x_wconf 76' lang='grc' dir='ltr'>ὀργῆς</span> <span class='ocrx_word' id='word_1_682' title='bbox 2320 3646 2701 3701; x_wconf 86' lang='grc' dir='ltr'>ἀπεκτονέναι.</span> <span class='ocrx_word' id='word_1_683' title='bbox 2750 3647 2888 3701; x_wconf 81' lang='grc' dir='ltr'>Ἀλλ’</span> <span class='ocrx_word' id='word_1_684' title='bbox 2920 3647 3096 3713; x_wconf 76' lang='grc' dir='ltr'>οὐδεὶς</span> <span class='ocrx_word' id='word_1_685' title='bbox 3133 3649 3307 3715; x_wconf 76' lang='grc' dir='ltr'>οὕτως</span> <span class='ocrx_word' id='word_1_686' title='bbox 3353 3652 3577 3724; x_wconf 86' lang='grc' dir='ltr'>ἀνόητος</span> <span class='ocrx_word' id='word_1_687' title='bbox 3608 3657 3714 3709; x_wconf 74' lang='grc' dir='ltr'>καὶ</span> 
     </span>
    </p>
   </div>
   <div class='ocr_carea' id='block_1_91' title="bbox 2119 3751 3713 3833">
    <p class='ocr_par' dir='ltr' id='par_1_91' title="bbox 2119 3751 3713 3833">
     <span class='ocr_line' id='line_1_91' title="bbox 2119 3751 3713 3833; baseline 0.008 -30"><span class='ocrx_word' id='word_1_688' title='bbox 2119 3751 2343 3820; x_wconf 75' lang='grc' dir='ltr'>ἠλίθιος,</span> <span class='ocrx_word' id='word_1_689' title='bbox 2370 3751 2448 3816; x_wconf 85' lang='grc' dir='ltr'>ὡς</span> <span class='ocrx_word' id='word_1_690' title='bbox 2475 3753 2648 3807; x_wconf 81' lang='grc' dir='ltr'>ταῦτα</span> <span class='ocrx_word' id='word_1_691' title='bbox 2681 3755 2879 3809; x_wconf 87' lang='grc' dir='ltr'>εἰπεῖν.</span> <span class='ocrx_word' id='word_1_692' title='bbox 2915 3754 3019 3808; x_wconf 83' lang='lat' dir='ltr'>Kal</span> <span class='ocrx_word' id='word_1_693' title='bbox 3044 3755 3209 3829; x_wconf 74' lang='grc' dir='ltr'>ἕτερα</span> <span class='ocrx_word' id='word_1_694' title='bbox 3239 3757 3298 3812; x_wconf 81' lang='grc' dir='ltr'>δέ</span> <span class='ocrx_word' id='word_1_695' title='bbox 3352 3759 3526 3813; x_wconf 88' lang='grc' dir='ltr'>πολλά</span> <span class='ocrx_word' id='word_1_696' title='bbox 3555 3761 3713 3833; x_wconf 84' lang='grc' dir='ltr'>εὑρί-</span> 
     </span>
    </p>
   </div>
   <div class='ocr_carea' id='block_1_92' title="bbox 2122 3859 3712 3930">
    <p class='ocr_par' dir='ltr' id='par_1_92' title="bbox 2122 3859 3712 3930">
     <span class='ocr_line' id='line_1_92' title="bbox 2122 3859 3712 3930; baseline 0.008 -22"><span class='ocrx_word' id='word_1_697' title='bbox 2122 3873 2327 3928; x_wconf 88' lang='grc' dir='ltr'>σκομεν</span> <span class='ocrx_word' id='word_1_698' title='bbox 2360 3859 2527 3913; x_wconf 73' lang='grc' dir='ltr'>αὐτὸν</span> <span class='ocrx_word' id='word_1_699' title='bbox 2549 3860 2644 3914; x_wconf 78' lang='grc' dir='ltr'>καὶ</span> <span class='ocrx_word' id='word_1_700' title='bbox 2669 3860 2896 3930; x_wconf 88' lang='grc' dir='ltr'>λέγοντα</span> <span class='ocrx_word' id='word_1_701' title='bbox 2922 3862 3016 3914; x_wconf 78' lang='grc' dir='ltr'>καὶ</span> <span class='ocrx_word' id='word_1_702' title='bbox 3037 3863 3316 3929; x_wconf 80' lang='grc' dir='ltr'>ποιοῦντα,</span> <span class='ocrx_word' id='word_1_703' title='bbox 3343 3863 3599 3920; x_wconf 81' lang='grc' dir='ltr'>δοκοῦντα</span> <span class='ocrx_word' id='word_1_704' title='bbox 3620 3861 3712 3920; x_wconf 79' lang='grc' dir='ltr'>εῖ-</span> 
     </span>
    </p>
   </div>
   <div class='ocr_carea' id='block_1_93' title="bbox 2118 3967 3709 4046">
    <p class='ocr_par' dir='ltr' id='par_1_93' title="bbox 2118 3967 3709 4046">
     <span class='ocr_line' id='line_1_93' title="bbox 2118 3967 3709 4046; baseline 0.008 -28"><span class='ocrx_word' id='word_1_705' title='bbox 2118 3981 2206 4018; x_wconf 88' lang='grc' dir='ltr'>ναι</span> <span class='ocrx_word' id='word_1_706' title='bbox 2239 3967 2498 4036; x_wconf 88' lang='grc' dir='ltr'>φορτικά,</span> <span class='ocrx_word' id='word_1_707' title='bbox 2532 3969 2627 4020; x_wconf 75' lang='grc' dir='ltr'>καὶ</span> <span class='ocrx_word' id='word_1_708' title='bbox 2656 3967 2828 4022; x_wconf 77' lang='grc' dir='ltr'>ταῦτα</span> <span class='ocrx_word' id='word_1_709' title='bbox 2867 3970 3104 4039; x_wconf 85' lang='grc' dir='ltr'>μάλιστά</span> <span class='ocrx_word' id='word_1_710' title='bbox 3127 3973 3300 4038; x_wconf 87' lang='grc' dir='ltr'>ἐστιν,</span> <span class='ocrx_word' id='word_1_711' title='bbox 3327 3973 3364 4027; x_wconf 82' lang='grc' dir='ltr'>ἃ</span> <span class='ocrx_word' id='word_1_712' title='bbox 3393 3974 3494 4046; x_wconf 81' lang='grc' dir='ltr'>τὴν</span> <span class='ocrx_word' id='word_1_713' title='bbox 3524 3976 3709 4031; x_wconf 82' lang='grc' dir='ltr'>ἐπιεί-</span> 
     </span>
    </p>
   </div>
   <div class='ocr_carea' id='block_1_94' title="bbox 2119 4071 3712 4152">
    <p class='ocr_par' dir='ltr' id='par_1_94' title="bbox 2119 4071 3712 4152">
     <span class='ocr_line' id='line_1_94' title="bbox 2119 4071 3712 4152; baseline 0.01 -30"><span class='ocrx_word' id='word_1_714' title='bbox 2119 4087 2272 4124; x_wconf 89' lang='grc' dir='ltr'>κειαν</span> <span class='ocrx_word' id='word_1_715' title='bbox 2301 4071 2466 4126; x_wconf 84' lang='grc' dir='ltr'>αὐτοῦ</span> <span class='ocrx_word' id='word_1_716' title='bbox 2499 4073 2762 4130; x_wconf 88' lang='grc' dir='ltr'>δείκνυσι.</span> <span class='ocrx_word' id='word_1_717' title='bbox 2791 4077 2901 4130; x_wconf 79' lang='grc' dir='ltr'>Καὶ</span> <span class='ocrx_word' id='word_1_718' title='bbox 2937 4077 3047 4146; x_wconf 90' lang='grc' dir='ltr'>γάρ</span> <span class='ocrx_word' id='word_1_719' title='bbox 3079 4079 3208 4131; x_wconf 83' lang='grc' dir='ltr'>ὅταν</span> <span class='ocrx_word' id='word_1_720' title='bbox 3244 4078 3322 4150; x_wconf 86' lang='grc' dir='ltr'>τῷ</span> <span class='ocrx_word' id='word_1_721' title='bbox 3353 4081 3569 4152; x_wconf 80' lang='grc' dir='ltr'>Σατανᾷ</span> <span class='ocrx_word' id='word_1_722' title='bbox 3595 4099 3712 4137; x_wconf 80' lang='grc' dir='ltr'>πα-</span> 
     </span>
    </p>
   </div>
   <div class='ocr_carea' id='block_1_95' title="bbox 2121 4173 3714 4256">
    <p class='ocr_par' dir='ltr' id='par_1_95' title="bbox 2121 4173 3714 4256">
     <span class='ocr_line' id='line_1_95' title="bbox 2121 4173 3714 4256; baseline 0.011 -31"><span class='ocrx_word' id='word_1_723' title='bbox 2121 4173 2268 4245; x_wconf 88' lang='grc' dir='ltr'>ραδῷ</span> <span class='ocrx_word' id='word_1_724' title='bbox 2305 4175 2397 4230; x_wconf 84' lang='grc' dir='ltr'>τδν</span> <span class='ocrx_word' id='word_1_725' title='bbox 2419 4177 2476 4229; x_wconf 90' lang='grc' dir='ltr'>ἐν</span> <span class='ocrx_word' id='word_1_726' title='bbox 2507 4176 2757 4248; x_wconf 84' lang='grc' dir='ltr'>Κορίνθῳ</span> <span class='ocrx_word' id='word_1_727' title='bbox 2779 4184 3212 4252; x_wconf 88' lang='grc' dir='ltr'>πεπορνευκότα,</span> <span class='ocrx_word' id='word_1_728' title='bbox 3239 4181 3299 4249; x_wconf 78' lang='grc' dir='ltr'>ἐξ</span> <span class='ocrx_word' id='word_1_729' title='bbox 3324 4183 3546 4256; x_wconf 87' lang='grc' dir='ltr'>ἀγάπης</span> <span class='ocrx_word' id='word_1_730' title='bbox 3566 4185 3714 4242; x_wconf 70' lang='grc' dir='ltr'>αὐτὸ</span> 
     </span>
    </p>
   </div>
   <div class='ocr_carea' id='block_1_96' title="bbox 2119 4276 3715 4354">
    <p class='ocr_par' dir='ltr' id='par_1_96' title="bbox 2119 4276 3715 4354">
     <span class='ocr_line' id='line_1_96' title="bbox 2119 4276 3715 4354; baseline 0.012 -27"><span class='ocrx_word' id='word_1_731' title='bbox 2119 4276 2324 4348; x_wconf 77' lang='grc' dir='ltr'>πολλῆς</span> <span class='ocrx_word' id='word_1_732' title='bbox 2369 4281 2515 4332; x_wconf 84' lang='grc' dir='ltr'>ποιεί</span> <span class='ocrx_word' id='word_1_733' title='bbox 2560 4280 2657 4332; x_wconf 77' lang='lat' dir='ltr'><strong><em>xal</em></strong></span> <span class='ocrx_word' id='word_1_734' title='bbox 2689 4281 3046 4354; x_wconf 83' lang='grc' dir='ltr'>φιλοστόργου</span> <span class='ocrx_word' id='word_1_735' title='bbox 3091 4285 3330 4352; x_wconf 92' lang='grc' dir='ltr'>διανοίας</span> <span class='ocrx_word' id='word_1_736' title='bbox 3353 4303 3367 4318; x_wconf 75' lang='grc'>⁸</span> <span class='ocrx_word' id='word_1_737' title='bbox 3405 4291 3500 4343; x_wconf 82' lang='grc' dir='ltr'>καὶ</span> <span class='ocrx_word' id='word_1_738' title='bbox 3540 4291 3715 4346; x_wconf 81' lang='grc' dir='ltr'>τοῦτο</span> 
     </span>
    </p>
   </div>
   <div class='ocr_carea' id='block_1_97' title="bbox 2118 4387 3712 4468">
    <p class='ocr_par' dir='ltr' id='par_1_97' title="bbox 2118 4387 3712 4468">
     <span class='ocr_line' id='line_1_97' title="bbox 2118 4387 3712 4468; baseline 0.01 -27"><span class='ocrx_word' id='word_1_739' title='bbox 2118 4387 2362 4442; x_wconf 91' lang='grc' dir='ltr'>δείκνυσι</span> <span class='ocrx_word' id='word_1_740' title='bbox 2405 4389 2500 4442; x_wconf 78' lang='grc' dir='ltr'>καὶ</span> <span class='ocrx_word' id='word_1_741' title='bbox 2537 4391 2603 4443; x_wconf 88' lang='grc' dir='ltr'>ἐκ</span> <span class='ocrx_word' id='word_1_742' title='bbox 2647 4389 2749 4461; x_wconf 85' lang='grc' dir='ltr'>τῆς</span> <span class='ocrx_word' id='word_1_743' title='bbox 2787 4391 3048 4463; x_wconf 87' lang='grc' dir='ltr'>δευτέρας</span> <span class='ocrx_word' id='word_1_744' title='bbox 3094 4397 3406 4468; x_wconf 85' lang='grc' dir='ltr'>ἐπιστολῆς.</span> <span class='ocrx_word' id='word_1_745' title='bbox 3430 4400 3541 4454; x_wconf 87' lang='lat' dir='ltr'>Kal</span> <span class='ocrx_word' id='word_1_746' title='bbox 3569 4403 3712 4457; x_wconf 83' lang='grc' dir='ltr'>ὅταν</span> 
     </span>
    </p>
   </div>
   <div class='ocr_carea' id='block_1_98' title="bbox 2131 4490 3707 4576">
    <p class='ocr_par' dir='ltr' id='par_1_98' title="bbox 2131 4490 3707 4576">
     <span class='ocr_line' id='line_1_98' title="bbox 2131 4490 3707 4576; baseline 0.006 -31"><span class='ocrx_word' id='word_1_747' title='bbox 2131 4490 2404 4557; x_wconf 87' lang='grc' dir='ltr'>Ἰουδαίοις</span> <span class='ocrx_word' id='word_1_748' title='bbox 2429 4492 2625 4564; x_wconf 83' lang='grc' dir='ltr'>ἀπειλῇ</span> <span class='ocrx_word' id='word_1_749' title='bbox 2645 4495 2738 4550; x_wconf 74' lang='grc' dir='ltr'>καὶ</span> <span class='ocrx_word' id='word_1_750' title='bbox 2748 4495 2903 4570; x_wconf 89' lang='grc' dir='ltr'>λέγῃ,</span> <span class='ocrx_word' id='word_1_751' title='bbox 2925 4499 3234 4567; x_wconf 71' lang='grc' dir='ltr'>Ἔφθασεν</span> <span class='ocrx_word' id='word_1_752' title='bbox 3250 4503 3472 4570; x_wconf 84' lang='grc' dir='ltr'>αὐτοὺς</span> <span class='ocrx_word' id='word_1_753' title='bbox 3488 4505 3527 4572; x_wconf 84' lang='grc' dir='ltr'>ἡ</span> <span class='ocrx_word' id='word_1_754' title='bbox 3550 4506 3707 4576; x_wconf 76' lang='grc' dir='ltr'>ὁρτὴ</span> 
     </span>
    </p>
   </div>
   <div class='ocr_carea' id='block_1_99' title="bbox 2116 4596 3704 4676">
    <p class='ocr_par' dir='ltr' id='par_1_99' title="bbox 2116 4596 3704 4676">
     <span class='ocr_line' id='line_1_99' title="bbox 2116 4596 3704 4676; baseline 0.007 -26"><span class='ocrx_word' id='word_1_755' title='bbox 2116 4599 2204 4662; x_wconf 79' lang='grc' dir='ltr'>εἰς</span> <span class='ocrx_word' id='word_1_756' title='bbox 2232 4596 2425 4664; x_wconf 87' lang='grc' dir='ltr'>τέλος,</span> <span class='ocrx_word' id='word_1_757' title='bbox 2455 4598 2516 4652; x_wconf 86' lang='grc' dir='ltr'>ού</span> <span class='ocrx_word' id='word_1_758' title='bbox 2548 4597 2722 4669; x_wconf 82' lang='grc' dir='ltr'>θυμοῦ</span> <span class='ocrx_word' id='word_1_759' title='bbox 2741 4599 3116 4672; x_wconf 87' lang='grc' dir='ltr'>πληρούμενος</span> <span class='ocrx_word' id='word_1_760' title='bbox 3129 4603 3262 4657; x_wconf 84' lang='grc' dir='ltr'>αὐτὸ</span> <span class='ocrx_word' id='word_1_761' title='bbox 3291 4608 3438 4658; x_wconf 76' lang='grc' dir='ltr'>ποιεῖ</span> <span class='ocrx_word' id='word_1_762' title='bbox 3457 4607 3704 4676; x_wconf 86' lang='grc' dir='ltr'>(ἀκούεις</span> 
     </span>
    </p>
   </div>
   <div class='ocr_carea' id='block_1_100' title="bbox 2116 4700 3704 4788">
    <p class='ocr_par' dir='ltr' id='par_1_100' title="bbox 2116 4700 3704 4788">
     <span class='ocr_line' id='line_1_100' title="bbox 2116 4700 3704 4788; baseline 0.008 -35"><span class='ocrx_word' id='word_1_763' title='bbox 2116 4700 2248 4768; x_wconf 83' lang='grc' dir='ltr'>γοῦν</span> <span class='ocrx_word' id='word_1_764' title='bbox 2279 4701 2443 4755; x_wconf 82' lang='grc' dir='ltr'>αὐτοῦ</span> <span class='ocrx_word' id='word_1_765' title='bbox 2491 4701 2729 4772; x_wconf 89' lang='grc' dir='ltr'>συνεχῶς</span> <span class='ocrx_word' id='word_1_766' title='bbox 2776 4703 2916 4775; x_wconf 82' lang='grc' dir='ltr'>ὑπὲρ</span> <span class='ocrx_word' id='word_1_767' title='bbox 2967 4705 3147 4788; x_wconf 78' lang='grc' dir='ltr'>αὐτῶν</span> <span class='ocrx_word' id='word_1_768' title='bbox 3184 4707 3526 4778; x_wconf 78' lang='grc' dir='ltr'>εὐχομένου),</span> <span class='ocrx_word' id='word_1_769' title='bbox 3560 4710 3704 4766; x_wconf 83' lang='grc' dir='ltr'>ἀλλά</span> 
     </span>
    </p>
   </div>
   <div class='ocr_carea' id='block_1_101' title="bbox 2118 4804 3696 4885">
    <p class='ocr_par' dir='ltr' id='par_1_101' title="bbox 2118 4804 3696 4885">
     <span class='ocr_line' id='line_1_101' title="bbox 2118 4804 3696 4885; baseline 0.008 -26"><span class='ocrx_word' id='word_1_770' title='bbox 2118 4804 2438 4876; x_wconf 87' lang='grc' dir='ltr'>βουλόμενος</span> <span class='ocrx_word' id='word_1_771' title='bbox 2466 4806 2699 4877; x_wconf 86' lang='grc' dir='ltr'>φοϐῆσαι</span> <span class='ocrx_word' id='word_1_772' title='bbox 2730 4807 2824 4861; x_wconf 71' lang='grc' dir='ltr'>καὶ</span> <span class='ocrx_word' id='word_1_773' title='bbox 2840 4810 3311 4882; x_wconf 86' lang='grc' dir='ltr'>σωφρονεστέρους</span> <span class='ocrx_word' id='word_1_774' title='bbox 3331 4813 3696 4885; x_wconf 86' lang='grc' dir='ltr'>ἐργάσασθαι.</span> 
     </span>
    </p>
   </div>
   <div class='ocr_carea' id='block_1_102' title="bbox 2129 4917 3703 4992">
    <p class='ocr_par' dir='ltr' id='par_1_102' title="bbox 2129 4917 3703 4992">
     <span class='ocr_line' id='line_1_102' title="bbox 2129 4917 3703 4992; baseline 0.008 -20"><span class='ocrx_word' id='word_1_775' title='bbox 2129 4917 2291 4972; x_wconf 82' lang='grc' dir='ltr'>Ἀλλά</span> <span class='ocrx_word' id='word_1_776' title='bbox 2311 4917 2404 4972; x_wconf 78' lang='grc' dir='ltr'>τὸν</span> <span class='ocrx_word' id='word_1_777' title='bbox 2442 4918 2612 4986; x_wconf 82' lang='grc' dir='ltr'>ἱερέα,</span> <span class='ocrx_word' id='word_1_778' title='bbox 2638 4918 2825 4990; x_wconf 79' lang='grc' dir='ltr'>φησὶν,</span> <span class='ocrx_word' id='word_1_779' title='bbox 2857 4918 3070 4992; x_wconf 79' lang='grc' dir='ltr'>ὕϐρισε,</span> <span class='ocrx_word' id='word_1_780' title='bbox 3100 4920 3304 4991; x_wconf 82' lang='grc' dir='ltr'>λέγων’</span> <span class='ocrx_word' id='word_1_781' title='bbox 3340 4926 3594 4981; x_wconf 78' lang='grc' dir='ltr'>Τύπτειν</span> <span class='ocrx_word' id='word_1_782' title='bbox 3620 4943 3703 4984; x_wconf 75' lang='grc' dir='ltr'>σε</span> 
     </span>
    </p>
   </div>
   <div class='ocr_carea' id='block_1_103' title="bbox 2109 5020 3698 5104">
    <p class='ocr_par' dir='ltr' id='par_1_103' title="bbox 2109 5020 3698 5104">
     <span class='ocr_line' id='line_1_103' title="bbox 2109 5020 3698 5104; baseline 0.009 -29"><span class='ocrx_word' id='word_1_783' title='bbox 2109 5020 2323 5090; x_wconf 82' lang='grc' dir='ltr'>μέλλει</span> <span class='ocrx_word' id='word_1_784' title='bbox 2354 5023 2388 5076; x_wconf 93' lang='grc' dir='ltr'>ό</span> <span class='ocrx_word' id='word_1_785' title='bbox 2419 5021 2589 5088; x_wconf 81' lang='grc' dir='ltr'>Θεὸς,</span> <span class='ocrx_word' id='word_1_786' title='bbox 2633 5022 2795 5092; x_wconf 82' lang='grc' dir='ltr'>τοῖχε</span> <span class='ocrx_word' id='word_1_787' title='bbox 2846 5024 3253 5096; x_wconf 81' lang='grc' dir='ltr'>κεκονιαμένε.</span> <span class='ocrx_word' id='word_1_788' title='bbox 3306 5029 3418 5082; x_wconf 80' lang='grc' dir='ltr'>Καὶ</span> <span class='ocrx_word' id='word_1_789' title='bbox 3467 5026 3698 5104; x_wconf 80' lang='grc' dir='ltr'>οἴδαμεν</span> 
     </span>
    </p>
   </div>
   <div class='ocr_carea' id='block_1_104' title="bbox 2114 5134 3702 5217">
    <p class='ocr_par' dir='ltr' id='par_1_104' title="bbox 2114 5134 3702 5217">
     <span class='ocr_line' id='line_1_104' title="bbox 2114 5134 3702 5217; baseline 0.009 -30"><span class='ocrx_word' id='word_1_790' title='bbox 2114 5134 2197 5188; x_wconf 79' lang='grc' dir='ltr'>ὅτι</span> <span class='ocrx_word' id='word_1_791' title='bbox 2218 5136 2362 5199; x_wconf 87' lang='grc' dir='ltr'>τινές</span> <span class='ocrx_word' id='word_1_792' title='bbox 2387 5135 2523 5208; x_wconf 83' lang='grc' dir='ltr'>πρὸς</span> <span class='ocrx_word' id='word_1_793' title='bbox 2547 5135 2706 5190; x_wconf 81' lang='grc' dir='ltr'>τοῦτο</span> <span class='ocrx_word' id='word_1_794' title='bbox 2720 5138 3164 5211; x_wconf 88' lang='grc' dir='ltr'>ἀπολογούμενοι,</span> <span class='ocrx_word' id='word_1_795' title='bbox 3189 5147 3526 5217; x_wconf 89' lang='grc' dir='ltr'>προφητείαν</span> <span class='ocrx_word' id='word_1_796' title='bbox 3551 5144 3702 5203; x_wconf 74' lang='grc' dir='ltr'>εἷναί</span> 
     </span>
    </p>
   </div>
   <div class='ocr_carea' id='block_1_105' title="bbox 2114 5244 3692 5325">
    <p class='ocr_par' dir='ltr' id='par_1_105' title="bbox 2114 5244 3692 5325">
     <span class='ocr_line' id='line_1_105' title="bbox 2114 5244 3692 5325; baseline 0.009 -29"><span class='ocrx_word' id='word_1_797' title='bbox 2114 5260 2245 5312; x_wconf 88' lang='grc' dir='ltr'>φασι</span> <span class='ocrx_word' id='word_1_798' title='bbox 2274 5244 2338 5298; x_wconf 82' lang='grc' dir='ltr'>τὸ</span> <span class='ocrx_word' id='word_1_799' title='bbox 2375 5245 2682 5317; x_wconf 89' lang='grc' dir='ltr'>είρημένον.</span> <span class='ocrx_word' id='word_1_800' title='bbox 2727 5247 2840 5301; x_wconf 86' lang='lat' dir='ltr'>Kal</span> <span class='ocrx_word' id='word_1_801' title='bbox 2890 5248 2992 5301; x_wconf 81' lang='grc' dir='ltr'>οὐκ</span> <span class='ocrx_word' id='word_1_802' title='bbox 3035 5250 3251 5319; x_wconf 86' lang='grc' dir='ltr'>ἐγκαλῶ</span> <span class='ocrx_word' id='word_1_803' title='bbox 3298 5257 3408 5318; x_wconf 81' lang='grc' dir='ltr'>τοῖς</span> <span class='ocrx_word' id='word_1_804' title='bbox 3437 5254 3692 5325; x_wconf 84' lang='grc' dir='ltr'>λέγουσι·</span> 
     </span>
    </p>
   </div>
   <div class='ocr_carea' id='block_1_106' title="bbox 2115 5345 3694 5436">
    <p class='ocr_par' dir='ltr' id='par_1_106' title="bbox 2115 5345 3694 5436">
     <span class='ocr_line' id='line_1_106' title="bbox 2115 5345 3694 5436; baseline 0.009 -31"><span class='ocrx_word' id='word_1_805' title='bbox 2115 5355 2208 5406; x_wconf 72' lang='grc' dir='ltr'>καὶ</span> <span class='ocrx_word' id='word_1_806' title='bbox 2232 5352 2342 5425; x_wconf 83' lang='grc' dir='ltr'>γὰρ</span> <span class='ocrx_word' id='word_1_807' title='bbox 2376 5354 2575 5425; x_wconf 89' lang='grc' dir='ltr'>συνέϐη</span> <span class='ocrx_word' id='word_1_808' title='bbox 2635 5345 2842 5420; x_wconf 40' lang='grc' dir='ltr'>τοῦτοί</span> <span class='ocrx_word' id='word_1_809' title='bbox 2868 5357 2964 5411; x_wconf 78' lang='grc' dir='ltr'>καὶ</span> <span class='ocrx_word' id='word_1_810' title='bbox 2997 5356 3172 5420; x_wconf 76' lang='grc' dir='ltr'>οὕτως</span> <span class='ocrx_word' id='word_1_811' title='bbox 3225 5361 3596 5436; x_wconf 85' lang='grc' dir='ltr'>ἐτελεύτησεν.</span> <span class='ocrx_word' id='word_1_812' title='bbox 3628 5367 3694 5419; x_wconf 65' lang='lat' dir='ltr'>Et</span> 
     </span>
    </p>
   </div>
   <div class='ocr_carea' id='block_1_107' title="bbox 2112 5461 3690 5548">
    <p class='ocr_par' dir='ltr' id='par_1_107' title="bbox 2112 5461 3690 5548">
     <span class='ocr_line' id='line_1_107' title="bbox 2112 5461 3690 5548; baseline 0.01 -34"><span class='ocrx_word' id='word_1_813' title='bbox 2112 5461 2171 5515; x_wconf 84' lang='grc' dir='ltr'>δέ</span> <span class='ocrx_word' id='word_1_814' title='bbox 2202 5479 2285 5525; x_wconf 89' lang='grc' dir='ltr'>τις</span> <span class='ocrx_word' id='word_1_815' title='bbox 2311 5462 2634 5537; x_wconf 86' lang='grc' dir='ltr'>δριμύτερος</span> <span class='ocrx_word' id='word_1_816' title='bbox 2661 5465 2854 5537; x_wconf 86' lang='grc' dir='ltr'>ἐχθρὸς</span> <span class='ocrx_word' id='word_1_817' title='bbox 2890 5466 2966 5521; x_wconf 87' lang='grc' dir='ltr'>ῶν</span> <span class='ocrx_word' id='word_1_818' title='bbox 3005 5470 3300 5541; x_wconf 90' lang='grc' dir='ltr'>ἀντιλέγοι,</span> <span class='ocrx_word' id='word_1_819' title='bbox 3337 5475 3433 5528; x_wconf 67' lang='grc' dir='ltr'>καὶ</span> <span class='ocrx_word' id='word_1_820' title='bbox 3461 5493 3690 5548; x_wconf 76' lang='grc' dir='ltr'>περιερο</span> 
     </span>
    </p>
   </div>
   <div class='ocr_carea' id='block_1_108' title="bbox 2114 5572 3696 5661">
    <p class='ocr_par' dir='ltr' id='par_1_108' title="bbox 2114 5572 3696 5661">
     <span class='ocr_line' id='line_1_108' title="bbox 2114 5572 3696 5661; baseline 0.008 -36"><span class='ocrx_word' id='word_1_821' title='bbox 2114 5572 2333 5644; x_wconf 80' lang='grc' dir='ltr'>γότερόν</span> <span class='ocrx_word' id='word_1_822' title='bbox 2363 5591 2414 5626; x_wconf 90' lang='grc' dir='ltr'>τι</span> <span class='ocrx_word' id='word_1_823' title='bbox 2464 5574 2632 5628; x_wconf 88' lang='grc' dir='ltr'>ποιῶν</span> <span class='ocrx_word' id='word_1_824' title='bbox 2674 5576 3038 5650; x_wconf 85' lang='grc' dir='ltr'>ἀνθυποφέροι</span> <span class='ocrx_word' id='word_1_825' title='bbox 3083 5579 3288 5650; x_wconf 82' lang='grc' dir='ltr'>λέγων’</span> <span class='ocrx_word' id='word_1_826' title='bbox 3329 5584 3441 5638; x_wconf 87' lang='lat' dir='ltr'>Kal</span> <span class='ocrx_word' id='word_1_827' title='bbox 3479 5587 3528 5638; x_wconf 86' lang='grc' dir='ltr'>εί</span> <span class='ocrx_word' id='word_1_828' title='bbox 3564 5603 3696 5661; x_wconf 80' lang='grc' dir='ltr'>προ-</span> 
     </span>
    </p>
   </div>
   <div class='ocr_carea' id='block_1_109' title="bbox 2113 5678 3692 5767">
    <p class='ocr_par' dir='ltr' id='par_1_109' title="bbox 2113 5678 3692 5767">
     <span class='ocr_line' id='line_1_109' title="bbox 2113 5678 3692 5767; baseline 0.012 -34"><span class='ocrx_word' id='word_1_829' title='bbox 2113 5681 2304 5751; x_wconf 86' lang='grc' dir='ltr'>φητεία</span> <span class='ocrx_word' id='word_1_830' title='bbox 2330 5678 2418 5755; x_wconf 70' lang='grc' dir='ltr'>ἦν,</span> <span class='ocrx_word' id='word_1_831' title='bbox 2436 5681 2577 5748; x_wconf 81' lang='grc' dir='ltr'>τίνος</span> <span class='ocrx_word' id='word_1_832' title='bbox 2606 5684 2790 5742; x_wconf 66' lang='grc' dir='ltr'>ἕνεκεν</span> <span class='ocrx_word' id='word_1_833' title='bbox 2819 5687 3134 5756; x_wconf 83' lang='grc' dir='ltr'>ἀπελογεῖτο</span> <span class='ocrx_word' id='word_1_834' title='bbox 3161 5691 3354 5757; x_wconf 80' lang='grc' dir='ltr'>λέγων,</span> <span class='ocrx_word' id='word_1_835' title='bbox 3383 5697 3505 5750; x_wconf 76' lang='grc' dir='ltr'>οὐκ</span> <span class='ocrx_word' id='word_1_836' title='bbox 3527 5696 3692 5767; x_wconf 75' lang='grc' dir='ltr'>ᾐδειν</span> 
     </span>
    </p>
   </div>
  </div>
