4032 6474
318 359 422 416 505

314 489 408 529 ora
429 471 738 537 dicentium,
766 470 876 526 Cur
903 484 1006 524 non
1033 478 1219 524 natura
1241 467 1367 523 boni
1405 466 1529 522 facti
1573 481 1779 532 sumus,
1801 479 1903 520 nec

311 580 434 619 cum
462 562 578 633 ipsa
614 563 807 618 virtute
832 560 1136 632 progeniti?
1164 558 1300 627 Quid
1345 559 1487 613 enim
1517 557 1678 613 refert
1711 565 1903 611 natura

311 669 455 720 esse,
486 652 628 723 quod
658 660 831 721 potest
857 652 994 707 efﬁci
1033 649 1344 705 voluntate?
1373 649 1484 704 imo
1511 658 1658 702 tanto
1677 658 1760 702 est
1787 661 1904 701 mc-

302 744 417 812 _lius
451 753 643 812 sponte
669 757 790 797 esse
827 742 1048 807 bonum,
1086 755 1245 810 quam
1284 747 1448 804 sorte,
1494 746 1696 809 quanto
1725 737 1906 806 utique

310 845 531 907 perstat
567 835 782 889 coronis
807 843 862 888 et
902 830 1230 902 amplissima
1258 830 1413 885 laude
1449 828 1712 892 decorari,
1743 841 1903 900 quam

311 927 525 994 penitus
553 925 625 979 nil
659 923 874 979 mereri.
906 926 975 976 At
999 930 1080 977 est
1119 922 1272 976 firma
1301 930 1506 976 natura.
1537 919 1649 976 imo
1689 920 1735 974 si
1775 918 1908 974 velis

305 1018 640 1073 voluntatem
688 1018 875 1071 fortem
916 1014 1114 1069 habere
1138 1022 1297 1084 atque
1337 1010 1632 1079 robustam,
1676 1010 1780 1066 hoc
1817 1009 1907 1065 illo

305 1111 469 1182 plane
499 1108 556 1163 iit
595 1106 822 1162 ﬁrmius.
874 1107 958 1162 An
988 1121 1115 1161 vero
1146 1121 1250 1161 non
1276 1104 1426 1160 vides
1463 1105 1676 1159 concisa
1703 1110 1904 1175 marty-

307 1216 430 1255 rum
461 1211 686 1269 corpora
717 1197 966 1268 ferroque
985 1193 1249 1262 cedentia,
1273 1210 1372 1250 nec
1392 1202 1570 1251 tamen
1592 1192 1786 1249 cedere
1811 1201 1902 1248 aut

305 1291 454 1347 vinci
509 1291 562 1345 in
615 1289 794 1360 aliquo
837 1287 1198 1344 voluntatem?
1227 1288 1309 1341 An
1339 1285 1478 1342 forte
1519 1301 1623 1340 non
1652 1280 1908 1355 spectasti

304 1384 472 1437 etiam
513 1380 783 1434 Abraham
827 1379 1101 1435 voluntate
1141 1386 1343 1433 naturae
1390 1361 1767 1448 impedimenta
1818 1391 1906 1430 su-

304 1482 588 1542 perantem
607 1469 758 1540 (Gen.
780 1468 875 1542 2‘2)
900 1510 916 1534 ,
942 1469 1154 1541 quando
1179 1469 1361 1539 utique
1387 1468 1712 1538 unigenitum
1735 1467 1906 1521 ﬁlium

303 1564 492 1634 jussus
517 1569 601 1619 est
637 1563 938 1626 immolare,
984 1578 1106 1618 cum
1151 1571 1297 1616 certe
1341 1568 1468 1615 tunc
1514 1570 1702 1614 natura
1751 1557 1906 1629 quasi

303 1656 520 1712 fortiori
562 1656 782 1711 cesserit
837 1652 1138 1708 voluntati?
1167 1666 1362 1707 nonne
1385 1650 1563 1706 vidisti
1592 1650 1822 1720 idipsum
1850 1650 1904 1704 in

303 1747 416 1802 illis
446 1746 613 1802 tribus
667 1745 844 1816 pueris
886 1744 1144 1799 accidisse
1179 1742 1342 1814 (Dan.
1373 1741 1488 1812 5)?
1519 1756 1697 1796 nonne
1742 1742 1903 1796 etiam

302 1840 501 1896 audisti
529 1840 658 1894 illud
682 1839 956 1908 antiquum
985 1846 1038 1892 et
1077 1836 1334 1891 smculare
1359 1835 1722 1904 proverbium,
1760 1833 1905 1902 quod

302 1930 403 1985 ﬁat
425 1946 490 1985 ex
518 1929 904 1984 consuetudine
928 1928 1162 1984 secunda
1189 1926 1420 1981 natura?
1455 1926 1568 1996 Ego
1595 1940 1722 1979 vero
1748 1925 1902 1980 dixe«

302 2024 436 2088 rim,
467 2022 609 2093 quod
651 2023 811 2077 etiam
855 2021 1049 2093 prima,
1083 2021 1220 2075 sicut
1245 2018 1488 2089 superius
1517 2018 1656 2073 dicta
1701 2017 1902 2072 docue-

302 2121 457 2170 runt.
488 2113 647 2168 Vides
665 2113 821 2184 igitur
840 2121 894 2167 et
921 2111 1100 2166 haberi
1130 2125 1287 2180 posse
1303 2112 1468 2177 illam,
1487 2125 1604 2180 quae
1631 2108 1683 2164 in
1707 2117 1897 2162 natura

303 2214 416 2271 est,
442 2205 770 2268 ﬁrmitatem,
801 2205 847 2258 si
890 2204 960 2258 sit
987 2204 1230 2258 voluntas
1271 2201 1427 2256 fortis
1451 2217 1514 2256 ac
1557 2201 1780 2272 vigilans
1807 2217 1823 2255 :
1848 2209 1904 2256 et

301 2297 452 2368 quod
483 2298 684 2367 majore
735 2295 892 2351 laude
932 2296 1003 2350 sit
1041 2295 1231 2366 dignus
1265 2295 1497 2365 quiesse
1542 2294 1658 2348 vult
1708 2293 1899 2360 bonus,

301 2404 468 2460 quam
498 2388 588 2443 ille
638 2386 730 2457 qui
757 2388 964 2458 cogitur
998 2401 1012 2439 :
1043 2386 1145 2440 hoc
1177 2397 1258 2440 est
1287 2385 1427 2441 enim
1469 2399 1588 2440 esse
1636 2385 1904 2455 praecipue

302 2478 532 2533 bonum.
564 2476 748 2546 Itaque
777 2492 897 2532 cum
925 2477 1052 2531 dicit
1083 2491 1096 2530 ε
1124 2475 1327 2546 Castigo
1347 2490 1529 2546 corpus
1556 2491 1742 2540 meum,
1774 2484 1820 2529 et
1848 2475 1902 2528 in

297 2570 592 2625 servitutem
616 2569 789 2639 redigo
821 2568 1010 2622 :timco
1033 2567 1165 2621 enim
1193 2582 1255 2620 ne
1269 2583 1382 2620 cum
1403 2567 1518 2620 aliis
1538 2565 1898 2637 praedicavero,

299 2663 417 2731 ipse
444 2660 686 2731 reprobus
717 2660 903 2731 efﬁciar
944 2660 1024 2731 (1.
1069 2659 1187 2715 Cor.
1247 2658 1301 2715 9.
1357 2657 1467 2731 27)
1520 2677 1534 2714 :
1583 2668 1708 2714 tunc
1753 2659 1901 2713 illum

297 2753 536 2808 maxime
566 2755 770 2808 meritis
814 2752 1020 2807 honoro
1051 2754 1353 2822 praeconiis,
1406 2751 1594 2808 videns
1624 2767 1730 2806 non
1776 2767 1900 2806 eum

297 2843 423 2897 sine
449 2842 631 2897 labore
659 2843 910 2912 implesse
929 2843 1181 2898 virtutem
1211 2860 1225 2897 :
1257 2857 1326 2900 ne
1353 2843 1389 2898 il
1414 2845 1504 2914 qui
1527 2853 1648 2914 post
1664 2857 1788 2899 eum
1815 2857 1902 2897 es—

298 2944 427 2988 sent
464 2932 649 3001 futuri,
683 2943 1051 3004 argumentum
1081 2935 1149 2990 ad
1175 2935 1436 2990 desidiam
1483 2935 1901 2992 ducerentiliius

299 3023 355 3078 in
382 3024 525 3079 bono
564 3023 869 3080 facilitatem
899 3044 914 3078 :
948 3035 1141 3081 etcum
1166 3041 1350 3082 rursus
1373 3026 1523 3093 dicit,
1554 3026 1752 3081 Mundo
1778 3041 1900 3080 cru-

296 3114 485 3183 ciﬁxus
508 3131 623 3168 sum
647 3113 787 3186 (Gal.
819 3115 872 3170 6.
896 3113 986 3188 14)
1009 3158 1024 3182 ,
1050 3116 1376 3172 voluntatem
1406 3117 1523 3186 ejus
1545 3131 1763 3172 corono.
1793 3116 1899 3170 Po-

299 3212 408 3258 test
437 3205 602 3270 enim,
635 3215 828 3274 potest,
858 3205 1094 3275 inquam,
1119 3214 1321 3260 naturae
1339 3206 1701 3260 fortitudinem
1727 3206 1895 3260 virtus

305 3295 608 3350 voluntatis
635 3281 852 3350 imitari.
876 3295 1006 3350 Nam
1037 3296 1083 3350 si
1104 3295 1188 3350 vel
1217 3295 1547 3365 h'uncipsum
1574 3295 1900 3351 adducamus

297 3394 354 3448 in
386 3391 642 3459 medium,
671 3392 760 3463 qui
807 3400 891 3448 est
917 3391 1158 3462 qumdam
1179 3433 1195 3458 ,
1243 3399 1302 3444 ut
1327 3391 1398 3445 ita
1427 3390 1674 3454 dixerim,
1725 3399 1900 3446 statua

299 3485 514 3539 virtutis
558 3501 573 3538 :
604 3483 936 3539 inveniemus
962 3483 1214 3552 quoniam
1255 3482 1392 3537 bona
1423 3497 1542 3552 qua:
1579 3482 1650 3535 iiii
1690 3482 1901 3534 inerant

297 3577 599 3643 voluntate,
627 3576 680 3629 in
708 3585 912 3629 naturae
941 3589 1003 3629 ea
1032 3574 1337 3628 ﬁrmitatem
1365 3574 1592 3628 certavit
1625 3573 1896 3627 inducere.

301 3668 531 3725 Dolebat
555 3667 769 3737 quidem
793 3666 883 3722 ille
907 3665 1244 3733 verberatus,
1264 3665 1357 3721 sed
1381 3680 1488 3720 non
1516 3665 1691 3718 minus
1721 3668 1898 3718 incor-

296 3761 481 3832 poreis
506 3759 858 3830 potestatibus
882 3758 1026 3828 ipsos
1055 3759 1433 3814 contemnebat
1457 3758 1674 3813 dolores
1706 3774 1720 3811 :
1754 3759 1894 3813 sicut

296 3868 366 3908 ex
409 3853 574 3922 ipsms
619 3850 796 3907 verbis
857 3850 1210 3905 animadverti
1272 3860 1468 3920 potest,
1519 3867 1638 3921 qua:
1691 3865 1790 3904 nec
1831 3850 1899 3904 de

306 3953 493 3997 nostra
535 3949 750 4012 putatur
776 3941 1015 4012 proferre
1058 3951 1269 3996 natura.
1301 3941 1526 4009 Quando
1552 3941 1694 3997 enim
1726 3941 1852 3995 dicit
1881 3959 1894 3995 :

299 4032 437 4088 lilii
487 4034 704 4088 mundus
733 4034 1008 4103 cruciﬁxus
1033 4043 1126 4102 est,
1153 4042 1201 4087 et
1227 4049 1318 4103 ego
1359 4033 1548 4086 mundo
1577 4033 1628 4102 (l
1638 4033 1770 4103 bid.)
1799 4050 1812 4086 :
1841 4042 1898 4088 et

298 4141 509 4192 rursus,
569 4123 692 4178 Vivo
722 4134 889 4177 autem
926 4124 1039 4194 jam
1077 4139 1180 4178 non
1232 4140 1344 4194 ego,
1394 4123 1511 4177 vivit
1547 4132 1714 4178 autem
1738 4124 1791 4178 in
1819 4139 1899 4179 me

298 4217 533 4273 Christus
557 4215 696 4287 (Gal.
719 4216 774 4270 2.
801 4215 908 4288 20)
929 4257 944 4282 ,
965 4214 1093 4286 quid
1116 4214 1257 4270 aliud
1275 4214 1484 4270 videtur
1509 4214 1707 4282 dicere,
1735 4231 1898 4286 quam

299 4309 447 4381 quod
477 4310 637 4364 etiam
665 4324 734 4363 ex
762 4321 990 4378 corpore
1033 4307 1150 4376 ipso
1189 4307 1352 4361 animi
1401 4305 1596 4362 virtute
1637 4306 1898 4377 migrave-

300 4402 412 4456 rit?
436 4400 578 4466 Quid
599 4415 728 4455 vero
765 4399 923 4454 datur
949 4399 1120 4465 carni,
1157 4413 1278 4454 cum
1316 4397 1501 4468 procul
1529 4396 1692 4452 dubio
1715 4397 1846 4453 dicit
1878 4415 1892 4452 :

305 4493 469 4546 Datus
500 4502 572 4546 est
615 4491 741 4545 mihi
779 4489 1014 4546 stimulus
1060 4490 1229 4544 carnis
1279 4504 1404 4544 mea
1441 4489 1651 4561 angelus
1685 4488 1897 4544 Satanae

299 4583 381 4656 (2.
414 4583 535 4640 Cor.
564 4583 652 4641 12.
689 4583 778 4654 7)?
814 4582 929 4638 Hoc
963 4591 1141 4638 autem
1177 4581 1309 4636 nihil
1353 4590 1436 4638 est
1482 4595 1702 4651 prorsus
1751 4580 1896 4637 aliud

302 4691 460 4747 quam
479 4675 768 4732 ostendere
783 4675 1171 4746 contempsisse
1190 4675 1429 4731 dolorem
1448 4690 1508 4732 se
1526 4690 1753 4746 corpore
1768 4692 1893 4732 sen-

301 4769 548 4835 tientem,
579 4783 687 4823 non
707 4769 830 4839 quia
851 4785 959 4824 non
981 4769 1351 4840 ingrederetur
1373 4770 1633 4836 animum,
1656 4769 1751 4825 sed
1769 4770 1893 4841 quia

301 4860 662 4932 magnitudine
683 4860 970 4915 voluntatis
994 4858 1302 4915 excluderet
1321 4874 1445 4915 eum
1465 4867 1627 4929 atque
1651 4859 1890 4931 depelle-

302 4960 404 5009 ret.
458 4952 592 5008 Cum
619 4965 751 5008 vero
775 4951 878 5006 alia
903 4951 1128 5022 plurima
1155 4951 1240 5008 his
1265 4951 1593 5007 mirabiliora
1636 4951 1812 5017 dicat,
1839 4961 1894 5007 et

300 5041 530 5113 gaudeat
554 5042 890 5110 verberatus,
920 5051 976 5098 et
992 5041 1250 5113 glorietur
1280 5049 1576 5107 catenatus,
1607 5041 1735 5112 quid
1749 5041 1893 5102 aliud

300 5137 566 5207 quispiam
594 5135 811 5202 dixerit,
858 5150 1017 5206 quam
1043 5133 1208 5202 istud,
1233 5133 1376 5204 quod
1406 5134 1521 5205 ipse
1563 5133 1894 5190 memoravi?

301 5227 563 5296 Quoniam
592 5227 820 5283 dicendo
847 5227 1084 5298 quidem,
1115 5225 1318 5299 Castigo
1338 5243 1526 5297 corpus
1554 5243 1742 5294 meum,
1773 5237 1819 5282 et
1839 5228 1894 5282 in

303 5319 585 5374 servitutem
604 5320 778 5389 redigo
807 5336 826 5373 :
853 5321 1002 5375 timeo
1034 5319 1188 5386 enim,
1217 5336 1280 5374 ne
1305 5336 1418 5373 cum
1437 5319 1554 5374 aliis
1583 5321 1891 5390 prtedicave-

299 5423 420 5478 nm,
439 5413 549 5479 ipse
574 5412 816 5482 reprobus
832 5412 1017 5482 eﬁiciar
1034 5410 1247 5482 (LCor.
1276 5409 1330 5467 9.
1356 5409 1466 5482 27)
1493 5454 1508 5479 ,
1536 5411 1770 5468 ostendit
1799 5427 1892 5467 na-

303 5511 434 5558 tura:
478 5504 841 5560 inﬁrmitatem
866 5523 879 5559 :
910 5521 1006 5576 per
1033 5506 1132 5561 ista
1161 5520 1307 5573 vero,
1335 5522 1454 5576 quae
1483 5505 1614 5575 dixi,
1639 5506 1888 5561 volunta-

305 5596 371 5651 tis
399 5597 748 5652 nobilitatem.

359 5687 590 5744 Cratiam
606 5689 700 5745 Dei
727 5692 967 5761 prwdicat
993 5690 1208 5748 Paulus.
1232 5690 1499 5747 Maledixit
1518 5692 1888 5764 aliquando.—

302 5776 505 5840 idCirco
525 5781 671 5862 enim
695 5793 978 5856 utrumque
1001 5784 1233 5857 positum
1259 5793 1360 5856 est,
1389 5793 1445 5842 ut
1467 5800 1640 5857 neque
1664 5795 1884 5858 propter

1165 351 1258 408 DE
1292 351 1635 410 LAUDIBUS
1671 351 1730 408 S.
1763 349 1967 407 PAULI
2007 350 2358 407 APOSTOLL
2394 353 2626 411 liOitilL.
2668 354 2758 413 γι.
3500 373 3604 426 506

2023 466 2112 520 illa
2138 481 2329 536 magna
2353 467 2572 521 alterius
2598 483 2722 523 cum
2755 468 2990 538 opineris
3017 485 3136 526 esse
3164 479 3385 539 naturae,
3414 481 3468 526 et
3493 473 3606 541 ipse

2010 555 2298 614 devirtute
2324 556 2580 628 desperes
2610 577 2624 614 :
2670 575 2840 630 neque
2872 577 2967 630 per
2997 562 3096 615 ista
3123 563 3335 632 parvula
3367 572 3606 618 sanctam

2010 647 2153 703 illam
2176 648 2534 719 reprehendas
2561 651 2793 706 animam
2817 669 2831 718 ;
2857 651 2950 708 sed
2974 653 3096 708 hinc
3124 668 3332 724 quoque
3351 653 3608 722 despera-

2013 742 2210 796 tionem
2242 758 2424 798 rursus
2469 740 2781 812 exciudens,
2808 743 2873 799 ad
2895 745 3169 800 meliorem
3204 761 3351 814 spem
3379 744 3605 814 teipsum

2013 831 2266 888 reducas.
2295 833 2584 904 Pmpterea
2616 851 2799 891 rursus
2826 834 3069 906 adjungit
3087 839 3244 892 etiam
3273 839 3324 892 id
3351 837 3491 908 quod
3514 835 3613 894 Dei

2011 938 2130 979 esse
2147 927 2332 995 gratiae
2354 927 2620 997 proprium
2633 927 3219 1000 conﬁtetur,ctquidem
3236 930 3607 1001 exaggerando

2011 1025 2173 1085 atque
2197 1015 2539 1073 cumulando.
2568 1018 2672 1075 Sed
2702 1029 2856 1091 grato
2886 1036 3009 1091 erga
3042 1019 3209 1077 Deum
3258 1024 3438 1077 animo
3482 1022 3607 1078 facit

2013 1107 2206 1177 piaque
2253 1110 2521 1164 sententia
2548 1151 2562 1174 ,
2605 1126 2673 1167 ne
2698 1108 2824 1180 quid
2858 1108 3065 1166 scilicet
3087 1125 3242 1167 suum
3269 1128 3389 1168 esse
3415 1112 3606 1167 creda-

2013 1207 2118 1253 tur.
2151 1199 2288 1254 Dicit
2315 1210 2491 1254 autetn
2520 1201 2679 1255 etiam
2708 1199 2849 1272 quod
2872 1203 2937 1256 ad
2967 1203 3130 1274 ipsius
3160 1202 3390 1272 pertinet
3419 1204 3605 1258 volun-

2013 1297 2174 1344 tatem
2197 1332 2212 1358 ,
2242 1306 2311 1346 ne
2349 1291 2400 1344 in
2444 1291 2612 1346 Deum
2642 1301 2831 1346 cuncta
2863 1292 3145 1363 projieiens
3190 1290 3424 1348 dormire
3451 1294 3604 1348 malis

2017 1393 2080 1434 ac
2107 1388 2354 1436 stertere.
2393 1381 2644 1436 Omnium
2689 1399 2917 1453 namque
2968 1400 3248 1440 mensuras
3276 1400 3340 1440 ac
3393 1387 3604 1454 regulas

2011 1471 2152 1542 apud
2182 1488 2306 1527 eum
2337 1472 2597 1529 invenies.
2631 1473 2734 1530 Sed
2764 1475 3034 1531 maledixit
3053 1476 3336 1546 aliquando
3360 1519 3374 1542 ,
3398 1475 3600 1547 inquis,

2013 1562 2328 1618 Alexandro
2363 1563 2553 1619 aerario
2595 1562 2693 1638 (2.
2743 1560 2882 1619 Tim.
2929 1567 2984 1621 4.
3025 1566 3093 1621 14
3141 1569 3180 1637 ).
3210 1566 3278 1621 Et
3320 1569 3444 1638 quid
3473 1565 3600 1626 illud

2012 1661 2220 1723 spectat
2243 1653 2310 1709 ad
2336 1654 2521 1710 vitium
2549 1653 2573 1708 ?
2615 1655 2731 1710 Non
2757 1657 2900 1712 enim
2930 1654 3027 1709 fuit
3057 1656 3142 1710 hic
3173 1669 3352 1712 sermo
3387 1658 3600 1713 iracun-

2010 1744 2134 1815 diae,
2166 1744 2260 1802 sed
2292 1747 2468 1816 potius
2493 1747 2716 1813 doloris,
2747 1746 2836 1820 qui
2867 1759 3013 1804 certe
3037 1755 3186 1803 ortus
3229 1757 3312 1803 est
3355 1749 3424 1805 de
3454 1751 3600 1804 veri-

2010 1839 2132 1893 tatis
2162 1837 2377 1909 injuria.
2423 1835 2538 1893 Non
2565 1839 2706 1894 enim
2731 1847 2948 1909 propter
2972 1839 3207 1910 seipsum
3237 1837 3468 1902 dolebat,
3504 1839 3600 1894 sed

2008 1929 2130 1999 quia
2153 1929 2513 1998 praedicationi
2556 1931 2646 1985 ille
2686 1931 2957 1986 restiterat
2990 1947 3005 1984 :
3040 1925 3201 1985 Valde
3227 1934 3380 1994 enim,
3411 1931 3601 2002 inquit,

2008 2020 2186 2074 restitit
2209 2062 2226 2087 ,
2253 2036 2362 2076 non
2393 2021 2541 2086 mihi,
2575 2022 2670 2084 ait,
2697 2020 2789 2075 sed
2816 2022 2976 2076 verbis
3005 2023 3190 2077 nostris
3214 2021 3330 2094 (Ib.
3362 2038 3411 2076 v.
3447 2023 3513 2078 15
3541 2025 3601 2091 ):

2014 2122 2074 2164 ut
2115 2119 2170 2165 et
2215 2127 2370 2166 suum
2420 2127 2543 2183 erga
2582 2113 2856 2167 veritatem
2885 2113 3207 2182 exprimeret
3233 2113 3518 2179 aﬂ'cctntn,
3549 2123 3603 2167 et

2009 2217 2113 2256 non
2145 2203 2315 2257 solum
2343 2203 2490 2256 illum
2516 2202 2600 2256 cui
2627 2201 2894 2256 scribebat
2920 2243 2933 2267 ,
2980 2200 3074 2256 sed
3105 2196 3252 2256 certe
3279 2197 3363 2256 his
3389 2218 3602 2272 quoque

2015 2291 2306 2363 discipulos
2334 2293 2616 2348 solaretur.
2646 2293 2910 2360 Quoniam
2935 2293 3076 2348 enim
3117 2293 3246 2348 satis
3270 2307 3602 2362 consequens

2008 2396 2126 2440 erat
2155 2383 2500 2440 scandalizari
2528 2401 2737 2452 omnes,
2767 2384 2896 2440 nihil
2923 2385 3242 2456 patientibus
3282 2384 3602 2440 adversariis

2007 2477 2247 2532 veritatis
2269 2518 2284 2542 ,
2313 2477 2511 2532 ideirco
2533 2485 2587 2532 et
2608 2477 2656 2532 ei
2684 2477 2772 2546 qui
2803 2484 3195 2547 repugnaverat
3223 2475 3333 2531 Deo
3377 2476 3600 2531 commi-

2007 2577 2165 2623 natus
2191 2577 2274 2622 est
2303 2567 2604 2622 ultionem‘.
2646 2565 2752 2623 Sed
2778 2569 2948 2621 oravit
2972 2547 3228 2621 adversus
3253 2567 3482 2634 aliquos,
3513 2565 3599 2620 di-

2011 2676 2141 2716 cens
2171 2678 2185 2714 :
2211 2657 2271 2716 Si
2298 2671 2465 2714 tamen
2501 2661 2700 2730 justum
2747 2668 2820 2713 est
2857 2660 2996 2730 apud
3023 2656 3188 2713 Deum
3228 2657 3601 2713 retributionem

2005 2751 2216 2805 reddere
2240 2747 2336 2815 his,
2368 2752 2452 2822 qui
2477 2768 2568 2806 nos
2599 2748 2839 2804 tributam
2865 2749 2943 2821 (2.
2970 2746 3151 2804 Thess.
3171 2750 3222 2804 l.
3253 2749 3312 2818 6)
3343 2767 3357 2803 ε
3390 2763 3496 2803 non
3531 2747 3600 2802 il-

2007 2841 2088 2896 los
2117 2857 2305 2912 ptenas
2343 2843 2489 2895 luere
2533 2841 2956 2910 concupiscens,
3001 2839 3096 2895 sed
3136 2855 3231 2895 eos
3267 2839 3359 2910 qui
3399 2838 3600 2908 affligec

2004 2931 2199 2986 bantur
2223 2931 2488 2986 consolari
2531 2931 2800 2987 studens:
2831 2939 3052 3002 pr0pter
3097 2929 3240 3001 quod
3294 2939 3348 2985 et
3395 2930 3599 2998 infert,

2006 3022 2074 3078 Et
2098 3024 2235 3078 vobis
2261 3023 2347 3093 qui
2373 3023 2707 3090 tribulamini,
2728 3023 2951 3093 requiem
2979 3019 3236 3076 nobiscum
3266 3020 3314 3092 (ι
3323 3021 3424 3075 bid.
3452 3035 3500 3075 υ.
3518 3017 3599 3092 7).

2005 3119 2269 3175 Caeterum
2299 3133 2418 3171 cum
2469 3117 2585 3186 ipse
2635 3115 2834 3186 aliquid
2882 3115 3034 3169 triste
3093 3114 3420 3184 perpetitur,
3476 3111 3600 3170 andi

2007 3227 2165 3281 quam
2197 3210 2300 3265 alta
2345 3209 2598 3279 patientia
2629 3207 3036 3280 philosophetur
3059 3249 3073 3274 ,
3103 3216 3157 3261 et
3200 3216 3418 3277 propter
3461 3206 3599 3262 maia

2004 3302 2196 3357 bonam
2223 3302 2392 3356 vicem
2419 3301 2612 3355 reddat
2655 3299 2902 3354 inimicis.
2947 3297 3304 3353 Matedicimur
3331 3340 3347 3366 ,
3386 3299 3595 3367 inquit,

2003 3403 2052 3448 et
2073 3393 2410 3448 benedicimus
2428 3409 2446 3447 :
2461 3392 2900 3462 persequutionem
2932 3392 3172 3460 patimur,
3195 3400 3240 3444 et
3264 3391 3563 3445 sustinemus
3578 3405 3599 3445 :

2005 3484 2431 3554 blasphemamur,
2464 3492 2509 3536 et
2544 3480 2862 3535 obsecramus
2891 3481 2987 3550 (1.
3023 3479 3141 3535 Cor.
3171 3480 3226 3534 4.
3260 3479 3372 3549 12).
3405 3478 3462 3533 Si
3505 3493 3600 3534 au-

2005 3584 2111 3630 tem
2139 3590 2258 3645 qua:
2284 3587 2380 3642 pro
2418 3572 2538 3628 aliis
2564 3572 2702 3627 facta
2734 3572 2821 3626 vel
2849 3571 2989 3625 dicta
3014 3579 3158 3636 sunt,
3188 3567 3478 3624 iracundia:
3507 3568 3592 3623 di-

2003 3682 2094 3722 cas
2118 3664 2298 3733 fuisse,
2323 3673 2476 3735 potes
2502 3664 2682 3720 dicere
2708 3675 2761 3720 et
2783 3664 3026 3735 Elymam
3051 3677 3259 3732 magum
3274 3676 3370 3733 per
3389 3653 3600 3716 iracun¥

2003 3757 2145 3812 diam
2173 3765 2499 3813 excaecatum
2527 3754 2895 3826 injurioscque
2923 3763 3225 3822 correptum
3257 3751 3276 3825 (
3305 3753 3415 3804 Act.
3447 3749 3553 3824 i3)
3577 3765 3594 3818 ;

2001 3853 2270 3914 Ananiam
2300 3865 2510 3921 quoque
2546 3859 2600 3905 et
2621 3849 2937 3919 Sapphiram
2967 3864 3061 3918 per
3082 3847 3409 3902 iracundiam
3435 3861 3464 3900 a
3492 3846 3590 3899 Pe-

2005 3955 2086 3998 tro
2114 3942 2425 3998 interfectos
2448 3941 2780 3999 exclamabis
2812 3940 2831 4015 (
2857 3941 2971 3996 Act.
2998 3942 3031 3997 5
3061 3941 3103 4011 ).
3133 3939 3239 3994 Sed
3271 3940 3392 4010 quis
3416 3947 3500 3994 est
3525 3939 3597 3993 ita

2006 4033 2201 4091 stultus
2225 4045 2280 4091 et
2307 4050 2518 4101 vecors,
2547 4043 2605 4089 ut
2635 4035 2734 4089 hoc
2762 4033 2956 4089 audeat
2981 4033 3238 4104 suSpieari
3265 4033 3288 4087 ?
3317 4033 3433 4087 Alia
3459 4048 3594 4103 quo-

2005 4143 2110 4198 que
2151 4125 2376 4198 plurima
2420 4121 2724 4181 invenimus
2753 4140 2874 4180 eum
2921 4124 3122 4179 dixisse
3166 4133 3325 4194 atque
3364 4123 3594 4190 fecisse,

2003 4210 2124 4287 quae
2151 4215 2217 4271 ad
2263 4215 2496 4286 Speciem
2531 4215 2780 4270 videntur
2818 4228 3066 4269 onerosa.
3091 4214 3289 4269 Verum
3339 4213 3453 4268 hmc
3482 4214 3597 4283 ipsa

2002 4318 2128 4365 sunt
2156 4350 2172 4376 ,
2204 4323 2322 4378 qua:
2364 4309 2630 4377 praecipue
2654 4307 2968 4364 modestiam
2997 4306 3113 4375 ejus
3157 4306 3464 4361 ostendunt.
3497 4306 3592 4360 Et-

1996 4397 2145 4455 enim
2176 4415 2295 4456 cum
2317 4396 2526 4456 Satanae
2553 4399 2713 4454 tradit
2740 4411 2886 4464 eum,
2913 4399 3004 4468 qui
3025 4395 3267 4451 Corinthi
3291 4395 3463 4450 fuerat
3488 4395 3597 4450 for-

2003 4494 2212 4547 nicatus
2234 4492 2314 4562 (i.
2345 4489 2463 4546 Cor.
2492 4488 2545 4546 ὅ.
2577 4488 2661 4561 5),
2687 4505 2809 4544 cum
2853 4488 3020 4543 multa
3049 4487 3153 4543 hoc
3184 4486 3348 4543 efficit
3371 4485 3596 4541 caritate

2003 4589 2268 4658 plenoque
2313 4585 2512 4641 amoris
2551 4585 2766 4649 animo;
2800 4581 2961 4652 idque
2989 4596 3057 4637 ex
3090 4579 3324 4634 secunda
3371 4577 3595 4647 epistola

2004 4677 2284 4734 evidenter
2338 4675 2572 4731 ostendit
2602 4691 2616 4728 :
2649 4683 2702 4729 et
2729 4688 2760 4729 e
2788 4672 3008 4743 regione
3032 4685 3154 4726 cum
3191 4667 3392 4723 Judaais
3421 4668 3596 4722 mina-

2003 4779 2107 4836 tur,
2130 4785 2192 4825 ac
2215 4769 2365 4835 dicit,
2393 4766 2628 4822 Pervenit
2653 4766 2708 4819 iu
2732 4781 2817 4819 eos
2837 4765 2917 4817 ira
2936 4761 3070 4832 Dei(
3101 4762 3151 4816 1.
3181 4759 3361 4814 Thess.
3388 4759 3445 4813 ἓ.
3471 4757 3586 4826 16):

2003 4878 2111 4918 non
2135 4862 2316 4932 utique
2337 4860 2518 4916 furore
2547 4860 2737 4930 plenus
2764 4857 2817 4913 id
2845 4856 3079 4928 loquitur
3103 4895 3119 4921 ,
3151 4869 3310 4924 quem
3347 4853 3597 4909 audimus

2001 4970 2100 5027 pro
2121 4955 2249 5026 ipsis
2279 4955 2588 5026 frequenter
2613 4958 2854 5006 orantem
2883 4991 2898 5017 ,
2931 4934 3027 5003 sed
3050 4947 3322 5003 deterrere
3348 4961 3444 5001 eos
3483 4953 3595 5000 stu-

1999 5048 2130 5104 dens
2153 5089 2170 5116 ,
2201 5063 2294 5118 per
2326 5063 2446 5117 quae
2471 5059 2566 5101 eos
2591 5043 2839 5099 redderet
2866 5041 3137 5096 meliores.
3172 5039 3277 5095 Sed
3307 5038 3590 5104 sacerdoti,

1999 5140 2177 5210 inquis
2201 5181 2216 5207 ,
2244 5139 2502 5209 irrogavit
2522 5135 2770 5206 injuriam
2797 5135 3025 5190 dicens:
3054 5133 3308 5188 Percutiet
3339 5142 3385 5185 te
3411 5130 3544 5184 Deus
3572 5167 3587 5192 ,

2000 5231 2166 5302 paries
2212 5227 2441 5283 deatbate
2468 5227 2488 5299 (
2515 5228 2628 5281 Act.
2653 5226 2744 5281 9'5.
2776 5225 2811 5280 3
2841 5225 2886 5296 ).
2932 5223 3188 5280 Novimus
3209 5221 3424 5294 quidem
3450 5217 3586 5290 quod

1998 5322 2066 5378 de
2095 5322 2198 5376 hoc
2224 5321 2343 5376 loco
2368 5319 2532 5389 aliqui
2559 5317 2948 5373 satisfacientes
2966 5355 2982 5381 ,
3021 5315 3140 5370 loco
3181 5309 3472 5383 prophetia:
3493 5325 3590 5365 ve-

2001 5416 2100 5470 lint
2139 5427 2263 5468 esse
2291 5411 2435 5483 quod
2466 5411 2665 5466 dictum
2694 5417 2777 5465 est
2812 5427 2826 5463 :
2863 5421 2964 5463 nec
3005 5406 3164 5474 culpo
3191 5403 3429 5458 dicentes
3457 5418 3474 5455 :
3511 5409 3589 5456 et.

1997 5507 2140 5564 enim
2167 5504 2306 5559 istud
2333 5504 2529 5570 evenit,
2556 5502 2739 5572 sicque
2754 5499 3036 5557 defunctus
3054 5504 3154 5552 est.
3185 5495 3242 5550 Si
3267 5495 3384 5565 quis
3410 5501 3590 5548 tamen

1998 5597 2173 5652 acrior
2200 5595 2440 5666 insurgat
2465 5593 2712 5649 inimicus
2743 5633 2757 5660 ,
2790 5599 2847 5647 et
2870 5587 3135 5645 curiosius
3160 5600 3416 5658 reparans
3435 5599 3586 5657 qua-

2061 5795 2078 5827 ⁸
2114 5795 2166 5846 in
2189 5800 2347 5847 Greco
2370 5795 2438 5845 sic
2451 5790 2630 5857 legitur
2657 5802 2670 5841 :
2698 5784 2889 5840 Idcirco
2910 5781 3025 5836 talia
3048 5783 3183 5838 dicit.

3331 5862 3475 5906 ,κίκι
3551 5870 3587 5888 ~’
