  <div class='ocr_page' id='page_1' title='image "/cluster/home/n/w/nwhite01/storage/ocr_20150623/50:no.2:pt.2/coo.31924054869494/103.png"; bbox 0 0 4032 6462; ppageno 0'>
   <div class='ocr_carea' id='block_1_1' title="bbox 1309 170 1335 203">
    <p class='ocr_par' dir='ltr' id='par_1_1' title="bbox 1309 170 1335 203">
     <span class='ocr_line' id='line_1_1' title="bbox 1309 170 1335 203; baseline 0 0"><span class='ocrx_word' id='word_1_1' title='bbox 1309 170 1335 203; x_wconf 88' lang='lat'>\</span> 
     </span>
    </p>
   </div>
   <div class='ocr_carea' id='block_1_2' title="bbox 440 336 3728 436">
    <p class='ocr_par' dir='ltr' id='par_1_2' title="bbox 440 336 3728 436">
     <span class='ocr_line' id='line_1_2' title="bbox 440 336 3728 436; baseline 0.002 -8"><span class='ocrx_word' id='word_1_2' title='bbox 440 371 542 429; x_wconf 62' lang='grc' dir='ltr'><strong>δον</strong></span> <span class='ocrx_word' id='word_1_3' title='bbox 1154 371 1213 429; x_wconf 91' lang='lat' dir='ltr'><strong>s.</strong></span> <span class='ocrx_word' id='word_1_4' title='bbox 1238 370 1519 429; x_wconf 80' lang='lat' dir='ltr'><strong>JOANNIS</strong></span> <span class='ocrx_word' id='word_1_5' title='bbox 1554 369 2029 431; x_wconf 81' lang='lat' dir='ltr'><strong>cunvsosrom</strong></span> <span class='ocrx_word' id='word_1_6' title='bbox 2066 336 2388 433; x_wconf 63' lang='lat' dir='ltr'><strong>metuar.</strong></span> <span class='ocrx_word' id='word_1_7' title='bbox 2428 340 2961 429; x_wconf 67' lang='lat' dir='ltr'><strong>Consra’m‘utor.</strong></span> <span class='ocrx_word' id='word_1_8' title='bbox 3623 378 3728 436; x_wconf 77' lang='lat' dir='ltr'><strong>sos</strong></span> 
     </span>
    </p>
   </div>
   <div class='ocr_carea' id='block_1_3' title="bbox 438 482 2023 552">
    <p class='ocr_par' dir='ltr' id='par_1_3' title="bbox 438 482 2023 552">
     <span class='ocr_line' id='line_1_3' title="bbox 438 482 2023 552; baseline 0 -12"><span class='ocrx_word' id='word_1_9' title='bbox 438 483 667 540; x_wconf 99' lang='lat' dir='ltr'><strong>stionem</strong></span> <span class='ocrx_word' id='word_1_10' title='bbox 692 524 707 550; x_wconf 92' lang='lat'><strong>,</strong></span> <span class='ocrx_word' id='word_1_11' title='bbox 733 483 1065 540; x_wconf 83' lang='lat' dir='ltr'><strong>contradicat</strong></span> <span class='ocrx_word' id='word_1_12' title='bbox 1090 524 1107 552; x_wconf 94' lang='lat'><strong>,</strong></span> <span class='ocrx_word' id='word_1_13' title='bbox 1139 499 1203 539; x_wconf 87' lang='lat' dir='ltr'><strong>ac</strong></span> <span class='ocrx_word' id='word_1_14' title='bbox 1245 482 1443 541; x_wconf 81' lang='lat' dir='ltr'><strong>referat</strong></span> <span class='ocrx_word' id='word_1_15' title='bbox 1487 503 1501 540; x_wconf 91' lang='lat'><strong>:</strong></span> <span class='ocrx_word' id='word_1_16' title='bbox 1545 482 1733 541; x_wconf 82' lang='lat' dir='ltr'><strong>Nonne</strong></span> <span class='ocrx_word' id='word_1_17' title='bbox 1780 495 2023 551; x_wconf 76' lang='lat' dir='ltr'><strong>noverat,</strong></span> 
     </span>
    </p>
   </div>
   <div class='ocr_carea' id='block_1_4' title="bbox 436 568 2024 647">
    <p class='ocr_par' dir='ltr' id='par_1_4' title="bbox 436 568 2024 647">
     <span class='ocr_line' id='line_1_4' title="bbox 436 568 2024 647; baseline 0 -17"><span class='ocrx_word' id='word_1_18' title='bbox 436 576 561 647; x_wconf 90' lang='lat' dir='ltr'><strong>quia</strong></span> <span class='ocrx_word' id='word_1_19' title='bbox 603 591 847 631; x_wconf 89' lang='lat' dir='ltr'><strong>summus</strong></span> <span class='ocrx_word' id='word_1_20' title='bbox 874 585 992 631; x_wconf 90' lang='lat' dir='ltr'><strong>erat</strong></span> <span class='ocrx_word' id='word_1_21' title='bbox 1014 576 1266 631; x_wconf 83' lang='lat' dir='ltr'><strong>sacerdos</strong></span> <span class='ocrx_word' id='word_1_22' title='bbox 1298 575 1360 629; x_wconf 66' lang='grc' dir='ltr'><strong>’ἲ</strong></span> <span class='ocrx_word' id='word_1_23' title='bbox 1388 575 1490 631; x_wconf 85' lang='lat' dir='ltr'><strong>hoc</strong></span> <span class='ocrx_word' id='word_1_24' title='bbox 1532 577 1713 647; x_wconf 89' lang='lat' dir='ltr'><strong>utique</strong></span> <span class='ocrx_word' id='word_1_25' title='bbox 1738 568 1979 632; x_wconf 85' lang='lat' dir='ltr'><strong>dicemus</strong></span> <span class='ocrx_word' id='word_1_26' title='bbox 2006 616 2024 644; x_wconf 93' lang='lat'><strong>,</strong></span> 
     </span>
    </p>
   </div>
   <div class='ocr_carea' id='block_1_5' title="bbox 437 667 2025 738">
    <p class='ocr_par' dir='ltr' id='par_1_5' title="bbox 437 667 2025 738">
     <span class='ocr_line' id='line_1_5' title="bbox 437 667 2025 738; baseline 0.001 -16"><span class='ocrx_word' id='word_1_27' title='bbox 437 668 690 737; x_wconf 88' lang='lat' dir='ltr'><strong>quoniam</strong></span> <span class='ocrx_word' id='word_1_28' title='bbox 740 667 990 723; x_wconf 88' lang='lat' dir='ltr'><strong>erudiens</strong></span> <span class='ocrx_word' id='word_1_29' title='bbox 1035 667 1173 723; x_wconf 87' lang='lat' dir='ltr'><strong>alios</strong></span> <span class='ocrx_word' id='word_1_30' title='bbox 1209 673 1333 738; x_wconf 82' lang='lat' dir='ltr'><strong>erga</strong></span> <span class='ocrx_word' id='word_1_31' title='bbox 1388 681 1482 722; x_wconf 87' lang='lat' dir='ltr'><strong>eos</strong></span> <span class='ocrx_word' id='word_1_32' title='bbox 1527 667 1617 737; x_wconf 89' lang='lat' dir='ltr'><strong>qui</strong></span> <span class='ocrx_word' id='word_1_33' title='bbox 1677 667 1728 721; x_wconf 91' lang='lat' dir='ltr'><strong>in</strong></span> <span class='ocrx_word' id='word_1_34' title='bbox 1762 677 2025 738; x_wconf 75' lang='lat' dir='ltr'><strong>potestate</strong></span> 
     </span>
    </p>
   </div>
   <div class='ocr_carea' id='block_1_6' title="bbox 436 754 2028 839">
    <p class='ocr_par' dir='ltr' id='par_1_6' title="bbox 436 754 2028 839">
     <span class='ocr_line' id='line_1_6' title="bbox 436 754 2028 839; baseline -0.001 -23"><span class='ocrx_word' id='word_1_35' title='bbox 436 770 564 817; x_wconf 86' lang='lat' dir='ltr'><strong>sunt</strong></span> <span class='ocrx_word' id='word_1_36' title='bbox 588 760 882 818; x_wconf 86' lang='lat' dir='ltr'><strong>modestius</strong></span> <span class='ocrx_word' id='word_1_37' title='bbox 900 762 1226 826; x_wconf 89' lang='lat' dir='ltr'><strong>conversari,</strong></span> <span class='ocrx_word' id='word_1_38' title='bbox 1247 768 1408 832; x_wconf 89' lang='lat' dir='ltr'><strong>atque</strong></span> <span class='ocrx_word' id='word_1_39' title='bbox 1445 754 1708 839; x_wconf 82' lang='lat' dir='ltr'><strong>monens,</strong></span> <span class='ocrx_word' id='word_1_40' title='bbox 1753 760 1867 832; x_wconf 88' lang='lat' dir='ltr'><strong>ipse</strong></span> <span class='ocrx_word' id='word_1_41' title='bbox 1894 776 2028 824; x_wconf 84' lang='lat' dir='ltr'><strong>quo-</strong></span> 
     </span>
    </p>
   </div>
   <div class='ocr_carea' id='block_1_7' title="bbox 438 844 2023 922">
    <p class='ocr_par' dir='ltr' id='par_1_7' title="bbox 438 844 2023 922">
     <span class='ocr_line' id='line_1_7' title="bbox 438 844 2023 922; baseline 0 -18"><span class='ocrx_word' id='word_1_42' title='bbox 438 868 547 922; x_wconf 87' lang='lat' dir='ltr'><strong>que</strong></span> <span class='ocrx_word' id='word_1_43' title='bbox 576 853 703 908; x_wconf 89' lang='lat' dir='ltr'><strong>huic</strong></span> <span class='ocrx_word' id='word_1_44' title='bbox 726 853 894 909; x_wconf 87' lang='lat' dir='ltr'><strong>voluit</strong></span> <span class='ocrx_word' id='word_1_45' title='bbox 918 853 1289 922; x_wconf 88' lang='lat' dir='ltr'><strong>obtemperare</strong></span> <span class='ocrx_word' id='word_1_46' title='bbox 1312 892 1328 918; x_wconf 92' lang='lat'><strong>,</strong></span> <span class='ocrx_word' id='word_1_47' title='bbox 1356 846 1494 906; x_wconf 72' lang='lat' dir='ltr'><strong>sicut</strong></span> <span class='ocrx_word' id='word_1_48' title='bbox 1518 844 1575 906; x_wconf 84' lang='lat' dir='ltr'><strong>et</strong></span> <span class='ocrx_word' id='word_1_49' title='bbox 1601 850 1852 906; x_wconf 90' lang='lat' dir='ltr'><strong>Chrislus</strong></span> <span class='ocrx_word' id='word_1_50' title='bbox 1883 851 2023 916; x_wconf 84' lang='lat' dir='ltr'><strong>fecit,</strong></span> 
     </span>
    </p>
   </div>
   <div class='ocr_carea' id='block_1_8' title="bbox 435 928 2025 1015">
    <p class='ocr_par' dir='ltr' id='par_1_8' title="bbox 435 928 2025 1015">
     <span class='ocr_line' id='line_1_8' title="bbox 435 928 2025 1015; baseline -0.001 -17"><span class='ocrx_word' id='word_1_51' title='bbox 435 934 526 1015; x_wconf 84' lang='lat' dir='ltr'><strong>qui</strong></span> <span class='ocrx_word' id='word_1_52' title='bbox 578 953 725 1001; x_wconf 88' lang='lat' dir='ltr'><strong>certe</strong></span> <span class='ocrx_word' id='word_1_53' title='bbox 776 960 897 1002; x_wconf 92' lang='lat' dir='ltr'><strong>cum</strong></span> <span class='ocrx_word' id='word_1_54' title='bbox 947 944 1149 1001; x_wconf 85' lang='lat' dir='ltr'><strong>Scribis</strong></span> <span class='ocrx_word' id='word_1_55' title='bbox 1191 942 1336 999; x_wconf 89' lang='lat' dir='ltr'><strong>mille</strong></span> <span class='ocrx_word' id='word_1_56' title='bbox 1382 942 1539 998; x_wconf 89' lang='lat' dir='ltr'><strong>fanda</strong></span> <span class='ocrx_word' id='word_1_57' title='bbox 1595 954 1755 1012; x_wconf 88' lang='lat' dir='ltr'><strong>atque</strong></span> <span class='ocrx_word' id='word_1_58' title='bbox 1797 928 2025 996; x_wconf 85' lang='lat' dir='ltr'><strong>nefanda</strong></span> 
     </span>
    </p>
   </div>
   <div class='ocr_carea' id='block_1_9' title="bbox 435 1028 2027 1107">
    <p class='ocr_par' dir='ltr' id='par_1_9' title="bbox 435 1028 2027 1107">
     <span class='ocr_line' id='line_1_9' title="bbox 435 1028 2027 1107; baseline -0.002 -17"><span class='ocrx_word' id='word_1_59' title='bbox 435 1035 698 1101; x_wconf 80' lang='lat' dir='ltr'><strong>dixisset,</strong></span> <span class='ocrx_word' id='word_1_60' title='bbox 727 1036 801 1091; x_wconf 88' lang='lat' dir='ltr'><strong>ait</strong></span> <span class='ocrx_word' id='word_1_61' title='bbox 828 1046 1004 1092; x_wconf 88' lang='lat' dir='ltr'><strong>tamen</strong></span> <span class='ocrx_word' id='word_1_62' title='bbox 1041 1053 1056 1090; x_wconf 90' lang='lat'><strong>:</strong></span> <span class='ocrx_word' id='word_1_63' title='bbox 1090 1036 1258 1107; x_wconf 81' lang='lat' dir='ltr'><strong>Super</strong></span> <span class='ocrx_word' id='word_1_64' title='bbox 1302 1033 1595 1089; x_wconf 82' lang='lat' dir='ltr'><strong>cathedram</strong></span> <span class='ocrx_word' id='word_1_65' title='bbox 1632 1033 1766 1087; x_wconf 73' lang='lat' dir='ltr'><strong>Mosi</strong></span> <span class='ocrx_word' id='word_1_66' title='bbox 1791 1028 2027 1089; x_wconf 76' lang='lat' dir='ltr'><strong>sederunt</strong></span> 
     </span>
    </p>
   </div>
   <div class='ocr_carea' id='block_1_10' title="bbox 437 1122 2027 1203">
    <p class='ocr_par' dir='ltr' id='par_1_10' title="bbox 437 1122 2027 1203">
     <span class='ocr_line' id='line_1_10' title="bbox 437 1122 2027 1203; baseline -0.003 -18"><span class='ocrx_word' id='word_1_67' title='bbox 437 1129 636 1185; x_wconf 68' lang='lat' dir='ltr'><strong>Scribi:</strong></span> <span class='ocrx_word' id='word_1_68' title='bbox 657 1138 706 1184; x_wconf 86' lang='lat' dir='ltr'><strong>et</strong></span> <span class='ocrx_word' id='word_1_69' title='bbox 738 1127 991 1184; x_wconf 59' lang='lat' dir='ltr'><strong>Pharisaei</strong></span> <span class='ocrx_word' id='word_1_70' title='bbox 1016 1146 1038 1185; x_wconf 91' lang='lat'><strong><em>:</em></strong></span> <span class='ocrx_word' id='word_1_71' title='bbox 1079 1122 1251 1184; x_wconf 83' lang='lat' dir='ltr'><strong>omnia</strong></span> <span class='ocrx_word' id='word_1_72' title='bbox 1275 1145 1393 1200; x_wconf 87' lang='lat' dir='ltr'><strong>ergo</strong></span> <span class='ocrx_word' id='word_1_73' title='bbox 1414 1130 1529 1203; x_wconf 60' lang='lat' dir='ltr'><strong>quid</strong></span> <span class='ocrx_word' id='word_1_74' title='bbox 1553 1123 1726 1182; x_wconf 82' lang='lat' dir='ltr'><strong>dicunt</strong></span> <span class='ocrx_word' id='word_1_75' title='bbox 1766 1128 1924 1190; x_wconf 73' lang='lat' dir='ltr'><strong>vobis,</strong></span> <span class='ocrx_word' id='word_1_76' title='bbox 1948 1131 2027 1203; x_wconf 79' lang='lat' dir='ltr'><strong>fa-</strong></span> 
     </span>
    </p>
   </div>
   <div class='ocr_carea' id='block_1_11' title="bbox 432 1200 2023 1293">
    <p class='ocr_par' dir='ltr' id='par_1_11' title="bbox 432 1200 2023 1293">
     <span class='ocr_line' id='line_1_11' title="bbox 432 1200 2023 1293; baseline -0.001 -17"><span class='ocrx_word' id='word_1_77' title='bbox 432 1223 533 1277; x_wconf 81' lang='lat' dir='ltr'><strong>cite</strong></span> <span class='ocrx_word' id='word_1_78' title='bbox 554 1238 575 1287; x_wconf 85' lang='lat'><strong><em>;</em></strong></span> <span class='ocrx_word' id='word_1_79' title='bbox 598 1222 873 1277; x_wconf 84' lang='lat' dir='ltr'><strong>secundum</strong></span> <span class='ocrx_word' id='word_1_80' title='bbox 886 1230 1055 1277; x_wconf 77' lang='lat' dir='ltr'><strong>autem</strong></span> <span class='ocrx_word' id='word_1_81' title='bbox 1074 1237 1231 1292; x_wconf 84' lang='lat' dir='ltr'><strong>opera</strong></span> <span class='ocrx_word' id='word_1_82' title='bbox 1245 1236 1419 1275; x_wconf 80' lang='lat' dir='ltr'><strong>eorum</strong></span> <span class='ocrx_word' id='word_1_83' title='bbox 1444 1200 1600 1273; x_wconf 68' lang='lat' dir='ltr'><strong>italite</strong></span> <span class='ocrx_word' id='word_1_84' title='bbox 1621 1219 1790 1291; x_wconf 75' lang='lat' dir='ltr'><strong>facere</strong></span> <span class='ocrx_word' id='word_1_85' title='bbox 1808 1200 2023 1293; x_wconf 77' lang='lat' dir='ltr'><strong>(Matth.</strong></span> 
     </span>
    </p>
   </div>
   <div class='ocr_carea' id='block_1_12' title="bbox 434 1312 741 1385">
    <p class='ocr_par' dir='ltr' id='par_1_12' title="bbox 434 1312 741 1385">
     <span class='ocr_line' id='line_1_12' title="bbox 434 1312 741 1385; baseline 0.003 -17"><span class='ocrx_word' id='word_1_86' title='bbox 434 1312 523 1370; x_wconf 76' lang='lat'><strong>23.</strong></span> <span class='ocrx_word' id='word_1_87' title='bbox 548 1314 598 1370; x_wconf 75' lang='lat'><strong>2.</strong></span> <span class='ocrx_word' id='word_1_88' title='bbox 639 1317 674 1371; x_wconf 71' lang='grc' dir='ltr'>δ</span> <span class='ocrx_word' id='word_1_89' title='bbox 700 1315 741 1385; x_wconf 86' lang='grc'><strong>).</strong></span> 
     </span>
    </p>
   </div>
   <div class='ocr_carea' id='block_1_13' title="bbox 508 1380 2024 1487">
    <p class='ocr_par' dir='ltr' id='par_1_13' title="bbox 508 1380 2024 1487">
     <span class='ocr_line' id='line_1_13' title="bbox 508 1380 2024 1487; baseline -0.003 -28"><span class='ocrx_word' id='word_1_90' title='bbox 508 1404 608 1472; x_wconf 85' lang='lat' dir='ltr'><strong>Qui</strong></span> <span class='ocrx_word' id='word_1_91' title='bbox 654 1380 1024 1477; x_wconf 66' lang='lat' dir='ltr'><strong>praedicaturus</strong></span> <span class='ocrx_word' id='word_1_92' title='bbox 1059 1396 1129 1459; x_wconf 74' lang='lat' dir='ltr'><strong>est</strong></span> <span class='ocrx_word' id='word_1_93' title='bbox 1157 1392 1361 1459; x_wconf 69' lang='lat' dir='ltr'><strong>uerbum</strong></span> <span class='ocrx_word' id='word_1_94' title='bbox 1407 1380 1502 1458; x_wconf 69' lang='grc' dir='ltr'><strong>ὑεῖ</strong></span> <span class='ocrx_word' id='word_1_95' title='bbox 1556 1386 1737 1475; x_wconf 57' lang='lat' dir='ltr'><strong>quibus</strong></span> <span class='ocrx_word' id='word_1_96' title='bbox 1777 1419 1837 1483; x_wconf 61' lang='lat' dir='ltr'><strong>se</strong></span> <span class='ocrx_word' id='word_1_97' title='bbox 1885 1403 2024 1487; x_wconf 83' lang='lat' dir='ltr'><strong>peri-</strong></span> 
     </span>
    </p>
   </div>
   <div class='ocr_carea' id='block_1_14' title="bbox 433 1488 2028 1577">
    <p class='ocr_par' dir='ltr' id='par_1_14' title="bbox 433 1488 2028 1577">
     <span class='ocr_line' id='line_1_14' title="bbox 433 1488 2028 1577; baseline -0.001 -27"><span class='ocrx_word' id='word_1_98' title='bbox 433 1497 563 1552; x_wconf 73' lang='lat' dir='ltr'><strong>culis</strong></span> <span class='ocrx_word' id='word_1_99' title='bbox 604 1490 845 1563; x_wconf 72' lang='lat' dir='ltr'><strong>exponat.</strong></span> <span class='ocrx_word' id='word_1_100' title='bbox 892 1493 985 1551; x_wconf 86' lang='lat' dir='ltr'><strong>Ira</strong></span> <span class='ocrx_word' id='word_1_101' title='bbox 1026 1512 1183 1567; x_wconf 80' lang='lat' dir='ltr'><strong>quare</strong></span> <span class='ocrx_word' id='word_1_102' title='bbox 1228 1494 1370 1549; x_wconf 74' lang='lat' dir='ltr'><strong>nobis</strong></span> <span class='ocrx_word' id='word_1_103' title='bbox 1409 1490 1583 1577; x_wconf 73' lang='lat' dir='ltr'><strong>insita.</strong></span> <span class='ocrx_word' id='word_1_104' title='bbox 1632 1524 1707 1535; x_wconf 87' lang='lat'>-</span> <span class='ocrx_word' id='word_1_105' title='bbox 1751 1488 1826 1577; x_wconf 69' lang='lat' dir='ltr'><strong>lia</strong></span> <span class='ocrx_word' id='word_1_106' title='bbox 1868 1490 2028 1573; x_wconf 80' lang='lat' dir='ltr'><strong>igitur</strong></span> 
     </span>
    </p>
   </div>
   <div class='ocr_carea' id='block_1_15' title="bbox 431 1574 2024 1659">
    <p class='ocr_par' dir='ltr' id='par_1_15' title="bbox 431 1574 2024 1659">
     <span class='ocr_line' id='line_1_15' title="bbox 431 1574 2024 1659; baseline -0.001 -19"><span class='ocrx_word' id='word_1_107' title='bbox 431 1593 488 1640; x_wconf 91' lang='lat' dir='ltr'><strong>et</strong></span> <span class='ocrx_word' id='word_1_108' title='bbox 525 1584 612 1640; x_wconf 90' lang='lat' dir='ltr'><strong>hic</strong></span> <span class='ocrx_word' id='word_1_109' title='bbox 662 1584 899 1651; x_wconf 85' lang='lat' dir='ltr'><strong>Paulus,</strong></span> <span class='ocrx_word' id='word_1_110' title='bbox 929 1576 1355 1659; x_wconf 22' lang='lat' dir='ltr'><strong>etHcouscrvav‘it</strong></span> <span class='ocrx_word' id='word_1_111' title='bbox 1402 1574 1669 1654; x_wconf 82' lang='lat' dir='ltr'><strong>pontificis</strong></span> <span class='ocrx_word' id='word_1_112' title='bbox 1714 1574 2024 1655; x_wconf 77' lang='lat' dir='ltr'><strong>dignitatem</strong></span> 
     </span>
    </p>
   </div>
   <div class='ocr_carea' id='block_1_16' title="bbox 429 1662 2047 1748">
    <p class='ocr_par' dir='ltr' id='par_1_16' title="bbox 429 1662 2047 1748">
     <span class='ocr_line' id='line_1_16' title="bbox 429 1662 2047 1748; baseline -0.001 -17"><span class='ocrx_word' id='word_1_113' title='bbox 429 1685 487 1731; x_wconf 87' lang='lat' dir='ltr'><strong>et</strong></span> <span class='ocrx_word' id='word_1_114' title='bbox 536 1666 681 1748; x_wconf 85' lang='lat' dir='ltr'><strong>quod</strong></span> <span class='ocrx_word' id='word_1_115' title='bbox 743 1676 980 1730; x_wconf 88' lang='lat' dir='ltr'><strong>futurum</strong></span> <span class='ocrx_word' id='word_1_116' title='bbox 1039 1684 1195 1741; x_wconf 88' lang='lat' dir='ltr'><strong>erat,</strong></span> <span class='ocrx_word' id='word_1_117' title='bbox 1242 1684 1366 1730; x_wconf 86' lang='lat' dir='ltr'><strong>ante</strong></span> <span class='ocrx_word' id='word_1_118' title='bbox 1427 1670 1693 1744; x_wconf 67' lang='lat' dir='ltr'><strong>praedixit.</strong></span> <span class='ocrx_word' id='word_1_119' title='bbox 1753 1672 1908 1742; x_wconf 81' lang='lat' dir='ltr'><strong>Quod</strong></span> <span class='ocrx_word' id='word_1_120' title='bbox 1981 1662 2047 1730; x_wconf 21' lang='lat' dir='ltr'><strong>sil</strong></span> 
     </span>
    </p>
   </div>
   <div class='ocr_carea' id='block_1_17' title="bbox 433 1756 2026 1839">
    <p class='ocr_par' dir='ltr' id='par_1_17' title="bbox 433 1756 2026 1839">
     <span class='ocr_line' id='line_1_17' title="bbox 433 1756 2026 1839; baseline -0.001 -16"><span class='ocrx_word' id='word_1_121' title='bbox 433 1758 699 1824; x_wconf 78' lang='lat' dir='ltr'><strong>Joannem</strong></span> <span class='ocrx_word' id='word_1_122' title='bbox 725 1784 757 1822; x_wconf 88' lang='lat' dir='ltr'><strong>a</strong></span> <span class='ocrx_word' id='word_1_123' title='bbox 782 1756 1054 1823; x_wconf 82' lang='lat' dir='ltr'><strong>consortio</strong></span> <span class='ocrx_word' id='word_1_124' title='bbox 1080 1764 1386 1839; x_wconf 85' lang='lat' dir='ltr'><strong>separavit(</strong></span> <span class='ocrx_word' id='word_1_125' title='bbox 1417 1762 1529 1820; x_wconf 82' lang='lat' dir='ltr'><strong>Act.</strong></span> <span class='ocrx_word' id='word_1_126' title='bbox 1560 1764 1647 1822; x_wconf 75' lang='lat' dir='ltr'><strong>i5.</strong></span> <span class='ocrx_word' id='word_1_127' title='bbox 1676 1756 1795 1839; x_wconf 76' lang='lat'><strong>38),</strong></span> <span class='ocrx_word' id='word_1_128' title='bbox 1820 1774 1874 1821; x_wconf 92' lang='lat' dir='ltr'><strong>et</strong></span> <span class='ocrx_word' id='word_1_129' title='bbox 1922 1766 2026 1821; x_wconf 74' lang='lat' dir='ltr'><strong>litic</strong></span> 
     </span>
    </p>
   </div>
   <div class='ocr_carea' id='block_1_18' title="bbox 433 1838 2027 1935">
    <p class='ocr_par' dir='ltr' id='par_1_18' title="bbox 433 1838 2027 1935">
     <span class='ocr_line' id='line_1_18' title="bbox 433 1838 2027 1935; baseline -0.001 -24"><span class='ocrx_word' id='word_1_130' title='bbox 433 1848 959 1935; x_wconf 55' lang='lat' dir='ltr'><strong>utique‘rectissime</strong></span> <span class='ocrx_word' id='word_1_131' title='bbox 1005 1848 1100 1927; x_wconf 87' lang='lat' dir='ltr'><strong>pro</strong></span> <span class='ocrx_word' id='word_1_132' title='bbox 1126 1838 1605 1911; x_wconf 78' lang='lat' dir='ltr'><strong>communiofticio</strong></span> <span class='ocrx_word' id='word_1_133' title='bbox 1636 1838 2027 1927; x_wconf 56' lang='lat' dir='ltr'><strong>prir’dicationis</strong></span> 
     </span>
    </p>
   </div>
   <div class='ocr_carea' id='block_1_19' title="bbox 430 1934 2025 2020">
    <p class='ocr_par' dir='ltr' id='par_1_19' title="bbox 430 1934 2025 2020">
     <span class='ocr_line' id='line_1_19' title="bbox 430 1934 2025 2020; baseline -0.002 -15"><span class='ocrx_word' id='word_1_134' title='bbox 430 1946 630 2008; x_wconf 76' lang='lat' dir='ltr'><strong>ed‘ccit.</strong></span> <span class='ocrx_word' id='word_1_135' title='bbox 658 1934 794 2003; x_wconf 85' lang='lat' dir='ltr'><strong>Eum</strong></span> <span class='ocrx_word' id='word_1_136' title='bbox 818 1944 1081 2019; x_wconf 82' lang='lat' dir='ltr'><strong>siquidem</strong></span> <span class='ocrx_word' id='word_1_137' title='bbox 1096 1947 1186 2020; x_wconf 90' lang='lat' dir='ltr'><strong>qui</strong></span> <span class='ocrx_word' id='word_1_138' title='bbox 1216 1946 1359 2003; x_wconf 88' lang='lat' dir='ltr'><strong>istud</strong></span> <span class='ocrx_word' id='word_1_139' title='bbox 1383 1934 1608 2018; x_wconf 85' lang='lat' dir='ltr'><strong>suscipit</strong></span> <span class='ocrx_word' id='word_1_140' title='bbox 1631 1944 1893 2015; x_wconf 84' lang='lat' dir='ltr'><strong>officium,</strong></span> <span class='ocrx_word' id='word_1_141' title='bbox 1913 1936 2025 2002; x_wconf 87' lang='lat' dir='ltr'><strong>non</strong></span> 
     </span>
    </p>
   </div>
   <div class='ocr_carea' id='block_1_20' title="bbox 431 2028 2026 2110">
    <p class='ocr_par' dir='ltr' id='par_1_20' title="bbox 431 2028 2026 2110">
     <span class='ocr_line' id='line_1_20' title="bbox 431 2028 2026 2110; baseline 0.001 -17"><span class='ocrx_word' id='word_1_142' title='bbox 431 2048 644 2110; x_wconf 86' lang='lat' dir='ltr'><strong>oportet</strong></span> <span class='ocrx_word' id='word_1_143' title='bbox 671 2028 886 2094; x_wconf 86' lang='lat' dir='ltr'><strong>mollem</strong></span> <span class='ocrx_word' id='word_1_144' title='bbox 909 2054 1028 2095; x_wconf 90' lang='lat' dir='ltr'><strong>esse</strong></span> <span class='ocrx_word' id='word_1_145' title='bbox 1056 2030 1341 2109; x_wconf 82' lang='lat' dir='ltr'><strong>quemdam</strong></span> <span class='ocrx_word' id='word_1_146' title='bbox 1378 2044 1543 2110; x_wconf 83' lang='lat' dir='ltr'><strong>atque</strong></span> <span class='ocrx_word' id='word_1_147' title='bbox 1578 2030 1869 2093; x_wconf 79' lang='lat' dir='ltr'><strong>resul&#39;utum</strong></span> <span class='ocrx_word' id='word_1_148' title='bbox 1890 2080 1906 2105; x_wconf 92' lang='lat'><strong>,</strong></span> <span class='ocrx_word' id='word_1_149' title='bbox 1929 2037 2026 2094; x_wconf 86' lang='lat' dir='ltr'><strong>sed</strong></span> 
     </span>
    </p>
   </div>
   <div class='ocr_carea' id='block_1_21' title="bbox 436 2110 2025 2202">
    <p class='ocr_par' dir='ltr' id='par_1_21' title="bbox 436 2110 2025 2202">
     <span class='ocr_line' id='line_1_21' title="bbox 436 2110 2025 2202; baseline -0.003 -15"><span class='ocrx_word' id='word_1_150' title='bbox 436 2131 629 2187; x_wconf 90' lang='lat' dir='ltr'><strong>fortem</strong></span> <span class='ocrx_word' id='word_1_151' title='bbox 656 2140 712 2187; x_wconf 90' lang='lat' dir='ltr'><strong>et</strong></span> <span class='ocrx_word' id='word_1_152' title='bbox 755 2147 852 2202; x_wconf 90' lang='lat' dir='ltr'><strong>per</strong></span> <span class='ocrx_word' id='word_1_153' title='bbox 875 2139 1065 2186; x_wconf 89' lang='lat' dir='ltr'><strong>cuncta</strong></span> <span class='ocrx_word' id='word_1_154' title='bbox 1094 2130 1395 2185; x_wconf 89' lang='lat' dir='ltr'><strong>robustum.</strong></span> <span class='ocrx_word' id='word_1_155' title='bbox 1446 2110 1631 2201; x_wconf 76' lang='lat' dir='ltr'><strong>Neque</strong></span> <span class='ocrx_word' id='word_1_156' title='bbox 1662 2130 1804 2184; x_wconf 90' lang='lat' dir='ltr'><strong>enim</strong></span> <span class='ocrx_word' id='word_1_157' title='bbox 1833 2130 2025 2185; x_wconf 85' lang='lat' dir='ltr'><strong>s‘altem</strong></span> 
     </span>
    </p>
   </div>
   <div class='ocr_carea' id='block_1_22' title="bbox 432 2210 2025 2296">
    <p class='ocr_par' dir='ltr' id='par_1_22' title="bbox 432 2210 2025 2296">
     <span class='ocr_line' id='line_1_22' title="bbox 432 2210 2025 2296; baseline -0.001 -17"><span class='ocrx_word' id='word_1_158' title='bbox 432 2227 697 2296; x_wconf 78' lang='lat' dir='ltr'><strong>attingere</strong></span> <span class='ocrx_word' id='word_1_159' title='bbox 747 2210 1030 2296; x_wconf 87' lang='lat' dir='ltr'><strong>quisquam</strong></span> <span class='ocrx_word' id='word_1_160' title='bbox 1072 2220 1234 2279; x_wconf 87' lang='lat' dir='ltr'><strong>debet</strong></span> <span class='ocrx_word' id='word_1_161' title='bbox 1284 2222 1543 2294; x_wconf 66' lang='lat' dir='ltr'><strong>praeclari</strong></span> <span class='ocrx_word' id='word_1_162' title='bbox 1586 2221 1743 2293; x_wconf 88' lang='lat' dir='ltr'><strong>hujus</strong></span> <span class='ocrx_word' id='word_1_163' title='bbox 1785 2214 2025 2277; x_wconf 88' lang='lat' dir='ltr'><strong>muneris</strong></span> 
     </span>
    </p>
   </div>
   <div class='ocr_carea' id='block_1_23' title="bbox 433 2298 2023 2388">
    <p class='ocr_par' dir='ltr' id='par_1_23' title="bbox 433 2298 2023 2388">
     <span class='ocr_line' id='line_1_23' title="bbox 433 2298 2023 2388; baseline -0.003 -15"><span class='ocrx_word' id='word_1_164' title='bbox 433 2318 799 2386; x_wconf 87' lang='lat' dir='ltr'><strong>functionem,</strong></span> <span class='ocrx_word' id='word_1_165' title='bbox 855 2319 956 2372; x_wconf 92' lang='lat' dir='ltr'><strong>nisi</strong></span> <span class='ocrx_word' id='word_1_166' title='bbox 988 2326 1202 2388; x_wconf 89' lang='lat' dir='ltr'><strong>paratus</strong></span> <span class='ocrx_word' id='word_1_167' title='bbox 1247 2317 1317 2371; x_wconf 89' lang='lat' dir='ltr'><strong>sit</strong></span> <span class='ocrx_word' id='word_1_168' title='bbox 1361 2298 1557 2370; x_wconf 81' lang='lat' dir='ltr'><strong>millies</strong></span> <span class='ocrx_word' id='word_1_169' title='bbox 1593 2314 1823 2369; x_wconf 76' lang='lat' dir='ltr'><strong>animam</strong></span> <span class='ocrx_word' id='word_1_170' title='bbox 1872 2328 2023 2369; x_wconf 89' lang='lat' dir='ltr'><strong>suam</strong></span> 
     </span>
    </p>
   </div>
   <div class='ocr_carea' id='block_1_24' title="bbox 434 2398 2026 2483">
    <p class='ocr_par' dir='ltr' id='par_1_24' title="bbox 434 2398 2026 2483">
     <span class='ocr_line' id='line_1_24' title="bbox 434 2398 2026 2483; baseline -0.003 -16"><span class='ocrx_word' id='word_1_171' title='bbox 434 2413 647 2483; x_wconf 74' lang='lat' dir='ltr'><strong>tradere</strong></span> <span class='ocrx_word' id='word_1_172' title='bbox 670 2412 726 2467; x_wconf 90' lang='lat' dir='ltr'><strong>in</strong></span> <span class='ocrx_word' id='word_1_173' title='bbox 754 2398 1006 2474; x_wconf 87' lang='lat' dir='ltr'><strong>mortem,</strong></span> <span class='ocrx_word' id='word_1_174' title='bbox 1035 2419 1197 2481; x_wconf 88' lang='lat' dir='ltr'><strong>atque</strong></span> <span class='ocrx_word' id='word_1_175' title='bbox 1223 2406 1555 2465; x_wconf 84' lang='lat' dir='ltr'><strong>discrimina.</strong></span> <span class='ocrx_word' id='word_1_176' title='bbox 1585 2407 1722 2463; x_wconf 90' lang='lat' dir='ltr'><strong>Dicit</strong></span> <span class='ocrx_word' id='word_1_177' title='bbox 1746 2407 1889 2463; x_wconf 90' lang='lat' dir='ltr'><strong>enim</strong></span> <span class='ocrx_word' id='word_1_178' title='bbox 1910 2406 2026 2477; x_wconf 83' lang='lat' dir='ltr'><strong>ipse</strong></span> 
     </span>
    </p>
   </div>
   <div class='ocr_carea' id='block_1_25' title="bbox 433 2490 2026 2571">
    <p class='ocr_par' dir='ltr' id='par_1_25' title="bbox 433 2490 2026 2571">
     <span class='ocr_line' id='line_1_25' title="bbox 433 2490 2026 2571; baseline -0.008 -9"><span class='ocrx_word' id='word_1_179' title='bbox 433 2504 693 2562; x_wconf 86' lang='lat' dir='ltr'><strong>Dominus</strong></span> <span class='ocrx_word' id='word_1_180' title='bbox 717 2503 874 2559; x_wconf 83' lang='lat' dir='ltr'><strong>Jesus</strong></span> <span class='ocrx_word' id='word_1_181' title='bbox 904 2519 917 2555; x_wconf 92' lang='lat'><strong>:</strong></span> <span class='ocrx_word' id='word_1_182' title='bbox 947 2502 1007 2557; x_wconf 88' lang='lat' dir='ltr'><strong>Si</strong></span> <span class='ocrx_word' id='word_1_183' title='bbox 1033 2502 1146 2571; x_wconf 83' lang='lat' dir='ltr'><strong>quis</strong></span> <span class='ocrx_word' id='word_1_184' title='bbox 1183 2502 1288 2556; x_wconf 81' lang='lat' dir='ltr'><strong>vult</strong></span> <span class='ocrx_word' id='word_1_185' title='bbox 1326 2509 1437 2570; x_wconf 81' lang='lat' dir='ltr'><strong>post</strong></span> <span class='ocrx_word' id='word_1_186' title='bbox 1475 2515 1555 2554; x_wconf 83' lang='lat' dir='ltr'><strong>me</strong></span> <span class='ocrx_word' id='word_1_187' title='bbox 1580 2490 1750 2553; x_wconf 79' lang='lat' dir='ltr'><strong>venire</strong></span> <span class='ocrx_word' id='word_1_188' title='bbox 1770 2537 1786 2564; x_wconf 94' lang='lat'><strong>,</strong></span> <span class='ocrx_word' id='word_1_189' title='bbox 1817 2496 2026 2568; x_wconf 82' lang='lat' dir='ltr'><strong>abneget</strong></span> 
     </span>
    </p>
   </div>
   <div class='ocr_carea' id='block_1_26' title="bbox 429 2578 2026 2669">
    <p class='ocr_par' dir='ltr' id='par_1_26' title="bbox 429 2578 2026 2669">
     <span class='ocr_line' id='line_1_26' title="bbox 429 2578 2026 2669; baseline -0.007 -17"><span class='ocrx_word' id='word_1_190' title='bbox 429 2597 751 2669; x_wconf 75' lang='lat' dir='ltr'><strong>semetipsum</strong></span> <span class='ocrx_word' id='word_1_191' title='bbox 773 2636 791 2663; x_wconf 93' lang='lat'><strong>,</strong></span> <span class='ocrx_word' id='word_1_192' title='bbox 845 2604 891 2647; x_wconf 87' lang='lat' dir='ltr'><strong>et</strong></span> <span class='ocrx_word' id='word_1_193' title='bbox 934 2586 1078 2648; x_wconf 80' lang='lat' dir='ltr'><strong>tollat</strong></span> <span class='ocrx_word' id='word_1_194' title='bbox 1131 2609 1329 2647; x_wconf 84' lang='lat' dir='ltr'><strong>crucem</strong></span> <span class='ocrx_word' id='word_1_195' title='bbox 1362 2582 1542 2660; x_wconf 74' lang='lat' dir='ltr'><strong>suam,</strong></span> <span class='ocrx_word' id='word_1_196' title='bbox 1570 2601 1617 2645; x_wconf 85' lang='lat' dir='ltr'><strong>et</strong></span> <span class='ocrx_word' id='word_1_197' title='bbox 1667 2578 1904 2660; x_wconf 76' lang='lat' dir='ltr'><strong>sequatur</strong></span> <span class='ocrx_word' id='word_1_198' title='bbox 1945 2603 2026 2641; x_wconf 85' lang='lat' dir='ltr'><strong>me</strong></span> 
     </span>
    </p>
   </div>
   <div class='ocr_carea' id='block_1_27' title="bbox 432 2670 2026 2757">
    <p class='ocr_par' dir='ltr' id='par_1_27' title="bbox 432 2670 2026 2757">
     <span class='ocr_line' id='line_1_27' title="bbox 432 2670 2026 2757; baseline -0.005 -16"><span class='ocrx_word' id='word_1_199' title='bbox 432 2687 455 2757; x_wconf 94' lang='lat'><strong>(</strong></span> <span class='ocrx_word' id='word_1_200' title='bbox 487 2687 676 2741; x_wconf 80' lang='lat' dir='ltr'><strong>Matth.</strong></span> <span class='ocrx_word' id='word_1_201' title='bbox 708 2688 799 2742; x_wconf 80' lang='grc'><strong>16.</strong></span> <span class='ocrx_word' id='word_1_202' title='bbox 826 2685 943 2755; x_wconf 71' lang='grc'><strong>24).</strong></span> <span class='ocrx_word' id='word_1_203' title='bbox 972 2685 1076 2752; x_wconf 83' lang='lat' dir='ltr'><strong>Qui</strong></span> <span class='ocrx_word' id='word_1_204' title='bbox 1101 2698 1232 2753; x_wconf 88' lang='lat' dir='ltr'><strong>ergo</strong></span> <span class='ocrx_word' id='word_1_205' title='bbox 1262 2670 1491 2738; x_wconf 54' lang='lat' dir='ltr'><strong>non&#39;tali</strong></span> <span class='ocrx_word' id='word_1_206' title='bbox 1529 2682 1710 2737; x_wconf 89' lang='lat' dir='ltr'><strong>animo</strong></span> <span class='ocrx_word' id='word_1_207' title='bbox 1734 2689 1819 2735; x_wconf 81' lang='lat' dir='ltr'><strong>est</strong></span> <span class='ocrx_word' id='word_1_208' title='bbox 1842 2720 1860 2747; x_wconf 92' lang='lat'><strong>,</strong></span> <span class='ocrx_word' id='word_1_209' title='bbox 1888 2679 2026 2734; x_wconf 90' lang='lat' dir='ltr'><strong>mul-</strong></span> 
     </span>
    </p>
   </div>
   <div class='ocr_carea' id='block_1_28' title="bbox 427 2758 2025 2857">
    <p class='ocr_par' dir='ltr' id='par_1_28' title="bbox 427 2758 2025 2857">
     <span class='ocr_line' id='line_1_28' title="bbox 427 2758 2025 2857; baseline -0.003 -25"><span class='ocrx_word' id='word_1_210' title='bbox 427 2786 514 2833; x_wconf 89' lang='lat' dir='ltr'><strong>tos</strong></span> <span class='ocrx_word' id='word_1_211' title='bbox 536 2776 696 2833; x_wconf 88' lang='lat' dir='ltr'><strong>etiam</strong></span> <span class='ocrx_word' id='word_1_212' title='bbox 726 2776 861 2831; x_wconf 90' lang='lat' dir='ltr'><strong>alios</strong></span> <span class='ocrx_word' id='word_1_213' title='bbox 905 2790 1001 2831; x_wconf 90' lang='lat' dir='ltr'><strong>suo</strong></span> <span class='ocrx_word' id='word_1_214' title='bbox 1048 2762 1222 2857; x_wconf 76' lang='lat' dir='ltr'><strong>perdit</strong></span> <span class='ocrx_word' id='word_1_215' title='bbox 1279 2758 1561 2844; x_wconf 39' lang='lat' dir='ltr'><strong>esemp‘lo‘,</strong></span> <span class='ocrx_word' id='word_1_216' title='bbox 1594 2773 1865 2843; x_wconf 75' lang='lat' dir='ltr'><strong>magisque</strong></span> <span class='ocrx_word' id='word_1_217' title='bbox 1895 2771 2025 2827; x_wconf 88' lang='lat' dir='ltr'><strong>utile</strong></span> 
     </span>
    </p>
   </div>
   <div class='ocr_carea' id='block_1_29' title="bbox 426 2856 2022 2941">
    <p class='ocr_par' dir='ltr' id='par_1_29' title="bbox 426 2856 2022 2941">
     <span class='ocr_line' id='line_1_29' title="bbox 426 2856 2022 2941; baseline -0.004 -15"><span class='ocrx_word' id='word_1_218' title='bbox 426 2880 512 2926; x_wconf 90' lang='lat' dir='ltr'><strong>est</strong></span> <span class='ocrx_word' id='word_1_219' title='bbox 532 2871 580 2925; x_wconf 88' lang='lat' dir='ltr'><strong>si</strong></span> <span class='ocrx_word' id='word_1_220' title='bbox 609 2871 869 2941; x_wconf 81' lang='lat' dir='ltr'><strong>quiescat,</strong></span> <span class='ocrx_word' id='word_1_221' title='bbox 897 2868 1105 2938; x_wconf 88' lang='lat' dir='ltr'><strong>sibique</strong></span> <span class='ocrx_word' id='word_1_222' title='bbox 1120 2856 1332 2921; x_wconf 75' lang='lat' dir='ltr'><strong>tantum</strong></span> <span class='ocrx_word' id='word_1_223' title='bbox 1358 2856 1533 2931; x_wconf 76' lang='lat' dir='ltr'><strong>vacet,</strong></span> <span class='ocrx_word' id='word_1_224' title='bbox 1576 2879 1735 2936; x_wconf 89' lang='lat' dir='ltr'><strong>quam</strong></span> <span class='ocrx_word' id='word_1_225' title='bbox 1767 2858 1810 2918; x_wconf 91' lang='lat' dir='ltr'><strong>si</strong></span> <span class='ocrx_word' id='word_1_226' title='bbox 1830 2872 2022 2933; x_wconf 85' lang='lat' dir='ltr'><strong>proce-</strong></span> 
     </span>
    </p>
   </div>
   <div class='ocr_carea' id='block_1_30' title="bbox 430 2944 2019 3026">
    <p class='ocr_par' dir='ltr' id='par_1_30' title="bbox 430 2944 2019 3026">
     <span class='ocr_line' id='line_1_30' title="bbox 430 2944 2019 3026; baseline -0.006 -8"><span class='ocrx_word' id='word_1_227' title='bbox 430 2944 527 3018; x_wconf 74' lang='lat' dir='ltr'><strong>dat</strong></span> <span class='ocrx_word' id='word_1_228' title='bbox 559 2962 613 3017; x_wconf 91' lang='lat' dir='ltr'><strong>iu</strong></span> <span class='ocrx_word' id='word_1_229' title='bbox 644 2961 877 3017; x_wconf 91' lang='lat' dir='ltr'><strong>medium</strong></span> <span class='ocrx_word' id='word_1_230' title='bbox 906 2969 959 3017; x_wconf 92' lang='lat' dir='ltr'><strong>et</strong></span> <span class='ocrx_word' id='word_1_231' title='bbox 985 2975 1119 3017; x_wconf 92' lang='lat' dir='ltr'><strong>onus</strong></span> <span class='ocrx_word' id='word_1_232' title='bbox 1149 2958 1261 3015; x_wconf 86' lang='lat' dir='ltr'><strong>suis</strong></span> <span class='ocrx_word' id='word_1_233' title='bbox 1292 2959 1492 3013; x_wconf 86' lang='lat' dir='ltr'><strong>viribus</strong></span> <span class='ocrx_word' id='word_1_234' title='bbox 1531 2959 1708 3026; x_wconf 84' lang='lat' dir='ltr'><strong>majus</strong></span> <span class='ocrx_word' id='word_1_235' title='bbox 1738 2965 1972 3011; x_wconf 85' lang='lat' dir='ltr'><strong>assumat</strong></span> <span class='ocrx_word' id='word_1_236' title='bbox 2005 2974 2019 3009; x_wconf 89' lang='lat'><strong>:</strong></span> 
     </span>
    </p>
   </div>
   <div class='ocr_carea' id='block_1_31' title="bbox 425 3032 2021 3122">
    <p class='ocr_par' dir='ltr' id='par_1_31' title="bbox 425 3032 2021 3122">
     <span class='ocr_line' id='line_1_31' title="bbox 425 3032 2021 3122; baseline -0.005 -13"><span class='ocrx_word' id='word_1_237' title='bbox 425 3051 507 3109; x_wconf 85' lang='lat' dir='ltr'><strong>sic</strong></span> <span class='ocrx_word' id='word_1_238' title='bbox 532 3051 674 3108; x_wconf 88' lang='lat' dir='ltr'><strong>enim</strong></span> <span class='ocrx_word' id='word_1_239' title='bbox 697 3066 804 3107; x_wconf 90' lang='lat' dir='ltr'><strong>non</strong></span> <span class='ocrx_word' id='word_1_240' title='bbox 828 3051 1095 3122; x_wconf 86' lang='lat' dir='ltr'><strong>propriam</strong></span> <span class='ocrx_word' id='word_1_241' title='bbox 1113 3042 1411 3117; x_wconf 85' lang='lat' dir='ltr'><strong>solum,sed</strong></span> <span class='ocrx_word' id='word_1_242' title='bbox 1429 3032 1591 3104; x_wconf 87' lang='lat' dir='ltr'><strong>etiam</strong></span> <span class='ocrx_word' id='word_1_243' title='bbox 1614 3048 1897 3102; x_wconf 90' lang='lat' dir='ltr'><strong>multorum</strong></span> <span class='ocrx_word' id='word_1_244' title='bbox 1920 3044 2021 3103; x_wconf 87' lang='lat' dir='ltr'><strong>sibi</strong></span> 
     </span>
    </p>
   </div>
   <div class='ocr_carea' id='block_1_32' title="bbox 425 3128 2021 3213">
    <p class='ocr_par' dir='ltr' id='par_1_32' title="bbox 425 3128 2021 3213">
     <span class='ocr_line' id='line_1_32' title="bbox 425 3128 2021 3213; baseline -0.003 -14"><span class='ocrx_word' id='word_1_245' title='bbox 425 3128 756 3199; x_wconf 79' lang='lat' dir='ltr'><strong>creditorum</strong></span> <span class='ocrx_word' id='word_1_246' title='bbox 806 3143 984 3213; x_wconf 88' lang='lat' dir='ltr'><strong>prodit</strong></span> <span class='ocrx_word' id='word_1_247' title='bbox 1012 3141 1263 3198; x_wconf 87' lang='lat' dir='ltr'><strong>salutem.</strong></span> <span class='ocrx_word' id='word_1_248' title='bbox 1310 3140 1380 3195; x_wconf 86' lang='lat' dir='ltr'><strong>Et</strong></span> <span class='ocrx_word' id='word_1_249' title='bbox 1405 3144 1592 3196; x_wconf 77' lang='lat' dir='ltr'><strong>revera</strong></span> <span class='ocrx_word' id='word_1_250' title='bbox 1622 3139 1891 3212; x_wconf 89' lang='lat' dir='ltr'><strong>quomodo</strong></span> <span class='ocrx_word' id='word_1_251' title='bbox 1915 3155 2021 3196; x_wconf 91' lang='lat' dir='ltr'><strong>non</strong></span> 
     </span>
    </p>
   </div>
   <div class='ocr_carea' id='block_1_33' title="bbox 427 3231 2035 3305">
    <p class='ocr_par' dir='ltr' id='par_1_33' title="bbox 427 3231 2035 3305">
     <span class='ocr_line' id='line_1_33' title="bbox 427 3231 2035 3305; baseline -0.001 -15"><span class='ocrx_word' id='word_1_252' title='bbox 427 3233 720 3291; x_wconf 78' lang='lat' dir='ltr'><strong>absurdum</strong></span> <span class='ocrx_word' id='word_1_253' title='bbox 745 3246 849 3300; x_wconf 90' lang='lat' dir='ltr'><strong>est,</strong></span> <span class='ocrx_word' id='word_1_254' title='bbox 874 3243 936 3290; x_wconf 89' lang='lat' dir='ltr'><strong>ut</strong></span> <span class='ocrx_word' id='word_1_255' title='bbox 982 3249 1105 3291; x_wconf 89' lang='lat' dir='ltr'><strong>cum</strong></span> <span class='ocrx_word' id='word_1_256' title='bbox 1147 3232 1340 3304; x_wconf 86' lang='lat' dir='ltr'><strong>aliquis</strong></span> <span class='ocrx_word' id='word_1_257' title='bbox 1383 3231 1590 3289; x_wconf 81' lang='lat' dir='ltr'><strong>nesciat</strong></span> <span class='ocrx_word' id='word_1_258' title='bbox 1625 3242 1796 3287; x_wconf 83' lang='lat' dir='ltr'><strong>artem</strong></span> <span class='ocrx_word' id='word_1_259' title='bbox 1824 3232 2035 3305; x_wconf 67' lang='lat' dir='ltr'><strong>guber-~</strong></span> 
     </span>
    </p>
   </div>
   <div class='ocr_carea' id='block_1_34' title="bbox 426 3308 2022 3396">
    <p class='ocr_par' dir='ltr' id='par_1_34' title="bbox 426 3308 2022 3396">
     <span class='ocr_line' id='line_1_34' title="bbox 426 3308 2022 3396; baseline -0.002 -15"><span class='ocrx_word' id='word_1_260' title='bbox 426 3312 589 3381; x_wconf 81' lang='lat' dir='ltr'><strong>nandi</strong></span> <span class='ocrx_word' id='word_1_261' title='bbox 613 3314 990 3396; x_wconf 83' lang='lat' dir='ltr'><strong>pugnandique</strong></span> <span class='ocrx_word' id='word_1_262' title='bbox 1013 3339 1133 3380; x_wconf 90' lang='lat' dir='ltr'><strong>cum</strong></span> <span class='ocrx_word' id='word_1_263' title='bbox 1175 3308 1451 3392; x_wconf 83' lang='lat' dir='ltr'><strong>ﬂuctibus,</strong></span> <span class='ocrx_word' id='word_1_264' title='bbox 1481 3337 1581 3379; x_wconf 91' lang='lat' dir='ltr'><strong>nec</strong></span> <span class='ocrx_word' id='word_1_265' title='bbox 1608 3321 1655 3377; x_wconf 90' lang='lat' dir='ltr'><strong>si</strong></span> <span class='ocrx_word' id='word_1_266' title='bbox 1690 3321 1835 3379; x_wconf 85' lang='lat' dir='ltr'><strong>mille</strong></span> <span class='ocrx_word' id='word_1_267' title='bbox 1858 3321 2022 3379; x_wconf 88' lang='lat' dir='ltr'><strong>rebus</strong></span> 
     </span>
    </p>
   </div>
   <div class='ocr_carea' id='block_1_35' title="bbox 424 3407 2020 3487">
    <p class='ocr_par' dir='ltr' id='par_1_35' title="bbox 424 3407 2020 3487">
     <span class='ocr_line' id='line_1_35' title="bbox 424 3407 2020 3487; baseline -0.001 -16"><span class='ocrx_word' id='word_1_268' title='bbox 424 3416 669 3487; x_wconf 77' lang='lat' dir='ltr'><strong>adigatur</strong></span> <span class='ocrx_word' id='word_1_269' title='bbox 697 3458 712 3482; x_wconf 91' lang='lat'><strong>,</strong></span> <span class='ocrx_word' id='word_1_270' title='bbox 742 3416 901 3487; x_wconf 79' lang='lat' dir='ltr'><strong>eligat</strong></span> <span class='ocrx_word' id='word_1_271' title='bbox 943 3415 1011 3471; x_wconf 88' lang='lat' dir='ltr'><strong>ad</strong></span> <span class='ocrx_word' id='word_1_272' title='bbox 1038 3415 1248 3471; x_wconf 88' lang='lat' dir='ltr'><strong>clavum</strong></span> <span class='ocrx_word' id='word_1_273' title='bbox 1299 3407 1489 3471; x_wconf 87' lang='lat' dir='ltr'><strong>sedere</strong></span> <span class='ocrx_word' id='word_1_274' title='bbox 1542 3429 1557 3468; x_wconf 89' lang='lat'><strong>:</strong></span> <span class='ocrx_word' id='word_1_275' title='bbox 1606 3422 1663 3469; x_wconf 89' lang='lat' dir='ltr'><strong>et</strong></span> <span class='ocrx_word' id='word_1_276' title='bbox 1711 3413 1802 3468; x_wconf 87' lang='lat' dir='ltr'><strong>ille</strong></span> <span class='ocrx_word' id='word_1_277' title='bbox 1827 3411 1922 3484; x_wconf 87' lang='lat' dir='ltr'><strong>qui</strong></span> <span class='ocrx_word' id='word_1_278' title='bbox 1951 3412 2020 3469; x_wconf 84' lang='lat' dir='ltr'><strong>ad</strong></span> 
     </span>
    </p>
   </div>
   <div class='ocr_carea' id='block_1_36' title="bbox 424 3498 2025 3582">
    <p class='ocr_par' dir='ltr' id='par_1_36' title="bbox 424 3498 2025 3582">
     <span class='ocr_line' id='line_1_36' title="bbox 424 3498 2025 3582; baseline -0.002 -17"><span class='ocrx_word' id='word_1_279' title='bbox 424 3509 757 3581; x_wconf 66' lang='lat' dir='ltr'><strong>praedicandi</strong></span> <span class='ocrx_word' id='word_1_280' title='bbox 777 3511 951 3582; x_wconf 78' lang='lat' dir='ltr'><strong>pergit</strong></span> <span class='ocrx_word' id='word_1_281' title='bbox 969 3498 1205 3567; x_wconf 81' lang='lat' dir='ltr'><strong>officium</strong></span> <span class='ocrx_word' id='word_1_282' title='bbox 1236 3517 1440 3571; x_wconf 78' lang='lat' dir='ltr'><strong>tctnere</strong></span> <span class='ocrx_word' id='word_1_283' title='bbox 1462 3507 1536 3567; x_wconf 82' lang='lat' dir='ltr'><strong>ad</strong></span> <span class='ocrx_word' id='word_1_284' title='bbox 1562 3505 1703 3565; x_wconf 90' lang='lat' dir='ltr'><strong>istud</strong></span> <span class='ocrx_word' id='word_1_285' title='bbox 1724 3516 1780 3563; x_wconf 90' lang='lat' dir='ltr'><strong>et</strong></span> <span class='ocrx_word' id='word_1_286' title='bbox 1811 3516 2025 3563; x_wconf 80' lang='lat' dir='ltr'><strong>utcum-</strong></span> 
     </span>
    </p>
   </div>
   <div class='ocr_carea' id='block_1_37' title="bbox 428 3590 2020 3673">
    <p class='ocr_par' dir='ltr' id='par_1_37' title="bbox 428 3590 2020 3673">
     <span class='ocr_line' id='line_1_37' title="bbox 428 3590 2020 3673; baseline -0.001 -18"><span class='ocrx_word' id='word_1_287' title='bbox 428 3616 537 3671; x_wconf 89' lang='lat' dir='ltr'><strong>que</strong></span> <span class='ocrx_word' id='word_1_288' title='bbox 589 3590 887 3673; x_wconf 84' lang='lat' dir='ltr'><strong>contingit,</strong></span> <span class='ocrx_word' id='word_1_289' title='bbox 935 3599 1196 3666; x_wconf 86' lang='lat' dir='ltr'><strong>accedat,</strong></span> <span class='ocrx_word' id='word_1_290' title='bbox 1225 3608 1386 3671; x_wconf 87' lang='lat' dir='ltr'><strong>atque</strong></span> <span class='ocrx_word' id='word_1_291' title='bbox 1417 3598 1881 3655; x_wconf 87' lang='lat' dir='ltr'><strong>innumerabilium</strong></span> <span class='ocrx_word' id='word_1_292' title='bbox 1929 3613 2020 3654; x_wconf 89' lang='lat' dir='ltr'><strong>re-</strong></span> 
     </span>
    </p>
   </div>
   <div class='ocr_carea' id='block_1_38' title="bbox 424 3678 2020 3771">
    <p class='ocr_par' dir='ltr' id='par_1_38' title="bbox 424 3678 2020 3771">
     <span class='ocr_line' id='line_1_38' title="bbox 424 3678 2020 3771; baseline -0.004 -22"><span class='ocrx_word' id='word_1_293' title='bbox 424 3706 544 3771; x_wconf 83' lang='lat' dir='ltr'><strong>rum</strong></span> <span class='ocrx_word' id='word_1_294' title='bbox 593 3688 783 3748; x_wconf 79' lang='lat' dir='ltr'><strong>curam&#39;</strong></span> <span class='ocrx_word' id='word_1_295' title='bbox 824 3688 1029 3762; x_wconf 84' lang='lat' dir='ltr'><strong>absque</strong></span> <span class='ocrx_word' id='word_1_296' title='bbox 1070 3691 1177 3769; x_wconf 86' lang='lat' dir='ltr'><strong>ulla</strong></span> <span class='ocrx_word' id='word_1_297' title='bbox 1233 3678 1666 3746; x_wconf 85' lang='lat' dir='ltr'><strong>consideratione</strong></span> <span class='ocrx_word' id='word_1_298' title='bbox 1718 3686 2020 3771; x_wconf 76' lang='lat' dir='ltr'><strong>suscipiat?</strong></span> 
     </span>
    </p>
   </div>
   <div class='ocr_carea' id='block_1_39' title="bbox 424 3770 2022 3854">
    <p class='ocr_par' dir='ltr' id='par_1_39' title="bbox 424 3770 2022 3854">
     <span class='ocr_line' id='line_1_39' title="bbox 424 3770 2022 3854; baseline -0.005 -14"><span class='ocrx_word' id='word_1_299' title='bbox 424 3770 549 3840; x_wconf 67' lang='lat' dir='ltr'><strong>Non</strong></span> <span class='ocrx_word' id='word_1_300' title='bbox 576 3782 756 3854; x_wconf 82' lang='lat' dir='ltr'><strong>itaque</strong></span> <span class='ocrx_word' id='word_1_301' title='bbox 799 3781 1014 3838; x_wconf 82' lang='lat' dir='ltr'><strong>navium</strong></span> <span class='ocrx_word' id='word_1_302' title='bbox 1038 3781 1473 3852; x_wconf 77' lang='lat' dir='ltr'><strong>gubernatorem,</strong></span> <span class='ocrx_word' id='word_1_303' title='bbox 1496 3792 1603 3833; x_wconf 88' lang='lat' dir='ltr'><strong>non</strong></span> <span class='ocrx_word' id='word_1_304' title='bbox 1623 3778 1688 3833; x_wconf 90' lang='lat' dir='ltr'><strong>ad</strong></span> <span class='ocrx_word' id='word_1_305' title='bbox 1714 3776 1914 3833; x_wconf 90' lang='lat' dir='ltr'><strong>bestias</strong></span> <span class='ocrx_word' id='word_1_306' title='bbox 1928 3776 2022 3833; x_wconf 54' lang='lat' dir='ltr'><strong>&#39;di-</strong></span> 
     </span>
    </p>
   </div>
   <div class='ocr_carea' id='block_1_40' title="bbox 431 3866 2022 3942">
    <p class='ocr_par' dir='ltr' id='par_1_40' title="bbox 431 3866 2022 3942">
     <span class='ocr_line' id='line_1_40' title="bbox 431 3866 2022 3942; baseline -0.003 -13"><span class='ocrx_word' id='word_1_307' title='bbox 431 3873 724 3930; x_wconf 86' lang='lat' dir='ltr'><strong>micantem</strong></span> <span class='ocrx_word' id='word_1_308' title='bbox 752 3915 768 3941; x_wconf 92' lang='lat'><strong>,</strong></span> <span class='ocrx_word' id='word_1_309' title='bbox 812 3887 923 3928; x_wconf 88' lang='lat' dir='ltr'><strong>non</strong></span> <span class='ocrx_word' id='word_1_310' title='bbox 971 3872 1099 3928; x_wconf 92' lang='lat' dir='ltr'><strong>ludo</strong></span> <span class='ocrx_word' id='word_1_311' title='bbox 1141 3866 1456 3942; x_wconf 87' lang='lat' dir='ltr'><strong>gladiatorio</strong></span> <span class='ocrx_word' id='word_1_312' title='bbox 1487 3869 1811 3925; x_wconf 90' lang='lat' dir='ltr'><strong>destinatum</strong></span> <span class='ocrx_word' id='word_1_313' title='bbox 1842 3909 1859 3936; x_wconf 94' lang='lat'><strong>,</strong></span> <span class='ocrx_word' id='word_1_314' title='bbox 1915 3885 2022 3924; x_wconf 88' lang='lat' dir='ltr'><strong>non</strong></span> 
     </span>
    </p>
   </div>
   <div class='ocr_carea' id='block_1_41' title="bbox 426 3954 2022 4035">
    <p class='ocr_par' dir='ltr' id='par_1_41' title="bbox 426 3954 2022 4035">
     <span class='ocr_line' id='line_1_41' title="bbox 426 3954 2022 4035; baseline -0.001 -16"><span class='ocrx_word' id='word_1_315' title='bbox 426 3963 595 4019; x_wconf 86' lang='lat' dir='ltr'><strong>alium</strong></span> <span class='ocrx_word' id='word_1_316' title='bbox 625 3964 931 4035; x_wconf 88' lang='lat' dir='ltr'><strong>quempiam</strong></span> <span class='ocrx_word' id='word_1_317' title='bbox 960 3954 1180 4021; x_wconf 81' lang='lat' dir='ltr'><strong>omnino</strong></span> <span class='ocrx_word' id='word_1_318' title='bbox 1199 3954 1278 4018; x_wconf 81' lang='lat' dir='ltr'><strong>sic</strong></span> <span class='ocrx_word' id='word_1_319' title='bbox 1301 3960 1367 4016; x_wconf 90' lang='lat' dir='ltr'><strong>ad</strong></span> <span class='ocrx_word' id='word_1_320' title='bbox 1396 3960 1709 4017; x_wconf 88' lang='lat' dir='ltr'><strong>discrimina</strong></span> <span class='ocrx_word' id='word_1_321' title='bbox 1738 3971 1794 4016; x_wconf 92' lang='lat' dir='ltr'><strong>et</strong></span> <span class='ocrx_word' id='word_1_322' title='bbox 1821 3967 2022 4017; x_wconf 84' lang='lat' dir='ltr'><strong>mortes</strong></span> 
     </span>
    </p>
   </div>
   <div class='ocr_carea' id='block_1_42' title="bbox 426 4052 2022 4127">
    <p class='ocr_par' dir='ltr' id='par_1_42' title="bbox 426 4052 2022 4127">
     <span class='ocr_line' id='line_1_42' title="bbox 426 4052 2022 4127; baseline -0.001 -18"><span class='ocrx_word' id='word_1_323' title='bbox 426 4061 674 4127; x_wconf 85' lang='lat' dir='ltr'><strong>paratam</strong></span> <span class='ocrx_word' id='word_1_324' title='bbox 704 4063 864 4126; x_wconf 89' lang='lat' dir='ltr'><strong>atque</strong></span> <span class='ocrx_word' id='word_1_325' title='bbox 889 4054 1188 4126; x_wconf 82' lang='lat' dir='ltr'><strong>expositam</strong></span> <span class='ocrx_word' id='word_1_326' title='bbox 1212 4060 1427 4126; x_wconf 88' lang='lat' dir='ltr'><strong>oportet</strong></span> <span class='ocrx_word' id='word_1_327' title='bbox 1448 4052 1652 4109; x_wconf 85' lang='lat' dir='ltr'><strong>habere</strong></span> <span class='ocrx_word' id='word_1_328' title='bbox 1680 4053 1939 4118; x_wconf 90' lang='lat' dir='ltr'><strong>animam,</strong></span> <span class='ocrx_word' id='word_1_329' title='bbox 1963 4064 2022 4108; x_wconf 89' lang='lat' dir='ltr'><strong>ut</strong></span> 
     </span>
    </p>
   </div>
   <div class='ocr_carea' id='block_1_43' title="bbox 430 4136 2021 4218">
    <p class='ocr_par' dir='ltr' id='par_1_43' title="bbox 430 4136 2021 4218">
     <span class='ocr_line' id='line_1_43' title="bbox 430 4136 2021 4218; baseline -0.002 -15"><span class='ocrx_word' id='word_1_330' title='bbox 430 4136 558 4203; x_wconf 85' lang='lat' dir='ltr'><strong>eum</strong></span> <span class='ocrx_word' id='word_1_331' title='bbox 583 4148 671 4218; x_wconf 90' lang='lat' dir='ltr'><strong>qui</strong></span> <span class='ocrx_word' id='word_1_332' title='bbox 712 4145 937 4216; x_wconf 88' lang='lat' dir='ltr'><strong>suscipit</strong></span> <span class='ocrx_word' id='word_1_333' title='bbox 968 4144 1202 4202; x_wconf 85' lang='lat' dir='ltr'><strong>officium</strong></span> <span class='ocrx_word' id='word_1_334' title='bbox 1233 4143 1578 4216; x_wconf 68' lang='lat' dir='ltr'><strong>praedicandi.</strong></span> <span class='ocrx_word' id='word_1_335' title='bbox 1618 4143 1752 4200; x_wconf 87' lang='lat' dir='ltr'><strong>Nam</strong></span> <span class='ocrx_word' id='word_1_336' title='bbox 1792 4153 1847 4201; x_wconf 91' lang='lat' dir='ltr'><strong>et</strong></span> <span class='ocrx_word' id='word_1_337' title='bbox 1874 4145 2021 4215; x_wconf 88' lang='lat' dir='ltr'><strong>peri-</strong></span> 
     </span>
    </p>
   </div>
   <div class='ocr_carea' id='block_1_44' title="bbox 422 4239 2018 4312">
    <p class='ocr_par' dir='ltr' id='par_1_44' title="bbox 422 4239 2018 4312">
     <span class='ocr_line' id='line_1_44' title="bbox 422 4239 2018 4312; baseline -0.004 -14"><span class='ocrx_word' id='word_1_338' title='bbox 422 4241 546 4298; x_wconf 91' lang='lat' dir='ltr'><strong>cula</strong></span> <span class='ocrx_word' id='word_1_339' title='bbox 590 4240 834 4312; x_wconf 90' lang='lat' dir='ltr'><strong>profecto</strong></span> <span class='ocrx_word' id='word_1_340' title='bbox 860 4239 1083 4311; x_wconf 83' lang='lat' dir='ltr'><strong>majora,</strong></span> <span class='ocrx_word' id='word_1_341' title='bbox 1102 4248 1172 4309; x_wconf 34' lang='lat' dir='ltr'><strong>[et</strong></span> <span class='ocrx_word' id='word_1_342' title='bbox 1193 4239 1489 4294; x_wconf 85' lang='lat' dir='ltr'><strong>adversarii</strong></span> <span class='ocrx_word' id='word_1_343' title='bbox 1523 4239 1807 4305; x_wconf 68' lang='lat' dir='ltr'><strong>saeviores,</strong></span> <span class='ocrx_word' id='word_1_344' title='bbox 1837 4248 1892 4294; x_wconf 92' lang='lat' dir='ltr'><strong>et</strong></span> <span class='ocrx_word' id='word_1_345' title='bbox 1911 4252 2018 4293; x_wconf 93' lang='lat' dir='ltr'><strong>non</strong></span> 
     </span>
    </p>
   </div>
   <div class='ocr_carea' id='block_1_45' title="bbox 424 4330 2018 4403">
    <p class='ocr_par' dir='ltr' id='par_1_45' title="bbox 424 4330 2018 4403">
     <span class='ocr_line' id='line_1_45' title="bbox 424 4330 2018 4403; baseline -0.003 -13"><span class='ocrx_word' id='word_1_346' title='bbox 424 4347 594 4390; x_wconf 88' lang='lat' dir='ltr'><strong>unum</strong></span> <span class='ocrx_word' id='word_1_347' title='bbox 620 4330 889 4403; x_wconf 87' lang='lat' dir='ltr'><strong>quoddam</strong></span> <span class='ocrx_word' id='word_1_348' title='bbox 919 4330 1109 4385; x_wconf 91' lang='lat' dir='ltr'><strong>mortis</strong></span> <span class='ocrx_word' id='word_1_349' title='bbox 1137 4344 1305 4401; x_wconf 87' lang='lat' dir='ltr'><strong>genus</strong></span> <span class='ocrx_word' id='word_1_350' title='bbox 1332 4330 1590 4385; x_wconf 90' lang='lat' dir='ltr'><strong>incumbit</strong></span> <span class='ocrx_word' id='word_1_351' title='bbox 1618 4371 1632 4394; x_wconf 92' lang='lat'><strong>,</strong></span> <span class='ocrx_word' id='word_1_352' title='bbox 1666 4345 1767 4385; x_wconf 91' lang='lat' dir='ltr'><strong>nec</strong></span> <span class='ocrx_word' id='word_1_353' title='bbox 1791 4332 2018 4401; x_wconf 84' lang='lat' dir='ltr'><strong>usquam</strong></span> 
     </span>
    </p>
   </div>
   <div class='ocr_carea' id='block_1_46' title="bbox 421 4408 2020 4495">
    <p class='ocr_par' dir='ltr' id='par_1_46' title="bbox 421 4408 2020 4495">
     <span class='ocr_line' id='line_1_46' title="bbox 421 4408 2020 4495; baseline -0.002 -16"><span class='ocrx_word' id='word_1_354' title='bbox 421 4437 646 4495; x_wconf 86' lang='lat' dir='ltr'><strong>prorsus</strong></span> <span class='ocrx_word' id='word_1_355' title='bbox 674 4421 837 4479; x_wconf 77' lang='lat' dir='ltr'><strong>simili</strong></span> <span class='ocrx_word' id='word_1_356' title='bbox 866 4408 1186 4477; x_wconf 75' lang='lat' dir='ltr'><strong>conditione</strong></span> <span class='ocrx_word' id='word_1_357' title='bbox 1221 4428 1457 4477; x_wconf 88' lang='lat' dir='ltr'><strong>certatur</strong></span> <span class='ocrx_word' id='word_1_358' title='bbox 1481 4422 1525 4473; x_wconf 70' lang='grc' dir='ltr'><strong>ί.</strong></span> <span class='ocrx_word' id='word_1_359' title='bbox 1556 4419 1759 4476; x_wconf 65' lang='lat' dir='ltr'><strong>Caelum</strong></span> <span class='ocrx_word' id='word_1_360' title='bbox 1787 4435 2020 4492; x_wconf 90' lang='lat' dir='ltr'><strong>namque</strong></span> 
     </span>
    </p>
   </div>
   <div class='ocr_carea' id='block_1_47' title="bbox 485 4598 2021 4683">
    <p class='ocr_par' dir='ltr' id='par_1_47' title="bbox 485 4598 2021 4683">
     <span class='ocr_line' id='line_1_47' title="bbox 485 4598 2021 4683; baseline -0.001 -15"><span class='ocrx_word' id='word_1_361' title='bbox 485 4621 503 4651; x_wconf 77' lang='grc' dir='ltr'>ί</span> <span class='ocrx_word' id='word_1_362' title='bbox 526 4627 591 4683; x_wconf 64' lang='grc' dir='ltr'><strong>Διιι</strong></span> <span class='ocrx_word' id='word_1_363' title='bbox 612 4626 774 4683; x_wconf 62' lang='lat' dir='ltr'><strong>Graeco</strong></span> <span class='ocrx_word' id='word_1_364' title='bbox 809 4598 1088 4683; x_wconf 36' lang='grc' dir='ltr'><strong>Ιθειιυιζέει</strong></span> <span class='ocrx_word' id='word_1_365' title='bbox 1122 4601 1493 4683; x_wconf 61' lang='lat' dir='ltr'><strong>pi‘ophetizaret,</strong></span> <span class='ocrx_word' id='word_1_366' title='bbox 1534 4628 1625 4667; x_wconf 85' lang='lat' dir='ltr'><strong>cur</strong></span> <span class='ocrx_word' id='word_1_367' title='bbox 1660 4610 2021 4683; x_wconf 74' lang='lat' dir='ltr'><strong>excusationem</strong></span> 
     </span>
    </p>
   </div>
   <div class='ocr_carea' id='block_1_48' title="bbox 2135 484 3729 571">
    <p class='ocr_par' dir='ltr' id='par_1_48' title="bbox 2135 484 3729 571">
     <span class='ocr_line' id='line_1_48' title="bbox 2135 484 3729 571; baseline 0.006 -30"><span class='ocrx_word' id='word_1_368' title='bbox 2135 484 2223 571; x_wconf 79' lang='lat' dir='ltr'><strong>hic</strong></span> <span class='ocrx_word' id='word_1_369' title='bbox 2242 486 2295 539; x_wconf 91' lang='lat' dir='ltr'><strong>in</strong></span> <span class='ocrx_word' id='word_1_370' title='bbox 2326 484 2564 571; x_wconf 73' lang='lat' dir='ltr'><strong>praemio,</strong></span> <span class='ocrx_word' id='word_1_371' title='bbox 2593 486 2646 541; x_wconf 93' lang='lat' dir='ltr'><strong>in</strong></span> <span class='ocrx_word' id='word_1_372' title='bbox 2680 486 2943 558; x_wconf 84' lang='lat' dir='ltr'><strong>supplicio</strong></span> <span class='ocrx_word' id='word_1_373' title='bbox 2975 494 3152 545; x_wconf 83' lang='lat' dir='ltr'><strong>autem</strong></span> <span class='ocrx_word' id='word_1_374' title='bbox 3178 489 3427 565; x_wconf 81' lang='lat' dir='ltr'><strong>gehenna</strong></span> <span class='ocrx_word' id='word_1_375' title='bbox 3473 497 3729 566; x_wconf 82' lang='lat' dir='ltr'><strong>proponi-</strong></span> 
     </span>
    </p>
   </div>
   <div class='ocr_carea' id='block_1_49' title="bbox 2131 571 3728 655">
    <p class='ocr_par' dir='ltr' id='par_1_49' title="bbox 2131 571 3728 655">
     <span class='ocr_line' id='line_1_49' title="bbox 2131 571 3728 655; baseline 0.009 -25"><span class='ocrx_word' id='word_1_376' title='bbox 2131 584 2236 655; x_wconf 76' lang='lat' dir='ltr'><strong>tur,</strong></span> <span class='ocrx_word' id='word_1_377' title='bbox 2265 583 2319 630; x_wconf 86' lang='lat' dir='ltr'><strong>et</strong></span> <span class='ocrx_word' id='word_1_378' title='bbox 2342 586 2540 631; x_wconf 62' lang='lat' dir='ltr'><strong>aeterna</strong></span> <span class='ocrx_word' id='word_1_379' title='bbox 2569 577 2761 634; x_wconf 64' lang='lat' dir='ltr'><strong>animae</strong></span> <span class='ocrx_word' id='word_1_380' title='bbox 2786 578 2931 634; x_wconf 78' lang='lat' dir='ltr'><strong>sains</strong></span> <span class='ocrx_word' id='word_1_381' title='bbox 2957 620 2974 645; x_wconf 94' lang='lat'><strong>,</strong></span> <span class='ocrx_word' id='word_1_382' title='bbox 3004 571 3166 652; x_wconf 80' lang='lat' dir='ltr'><strong>atque</strong></span> <span class='ocrx_word' id='word_1_383' title='bbox 3194 584 3447 653; x_wconf 88' lang='lat' dir='ltr'><strong>perditio.</strong></span> <span class='ocrx_word' id='word_1_384' title='bbox 3488 582 3611 644; x_wconf 82' lang='lat' dir='ltr'><strong>Non</strong></span> <span class='ocrx_word' id='word_1_385' title='bbox 3640 606 3728 645; x_wconf 87' lang='lat' dir='ltr'><strong>so-</strong></span> 
     </span>
    </p>
   </div>
   <div class='ocr_carea' id='block_1_50' title="bbox 2130 665 3727 757">
    <p class='ocr_par' dir='ltr' id='par_1_50' title="bbox 2130 665 3727 757">
     <span class='ocr_line' id='line_1_50' title="bbox 2130 665 3727 757; baseline 0.011 -37"><span class='ocrx_word' id='word_1_386' title='bbox 2130 665 2240 757; x_wconf 76' lang='lat' dir='ltr'><strong>lum</strong></span> <span class='ocrx_word' id='word_1_387' title='bbox 2265 678 2442 723; x_wconf 88' lang='lat' dir='ltr'><strong>autem</strong></span> <span class='ocrx_word' id='word_1_388' title='bbox 2466 683 2588 724; x_wconf 90' lang='lat' dir='ltr'><strong>eum</strong></span> <span class='ocrx_word' id='word_1_389' title='bbox 2610 670 2700 739; x_wconf 91' lang='lat' dir='ltr'><strong>qui</strong></span> <span class='ocrx_word' id='word_1_390' title='bbox 2723 668 3087 740; x_wconf 66' lang='lat' dir='ltr'><strong>praedicationi</strong></span> <span class='ocrx_word' id='word_1_391' title='bbox 3115 675 3436 747; x_wconf 90' lang='lat' dir='ltr'><strong>accingitur,</strong></span> <span class='ocrx_word' id='word_1_392' title='bbox 3461 680 3543 735; x_wconf 86' lang='lat' dir='ltr'><strong>sic</strong></span> <span class='ocrx_word' id='word_1_393' title='bbox 3569 686 3727 751; x_wconf 75' lang='lat' dir='ltr'><strong>op‘or-</strong></span> 
     </span>
    </p>
   </div>
   <div class='ocr_carea' id='block_1_51' title="bbox 2131 756 3727 837">
    <p class='ocr_par' dir='ltr' id='par_1_51' title="bbox 2131 756 3727 837">
     <span class='ocr_line' id='line_1_51' title="bbox 2131 756 3727 837; baseline 0.011 -26"><span class='ocrx_word' id='word_1_394' title='bbox 2131 764 2208 811; x_wconf 91' lang='lat' dir='ltr'><strong>tet</strong></span> <span class='ocrx_word' id='word_1_395' title='bbox 2238 758 2449 833; x_wconf 88' lang='lat' dir='ltr'><strong>parari,</strong></span> <span class='ocrx_word' id='word_1_396' title='bbox 2496 756 2591 815; x_wconf 89' lang='lat' dir='ltr'><strong>sed</strong></span> <span class='ocrx_word' id='word_1_397' title='bbox 2614 766 3007 834; x_wconf 81' lang='lat' dir='ltr'><strong>quemcumque</strong></span> <span class='ocrx_word' id='word_1_398' title='bbox 3029 803 3048 830; x_wconf 91' lang='lat'><strong>,</strong></span> <span class='ocrx_word' id='word_1_399' title='bbox 3091 764 3173 820; x_wconf 85' lang='lat' dir='ltr'><strong>vel</strong></span> <span class='ocrx_word' id='word_1_400' title='bbox 3201 767 3524 837; x_wconf 85' lang='lat' dir='ltr'><strong>simpliciter</strong></span> <span class='ocrx_word' id='word_1_401' title='bbox 3571 770 3727 828; x_wconf 82' lang='lat' dir='ltr'><strong>Chri-</strong></span> 
     </span>
    </p>
   </div>
   <div class='ocr_carea' id='block_1_52' title="bbox 2132 847 3728 930">
    <p class='ocr_par' dir='ltr' id='par_1_52' title="bbox 2132 847 3728 930">
     <span class='ocr_line' id='line_1_52' title="bbox 2132 847 3728 930; baseline 0.011 -28"><span class='ocrx_word' id='word_1_402' title='bbox 2132 847 2401 906; x_wconf 81' lang='lat' dir='ltr'><strong>stianum:</strong></span> <span class='ocrx_word' id='word_1_403' title='bbox 2427 868 2549 907; x_wconf 91' lang='lat' dir='ltr'><strong>nam</strong></span> <span class='ocrx_word' id='word_1_404' title='bbox 2576 867 2797 910; x_wconf 86' lang='lat' dir='ltr'><strong>erucem</strong></span> <span class='ocrx_word' id='word_1_405' title='bbox 2826 854 3015 912; x_wconf 86' lang='lat' dir='ltr'><strong>tollere</strong></span> <span class='ocrx_word' id='word_1_406' title='bbox 3041 866 3096 914; x_wconf 91' lang='lat' dir='ltr'><strong>et</strong></span> <span class='ocrx_word' id='word_1_407' title='bbox 3120 850 3271 930; x_wconf 79' lang='lat' dir='ltr'><strong>sequi</strong></span> <span class='ocrx_word' id='word_1_408' title='bbox 3309 850 3593 919; x_wconf 81' lang='lat' dir='ltr'><strong>Christum</strong></span> <span class='ocrx_word' id='word_1_409' title='bbox 3615 881 3728 920; x_wconf 85' lang='lat' dir='ltr'><strong>om-</strong></span> 
     </span>
    </p>
   </div>
   <div class='ocr_carea' id='block_1_53' title="bbox 2130 932 3727 1030">
    <p class='ocr_par' dir='ltr' id='par_1_53' title="bbox 2130 932 3727 1030">
     <span class='ocr_line' id='line_1_53' title="bbox 2130 932 3727 1030; baseline 0.011 -32"><span class='ocrx_word' id='word_1_410' title='bbox 2130 932 2293 1029; x_wconf 78' lang='lat' dir='ltr'><strong>nibus</strong></span> <span class='ocrx_word' id='word_1_411' title='bbox 2314 944 2624 1017; x_wconf 85' lang='lat' dir='ltr'><strong>imperatur.</strong></span> <span class='ocrx_word' id='word_1_412' title='bbox 2668 946 2725 1003; x_wconf 91' lang='lat' dir='ltr'><strong>Si</strong></span> <span class='ocrx_word' id='word_1_413' title='bbox 2752 934 2932 1005; x_wconf 86' lang='lat' dir='ltr'><strong>autem</strong></span> <span class='ocrx_word' id='word_1_414' title='bbox 2957 953 3199 1030; x_wconf 85' lang='lat' dir='ltr'><strong>cunctis,</strong></span> <span class='ocrx_word' id='word_1_415' title='bbox 3231 952 3404 1012; x_wconf 88' lang='lat' dir='ltr'><strong>multo</strong></span> <span class='ocrx_word' id='word_1_416' title='bbox 3434 946 3609 1030; x_wconf 86' lang='lat' dir='ltr'><strong>magis</strong></span> <span class='ocrx_word' id='word_1_417' title='bbox 3633 960 3727 1017; x_wconf 84' lang='lat' dir='ltr'><strong>do-</strong></span> 
     </span>
    </p>
   </div>
   <div class='ocr_carea' id='block_1_54' title="bbox 2129 1026 3730 1116">
    <p class='ocr_par' dir='ltr' id='par_1_54' title="bbox 2129 1026 3730 1116">
     <span class='ocr_line' id='line_1_54' title="bbox 2129 1026 3730 1116; baseline 0.012 -27"><span class='ocrx_word' id='word_1_418' title='bbox 2129 1026 2366 1092; x_wconf 84' lang='lat' dir='ltr'><strong>ctoribus</strong></span> <span class='ocrx_word' id='word_1_419' title='bbox 2394 1036 2574 1108; x_wconf 73' lang='lat' dir='ltr'><strong>populi</strong></span> <span class='ocrx_word' id='word_1_420' title='bbox 2603 1048 2764 1115; x_wconf 86' lang='lat' dir='ltr'><strong>atque</strong></span> <span class='ocrx_word' id='word_1_421' title='bbox 2790 1026 3117 1113; x_wconf 85' lang='lat' dir='ltr'><strong>pastoribus,</strong></span> <span class='ocrx_word' id='word_1_422' title='bbox 3145 1060 3373 1116; x_wconf 89' lang='lat' dir='ltr'><strong>quorum</strong></span> <span class='ocrx_word' id='word_1_423' title='bbox 3405 1063 3478 1104; x_wconf 83' lang='lat' dir='ltr'><strong>ex</strong></span> <span class='ocrx_word' id='word_1_424' title='bbox 3507 1026 3730 1108; x_wconf 74' lang='lat' dir='ltr'><strong>numero</strong></span> 
     </span>
    </p>
   </div>
   <div class='ocr_carea' id='block_1_55' title="bbox 2130 1116 3722 1219">
    <p class='ocr_par' dir='ltr' id='par_1_55' title="bbox 2130 1116 3722 1219">
     <span class='ocr_line' id='line_1_55' title="bbox 2130 1116 3722 1219; baseline 0.009 -36"><span class='ocrx_word' id='word_1_425' title='bbox 2130 1120 2290 1219; x_wconf 70' lang='lat' dir='ltr'><strong>etiam</strong></span> <span class='ocrx_word' id='word_1_426' title='bbox 2315 1118 2553 1219; x_wconf 82' lang='lat' dir='ltr'><strong>Joannes</strong></span> <span class='ocrx_word' id='word_1_427' title='bbox 2582 1116 2713 1219; x_wconf 71' lang='lat' dir='ltr'><strong>tunc</strong></span> <span class='ocrx_word' id='word_1_428' title='bbox 2735 1122 2852 1189; x_wconf 74' lang='lat' dir='ltr'><strong>erat</strong></span> <span class='ocrx_word' id='word_1_429' title='bbox 2884 1173 2899 1200; x_wconf 92' lang='lat'><strong>,</strong></span> <span class='ocrx_word' id='word_1_430' title='bbox 2934 1132 3025 1206; x_wconf 89' lang='lat' dir='ltr'><strong>qui</strong></span> <span class='ocrx_word' id='word_1_431' title='bbox 3067 1124 3344 1195; x_wconf 79' lang='lat' dir='ltr'><strong>dicebatur</strong></span> <span class='ocrx_word' id='word_1_432' title='bbox 3369 1152 3429 1196; x_wconf 89' lang='lat' dir='ltr'><strong>et</strong></span> <span class='ocrx_word' id='word_1_433' title='bbox 3473 1140 3683 1200; x_wconf 81' lang='lat' dir='ltr'><strong>Marcus</strong></span> <span class='ocrx_word' id='word_1_434' title='bbox 3707 1163 3722 1198; x_wconf 88' lang='lat'><strong>:</strong></span> 
     </span>
    </p>
   </div>
   <div class='ocr_carea' id='block_1_56' title="bbox 2128 1210 3730 1300">
    <p class='ocr_par' dir='ltr' id='par_1_56' title="bbox 2128 1210 3730 1300">
     <span class='ocr_line' id='line_1_56' title="bbox 2128 1210 3730 1300; baseline 0.011 -27"><span class='ocrx_word' id='word_1_435' title='bbox 2128 1210 2219 1300; x_wconf 73' lang='lat' dir='ltr'><strong>qui</strong></span> <span class='ocrx_word' id='word_1_436' title='bbox 2248 1210 2498 1290; x_wconf 84' lang='lat' dir='ltr'><strong>quoniam</strong></span> <span class='ocrx_word' id='word_1_437' title='bbox 2524 1210 2587 1279; x_wconf 81' lang='lat' dir='ltr'><strong>se</strong></span> <span class='ocrx_word' id='word_1_438' title='bbox 2608 1223 2659 1280; x_wconf 93' lang='lat' dir='ltr'><strong>in</strong></span> <span class='ocrx_word' id='word_1_439' title='bbox 2674 1216 2794 1295; x_wconf 80' lang='lat' dir='ltr'><strong>ipsa</strong></span> <span class='ocrx_word' id='word_1_440' title='bbox 2821 1218 2954 1283; x_wconf 82' lang='lat' dir='ltr'><strong>aciei</strong></span> <span class='ocrx_word' id='word_1_441' title='bbox 2984 1220 3159 1285; x_wconf 84' lang='lat' dir='ltr'><strong>fronte</strong></span> <span class='ocrx_word' id='word_1_442' title='bbox 3182 1232 3547 1300; x_wconf 75' lang='lat' dir='ltr'><strong>constituens”,</strong></span> <span class='ocrx_word' id='word_1_443' title='bbox 3574 1223 3730 1293; x_wconf 81' lang='lat' dir='ltr'><strong>nimis</strong></span> 
     </span>
    </p>
   </div>
   <div class='ocr_carea' id='block_1_57' title="bbox 2130 1290 3722 1397">
    <p class='ocr_par' dir='ltr' id='par_1_57' title="bbox 2130 1290 3722 1397">
     <span class='ocr_line' id='line_1_57' title="bbox 2130 1290 3722 1397; baseline 0.01 -31"><span class='ocrx_word' id='word_1_444' title='bbox 2130 1290 2417 1395; x_wconf 60' lang='lat' dir='ltr'><strong>itiviiiliter</strong></span> <span class='ocrx_word' id='word_1_445' title='bbox 2455 1304 2634 1391; x_wconf 69' lang='lat' dir='ltr'><strong>egerat</strong></span> <span class='ocrx_word' id='word_1_446' title='bbox 2662 1359 2678 1383; x_wconf 88' lang='lat'><strong>,</strong></span> <span class='ocrx_word' id='word_1_447' title='bbox 2709 1302 2832 1372; x_wconf 78' lang='lat' dir='ltr'><strong>eum</strong></span> <span class='ocrx_word' id='word_1_448' title='bbox 2875 1308 3072 1376; x_wconf 81' lang='lat' dir='ltr'><strong>merito</strong></span> <span class='ocrx_word' id='word_1_449' title='bbox 3102 1308 3298 1377; x_wconf 82' lang='lat' dir='ltr'><strong>Paulus</strong></span> <span class='ocrx_word' id='word_1_450' title='bbox 3341 1290 3585 1397; x_wconf 64' lang='lat' dir='ltr'><strong>abjeeii(</strong></span> <span class='ocrx_word' id='word_1_451' title='bbox 3612 1324 3722 1383; x_wconf 74' lang='lat' dir='ltr'><strong>Act.</strong></span> 
     </span>
    </p>
   </div>
   <div class='ocr_carea' id='block_1_58' title="bbox 2131 1398 3725 1495">
    <p class='ocr_par' dir='ltr' id='par_1_58' title="bbox 2131 1398 3725 1495">
     <span class='ocr_line' id='line_1_58' title="bbox 2131 1398 3725 1495; baseline 0.009 -35"><span class='ocrx_word' id='word_1_452' title='bbox 2131 1405 2221 1493; x_wconf 60' lang='grc' dir='ltr'><strong>ιζ».</strong></span> <span class='ocrx_word' id='word_1_453' title='bbox 2242 1407 2309 1470; x_wconf 77' lang='lat'><strong>5;</strong></span> <span class='ocrx_word' id='word_1_454' title='bbox 2331 1405 2413 1462; x_wconf 77' lang='grc'><strong>15.</strong></span> <span class='ocrx_word' id='word_1_455' title='bbox 2438 1398 2524 1493; x_wconf 36' lang='grc'><strong>57..</strong></span> <span class='ocrx_word' id='word_1_456' title='bbox 2556 1407 2623 1463; x_wconf 77' lang='lat'><strong><em>38</em></strong></span> <span class='ocrx_word' id='word_1_457' title='bbox 2652 1408 2670 1479; x_wconf 92' lang='lat'><strong>)</strong></span> <span class='ocrx_word' id='word_1_458' title='bbox 2702 1402 2829 1493; x_wconf 29' lang='lat' dir='ltr'><strong>,‘n‘e</strong></span> <span class='ocrx_word' id='word_1_459' title='bbox 2858 1406 2999 1495; x_wconf 86' lang='lat' dir='ltr'><strong>illius</strong></span> <span class='ocrx_word' id='word_1_460' title='bbox 3052 1412 3202 1483; x_wconf 88' lang='lat' dir='ltr'><strong>quasi</strong></span> <span class='ocrx_word' id='word_1_461' title='bbox 3230 1417 3560 1486; x_wconf 76' lang='lat' dir='ltr'><strong>contagione</strong></span> <span class='ocrx_word' id='word_1_462' title='bbox 3590 1406 3725 1475; x_wconf 75' lang='lat' dir='ltr'><strong>vires</strong></span> 
     </span>
    </p>
   </div>
   <div class='ocr_carea' id='block_1_59' title="bbox 2129 1500 3717 1589">
    <p class='ocr_par' dir='ltr' id='par_1_59' title="bbox 2129 1500 3717 1589">
     <span class='ocr_line' id='line_1_59' title="bbox 2129 1500 3717 1589; baseline 0.008 -36"><span class='ocrx_word' id='word_1_463' title='bbox 2129 1509 2603 1585; x_wconf 78' lang='lat' dir='ltr'><strong>corrumperentur</strong></span> <span class='ocrx_word' id='word_1_464' title='bbox 2629 1501 2879 1556; x_wconf 87' lang='lat' dir='ltr'><strong>aliorum.</strong></span> <span class='ocrx_word' id='word_1_465' title='bbox 2909 1502 2967 1558; x_wconf 91' lang='lat' dir='ltr'><strong>Si</strong></span> <span class='ocrx_word' id='word_1_466' title='bbox 2996 1518 3127 1569; x_wconf 83' lang='lat' dir='ltr'><strong>vero</strong></span> <span class='ocrx_word' id='word_1_467' title='bbox 3160 1500 3335 1561; x_wconf 85' lang='lat' dir='ltr'><strong>Lucas</strong></span> <span class='ocrx_word' id='word_1_468' title='bbox 3367 1509 3544 1566; x_wconf 82' lang='lat' dir='ltr'><strong>refert</strong></span> <span class='ocrx_word' id='word_1_469' title='bbox 3582 1527 3717 1589; x_wconf 86' lang='lat' dir='ltr'><strong>quo-</strong></span> 
     </span>
    </p>
   </div>
   <div class='ocr_carea' id='block_1_60' title="bbox 2138 1596 3726 1677">
    <p class='ocr_par' dir='ltr' id='par_1_60' title="bbox 2138 1596 3726 1677">
     <span class='ocr_line' id='line_1_60' title="bbox 2138 1596 3726 1677; baseline 0.008 -23"><span class='ocrx_word' id='word_1_470' title='bbox 2138 1596 2501 1677; x_wconf 43' lang='lat' dir='ltr'><strong>niam‘aliqua</strong></span> <span class='ocrx_word' id='word_1_471' title='bbox 2528 1601 2668 1657; x_wconf 89' lang='lat' dir='ltr'><strong>inter</strong></span> <span class='ocrx_word' id='word_1_472' title='bbox 2693 1602 2837 1671; x_wconf 87' lang='lat' dir='ltr'><strong>ipsos</strong></span> <span class='ocrx_word' id='word_1_473' title='bbox 2880 1602 3021 1659; x_wconf 88' lang='lat' dir='ltr'><strong>facta</strong></span> <span class='ocrx_word' id='word_1_474' title='bbox 3048 1615 3130 1661; x_wconf 92' lang='lat' dir='ltr'><strong>est</strong></span> <span class='ocrx_word' id='word_1_475' title='bbox 3158 1608 3464 1674; x_wconf 88' lang='lat' dir='ltr'><strong>contentio,</strong></span> <span class='ocrx_word' id='word_1_476' title='bbox 3496 1609 3606 1665; x_wconf 91' lang='lat' dir='ltr'><strong>noli</strong></span> <span class='ocrx_word' id='word_1_477' title='bbox 3626 1608 3726 1666; x_wconf 83' lang='lat' dir='ltr'><strong>hoc</strong></span> 
     </span>
    </p>
   </div>
   <div class='ocr_carea' id='block_1_61' title="bbox 2129 1680 3721 1777">
    <p class='ocr_par' dir='ltr' id='par_1_61' title="bbox 2129 1680 3721 1777">
     <span class='ocr_line' id='line_1_61' title="bbox 2129 1680 3721 1777; baseline 0.007 -31"><span class='ocrx_word' id='word_1_478' title='bbox 2129 1680 2401 1748; x_wconf 82' lang='lat' dir='ltr'><strong>delictum</strong></span> <span class='ocrx_word' id='word_1_479' title='bbox 2434 1703 2642 1765; x_wconf 89' lang='lat' dir='ltr'><strong>putare.</strong></span> <span class='ocrx_word' id='word_1_480' title='bbox 2684 1694 2802 1751; x_wconf 76' lang='lat' dir='ltr'><strong>Non</strong></span> <span class='ocrx_word' id='word_1_481' title='bbox 2829 1680 2974 1773; x_wconf 81' lang='lat' dir='ltr'><strong>enim</strong></span> <span class='ocrx_word' id='word_1_482' title='bbox 2999 1699 3331 1756; x_wconf 79' lang='lat' dir='ltr'><strong>commoveri</strong></span> <span class='ocrx_word' id='word_1_483' title='bbox 3371 1684 3577 1777; x_wconf 76' lang='lat' dir='ltr'><strong>malum</strong></span> <span class='ocrx_word' id='word_1_484' title='bbox 3619 1711 3721 1769; x_wconf 87' lang='lat' dir='ltr'><strong>est,</strong></span> 
     </span>
    </p>
   </div>
   <div class='ocr_carea' id='block_1_62' title="bbox 2130 1784 3727 1873">
    <p class='ocr_par' dir='ltr' id='par_1_62' title="bbox 2130 1784 3727 1873">
     <span class='ocr_line' id='line_1_62' title="bbox 2130 1784 3727 1873; baseline 0.007 -34"><span class='ocrx_word' id='word_1_485' title='bbox 2130 1784 2225 1863; x_wconf 76' lang='lat' dir='ltr'><strong>sed</strong></span> <span class='ocrx_word' id='word_1_486' title='bbox 2257 1786 2713 1873; x_wconf 74' lang='lat' dir='ltr'><strong>irrationabiliter,</strong></span> <span class='ocrx_word' id='word_1_487' title='bbox 2748 1789 3007 1859; x_wconf 87' lang='lat' dir='ltr'><strong>nulloque</strong></span> <span class='ocrx_word' id='word_1_488' title='bbox 3029 1790 3486 1869; x_wconf 84' lang='lat' dir='ltr'><strong>justotlagitante</strong></span> <span class='ocrx_word' id='word_1_489' title='bbox 3513 1795 3727 1873; x_wconf 82' lang='lat' dir='ltr'><strong>negotio</strong></span> 
     </span>
    </p>
   </div>
   <div class='ocr_carea' id='block_1_63' title="bbox 2129 1877 3721 1957">
    <p class='ocr_par' dir='ltr' id='par_1_63' title="bbox 2129 1877 3721 1957">
     <span class='ocr_line' id='line_1_63' title="bbox 2129 1877 3721 1957; baseline 0.006 -27"><span class='ocrx_word' id='word_1_490' title='bbox 2129 1878 2477 1933; x_wconf 88' lang='lat' dir='ltr'><strong>commoveri.</strong></span> <span class='ocrx_word' id='word_1_491' title='bbox 2501 1877 2806 1948; x_wconf 72' lang='lat' dir='ltr'><strong>Iracundia,</strong></span> <span class='ocrx_word' id='word_1_492' title='bbox 2829 1880 3003 1952; x_wconf 85' lang='lat' dir='ltr'><strong>inquit</strong></span> <span class='ocrx_word' id='word_1_493' title='bbox 3027 1923 3046 1949; x_wconf 94' lang='lat'><strong>,</strong></span> <span class='ocrx_word' id='word_1_494' title='bbox 3070 1883 3264 1954; x_wconf 62' lang='lat' dir='ltr'><strong>injecta</strong></span> <span class='ocrx_word' id='word_1_495' title='bbox 3290 1901 3399 1939; x_wconf 78' lang='lat' dir='ltr'><strong>non</strong></span> <span class='ocrx_word' id='word_1_496' title='bbox 3414 1885 3721 1957; x_wconf 60' lang='lat' dir='ltr'><strong>iustiﬁcati-</strong></span> 
     </span>
    </p>
   </div>
   <div class='ocr_carea' id='block_1_64' title="bbox 2130 1967 3721 2046">
    <p class='ocr_par' dir='ltr' id='par_1_64' title="bbox 2130 1967 3721 2046">
     <span class='ocr_line' id='line_1_64' title="bbox 2130 1967 3721 2046; baseline 0.008 -28"><span class='ocrx_word' id='word_1_497' title='bbox 2130 1974 2214 2020; x_wconf 85' lang='lat' dir='ltr'><strong>tur</strong></span> <span class='ocrx_word' id='word_1_498' title='bbox 2241 1967 2263 2039; x_wconf 95' lang='lat'><strong>(</strong></span> <span class='ocrx_word' id='word_1_499' title='bbox 2288 1967 2461 2022; x_wconf 81' lang='lat' dir='ltr'><strong>Sirae.</strong></span> <span class='ocrx_word' id='word_1_500' title='bbox 2481 1969 2533 2023; x_wconf 78' lang='grc'><strong>1.</strong></span> <span class='ocrx_word' id='word_1_501' title='bbox 2569 1970 2666 2041; x_wconf 79' lang='lat'><strong>28)</strong></span> <span class='ocrx_word' id='word_1_502' title='bbox 2696 1987 2712 2026; x_wconf 89' lang='lat'><strong>:</strong></span> <span class='ocrx_word' id='word_1_503' title='bbox 2764 1986 2871 2025; x_wconf 91' lang='lat' dir='ltr'><strong>non</strong></span> <span class='ocrx_word' id='word_1_504' title='bbox 2899 1986 3032 2043; x_wconf 89' lang='lat' dir='ltr'><strong>ergo</strong></span> <span class='ocrx_word' id='word_1_505' title='bbox 3072 1973 3321 2044; x_wconf 86' lang='lat' dir='ltr'><strong>culpatur</strong></span> <span class='ocrx_word' id='word_1_506' title='bbox 3351 1976 3587 2046; x_wconf 86' lang='lat' dir='ltr'><strong>simplex</strong></span> <span class='ocrx_word' id='word_1_507' title='bbox 3616 1977 3721 2031; x_wconf 85' lang='lat' dir='ltr'><strong>ira-</strong></span> 
     </span>
    </p>
   </div>
   <div class='ocr_carea' id='block_1_65' title="bbox 2130 2054 3721 2143">
    <p class='ocr_par' dir='ltr' id='par_1_65' title="bbox 2130 2054 3721 2143">
     <span class='ocr_line' id='line_1_65' title="bbox 2130 2054 3721 2143; baseline 0.005 -31"><span class='ocrx_word' id='word_1_508' title='bbox 2130 2056 2320 2112; x_wconf 88' lang='lat' dir='ltr'><strong>cundia</strong></span> <span class='ocrx_word' id='word_1_509' title='bbox 2342 2098 2359 2123; x_wconf 91' lang='lat'><strong>,</strong></span> <span class='ocrx_word' id='word_1_510' title='bbox 2386 2059 2481 2114; x_wconf 89' lang='lat' dir='ltr'><strong>sed</strong></span> <span class='ocrx_word' id='word_1_511' title='bbox 2509 2058 2702 2129; x_wconf 81' lang='lat' dir='ltr'><strong>injusta</strong></span> <span class='ocrx_word' id='word_1_512' title='bbox 2730 2078 2745 2114; x_wconf 89' lang='lat'><strong>:</strong></span> <span class='ocrx_word' id='word_1_513' title='bbox 2777 2069 2833 2115; x_wconf 92' lang='lat' dir='ltr'><strong>et</strong></span> <span class='ocrx_word' id='word_1_514' title='bbox 2857 2076 3044 2116; x_wconf 91' lang='lat' dir='ltr'><strong>rursus</strong></span> <span class='ocrx_word' id='word_1_515' title='bbox 3069 2102 3085 2128; x_wconf 94' lang='lat'><strong>,</strong></span> <span class='ocrx_word' id='word_1_516' title='bbox 3116 2054 3220 2128; x_wconf 81' lang='lat' dir='ltr'><strong>Qui</strong></span> <span class='ocrx_word' id='word_1_517' title='bbox 3251 2063 3416 2119; x_wconf 74' lang='lat' dir='ltr'><strong>iratus</strong></span> <span class='ocrx_word' id='word_1_518' title='bbox 3445 2065 3604 2143; x_wconf 75' lang='lat' dir='ltr'><strong>fuerit</strong></span> <span class='ocrx_word' id='word_1_519' title='bbox 3617 2054 3721 2143; x_wconf 73' lang='lat' dir='ltr'><strong>[ra-</strong></span> 
     </span>
    </p>
   </div>
   <div class='ocr_carea' id='block_1_66' title="bbox 2129 2141 3717 2229">
    <p class='ocr_par' dir='ltr' id='par_1_66' title="bbox 2129 2141 3717 2229">
     <span class='ocr_line' id='line_1_66' title="bbox 2129 2141 3717 2229; baseline 0.004 -26"><span class='ocrx_word' id='word_1_520' title='bbox 2129 2150 2195 2203; x_wconf 88' lang='lat' dir='ltr'><strong>tri</strong></span> <span class='ocrx_word' id='word_1_521' title='bbox 2230 2166 2324 2204; x_wconf 77' lang='lat' dir='ltr'><strong>suo</strong></span> <span class='ocrx_word' id='word_1_522' title='bbox 2348 2151 2457 2205; x_wconf 76' lang='lat' dir='ltr'><strong>sine</strong></span> <span class='ocrx_word' id='word_1_523' title='bbox 2473 2152 2668 2224; x_wconf 77' lang='lat' dir='ltr'><strong>causa(</strong></span> <span class='ocrx_word' id='word_1_524' title='bbox 2699 2149 2888 2206; x_wconf 78' lang='lat' dir='ltr'><strong>Matth.</strong></span> <span class='ocrx_word' id='word_1_525' title='bbox 2922 2152 2975 2210; x_wconf 84' lang='lat'><strong>5.</strong></span> <span class='ocrx_word' id='word_1_526' title='bbox 3001 2154 3114 2224; x_wconf 73' lang='lat'><strong>22)</strong></span> <span class='ocrx_word' id='word_1_527' title='bbox 3148 2170 3161 2208; x_wconf 90' lang='lat'>:</span> <span class='ocrx_word' id='word_1_528' title='bbox 3207 2169 3316 2211; x_wconf 90' lang='lat' dir='ltr'><strong>non</strong></span> <span class='ocrx_word' id='word_1_529' title='bbox 3346 2171 3487 2229; x_wconf 87' lang='lat' dir='ltr'><strong>ergo</strong></span> <span class='ocrx_word' id='word_1_530' title='bbox 3513 2141 3717 2227; x_wconf 84' lang='lat' dir='ltr'><strong>simpli-</strong></span> 
     </span>
    </p>
   </div>
   <div class='ocr_carea' id='block_1_67' title="bbox 2127 2240 3789 2329">
    <p class='ocr_par' dir='ltr' id='par_1_67' title="bbox 2127 2240 3789 2329">
     <span class='ocr_line' id='line_1_67' title="bbox 2127 2240 3789 2329; baseline 0.004 -33"><span class='ocrx_word' id='word_1_531' title='bbox 2127 2240 2265 2323; x_wconf 80' lang='lat' dir='ltr'><strong>citer</strong></span> <span class='ocrx_word' id='word_1_532' title='bbox 2293 2241 2483 2298; x_wconf 88' lang='lat' dir='ltr'><strong>iratus.</strong></span> <span class='ocrx_word' id='word_1_533' title='bbox 2508 2242 2576 2299; x_wconf 80' lang='lat' dir='ltr'><strong>Et</strong></span> <span class='ocrx_word' id='word_1_534' title='bbox 2593 2242 2859 2313; x_wconf 85' lang='lat' dir='ltr'><strong>PrOpheta</strong></span> <span class='ocrx_word' id='word_1_535' title='bbox 2888 2244 3021 2301; x_wconf 89' lang='lat' dir='ltr'><strong>dicit</strong></span> <span class='ocrx_word' id='word_1_536' title='bbox 3061 2262 3074 2298; x_wconf 94' lang='lat'>:</span> <span class='ocrx_word' id='word_1_537' title='bbox 3121 2244 3453 2329; x_wconf 72' lang='lat' dir='ltr'><strong>Irascimini,</strong></span> <span class='ocrx_word' id='word_1_538' title='bbox 3502 2259 3550 2303; x_wconf 83' lang='lat' dir='ltr'><strong>et</strong></span> <span class='ocrx_word' id='word_1_539' title='bbox 3574 2247 3721 2329; x_wconf 65' lang='lat' dir='ltr'><strong>nolite</strong></span> <span class='ocrx_word' id='word_1_540' title='bbox 3786 2242 3789 2245; x_wconf 17' lang='grc' dir='ltr'><strong>Α</strong></span> 
     </span>
    </p>
   </div>
   <div class='ocr_carea' id='block_1_68' title="bbox 2129 2324 3733 2410">
    <p class='ocr_par' dir='ltr' id='par_1_68' title="bbox 2129 2324 3733 2410">
     <span class='ocr_line' id='line_1_68' title="bbox 2129 2324 3733 2410; baseline 0.005 -23"><span class='ocrx_word' id='word_1_541' title='bbox 2129 2332 2376 2405; x_wconf 64' lang='grc' dir='ltr'><strong>νεεεανε(</strong></span> <span class='ocrx_word' id='word_1_542' title='bbox 2406 2332 2621 2390; x_wconf 55' lang='grc' dir='ltr'><strong>Ρωιλ.</strong></span> <span class='ocrx_word' id='word_1_543' title='bbox 2653 2334 2720 2401; x_wconf 86' lang='lat'><strong>5;</strong></span> <span class='ocrx_word' id='word_1_544' title='bbox 2752 2330 2946 2406; x_wconf 77' lang='lat' dir='ltr'><strong>Epltes.</strong></span> <span class='ocrx_word' id='word_1_545' title='bbox 2971 2337 3025 2393; x_wconf 74' lang='grc'><strong>4.</strong></span> <span class='ocrx_word' id='word_1_546' title='bbox 3053 2337 3123 2393; x_wconf 78' lang='lat'><strong>26</strong></span> <span class='ocrx_word' id='word_1_547' title='bbox 3147 2339 3190 2410; x_wconf 86' lang='grc'><strong>).</strong></span> <span class='ocrx_word' id='word_1_548' title='bbox 3230 2324 3386 2406; x_wconf 84' lang='lat' dir='ltr'><strong>Quod</strong></span> <span class='ocrx_word' id='word_1_549' title='bbox 3430 2339 3476 2394; x_wconf 91' lang='lat' dir='ltr'><strong>si</strong></span> <span class='ocrx_word' id='word_1_550' title='bbox 3507 2324 3733 2395; x_wconf 70' lang='lat' dir='ltr'><strong>omnino</strong></span> 
     </span>
    </p>
   </div>
   <div class='ocr_carea' id='block_1_69' title="bbox 2127 2422 3736 2505">
    <p class='ocr_par' dir='ltr' id='par_1_69' title="bbox 2127 2422 3736 2505">
     <span class='ocr_line' id='line_1_69' title="bbox 2127 2422 3736 2505; baseline 0.006 -27"><span class='ocrx_word' id='word_1_551' title='bbox 2127 2422 2433 2496; x_wconf 71' lang='lat' dir='ltr'><strong>huiusmodi</strong></span> <span class='ocrx_word' id='word_1_552' title='bbox 2456 2426 2533 2493; x_wconf 79' lang='lat' dir='ltr'><strong>uti</strong></span> <span class='ocrx_word' id='word_1_553' title='bbox 2559 2442 2668 2482; x_wconf 92' lang='lat' dir='ltr'><strong>non</strong></span> <span class='ocrx_word' id='word_1_554' title='bbox 2693 2437 2907 2497; x_wconf 90' lang='lat' dir='ltr'><strong>oportet</strong></span> <span class='ocrx_word' id='word_1_555' title='bbox 2933 2429 3147 2498; x_wconf 87' lang='lat' dir='ltr'><strong>affectu,</strong></span> <span class='ocrx_word' id='word_1_556' title='bbox 3167 2432 3326 2487; x_wconf 88' lang='lat' dir='ltr'><strong>etiam</strong></span> <span class='ocrx_word' id='word_1_557' title='bbox 3354 2447 3483 2488; x_wconf 91' lang='lat' dir='ltr'><strong>cum</strong></span> <span class='ocrx_word' id='word_1_558' title='bbox 3515 2431 3736 2505; x_wconf 74' lang='lat' dir='ltr'><strong>tempus</strong></span> 
     </span>
    </p>
   </div>
   <div class='ocr_carea' id='block_1_70' title="bbox 2125 2517 3806 2607">
    <p class='ocr_par' dir='ltr' id='par_1_70' title="bbox 2125 2517 3806 2607">
     <span class='ocr_line' id='line_1_70' title="bbox 2125 2517 3806 2607; baseline 0.002 -35"><span class='ocrx_word' id='word_1_559' title='bbox 2125 2517 2403 2607; x_wconf 64' lang='lat' dir='ltr'><strong>exposcit,</strong></span> <span class='ocrx_word' id='word_1_560' title='bbox 2447 2517 2643 2591; x_wconf 84' lang='lat' dir='ltr'><strong>frustra</strong></span> <span class='ocrx_word' id='word_1_561' title='bbox 2671 2519 2828 2576; x_wconf 89' lang='lat' dir='ltr'><strong>nobis</strong></span> <span class='ocrx_word' id='word_1_562' title='bbox 2853 2520 3067 2577; x_wconf 88' lang='lat' dir='ltr'><strong>videtur</strong></span> <span class='ocrx_word' id='word_1_563' title='bbox 3103 2523 3414 2593; x_wconf 83' lang='lat' dir='ltr'><strong>ingenitus;</strong></span> <span class='ocrx_word' id='word_1_564' title='bbox 3468 2523 3712 2599; x_wconf 82' lang='lat' dir='ltr'><strong>sedpro-</strong></span> <span class='ocrx_word' id='word_1_565' title='bbox 3778 2577 3806 2607; x_wconf 58' lang='grc'><strong><em>⁸</em></strong></span> 
     </span>
    </p>
   </div>
   <div class='ocr_carea' id='block_1_71' title="bbox 2124 2604 3716 2693">
    <p class='ocr_par' dir='ltr' id='par_1_71' title="bbox 2124 2604 3716 2693">
     <span class='ocr_line' id='line_1_71' title="bbox 2124 2604 3716 2693; baseline 0.004 -31"><span class='ocrx_word' id='word_1_566' title='bbox 2124 2604 2269 2685; x_wconf 84' lang='lat' dir='ltr'><strong>feeto</strong></span> <span class='ocrx_word' id='word_1_567' title='bbox 2294 2624 2405 2665; x_wconf 91' lang='lat' dir='ltr'><strong>non</strong></span> <span class='ocrx_word' id='word_1_568' title='bbox 2430 2608 2836 2689; x_wconf 75' lang='lat' dir='ltr'><strong>frus_tra,_quem</strong></span> <span class='ocrx_word' id='word_1_569' title='bbox 2856 2620 3006 2670; x_wconf 88' lang='lat' dir='ltr'><strong>certe</strong></span> <span class='ocrx_word' id='word_1_570' title='bbox 3047 2612 3301 2693; x_wconf 75' lang='lat' dir='ltr'><strong>providus</strong></span> <span class='ocrx_word' id='word_1_571' title='bbox 3322 2615 3485 2670; x_wconf 84' lang='lat' dir='ltr'><strong>nobis</strong></span> <span class='ocrx_word' id='word_1_572' title='bbox 3508 2625 3716 2671; x_wconf 89' lang='lat' dir='ltr'><strong>creator</strong></span> 
     </span>
    </p>
   </div>
   <div class='ocr_carea' id='block_1_72' title="bbox 2126 2696 3716 2781">
    <p class='ocr_par' dir='ltr' id='par_1_72' title="bbox 2126 2696 3716 2781">
     <span class='ocr_line' id='line_1_72' title="bbox 2126 2696 3716 2781; baseline 0.005 -30"><span class='ocrx_word' id='word_1_573' title='bbox 2126 2696 2372 2765; x_wconf 90' lang='lat' dir='ltr'><strong>inseruit,</strong></span> <span class='ocrx_word' id='word_1_574' title='bbox 2406 2707 2469 2756; x_wconf 91' lang='lat' dir='ltr'><strong>ut</strong></span> <span class='ocrx_word' id='word_1_575' title='bbox 2501 2699 2831 2758; x_wconf 88' lang='lat' dir='ltr'><strong>dormientes</strong></span> <span class='ocrx_word' id='word_1_576' title='bbox 2855 2701 3061 2759; x_wconf 89' lang='lat' dir='ltr'><strong>animas</strong></span> <span class='ocrx_word' id='word_1_577' title='bbox 3092 2743 3109 2770; x_wconf 94' lang='lat'><strong>,</strong></span> <span class='ocrx_word' id='word_1_578' title='bbox 3157 2714 3320 2774; x_wconf 82' lang='lat' dir='ltr'><strong>atque</strong></span> <span class='ocrx_word' id='word_1_579' title='bbox 3357 2705 3623 2781; x_wconf 87' lang='lat' dir='ltr'><strong>resolutas</strong></span> <span class='ocrx_word' id='word_1_580' title='bbox 3649 2703 3716 2759; x_wconf 88' lang='lat' dir='ltr'><strong>ab</strong></span> 
     </span>
    </p>
   </div>
   <div class='ocr_carea' id='block_1_73' title="bbox 2125 2789 3706 2869">
    <p class='ocr_par' dir='ltr' id='par_1_73' title="bbox 2125 2789 3706 2869">
     <span class='ocr_line' id='line_1_73' title="bbox 2125 2789 3706 2869; baseline 0.004 -23"><span class='ocrx_word' id='word_1_581' title='bbox 2125 2789 2318 2849; x_wconf 88' lang='lat' dir='ltr'><strong>inertia</strong></span> <span class='ocrx_word' id='word_1_582' title='bbox 2368 2806 2434 2848; x_wconf 88' lang='lat' dir='ltr'><strong>ac</strong></span> <span class='ocrx_word' id='word_1_583' title='bbox 2486 2792 2695 2849; x_wconf 89' lang='lat' dir='ltr'><strong>desidia</strong></span> <span class='ocrx_word' id='word_1_584' title='bbox 2736 2795 3042 2851; x_wconf 82' lang='lat' dir='ltr'><strong>suscitaret.</strong></span> <span class='ocrx_word' id='word_1_585' title='bbox 3104 2796 3269 2863; x_wconf 86' lang='lat' dir='ltr'><strong>Quasi</strong></span> <span class='ocrx_word' id='word_1_586' title='bbox 3317 2799 3467 2854; x_wconf 84' lang='lat' dir='ltr'><strong>enim</strong></span> <span class='ocrx_word' id='word_1_587' title='bbox 3530 2796 3706 2869; x_wconf 89' lang='lat' dir='ltr'><strong>gladio</strong></span> 
     </span>
    </p>
   </div>
   <div class='ocr_carea' id='block_1_74' title="bbox 2123 2886 3709 2963">
    <p class='ocr_par' dir='ltr' id='par_1_74' title="bbox 2123 2886 3709 2963">
     <span class='ocr_line' id='line_1_74' title="bbox 2123 2886 3709 2963; baseline 0.004 -24"><span class='ocrx_word' id='word_1_588' title='bbox 2123 2886 2319 2954; x_wconf 89' lang='lat' dir='ltr'><strong>aciem,</strong></span> <span class='ocrx_word' id='word_1_589' title='bbox 2349 2886 2420 2941; x_wconf 87' lang='lat' dir='ltr'><strong>ita</strong></span> <span class='ocrx_word' id='word_1_590' title='bbox 2449 2886 2613 2943; x_wconf 90' lang='lat' dir='ltr'><strong>menti</strong></span> <span class='ocrx_word' id='word_1_591' title='bbox 2642 2890 2963 2961; x_wconf 17' lang='lat' dir='ltr'><strong>nostraeiirze</strong></span> <span class='ocrx_word' id='word_1_592' title='bbox 2984 2904 3212 2946; x_wconf 88' lang='lat' dir='ltr'><strong>acumen</strong></span> <span class='ocrx_word' id='word_1_593' title='bbox 3242 2889 3520 2961; x_wconf 87' lang='lat' dir='ltr'><strong>imposuit,</strong></span> <span class='ocrx_word' id='word_1_594' title='bbox 3550 2901 3608 2947; x_wconf 88' lang='lat' dir='ltr'><strong>ut</strong></span> <span class='ocrx_word' id='word_1_595' title='bbox 3629 2903 3709 2963; x_wconf 76' lang='lat' dir='ltr'><strong>eo,</strong></span> 
     </span>
    </p>
   </div>
   <div class='ocr_carea' id='block_1_75' title="bbox 2124 2963 3713 3063">
    <p class='ocr_par' dir='ltr' id='par_1_75' title="bbox 2124 2963 3713 3063">
     <span class='ocr_line' id='line_1_75' title="bbox 2124 2963 3713 3063; baseline 0.003 -30"><span class='ocrx_word' id='word_1_596' title='bbox 2124 2993 2245 3034; x_wconf 89' lang='lat' dir='ltr'><strong>cum</strong></span> <span class='ocrx_word' id='word_1_597' title='bbox 2276 2988 2512 3050; x_wconf 90' lang='lat' dir='ltr'><strong>oportet,</strong></span> <span class='ocrx_word' id='word_1_598' title='bbox 2545 2988 2779 3063; x_wconf 80' lang='lat' dir='ltr'><strong>utamur.</strong></span> <span class='ocrx_word' id='word_1_599' title='bbox 2805 2980 3097 3051; x_wconf 84' lang='lat' dir='ltr'><strong>Propterea</strong></span> <span class='ocrx_word' id='word_1_600' title='bbox 3119 2981 3281 3054; x_wconf 79' lang='lat' dir='ltr'><strong>igitur</strong></span> <span class='ocrx_word' id='word_1_601' title='bbox 3302 2992 3358 3038; x_wconf 91' lang='lat' dir='ltr'><strong>et</strong></span> <span class='ocrx_word' id='word_1_602' title='bbox 3396 2963 3595 3040; x_wconf 75' lang='lat' dir='ltr'><strong>Paulus</strong></span> <span class='ocrx_word' id='word_1_603' title='bbox 3617 2982 3713 3038; x_wconf 87' lang='lat' dir='ltr'><strong>hoc</strong></span> 
     </span>
    </p>
   </div>
   <div class='ocr_carea' id='block_1_76' title="bbox 2124 3072 3715 3155">
    <p class='ocr_par' dir='ltr' id='par_1_76' title="bbox 2124 3072 3715 3155">
     <span class='ocr_line' id='line_1_76' title="bbox 2124 3072 3715 3155; baseline 0.003 -29"><span class='ocrx_word' id='word_1_604' title='bbox 2124 3085 2269 3143; x_wconf 62' lang='lat' dir='ltr'><strong>sepe</strong></span> <span class='ocrx_word' id='word_1_605' title='bbox 2309 3082 2394 3129; x_wconf 89' lang='lat' dir='ltr'><strong>est</strong></span> <span class='ocrx_word' id='word_1_606' title='bbox 2430 3086 2560 3129; x_wconf 88' lang='lat' dir='ltr'><strong>usus</strong></span> <span class='ocrx_word' id='word_1_607' title='bbox 2590 3072 2804 3141; x_wconf 86' lang='lat' dir='ltr'><strong>atl&#39;ectu,</strong></span> <span class='ocrx_word' id='word_1_608' title='bbox 2852 3083 2907 3130; x_wconf 85' lang='lat' dir='ltr'><strong>et</strong></span> <span class='ocrx_word' id='word_1_609' title='bbox 2942 3072 3566 3155; x_wconf 22' lang='lat' dir='ltr'><strong>modeste‘loquentibus</strong></span> <span class='ocrx_word' id='word_1_610' title='bbox 3605 3083 3715 3132; x_wconf 85' lang='lat' dir='ltr'><strong>erat</strong></span> 
     </span>
    </p>
   </div>
   <div class='ocr_carea' id='block_1_77' title="bbox 2124 3163 3713 3245">
    <p class='ocr_par' dir='ltr' id='par_1_77' title="bbox 2124 3163 3713 3245">
     <span class='ocr_line' id='line_1_77' title="bbox 2124 3163 3713 3245; baseline 0.003 -27"><span class='ocrx_word' id='word_1_611' title='bbox 2124 3163 2317 3219; x_wconf 86' lang='lat' dir='ltr'><strong>melior</strong></span> <span class='ocrx_word' id='word_1_612' title='bbox 2337 3163 2525 3229; x_wconf 85' lang='lat' dir='ltr'><strong>iratus,</strong></span> <span class='ocrx_word' id='word_1_613' title='bbox 2558 3178 2682 3219; x_wconf 90' lang='lat' dir='ltr'><strong>cum</strong></span> <span class='ocrx_word' id='word_1_614' title='bbox 2714 3172 2958 3235; x_wconf 88' lang='lat' dir='ltr'><strong>tempore</strong></span> <span class='ocrx_word' id='word_1_615' title='bbox 2977 3166 3160 3222; x_wconf 87' lang='lat' dir='ltr'><strong>omnia</strong></span> <span class='ocrx_word' id='word_1_616' title='bbox 3184 3165 3389 3245; x_wconf 78' lang='lat' dir='ltr'><strong>faciens</strong></span> <span class='ocrx_word' id='word_1_617' title='bbox 3418 3178 3713 3239; x_wconf 85' lang='lat' dir='ltr'><strong>opportuno</strong></span> 
     </span>
    </p>
   </div>
   <div class='ocr_carea' id='block_1_78' title="bbox 2122 3256 3713 3332">
    <p class='ocr_par' dir='ltr' id='par_1_78' title="bbox 2122 3256 3713 3332">
     <span class='ocr_line' id='line_1_78' title="bbox 2122 3256 3713 3332; baseline 0.001 -21"><span class='ocrx_word' id='word_1_618' title='bbox 2122 3269 2221 3325; x_wconf 90' lang='lat' dir='ltr'><strong>pro</strong></span> <span class='ocrx_word' id='word_1_619' title='bbox 2274 3256 2424 3312; x_wconf 87' lang='lat' dir='ltr'><strong>lucro</strong></span> <span class='ocrx_word' id='word_1_620' title='bbox 2484 3265 2542 3312; x_wconf 89' lang='lat' dir='ltr'><strong>et</strong></span> <span class='ocrx_word' id='word_1_621' title='bbox 2591 3256 2878 3314; x_wconf 85' lang='lat' dir='ltr'><strong>commodo</strong></span> <span class='ocrx_word' id='word_1_622' title='bbox 2925 3257 3273 3327; x_wconf 60' lang='lat' dir='ltr'><strong>praedicandi.</strong></span> <span class='ocrx_word' id='word_1_623' title='bbox 3320 3258 3508 3332; x_wconf 82' lang='lat' dir='ltr'><strong>Neque</strong></span> <span class='ocrx_word' id='word_1_624' title='bbox 3575 3259 3713 3323; x_wconf 80' lang='lat' dir='ltr'><strong>enim</strong></span> 
     </span>
    </p>
   </div>
   <div class='ocr_carea' id='block_1_79' title="bbox 2122 3347 3711 3425">
    <p class='ocr_par' dir='ltr' id='par_1_79' title="bbox 2122 3347 3711 3425">
     <span class='ocr_line' id='line_1_79' title="bbox 2122 3347 3711 3425; baseline 0.001 -23"><span class='ocrx_word' id='word_1_625' title='bbox 2122 3347 2435 3419; x_wconf 86' lang='lat' dir='ltr'><strong>simpliciter</strong></span> <span class='ocrx_word' id='word_1_626' title='bbox 2478 3347 2667 3404; x_wconf 84' lang='lat' dir='ltr'><strong>leuitas</strong></span> <span class='ocrx_word' id='word_1_627' title='bbox 2708 3355 2792 3404; x_wconf 88' lang='lat' dir='ltr'><strong>est</strong></span> <span class='ocrx_word' id='word_1_628' title='bbox 2816 3347 2995 3425; x_wconf 80' lang='lat' dir='ltr'><strong>bona,</strong></span> <span class='ocrx_word' id='word_1_629' title='bbox 3025 3348 3122 3405; x_wconf 88' lang='lat' dir='ltr'><strong>sed</strong></span> <span class='ocrx_word' id='word_1_630' title='bbox 3158 3364 3285 3405; x_wconf 87' lang='lat' dir='ltr'><strong>eum</strong></span> <span class='ocrx_word' id='word_1_631' title='bbox 3334 3361 3546 3423; x_wconf 88' lang='lat' dir='ltr'><strong>tempus</strong></span> <span class='ocrx_word' id='word_1_632' title='bbox 3569 3347 3711 3407; x_wconf 78' lang='lat' dir='ltr'><strong>ema-</strong></span> 
     </span>
    </p>
   </div>
   <div class='ocr_carea' id='block_1_80' title="bbox 2120 3436 3709 3511">
    <p class='ocr_par' dir='ltr' id='par_1_80' title="bbox 2120 3436 3709 3511">
     <span class='ocr_line' id='line_1_80' title="bbox 2120 3436 3709 3511; baseline -0.001 -16"><span class='ocrx_word' id='word_1_633' title='bbox 2120 3440 2299 3511; x_wconf 86' lang='lat' dir='ltr'><strong>gitat:</strong></span> <span class='ocrx_word' id='word_1_634' title='bbox 2342 3439 2556 3510; x_wconf 80' lang='lat' dir='ltr'><strong>quando</strong></span> <span class='ocrx_word' id='word_1_635' title='bbox 2608 3455 2737 3497; x_wconf 84' lang='lat' dir='ltr'><strong>vero</strong></span> <span class='ocrx_word' id='word_1_636' title='bbox 2787 3436 2841 3495; x_wconf 88' lang='lat' dir='ltr'><strong>id</strong></span> <span class='ocrx_word' id='word_1_637' title='bbox 2895 3455 3004 3497; x_wconf 92' lang='lat' dir='ltr'><strong>non</strong></span> <span class='ocrx_word' id='word_1_638' title='bbox 3045 3441 3228 3510; x_wconf 88' lang='lat' dir='ltr'><strong>adest,</strong></span> <span class='ocrx_word' id='word_1_639' title='bbox 3283 3443 3449 3498; x_wconf 88' lang='lat' dir='ltr'><strong>etiam</strong></span> <span class='ocrx_word' id='word_1_640' title='bbox 3499 3443 3597 3498; x_wconf 87' lang='lat' dir='ltr'><strong>ista</strong></span> <span class='ocrx_word' id='word_1_641' title='bbox 3636 3440 3709 3495; x_wconf 54' lang='lat' dir='ltr'><strong>vi.</strong></span> 
     </span>
    </p>
   </div>
   <div class='ocr_carea' id='block_1_81' title="bbox 2122 3532 3713 3611">
    <p class='ocr_par' dir='ltr' id='par_1_81' title="bbox 2122 3532 3713 3611">
     <span class='ocr_line' id='line_1_81' title="bbox 2122 3532 3713 3611; baseline -0.001 -24"><span class='ocrx_word' id='word_1_642' title='bbox 2122 3534 2259 3588; x_wconf 88' lang='lat' dir='ltr'><strong>tiosa</strong></span> <span class='ocrx_word' id='word_1_643' title='bbox 2278 3542 2380 3598; x_wconf 88' lang='lat' dir='ltr'><strong>est,</strong></span> <span class='ocrx_word' id='word_1_644' title='bbox 2404 3532 2568 3604; x_wconf 84' lang='lat' dir='ltr'><strong>fitque</strong></span> <span class='ocrx_word' id='word_1_645' title='bbox 2593 3532 2670 3587; x_wconf 89' lang='lat' dir='ltr'><strong>ira</strong></span> <span class='ocrx_word' id='word_1_646' title='bbox 2700 3533 3055 3589; x_wconf 87' lang='lat' dir='ltr'><strong>contumacia.</strong></span> <span class='ocrx_word' id='word_1_647' title='bbox 3096 3533 3224 3589; x_wconf 60' lang='lat' dir='ltr'><strong>Hac</strong></span> <span class='ocrx_word' id='word_1_648' title='bbox 3255 3550 3385 3591; x_wconf 82' lang='lat' dir='ltr'><strong>vero</strong></span> <span class='ocrx_word' id='word_1_649' title='bbox 3409 3535 3589 3611; x_wconf 87' lang='lat' dir='ltr'><strong>omnia</strong></span> <span class='ocrx_word' id='word_1_650' title='bbox 3609 3547 3713 3587; x_wconf 80' lang='lat' dir='ltr'><strong>non</strong></span> 
     </span>
    </p>
   </div>
   <div class='ocr_carea' id='block_1_82' title="bbox 2123 3623 3707 3695">
    <p class='ocr_par' dir='ltr' id='par_1_82' title="bbox 2123 3623 3707 3695">
     <span class='ocr_line' id='line_1_82' title="bbox 2123 3623 3707 3695; baseline -0.002 -14"><span class='ocrx_word' id='word_1_651' title='bbox 2123 3640 2223 3695; x_wconf 89' lang='lat' dir='ltr'><strong>pro</strong></span> <span class='ocrx_word' id='word_1_652' title='bbox 2251 3625 2413 3680; x_wconf 84' lang='lat' dir='ltr'><strong>Paulo</strong></span> <span class='ocrx_word' id='word_1_653' title='bbox 2443 3623 2780 3680; x_wconf 87' lang='lat' dir='ltr'><strong>satisfaciens</strong></span> <span class='ocrx_word' id='word_1_654' title='bbox 2826 3639 2946 3679; x_wconf 89' lang='lat' dir='ltr'><strong>sum</strong></span> <span class='ocrx_word' id='word_1_655' title='bbox 2972 3624 3226 3695; x_wconf 87' lang='lat' dir='ltr'><strong>loquutus</strong></span> <span class='ocrx_word' id='word_1_656' title='bbox 3259 3642 3272 3680; x_wconf 95' lang='lat'><strong>:</strong></span> <span class='ocrx_word' id='word_1_657' title='bbox 3302 3641 3413 3681; x_wconf 86' lang='lat' dir='ltr'><strong>non</strong></span> <span class='ocrx_word' id='word_1_658' title='bbox 3439 3626 3581 3682; x_wconf 87' lang='lat' dir='ltr'><strong>enim</strong></span> <span class='ocrx_word' id='word_1_659' title='bbox 3614 3639 3707 3678; x_wconf 85' lang='lat' dir='ltr'><strong>no-</strong></span> 
     </span>
    </p>
   </div>
   <div class='ocr_carea' id='block_1_83' title="bbox 2121 3717 3708 3789">
    <p class='ocr_par' dir='ltr' id='par_1_83' title="bbox 2121 3717 3708 3789">
     <span class='ocr_line' id='line_1_83' title="bbox 2121 3717 3708 3789; baseline -0.003 -15"><span class='ocrx_word' id='word_1_660' title='bbox 2121 3720 2219 3775; x_wconf 88' lang='lat' dir='ltr'><strong>stri</strong></span> <span class='ocrx_word' id='word_1_661' title='bbox 2269 3718 2359 3774; x_wconf 88' lang='lat' dir='ltr'><strong>ille</strong></span> <span class='ocrx_word' id='word_1_662' title='bbox 2401 3717 2608 3789; x_wconf 83' lang='lat' dir='ltr'><strong>indiget</strong></span> <span class='ocrx_word' id='word_1_663' title='bbox 2651 3719 2954 3782; x_wconf 85' lang='lat' dir='ltr'><strong>sermonis;</strong></span> <span class='ocrx_word' id='word_1_664' title='bbox 2993 3717 3110 3775; x_wconf 85' lang='lat' dir='ltr'><strong>laus</strong></span> <span class='ocrx_word' id='word_1_665' title='bbox 3154 3719 3299 3774; x_wconf 88' lang='lat' dir='ltr'><strong>enim</strong></span> <span class='ocrx_word' id='word_1_666' title='bbox 3345 3720 3467 3789; x_wconf 91' lang='lat' dir='ltr'><strong>ejus</strong></span> <span class='ocrx_word' id='word_1_667' title='bbox 3503 3735 3607 3781; x_wconf 88' lang='lat' dir='ltr'><strong>non</strong></span> <span class='ocrx_word' id='word_1_668' title='bbox 3638 3731 3708 3772; x_wconf 73' lang='lat' dir='ltr'><strong>ex</strong></span> 
     </span>
    </p>
   </div>
   <div class='ocr_carea' id='block_1_84' title="bbox 2126 3809 3708 3884">
    <p class='ocr_par' dir='ltr' id='par_1_84' title="bbox 2126 3809 3708 3884">
     <span class='ocr_line' id='line_1_84' title="bbox 2126 3809 3708 3884; baseline -0.004 -18"><span class='ocrx_word' id='word_1_669' title='bbox 2126 3810 2457 3878; x_wconf 88' lang='lat' dir='ltr'><strong>hominibus,</strong></span> <span class='ocrx_word' id='word_1_670' title='bbox 2482 3810 2578 3865; x_wconf 88' lang='lat' dir='ltr'><strong>sed</strong></span> <span class='ocrx_word' id='word_1_671' title='bbox 2614 3826 2682 3865; x_wconf 78' lang='lat' dir='ltr'><strong>ex</strong></span> <span class='ocrx_word' id='word_1_672' title='bbox 2713 3810 2823 3866; x_wconf 86' lang='lat' dir='ltr'><strong>Deo</strong></span> <span class='ocrx_word' id='word_1_673' title='bbox 2868 3809 2989 3883; x_wconf 76' lang='grc' dir='ltr'><strong>εει(</strong></span> <span class='ocrx_word' id='word_1_674' title='bbox 3020 3809 3171 3865; x_wconf 85' lang='lat' dir='ltr'><strong>Rom.</strong></span> <span class='ocrx_word' id='word_1_675' title='bbox 3201 3813 3258 3865; x_wconf 75' lang='lat'><strong>2.</strong></span> <span class='ocrx_word' id='word_1_676' title='bbox 3288 3811 3401 3884; x_wconf 74' lang='lat'><strong>29)</strong></span> <span class='ocrx_word' id='word_1_677' title='bbox 3431 3830 3447 3879; x_wconf 86' lang='lat'><strong>;</strong></span> <span class='ocrx_word' id='word_1_678' title='bbox 3479 3810 3572 3868; x_wconf 90' lang='lat' dir='ltr'><strong>sed</strong></span> <span class='ocrx_word' id='word_1_679' title='bbox 3605 3822 3708 3881; x_wconf 85' lang='lat' dir='ltr'><strong>quo</strong></span> 
     </span>
    </p>
   </div>
   <div class='ocr_carea' id='block_1_85' title="bbox 2120 3890 3703 3975">
    <p class='ocr_par' dir='ltr' id='par_1_85' title="bbox 2120 3890 3703 3975">
     <span class='ocr_line' id='line_1_85' title="bbox 2120 3890 3703 3975; baseline -0.001 -18"><span class='ocrx_word' id='word_1_680' title='bbox 2120 3901 2396 3957; x_wconf 78' lang='lat' dir='ltr'><strong>auditores</strong></span> <span class='ocrx_word' id='word_1_681' title='bbox 2422 3900 2732 3956; x_wconf 84' lang='lat' dir='ltr'><strong>erudiamus</strong></span> <span class='ocrx_word' id='word_1_682' title='bbox 2754 3942 2769 3967; x_wconf 91' lang='lat'><strong>,</strong></span> <span class='ocrx_word' id='word_1_683' title='bbox 2796 3910 2855 3956; x_wconf 91' lang='lat' dir='ltr'><strong>ut</strong></span> <span class='ocrx_word' id='word_1_684' title='bbox 2884 3902 3133 3957; x_wconf 92' lang='lat' dir='ltr'><strong>omnibus</strong></span> <span class='ocrx_word' id='word_1_685' title='bbox 3166 3902 3233 3957; x_wconf 90' lang='lat' dir='ltr'><strong>ad</strong></span> <span class='ocrx_word' id='word_1_686' title='bbox 3260 3890 3703 3975; x_wconf 82' lang='lat' dir='ltr'><strong>opportunitatem</strong></span> 
     </span>
    </p>
   </div>
   <div class='ocr_carea' id='block_1_86' title="bbox 2123 3990 3709 4062">
    <p class='ocr_par' dir='ltr' id='par_1_86' title="bbox 2123 3990 3709 4062">
     <span class='ocr_line' id='line_1_86' title="bbox 2123 3990 3709 4062; baseline -0.002 -15"><span class='ocrx_word' id='word_1_687' title='bbox 2123 4000 2343 4047; x_wconf 84' lang='lat' dir='ltr'><strong>utantur</strong></span> <span class='ocrx_word' id='word_1_688' title='bbox 2386 3991 2667 4047; x_wconf 76' lang='lat' dir='ltr'><strong>affectibus</strong></span> <span class='ocrx_word' id='word_1_689' title='bbox 2691 4032 2707 4058; x_wconf 90' lang='lat'><strong>,</strong></span> <span class='ocrx_word' id='word_1_690' title='bbox 2742 3991 2882 4047; x_wconf 90' lang='lat' dir='ltr'><strong>sicut</strong></span> <span class='ocrx_word' id='word_1_691' title='bbox 2927 3992 3037 4062; x_wconf 88' lang='lat' dir='ltr'><strong>jam</strong></span> <span class='ocrx_word' id='word_1_692' title='bbox 3094 4001 3223 4048; x_wconf 87' lang='lat' dir='ltr'><strong>ante</strong></span> <span class='ocrx_word' id='word_1_693' title='bbox 3265 3993 3579 4050; x_wconf 83' lang='lat' dir='ltr'><strong>memoravi.</strong></span> <span class='ocrx_word' id='word_1_694' title='bbox 3620 3990 3709 4046; x_wconf 86' lang='lat' dir='ltr'><strong>Sic</strong></span> 
     </span>
    </p>
   </div>
   <div class='ocr_carea' id='block_1_87' title="bbox 2122 4082 3703 4157">
    <p class='ocr_par' dir='ltr' id='par_1_87' title="bbox 2122 4082 3703 4157">
     <span class='ocr_line' id='line_1_87' title="bbox 2122 4082 3703 4157; baseline -0.002 -18"><span class='ocrx_word' id='word_1_695' title='bbox 2122 4099 2354 4154; x_wconf 87' lang='lat' dir='ltr'><strong>namque</strong></span> <span class='ocrx_word' id='word_1_696' title='bbox 2391 4083 2688 4154; x_wconf 89' lang='lat' dir='ltr'><strong>poterimus</strong></span> <span class='ocrx_word' id='word_1_697' title='bbox 2733 4082 2970 4155; x_wconf 89' lang='lat' dir='ltr'><strong>undique</strong></span> <span class='ocrx_word' id='word_1_698' title='bbox 3028 4084 3387 4154; x_wconf 89' lang='lat' dir='ltr'><strong>spiritualium</strong></span> <span class='ocrx_word' id='word_1_699' title='bbox 3443 4087 3703 4157; x_wconf 80' lang='lat' dir='ltr'><strong>lueromm</strong></span> 
     </span>
    </p>
   </div>
   <div class='ocr_carea' id='block_1_88' title="bbox 2122 4171 3702 4246">
    <p class='ocr_par' dir='ltr' id='par_1_88' title="bbox 2122 4171 3702 4246">
     <span class='ocr_line' id='line_1_88' title="bbox 2122 4171 3702 4246; baseline -0.002 -16"><span class='ocrx_word' id='word_1_700' title='bbox 2122 4176 2452 4231; x_wconf 89' lang='lat' dir='ltr'><strong>incrementa</strong></span> <span class='ocrx_word' id='word_1_701' title='bbox 2501 4174 2776 4246; x_wconf 77' lang='lat' dir='ltr'><strong>colligere,</strong></span> <span class='ocrx_word' id='word_1_702' title='bbox 2831 4190 3062 4246; x_wconf 88' lang='lat' dir='ltr'><strong>cumque</strong></span> <span class='ocrx_word' id='word_1_703' title='bbox 3114 4177 3363 4232; x_wconf 79' lang='lat' dir='ltr'><strong>maximis</strong></span> <span class='ocrx_word' id='word_1_704' title='bbox 3413 4176 3610 4235; x_wconf 83' lang='lat' dir='ltr'><strong>divitiis</strong></span> <span class='ocrx_word' id='word_1_705' title='bbox 3637 4171 3702 4227; x_wconf 88' lang='lat' dir='ltr'><strong>ad</strong></span> 
     </span>
    </p>
   </div>
   <div class='ocr_carea' id='block_1_89' title="bbox 2120 4264 3700 4341">
    <p class='ocr_par' dir='ltr' id='par_1_89' title="bbox 2120 4264 3700 4341">
     <span class='ocr_line' id='line_1_89' title="bbox 2120 4264 3700 4341; baseline -0.004 -15"><span class='ocrx_word' id='word_1_706' title='bbox 2120 4280 2334 4341; x_wconf 91' lang='lat' dir='ltr'><strong>portum</strong></span> <span class='ocrx_word' id='word_1_707' title='bbox 2372 4268 2699 4324; x_wconf 90' lang='lat' dir='ltr'><strong>tutissimum</strong></span> <span class='ocrx_word' id='word_1_708' title='bbox 2757 4270 3039 4338; x_wconf 86' lang='lat' dir='ltr'><strong>pervenire</strong></span> <span class='ocrx_word' id='word_1_709' title='bbox 3066 4310 3084 4336; x_wconf 92' lang='lat'><strong>,</strong></span> <span class='ocrx_word' id='word_1_710' title='bbox 3113 4277 3170 4325; x_wconf 89' lang='lat' dir='ltr'><strong>et</strong></span> <span class='ocrx_word' id='word_1_711' title='bbox 3221 4271 3480 4340; x_wconf 91' lang='lat' dir='ltr'><strong>consequi</strong></span> <span class='ocrx_word' id='word_1_712' title='bbox 3526 4264 3700 4324; x_wconf 79' lang='lat' dir='ltr'><strong>indeli-</strong></span> 
     </span>
    </p>
   </div>
   <div class='ocr_carea' id='block_1_90' title="bbox 2120 4362 3700 4432">
    <p class='ocr_par' dir='ltr' id='par_1_90' title="bbox 2120 4362 3700 4432">
     <span class='ocr_line' id='line_1_90' title="bbox 2120 4362 3700 4432; baseline -0.006 -12"><span class='ocrx_word' id='word_1_713' title='bbox 2120 4365 2325 4420; x_wconf 89' lang='lat' dir='ltr'><strong>cientes</strong></span> <span class='ocrx_word' id='word_1_714' title='bbox 2372 4376 2600 4418; x_wconf 88' lang='lat' dir='ltr'><strong>coronas</strong></span> <span class='ocrx_word' id='word_1_715' title='bbox 2627 4402 2645 4429; x_wconf 93' lang='lat'><strong>,</strong></span> <span class='ocrx_word' id='word_1_716' title='bbox 2692 4376 2828 4432; x_wconf 87' lang='lat' dir='ltr'><strong>quas</strong></span> <span class='ocrx_word' id='word_1_717' title='bbox 2875 4362 3035 4418; x_wconf 88' lang='lat' dir='ltr'><strong>etiam</strong></span> <span class='ocrx_word' id='word_1_718' title='bbox 3067 4377 3167 4418; x_wconf 92' lang='lat' dir='ltr'><strong>nos</strong></span> <span class='ocrx_word' id='word_1_719' title='bbox 3201 4378 3393 4420; x_wconf 91' lang='lat' dir='ltr'><strong>omnes</strong></span> <span class='ocrx_word' id='word_1_720' title='bbox 3440 4362 3700 4428; x_wconf 86' lang='lat' dir='ltr'><strong>contingat</strong></span> 
     </span>
    </p>
   </div>
   <div class='ocr_carea' id='block_1_91' title="bbox 2119 4451 3698 4526">
    <p class='ocr_par' dir='ltr' id='par_1_91' title="bbox 2119 4451 3698 4526">
     <span class='ocr_line' id='line_1_91' title="bbox 2119 4451 3698 4526; baseline -0.003 -15"><span class='ocrx_word' id='word_1_721' title='bbox 2119 4456 2356 4522; x_wconf 90' lang='lat' dir='ltr'><strong>mereri,</strong></span> <span class='ocrx_word' id='word_1_722' title='bbox 2404 4456 2577 4526; x_wconf 88' lang='lat' dir='ltr'><strong>gratia</strong></span> <span class='ocrx_word' id='word_1_723' title='bbox 2625 4463 2681 4510; x_wconf 91' lang='lat' dir='ltr'><strong>et</strong></span> <span class='ocrx_word' id='word_1_724' title='bbox 2716 4454 3082 4510; x_wconf 87' lang='lat' dir='ltr'><strong>misericordia</strong></span> <span class='ocrx_word' id='word_1_725' title='bbox 3126 4455 3337 4510; x_wconf 88' lang='lat' dir='ltr'><strong>Domini</strong></span> <span class='ocrx_word' id='word_1_726' title='bbox 3386 4455 3553 4512; x_wconf 89' lang='lat' dir='ltr'><strong>nostri</strong></span> <span class='ocrx_word' id='word_1_727' title='bbox 3578 4451 3698 4507; x_wconf 72' lang='lat' dir='ltr'><strong>Iesu</strong></span> 
     </span>
    </p>
   </div>
   <div class='ocr_carea' id='block_1_92' title="bbox 2120 4545 3695 4625">
    <p class='ocr_par' dir='ltr' id='par_1_92' title="bbox 2120 4545 3695 4625">
     <span class='ocr_line' id='line_1_92' title="bbox 2120 4545 3695 4625; baseline -0.004 -21"><span class='ocrx_word' id='word_1_728' title='bbox 2120 4548 2339 4612; x_wconf 85' lang='lat' dir='ltr'><strong>Christi,</strong></span> <span class='ocrx_word' id='word_1_729' title='bbox 2378 4548 2464 4604; x_wconf 90' lang='lat' dir='ltr'><strong>cui</strong></span> <span class='ocrx_word' id='word_1_730' title='bbox 2492 4554 2577 4625; x_wconf 87' lang='lat' dir='ltr'><strong>est</strong></span> <span class='ocrx_word' id='word_1_731' title='bbox 2614 4546 2784 4618; x_wconf 88' lang='lat' dir='ltr'><strong>gloria</strong></span> <span class='ocrx_word' id='word_1_732' title='bbox 2818 4555 2875 4602; x_wconf 92' lang='lat' dir='ltr'><strong>et</strong></span> <span class='ocrx_word' id='word_1_733' title='bbox 2928 4546 3210 4618; x_wconf 89' lang='lat' dir='ltr'><strong>imperium</strong></span> <span class='ocrx_word' id='word_1_734' title='bbox 3234 4588 3251 4616; x_wconf 97' lang='lat'><strong>,</strong></span> <span class='ocrx_word' id='word_1_735' title='bbox 3303 4547 3355 4602; x_wconf 91' lang='lat' dir='ltr'><strong>in</strong></span> <span class='ocrx_word' id='word_1_736' title='bbox 3386 4545 3576 4604; x_wconf 71' lang='lat' dir='ltr'><strong>saecula</strong></span> <span class='ocrx_word' id='word_1_737' title='bbox 3599 4555 3695 4597; x_wconf 69' lang='lat' dir='ltr'><strong>sa:-</strong></span> 
     </span>
    </p>
   </div>
   <div class='ocr_carea' id='block_1_93' title="bbox 2118 4640 3378 4696">
    <p class='ocr_par' dir='ltr' id='par_1_93' title="bbox 2118 4640 3378 4696">
     <span class='ocr_line' id='line_1_93' title="bbox 2118 4640 3378 4696; baseline -0.004 -1"><span class='ocrx_word' id='word_1_738' title='bbox 2118 4640 2385 4696; x_wconf 90' lang='lat' dir='ltr'><strong>culorum.</strong></span> <span class='ocrx_word' id='word_1_739' title='bbox 2411 4640 2607 4695; x_wconf 82' lang='lat' dir='ltr'><strong>Amen.</strong></span> <span class='ocrx_word' id='word_1_740' title='bbox 3366 4653 3378 4663; x_wconf 93' lang='grc'><strong>·</strong></span> 
     </span>
    </p>
   </div>
   <div class='ocr_carea' id='block_1_94' title="bbox 1274 4882 2843 5035">
    <p class='ocr_par' dir='ltr' id='par_1_94' title="bbox 1274 4882 2843 5035">
     <span class='ocr_line' id='line_1_94' title="bbox 1274 4882 2843 5035; baseline -0.006 -2"><span class='ocrx_word' id='word_1_741' title='bbox 1274 4942 1419 5035; x_wconf 73' lang='lat' dir='ltr'><strong>ne</strong></span> <span class='ocrx_word' id='word_1_742' title='bbox 1474 4934 2015 5030; x_wconf 65' lang='lat' dir='ltr'><strong>moerens</strong></span> <span class='ocrx_word' id='word_1_743' title='bbox 2050 4882 2445 5028; x_wconf 61' lang='lat' dir='ltr'><strong>sartum</strong></span> <span class='ocrx_word' id='word_1_744' title='bbox 2489 4944 2843 5024; x_wconf 55' lang='lat' dir='ltr'><strong>eam</strong></span> 
     </span>
    </p>
   </div>
   <div class='ocr_carea' id='block_1_95' title="bbox 1908 5102 2229 5150">
    <p class='ocr_par' dir='ltr' id='par_1_95' title="bbox 1908 5102 2229 5150">
     <span class='ocr_line' id='line_1_95' title="bbox 1908 5102 2229 5150; baseline -0.012 0"><span class='ocrx_word' id='word_1_745' title='bbox 1908 5102 2229 5150; x_wconf 72' lang='lat' dir='ltr'><strong>APOSTOLI.</strong></span> 
     </span>
    </p>
   </div>
   <div class='ocr_carea' id='block_1_96' title="bbox 1039 5367 1387 5410">
    <p class='ocr_par' dir='ltr' id='par_1_96' title="bbox 1039 5367 1387 5410">
     <span class='ocr_line' id='line_1_96' title="bbox 1039 5367 1387 5410; baseline 0 0"><span class='ocrx_word' id='word_1_746' title='bbox 1039 5367 1258 5410; x_wconf 68' lang='lat' dir='ltr'><strong>HOIILIA</strong></span> <span class='ocrx_word' id='word_1_747' title='bbox 1291 5368 1387 5410; x_wconf 74' lang='lat' dir='ltr'><strong>Vl].</strong></span> 
     </span>
    </p>
   </div>
   <div class='ocr_carea' id='block_1_97' title="bbox 491 5443 2008 5518">
    <p class='ocr_par' dir='ltr' id='par_1_97' title="bbox 491 5443 2008 5518">
     <span class='ocr_line' id='line_1_97' title="bbox 491 5443 2008 5518; baseline 0.001 -18"><span class='ocrx_word' id='word_1_748' title='bbox 491 5446 715 5516; x_wconf 83' lang='lat' dir='ltr'><strong>Quoties</strong></span> <span class='ocrx_word' id='word_1_749' title='bbox 737 5444 798 5513; x_wconf 89' lang='lat' dir='ltr'><strong>ii,</strong></span> <span class='ocrx_word' id='word_1_750' title='bbox 823 5446 914 5518; x_wconf 89' lang='lat' dir='ltr'><strong>qui</strong></span> <span class='ocrx_word' id='word_1_751' title='bbox 942 5454 1157 5518; x_wconf 81' lang='lat' dir='ltr'><strong>portant</strong></span> <span class='ocrx_word' id='word_1_752' title='bbox 1183 5445 1334 5518; x_wconf 84' lang='lat' dir='ltr'><strong>signa</strong></span> <span class='ocrx_word' id='word_1_753' title='bbox 1361 5443 1563 5517; x_wconf 81' lang='lat' dir='ltr'><strong>regalia</strong></span> <span class='ocrx_word' id='word_1_754' title='bbox 1582 5444 1863 5516; x_wconf 88' lang='lat' dir='ltr'><strong>clangente</strong></span> <span class='ocrx_word' id='word_1_755' title='bbox 1882 5454 2008 5503; x_wconf 82' lang='lat' dir='ltr'><strong>ante</strong></span> 
     </span>
    </p>
   </div>
   <div class='ocr_carea' id='block_1_98' title="bbox 418 5538 2007 5617">
    <p class='ocr_par' dir='ltr' id='par_1_98' title="bbox 418 5538 2007 5617">
     <span class='ocr_line' id='line_1_98' title="bbox 418 5538 2007 5617; baseline -0.001 -18"><span class='ocrx_word' id='word_1_756' title='bbox 418 5556 484 5599; x_wconf 69' lang='lat' dir='ltr'><strong>se</strong></span> <span class='ocrx_word' id='word_1_757' title='bbox 503 5538 627 5595; x_wconf 82' lang='lat' dir='ltr'><strong>tuba</strong></span> <span class='ocrx_word' id='word_1_758' title='bbox 647 5546 702 5593; x_wconf 91' lang='lat' dir='ltr'><strong>et</strong></span> <span class='ocrx_word' id='word_1_759' title='bbox 724 5540 838 5617; x_wconf 81' lang='lat' dir='ltr'><strong>acie</strong></span> <span class='ocrx_word' id='word_1_760' title='bbox 863 5543 1093 5598; x_wconf 88' lang='lat' dir='ltr'><strong>militum</strong></span> <span class='ocrx_word' id='word_1_761' title='bbox 1120 5550 1413 5614; x_wconf 82' lang='lat' dir='ltr'><strong>praeeunte,</strong></span> <span class='ocrx_word' id='word_1_762' title='bbox 1436 5541 1805 5612; x_wconf 86' lang='lat' dir='ltr'><strong>ingrediuntur</strong></span> <span class='ocrx_word' id='word_1_763' title='bbox 1826 5542 2007 5608; x_wconf 86' lang='lat' dir='ltr'><strong>urbes,</strong></span> 
     </span>
    </p>
   </div>
   <div class='ocr_carea' id='block_1_99' title="bbox 417 5626 2007 5696">
    <p class='ocr_par' dir='ltr' id='par_1_99' title="bbox 417 5626 2007 5696">
     <span class='ocr_line' id='line_1_99' title="bbox 417 5626 2007 5696; baseline 0.004 -14"><span class='ocrx_word' id='word_1_764' title='bbox 417 5626 602 5688; x_wconf 86' lang='lat' dir='ltr'><strong>omnis</strong></span> <span class='ocrx_word' id='word_1_765' title='bbox 647 5629 872 5696; x_wconf 83' lang='lat' dir='ltr'><strong>populus</strong></span> <span class='ocrx_word' id='word_1_766' title='bbox 908 5634 1191 5691; x_wconf 82' lang='lat' dir='ltr'><strong>consuevit</strong></span> <span class='ocrx_word' id='word_1_767' title='bbox 1237 5648 1521 5690; x_wconf 87' lang='lat' dir='ltr'><strong>accurrere</strong></span> <span class='ocrx_word' id='word_1_768' title='bbox 1567 5632 1636 5688; x_wconf 90' lang='lat' dir='ltr'><strong>ad</strong></span> <span class='ocrx_word' id='word_1_769' title='bbox 1686 5633 2007 5689; x_wconf 89' lang='lat' dir='ltr'><strong>audiendum</strong></span> 
     </span>
    </p>
   </div>
   <div class='ocr_carea' id='block_1_100' title="bbox 420 5716 2007 5797">
    <p class='ocr_par' dir='ltr' id='par_1_100' title="bbox 420 5716 2007 5797">
     <span class='ocr_line' id='line_1_100' title="bbox 420 5716 2007 5797; baseline 0.001 -19"><span class='ocrx_word' id='word_1_770' title='bbox 420 5716 670 5778; x_wconf 78' lang='lat' dir='ltr'><strong>buccina:</strong></span> <span class='ocrx_word' id='word_1_771' title='bbox 701 5730 916 5793; x_wconf 88' lang='lat' dir='ltr'><strong>sonum,</strong></span> <span class='ocrx_word' id='word_1_772' title='bbox 949 5725 1031 5781; x_wconf 88' lang='lat' dir='ltr'><strong>vel</strong></span> <span class='ocrx_word' id='word_1_773' title='bbox 1061 5727 1269 5796; x_wconf 90' lang='lat' dir='ltr'><strong>signum</strong></span> <span class='ocrx_word' id='word_1_774' title='bbox 1308 5725 1450 5797; x_wconf 91' lang='lat' dir='ltr'><strong>quod</strong></span> <span class='ocrx_word' id='word_1_775' title='bbox 1494 5725 1547 5781; x_wconf 90' lang='lat' dir='ltr'><strong>in</strong></span> <span class='ocrx_word' id='word_1_776' title='bbox 1588 5723 1814 5780; x_wconf 90' lang='lat' dir='ltr'><strong>sublime</strong></span> <span class='ocrx_word' id='word_1_777' title='bbox 1842 5724 2007 5780; x_wconf 88' lang='lat' dir='ltr'><strong>fertur</strong></span> 
     </span>
    </p>
   </div>
   <div class='ocr_carea' id='block_1_101' title="bbox 418 5806 2005 5884">
    <p class='ocr_par' dir='ltr' id='par_1_101' title="bbox 418 5806 2005 5884">
     <span class='ocr_line' id='line_1_101' title="bbox 418 5806 2005 5884; baseline 0.003 -16"><span class='ocrx_word' id='word_1_778' title='bbox 418 5806 736 5873; x_wconf 80' lang='lat' dir='ltr'><strong>videndum,</strong></span> <span class='ocrx_word' id='word_1_779' title='bbox 777 5806 943 5876; x_wconf 83' lang='lat' dir='ltr'><strong>ipsius</strong></span> <span class='ocrx_word' id='word_1_780' title='bbox 976 5815 1137 5871; x_wconf 85' lang='lat' dir='ltr'><strong>etiam</strong></span> <span class='ocrx_word' id='word_1_781' title='bbox 1179 5808 1443 5877; x_wconf 84' lang='lat' dir='ltr'><strong>virtutem</strong></span> <span class='ocrx_word' id='word_1_782' title='bbox 1476 5815 1718 5876; x_wconf 87' lang='lat' dir='ltr'><strong>ferentis.</strong></span> <span class='ocrx_word' id='word_1_783' title='bbox 1743 5807 2005 5884; x_wconf 80' lang='lat' dir='ltr'><strong>Quoniam</strong></span> 
     </span>
    </p>
   </div>
   <div class='ocr_carea' id='block_1_102' title="bbox 2111 5249 2368 5266">
    <p class='ocr_par' dir='ltr' id='par_1_102' title="bbox 2111 5249 2368 5266">
     <span class='ocr_line' id='line_1_102' title="bbox 2111 5249 2368 5266; baseline 0.004 -3"><span class='ocrx_word' id='word_1_784' title='bbox 2111 5249 2368 5266; x_wconf 46' lang='grc' dir='ltr'><strong>ψ</strong></span> 
     </span>
    </p>
   </div>
   <div class='ocr_carea' id='block_1_103' title="bbox 2117 5336 3680 5427">
    <p class='ocr_par' dir='ltr' id='par_1_103' title="bbox 2117 5336 3680 5427">
     <span class='ocr_line' id='line_1_103' title="bbox 2117 5336 3680 5427; baseline -0.002 -17"><span class='ocrx_word' id='word_1_785' title='bbox 2117 5354 2279 5427; x_wconf 86' lang='lat' dir='ltr'><strong>igitur</strong></span> <span class='ocrx_word' id='word_1_786' title='bbox 2302 5336 2370 5410; x_wconf 61' lang='grc' dir='ltr'><strong>δι’</strong></span> <span class='ocrx_word' id='word_1_787' title='bbox 2388 5336 2550 5410; x_wconf 83' lang='lat' dir='ltr'><strong>hodie</strong></span> <span class='ocrx_word' id='word_1_788' title='bbox 2576 5366 2687 5409; x_wconf 92' lang='lat' dir='ltr'><strong>non</strong></span> <span class='ocrx_word' id='word_1_789' title='bbox 2715 5342 2926 5420; x_wconf 87' lang='lat' dir='ltr'><strong>urbem,</strong></span> <span class='ocrx_word' id='word_1_790' title='bbox 2955 5350 3048 5421; x_wconf 87' lang='lat' dir='ltr'><strong>sed</strong></span> <span class='ocrx_word' id='word_1_791' title='bbox 3077 5336 3263 5409; x_wconf 87' lang='lat' dir='ltr'><strong>orbem</strong></span> <span class='ocrx_word' id='word_1_792' title='bbox 3309 5352 3502 5412; x_wconf 88' lang='lat' dir='ltr'><strong>Paulus</strong></span> <span class='ocrx_word' id='word_1_793' title='bbox 3528 5336 3680 5420; x_wconf 72' lang='lat' dir='ltr'><strong>ingre-</strong></span> 
     </span>
    </p>
   </div>
   <div class='ocr_carea' id='block_1_104' title="bbox 2116 5428 3680 5523">
    <p class='ocr_par' dir='ltr' id='par_1_104' title="bbox 2116 5428 3680 5523">
     <span class='ocr_line' id='line_1_104' title="bbox 2116 5428 3680 5523; baseline -0.004 -20"><span class='ocrx_word' id='word_1_794' title='bbox 2116 5446 2282 5514; x_wconf 89' lang='lat' dir='ltr'><strong>ditur,</strong></span> <span class='ocrx_word' id='word_1_795' title='bbox 2312 5428 2700 5503; x_wconf 67' lang='lat' dir='ltr'><strong>cOncurratnus</strong></span> <span class='ocrx_word' id='word_1_796' title='bbox 2727 5430 3179 5523; x_wconf 57' lang='lat' dir='ltr'><strong>amentem</strong></span> <span class='ocrx_word' id='word_1_797' title='bbox 3223 5446 3328 5505; x_wconf 87' lang='lat' dir='ltr'><strong>iste</strong></span> <span class='ocrx_word' id='word_1_798' title='bbox 3357 5464 3463 5504; x_wconf 92' lang='lat' dir='ltr'><strong>non</strong></span> <span class='ocrx_word' id='word_1_799' title='bbox 3488 5447 3680 5517; x_wconf 85' lang='lat' dir='ltr'><strong>signum</strong></span> 
     </span>
    </p>
   </div>
   <div class='ocr_carea' id='block_1_105' title="bbox 2117 5525 3679 5610">
    <p class='ocr_par' dir='ltr' id='par_1_105' title="bbox 2117 5525 3679 5610">
     <span class='ocr_line' id='line_1_105' title="bbox 2117 5525 3679 5610; baseline -0.007 -16"><span class='ocrx_word' id='word_1_800' title='bbox 2117 5525 2317 5595; x_wconf 85' lang='lat' dir='ltr'><strong>terreni</strong></span> <span class='ocrx_word' id='word_1_801' title='bbox 2342 5526 2569 5610; x_wconf 88' lang='lat' dir='ltr'><strong>alicujus</strong></span> <span class='ocrx_word' id='word_1_802' title='bbox 2611 5528 2775 5610; x_wconf 80' lang='lat' dir='ltr'><strong>regis,</strong></span> <span class='ocrx_word' id='word_1_803' title='bbox 2816 5526 2912 5593; x_wconf 82' lang='lat' dir='ltr'><strong>scd</strong></span> <span class='ocrx_word' id='word_1_804' title='bbox 2955 5528 3167 5594; x_wconf 46' lang='lat' dir='ltr'><strong>tn&#39;cielo</strong></span> <span class='ocrx_word' id='word_1_805' title='bbox 3195 5540 3467 5610; x_wconf 89' lang='lat' dir='ltr'><strong>regnantis</strong></span> <span class='ocrx_word' id='word_1_806' title='bbox 3500 5527 3679 5594; x_wconf 86' lang='lat' dir='ltr'><strong>Christi</strong></span> 
     </span>
    </p>
   </div>
   <div class='ocr_carea' id='block_1_106' title="bbox 2115 5623 3677 5702">
    <p class='ocr_par' dir='ltr' id='par_1_106' title="bbox 2115 5623 3677 5702">
     <span class='ocr_line' id='line_1_106' title="bbox 2115 5623 3677 5702; baseline -0.005 -15"><span class='ocrx_word' id='word_1_807' title='bbox 2115 5645 2334 5688; x_wconf 91' lang='lat' dir='ltr'><strong>crucem</strong></span> <span class='ocrx_word' id='word_1_808' title='bbox 2360 5639 2571 5700; x_wconf 84' lang='lat' dir='ltr'><strong>portat;</strong></span> <span class='ocrx_word' id='word_1_809' title='bbox 2601 5629 2913 5702; x_wconf 63' lang='lat' dir='ltr'><strong>praecedunt</strong></span> <span class='ocrx_word' id='word_1_810' title='bbox 2940 5645 3047 5686; x_wconf 90' lang='lat' dir='ltr'><strong>non</strong></span> <span class='ocrx_word' id='word_1_811' title='bbox 3073 5623 3371 5702; x_wconf 84' lang='lat' dir='ltr'><strong>hominum,</strong></span> <span class='ocrx_word' id='word_1_812' title='bbox 3413 5630 3505 5690; x_wconf 83' lang='lat' dir='ltr'><strong>sed</strong></span> <span class='ocrx_word' id='word_1_813' title='bbox 3536 5638 3677 5696; x_wconf 61' lang='lat' dir='ltr'><strong>auge</strong></span> 
     </span>
    </p>
   </div>
   <div class='ocr_carea' id='block_1_107' title="bbox 2115 5711 3670 5797">
    <p class='ocr_par' dir='ltr' id='par_1_107' title="bbox 2115 5711 3670 5797">
     <span class='ocr_line' id='line_1_107' title="bbox 2115 5711 3670 5797; baseline -0.002 -19"><span class='ocrx_word' id='word_1_814' title='bbox 2115 5722 2287 5778; x_wconf 86' lang='lat' dir='ltr'><strong>lorum</strong></span> <span class='ocrx_word' id='word_1_815' title='bbox 2303 5714 2556 5792; x_wconf 82' lang='lat' dir='ltr'><strong>catervae,</strong></span> <span class='ocrx_word' id='word_1_816' title='bbox 2586 5737 2693 5778; x_wconf 92' lang='lat' dir='ltr'><strong>non</strong></span> <span class='ocrx_word' id='word_1_817' title='bbox 2722 5716 2896 5778; x_wconf 88' lang='lat' dir='ltr'><strong>solum</strong></span> <span class='ocrx_word' id='word_1_818' title='bbox 2921 5723 2974 5777; x_wconf 92' lang='lat' dir='ltr'><strong>in</strong></span> <span class='ocrx_word' id='word_1_819' title='bbox 2992 5714 3253 5780; x_wconf 83' lang='lat' dir='ltr'><strong>honorem</strong></span> <span class='ocrx_word' id='word_1_820' title='bbox 3274 5714 3390 5795; x_wconf 80' lang='lat' dir='ltr'><strong>ejus</strong></span> <span class='ocrx_word' id='word_1_821' title='bbox 3406 5723 3533 5797; x_wconf 88' lang='lat' dir='ltr'><strong>signi</strong></span> <span class='ocrx_word' id='word_1_822' title='bbox 3549 5711 3670 5791; x_wconf 80' lang='lat' dir='ltr'><strong>quod</strong></span> 
     </span>
    </p>
   </div>
   <div class='ocr_carea' id='block_1_108' title="bbox 2114 5808 3573 5891">
    <p class='ocr_par' dir='ltr' id='par_1_108' title="bbox 2114 5808 3573 5891">
     <span class='ocr_line' id='line_1_108' title="bbox 2114 5808 3573 5891; baseline 0.001 -19"><span class='ocrx_word' id='word_1_823' title='bbox 2114 5815 2303 5889; x_wconf 74' lang='lat' dir='ltr'><strong>fertur,</strong></span> <span class='ocrx_word' id='word_1_824' title='bbox 2335 5815 2432 5875; x_wconf 85' lang='lat' dir='ltr'><strong>sed</strong></span> <span class='ocrx_word' id='word_1_825' title='bbox 2456 5816 2620 5875; x_wconf 86' lang='lat' dir='ltr'><strong>etiam</strong></span> <span class='ocrx_word' id='word_1_826' title='bbox 2640 5808 2863 5889; x_wconf 76' lang='lat' dir='ltr'><strong>ineius,</strong></span> <span class='ocrx_word' id='word_1_827' title='bbox 2895 5830 2926 5874; x_wconf 83' lang='lat' dir='ltr'><strong>a</strong></span> <span class='ocrx_word' id='word_1_828' title='bbox 2951 5832 3058 5890; x_wconf 87' lang='lat' dir='ltr'><strong>quo</strong></span> <span class='ocrx_word' id='word_1_829' title='bbox 3086 5816 3276 5891; x_wconf 79' lang='lat' dir='ltr'><strong>fertur,</strong></span> <span class='ocrx_word' id='word_1_830' title='bbox 3304 5821 3573 5878; x_wconf 73' lang='lat' dir='ltr'><strong>auxilium.</strong></span> 
     </span>
    </p>
   </div>
   <div class='ocr_carea' id='block_1_109' title="bbox 3900 6318 3962 6354">
    <p class='ocr_par' dir='ltr' id='par_1_109' title="bbox 3900 6318 3962 6354">
     <span class='ocr_line' id='line_1_109' title="bbox 3900 6318 3962 6354; baseline 0 0"><span class='ocrx_word' id='word_1_831' title='bbox 3900 6318 3962 6354; x_wconf 61' lang='grc' dir='ltr'><strong>,Δ</strong></span> 
     </span>
    </p>
   </div>
  </div>
