4032 6442
502 417 610 476 ὕοθ

567 527 631 582 Et
685 523 798 597 γὰρ
855 524 966 587 τοῖς
1027 522 1119 575 τὸν
1173 521 1302 574 ἴδιον
1362 519 1474 590 βίον
1535 517 1875 588 οἱκονομοῦσι
1899 559 1914 581 ,
1974 519 2065 572 καὶ

496 632 648 687 οὐδὲν
691 630 801 684 τῶν
841 628 1038 683 κοινῶν
1099 627 1427 701 πράττουσιν
1449 664 1463 687 ,
1518 623 1737 692 ἄγγελοι
1781 624 1930 694 παρά
1973 624 2066 676 τοῦ

497 729 605 783 τῶν
675 728 812 782 δλων
891 725 1162 779 Δεσπότου
1249 723 1353 776 εἰσὶ
1431 721 1705 792 δεδομένοι
1787 723 2025 791 φύλακες
2055 761 2068 783 ,

502 832 686 896 καθὼς
740 831 832 887 καί
890 849 974 894 τις
1015 829 1210 902 φησίν⁹
1283 828 1335 880 ’0
1387 827 1633 897 ἄγγελος
1695 830 1729 882 ό
1773 829 2072 896 ῥυόμενός

499 953 570 1004 με
610 939 679 989 ἐκ
726 935 1007 1002 νεότητός
1053 949 1196 1000 μουο
1228 931 1410 1002 πολλῷ
1449 911 1648 1002 μᾶλλον
1694 932 1787 984 ἐπὶ
1824 930 1936 984 τῶν
1974 931 2072 1001 τὴν

495 1042 818 1113 οίκουμένην
840 1037 1288 1111 ἐηειρισθέντων
1304 1038 1400 1090 καὶ
1424 1036 1740 1108 τηλικοῦτον
1772 1035 2071 1106 βασταζόν-

495 1162 604 1198 των
632 1145 794 1212 δγκον
823 1143 1058 1215 δωρεῶν,
1093 1143 1349 1216 πάρεισιν
1388 1142 1446 1196 αἱ
1473 1141 1730 1211 δυνάμεις
1764 1141 1822 1194 αἱ
1851 1140 1982 1195 ἀνω.
2006 1142 2070 1194 υἱ

498 1247 598 1316 μὲν
621 1241 712 1300 οῦν
740 1243 894 1314 παρά
919 1243 1028 1297 τῶν
1059 1242 1262 1310 ἔξωθεν
1310 1241 1516 1312 ταύτης
1543 1242 1836 1313 ἠξιωμένοι
1859 1242 1960 1314 τῆς
1989 1259 2071 1295 τι-

498 1350 625 1422 μῆς,
662 1349 855 1421 ἱμάτια
898 1348 1240 1418 περίκεινται
1283 1347 1381 1399 καὶ
1427 1345 1812 1418 περιαυχένιον
1861 1332 2070 1416 κόσμον

493 1452 747 1524 χρυσοῦν,
777 1452 873 1506 καὶ
899 1449 1162 1505 πάντοθέν
1197 1450 1303 1502 εἰσι
1335 1447 1608 1521 λαμπροί·
1627 1442 1781 1512 οὗτος
1803 1447 1862 1502 δὲ
1879 1447 2074 1502 ἅλυσιν

492 1559 614 1612 ἀντὶ
647 1555 852 1630 χρυσοῦ
907 1547 1314 1628 περικεῒμενος,
1349 1554 1609 1629 βαστάζει
1654 1553 1748 1611 τὸν
1793 1553 2028 1626 σταυρόν
2054 1570 2070 1586 ο

491 1655 648 1725 οὗτος
667 1659 1044 1731 ἐλαυνόμενος,
1063 1648 1219 1719 οὗτος
1238 1657 1628 1730 μαστιζόμενος
1643 1659 1737 1712 καὶ
1759 1657 2065 1730 λιμώττων.

508 1765 669 1820 Ἀλλά
719 1766 794 1836 μὴ
828 1764 1157 1838 στυγνάσῃς,
1190 1763 1462 1839 ἀγαπητέ.
1496 1763 1608 1816 Καί
1658 1762 1768 1834 γάρ
1797 1765 1826 1817 6
1872 1764 2077 1832 κόσμος

495 1867 652 1937 οὗτος
698 1871 907 1925 ἐκείνου
951 1868 1130 1940 πολλῷ
1177 1868 1399 1940 βελτίων
1421 1868 1515 1922 καὶ
1545 1867 1940 1940 λαμπρότερος,
1974 1867 2070 1922 καὶ

494 1975 615 2046 Θεῷ
660 1975 812 2044 φίλος
837 1990 851 2006 ·
902 1974 982 2028 διὸ
1028 1974 1123 2028 καὶ
1174 1973 1456 2045 βαστάζων
1501 1973 1602 2027 οὐκ
1645 1972 1871 2044 ἔκαμνε.
1905 1970 2077 2026 Τοῦτο

495 2081 605 2154 γάρ
637 2083 751 2134 ἐστι
773 2080 835 2133 τὺ
854 2079 1186 2152 θαυμαστὸν,
1224 2080 1306 2134 ὅτι
1340 2078 1478 2150 μετά
1499 2079 1714 2150 δεσμῶν
1746 2079 1840 2132 καὶ
1869 2078 2068 2149 μαστί-

494 2201 610 2253 γων
637 2185 730 2238 καὶ
755 2183 1069 2255 στιγμάτων
1099 2182 1479 2254 λαμπρότερος
1507 2182 1614 2236 τῶν
1650 2182 1750 2253 τὴν
1779 2181 2074 2253 ἁλουργίδα

494 2289 588 2343 καὶ
615 2289 672 2342 τδ
693 2287 934 2358 διάδημα
967 2287 1197 2361 ἐχόντων
1245 2281 1336 2358 ἦν.
1369 2287 1490 2339 Ὅτι
1517 2285 1627 2358 γὰρ
1665 2284 2072 2355 λαμπρότερος,

491 2390 589 2446 καὶ
619 2390 678 2446 ού
707 2391 916 2461 κόμπος
948 2389 1018 2446 τά
1044 2389 1331 2462 εἰρημένα,
1362 2387 1625 2458 ἐδήλωσεν
1645 2387 1811 2442 αὑτοῦ
1851 2387 1921 2440 τὰ
1944 2386 2074 2457 £9.6—

489 2513 600 2551 τια.
658 2495 976 2568 Διαδήματα
1022 2494 1121 2566 μὲν
1171 2493 1281 2565 γὰρ
1341 2494 1512 2566 μυρία
1575 2492 1670 2549 καὶ
1737 2490 2073 2564 πορφυρίδας

417 2621 428 2630 ι
489 2598 758 2661 τοσαύτας
791 2596 856 2652 ἂν
893 2593 1085 2665 ἐπιθῇς
1110 2591 1503 2665 ἀρρωστοῦντι,
1538 2590 1660 2644 οὐδὲ
1678 2589 1872 2660 μικρόν
1892 2606 1944 2644 τι
1970 2588 2071 2659 τῆς

493 2701 690 2771 φλογὸς
703 2697 1071 2770 ὑποτεμέσθαι
1097 2697 1302 2768 δυνήσῃ
1320 2694 1418 2748 ⁸τά
1431 2695 1487 2746 δὲ
1515 2691 1725 2746 ἐκείνου
1748 2689 2068 2761 σημικίνθια

492 2804 785 2876 ὁμιλοῦντα
816 2805 930 2866 τοῖς
960 2801 1174 2872 σώμασι
1193 2798 1304 2853 τῶν
1341 2798 1674 2868 καμνόντων,
1714 2795 1895 2848 πᾶσαν
1921 2794 2075 2846 νόσον

397 2932 406 2954 ·.
493 2907 850 2980 δραπετεύειν
872 2907 1049 2959 ποιεῖ’
1072 2903 1168 2958 καὶ
1201 2903 1446 2965 εἰκότως.
1475 2901 1538 2954 El
1557 2899 1666 2972 γάρ
1695 2898 1892 2971 λῃσταὶ
1913 2895 2073 2953 τοῦτο

404 2993 420 3017 ⁷
492 3010 728 3082 δρῶντες
755 3007 817 3062 τὸ
851 3009 1073 3080 σημεῖον
1097 3007 1159 3060 οὐ
1187 3005 1456 3077 τολμῶσιν
1497 3003 1764 3071 ἐπελθεῖν,
1792 3002 1905 3056 ἀλλ’
1931 3002 2069 3075 ἀμε-

491 3114 794 3187 ταστρεπτὶ
830 3115 1112 3186 φεύγουσι,
1136 3112 1316 3184 πολλῷ
1351 3109 1552 3182 μᾶλλον
1578 3111 1724 3165 νόσοι
1761 3109 1856 3162 καὶ
1883 3107 2074 3179 δαίμο-

491 3238 581 3284 νες
603 3219 833 3291 ὁρῶντες
855 3219 1029 3272 ἐκεῖνο
1071 3217 1132 3272 τδ
1163 3219 1387 3290 σημεῖον
1405 3214 1715 3285 φεύγουσιν.
1759 3212 2066 3277 Ἑδάσταζε

491 3325 572 3388 δέ,
606 3325 704 3394 οὐχ
734 3323 820 3377 ίνα
846 3321 1006 3385 αὐτὸς
1037 3321 1170 3377 αὐτὸ
1196 3319 1334 3391 φέρῃ
1361 3318 1541 3390 μόνος,
1563 3317 1679 3372 ἀλλ’
1703 3315 1791 3370 ἵνα
1820 3315 2072 3378 ἅπαντας

490 3427 761 3490 τοιούτους
795 3425 995 3496 ποιήσῃ
1036 3425 1132 3477 καὶ
1181 3422 1368 3494 διδάξῃ
1401 3421 1690 3493 βαστάζειν
1713 3436 1728 3450 ·
1768 3419 1851 3473 διὸ
1894 3418 2072 3486 ἔλεγε,

493 3530 644 3604 [515]
697 3529 959 3599 Munna!
983 3545 1104 3598 μου
1151 3529 1412 3598 γίνεσθε,
1457 3525 1656 3592 καθὼς
1681 3525 1848 3594 ἔχετε
1877 3525 2073 3578 τύπον

492 3633 650 3703 ἡμᾶς
668 3648 682 3662 °
723 3633 816 3686 καὶ
841 3630 1025 3698 πάλιν,
1051 3632 1111 3684 Ἃ
1135 3629 1325 3683 εἰδετε
1364 3628 1464 3683 καὶ
1490 3628 1791 3696 ἠκούσατε
1817 3627 1888 3680 ἐν
1912 3625 2065 3695 ἐμοὶ,

491 3737 681 3790 ταῦτα
707 3734 1014 3804 πράσσετε
1035 3751 1048 3765 ·
1103 3734 1199 3787 καὶ
1227 3732 1410 3796 πάλιν,
1452 3731 1617 3801 Ἡμῖν
1649 3731 1966 3800 ἐχαρίσθη,
1995 3731 2069 3784 οὐ

489 3839 682 3910 μόνον
711 3835 776 3890 τὸ
804 3838 891 3903 εις
917 3835 1106 3890 αὑτὸν
1125 3835 1456 3900 πιστεύειν,
1485 3832 1648 3887 ἀλλὰ
1684 3831 1786 3888 καὶ
1812 3829 1881 3885 τὸ
1916 3831 2071 3900 ὑπὲρ

491 3941 682 3997 αὐτοῦ
714 3939 996 4010 πάσχειν.
1043 3938 1126 3992 Τά
1177 3937 1276 4008 μὲν
1321 3937 1432 4008 γὰρ
1468 3935 1564 3988 τοῦ
1613 3936 1879 4007 παρόντος
1910 3934 2075 4003 ἀξιώ-

451 4097 458 4099 _
497 4062 644 4118 ματα
696 4044 812 4116 βίου
858 4043 980 4099 τότε
1043 4043 1268 4114 μείζονα
1317 4041 1606 4112 φαίνεται,
1663 4039 1794 4093 ὅταν
1848 4039 1928 4106 είς
1977 4038 2075 4094 ἕνα

493 4151 724 4222 περιστῇ
751 4151 909 4220 μόνον
926 4165 940 4178 ο
975 4148 1069 4201 ἐπὶ
1089 4148 1147 4205 δὲ
1177 4147 1286 4200 τῶν
1308 4125 1694 4215 πνευματικῶν
1713 4143 2023 4200 τούναντίον
2053 4157 2068 4172 ο

491 4254 614 4309 τότε
640 4253 875 4324 μάλιστα
896 4250 1104 4322 λάμπει
1130 4250 1191 4304 τὸ
1210 4251 1310 4320 τῆς
1332 4249 1518 4320 τιμῆς,
1547 4249 1678 4304 ὃταν
1709 4245 1937 4309 πολλοὺς
1968 4244 2072 4314 τῆς

492 4357 788 4431 προεδρίας
811 4355 909 4427 ἔχῃ
941 4354 1253 4419 κοινωνοὺς,
1271 4353 1367 4407 καὶ
1390 4353 1517 4406 ὅταν
1544 4352 1572 4404 6
1603 4349 1848 4420 μετέχων
1875 4348 1951 4420 μὴ
1991 4342 2074 4412 εἷς

490 4457 549 4536 ᾗ,
575 4459 712 4516 ἀλλά
735 4457 962 4521 πολλοὺς
992 4456 1090 4531 ἔχῃ
1113 4455 1238 4518 τοὺς
1261 4454 1369 4508 τῶν
1406 4452 1585 4508 αὐτῶν
1606 4450 1997 4514 ἀπολαύοντας.

569 4565 733 4638 Ὁρᾷς
782 4558 876 4618 οῦν
905 4563 1116 4625 πάντας
1152 4561 1570 4631 σημειοφόρους,
1607 4558 1702 4612 καὶ
1729 4557 1960 4611 ἕκαστον
2011 4556 2072 4609 τὸ

491 4669 663 4738 δνομα
701 4666 869 4722 αὑτοῦ
911 4663 1251 4736 βαστάζοντα
1305 4661 1538 4716 ἐνώπιον
1584 4661 1755 4716 ἐθνῶν
1787 4661 1882 4715 καὶ
1915 4659 2073 4730 βασι-

491 4772 651 4836 λέων,
680 4771 840 4826 αὐτὸν
885 4770 943 4827 δέ
992 4770 1088 4824 καὶ
1126 4766 1357 4821 ἐνώπιον
1407 4765 1657 4844 γεέννης,
1698 4765 1794 4820 καὶ
1839 4763 2072 4820 ἐνώπιον

495 4874 791 4937 κολάσεως.
826 4872 966 4928 Ἀλλ’
991 4873 1091 4927 οὐκ
1133 4866 1287 4925 εἶπεν
1320 4870 1495 4933 οὕτως
1514 4885 1528 4900 ·
1556 4868 1618 4922 ού
1656 4866 1767 4939 γάρ
1811 4866 2073 4937 ⁴ῑγδύναντο

494 4981 694 5037 ἐκεῖνοι
727 4977 1033 5048 βαστάζειν.
1066 4972 1226 5041 Εἶδες
1254 4976 1384 5044 ὅσης
1416 4973 1564 5030 ἐστὶν
1593 4972 1800 5046 ἀρετῆς
1837 4973 1871 5044 ή
1908 4971 2073 5043 φύσις

493 5087 529 5155 ἡ
561 5083 808 5157 ἡμετέρα
830 5082 1051 5153 δεκτική
1076 5098 1091 5147 ;
1125 5081 1201 5144 ὼς
1231 5081 1384 5134 οὐδὲν
1411 5075 1707 5149 ἀνθρώπου
1747 5075 2072 5147 τιμιώτερον

493 5191 588 5248 καὶ
609 5186 802 5260 θνητοῦ
835 5185 1112 5259 μένοντος;
1139 5185 1203 5239 Τί
1223 5186 1331 5256 γάρ
1365 5201 1454 5255 μοι
1479 5182 1672 5236 τούτου
1711 5181 1896 5254 μεῖζον
1927 5180 2073 5254 ἔχεις

493 5293 703 5358 εἰπείνς
737 5289 866 5344 τίδὲ
891 5287 1037 5352 ἴσον;
1069 5286 1250 5340 πόσων
1283 5285 1340 5340 δὲ
1373 5269 1624 5354 ἀγγέλων
1662 5283 1760 5337 καὶ.
1790 5279 2070 5352 ἀρχαγγέ-

495 5397 600 5450 λων
635 5395 736 5447 οὐκ
785 5393 932 5451 ἔστιν
981 5391 1136 5458 ἄξιος
1175 5391 1204 5444 6
1251 5387 1409 5444 τοῦτο
1449 5387 1621 5442 εἰπὼν
1657 5386 1720 5440 τὸ
1771 5387 1962 5457 ρἧας
2013 5385 2072 5439 '0

495 5501 603 5571 γὰρ
631 5500 688 5550 ἐν
717 5495 925 5570 σώματι
947 5495 1128 5566 θνητῷ
1176 5494 1270 5548 καὶ
1319 5494 1571 5565 ὲπικήρῳ
1607 5490 1786 5544 πάντα
1813 5489 1952 5559 ὑπὲρ
1979 5487 2070 5542 τοῦ

496 5600 729 5675 Χριστοῦ
751 5601 998 5672 προδοὺς,
1027 5593 1101 5654 ὧν
1124 5599 1309 5669 κύριος
1327 5593 1420 5669 ἦν,
1439 5594 1638 5666 μᾶλλον
1663 5591 1721 5647 δὲ
1747 5588 1822 5647 ὧν
1854 5592 1954 5645 οῦκ
1978 5587 2067 5661 ἦν·

499 5705 594 5759 καὶ
617 5703 727 5773 γάρ
740 5704 832 5756 καὶ
855 5705 925 5758 τὰ
949 5703 1238 5766 ἐνεστῶτα,
1262 5702 1357 5756 καὶ
1380 5701 1448 5755 τά
1471 5697 1736 5770 μέλλοντα
1767 5695 2067 5766 προέδωκε,

502 5805 594 5857 καὶ
625 5799 822 5868 ὕψωμα
847 5805 942 5858 καὶ
977 5802 1138 5865 βάθος
1169 5805 1263 5860 καὶ
1289 5804 1467 5858 κτίσιν
1488 5800 1682 5868 ἑτέραν
1702 5817 1715 5831 ·
1747 5791 1903 5863 οὗτος
1925 5798 1972 5850 εἰ
2002 5799 2061 5851 ἐν

1240 416 1298 472 S.
1337 407 1625 472 JDANNIS
1665 410 2157 470 CIIRYSOSTOMI
2196 410 2514 468 ARCHIEP.
2553 410 3096 468 CONSTANTINOP.

3637 407 3742 462 διο

2177 521 2452 592 ἀσωμάτῳ
2511 521 2668 590 φύσει
2697 515 2785 592 ἦν,
2827 519 2881 572 τί
2913 520 3012 573 οὐκ
3059 519 3124 572 ἂν
3167 513 3324 583 εἶπες
3373 517 3426 573 τί
3470 519 3529 572 δέ
3558 519 3657 572 οὐκ
3682 521 3749 575 ἂν

2174 626 2409 698 ἔπραξε;
2453 627 2560 680 Καὶ
2581 625 2690 698 γὰρ
2719 626 2961 690 καὶτοὺς
2987 625 3251 694 ἀγγέλους
3289 625 3378 680 διὰ
3410 626 3572 680 τοῦτο
3618 627 3747 680 θαυο

2177 730 2353 798 μάξω,
2387 731 2468 783 δτι
2519 728 2935 800 κατηξιώθησαν
2977 730 3233 801 τοιαύτης
3277 731 3467 802 τιμῆς,
3515 731 3616 803 οὐχ
3668 732 3752 784 ὅτι

2175 833 2450 905 ἀσώματοι
2470 834 2656 905 ἔτυχον
2681 835 2832 899 ὀντες
2847 853 2861 867 ο
2890 836 3014 889 ἐπεὶ
3033 837 3169 890 καὶὸ
3193 837 3436 900 διάϐολος
3460 835 3748 905 ἀσώματός

2173 939 2234 994 τέ
2262 942 2378 994 ἐστι
2410 941 2506 994 καὶ
2532 941 2784 1012 ἀόρατος,
2807 941 2924 996 ἀλλ’
2954 941 3105 1012 ὅμως
3127 941 3345 994 πάντων
3373 940 3524 994 ἐστὶν
3555 939 3760 994 ἀθλιώ-

2173 1061 2349 1116 τερος,
2388 1045 2578 1116 ἐπειδὴ
2603 1044 2682 1115 τῷ
2715 1046 2999 1116 ποιήσαντι
3027 1046 3402 1118 προσέκρουσε
3442 1044 3584 1115 Θεῷ.
3631 1044 3752 1096 Ἐν-

2174 1147 2364 1202 τεῦθεν
2397 1149 2492 1204 καὶ
2517 1149 2836 1222 ἀνθρώπους
2873 1151 3093 1216 ἀθλίους
3113 1146 3251 1206 εἷναί
3274 1168 3476 1227 φαμεν,
3496 1150 3596 1220 οὐχ
3622 1149 3752 1202 ὅταν

2177 1253 2358 1323 σάρκα
2386 1255 2801 1326 περικειμένους
2835 1255 3055 1328 ἴδωμεν,
3086 1256 3202 1312 ἀλλ’
3223 1257 3354 1310 ὅταν
3393 1256 3472 1330 μὴ
3503 1257 3586 1319 εἰς
3632 1255 3754 1308 δέον

2176 1359 2315 1431 αὐτῇ
2348 1360 2664 1431 χρωμένους
2683 1376 2698 1390 ⁸
2750 1361 2874 1414 ἐπεὶ
2905 1360 3002 1416 καὶ
3054 1361 3083 1415 6
3113 1361 3325 1425 Παῦλος
3381 1361 3560 1432 σάρκα
3591 1376 3752 1431 περι-

2179 1463 2374 1522 έκειτο.
2387 1466 2559 1520 Πόθεν
2580 1462 2673 1521 οῦν
2693 1463 2935 1533 τοῐοῦτος
2963 1463 3030 1539 ἦν
3050 1483 3066 1533 ;
3090 1468 3201 1522 Καὶ
3229 1467 3462 1530 οἴκοθεν,
3490 1466 3585 1520 καὶ
3604 1466 3757 1536 παρά

2177 1565 2334 1636 Θεοῦ,
2370 1570 2464 1622 καὶ
2513 1569 2603 1624 διά
2635 1569 2794 1624 τοῦτο
2824 1571 2976 1643 παρὰ
3005 1570 3162 1639 Θεοῦ,
3191 1570 3378 1641 ἐπειδὴ
3415 1569 3659 1624 οἴκοθεν·
3691 1569 3758 1622 οὐ

2177 1671 2286 1744 γάρ
2318 1673 2435 1730 ἐστι
2470 1675 2942 1746 προσωπολήπτης
2970 1675 2999 1728 6
3031 1675 3184 1740 Θεός.
3225 1675 3288 1728 Et
3329 1675 3389 1728 δὲ
3421 1674 3623 1743 λέγοις,
3660 1677 3760 1729 καὶ

2178 1776 2296 1840 πῶς
2321 1777 2545 1832 δυνατὸν
2577 1779 2816 1843 ἐκείνους
2851 1778 3214 1850 μιμήσασθαι,
3243 1779 3475 1834 ἄκουσον
3502 1779 3556 1832 τί
3589 1794 3756 1848 φησι·

2177 1883 2438 1951 Μιμηταί
2460 1900 2580 1952 μου
2595 1884 2858 1952 γίνεσθε,
2881 1884 3078 1950 καθὼς
3097 1883 3258 1952 κάγὼ
3278 1883 3558 1951 Χριστοῦ.
3591 1883 3761 1936 Ἐκεῖ-

2179 2002 2269 2050 νος
2313 1985 2409 2040 τοῦ
2453 1986 2690 2058 Χριστοῦ
2721 1989 2913 2057 γέγονε
2957 1987 3231 2061 μιμητὴς,
3272 1987 3335 2040 σὺ
3373 1987 3432 2040 δέ
3482 1985 3615 2039 οὐδὲ
3659 1985 3760 2039 τοῦ

2182 2093 2500 2160 συνδούλου;
2541 2095 2750 2158 ἐκεῖνος
2792 2095 3074 2168 Δεσπότην
3107 2093 3368 2166 ἐζήλωσε,
3421 2095 3484 2146 σὺ
3529 2091 3584 2144 δὲ
3634 2090 3760 2144 οὐδὲ

2175 2195 2268 2250 τδν
2292 2197 2607 2267 ὁμόδουλονῖ
2639 2200 2736 2252 καὶ
2762 2198 2924 2252 ποίαν
2947 2198 3090 2264 ἕξεις
3119 2193 3454 2268 ἀπολογίαν;
3485 2197 3596 2249 Καὶ
3638 2193 3761 2258 πῶς

2177 2302 2340 2359 αὑτὸν
2377 2305 2704 2374 ἐμιμήσατο,
2742 2304 2905 2374 φησί;
2941 2303 3110 2356 Τοῦτο
3136 2302 3195 2370 ἐξ
3228 2303 3402 2374 ἀρχῆς
3430 2301 3625 2358 σκόπει
3653 2301 3760 2353 καὶ

2178 2405 2274 2463 ἀπ’
2291 2404 2468 2463 αὐτῶν
2482 2408 2591 2462 τῶν
2611 2407 2934 2479 προοιμίων.
2968 2406 3187 2476 Ἐπειδὴ
3214 2405 3322 2477 γὰρ
3344 2404 3452 2458 ἀπὺ
3469 2403 3577 2457 τῶν
3595 2402 3766 2456 θείων

2177 2513 2433 2582 ναμάτων
2460 2510 2715 2568 τοσοῦτον
2745 2511 2856 2584 πῦρ
2885 2511 3024 2582 ἔχων
3060 2510 3312 2582 ἀνῆλθεν,
3355 2510 3433 2573 ὡς
3464 2508 3597 2580 μηδὲ
3623 2508 3768 2559 ἀνα-

2180 2619 2360 2685 μεῖναι
2397 2616 2714 2671 διδάσκαλον
2734 2632 2748 2644 ο
2775 2616 2836 2669 ού
2879 2615 2989 2688 γὰρ
3026 2615 3342 2686 περιέμεινε
3373 2614 3598 2684 Πέτρον,
3629 2611 3768 2666 οὐδὲ

2175 2714 2308 2790 ἦλθε
2339 2719 2474 2790 πρὸς
2515 2717 2792 2787 Ἰάκωϐον,
2827 2718 2948 2772 οὐδὲ
2978 2717 3116 2790 πρὸς
3147 2717 3305 2772 ἀλλον
3355 2717 3580 2780 οὐδένα,
3637 2715 3768 2770 ἀλλ’

2179 2823 2284 2877 ὑπὸ
2307 2823 2409 2895 τῆς
2451 2823 2762 2896 προθυμίας
2790 2822 3000 2896 ἀρθεὶς,
3039 2820 3182 2876 οῦτω
3208 2822 3308 2894 τὴν
3336 2822 3489 2876 πόλιν
3523 2821 3768 2892 ἀνῆψεν,

2178 2929 2255 2994 ὡς
2309 2929 2547 3000 πόλεμον
2595 2929 3053 3003 ἀναῤῥιπισθῆναι
3094 2930 3214 2982 κατ’
3255 2928 3422 2985 αὑτοῦ
3475 2929 3714 3000 χαλεπόν
3749 2945 3767 2959 ο

2179 3039 2302 3094 ἐπεὶ
2348 3040 2443 3093 καὶ
2489 3038 2738 3102 Ἰουδαῖος
2787 3039 2887 3104 ῶν,
2930 3038 3000 3093 τά
3042 3039 3184 3110 ὑπὲρ
3209 3040 3308 3110 τὴν
3338 3036 3495 3104 ἀξίαν
3540 3036 3718 3091 ἐποίει
3747 3077 3769 3102 ,

2177 3147 2474 3220 δεσμεύων,
2497 3148 2748 3217 ἀπάγων,
2771 3147 3040 3220 δημεύων.
3060 3147 3216 3201 Οῦτω
3246 3149 3341 3202 καὶ
3373 3147 3635 3216 Μωῦσῆς,
3659 3148 3775 3200 καὶ

2179 3252 2329 3326 [5η]
2361 3253 2576 3319 οὐδενὸς
2631 3257 3111 3326 χειροτονήσαντος
3143 3254 3305 3308 αὐτὸν
3325 3295 3341 3320 ,
3395 3255 3495 3327 τὴν
3532 3253 3766 3307 ἀδικίαν

2175 3362 2284 3416 τῶν
2313 3361 2606 3436 βαρϐάρων
2638 3362 2878 3416 ἐκώλυσε
2909 3363 3008 3435 την
3034 3365 3175 3424 κατά
3196 3363 3305 3419 τῶν
3334 3363 3640 3439 ὁμοφύλων.

2247 3490 2432 3546 Ταῦτα
2459 3491 2568 3565 γὰρ
2596 3491 2774 3564 ψυχῆς
2804 3494 3056 3561 γενναίας
3081 3494 3351 3560 ἀπόδειξις
3402 3496 3498 3551 καὶ
3528 3493 3774 3566 γνώμης

2176 3600 2482 3672 ἐλευθέρας,
2537 3602 2640 3656 οὐκ
2690 3603 3036 3676 ἀνεχομένης
3071 3606 3198 3676 σιγῇ
3247 3605 3437 3676 φέρειν
3459 3606 3529 3660 τά
3551 3605 3774 3676 ἐτέρων

2176 3708 2342 3773 κακά,
2376 3706 2478 3761 κᾶν
2515 3708 2702 3779 μηδεὶς
2730 3711 2760 3762 6
2798 3707 3199 3785 χειροτονῶνῇ.
3235 3712 3357 3765 Ὅτι
3392 3711 3502 3783 γὰρ
3531 3712 3774 3778 δικαίως

2175 3817 2488 3889 ἐπεπήδησε
2510 3820 2572 3893 τῇ
2594 3818 2922 3890 προστασίᾳ,
2941 3817 3141 3884 ἔδειξεν
3161 3820 3192 3873 6
3215 3820 3346 3885 Θεὸς
3371 3822 3771 3894 χειροτονήσας

2177 3929 2338 3987 αὑτὸν
2367 3929 2622 4002 ὕστερον·
2646 3929 2675 3983 6
2698 3931 2897 3984 καὶέπὶ
2913 3930 3127 3985 Παύλου
3152 3932 3472 4002 πεποίηκεν.
3502 3933 3624 4006 Ὀτι
3644 3931 3768 4008 γὰρ

2176 4041 2272 4094 καὶ
2297 4034 2448 4104 οὗτος
2473 4040 2651 4104 καλῶς
2669 4040 2893 4111 ἐποίησε
2912 4040 3005 4094 τοῦ
3025 4041 3185 4112 λόγου
3209 4041 3486 4113 ἁψάμενος
3512 4042 3632 4096 τότε
3659 4045 3769 4098 καὶ

2174 4149 2274 4220 τῆς
2296 4149 2664 4214 διδασκαλίας,
2696 4149 2968 4204 καὶτοῦτο
2989 4149 3263 4222 ἐδήλωσεν
3288 4155 3317 4206 6
3335 4143 3506 4216 Ὁεὸς,
3541 4154 3762 4230 ταχέως

2176 4263 2337 4316 αὐτὸν
2366 4263 2459 4316 ἐπὶ
2481 4262 2539 4316 τὸ
2553 4261 2660 4315 τῶν
2678 4263 3012 4317 διδασκάλων
3044 4263 3262 4334 ἀξίωμα
3287 4262 3530 4334 ἀγαγών.
3565 4264 3628 4318 Εἰ
3653 4265 3764 4336 μὲν

2176 4373 2286 4442 γὰρ
2311 4370 2478 4442 τιμῆς
2504 4370 2688 4424 ἐνεκεν
2713 4369 2809 4424 καὶ
2835 4370 3130 4446 προεδρίας
3161 4371 3445 4444 ἐπεπήδων
3469 4374 3583 4442 τοῖς
3606 4373 3764 4445 περά-

2175 4498 2371 4553 γμασι,
2395 4480 2490 4533 καὶ
2519 4479 2621 4550 τῆς
2650 4479 2829 4532 αὐτῶν
2856 4477 3172 4552 θεραπείας,
3199 4479 3423 4544 εἰκότως
3449 4479 3516 4533 ἂν
3539 4480 3767 4553 ἐνεκλὴρ

2177 4593 2368 4665 θησαν.
2412 4590 2631 4663 Ἐπειδὴ
2656 4590 2712 4644 δὲ
2736 4589 3020 4652 κινδύνους
3057 4591 3310 4662 ὴγάπων,
3362 4591 3457 4644 καί
3489 4591 3764 4663 θανάτους

2177 4701 2514 4768 ἐπεσπῶντο,
2546 4701 2631 4753 ἵνα
2663 4700 2792 4764 τοὺς
2811 4699 3005 4763 ἄλλους
3029 4699 3367 4755 διασώσωσιν
3387 4700 3654 4765 ἃπαντας.
3671 4703 3762 4768 τίς

2177 4808 2348 4874 οὕτως
2373 4807 2578 4872 ἄθλιος,
2613 4807 2757 4862 ὥστε
2792 4807 3088 4877 ἐγκαλέσαι
3135 4807 3417 4882 προθυμίᾳ
3464 4809 3710 4884 τοσαύτῃ
3745 4829 3759 4878 ;

2179 4918 2302 4972 Ὅτι
2350 4915 2460 4987 γάρ
2503 4915 2604 4984 τῆς
2634 4914 2743 4968 τῶν
2772 4913 3160 4985 ἀπολλυμένων
3192 4916 3471 4992 σωτηρίας
3516 4917 3758 4987 ἐρῶντες

2174 5024 2346 5080 ταῦτα
2372 5023 2661 5096 ἔπραττον,
2683 5022 2918 5093 ἐδήλωσε
2943 5021 3039 5076 καὶ
3073 5024 3108 5094 ἡ
3139 5023 3232 5082 τοῦ
3252 5022 3387 5082 Θεοῦ
3412 5024 3609 5097 ψῆφος,
3637 5025 3761 5100 ἐδή-

2175 5138 2316 5191 λωσε
2347 5137 2440 5191 καὶ
2465 5135 2622 5208 ἡτῶν
2647 5135 2834 5200 κακῶς
2867 5133 3210 5206 ἐρασθέντων
3238 5135 3332 5188 τὸν
3354 5134 3534 5205 ἔρωτα
3562 5137 3757 5192 τοῦτον

2175 5245 2440 5300 ἀπώλεια.
2483 5244 2828 5324 Ἐπεπήδησε
2853 5243 2964 5314 γάρ
2992 5260 3124 5297 ποτε
3147 5243 3243 5298 καὶ
3271 5244 3456 5316 ἕτερος
3484 5246 3626 5318 ἀρχῇ
3661 5249 3759 5302 καὶ

2176 5352 2503 5423 προστασίᾳ,
2555 5349 2694 5404 ἀλλά
2734 5349 2936 5412 πάντες
2983 5347 3276 5410 ἀπέθανον,
3305 5351 3354 5401 οἰ
3388 5349 3487 5420 μὲν
3531 5353 3756 5421 ἐμπρη-

2177 5462 2414 5524 σθέντες,
2449 5460 2500 5513 οἱ
2545 5458 2604 5511 δὲ
2631 5459 2736 5529 γῆς
2775 5457 3055 5511 διαστάσει
3081 5456 3508 5520 καταποθέντες.
3539 5459 3614 5511 Οὐ
3643 5460 3754 5530 γὰρ

2175 5572 2263 5625 διὰ
2311 5566 2646 5639 προστασίαν
2678 5565 2836 5619 τοῦτο
2867 5565 3108 5628 ἐποίουν,
3136 5565 3271 5620 ἀλλὰ
3318 5565 3410 5620 διά
3457 5566 3752 5636 προεδρίας

2177 5680 2374 5752 ἔρωτα.
2413 5673 2752 5746 Ἐπεπήδησε
2778 5672 2873 5727 καὶ
2915 5673 3116 5739 Ὀζίας,
3138 5673 3276 5728 ἀλλά
3306 5674 3400 5728 καὶ
3436 5666 3592 5738 οὗτος
3617 5676 3757 5730 ἀκάο

2181 5792 2376 5863 θαρτος
2402 5787 2625 5858 γέγονεν
2647 5803 2662 5817 ο
2691 5783 3001 5856 ἐπεπήδησε
3049 5787 3142 5839 καὶ
3185 5786 3387 5859 Σίμων,
3433 5785 3574 5840 ἀλλά
3625 5802 3757 5839 κατ-
