4032 6436
282 454 395 511 υῦθ

359 563 540 636 Angefi
582 562 818 618 custodes
863 561 1042 616 nostri.
1071 591 1143 602 --
1168 560 1226 616 Si
1255 559 1398 616 enim
1437 559 1708 631 propriam
1755 569 1881 614 tan-

282 655 568 711 tummodo
606 653 768 709 vitam
817 653 1144 724 regentibus,
1187 652 1428 722 nihilque
1477 667 1576 722 pro
1617 650 1886 706 communi

290 749 521 803 utilitate
564 745 904 807 facientibus,
947 745 1118 815 angeli
1160 744 1228 798 ab
1254 744 1493 798 omnium
1535 744 1762 798 Domino
1789 743 1886 797 de-

290 838 459 908 putati
487 849 632 901 sunt,
668 837 804 890 sicut
829 837 901 889 ait
939 851 1072 888 ultus
1093 851 1158 888 ex
1180 835 1360 904 justis,
1391 833 1611 905 Angelus
1643 835 1729 904 qui
1756 833 1896 886 eruit-

286 947 368 983 me
395 947 427 982 a
448 931 715 998 juventute
755 944 866 981 mea
889 925 1043 1000 (Gen.
1067 925 1156 981 48.
1192 925 1284 995 16)
1315 943 1328 978 :
1358 927 1530 980 multo
1567 927 1736 995 magis
1775 923 1879 989 his,

283 1021 486 1093 quibus
535 1022 699 1076 totius
744 1019 892 1075 orbis
933 1034 1061 1074 cura
1105 1019 1390 1074 commissa
1434 1026 1535 1084 est,
1594 1019 1885 1087 taliumque

289 1115 551 1169 donorum
581 1128 742 1169 onera
771 1114 1105 1183 portantibus
1130 1113 1354 1168 virtutes
1381 1111 1575 1166 adsunt
1614 1126 1881 1181 supernae.

290 1207 354 1261 Et
373 1207 447 1260 illi
476 1205 691 1275 quidem
713 1205 799 1275 qui
829 1205 879 1259 in
909 1207 1144 1258 exercitu
1167 1202 1270 1256 hoc
1298 1203 1503 1257 honore
1526 1201 1708 1257 donati
1737 1211 1880 1268 sunt,

289 1304 548 1351 ornantur
574 1303 725 1350 veste
767 1295 1022 1365 pretiosa,
1062 1294 1240 1348 aureis
1272 1293 1550 1362 torquibus
1589 1292 1727 1346 colla
1756 1292 1885 1346 sub-

289 1388 419 1450 nixi,
449 1387 683 1442 nitentes
729 1385 984 1455 undique,
1028 1393 1082 1438 et
1109 1382 1344 1453 undique
1380 1381 1738 1453 refulgentes;
1782 1383 1884 1437 iste

288 1495 415 1536 vero
437 1491 629 1537 catena
655 1494 753 1549 pro
782 1487 971 1549 torque
997 1475 1359 1532 circumdatus
1386 1515 1402 1541 ,
1434 1484 1610 1545 gestat
1642 1489 1880 1542 crucem,

287 1581 344 1628 et
369 1571 846 1642 persequutionem
875 1568 1107 1638 undique
1145 1567 1436 1631 sustinens,
1465 1565 1658 1620 famem
1689 1565 1883 1635 ubique

288 1665 619 1735 perpetiens.
648 1661 753 1719 Sed
785 1661 915 1716 nihil
953 1669 1056 1725 est,
1086 1659 1455 1722 dilectissime,
1487 1657 1632 1727 quod
1662 1673 1730 1712 ex
1778 1657 1881 1711 hu-

287 1756 586 1830 juscemodi
629 1754 966 1811 sermonibus
998 1751 1334 1822 ingemiscas.
1364 1750 1635 1820 Siquidem
1665 1749 1766 1804 iste
1788 1764 1882 1804 or-

290 1857 442 1904 natus
470 1849 645 1903 multo
674 1855 756 1901 est
785 1846 878 1900 illo
905 1845 1098 1899 melior
1122 1853 1177 1898 et
1211 1843 1429 1908 clarior,
1471 1850 1631 1912 atque
1655 1841 1881 1896 amicior

291 1942 416 2009 Deo,
447 1949 672 2011 propter
702 1937 844 2010 quod
875 1947 928 1993 et
951 1947 1171 2008 portans
1196 1935 1415 1990 minime
1444 1934 1740 1989 laborabat.
1772 1934 1883 1989 Hoc

289 2042 370 2088 est
393 2045 628 2101 namque
655 2029 920 2094 mirabile,
957 2028 1082 2098 quia
1125 2041 1248 2082 cum
1278 2025 1526 2091 vinculis,
1559 2024 1875 2079 verberibus

291 2137 447 2195 atque
488 2123 809 2178 vulneribus
850 2123 1008 2193 longe
1051 2119 1383 2191 splendidior
1423 2131 1541 2174 erat
1577 2119 1880 2175 diademate

291 2232 629 2287 purpuraque
665 2215 1008 2286 fulgentibus.
1050 2213 1203 2281 Quod
1242 2214 1385 2268 enim
1425 2222 1572 2268 esset
1611 2229 1740 2268 vere
1767 2214 1880 2268 ela-

290 2310 412 2374 rior,
447 2317 502 2363 et
535 2308 661 2378 quia
699 2323 807 2361 non
850 2306 919 2360 ad
944 2320 1136 2360 sonum
1164 2304 1534 2359 tantummodo
1561 2304 1660 2358 ista
1691 2303 1880 2359 dican-

290 2409 392 2465 tur,
423 2400 597 2470 ipsius
623 2398 943 2452 vestimenta
973 2397 1290 2452 docuerunt.
1319 2395 1455 2454 Nam
1499 2396 1542 2449 si
1589 2395 1734 2450 mille
1760 2395 1880 2450 dia-

290 2491 500 2547 dentata
529 2489 857 2559 totidemque
883 2503 1144 2560 purpuras
1183 2488 1392 2542 ardenti
1422 2486 1662 2543 febribus
1691 2503 1882 2557 super-

289 2599 472 2656 ponas,
523 2599 594 2639 ne
635 2583 903 2638 modicum
947 2581 1164 2653 quidem
1199 2580 1431 2636 flammze
1477 2579 1596 2650 ejus
1632 2581 1885 2635 valebunt

291 2679 654 2748 exstinguere.
685 2679 755 2730 At
783 2689 912 2731 vero
939 2674 1097 2744 hujus
1132 2673 1482 2739 semicinctia,
1511 2673 1882 2742 aegrotantium

293 2769 498 2824 admota
562 2766 908 2836 corporibus,
979 2764 1197 2820 morbos
1248 2777 1437 2820 omnes
1499 2763 1769 2834 fugabant.
1823 2764 1883 2819 Si

289 2863 424 2916 enim
458 2861 701 2915 latrones
723 2858 965 2914 videntes
991 2858 1199 2928 signum
1231 2856 1361 2911 illud
1391 2857 1642 2924 militare,
1671 2875 1776 2912 non
1807 2859 1883 2912 ir-

290 2963 467 3020 ruunt,
502 2952 603 3007 sed
628 2951 801 3006 aversi
833 2959 1054 3019 repente
1074 2949 1358 3018 diffugiunt
1385 2967 1399 3004 :
1433 2949 1602 3004 multo
1633 2950 1800 3020 magis
1829 2959 1883 3004 et

289 3046 639 3116 aegritudines
696 3053 751 3098 et
804 3043 1078 3096 dmmon‘es
1132 3040 1335 3095 Christi
1387 3041 1541 3111 signo
1590 3051 1882 3110 apparente

295 3136 581 3208 fugiebant.
615 3135 704 3190 Sic
727 3143 902 3188 autem
930 3133 1126 3188 Paulus
1154 3131 1360 3187 ferebat
1382 3131 1484 3186 hoc
1512 3133 1748 3202 signum,
1773 3149 1880 3188 non

290 3239 350 3285 ut
391 3231 546 3286 solus
588 3227 723 3282 illud
755 3234 1010 3296 portaret,
1057 3225 1151 3281 sed
1183 3234 1244 3280 ut
1286 3240 1475 3280 omnes
1505 3241 1717 3295 quoque
1749 3227 1880 3281 tales

286 3335 406 3379 .csse
431 3322 656 3375 doceret
687 3334 750 3374 ac
784 3319 1020 3373 faceret:
1047 3326 1266 3387 prepter
1302 3316 1444 3386 quod
1482 3317 1678 3371 clamat
1723 3328 1883 3387 atque

295 3413 416 3468 dicit
443 3431 456 3466 :
487 3411 782 3466 Imitatores
809 3413 906 3464 mei
929 3419 1104 3476 estote,
1136 3410 1264 3464 sicut
1299 3408 1488 3462 habetis
1512 3413 1731 3480 formam
1766 3427 1879 3465 nos.

293 3507 360 3560 Et
385 3520 596 3572 rursus,
632 3503 758 3570 Qua:
781 3504 978 3558 vidistis
1009 3509 1056 3556 et
1083 3501 1314 3556 audiistis
1348 3502 1401 3554 in
1446 3517 1541 3564 me,
1567 3501 1674 3554 hare
1700 3503 1834 3572 agite
1862 3519 1881 3556 :

297 3607 346 3654 et
371 3614 583 3662 rursus,
627 3597 774 3652 Vobis
804 3597 1046 3670 donatum
1092 3605 1188 3662 est,
1234 3612 1337 3649 non
1364 3596 1526 3649 solum
1571 3605 1625 3648 ut
1678 3597 1732 3649 in
1769 3613 1882 3651 eum

292 3693 530 3750 credatis.
559 3691 648 3745 sed
691 3699 743 3743 ut
783 3692 934 3743 etiam
974 3705 1066 3759 pro
1108 3687 1203 3742 illo
1239 3688 1504 3758 patiamini
1536 3687 1792 3760 (Philipp.
1827 3689 1882 3742 '5.

297 3781 380 3836 l7.
407 3792 452 3837 et
481 3783 543 3838 4.
577 3781 632 3836 9.
665 3791 711 3835 et
744 3782 791 3835 Ι.
819 3779 935 3849 29).
966 3779 1175 3833 Etenim
1213 3779 1489 3848 praesentis
1510 3777 1632 3832 vita:
1659 3778 1887 3848 dignita-

296 3885 374 3929 tes
399 3891 530 3930 tuuc
558 3874 812 3929 clariores
855 3871 1024 3926 videri
1057 3871 1252 3935 solent,
1285 3871 1500 3940 quando
1533 3871 1583 3924 in
1629 3887 1736 3925 uno
1765 3882 1884 3926 tan-

295 3975 402 4020 tum
425 3966 647 4020 homine
670 3963 1006 4020 constiterint
1035 3980 1049 4017 :
1073 3963 1125 4016 in
1155 3962 1520 4032 spiritualihus
1541 3978 1669 4017 vero
1695 3979 1726 4016 e
1753 3978 1886 4017 con-

302 4059 457 4112 trario
483 4068 616 4111 tunc
661 4056 828 4126 magis
869 4053 1154 4124 splendent
1183 4055 1432 4117 honores,
1465 4067 1585 4107 cum
1625 4053 1724 4106 sibi
1763 4055 1885 4124 plu-

295 4147 415 4202 rimi
444 4163 635 4203 eorum
675 4146 1056 4200 cotttmunione
1107 4145 1400 4207 sociantur,
1447 4158 1568 4197 cum
1595 4137 1716 4198 'non
1748 4159 1888 4201 unus

302 4248 380 4293 est
403 4242 672 4310 particeps
697 4237 988 4308 dignitatis,
1022 4235 1116 4290 sed
1143 4235 1339 4290 multos
1381 4233 1541 4288 habet
1563 4235 1651 4304 qui
1683 4236 1886 4290 eisdem

298 4330 593 4386 honoribus
625 4330 983 4398 perfruantur.

372 4422 560 4477 Omnes
579 4419 855 4476 Christiani
872 4417 1122 4489 signiferi.
1145 4447 1216 4457 -
1237 4415 1398 4472 Vides
1418 4415 1577 4487 igitur
1597 4415 1680 4470 hic
1703 4429 1888 4470 omnes

302 4528 420 4569 esse
448 4511 753 4584 signiferos,
787 4518 842 4564 et
866 4509 1064 4564 Christi
1096 4522 1292 4562 nomen
1331 4520 1766 4576 unumquemque
1792 4522 1890 4574 ge-

301 4613 443 4660 stare
471 4607 524 4660 in
553 4610 844 4674 conspectu
865 4601 1104 4671 gentium
1139 4608 1298 4669 atque
1323 4614 1533 4670 regum,
1561 4599 1731 4668 ipsum
1761 4612 1890 4653 vero

303 4695 522 4752 Paulum
552 4695 712 4750 etiam
740 4708 861 4748 cum
903 4692 1003 4747 sibi
1035 4691 1318 4746 anathema
1352 4699 1521 4761 optat,
1554 4702 1712 4760 atque
1757 4706 1889 4759 sup-

308 4790 542 4858 plicium.
572 4788 676 4845 Sed
701 4803 808 4843 non
841 4789 940 4840 hoc
969 4785 1221 4855 praecepit
1247 4793 1300 4838 et
1324 4784 1556 4850 czeteris,
1584 4783 1722 4853 quod
1746 4792 1892 4838 certe

309 4880 381 4934 illi
408 4891 621 4952 portare
648 4894 753 4933 non
779 4885 1044 4951 poterant.
1073 4875 1293 4932 Vidistis
1315 4891 1506 4944 nempe
1535 4884 1745 4945 quantm
1775 4889 1880 4928 no-

308 4981 412 5027 stra
432 4974 509 5027 sit
540 4982 731 5027 natura
761 4984 926 5039 capax
960 4968 1190 5032 virtutis,
1225 4981 1383 5036 quam
1413 4966 1548 5020 nihil
1579 4967 1647 5020 sit
1675 4966 1888 5020 homine

312 5065 610 5131 pretiosius,
653 5069 707 5116 et
735 5061 906 5114 adhuc
937 5060 1118 5128 utique
1147 5057 1376 5112 mortali.
1403 5056 1539 5124 Quid
1571 5057 1713 5111 enim
1759 5055 1889 5110 mihi

312 5153 410 5210 hoc
449 5156 640 5224 majus,
681 5155 791 5209 imo
819 5152 943 5224 quid
977 5151 1173 5222 poteris
1219 5151 1408 5205 saltem
1452 5151 1658 5220 aequale
1686 5165 1890 5203 memo-

316 5248 466 5301 rare?
509 5247 842 5314 Quantorum
893 5259 998 5298 non
1042 5244 1163 5307 iste,
1204 5255 1406 5310 quaeso,
1459 5240 1662 5295 honore
1701 5241 1892 5310 dignus

314 5345 392 5390 est
437 5338 766 5407 angelorum,
817 5336 907 5406 qui
954 5335 1057 5389 hoc
1100 5335 1320 5389 verbum
1353 5335 1521 5401 potuit
1564 5332 1749 5387 effari?
1789 5334 1888 5400 Qui

316 5429 452 5482 enim
487 5430 542 5484 in
565 5428 846 5499 temporali
879 5428 981 5481 hoc
1007 5437 1168 5497 atque
1195 5425 1407 5478 mortali
1434 5439 1659 5492 corpore
1688 5425 1888 5478 consti-

317 5525 455 5574 tutus
491 5530 700 5586 cuncta,
733 5521 893 5574 etiam
933 5531 1161 5586 quorum
1205 5531 1310 5568 non
1340 5523 1457 5568 erat
1495 5515 1764 5579 dominus,
1796 5529 1892 5584 pro

316 5609 520 5665 Christo
546 5628 648 5666 non
670 5611 876 5665 dubitat
902 5607 1120 5670 offerre,
1148 5607 1235 5662 hic
1262 5607 1304 5660 si
1341 5605 1668 5674 incorporea:
1707 5603 1894 5659 fuisset

317 5712 530 5768 naturze,
561 5705 686 5774 quid
722 5703 936 5759 tandem
977 5701 1176 5763 dicere,
1209 5698 1331 5770 quid
1366 5707 1542 5751 autem
1585 5698 1757 5752 facere
1783 5697 1894 5750 dis-

318 5796 560 5853 tulisset?
613 5798 743 5853 Nam
787 5806 842 5852 et
882 5795 1100 5865 angelos
1140 5802 1422 5863 propterea
1463 5791 1738 5857 miramur,
1788 5803 1891 5843 non

321 5903 436 5959 quia
473 5891 766 5964 incorporei
805 5897 930 5944 sunt
963 5887 1128 5944 creati
1164 5904 1177 5940 :
1211 5885 1472 5957 siquidem
1497 5901 1618 5943 cum
1645 5882 1888 5940 diabolus

1111 448 1205 506 DE
1242 447 1587 506 LAUDIBUS
1619 447 1674 504 S.
1705 447 1907 506 PAULI
1970 446 2326 506 APOSTOLI.
2367 448 2597 506 HOMIL.
2640 450 2752 508 VII.

3474 458 3581 514 510

1991 561 2061 614 sit
2088 560 2432 632 incorporeus
2461 573 2518 620 et
2539 565 2839 636 invisibilis,
2864 577 2945 624 est
2968 575 3142 625 tamen
3174 571 3422 627 omnibus
3450 575 3583 630 infe-

1991 653 2146 708 licior
2173 671 2187 709 :
2219 656 2341 725 quia
2363 655 2578 713 factoris
2605 657 2698 714 Dei
2726 662 2920 715 meruit
2947 662 3225 718 offensam.
3256 664 3388 719 Hinc
3417 667 3580 721 etiam

1993 743 2236 801 homines
2277 747 2516 804 infelices
2561 765 2837 817 vocamus,
2883 770 2990 808 non
3039 757 3164 826 quia
3208 757 3449 811 videmus
3487 774 3583 815 eos

1990 851 2152 891 carne
2207 839 2590 909 circumdatos,
2645 843 2741 898 sed
2786 859 2907 900 eum
2965 863 3071 901 non
3118 863 3200 912 ea,
3251 860 3305 903 ut
3349 861 3579 921 oportet,

1990 932 2500 1003 utuntur:alioquin
2528 943 2582 988 et
2621 950 2784 991 carne
2812 937 3134 994 induebatur
3177 941 3393 998 Paulus.
3430 943 3582 1000 Unde

1991 1020 2151 1089 igitur
2180 1023 2299 1076 talis
2326 1026 2566 1092 emersit,
2601 1037 2656 1081 et
2687 1029 2905 1084 tantus?
2948 1030 3015 1085 Et
3043 1046 3112 1086 ex
3145 1035 3362 1103 proprio
3390 1036 3580 1090 videli-

1989 1123 2097 1181 cet,
2126 1123 2182 1170 et
2209 1130 2274 1170 ex
2305 1119 2413 1172 Deo
2441 1135 2457 1173 :
2489 1127 2544 1172 et
2568 1119 2768 1176 idcirco
2803 1139 2868 1176 ex
2919 1123 3052 1189 Deo,
3085 1126 3208 1194 quia
3248 1127 3316 1181 de
3342 1130 3581 1197 proprio.

1987 1203 2104 1258 Non
2133 1207 2275 1261 enim
2316 1216 2399 1263 est
2439 1223 2788 1278 personarum
2834 1224 3086 1284 acceptor
3121 1216 3262 1271 Deus
3295 1217 3430 1288 (Act.
3468 1219 3580 1290 10).

1989 1295 2044 1350 Si
2088 1307 2267 1352 autem
2306 1298 2529 1367 dixeris,
2574 1300 2639 1355 Et
2685 1304 3132 1371 quemadmodum
3185 1307 3330 1362 illum
3385 1309 3584 1365 imitari

1989 1389 2243 1457 possibile
2283 1390 2407 1445 est?
2458 1391 2606 1446 disce
2654 1393 2781 1462 quid
2833 1394 3031 1449 dixerit
3079 1414 3094 1450 :
3145 1395 3435 1452 Imitatores
3487 1402 3584 1453 mei

1989 1489 2160 1544 estote,
2201 1481 2331 1534 sicut
2376 1489 2426 1536 et
2462 1499 2554 1554 ego
2583 1482 2776 1538 Christi
2806 1486 2879 1556 (1.
2913 1485 3030 1540 Cor.
3061 1488 3148 1541 Η.
3183 1488 3261 1559 1).
3293 1489 3385 1545 ille
3416 1491 3584 1560 ipsius

1986 1569 2184 1626 Christi
2229 1572 2453 1628 effectus
2495 1584 2577 1630 est
2624 1576 2878 1642 imitator,
2930 1583 2987 1632 tu
3033 1593 3166 1633 vero
3211 1594 3311 1635 nec
3352 1583 3582 1652 apostoli

1987 1666 2231 1720 conservi
2258 1681 2274 1720 :
2306 1667 2394 1722 ille
2427 1667 2635 1722 Domini
2660 1670 2942 1724 aemulator
2985 1671 3100 1736 fuit,
3120 1680 3172 1724 tu
3198 1685 3378 1727 autem
3410 1690 3585 1744 neque

1987 1757 2276 1811 conservi:
2307 1765 2360 1811 et
2398 1772 2557 1828 quam
2591 1758 2803 1814 tandem
2843 1759 3044 1829 poteris
3091 1744 3429 1832 negligentia:
3477 1772 3584 1820 tute

1987 1849 2234 1903 umbram
2276 1849 2606 1905 obtendere?
2643 1850 3106 1918 Quemadmodum
3143 1869 3272 1909 vero
3299 1869 3421 1908 eum
3465 1856 3585 1911 imi-

1989 1948 2128 1995 tatus
2171 1941 2260 2005 sit,
2311 1941 2565 1996 ostendit.
2612 1940 2775 2013 ldque
2822 1943 2890 1997 ab
2927 1943 3081 1998 initio
3110 1945 3391 2000 considera
3422 1957 3476 2002 et
3514 1947 3583 2001 ab

1989 2033 2120 2103 ipsis
2173 2033 2468 2103 principiis.
2519 2034 2744 2103 Quando
2805 2036 2948 2090 enim
2992 2052 3056 2091 ex
3108 2036 3213 2092 illis
3258 2039 3584 2097 salutaribus

1988 2126 2208 2179 emersit
2236 2125 2470 2192 fluentis,
2506 2135 2653 2180 tanto
2684 2127 2805 2197 igne
2831 2127 3022 2196 plenus
3048 2128 3242 2196 exivit,
3275 2141 3334 2184 ut
3361 2147 3460 2186 nec
3487 2147 3582 2187 ne-

1987 2218 2279 2270 cessarium
2307 2218 2407 2272 sibi
2446 2225 2660 2286 putaret
2694 2219 3031 2288 magistrum.
3059 2218 3178 2274 Non
3215 2223 3356 2275 enim
3388 2237 3580 2292 exspe-

1986 2311 2150 2365 ctavit
2171 2311 2408 2377 Petrum,
2433 2326 2533 2366 nec
2557 2311 2702 2368 venit
2727 2311 2795 2366 ad
2817 2311 3098 2378 Jacobum,
3122 2329 3297 2384 neque
3320 2314 3387 2368 ad
3413 2315 3579 2372 alium

1986 2401 2206 2456 omnino
2243 2416 2566 2474 quemquam
2601 2418 2616 2456 :
2655 2401 2750 2458 sed
2797 2403 3013 2472 propria
3052 2404 3327 2459 alacritate
3372 2416 3576 2476 raptus,

1989 2493 2057 2547 ita
2089 2502 2251 2548 totam
2275 2493 2416 2548 illam
2444 2493 2497 2548 in
2519 2509 2624 2564 qua
2652 2493 2828 2549 fuerat
2855 2493 3175 2563 baptizatus,
3203 2494 3583 2564 praedicatione

1987 2600 2081 2639 sua
2113 2584 2457 2639 inflammavit
2485 2585 2693 2650 urbem,
2728 2593 2785 2638 ut
2811 2585 3162 2639 saevissimum
3192 2595 3379 2639 contra
3408 2601 3467 2641 se
3488 2586 3584 2643 Ju-

1987 2677 2224 2732 daeorum
2246 2678 2483 2747 praelium
2511 2677 2824 2732 concitaret.
2847 2676 2920 2748 (a)
2943 2672 3421 2749 [Violentissimum
3438 2679 3582 2734 enim

1987 2779 2427 2840 persequutorem
2476 2769 2723 2824 Christus
2772 2769 2829 2824 in
2880 2767 3315 2826 ardentissimum
3365 2779 3586 2840 repente

1990 2861 2392 2932 praedicatorem
2449 2859 2868 2934 itnmutaverat.]
2922 2860 3196 2932 Siquidem
3249 2863 3408 2917 etiam
3461 2877 3584 2917 cum

1987 2934 2206 3008 Judaeus
2226 2961 2389 3019 esset,
2421 2965 2583 3021 supra
2615 2950 2928 3022 dignitatem
2959 2967 3110 3006 suam
3139 2951 3303 3006 multa
3337 2952 3582 3018 faciebat,

1988 3043 2233 3113 alligans,
2264 3043 2559 3110 abducens,
2593 3042 2815 3098 trahens
2837 3041 2889 3096 in
2921 3042 3194 3112 publicum
3227 3043 3580 3100 Christianos.

1987 3133 2078 3191 Sic
2102 3137 2264 3192 etiam
2305 3135 2480 3192 Moses
2519 3151 2641 3192 cum
2686 3151 2717 3190 a
2761 3135 2911 3192 nullo
2939 3137 2992 3190 in
3016 3121 3370 3207 principatum
3403 3139 3583 3208 populi

1987 3226 2266 3280 ordinatus
2297 3225 2504 3294 fuisset,
2547 3227 2877 3282 contribules
2905 3241 3032 3283 suos
3062 3234 3243 3284 tamen
3269 3243 3300 3283 a
3333 3227 3587 3286 barbaro-

1988 3332 2104 3371 rum
2140 3317 2418 3387 iniquitate
2447 3317 2702 3373 defendit.
2915 3335 2920 3340 ε
3556 3305 3561 3309 ’

2062 3407 2402 3462 Fortitudinis
2430 3424 2546 3462 vera
2567 3409 2712 3480 signa
2737 3409 2791 3462 in
2818 3407 3008 3463 Paulo.
3039 3438 3108 3448 --
3132 3408 3258 3463 Hzec
3279 3411 3423 3465 enim
3459 3419 3588 3466 sunt

1990 3499 2146 3554 fortis
2187 3499 2464 3568 cujusdam
2505 3514 2569 3553 ac
2609 3499 2778 3553 virilis
2808 3500 2971 3553 animi
3011 3508 3158 3554 certa
3200 3499 3523 3556 documenta
3569 3519 3583 3557 :

1992 3590 2094 3644 hoc
2115 3591 2324 3661 signum
2351 3591 2584 3660 propriae
2607 3590 2896 3662 liberaeque
2922 3591 3221 3655 sententia},
3250 3593 3587 3662 nequaquam

1992 3683 2046 3736 in
2091 3683 2318 3737 aliorum
2348 3682 2728 3738 alilictionibus
2777 3691 2962 3738 tenere
2993 3683 3326 3752 patientiam,
3363 3683 3458 3738 sed
3489 3685 3586 3739 be-

1992 3775 2152 3844 nigne
2191 3785 2350 3844 atque
2382 3783 2693 3830 constanter
2729 3776 2865 3829 tueri
2895 3789 3011 3840 eos,
3055 3775 3144 3845 qui
3188 3775 3586 3844 opprimuntur,

1992 3865 2201 3920 etiamsi
2255 3866 2434 3918 nullo‘
2488 3864 2539 3918 in
2588 3866 2688 3919 hoc
2731 3864 3009 3918 ordinetur
3053 3863 3254 3918 officio.
3295 3864 3427 3931 Quia
3459 3880 3589 3919 vero

1990 3959 2133 4028 juste
2163 3971 2295 4026 opus
2321 3956 2619 4026 arripuerat
2651 3955 3001 4026 principatus,
3035 3957 3175 4010 Deus
3213 3955 3351 4021 hanc
3373 3957 3420 4010 ei
3445 3964 3592 4026 post-

1993 4066 2056 4106 ea
2097 4051 2322 4105 contulit
2372 4049 2707 4118 dignitatem.
2765 4047 2997 4118 ldipsum
3034 4056 3210 4102 autem
3253 4047 3483 4117 servavit
3529 4046 3585 4102 in

1992 4143 2158 4197 Paulo
2190 4161 2202 4197 :
2231 4141 2318 4212 qui
2347 4157 2502 4210 quam
2535 4148 2682 4194 recte
2721 4137 2923 4194 faceret
2968 4139 3107 4192 ultro
3134 4138 3397 4207 arripiens
3434 4136 3582 4191 initia

1993 4234 2259 4289 sermonis
2284 4241 2442 4300 atque
2466 4230 2742 4296 doctrinae,
2774 4229 2915 4284 Deus
2950 4229 3194 4284 similiter
3217 4228 3450 4283 ostendit
3474 4227 3588 4281 cito

1993 4327 2228 4382 doctoris
2270 4341 2393 4380 eum
2435 4325 2636 4378 honore
2671 4323 2982 4378 sublimans.
3023 4322 3077 4377 Si
3124 4323 3265 4375 enim
3297 4322 3590 4393 magisterii

1994 4428 2151 4490 atque
2181 4418 2438 4488 primatus
2458 4413 2780 4484 adipiscendi
2801 4415 2969 4483 gratia
2996 4413 3061 4468 ad
3085 4413 3414 4482 procuranda
3442 4422 3588 4468 tanta

1995 4509 2208 4579 negotia
2239 4507 2628 4577 prosiluissent,
2670 4513 3062 4574 consequenter
3089 4512 3270 4557 essent
3309 4502 3377 4556 de
3406 4502 3582 4562 ambi-

1997 4604 2142 4659 tione
2181 4601 2476 4670 culpabiles
2509 4615 2522 4651 :
2563 4613 2685 4652 eum
2713 4611 2842 4651 vero
2885 4594 3117 4667 pericula
3148 4594 3358 4662 utrique
3400 4593 3592 4664 dilige-

1995 4703 2138 4759 rent,
2169 4700 2478 4760 mortesque
2520 4689 2571 4742 iu
2609 4702 2667 4742 se
2709 4687 2942 4756 undique
2968 4691 3336 4755 procurarent,
3369 4692 3427 4738 ut
3452 4684 3590 4740 alios

1997 4787 2334 4857 acquirerem
2361 4783 2414 4836 in
2458 4781 2706 4843 salutem,
2739 4779 2857 4851 quis
2906 4787 3010 4831 tam
3037 4785 3221 4845 aperte
3264 4774 3448 4831 infelix
3475 4784 3582 4844 est,

1995 4880 2084 4951 qui
2115 4886 2275 4932 tantm
2298 4873 2597 4930 devotionis
2625 4871 2858 4927 studium
2887 4866 3240 4924 criminetur?
3265 4867 3418 4934 Quod
3443 4869 3590 4923 enim

1997 4976 2221 5030 aliorum
2251 4977 2490 5024 amantes
2527 4965 2750 5021 salutem
2779 4965 2878 5017 ista
2908 4963 3247 5033 perfecerint,
3276 4969 3332 5016 et
3366 4953 3584 5016 seuten-l

1997 5069 2066 5123 tia
2098 5062 2388 5121 declaravit
2415 5061 2528 5127 Dei,
2561 5069 2616 5114 et
2638 5072 2822 5113 eorum
2854 5054 3100 5126 perditio,
3145 5053 3234 5123 qui
3265 5053 3405 5107 male
3431 5053 3591 5106 istum

1997 5159 2381 5227 concupierunt
2415 5153 2692 5208 honorem.
2735 5149 3012 5204 lrruerunt
3047 5143 3308 5216 siquidem
3361 5152 3488 5196 tunc
3535 5151 3616 5196 et.

1998 5251 2087 5306 alii
2120 5250 2171 5304 in
2215 5244 2514 5315 hujusmodi
2543 5241 2919 5314 principatum,
2962 5237 3056 5294 sed
3087 5237 3259 5306 potius
3283 5231 3593 5302 interempti

1999 5350 2124 5397 sunt
2158 5357 2170 5392 :
2202 5353 2326 5392 nam
2376 5336 2602 5390 alterum
2643 5332 2856 5402 quidem
2903 5331 3084 5399 lapsus
3123 5329 3191 5382 de
3230 5326 3364 5379 caelo
3389 5321 3597 5377 exussit

1999 5432 2155 5504 ignis,
2207 5431 2432 5483 alterum
2478 5425 2682 5480 subitus
2711 5432 2869 5476 terra:
2908 5420 3086 5474 hiatus
3127 5414 3421 5470 absorbuit.
3470 5405 3609 5468 Non

2001 5526 2144 5582 enim
2178 5531 2397 5594 propter
2423 5518 2793 5575 defensionem
2824 5513 3002 5584 populi
3039 5513 3137 5564 ista
3177 5507 3460 5571 faciebant,
3490 5505 3584 5560 sed

1999 5620 2069 5674 ob
2095 5617 2316 5686 gloriam
2347 5610 2636 5682 dignitatis.
2669 5607 2824 5661 lrruit
2862 5614 2914 5659 et
2939 5603 3113 5666 Ozias,
3141 5601 3237 5656 sed
3269 5601 3415 5669 lepra
3443 5613 3591 5653 com-

2000 5709 2300 5764 maculante
2337 5704 2551 5775 punitus
2596 5709 2678 5755 est
2716 5697 2793 5770 (2.
2845 5695 3026 5750 Paral.
3067 5694 3156 5764 26)
3192 5693 3388 5748 :irruit
3432 5689 3592 5746 etiam

2065 5823 2080 5854 t
2117 5827 2257 5854 Vni-tn
2299 5833 2327 5854 η
2350 5817 2453 5854 nul!

2065 5823 2080 5854 t
2135 5829 2148 5847 ν
2441 5817 2453 5848 1

2064 5829 2138 5947 (α)
2513 5877 2800 5926 clauduntur
2823 5875 2870 5923 in
2885 5873 3053 5922 Graeco
3075 5881 3170 5919 non
3193 5873 3404 5918 exstant.
