4032 6452
481 546 692 613 Simon,
745 543 841 601 sed
891 539 1206 614 reprobatus
1269 545 1387 599 est,
1437 543 1492 588 et
1552 531 1687 602 mori
1738 530 2063 601 periclitatus

489 639 625 709 (Act.
666 637 725 708 8)
755 654 768 691 :
794 636 948 690 irruit
984 648 1110 689 vero
1147 631 1308 688 etiam
1339 627 1558 690 Paulus,
1589 623 1695 680 sed
1739 623 2069 696 apostolatus

483 729 653 798 gloria
691 735 978 783 coronatus
1004 733 1104 782 est.
1143 722 1260 777 Non
1284 721 1424 776 enim
1457 719 1517 772 in
1560 717 1939 782 sacerdotium,
1971 731 2070 771 nec

485 821 768 886 honorem,
789 817 883 873 sed
905 819 958 873 in
985 813 1336 872 miniSterium
1364 810 1516 866 irruit
1534 824 1599 868 ac
1624 808 1872 872 labores;
1901 809 2071 862 mati—

485 927 678 982 meque
704 911 758 964 in
787 909 890 966 hoc
917 908 1034 964 zelo
1053 905 1394 962 etalacritate
1416 901 1725 972 properavit
1753 918 1766 954 :
1791 909 2069 972 propterea

484 1001 822 1070 praedicatur,
852 1007 1131 1070 propterea
1156 993 1410 1050 continuo
1439 993 1615 1048 clarus
1643 990 1893 1046 efﬁcitur.
1921 991 2072 1045 Sicut

484 1091 626 1146 enim
656 1090 747 1162 qui
773 1089 1020 1162 princeps
1057 1085 1216 1141 fuerit
1241 1084 1539 1149 ordinatus,
1581 1081 1682 1139 nisi
1709 1081 1867 1152 digne
1893 1083 2067 1151 impo-

485 1182 646 1237 situm
687 1180 787 1235 sibi
813 1177 1150 1234 administret
1191 1175 1447 1242 officium,
1477 1180 1713 1228 meretur
1756 1173 1920 1227 etiam
1950 1187 2066 1225 rna-

481 1271 595 1340 jora
638 1269 895 1340 supplicia
924 1285 936 1320 :
965 1267 1043 1322 sic
1074 1266 1211 1320 alter
1244 1265 1344 1322 etsi
1386 1278 1494 1320 non
1523 1261 1798 1318 ordinetur
1829 1261 2068 1330 quidem,

485 1360 737 1432 suscipiat
767 1369 967 1426 tamen,
1007 1367 1063 1414 et
1104 1357 1244 1412 sicut
1270 1363 1482 1426 oportet
1529 1353 1766 1422 impleat,
1815 1366 1922 1406 non
1950 1351 2069 1406 dico

482 1451 858 1517 sacerdotium,
881 1449 978 1508 sed
999 1447 1406 1503 sollicitudinem
1436 1459 1724 1514 curamque
1753 1443 2066 1506 multortun,

485 1544 627 1598 omni
657 1543 897 1613 profecto
924 1551 1005 1614 est
1031 1540 1237 1596 honore
1263 1539 1627 1609 dignissimus.
1653 1537 1942 1605 Propterea
1967 1535 2066 1606 igi-

483 1645 569 1689 tur
594 1649 662 1689 ne
687 1649 851 1688 unum
880 1631 1092 1702 quidem
1117 1631 1256 1686 diem
1283 1631 1336 1684 in
1365 1630 1475 1686 otio
1505 1643 1692 1699 passus
1710 1635 1795 1682 est
1823 1627 2070 1697 etquiete

483 1725 712 1782 transire
737 1725 822 1778 hic
851 1725 901 1778 in
925 1722 1252 1794 praedicandi
1277 1720 1468 1776 ardore
1489 1721 1604 1790 ipso
1627 1721 1747 1790 igne
1777 1719 2068 1776 vehemen-

495 1817 635 1880 tior;
677 1815 773 1869 sed
826 1813 983 1868 simul
1025 1824 1084 1867 ut
1119 1813 1392 1867 salutifero
1431 1827 1494 1868 ex
1542 1810 1692 1866 fonte
1725 1809 2066 1876 conscendit,

485 1905 874 1977 plurimamque
904 1904 958 1976 in
998 1919 1057 1958 se
1081 1902 1346 1956 flatnmam
1375 1901 1491 1971 ipse
1525 1899 1818 1965 succendit,
1843 1915 1947 1953 non
1978 1913 2072 1968 pe-

486 1995 657 2052 ricula
687 1994 880 2060 timuit,
907 2009 1014 2054 non
1040 1993 1317 2070 irrisiones
1343 1991 1554 2048 erubuit
1578 1999 1632 2045 et
1660 1989 1942 2063 opprobria
1970 1988 2068 2044 ,ιιι-

485 2087 746 2150 dazorum,
773 2069 948 2156 neque
983 2097 1284 2140 sermonem
1311 2097 1463 2142 suum
1493 2082 1560 2136 ab
1592 2081 1696 2136 illis
1726 2081 1902 2150 respui
1933 2079 2072 2134 indi-

484 2186 712 2250 gnanter
760 2176 882 2230 tulit
910 2193 924 2230 :
952 2191 1061 2230 non
1114 2173 1260 2228 aliud
1318 2173 1606 2245 quidquam
1651 2172 1842 2227 borum
1893 2171 2070 2227 simile

485 2269 755 2340 cogitavit,
802 2266 895 2322 sed
921 2267 1054 2321 alios
1077 2265 1345 2335 accipiens
1371 2265 1574 2331 oculos,
1603 2265 1783 2335 utique
1810 2263 2068 2330 caritatis,

483 2364 748 2436 aliamque
775 2370 1029 2426 mentem,
1061 2360 1229 2414 multo
1253 2375 1373 2418 cum
1402 2359 1600 2430 impetu
1629 2359 1798 2414 instar
1821 2357 2072 2412 torrentis

483 2451 694 2526 irrupit,
723 2453 901 2509 omnia
927 2453 1125 2524 pariter
1156 2451 1464 2507 Judzeorum
1487 2437 1708 2505 trahens
1747 2460 1906 2520 atque
1935 2465 2068 2506 con-

484 2545 723 2610 volvens,
750 2553 807 2600 et
847 2559 916 2599 ex
954 2543 1243 2612 Scripturis
1288 2543 1462 2614 ipsum
1489 2557 1610 2598 esse
1651 2541 1926 2597 Christum
1954 2542 2072 2596 evi-

484 2637 675 2694 denter
701 2635 1014 2691 ostendens.
1047 2634 1119 2690 Et
1145 2643 1290 2702 certe
1311 2625 1570 2702 nondum
1598 2635 1652 2688 in
1679 2649 1746 2689 eo
1769 2644 1877 2688 tam
1906 2633 2072 2688 multa

485 2728 669 2799 gratiae
723 2741 944 2780 munera
991 2726 1362 2794 coruscabant,
1422 2725 1657 2786 nondum
1707 2734 1852 2780 tanta
1901 2725 2074 2780 fuerat

487 2819 718 2890 Spiritus
755 2815 1148 2878 illuminatione
1191 2816 1442 2882 donatus,
1493 2816 1587 2872 sed
1635 2826 1812 2872 tamen
1863 2815 2072 2871 inﬂant-

488 2921 630 2967 mata
659 2912 913 2980 continuo
937 2909 1204 2976 voluntas,
1232 2908 1655 2979 mortiﬁcataque
1683 2909 1858 2965 anima
1883 2917 2074 2963 cuncta

395 3012 399 3015 '
490 3002 737 3069 faciebat,
765 3010 820 3057 et
843 2999 994 3072 quasi
1019 3015 1232 3069 semper
1249 2999 1582 3056 satisfaceret
1613 3000 1722 3054 Deo
1742 2999 1809 3054 de
1837 3008 2076 3068 tempore

487 3094 594 3166 jam
623 3101 860 3164 peracto,
893 3091 970 3147 sic
1012 3090 1235 3162 gerebat
1268 3087 1468 3160 omnia,
1503 3091 1580 3144 sic
1609 3089 1754 3146 lucra
1782 3089 2076 3160 spiritualia

490 3183 726 3255 undique
764 3182 1066 3253 colligebat,
1112 3181 1168 3236 in
1208 3180 1406 3248 locum,
1453 3180 1543 3250 qui
1591 3189 1734 3236 esset
1779 3180 1906 3237 belli
1953 3194 2076 3252 pars

490 3274 743 3339 maxima,
775 3281 832 3329 et
860 3273 1102 3328 laborum
1131 3271 1599 3344 periculorumque
1627 3271 1804 3342 plena,
1854 3269 2078 3328 fidenter

489 3365 752 3422 insiliens.

563 3454 858 3510 Ubedientia
885 3452 1042 3508 Pauli
1068 3452 1468 3508 commendatur.
1491 3481 1566 3494 —
1586 3452 1698 3508 Hoc
1719 3466 1849 3508 vero
1873 3449 2079 3522 majore

491 3565 702 3623 quoque
729 3547 1082 3604 admiratione
1108 3547 1326 3630 dignum
1353 3556 1455 3614 est,
1485 3545 1628 3618 quod
1652 3561 1774 3612 cum
1801 3556 1909 3601 tam
1935 3553 2080 3610 esset

491 3643 696 3710 audax,
743 3658 807 3697 ac
846 3642 992 3697 velut
1033 3640 1101 3695 ad
1149 3655 1381 3712 pugnam
1422 3654 1636 3710 semper
1674 3640 1978 3703 accinctus,
2026 3646 2082 3694 et

493 3738 669 3807 ignem
698 3734 986 3806 quemdam
1014 3731 1267 3788 bellicum
1297 3734 1506 3804 spirans
1525 3773 1541 3798 ,
1569 3731 1641 3786 ita
1683 3746 1870 3786 rursus
1905 3729 2083 3800 placa-

493 3829 654 3886 bilem
681 3841 746 3881 ac
780 3823 1066 3879 ﬂexibilem
1095 3838 1154 3878 se
1183 3823 1456 3893 prtebebat
1486 3822 1787 3891 magistris,
1837 3830 1895 3876 ut
1921 3834 2081 3874 num-

493 3935 655 3992 quam
685 3933 779 3972 eos
809 3915 894 3971 vel
937 3914 993 3970 in
1023 3924 1169 3970 tanto
1215 3915 1304 3969 illo
1348 3914 1548 3983 impetu
1583 3912 1873 3967 alacritatis
1908 3909 2082 3966 ofl'en-

499 4012 670 4067 deret.
699 4010 879 4079 Itaque
906 4007 1129 4063 ferventi
1160 4015 1283 4062 tunc
1301 4048 1318 4075 ,
1347 4007 1430 4061 vel
1457 4005 1631 4076 potius
1657 4004 1853 4060 furenti
1880 4018 2082 4075 praece-

498 4110 724 4174 perunt,
756 4107 814 4154 ut
844 4099 944 4154 iret
969 4097 1193 4154 Tarsum
1232 4108 1392 4168 atque
1415 4095 1746 4162 Caesaream,
1774 4109 1874 4150 nec
1903 4103 2084 4151 tamen

495 4192 689 4250 renuit.
732 4191 992 4248 Dixerunt
1020 4189 1146 4260 quia
1173 4205 1294 4244 eum
1339 4203 1433 4258 per
1456 4202 1666 4242 murum
1695 4186 1890 4256 deponi
1919 4200 2082 4256 opor-

493 4293 664 4351 teret,
707 4291 763 4338 et
803 4295 992 4353 passus
1036 4289 1120 4336 est
1156 4298 1172 4336 :
1211 4280 1476 4335 dederunt
1508 4278 1786 4334 consilium
1829 4286 1889 4332 ut
1924 4285 2086 4346 caput

493 4381 740 4442 raderet,
774 4389 882 4431 non
911 4371 1107 4430 restitit
1139 4390 1153 4428 :
1185 4380 1468 4428 suaserunt
1505 4387 1574 4426 ne
1616 4371 1670 4426 in
1711 4371 1974 4426 theatrum
2003 4370 2085 4425 in-

491 4472 836 4545 grederetur,
865 4477 921 4524 et
946 4466 1128 4524 cessit.
1160 4465 1234 4521 lta
1260 4481 1318 4522 se
1347 4465 1473 4520 huic
1500 4464 1580 4520 rei
1607 4473 1775 4519 totum
1801 4463 2081 4518 dedicave-

491 4573 608 4637 rat,
634 4573 694 4632 ut
719 4561 898 4618 omnia
924 4575 1022 4631 pro
1049 4557 1284 4632 fidelium
1314 4555 1630 4612 utilitatibus
1667 4554 1896 4611 libenter
1938 4554 2082 4610 acci-

493 4664 679 4727 peret,
709 4668 807 4725 pro
837 4653 1076 4724 ipsorum
1111 4649 1462 4706 aedificatione
1489 4662 1704 4719 pacem,
1736 4661 2080 4716 consensum,

494 4745 985 4818 dispensationem,
1029 4742 1372 4799 concordiam
1411 4741 1716 4811 diligendo,
1744 4749 1800 4796 et
1834 4739 2084 4796 eumdem

498 4851 560 4893 se
584 4850 648 4891 ac
671 4850 885 4906 semper
903 4835 1161 4906 aequalem
1188 4832 1551 4904 praedicationi
1577 4833 1772 4908 ubique
1795 4831 2082 4888 servando.

497 4929 632 5000 Cum
658 4928 814 5008 igitur
837 4929 1012 4992 audis,
1046 4928 1188 5000 quod
1217 4928 1420 4984 sororis
1446 4927 1612 4981 filium
1640 4925 1847 4982 miserit
1872 4925 1939 4980 ad
1967 4924 2087 4980 Tri-

495 5025 722 5101 bunum,
748 5020 932 5096 volens
959 5019 1028 5076 de
1055 5021 1308 5092 periculis
1343 5019 1578 5084 liberari,
1607 5028 1662 5075 et
1688 5018 1830 5090 quod
1857 5019 2086 5090 appellet

493 5115 784 5194 Cursarem,
815 5113 1064 5184 quodque
1093 5113 1319 5170 Romam
1351 5113 1428 5170 ire
1459 5111 1703 5178 fesdnet,
1749 5126 2083 5182 nequaquam

421 5242 428 5253 ι
495 5218 651 5276 putes
677 5204 900 5285 verbum
928 5218 1048 5266 esse
1086 5204 1401 5268 formidinis.
1430 5204 1529 5273 Qui
1565 5203 1710 5259 enim
1747 5202 1992 5274 gemebat
2031 5203 2084 5256 in

493 5300 597 5356 hac
626 5315 688 5371 se
721 5299 900 5368 adhuc
939 5311 1058 5354 esse
1101 5297 1207 5352 vita
1229 5338 1245 5364 ,
1277 5311 1451 5351 annon
1489 5297 1666 5367 potius
1709 5295 1940 5372 eligebat
1965 5309 2086 5350 esse

493 5407 618 5464 cum
647 5389 908 5448 Christo?
935 5389 1025 5461 qui
1051 5398 1106 5445 et
1138 5389 1326 5444 ctelum
1355 5400 1576 5459 propter
1620 5389 1790 5464 ipsum
1819 5387 2085 5456 despicie—

499 5482 592 5539 bat
619 5491 674 5536 et
691 5484 931 5552 angelos,
959 5495 1066 5554 quo
1092 5480 1306 5536 tandem
1336 5489 1492 5550 pacto
1517 5463 1943 5550 haec-praesentia
1966 5478 2084 5532 dili-

497 5572 700 5643 gebat?
733 5573 892 5641 Cujus
929 5574 1092 5653 igitur
1133 5573 1212 5630 rei
1252 5573 1421 5646 gratia
1465 5573 1563 5627 ista
1596 5571 1863 5627 faciebat?
1892 5570 2085 5626 Procul

497 5665 666 5720 dubio
690 5672 748 5716 ut
773 5664 966 5720 diutius
993 5666 1359 5735 prtedicationi
1386 5664 1674 5732 insisteret,
1703 5680 1928 5737 cumque
1948 5665 2086 5721 mul-

497 5755 568 5807 tis
602 5754 730 5807 hinc
753 5753 1095 5808 credentibus
1121 5765 1280 5825 atque
1307 5756 1556 5813 omnibus
1590 5755 1860 5811 coronatis
1890 5757 1990 5814 iret
2016 5756 2085 5812 ad

487 5839 790 5896 Christum.
831 5841 962 5898 Nam
993 5844 1232 5914 profecto
1276 5847 1578 5918 metuebat,
1620 5863 1687 5905 ne
1723 5862 1922 5922 pauper
1961 5848 2086 5904 hinc

1275 423 1332 480 s.
1363 421 1646 480 tenvius
1671 415 2044 492 cunvsosr.
2090 399 2409 473 Attamen.
2451 415 2990 484 CONSTAN'IINGP.

2176 538 2334 600 atque
2363 529 2516 600 inops
2544 528 2829 584 munitorum
2855 526 3043 581 salutis
3082 525 3416 582 abscederet.
3463 526 3533 580 Et
3571 524 3760 581 idcirco

2177 619 2390 676 dicebat
2425 636 2438 672 :
2478 617 2785 672 Permanere
2821 627 2990 670 autent
3037 617 3089 670 in
3125 633 3279 670 carne
3319 617 3664 672 necessarium
3695 627 3760 672 est

2177 720 2382 782 propter
2407 726 2492 765 vos
2514 709 2773 780 (Philipp.
2797 710 2848 764 1.
2868 709 2982 778 24).
3011 709 3298 779 Propterea
3323 725 3459 778 ergo
3484 725 3607 765 cum
3629 710 3762 766 vide-

2176 812 2258 856 ret
2279 801 2551 855 meliorem
2573 816 2672 869 pro
2694 815 2752 855 se
2778 801 2828 854 in
2849 800 3052 870 judicio
3078 801 3398 869 processisse
3420 801 3760 863 sententiam.

2175 891 2397 962 ipsoque
2420 891 2631 945 dicente
2657 890 2820 945 Festo
2838 931 2853 954 ,
2883 891 3086 944 Absoloi
3111 900 3308 960 poterat
3335 891 3494 944 homo
3520 892 3642 956 iste,
3672 893 3762 945 nisi

2175 985 2478 1053 appellasset
2522 983 2774 1037 Cwsarem
2816 984 2834 1052 (
2861 983 2975 1038 Act.
3006 983 3095 1039 26.
3122 984 3228 1055 52)
3261 1001 3276 1038 :
3306 985 3524 1040 vinetus
3571 994 3761 1050 tamen,

2175 1090 2402 1144 cumque
2431 1075 2669 1144 plurimis
2697 1075 2906 1137 vinctis,
2936 1076 3024 1144 qui
3050 1076 3198 1130 mille
3224 1075 3460 1132 facinora
3487 1077 3764 1131 commise-

2177 1177 2330 1233 rant,
2367 1167 2589 1230 ductus,
2621 1183 2728 1221 non
2759 1168 2971 1223 erubuit
2997 1183 3118 1222 cum
3165 1169 3270 1223 illis
3313 1169 3504 1238 ligari,
3534 1171 3765 1239 quinimo

2174 1258 2410 1324 omnium
2427 1259 2586 1315 simul
2609 1259 2968 1328 navigantium
2997 1275 3178 1315 curam
3203 1261 3446 1330 gerebat,
3465 1264 3550 1322 sui
3575 1264 3764 1332 quippe

2175 1367 2416 1416 securus,
2453 1366 2619 1422 seque
2646 1361 2816 1406 tutum
2841 1354 2973 1407 satis
2999 1368 3121 1408 esse
3146 1353 3502 1414 certissimus.
3527 1355 3764 1424 Cumque

2177 1446 2385 1504 vinctus
2414 1461 2508 1514 per
2539 1455 2646 1500 tam
2691 1454 2896 1500 vastum
2927 1446 3143 1516 pelagus
3171 1446 3464 1506 duceretur
3488 1486 3506 1511 ,
3541 1448 3610 1504 ita
3637 1463 3763 1516 guno

2174 1537 2334 1598 debat
2363 1546 2562 1601 tamen,
2593 1547 2861 1606 tamquam
2887 1537 2942 1591 in
2965 1538 3252 1592 maximum
3282 1537 3577 1596 duceretur
3607 1539 3762 1606 impc-

2169 1629 2334 1684 rium.
2363 1628 2574 1684 Etenim
2601 1645 2708 1684 non
2735 1644 2953 1698 parvum
2980 1629 3054 1684 illi
3095 1630 3373 1698 pratmium
3401 1631 3558 1691 urbis
3583 1631 3760 1686 Rome

2175 1722 2456 1778 conversio
2485 1720 2905 1792 proponebatur.
2941 1720 3134 1776 Verum
3163 1735 3232 1776 ne
3261 1721 3385 1780 illos
3405 1721 3652 1791 quidem,
3677 1723 3760 1792 qui

2177 1813 2378 1881 pariter
2414 1811 2763 1882 navigabant,
2789 1811 3068 1882 despectui
3095 1811 3374 1870 habendos
3403 1814 3615 1882 putavit
3638 1829 3652 1866 :
3674 1812 3762 1870 sed

2174 1903 2280 1958 illis
2320 1916 2532 1972 quoque
2560 1902 2799 1965 veritatis
2841 1903 3104 1960 suavitate
3133 1903 3439 1962 modulatus
3479 1915 3596 1970 est,
3630 1904 3760 1958 indi-

2173 2008 2308 2056 cans
2331 1993 2432 2050 sibi
2464 1994 2673 2050 divinos
2699 1995 3012 2064 apparuisse
3035 1996 3233 2061 vultus,
3276 2005 3332 2052 et
3369 2011 3458 2061 ea,
3506 2012 3628 2066 qua:
3653 1996 3762 2049 fue~

2171 2096 2296 2141 rant
2332 2086 2433 2140 sibi
2477 2087 2616 2142 dicta
2641 2127 2656 2150 .
2702 2103 3131 2144 commemorans
3161 2107 3175 2144 :
3207 2089 3260 2146 id
3283 2101 3370 2145 est
3392 2131 3409 2156 ,
3441 2089 3561 2144 Tibi
3589 2089 3760 2146 donari

2173 2179 2398 2233 homines
2440 2180 2563 2234 istos
2590 2178 2734 2249 (Act.
2757 2178 2848 2233 27.
2871 2179 2940 2234 ει
3043 2179 3156 2236 Hoc
3185 2195 3313 2238 vero
3341 2180 3613 2245 faciebat,
3663 2196 3760 2234 non

2173 2272 2410 2340 seipsum
2441 2282 2753 2341 arroganter
2780 2272 3077 2340 extollens,
3119 2272 3212 2334 sed
3251 2273 3374 2330 illos
3401 2273 3508 2328 sibi
3539 2273 3604 2328 ad
3645 2288 3760 2342 per-

2173 2364 2480 2420 suasionem
2522 2363 2645 2419 fidei
2687 2378 2905 2432 parans.
2945 2363 3236 2432 Propterea
3273 2373 3328 2418 et
3357 2364 3504 2420 Deus
3531 2364 3762 2434 permisit

2177 2455 2396 2527 pelagus
2423 2456 2772 2522 commoveri,
2803 2465 2860 2510 ut
2905 2472 2999 2526 per
3038 2457 3091 2510 id
3118 2456 3260 2526 quod
3286 2456 3508 2516 auditus
3538 2471 3641 2512 non
3663 2465 3759 2521 est,

2173 2555 2230 2604 et
2277 2561 2374 2617 per
2420 2546 2472 2602 id
2515 2547 2657 2616 quod
2699 2547 2912 2602 auditus
2940 2556 3043 2613 est,
3090 2547 3382 2616 spiritualis
3426 2547 3576 2606 Pauli
3605 2547 3762 2619 gratis

2174 2637 2523 2708 panderetur.
2547 2637 2678 2694 Nam
2701 2647 2758 2694 et
2784 2653 2906 2700 cum
2930 2637 3166 2696 dedisset
3187 2639 3494 2704 consilium,
3522 2641 3763 2709 navigan.

2176 2729 2302 2796 dum
2334 2745 2440 2783 non
2467 2744 2611 2796 esse,
2640 2740 2978 2800 contemptus
3000 2739 3084 2788 est
3103 2771 3117 2795 ,
3139 2738 3469 2808 ventumque
3496 2740 3581 2785 est
3606 2743 3764 2799 usque

2175 2821 2242 2876 ad
2271 2829 2513 2877 extrema
2559 2822 2866 2877 discrimina
2900 2821 3110 2893 (Ibid).
3140 2821 3337 2880 Verum
3363 2837 3441 2878 ne
3463 2830 3763 2890 contemptu

2177 2911 2393 2982 quidem
2445 2927 2631 2976 eorum
2684 2913 2854 2968 factus
2902 2922 2985 2968 est
3032 2912 3350 2979 onerosior;
3403 2914 3505 2974 sed
3568 2927 3760 2976 rursus,

2177 3004 2328 3075 quasi
2377 3014 2527 3074 pater
2575 3004 2697 3060 filiis
2744 3005 3061 3075 providebat
3099 3007 3401 3076 agebatque
3443 3007 3660 3070 omnia,
3703 3021 3762 3060 no

2178 3097 2458 3172 quisquam
2487 3098 2710 3166 periret.

2244 3188 2422 3243 Roma:
2439 3197 2678 3258 quantam
2690 3188 2982 3250 modestiam
2995 3189 3293 3244 exhibuerit.
3313 3187 3642 3260 Comparatio
3659 3203 3762 3244 cum

2181 3277 2310 3336 duce
2335 3278 2603 3334 exercitus.
2641 3307 2715 3318 —
2751 3278 3037 3350 Postquam
3072 3294 3200 3335 vero
3233 3279 3462 3336 Romam
3510 3281 3764 3350 ingressus

2180 3379 2300 3436 est,
2330 3369 2406 3425 ibi
2432 3384 2644 3440 quoque
2665 3378 2858 3440 quanta
2887 3383 3009 3425 cum
3037 3369 3299 3425 modestia
3327 3370 3609 3424 annuntiat
3633 3368 3762 3422 veri-

2182 3471 2367 3528 tatem,
2393 3473 2594 3532 quanta
2615 3463 2777 3518 etiam
2799 3477 2922 3518 cum
2944 3462 3192 3518 libertate
3215 3463 3448 3526 obstruit
3467 3478 3561 3518 ora
3589 3460 3764 3528 impio-

2181 3558 2333 3626 rum!
2364 3556 2561 3612 Verum
2593 3571 2691 3612 nec
2715 3555 2787 3611 ibi
2809 3565 2954 3612 stare
2981 3566 3286 3622 contentus,
3316 3556 3479 3612 etiam
3506 3555 3561 3610 in
3590 3553 3764 3620 Hispa-

2183 3648 2329 3704 niam
2371 3647 2656 3719 percurrit.
2701 3645 2839 3702 Cum
2885 3655 3062 3703 autem
3103 3646 3300 3716 saepius
3348 3647 3497 3701 varia
3547 3641 3765 3715 pericula

2183 3738 2514 3804 sustineret,
2541 3736 2842 3794 confidebat
2875 3737 3044 3808 magis
3082 3747 3244 3807 atque
3282 3736 3445 3792 fiebat
3480 3734 3763 3790 audacior:

2181 3845 2288 3896 nec
2313 3830 2428 3901 ipse
2460 3829 2632 3886 solum
2655 3869 2673 3898 ,
2704 3828 2800 3884 sed
2830 3829 2990 3884 etiam
3029 3827 3274 3898 discipuli
3305 3838 3525 3898 propter
3563 3829 3726 3897 ipsum
3746 3862 3761 3888 ,

2185 3924 2276 3995 qui
2299 3924 2412 3994 ejus
2439 3923 2621 3993 utique
2645 3921 2991 3978 firmabantur
3013 3921 3283 3992 exemplo.
3311 3920 3762 3990 Quemadmodum

2185 4014 2330 4069 enim
2356 4013 2401 4068 si
2421 4027 2545 4068 eum
2566 4011 2924 4068 remissiorem
2949 4010 3355 4082 segnioremque
3379 4011 3656 4073 vidissent,
3674 4004 3764 4075 ipsi

2185 4105 2349 4162 etiam
2375 4105 2602 4160 fortasse
2627 4103 2853 4159 fuissent
2880 4119 3113 4159 maerore
3141 4101 3336 4173 dejecti
3363 4121 3378 4156 :
3409 4103 3483 4158 ita
3511 4102 3603 4172 qui
3628 4099 3764 4154 illum

2185 4195 2464 4252 fortiorem
2493 4195 2689 4250 factum
2718 4209 2839 4251 esse
2859 4193 3178 4260 cernebant,
3206 4203 3262 4249 et
3284 4195 3425 4250 inter
3449 4193 3664 4264 injurias
3688 4199 3763 4242 at-

2186 4301 2292 4357 que
2319 4286 2501 4358 plagas
2538 4285 2854 4341 constantiae
2880 4299 3024 4355 saepe
3051 4285 3249 4340 virtute
3275 4294 3605 4339 crescentem
3627 4320 3644 4349 ,
3673 4277 3764 4350 ipsi

2185 4394 2399 4451 quoque
2423 4394 2546 4434 cum
2567 4378 2772 4448 majore
2793 4377 2982 4433 fiducia
3007 4376 3366 4447 praedicabant
3391 4393 3405 4430 :
3434 4376 3593 4447 idque
3612 4372 3764 4443 signi-

2185 4471 2355 4532 ﬁcans
2378 4471 2450 4526 ait
2475 4509 2493 4538 ,
2521 4468 2608 4524 Ita
2634 4479 2688 4524 ut
2718 4470 2888 4541 plures
2911 4486 2940 4524 e
2964 4469 3210 4539 fratribus
3233 4468 3540 4537 conﬁdentes
3566 4462 3764 4520 vinculi:

2187 4563 2332 4626 meis,
2354 4561 2695 4617 abundantius
2715 4562 2953 4618 auderent
2972 4561 3082 4616 sine
3102 4561 3279 4614 timore
3303 4561 3505 4614 uerbum
3525 4557 3619 4612 Dei
3640 4551 3764 4621 loqui

2193 4655 2213 4726 (
2238 4653 2434 4726 Philip.
2465 4657 2516 4710 l.
2551 4654 2616 4724 μ
2638 4652 2680 4722 ).
2733 4654 2790 4710 Si
2820 4654 2963 4710 enim
2989 4652 3097 4708 dux
3124 4653 3329 4708 militiae
3359 4653 3518 4709 fuerit
3542 4650 3687 4706 fortis
3707 4659 3764 4702 ac

2184 4748 2472 4817 robustus,
2501 4762 2607 4820 non
2644 4746 2805 4803 modo
2843 4746 3057 4802 candens
3091 4757 3250 4816 atque
3281 4757 3655 4816 prosternens,
3683 4753 3765 4792 ver

2189 4854 2307 4896 rum
2329 4839 2496 4895 etiam
2523 4838 2749 4895 vulnere
2775 4839 2889 4908 ipse
2918 4852 3224 4908 percussus,
3248 4837 3490 4896 subditos
3517 4848 3638 4891 suos
3659 4830 3762 4886 effi—

2191 4930 2267 4986 cit
2293 4929 2574 4997 fortiores,
2605 4932 2878 5003 magisque
2902 4931 3006 4986 boc
3045 4939 3264 5000 prastat
3292 4931 3595 4986 vulneratus
3620 4927 3724 4994 ipse
3743 4959 3760 4987 ν

2191 5035 2351 5091 quam
2381 5021 2690 5076 vulnerans.
2738 5022 2872 5077 Cum
2914 5021 3057 5076 enim
3093 5021 3130 5075 ii
3165 5021 3256 5091 qui
3284 5021 3386 5076 sub
3415 5021 3506 5076 tali
3543 5021 3782 5089 pugnant,

2190 5114 2466 5183 magistro,
2501 5113 2732 5169 viderint
2757 5114 2958 5172 inflicta
2988 5113 3205 5168 vulnera
3225 5155 3240 5180 ,
3270 5114 3523 5170 fluentem
3560 5105 3758 5176 sangui-

2189 5219 2349 5272 nem,
2377 5214 2431 5260 et
2459 5220 2527 5261 ne
2551 5205 2631 5260 sic
2658 5205 2874 5276 quidem
2911 5206 3055 5259 illum
3088 5205 3331 5261 hostibus
3365 5201 3645 5275 aliquando
3676 5209 3758 5250 ce-

2191 5294 2404 5351 dentem
2429 5336 2444 5362 ,
2477 5295 2572 5352 sed
2599 5305 2828 5352 stantem
2854 5297 3060 5352 fortiter
3085 5337 3102 5364 ,
3129 5295 3414 5368 hastasque
3438 5297 3717 5352 vibrantem
3742 5326 3756 5349 ν

2190 5394 2247 5442 et
2264 5387 2464 5442 crebris
2483 5387 2749 5458 certisque
2774 5389 2963 5444 ictibus
2983 5389 3036 5443 in
3057 5388 3392 5446 adversarios
3411 5392 3754 5460 promentem,

2191 5495 2292 5535 nec
2320 5481 2539 5536 omnino
2566 5481 2854 5552 quidquam
2882 5492 3186 5553 parcentem
3209 5483 3402 5550 dolori,
3429 5483 3624 5553 majore
3647 5477 3754 5531 alar

2191 5587 2296 5642 que
2317 5573 2480 5628 dubio
2508 5582 2656 5628 tanto
2685 5573 2806 5646 duci
2831 5574 3106 5629 alacritate
3131 5574 3446 5631 sub’duntur.
3473 5574 3580 5628 Hoc
3598 5572 3754 5637 itaque

2193 5663 2388 5722 factum
2413 5673 2466 5721 et
2487 5664 2674 5720 Paulo.
2704 5663 2956 5720 Videnles
2981 5665 3122 5720 enim
3150 5666 3296 5721 illum
3316 5666 3532 5736 ligatum
3551 5657 3749 5718 cateniS.

2192 5763 2249 5812 et
2291 5749 2457 5813 nihilo
2499 5757 2676 5812 minus
2718 5758 2772 5812 in
2819 5771 3037 5814 carcere
3080 5759 3456 5828 praedicantem
3482 5799 3496 5823 ,
3539 5754 3755 5812 videntes

2193 5850 2354 5908 etiam
2379 5850 2740 5922 verberatum,
2763 5861 2820 5908 et
2845 5861 3023 5908 tamen
3048 5851 3390 5910 verberantes
3411 5853 3551 5925 ipsos
3570 5855 3753 5904 scrtum
