4032 6432
197 449 293 506 ειι

993 453 1080 511 σε
1117 453 1467 514 LAUDIBUS
1503 458 1561 515 s.
1600 459 1805 518 PAULI
1844 464 2202 526 APOSTOLI.
2248 445 2463 527 hom".
2530 471 2637 528 vu.

190 568 459 640 εδικάσθη
479 609 495 631 ,
547 569 640 622 καὶ
682 571 809 640 περὶ
842 571 947 621 τῶν
994 568 1237 639 ἐσχάτων
1270 552 1609 624 ἐκινδύνευσε
1629 586 1642 601 ’
1679 571 1777 623 ἐπ-

3356 474 3461 531 5|!

1883 572 1978 626 καὶ
2027 574 2196 645 πένης
2241 576 2338 646 τῆς
2392 577 2503 629 τῶν
2553 575 2765 637 πολλῶν
2811 580 3083 651 σωτηρίας
3136 583 3462 659 ἀποδημήοῃ

193 671 439 743 επήδησε
462 672 559 727 καὶ
580 672 808 736 Παῦλος,
831 672 946 729 ἀλλ’
971 674 1341 747 ἐστεφανώθη,
1362 676 1481 746 ούχὶ
1511 675 1779 749 ἱερωσύνῃ
1878 676 2148 730 ἐντεῦθεν.
2172 679 2263 731 Διὸ
2290 680 2384 733 καὶ
2406 680 2559 751 ἔλεγε
2576 699 2589 714 ·
2626 682 2697 737 Τὸ
2714 680 2826 753 γὰρ
2845 684 3140 754 ἐπιμεῖναι
3164 687 3239 757 τῇ
3253 692 3462 758 σαρκί,

195 781 286 833 καὶ
321 783 489 852 τιμῇ,
536 781 672 836 ἀλλά
710 781 960 853 διακονίᾳ
1005 783 1101 841 καὶ
1133 783 1322 847 πόνοις
1352 784 1447 837 καὶ
1486 785 1774 848 κινδύνοις.

196 887 303 944 Καὶ
333 892 421 944 ὅτι
452 890 563 944 ἀπὸ
596 890 758 963 ζήλου
787 891 977 945 πολλοῦ
1000 893 1095 946 καὶ
1123 893 1433 965 προθυμίας
1463 895 1739 967 ἐπέδραμε
1758 937 1775 963 ,

190 999 277 1053 διά
302 998 472 1053 τοῦτο
493 998 928 1071 ἀνακηρύττεται
961 1002 1056 1055 καὶ
1080 1000 1334 1075 λαμπρὸς
1367 1004 1434 1057 ἐκ
1470 1004 1775 1077 προοιμίων

192 1106 276 1183 ἦν.
316 1112 538 1184 Ὥσῑτερ
574 1110 683 1183 7&9
724 1111 753 1164 ό
794 1112 1270 1185 χειροτονούμενος
1312 1115 1520 1187 ἄρχων,
1571 1116 1639 1170 ἂν
1699 1118 1773 1189 μὴ

193 1220 417 1285 δεόντως
430 1221 497 1274 τὸ
517 1221 752 1295 πρᾶγμα
781 1222 964 1294 μετίῃ,
987 1224 1082 1277 καὶ
1099 1221 1345 1293 μείζονός
1364 1226 1481 1278 ἐστι
1497 1224 1773 1291 κολάσεως

192 1327 369 1393 ἄξιος·
405 1329 555 1385 οὕτω
580 1330 685 1384 κᾶν
718 1331 793 1403 μή
815 1332 1170 1405 χειροτονηθῇ
1203 1346 1309 1399 τις,
1344 1336 1696 1407 μεταχειρίζῃ
1716 1335 1773 1389 δὲ

193 1432 603 1508 προσηκόντως,
621 1438 681 1490 ού
709 1437 936 1508 λέγωτά
957 1434 1056 1510 τῆς
1077 1435 1396 1512 ἱερωσύνης,
1428 1440 1566 1495 ἀλλά
1588 1442 1658 1495 τά
1675 1442 1775 1514 τῆς

195 1543 296 1597 τῶν
330 1541 550 1599 πολλῶν
580 1546 858 1617 προνοίας,
900 1545 997 1600 τοῦ
1039 1548 1242 1613 παντὸς
1278 1548 1429 1616 ἄξιός
1477 1553 1616 1606 ἐστι.
1648 1552 1774 1606 κΔιά

195 1652 345 1708 τοῦτο
362 1654 628 1725 οὐδεμίαν
655 1654 941 1728 ἀνέμεινεν
972 1658 1187 1730 ἡμέραν
1225 1659 1513 1729 ἡσυχάζων
1539 1660 1568 1712 ὀ
1600 1660 1774 1733 πυρὸς

195 1757 337 1842 οὗτος
369 1763 754 1837 σφοδρότερος,
778 1764 895 1818 ἀλλ’
920 1764 1056 1836 ὁμοῦ
1080 1784 1140 1820 τε
1165 1768 1334 1838 ἀνέϐη
1359 1768 1467 1822 ἀπὸ
1492 1769 1594 1839 τῆς
1621 1771 1772 1842 ἱερᾶς

195 1872 295 1926 τῶν
322 1841 537 1928 ῦδάτων
592 1874 797 1945 πηγῆς,
846 1875 941 1928 καὶ
974 1875 1175 1947 πολλὴν
1209 1877 1415 1948 ἀνῆψεν
1448 1879 1627 1949 ἐαυτῷ
1670 1879 1772 1950 τὴν

196 1982 381 2052 φλόγα,
410 1983 513 2037 καὶ
540 1982 663 2037 οὔτε
685 1983 964 2049 κινδύνους
996 1987 1301 2058 ἐνενόησεν,
1345 1989 1407 2042 ού
1436 1988 1529 2043 τὸν
1554 1988 1771 2058 γέλωτα

198 2092 283 2145 καὶ
308 2092 409 2163 τήν
436 2091 704 2165 αἰσχύνην
719 2092 818 2167 τὴν
847 2094 1001 2166 παρά
1026 2095 1314 2161 Ἰουδαίων,
1346 2095 1409 2149 ού
1440 2096 1503 2149 τὸ
1529 2098 1771 2151 ἀπιστεῖ-

198 2201 312 2254 σθαι
340 2203 470 2272 παρ’
497 2202 704 2267 αὐτοῖς,
729 2203 831 2256 οὐκ
856 2203 986 2258 ἄλλο
1012 2203 1121 2258 τῶν
1148 2205 1404 2259 τοιούτων
1442 2206 1593 2260 οὐδέν
1609 2224 1622 2237 ·
1654 2208 1767 2262 ἀλλ’

198 2297 406 2379 ἐτέρους
433 2307 622 2362 λαὸὼν
634 2309 969 2381 ὀφθαλμοὺς,
989 2312 1116 2376 τοὺς
1133 2312 1234 2383 τῆς
1257 2313 1501 2385 ἀγάπης,
1534 2318 1627 2368 καὶ
1656 2316 1771 2368 ἐτέ-

201 2431 289 2486 ραν
302 2416 567 2479 διάνοιαν,
583 2416 722 2488 μετά
738 2418 937 2490 πολλῆς
955 2419 1213 2473 ἐνέπιπτε
1237 2422 1340 2491 τῆς
1361 2423 1562 2494 ῥύμης,
1581 2424 1770 2497 ὥσπερ

198 2540 273 2588 τις
290 2525 653 2600 χειμάρρους,
672 2525 889 2581 ἅπαντα
910 2528 1245 2601 παρασύρων
1266 2531 1335 2584 τά
1364 2531 1654 2593 Ἰουδαίων,
1676 2534 1770 2587 καὶ

200 2633 281 2688 διὰ
304 2634 412 2689 τῶν
441 2636 683 2708 Γραφῶν
717 2638 964 2704 δεικνὺς,
991 2639 1074 2693 ὅτι
1099 2639 1260 2703 αὐτός
1290 2642 1437 2694 ἐστιν
1458 2644 1486 2695 ὁ
1512 2642 1765 2713 Χριστός.

202 2744 378 2798 Καίτοι
421 2762 492 2814 γε
547 2744 702 2800 ούπω
750 2748 1067 2820 χαρίσματα
1096 2749 1268 2804 πολλά
1300 2751 1399 2822 τῆς
1431 2752 1655 2824 χάριτος
1698 2749 1769 2824 ἦν

204 2853 357 2925 αὐτῷ,
388 2854 550 2909 ούπω
593 2856 849 2912 τοσούτου
900 2859 1219 2931 Πνεύματος
1274 2863 1608 2934 κατηξίωτο·
1653 2864 1771 2919 ἀλλ’

202 2960 337 3032 ὅμως
366 2964 577 3029 εὐθέως
606 2966 895 3037 ἐφλέγετο,
954 2970 1048 3023 καὶ
1086 2970 1229 3043 ψυχῇ
1265 2972 1553 3049 θανατὼσῃ
1594 2978 1770 3032 πάντα

203 3063 445 3137 επραττε,
473 3069 577 3121 καὶ
604 3067 792 3142 ῶσπερ
813 3072 1248 3145 ἀπολογούμενος
1280 3075 1421 3149 ὑπὲρ
1450 3077 1545 3131 τοῦ
1571 3080 1770 3154 παρελ-

205 3170 373 3239 θόντος
414 3175 643 3249 χρόνου,
687 3175 833 3231 οὕτω
877 3180 1056 3235 πάντα
1106 3183 1304 3248 ἐποίει,
1335 3185 1430 3239 καὶ
1477 3188 1768 3259 ἐπραγμα-

206 3282 375 3339 τεύετο
420 3288 508 3350 είς
552 3287 615 3340 τὸ
648 3287 843 3342 πονοῦν
897 3291 1131 3363 μάλιστα
1182 3292 1277 3346 τοῦ
1332 3295 1573 3366 πολέμου
1602 3296 1769 3367 μέρος

206 3388 381 3447 ἐαυτδν
423 3392 719 3466 ἐμὸάλλων
741 3438 756 3462 ,
813 3399 909 3452 καὶ
937 3399 965 3452 ὃ
999 3401 1258 3455 κινδύνων
1286 3400 1451 3473 ἔγεμε
1492 3404 1586 3458 καὶ
1614 3402 1768 3477 [515]

208 3499 389 3569 φάδων-
926 3488 933 3493 “

269 3610 371 3663 Kal
400 3612 556 3683 ὅμως
576 3610 719 3665 οὕτω
749 3614 1024 3686 τολμητὴς
1045 3615 1119 3670 ὣν
1142 3635 1236 3672 και
1257 3622 1524 3691 ὀρμητίας
1544 3625 1768 3695 καὶπῦρ

209 3716 387 3782 πνέων,
421 3720 570 3774 οὕτω
601 3721 763 3776 πάλιν
798 3724 1075 3793 πειθήνιος
1094 3723 1161 3799 ἦν
1187 3728 1282 3782 καὶ
1314 3730 1527 3800 εὐήνιος
1557 3736 1671 3796 τοῖς
1690 3733 1770 3786 δι-

206 3823 505 3894 δασκάλοις,
545 3829 685 3884 ὥστε
735 3832 809 3903 μὴ
864 3834 922 3885 ἐν
970 3835 1208 3908 τοσαύτῃ
1265 3838 1416 3910 ῥύμῃ
1461 3836 1768 3914 προθυμίας

209 3935 372 4003 αὐτοῖς
387 3939 487 3992 ἀντ
495 3920 729 3994 ιπεσεῖν.
757 3941 867 3994 Kal
883 3941 993 4012 7&9
1009 3942 1183 4008 ζέοντι
1200 3945 1321 3999 τότε
1343 3950 1437 4000 καὶ
1456 3951 1768 4023 μαινομένῳ

211 4046 585 4115 προσελθόντες
610 4043 782 4113 εἷπον,
813 4049 896 4102 ὅτι
925 4049 1007 4103 δεῖ
1030 4051 1284 4106 ἀπελθεῖν
1321 4055 1401 4118 είς
1435 4057 1648 4127 Ταρσὸν
1673 4063 1767 4112 καὶ

209 4153 550 4228 Καισάρειαν,
567 4160 662 4213 καλ⁵
686 4160 786 4214 ούκ
813 4161 1092 4215 ἀντεῖπεψ
1135 4159 1287 4218 εἶπον
1315 4166 1397 4220 ᾶτι
1426 4168 1532 4240 χρὴ
1563 4169 1650 4222 διὰ
1670 4172 1764 4225 τοῦ

208 4258 403 4330 τείχους
460 4261 824 4333 χαλασθῆναι,
870 4266 963 4318 καὶ
1001 4266 1293 4337 ἠνέσχετο*
1341 4270 1767 4329 συνεϐούλευσαν

211 4361 479 4436 ξυρᾶσθαι,
516 4369 612 4422 καὶ
641 4370 741 4423 οὐκ
776 4370 1100 4425 ἀντέπεσεν·
1123 4368 1277 4427 εἷπον
1302 4373 1377 4446 μὴ
1402 4377 1667 4449 εἰσελθεῖν
1687 4383 1769 4446 είς

210 4466 261 4520 τὸ
289 4470 532 4543 θέατρον,
561 4472 656 4527 καὶ
701 4469 865 4538 εἶξεν.
898 4474 1085 4541 Οὕτως
1112 4477 1232 4542 ἐνὸς
1258 4475 1326 4552 ἦν
1361 4482 1637 4552 πανταχοῦ
1671 4485 1766 4537 τοῦ

212 4574 566 4645 συμφέροντος
591 4578 700 4640 τοῖς
718 4580 948 4643 πιστοῖς,
966 4579 1066 4649 τῆς
1084 4582 1328 4654 εἰρήνης,
1360 4583 1461 4655 τῆς
1492 4586 1762 4656 ὁμονοίας·

212 4677 293 4727 καὶ
323 4679 598 4751 πανταχοῦ
637 4682 830 4736 ἐαυτὸν
862 4684 1048 4755 ἐτήρει
1095 4684 1176 4756 τῷ
1231 4688 1570 4759 κηρύγματι.
1606 4691 1766 4746 Ὥστε

214 4780 326 4835 ’ὁταν
354 4785 612 4860 ἀκούσῃς,
659 4787 741 4841 ὅτι
779 4788 871 4841 τὸν
900 4790 1216 4859 ἀδελφιδοῦν
1252 4792 1461 4863 πέμπει
1508 4796 1645 4866 πρὸς
1678 4799 1767 4851 τὸν

214 4888 493 4963 χιλίαρχον,
532 4893 853 4964 βουλόμενος
889 4895 1080 4949 ἐαυτὸν
1113 4897 1421 4969 ἐξαρπάσαι
1451 4900 1557 4955 τῶν
1587 4903 1767 4957 κινδύ-

215 5008 326 5057 νων,
358 4998 452 5051 καὶ
481 4999 611 5053 ὅταν
639 4999 1036 5071 ἐπικαλέσηται
1069 5002 1345 5075 Καίσαρα,
1400 5007 1496 5060 καὶ
1526 5007 1656 5060 ὅταν
1685 5011 1765 5072 εἰς

214 5113 307 5160 την
340 5100 559 5176 Ῥώμην
589 5103 795 5176 σπεύδῃ
819 5146 835 5170 ,
882 5105 958 5176 μὴ
990 5107 1220 5179 νομίσῃς
1272 5111 1593 5183 ἀνανδρείας
1626 5112 1768 5169 εἶναι

164 5268 167 5271 _
214 5198 277 5252 τὰ
309 5205 536 5276 ῥήματα.
585 5207 644 5262 '0
664 5209 775 5280 7&9
804 5210 1026 5277 στένων,
1053 5211 1238 5282 ἐπειδὴ
1273 5215 1452 5286 παρῆν
1483 5217 1542 5269 ἐν
1564 5217 1644 5289 τῷ
1667 5218 1769 5289 βίῳ

216 5304 392 5379 τούτῳ,
423 5313 538 5377 πῶς
562 5314 663 5367 οὐκ
696 5313 762 5367 ἀν
784 5313 958 5368 εἵλετο
987 5316 1128 5387 μετά
1152 5316 1388 5390 Χριστοῦ
1410 5317 1583 5387 εῖναι;
1615 5326 1711 5378 καὶ
1739 5327 1768 5378 ό

218 5408 314 5463 τῶν
355 5415 595 5488 οὐρανῶν
646 5420 1024 5492 καταφρονῶν,
1080 5424 1175 5477 καὶ
1218 5422 1468 5493 ἀγγέλων
1504 5426 1573 5481 δι’
1603 5430 1767 5485 αὑτὸν

220 5509 502 5586 ὕπερορῶν,
526 5521 645 5587 πῶς
674 5522 740 5577 ἂν
765 5524 1081 5597 ἐπεθύμησε
1116 5526 1225 5579 τῶν
1260 5529 1578 5601 παρόντων;
1611 5533 1767 5598 Τίνος

221 5605 303 5667 οὖν
329 5616 503 5675 Ξνεκεν
546 5624 705 5678 τοῦτο
734 5626 944 5691 ἐποίει;
984 5628 1101 5683 ’Ὶνα
1132 5629 1445 5704 ἐνδιατρίψη
1473 5633 1553 5705 τῷ
1596 5635 1767 5707 κηρύ-

225 5730 395 5789 γματι,
413 5728 503 5781 καὶ
542 5730 681 5800 μετά
711 5731 920 5786 πολλῶν
956 5733 1260 5806 ἀνθρώπων
1288 5739 1520 5812 ἀπέλθῃ,
1547 5738 1766 5795 πάντων

225 5820 680 5905 ἐστεφανωμένων.
708 5838 818 5891 Καὶ
845 5838 954 5910 γὰρ
983 5840 1260 5909 ἐδεδοίκει,
1294 5844 1503 5915 μήποτε
1553 5845 1768 5919 πτωχὸς

513 5931 778 5991 Ριτιιοι..
820 5931 938 5993 Gn.
989 5935 1051 5993 L.

1877 775 2340 846 ἀναγκαιότερον
2388 779 2462 831 δι’
2513 779 2694 849 ὑμᾶς.
2743 782 2835 837 Διὸ
2885 785 2981 839 καὶ
3027 786 3172 857 ὁρῶν
3218 789 3352 843 αὐτὸ
3398 790 3464 845 τὸ

1875 878 2223 951 δικαστήριον
2237 882 2336 953 τὴν
2354 882 2547 952 βελτίω
2561 882 2742 956 ψῆφον
2764 903 2832 939 πε
2839 888 2895 959 pl
2909 882 3077 942 αὐτοῦ
3100 890 3462 962 κατατιθέμε-

1874 996 1985 1045 νον,
2019 980 2094 1044 ὡς
2121 982 2216 1034 καὶ
2240 983 2267 1036 ό
2285 982 2511 1053 Φῆστος,
2544 983 2749 1053 ἔλεγεν,
2792 987 3193 1045 Ἀπολύεσθαι
3208 990 3462 1047 ἐδύνατο

1875 1084 1908 1135 ό
1934 1080 2246 1150 ἄνθρωπος
2278 1074 2483 1150 οὗτος,
2521 1084 2574 1139 εὶ
2600 1084 2687 1154 μὴ
2716 1084 3129 1145 ἐπεκαλέσατο
3167 1090 3458 1163 Καίσαρα,

1876 1183 1973 1237 καὶ
2022 1183 2221 1248 δεθεὶς,
2280 1184 2378 1238 καὶ
2434 1182 2575 1256 μετὰ
2635 1188 2847 1269 μυρίων
2908 1185 3111 1261 ἐτέρων
3164 1187 3461 1263 δεσμωτῶν

1874 1287 2221 1358 ἀπαγόμενος
2259 1288 2429 1360 μυρία
2462 1288 2845 1361 είργασμένων
2867 1289 3016 1346 δεινά
3052 1293 3153 1347 οὐκ
3196 1291 3460 1367 ᾐσχύνετο

1872 1390 1932 1444 τὸ
1968 1390 2312 1445 συνδεδέσθαι
2345 1391 2599 1456 ἐκείνοις,
2633 1391 2770 1447 ἀλλά
2798 1393 2891 1448 καὶ
2941 1397 3190 1467 προενόει
3240 1400 3461 1455 πάντων

1870 1492 1980 1547 τῶν
2016 1494 2421 1565 συμπλεόντων,
2448 1494 2625 1549 καίτοι
2657 1512 2724 1565 γε
2759 1496 2898 1568 ὑπὲρ
2916 1498 3080 1552 αὑτοῦ
3111 1499 3332 1573 θαρρῶν
3363 1506 3459 1558 καὶ

1872 1598 2029 1664 εἰδὼς
2073 1599 2150 1663 ὡς
2202 1601 2261 1654 ἐν
2306 1600 2576 1673 ἀσφαλείᾳ
2620 1596 2721 1674 ἦν,
2774 1603 2870 1656 καὶ
2918 1602 3158 1673 πέλαγος
3203 1607 3456 1661 τοσοῦτον

1870 1703 2102 1773 ἀνήγετο
2145 1704 2447 1775 δεδεμένος,
2503 1704 2599 1759 καὶ
2655 1704 2876 1779 ἔχαιρεν
2923 1704 2999 1771 ὡς
3047 1709 3141 1763 ἐπὶ
3192 1711 3456 1784 μεγίστην

1870 1806 2044 1878 ἀρχὴν
2079 1807 2566 1878 προπεμπόμενος.
2615 1808 2869 1881 Καὶ-’γάρ
2897 1810 3018 1865 οὐδὲ
3064 1811 3261 1885 μικρὸς
3293 1809 3457 1879 ἆθλος

1871 1910 2019 1982 αὐτῷ
2046 1911 2145 1983 τῆς
2196 1912 2486 1984 Ῥωμαίων
2520 1913 2785 1986 πόλεωςὴ
2819 1912 3106 1986 διόρθωσις
3137 1916 3450 1989 προύκειτο.

1883 2013 2020 2067 Ἀλλ’
2059 2016 2210 2085 ὅμως
2236 2015 2360 2069 οὐδὲ
2392 2016 2503 2069 τῶν
2534 2016 2592 2069 ἐν
2637 2014 2716 2087 τῷ
2769 2015 2941 2088 πλοίῳ
2969 2012 3452 2091 κατωλιγώρησεν,

1869 2117 2007 2171 ἀλλά
2028 2121 2123 2172 καὶ
2137 2118 2377 2183 ἐκείνους
2402 2118 2724 2191 ἐρῤύθμισε,
2749 2119 3154 2191 διηγησάμενος
3178 2123 3278 2192 τὴν
3304 2119 3456 2194 αὐτῷ

1870 2227 2131 2294 φανεῖσαν
2184 2225 2340 2295 ὄψιν,
2394 2225 2453 2292 ἐξ
2500 2219 2570 2297 ἦς
2624 2225 2950 2296 ἐμάνθανον,
3007 2226 3090 2279 ὅτι
3136 2222 3367 2294 Πάντες
3398 2230 3456 2282 οί

1869 2328 2159 2395 πλέοντες
2178 2332 2308 2398 μετ’
2336 2328 2522 2384 αὐτοῦ
2550 2327 2626 2382 δι’
2654 2328 2841 2384 αὐτὸν
2859 2325 3168 2388 σώζονται.
3199 2329 3371 2383 Τοῦτο
3393 2330 3454 2383 δὲ

1868 2431 2065 2497 ἐποίει,
2085 2435 2184 2505 οὐχ
2212 2434 2403 2488 ἐαυτὸν
2434 2432 2700 2505 ἐπαίρων,
2720 2433 2834 2487 ἁλλ’
2853 2434 3093 2498 ἐκείνους
3124 2434 3305 2507 ἐαυτῷ
3333 2449 3455 2490 πει.

1868 2536 2089 2609 θηνίους
2123 2536 2586 2609 παρασκευάζων.
2619 2537 2719 2591 Διά
2753 2535 2911 2592 τοῦτο
2956 2540 3049 2593 καὶ
3082 2541 3111 2592 ό
3141 2540 3275 2605 Θεὸς
3324 2556 3454 2595 συν-

1868 2639 2145 2712 εχὼρησε·
2173 2638 2523 2714 διεγερθῆναι
2561 2642 2660 2713 τὴν
2690 2641 2994 2704 θάλασσαν,
3031 2643 3117 2697 ἵνα
3146 2644 3243 2698 καὶ
3281 2642 3349 2699 δι’
3376 2639 3453 2700 ὧν

1867 2744 2253 2820 παρηκούσθη,
2286 2747 2381 2799 καὶ
2410 2745 2478 2799 δι’
2514 2736 2589 2800 ὧν
2614 2745 2880 2817 ἠκούσθη,
2904 2747 2993 2800 διά
3018 2748 3234 2801 πάντων
3264 2748 3450 2822 δειχθῇ

1865 2854 1900 2925 ή
1926 2851 2141 2907 Παύλου
2175 2852 2352 2924 χάρις.
2385 2851 2494 2904 Kal
2522 2850 2629 2920 7&9
2659 2848 3047 2906 συνεδούλευσε
3086 2854 3160 2924 μὴ
3182 2850 3454 2908 ἀναπλεῦ-

1871 2973 1984 3017 σαι,
2015 2957 2109 3009 καὶ
2141 2953 2521 3026 παρηκούσθη,
2553 2955 2648 3007 καὶ
2680 2953 2873 3024 γέγονε
2904 2956 3145 3020 κίνδυνος
3177 2957 3307 3028 περὶ
3342 2959 3453 3013 τῶν

1871 3059 2115 3129 ἐσχάτων
2137 3072 2150 3086 '
2171 3057 2409 3131 καὶ.λούδέ
2440 3058 2612 3122 οὕτως
2630 3054 2699 3129 ἦν
2728 3059 3000 3129 φορτικὸς,
3034 3059 3172 3113 ἀλλά
3196 3061 3360 3114 πάλιν
3376 3065 3454 3126 ὡς

1872 3163 2079 3217 παίδων
2119 3162 2302 3232 πατὴρ
2348 3163 2618 3232 προενόει,
2661 3163 2758 3215 καὶ
2791 3164 2940 3227 ὅπως
2978 3164 3166 3235 μηδεὶς
3198 3165 3453 3220 ἀπόλοιτο

1871 3266 2050 3319 πάντα
2069 3265 2361 3335 ἔπραττεν.

1953 3367 2174 3439 Ἐπειδὴ
2194 3366 2253 3420 δὲ
2285 3368 2379 3420 xal
2411 3367 2511 3438 τῆς
2548 3369 2836 3437 Ῥωμαίων
2877 3368 3071 3441 ὲπέόη,
3103 3369 3260 3445 [516]
3289 3374 3455 3427 κάκεῖ

1868 3475 1988 3538 πῶς
2024 3473 2160 3545 μετά
2208 3472 2510 3535 ἐπιεικείας
2541 3472 2877 3539 διαλέγεται;
2909 3472 3027 3537 πῶς
3069 3472 3211 3544 μετὰ
3241 3474 3452 3530 ἐλευθε-

1870 3581 1991 3652 ρίας
2042 3579 2169 3641 τοὺς
2222 3576 2586 3641 ἀπειθοῦντας
2638 3577 3011 3647 ἐπιστομίζεις
3058 3579 3168 3632 Καὶ
3198 3578 3321 3632 οὐδὲ
3365 3581 3453 3633 ἐν·

1867 3682 2043 3735 ταῦθα
2097 3681 2314 3734 ἵσταται
2340 3721 2353 3740 ,
2414 3679 2552 3733 ἀλλά
2600 3680 2695 3733 καὶ
2756 3678 2966 3733 ἐκεῖθεν
3027 3683 3110 3744 είς
3174 3681 3452 3735 Ἱσπανίαν

1867 3786 2089 3858 έδραμε.
2109 3784 2351 3857 Κανίάρ
2376 3784 2697 3841 κινδυνεύων
2719 3784 2920 3857 μᾶλλον
2950 3784 3194 3859 ἐθάρρει,
3222 3789 3315 3841 καὶ
3335 3788 3453 3842 τολ-

1871 3907 1945 3959 μη
1955 3889 2171 3960 ρότερος
2198 3888 2408 3957 ἐγίνετο
2444 3887 2713 3951 ἐντεῦθεν,
2733 3890 2834 3942 οὐκ
2853 3886 3012 3952 αὐτὸς
3034 3888 3090 3941 δέ
3122 3890 3302 3960 μόνος,
3317 3892 3454 3947 άλλά

1868 3991 1963 4044 καὶ⁵
1993 3993 2041 4044 οἱ
2075 3981 2318 4061 μαθηταὶ
2343 3990 2410 4045 δι’
2439 3991 2621 4048 αὐτόν.
2655 3992 2868 4062 Ὥσπερ
2912 3991 3022 4062 γὰρ
3062 3992 3221 4064 εἴπερ
3264 3993 3453 4066 ἐώρων

1870 4096 2034 4151 αὐτὸν
2065 4096 2335 4165 ἐνδιδόντα
2363 4095 2458 4150 καὶ
2476 4095 2838 4168 ὀκνηρότερον
2867 4098 3186 4167 γινόμενον,
3230 4099 3360 4166 τσως
3383 4100 3454 4156 ἂν

1871 4200 1965 4252 καὶ
1996 4198 2151 4251 αὐτοὶ
2178 4197 2504 4268 καθυφῆκαν
2521 4213 2536 4226 ⁶
2563 4197 2756 4261 οὓτως,
2790 4199 2979 4269 ἐπειδὴ
3001 4192 3141 4252 εἶδον
3165 4200 3329 4254 αὐτὸν
3353 4202 3453 4257 ἀν-

1868 4291 2174 4364 δρειότερον
2195 4292 2501 4361 γινόμενον,
2526 4292 2621 4345 καὶ
2642 4291 3107 4363 ἐπηρεαζόμενον,
3134 4294 3229 4347 καὶ
3251 4294 3453 4366 μᾶλλον

1869 4392 2265 4462 ἐπιτιθέμενον,
2301 4392 2442 4462 μετὰ
2468 4394 2783 4466 παρρησίας
2812 4395 3130 4465 ἐκήρυττον.
3154 4395 3266 4448 Kal
3293 4396 3453 4451 τοῦτο

1868 4495 2043 4566 δηλῶν
2061 4496 2267 4565 ἔλεγεν,
2297 4497 2396 4563 Ὧς
2419 4497 2561 4563 τοὺς
2586 4498 2873 4565 πλείονας
2896 4499 3015 4553 τῶν
3029 4499 3330 4570 ἀδελφῶν,
3349 4514 3451 4554 πε-

1869 4599 2150 4665 ποιθότας
2179 4599 2304 4665 τοῖς
2323 4598 2567 4669 δεσμοῖς
2584 4618 2726 4669 μου,
2758 4601 3200 4670 περισσοτέρως
3217 4601 3450 4673 τολμᾷν

1867 4702 2102 4772 ἀφόϐως
2124 4702 2433 4773 τὸνλόγον
2462 4703 2700 4758 λαλεῖν.
2726 4704 2897 4759 Ὅταν
2917 4704 3025 4777 γὰρ
3044 4704 3072 4758 ὁ
3091 4708 3393 4778 στρατηγὸς
3412 4705 3448 4783 ᾖ

1868 4809 2133 4874 γενναῖος,
2150 4806 2269 4859 οὐδὲ
2288 4807 2540 4877 σφάττων
2560 4804 2721 4877 μόνον
2737 4806 2831 4861 καὶ
2847 4808 3193 4873 ἀποκτιννὺς,
3206 4810 3344 4864 ἀλλά
3355 4812 3449 4865 καὶ

1868 4910 2323 4981 τιτρωσκόμενος,
2340 4914 2468 4975 τοὺς
2490 4912 2583 4964 ὑπ’
2611 4911 2761 4983 αὐτῷ
2783 4904 3149 4984 ταττομένους
3182 4915 3449 4987 θρασυτέ-

1872 5033 1998 5087 ρους
2027 5017 2191 5080 ποιεί,
2223 5016 2320 5070 καὶ
2353 5016 2553 5088 μᾶλλον
2589 5018 3035 5088 τιτρωσκόμενος
3055 5019 3447 5092 ἢτιτρώσκων.

1871 5124 2039 5177 Ὅταν
2053 5122 2164 5194 γὰρ
2189 5122 2371 5176 ἴδωσιν
2400 5123 2563 5176 αὐτὸν
2588 5124 2782 5193 αἵματι
2804 5125 3150 5196 πεφυρμένον
3163 5127 3258 5181 καὶ
3281 5125 3447 5198 τραύ·

1873 5242 2018 5297 ματα
2045 5227 2434 5299 περιφέροντα,
2449 5227 2544 5281 καὶ
2566 5227 2687 5281 ούδέ
2710 5227 2856 5283 οὕτω
2880 5230 3314 5303 παραχωροῦντα
3336 5231 3446 5292 τοῖς

1869 5331 2105 5405 ἐχθροῖς,
2133 5331 2247 5385 ἀλλ’
2278 5331 2490 5385 ἑστῶτα
2513 5333 2799 5401 γενναίως,
2822 5334 2919 5388 καὶ
2940 5335 3069 5406 δόρυ
3098 5335 3331 5397 σείοντα,
3355 5334 3452 5386 καὶ.

1872 5438 2133 5510 βάλλοντα
2155 5439 2600 5505 τοὺςοέναντίους,
2626 5441 2722 5494 καὶ
2752 5442 2888 5513 πρὸς
2910 5441 3012 5505 τάς
3032 5439 3329 5513 ἀλγηδόνας
3348 5441 3444 5494 ούγ

1869 5543 2160 5608 ἐνδιδόντα,
2210 5544 2349 5615 μετὰ
2400 5544 2645 5610 πλείονος
2691 5545 3126 5617 παρατάττονται
3170 5547 3268 5601 καὶ
3297 5546 3451 5602 αὐτοὶ

1868 5647 1968 5715 τῆς
1988 5648 2296 5720 προθυμίας
2319 5669 2333 5683 ο
2354 5650 2383 5703 ὃ
2410 5651 2475 5723 δὴ
2507 5654 2603 5706 καὶ
2625 5653 2718 5706 ἐπὶ
2734 5652 2948 5707 Παύλου
2971 5654 3212 5724 γέγονεν.
3251 5656 3446 5730 ὀρῶνο

1869 5766 1958 5813 τες
1981 5749 2091 5820 γάρ
2128 5753 2294 5805 αὑτὸν
2319 5753 2599 5824 δεδεμένον
2623 5755 2719 5808 καὶ
2751 5756 2812 5809 ἐν
2834 5756 2913 5827 τῷ
2943 5756 3303 5833 δεσμωτηρίῳ
3344 5776 3459 5827 κτεο,

1876 5849 2155 5921 ρύττοντα.
2197 5856 2291 5907 καὶ
2314 5854 2735 5925 μαστιζόμενον,
2783 5858 2877 5911 καὶ
2916 5860 3045 5923 τοὺς
3086 5860 3446 5930 μαστίζωτας

3127 5947 3165 6003 7
