4032 6470
611 467 710 523 515

611 587 981 660 χειρούμενον,
1038 586 1256 644 πλείονα
1297 585 1539 656 ἐδέχοντο
1580 583 1912 654 παρρησίαν.
1966 583 2056 636 Διὺ
2086 584 2181 637 καὶ

611 674 768 729 τοῦτο
791 675 987 747 δηλῶν,
1030 676 1129 746 οὐχ
1181 675 1365 731 ἁπλῶς
1406 678 1771 740 Πεποιθότιις
1823 669 1997 737 εἶπεν,
2048 674 2184 728 ἀλλὰ

610 766 972 839 προστίθησι,
1006 768 1455 837 Περισσοτέρως
1517 764 1750 836 τολμᾷν
1799 767 2036 836 ἀφόϐως
2079 768 2184 820 τὸν

609 860 793 927 λόγον
823 858 1067 914 deus?!"
1090 858 1355 922 τουτέστι,
1392 858 1593 929 μᾶλλον
1625 858 1741 925 νῦν,
1771 857 1804 929 ἢ
1836 859 1923 912 ὅτε
1951 857 2181 928 λελυμέ-

609 966 697 1015 νος
721 950 870 1021 ἢμην
894 991 907 1016 ,
936 949 1403 1023 ἐπαρρησιάζοντο
1430 952 1481 1003 οί
1511 950 1755 1019 ἀδελφοί.
1798 950 1932 1002 Τότε
1964 950 2184 1002 πλείονα

608 1041 915 1113 προθυμίαν
942 1045 1036 1096 καὶ
1085 1044 1249 1109 αὐτὸς
1287 1041 1564 1113 ἐλάμϐανε
1587 1058 1601 1073 ·
1660 1040 1861 1111 μᾶλλον
1897 1043 2006 1113 γὰρ
2060 1041 2182 1093 τότε

606 1129 957 1202 παρωξύνετο
984 1131 1124 1186 κατὰ
1150 1131 1260 1184 τῶν
1288 1130 1522 1201 ἐχθρῶν,
1553 1130 1648 1183 καὶ
1668 1131 1723 1183 αἱ
1748 1129 2052 1201 προσθῆκαι
2074 1128 2183 1181 τῶν

604 1226 880 1296 διωγμῶν,
916 1225 1226 1297 προσθῆκαι
1256 1222 1502 1287 πλείονος
1528 1221 1839 1296 παρρησίας
1863 1217 2003 1293 ἦσαν
2033 1220 2184 1292 αὐτῷ

492 1312 501 1321 ’
603 1318 697 1372 καὶ
744 1317 988 1389 μείζονος
1025 1317 1265 1388 θάρσους
1304 1316 1582 1379 ὑπόθεσις.
1637 1312 1999 1384 Συνεκλείσθη
2053 1313 2183 1382 γοῦν

599 1424 752 1472 ποτε,
790 1412 884 1463 καὶ
916 1409 1174 1464 τοσοῦτον
1207 1408 1533 1479 ἐξέλαμψεν,
1561 1406 1702 1461 ὥστε
1739 1408 1832 1460 καὶ
1865 1405 1931 1459 τά
1960 1406 2184 1473 θεμέλια

599 1500 834 1568 τινάξαι,
865 1502 963 1555 καὶ
990 1500 1089 1564 τὰς
1121 1499 1294 1572 θύρας
1327 1497 1664 1553 ἀναπετάσαι
1688 1536 1703 1561 ,
1739 1497 1833 1551 καὶ
1865 1496 1957 1550 τὸν
1989 1495 2184 1565 δεσμο-

600 1595 821 1665 φύλακα
861 1594 1201 1666 μεταστῆσαι
1224 1595 1361 1666 πρὸς
1395 1592 1610 1657 ἑαυτὸν,
1637 1592 1732 1645 καὶ
1764 1589 1855 1645 τὸν
1895 1589 2184 1654 δικάζοντα

604 1682 804 1755 μικροῦ
841 1686 1195 1755 μεταπεῖσαι,
1217 1684 1292 1747 ὡς
1320 1685 1414 1737 καὶ
1431 1682 1592 1737 αὐτὸν
1618 1684 1827 1739 ἐκεῖνον
1857 1680 2056 1749 λέγειν,
2078 1682 2183 1734 Ἐν

603 1779 786 1847 ὀλίγῳ
804 1794 883 1847 με
903 1776 1126 1841 πείθεις
1144 1775 1505 1843 Χριστιανὸν
1533 1774 1835 1844 γενέσθαι.
1874 1773 2045 1828 Πάλιν
2067 1773 2180 1825 ἐλι-

599 1871 820 1935 aegero,
852 1869 947 1922 καὶ
982 1869 1080 1939 τὴν
1111 1866 1517 1922 καταλεύουσαν
1554 1865 1710 1920 πόλιν
1756 1863 2012 1919 εἰσελθὼν
2053 1881 2180 1934 μετ-

604 1961 822 2031 έθηκεν.
874 1959 1169 2014 Ἐκάλεσαν
1198 1957 1358 2013 αὐτον
1388 1958 1463 2021 ὡς
1492 1958 1775 2029 μέλλοντες
1799 1958 2025 2027 κρίνειν,
2051 1955 2180 2009 ποτὲ

608 2056 706 2125 μὲν
756 2053 1038 2115 Ἰουδαῖοι,
1097 2051 1225 2105 ποτὲ
1257 2051 1313 2103 δὲ
1354 2049 1646 2121 Ἀθηναῖοι,
1696 2051 1788 2104 καὶ
1815 2049 2101 2119 γεγόνασιν
2130 2050 2178 2100 οί

602 2149 855 2201 δικασταὶ
881 2144 1141 2215 μαθηταὶ,
1167 2146 1217 2198 οἱ
1244 2144 1502 2197 ἀντίδικοι
1527 2144 1778 2215 ὑπήκοοι.
1798 2143 1910 2195 Kal
1930 2142 2179 2209 καθάπερ

602 2238 715 2308 πῦρ
747 2237 987 2308 ἐμπεσὸν
1017 2238 1096 2297 είς
1129 2235 1423 2306 διαφόρους
1468 2232 1620 2298 ὔλας,
1680 2232 1880 2304 μᾶλλον
1932 2230 2177 2295 αὔξεται,

602 2330 698 2384 καὶ
753 2327 1071 2398 προσθήκην
1105 2325 1372 2396 λαμϐάνει
1420 2327 1521 2396 τὴν
1588 2324 1956 2394 ὑποκειμένην
2009 2321 2176 2392 ὕλην·

593 2419 742 2474 οὕτω
764 2418 859 2472 καὶ
875 2419 908 2487 ἠ
929 2417 1151 2485 γλῶσσα
1175 2416 1410 2481 Παύλου,
1427 2417 1572 2480 ὅσοις
1594 2415 1658 2470 ἂν
1679 2414 2014 2483 συνεγένετο,
2040 2413 2178 2484 πρὸς

600 2512 791 2566 ἑαυτὸν
814 2510 1013 2573 αὐτοὺς
1041 2508 1292 2579 μεθίστη,
1316 2509 1414 2562 καὶ⁵
1435 2509 1485 2560 oi
1509 2507 1873 2578 πολεμοῦντες
1896 2506 2043 2576 αὐτῷ
2068 2508 2177 2568 τοῖς

600 2605 813 2660 ἐκείνου
839 2605 1019 2671 λόγοις
1050 2601 1272 2666 ἁλόντες
1290 2640 1305 2664 ,
1351 2600 1523 2672 τροφὴ
1555 2601 1766 2672 ταχέως
1794 2600 2075 2669 ἐγίγνοντο
2100 2596 2179 2668 τῷ

603 2677 961 2766 πνευματικῷ
986 2693 1163 2763 τούτῳ
1186 2691 1342 2764 πυρὶ,
1363 2695 1459 2747 καὶ
1487 2692 1553 2746 δι’
1580 2691 1759 2746 αὐτῶν
1793 2690 1955 2745 πάλιν
1973 2693 2002 2745 ὁ
2024 2690 2178 2757 λόγος

601 2789 787 2862 ᾔρετο,
816 2786 910 2841 καὶ
934 2789 1017 2855 ἐφ’
1047 2788 1263 2859 ἑτέρους
1292 2784 1508 2856 προῄει.
1550 2785 1641 2837 Διὸ
1673 2784 1765 2837 καὶ
1793 2783 1975 2850 ἔλεγε·
2013 2779 2179 2836 Δέδε-

596 2896 727 2947 μαι,
755 2879 891 2933 ἀλλ’
921 2880 954 2931 ὁ
982 2878 1164 2946 λόγος
1189 2879 1260 2931 οὐ
1286 2875 1535 2931 δέδεται.
1580 2874 1948 2943 Ἐιρυγάδευον
1976 2872 2139 2926 αὐτόν
2159 2888 2173 2902 ’

603 2974 702 3032 καὶ
727 2972 789 3025 τὸ
819 2971 916 3042 μὲν
937 2972 1170 3043 πρᾶγμα
1192 2969 1374 3034 δίωξις
1400 2964 1490 3039 ἦν,
1523 2967 1584 3021 τὸ
1603 2967 1662 3020 δὲ
1688 2965 2006 3037 συμϐαῖνον,
2037 2967 2176 3019 ἁπο-

604 3062 765 3133 στολὴ
797 3060 953 3133 [517]
983 3060 1341 3115 διδασκάλων.
1378 3060 1489 3113 Καὶ
1519 3061 1658 3132 ὅπερ
1691 3057 1758 3112 ἂν
1790 3058 2056 3129 ἐποίησαν
2081 3058 2173 3127 φί-

1289 471 1349 527 S.
1389 471 1678 528 JOANNIS
1716 473 2205 531 CllllYSOSTOMI
2247 476 2565 534 ARCIIIICP.
2599 475 3144 537 CONSTANTINOP.
3733 482 3815 536 πει

2284 585 2536 657 ἤλαυνον,
2567 585 2644 649 ὡς
2674 586 2882 651 πάντας
2931 589 3161 642 ἀκοῦσαι
3198 589 3297 657 τῆς
3328 589 3537 643 ἐκείνου
3586 591 3815 664 γλώττης.

2287 674 2524 745 Ἔδησαν
2548 674 2715 729 πάλιν
2741 676 2924 739 αὑτὸν,
2978 680 3075 730 καὶ
3105 677 3304 748 μᾶλλον
3343 679 3689 751 παρώξυναν·
3715 685 3818 746 τοὺς

2286 766 2533 837 μαθητάς
2577 766 2819 838 ῆλασαν,
2858 769 2952 822 καὶ
3000 771 3114 832 τοῖς
3159 769 3260 822 ούκ
3303 770 3485 839 ἔχουσι
3537 771 3819 827 διδάσκαλον

2283 856 2565 927 ἔπεμψαν·
2629 858 2711 921 είς
2739 858 2925 929 μεῖζον
2961 859 3169 931 ῆγαγον
3210 860 3575 933 δικαστήριον,
3624 866 3709 917 καὶ
3739 867 3818 934 τὴν

2286 948 2508 1017 μείζονα
2536 948 2826 1020 ὠφέλησαν
2850 950 3024 1004 πόλιν.
3060 952 3153 1005 Διὸ
3183 953 3276 1006 καί
3309 953 3599 1022 ἀλγοῦντες
3627 958 3673 1007 οι
3715 957 3817 1007 Ἰουο

2283 1039 2421 1094 δαῖοι
2455 1040 2585 1112 περὶ
2618 1040 2728 1094 τῶν
2774 1042 3091 1096 ἀποστόλων
3141 1044 3331 1112 ελεγον
3351 1059 3364 1073 °
3422 1047 3481 1099 Τί
3525 1047 3819 1116 ποιήσομεν

2284 1131 2409 1198 τοῖς
2440 1132 2772 1200 ἀνθρώποις
2820 1135 3093 1200 τούτοις;
3116 1135 3195 1187 Δι’
3215 1129 3291 1188 ὧν
3315 1177 3332 1199 ,
3363 1138 3523 1205 φασὶ,
3558 1140 3820 1209 προαιρού-

2286 1227 2446 1296 μεθα,
2480 1226 2567 1279 διὰ
2596 1225 2797 1279 τούτων
2819 1223 3077 1291 αὔξομεν.
3104 1228 3435 1300 Παρέδωκαν
3468 1228 3546 1300 τῷ
3583 1230 3819 1301 δεσμοφύ-

2282 1318 2427 1384 λακι,
2456 1319 2541 1371 ἵνα
2576 1317 2823 1388 άκριϐὦς
2857 1318 3019 1373 αὐτὸν
3050 1320 3300 1391 κατάσχῃ
3323 1337 3337 1350 ·
3391 1323 3420 1373 ὁ
3452 1320 3509 1373 δὲ
3536 1322 3823 1391 ἀκριϐέστε-

2287 1427 2378 1482 ρον
2419 1408 2577 1479 ὲδέθη
2613 1408 2719 1461 ὑπὸ
2772 1409 3010 1462 Παύλου.
3049 1410 3204 1464 Μετὰ
3248 1411 3542 1482 δεσμωτῶν
3576 1411 3819 1482 ἔπεμψαν,

2282 1501 2371 1554 ἵνα
2402 1499 2477 1571 μὴ
2505 1500 2681 1572 φεύγῃ
2704 1516 2720 1531 ⁸
2756 1501 2786 1553 ὁ
2828 1499 2888 1553 δὲ
2930 1502 3057 1563 τοὺς
3105 1501 3388 1571 δεσμώτας
3426 1504 3722 1576 κατήχησεο
3747 1503 3819 1557 διὰ

2281 1591 2381 1661 τῆς
2413 1591 2693 1662 θαλάσσης
2724 1590 2996 1661 ἔπεμψαν,
3020 1592 3108 1645 ἵνα
3130 1593 3225 1645 καὶ
3250 1591 3476 1656 ἄκοντες
3505 1596 3819 1664 παρασκευά.

2284 1703 2416 1740 σωσι
2447 1686 2657 1755 ταχέως
2689 1684 2988 1756 ἀνυσθῆναι
3038 1688 3137 1756 τὴν
3182 1685 3332 1741 ὁδόν
3372 1688 3469 1740 καὶ
3502 1688 3564 1742 τὸ
3598 1691 3821 1758 ναυάγιον

2280 1778 2342 1832 τὸ
2366 1777 2582 1849 συμϐὰν
2612 1777 2830 1845 ἐγένετο
2869 1777 3222 1842 διδασκαλίας
3272 1779 3533 1844 ὑπόθεσις
3577 1785 3684 1845 τοῖς
3702 1799 3822 1857 μυμ-

2282 1870 2505 1925 πλέουσι
2532 1886 2544 1898 ·
2591 1869 2792 1941 μυρίας
2822 1868 3080 1939 ἠπείλουν
3133 1870 3406 1937 κολάσεις,
3450 1872 3539 1925 ἵνα
3570 1872 3751 1943 σϐεσθῇ
3774 1873 3822 1924 τὺ

2282 1962 2563 2032 κήρυγμα,
2600 1959 2662 2013 τὸ
2699 1959 2755 2013 δὲ
2783 1959 2946 2031 ᾔρετο
2976 1959 3195 2030 μᾶλλον.
3262 1961 3371 2013 Καὶ
3402 1959 3591 2031 ὥσπερ
3640 1961 3724 2013 ἐπὶ
3743 1960 3821 2013 τοῦ

2281 2051 2555 2105 Δεσπότου
2611 2050 2797 2117 ἔλεγον
2816 2067 2829 2080 ·
2880 2050 3342 2119 Ἆποκτείνωμεν
3393 2050 3581 2105 αὐτὸν
3599 2091 3612 2113 ,
3638 2052 3730 2104 ἵνα
3750 2051 3819 2119 μὴ

2280 2147 2540 2200 ἔλθωσιν
2594 2147 2650 2198 οἱ
2709 2143 3000 2213 Ῥωμαῖοι,
3036 2143 3133 2197 καὶ
3164 2142 3351 2213 ἄρωσι
3402 2144 3503 2199 καὶ
3531 2145 3644 2212 τὴν
3667 2147 3823 2199 πόλιν

2282 2237 2451 2307 ἡμῶν
2474 2237 2574 2291 καί
2602 2238 2672 2290 τὸ
2701 2237 2897 2302 ἔθνος,
2930 2237 3023 2289 καὶ
3055 2236 3365 2289 τοῦναντίον
3410 2237 3640 2306 συνέϐη·
3662 2236 3819 2303 ἐπειδὴ

2280 2330 2391 2401 γὰρ
2435 2328 2763 2382 ἀπέκτειναν
2790 2326 2953 2399 αύτὸν
2973 2367 2990 2390 ,
3024 2326 3112 2379 διὰ
3139 2325 3301 2379 τοῦτο
3326 2322 3469 2396 ἦραν
3506 2329 3556 2380 oi
3596 2328 3822 2397 Ῥωμαῖοι

2280 2421 2374 2475 καὶ
2399 2420 2458 2474 τὸ
2478 2420 2630 2484 ἔθνος
2658 2418 2837 2474 αὐτῶν
2864 2420 2957 2473 καὶ
2980 2418 3079 2490 τὴν
3102 2418 3253 2472 πόλιν
3275 2437 3287 2448 ’
3317 2420 3413 2472 καὶ
3439 2420 3584 2490 άπερ
3611 2420 3824 2488 ἐνόμιζον

2281 2510 2418 2565 εἶναι
2448 2510 2765 2581 κωλύματα,
2803 2508 2977 2563 ταῦτα
3006 2509 3223 2578 ἐγένετο
3257 2508 3583 2582 βοηθήματα
3621 2509 3708 2563 τοῦ
3740 2527 3824 2579 κη-

2284 2604 2560 2677 ρύγματος
2581 2620 2594 2633 ·
2619 2602 2762 2656 οὕτω
2785 2602 2880 2656 καὶ
2896 2600 3112 2656 Παύλου
3142 2601 3530 2673 κηρύττοντος,
3554 2602 3693 2673 άπερ
3742 2602 3824 2652 ἑπ-

2280 2700 2486 2769 ήγαγον
2515 2697 2713 2749 ἐκεῖνοι
2745 2694 2834 2749 τὸν
2873 2693 3030 2762 λόγον
3058 2693 3419 2758 ἐκκόπτοντες
3438 2735 3454 2761 ,
3476 2694 3649 2748 ταῦτα
3689 2693 3824 2746 αὐτὸν

2279 2788 2508 2859 ηὔξησε,
2536 2787 2632 2840 καὶ
2661 2786 2742 2848 είς
2768 2783 2901 2854 ὕψος
2933 2783 3141 2854 ἐπῆρεν
3168 2784 3397 2854 ἄφατον.
3445 2785 3548 2838 Διὰ
3584 2785 3646 2855 δὴ
3678 2782 3824 2837 ταῦτα

2280 2882 2465 2937 πάντα
2481 2877 2965 2949 εύχαριστήσωμεν
2992 2875 3071 2946 τῷ
3094 2876 3390 2948 εὐμηχάνφ
3419 2875 3572 2948 Θεῷ,
3619 2874 3822 2946 μακαρί-

2281 2984 2461 3039 σωμεν
2487 2966 2579 3019 τὸν
2614 2963 2846 3026 Παῦλον,
2868 2963 2933 3018 δι’
2977 2957 3039 3017 οὗ
3078 2965 3252 3019 ταῦτα
3275 2965 3526 3034 γέγονεν,
3571 2951 3824 3035 εὐξώμεθα

2280 3061 2374 3113 καὶ
2404 3058 2555 3113 αὐτοὶ
2577 3055 2685 3109 τῶν
2715 3055 2894 3109 αὐτῶν
2916 3056 3196 3127 ἐπιτυχεῖν
3227 3055 3450 3125 ἀγαθῶν
3469 3098 3485 3119 ,
3522 3058 3698 3128 χάριτι
3750 3054 3824 3106 καὶ

2286 3142 2667 3216 φιλανθρωπίᾳ
2684 3142 2778 3196 τοῦ
2802 3143 3009 3215 Κυρίου
3027 3143 3181 3213 ἡμῶν
3217 3143 3393 3208 Ἰησοῦ
3422 3143 3678 3216 Χριστοῦ,
3697 3143 3755 3196 δι’
3776 3134 3825 3194 οὗ

2285 3232 2378 3289 καὶ
2408 3232 2524 3305 μεθ’
2553 3226 2614 3285 οὗ
2642 3232 2720 3302 τῷ
2752 3232 2924 3303 Πατρὶ
2961 3231 3107 3299 δόξα,
3132 3234 3248 3305 ἅμα
3279 3231 3359 3304 τῷ
3379 3236 3523 3306 ἁγίῳ
3557 3235 3823 3306 Πνεῦματι,

2281 3328 2362 3391 είς
2386 3326 2514 3389 τοὺς
2538 3322 2740 3387 αῑῶνας
2768 3323 2878 3378 τῶν
2910 3323 3148 3385 αίάινων.
3195 3326 3389 3397 Ἀμήν.

600 3155 683 3209 λοι
715 3154 812 3208 καὶ
853 3151 1298 3221 συντεταγμένοι,
1345 3150 1504 3205 τοῦτο
1555 3148 1773 3203 ἐποίουν
1822 3148 1872 3201 oi
1901 3147 2171 3218 πολέμιοι.

602 3247 703 3302 οὐκ
734 3245 930 3309 ἐῶντες
958 3246 1016 3297 ὲν
1041 3244 1122 3300 ἑνὶ
1153 3243 1463 3315 ίδρυνθῆναι
1492 3241 1700 3314 χωρίῳ,
1732 3239 1868 3295 ἀλλὰ
1897 3236 2177 3312 πανταχοῦ

605 3335 957 3407 περιάγοντες
980 3334 1072 3388 τὸν
1106 3333 1312 3407 Ξατρὸν,
1338 3333 1406 3386 δι’
1437 3326 1512 3386 ὧν
1559 3328 1920 3384 ἐπεϐούλευον
1940 3368 1955 3395 ,
1987 3328 2054 3382 δι’
2097 3323 2173 3382 ὧν

598 3936 3825 3986 Wa.“

2043 4139 2401 4202 MONITUM

665 4311 843 4385 Hujus
871 4312 1153 4368 concionis
1184 4321 1404 4383 tempus
1434 4312 1678 4380 assignat
1706 4308 2139 4380 Chrysostomus
2182 4303 2350 4375 paulo
2376 4309 2501 4373 post
2521 4299 2739 4356 initium
2765 4318 2779 4356 :
2809 4299 3037 4365 Quintus
3067 4299 3210 4355 enim
3243 4316 3437 4365 annus,
3493 4301 3688 4371 inquit,
3732 4298 3833 4367 jam

587 4427 868 4499 praeteriit,
901 4442 966 4482 ea:
995 4443 1103 4498 quo
1128 4427 1218 4482 ὶιίε
1241 4428 1487 4498 migravit
1523 4426 1592 4480 ad
1631 4423 1840 4480 Iesum.
1883 4423 2033 4479 Obiit
2063 4430 2247 4478 autem
2277 4419 2528 4476 Meietius
2556 4414 3061 4486 Constantinopoli,
3099 4416 3194 4471 illo
3225 4426 3487 4473 evocatus
3511 4418 3581 4473 ab
3609 4417 3825 4487 impera-

589 4556 728 4614 tore,
783 4557 933 4599 annc
979 4540 1106 4607 381,
1140 4541 1288 4597 circa
1329 4539 1493 4597 ﬁnem
1554 4537 1761 4595 mensis
1793 4535 1944 4591 Maii.
1981 4534 2355 4603 Quamobrem
2408 4540 2535 4604 post
2589 4545 2836 4587 mensem
2866 4529 3071 4587 Maium
3126 4532 3256 4587 anni
3286 4532 3394 4587 586
3445 4532 3633 4588 habita
3679 4528 3825 4584 fuerit

590 4661 709 4714 haec
740 4654 989 4721 homilia,
1021 4664 1150 4711 ante
1184 4669 1406 4727 capsam
1469 4652 1826 4724 reliquiarum
1877 4650 2125 4721 ejusdem
2155 4649 2372 4715 sancti;
2416 4662 2528 4702 non
2567 4646 2622 4701 in
2666 4646 3043 4702 anniversaria
3089 4647 3273 4703 obitus
3302 4647 3432 4703 die:
3478 4662 3657 4719 neque
3704 4646 3832 4701 enim

590 4782 820 4841 dixisset
838 4782 1268 4855 Chrysostomus
1294 4778 1409 4851 jam
1436 4776 1770 4849 praeteriisse
1800 4789 2007 4830 annum
2035 4773 2314 4844 quintum,
2350 4769 2453 4842 ἤδη
2489 4767 2862 4841 παρέδραμεν,
2895 4767 2991 4825 sed
3024 4767 3275 4823 fortassis
3307 4766 3365 4821 in
3418 4767 3508 4821 die
3540 4763 3836 4820 translatio-

592 4900 683 4954 nis
702 4898 1059 4970 reliquiarum
1088 4898 1210 4970 ejus
1239 4886 1617 4958 Antiochiam,
1653 4909 1777 4964 qua:
1817 4889 2062 4947 incidere
2096 4888 2313 4943 videtur
2343 4888 2396 4942 in
2427 4886 2807 4960 duodecimam
2834 4883 3141 4949 Februarii,
3180 4898 3290 4954 qua
3315 4882 3404 4938 die
3458 4876 3828 4952 Martyrologia
3858 4934 3866 4971 ξ

593 5012 845 5069 Gracum
870 5020 928 5067 et
974 5008 1281 5067 Romanum
1310 5006 1431 5076 ejus
1484 5003 1686 5061 festum
1732 5000 2091 5059 annuntiant.
2120 4998 2227 5065 Qui
2259 5000 2505 5056 calculus
2535 5000 2582 5056 si
2611 5006 2846 5065 constet,
2877 5005 2932 5052 et
2965 4996 3013 5052 si
3045 4994 3433 5068 Martyrologia
3466 4996 3611 5051 diem
3665 5002 3831 5048 trans-

522 5133 528 5139 ‘
591 5123 815 5181 lationis
871 5130 1124 5179 accurate
1150 5129 1362 5187 notent,
1393 5117 1541 5190 quod
1580 5124 1764 5172 tamen
1800 5126 1969 5170 secus
2011 5124 2191 5180 neque
2225 5126 2351 5166 raro
2377 5111 2666 5183 contingit,
2691 5111 2811 5167 haec
2833 5108 3027 5166 concio
3076 5108 3264 5163 habita
3310 5106 3478 5164 luerit
3527 5104 3829 5163 duodecima

591 5237 875 5298 Februarii
901 5235 1032 5293 anni
1057 5236 1184 5304 387,
1215 5246 1341 5309 post
1361 5248 1537 5291 annos
1556 5231 1824 5304 quinque,
1867 5238 1924 5286 et
1944 5235 2069 5285 octo
2093 5241 2219 5284 cum
2248 5226 2477 5297 dimidio
2504 5240 2745 5294 menses,
2769 5239 2936 5298 quam
2962 5223 3279 5282 decesserat
3304 5221 3580 5281 Meletiua.
3623 5219 3826 5275 Certum
