4032 6450
172 519 268 575 5:3
515 551 531 568 ν
1012 514 1096 567 nr.
1130 514 1188 570 s.
1222 510 1528 568 MELETIO
1563 511 2030 568 ANTIOCHENO.
2059 545 2128 555 -
2159 513 2491 576 MONITUM.

161 655 186 689 ιι
200 656 226 689 e
247 645 568 705 capientem,
597 635 846 702 majorem
869 634 1105 701 profecto
1132 631 1375 686 fiduciam
1398 627 1734 693 colligebant.

169 727 223 780 Et
248 723 448 780 idcirco
483 740 586 778 non
613 723 744 778 dixit
772 723 1083 791 simpliciter
1110 722 1465 791 Con/identes;
1492 721 1587 776 sed
1607 761 1623 774 .
1655 719 1740 773 lta

165 829 212 870 ut
234 816 575 870 abundantius
603 815 842 868 auderent
868 815 975 867 sine
999 817 1177 868 timore
1204 815 1405 868 verbum
1429 812 1527 867 Dei
1554 812 1691 868 loaui
1717 828 1736 865 :

156 909 346 978 magis,
379 908 589 977 inquit,
618 907 776 962 modo
804 922 961 977 quam
991 921 1111 960 cum
1138 921 1311 961 essem
1335 895 1473 961 liber
1496 921 1526 960 a
1555 904 1741 958 vincu-

164 1000 220 1052 lis
241 1040 257 1063 ,
288 999 483 1053 fratres
514 998 869 1066 praedicabant
897 998 1226 1052 fiducialiter.
1271 996 1420 1050 Tunc
1449 997 1589 1050 enim
1616 1012 1738 1050 cer-

171 1090 349 1144 tiorem
381 1089 710 1142 alacritatem
739 1099 793 1142 et
831 1089 944 1157 ipse
969 1089 1251 1156 capiebat,
1282 1102 1344 1141 ac
1372 1087 1738 1141 vehementius

165 1184 210 1234 in
232 1180 562 1234 adversarios
583 1179 869 1242 ferebatur,
889 1188 944 1234 et
961 1180 1286 1233 incrementa
1309 1177 1733 1249 persequutionis

164 1271 367 1340 Inajnris
396 1271 468 1324 illi
497 1270 692 1325 fiebant
711 1285 868 1324 causa
889 1271 1222 1325 οοιιειιιιιιίεε,
1255 1269 1494 1322 luclusus
1521 1279 1602 1322 est
1621 1269 1739 1338 qui-

166 1364 271 1417 dem
301 1364 350 1416 in
379 1377 599 1417 carcere
618 1405 633 1429 ,
663 1369 973 1432 tantumque
1003 1364 1053 1416 in
1083 1379 1149 1416 eo
1177 1363 1384 1416 virtutis
1413 1360 1644 1425 refulsit,
1680 1372 1737 1414 ut

164 1455 305 1506 etiam
335 1452 681 1507 fundamenta
711 1462 1058 1522 quaterentur
1095 1462 1151 1507 et
1187 1451 1320 1505 ostia
1355 1451 1733 1519 panderentur.

166 1546 430 1600 Custodem
451 1560 664 1615 quoque
690 1554 816 1599 tunc
842 1545 1014 1615 ipsum
1034 1545 1264 1600 carceris
1285 1545 1351 1599 ad
1373 1546 1530 1599 ﬁdem
1557 1555 1731 1597 trans-

167 1637 267 1691 tulit
291 1638 421 1706 (Act.
460 1637 569 1706 16),
593 1637 759 1706 judici
790 1653 924 1707 pene
955 1640 1232 1707 persuasit,
1269 1639 1340 1693 ita
1365 1647 1422 1692 ut
1450 1639 1566 1707 ipse
1589 1636 1735 1691 dice-

165 1741 234 1784 ret
259 1747 271 1781 :
302 1729 366 1783 In
396 1731 597 1783 modico
624 1747 700 1784 me
724 1733 905 1784 suades
935 1730 1277 1786 Christianum
1307 1734 1419 1800 ﬁeri
1450 1733 1469 1803 (
1499 1735 1610 1787 Act.
1638 1733 1729 1788 26.

162 1823 260 1892 28).
297 1821 506 1874 Rursus
532 1836 652 1874 cum
679 1821 1033 1891 iapidaretur,
1081 1824 1288 1892 plenam
1322 1824 1499 1893 pepuli
1543 1826 1733 1878 civita-

165 1921 256 1964 tem
286 1910 406 1964 ftdci
436 1912 560 1966 luce
586 1911 869 1966 donavit‘:
897 1921 950 1967 et
984 1913 1244 1968 vocabant
1269 1930 1390 1967 eum
1418 1917 1564 1984 quasi
1586 1916 1731 1984 judi-

164 2003 312 2055 caturi
349 2002 566 2066 Judaei,
597 2012 725 2058 tunc
767 2004 927 2060 etiam
962 2005 1316 2060 Athenienses
1345 2006 1472 2060 facti
1511 2016 1636 2061 sunt
1666 2023 1732 2062 ex

165 2093 462 2150 adversariis
505 2095 740 2163 subditi,
768 2106 823 2150 et
848 2112 915 2151 ex
935 2097 1202 2165 judicibus
1232 2106 1450 2166 repente
1467 2098 1730 2169 discipuli.

162 2182 291 2239 Sicut
317 2185 455 2239 enim
501 2186 644 2255 ignis
673 2187 728 2240 in
765 2187 1002 2242 diversas
1027 2190 1342 2258 plerumque
1366 2191 1614 2244 materias
1646 2191 1730 2244 in-

164 2275 324 2330 cidens
355 2286 584 2347 augetur
618 2279 784 2348 magis
808 2319 822 2344 ,
851 2288 905 2332 et
942 2296 1005 2334 ex
1045 2280 1282 2349 subjecta
1310 2280 1412 2335 sibi
1438 2280 1733 2336 substantia

165 2366 471 2422 incrementa
497 2370 722 2423 sortitur
747 2385 761 2422 :
791 2370 868 2424 sic
897 2370 1056 2425 etiam
1083 2372 1259 2440 lingua
1291 2371 1442 2425 Pauli
1467 2412 1480 2433 ,
1511 2372 1731 2440 quibus-

162 2469 364 2526 cumque
377 2459 572 2513 fuisset
586 2459 819 2524 admeta,
840 2461 906 2516 ad
927 2461 1160 2531 seipsum
1181 2475 1274 2516 eos
1291 2461 1543 2516 continuo
1560 2470 1733 2517 trans-

161 2549 357 2604 ferebat.
408 2542 812 2621 l'mpugnatores
855 2567 1066 2622 quoque
1113 2553 1228 2622 ejus
1273 2553 1520 2610 celeriter
1566 2554 1732 2623 ipsius

159 2639 302 2694 verbo
325 2641 463 2710 capti
498 2641 758 2711 pabulum
797 2642 1065 2712 quoddam
1092 2644 1349 2712 spirituali
1377 2645 1500 2700 huic
1527 2647 1728 2701 efﬁcie-

160 2730 329 2786 bantur
349 2733 494 2802 igni,
528 2748 736 2804 perque
771 2735 914 2802 ipsos
943 2735 1112 2804 magis
1141 2735 1412 2806 Evangelii
1438 2736 1576 2791 fama
1606 2753 1727 2792 cre-

159 2825 336 2890 scebat,
363 2825 568 2880 idcirco
594 2826 802 2881 dicebat
830 2843 845 2879 :
867 2827 1118 2896 Alligatus
1141 2844 1273 2895 sum,
1292 2828 1381 2880 sed
1407 2831 1606 2882 verbum
1634 2829 1730 2882 Dei

160 2929 242 2968 non
266 2924 333 2970 est
359 2915 635 2986 alligatum
659 2915 678 2986 (
702 2916 758 2969 2.
787 2915 918 2970 Tim.
946 2917 1000 2971 2.
1029 2917 1063 2973 9
1087 2920 1126 2988 ).
1154 2917 1430 2988 Fugabant
1461 2935 1581 2974 eum
1620 2920 1727 2974 fre-

160 3015 356 3074 quenter
383 3008 613 3073 inimici,
653 3015 712 3063 et
741 3015 994 3077 quantum
1023 3010 1236 3078 quidem
1264 3009 1333 3065 ad
1359 3025 1472 3064 rem
1498 3019 1724 3078 spectat.

160 3099 596 3166 persequebantur
626 3115 639 3151 :
667 3109 922 3168 quantum
948 3114 1076 3154 vero
1104 3099 1172 3155 ad
1199 3110 1453 3156 eventum
1482 3101 1581 3165 rei,
1608 3102 1726 3156 aliis

159 3187 407 3244 mittebant
431 3191 750 3260 magistrum
775 3192 866 3260 qui
888 3206 954 3246 eo
971 3192 1225 3247 carebant
1251 3210 1264 3245 :
1292 3193 1536 3262 quodque
1561 3192 1725 3248 facie-

159 3277 266 3332 bant
296 3283 444 3334 amici
481 3290 654 3351 atque
690 3281 1014 3349 concordes,
1046 3281 1145 3337 hoc
1178 3283 1321 3337 velut
1359 3284 1536 3337 studio
1571 3298 1725 3338 exse-

159 3370 431 3435 quebantur
473 3372 720 3435 inimici,
758 3388 1044 3443 numquam
1087 3375 1324 3430 sinentes
1364 3390 1487 3429 eum
1527 3375 1580 3429 in
1621 3391 1724 3429 una

159 3457 485 3517 habitaculum
510 3463 737 3533 regione
775 3464 1041 3519 collocare
1061 3505 1076 3529 ,
1103 3465 1199 3520 sed
1228 3466 1725 3535 persequutionibus

161 3548 449 3623 insidiisque
476 3553 745 3624 pellentes
765 3595 778 3621 ,
806 3569 903 3624 per
932 3565 1148 3610 cunctas
1171 3555 1390 3610 omnino
1426 3557 1726 3626 provincias

206 3691 211 3708 '
252 3694 340 3748 απ,
364 3688 668 3753 ιιιρίὀωιεεγη
683 3689 921 3740 civitatem
941 3690 1186 3753 ingressus
1211 3690 1492 3742 immutavit.

3328 529 3428 585 5H

1849 628 2114 684 medicum
2134 631 2617 698 eircumducebant,
2643 644 2692 689 ut
2715 650 2902 691 omnes
2919 637 3163 694 videlicet
3179 639 3430 694 salutaria

1845 717 1962 786 ejus
2003 720 2196 790 linguaa
2243 725 2476 778 remedia
2519 729 2794 781 sentirent.
2844 728 3048 784 Rursus
3078 730 3429 801 alligaverunt

1843 827 1966 867 eum
1991 853 2005 875 ,
2034 813 2127 867 sed
2164 816 2338 868 acrius
2365 817 2415 869 in
2443 816 2802 872 defensionem
2835 820 2954 874 ﬁdei
2979 821 3267 892 discipulos
3293 838 3425 876 con-

1845 903 2104 966 citarnnt;
2134 905 2436 973 persequuti
2459 918 2598 970 sunt,
2623 917 2805 963 etnon
2831 909 3145 965 habentibus
3168 914 3427 967 miserunt
3489 950 3501 966 ο

1844 992 2188 1062 magistrum;
2249 995 2314 1048 ad
2344 997 2514 1064 majus
2537 997 2794 1064 jttdicium
2827 1013 3248 1068 provocavcrunt
3269 1045 3286 1067 .
3334 1004 3429 1060 sed

1844 1082 2057 1139 uberius
2087 1084 2253 1138 Judmi
2283 1086 2592 1141 beneficium
2621 1092 2962 1144 contulerunt
2983 1094 3020 1156 ¹,
3047 1103 3265 1162 propter
3288 1107 3426 1163 quod

1843 1185 1897 1229 et
1919 1176 2086 1230 Judasi
2129 1178 2376 1232 dicebant
2405 1179 2472 1234 de
2499 1183 2754 1250 apostolis
2786 1183 3026 1241 dolentes
3057 1204 3068 1237 :
3103 1187 3239 1251 Quid
3267 1189 3424 1258 [ueie-

1843 1284 1953 1320 mus
1994 1269 2103 1322 istis
2130 1269 2411 1323 hominibus
2437 1272 2454 1339 (
2479 1272 2590 1324 Act.
2623 1275 2675 1326 4.
2709 1275 2776 1327 16
2796 1274 2854 1344 )?
2896 1276 2996 1330 Per
3022 1293 3138 1344 qua:
3165 1279 3305 1332 enim
3334 1293 3426 1332 eos

1841 1360 2144 1428 Opprim'ere
2175 1361 2450 1427 volumus,
2484 1379 2575 1430 per
2599 1379 2661 1418 ea
2701 1365 2810 1433 ipsa
2841 1367 3202 1434 provehimus.
3240 1370 3425 1423 Tradi-

1841 1449 2034 1503 derunt
2080 1451 2286 1505 custodi
2331 1455 2584 1518 carceris,
2629 1465 2686 1508 ut
2726 1471 2847 1509 eum
2894 1458 3173 1524 diligenter
3220 1460 3425 1528 ligaret,

1841 1542 1934 1596 sed
1962 1544 2074 1612 ipse
2103 1559 2130 1595 a
2161 1545 2323 1600 Paulo
2352 1548 2548 1601 arctius
2573 1548 2816 1617 alligatus
2844 1559 2945 1602 est.
2977 1551 3111 1604 Cum
3139 1553 3242 1606 reis
3267 1562 3424 1621 atque

1840 1633 2032 1688 vinctis
2069 1650 2190 1688 eum
2233 1637 2530 1704 miserunt,
2563 1654 2628 1693 ne
2670 1639 2978 1709 aufugeret;
3026 1651 3081 1694 at
3109 1642 3194 1696 ille
3225 1644 3424 1699 vinetos

1839 1726 2137 1782 Christiana
2169 1728 2407 1784 doctrina
2446 1731 2650 1785 imbuit.
2699 1732 3072 1800 [inposuerunt
3111 1749 3232 1786 cum
3263 1735 3422 1799 navi,

1840 1827 1896 1870 ut
1921 1818 2078 1884 plane
2103 1819 2262 1872 etiam
2289 1821 2529 1874 nolentes
2554 1822 2704 1876 ocius
2733 1821 2832 1875 iter
2853 1822 2968 1890 ejus
2992 1821 3228 1876 facerent
3252 1825 3421 1892 explia

1839 1908 1988 1974 cari,
2026 1910 2380 1979 accidensque
2416 1909 2747 1980 naufragium
2789 1910 2987 1965 factum
3028 1927 3147 1966 cum
3171 1913 3425 1980 Apostolo

1837 1999 2205 2068 navigantibus
2238 2015 2397 2056 causa
2426 2002 2700 2056 doctrinae.
2749 2002 3085 2058 Minabantur
3123 2003 3268 2057 tuillc
3295 2019 3421 2073 sup-

1839 2090 1990 2157 plicia
2016 2129 2031 2153 ,
2059 2099 2119 2143 ut
2157 2091 2332 2158 ignem
2373 2091 2764 2158 praedicationis
2803 2093 3205 2162 exstinguerent
3227 2134 3242 2157 ,
3271 2095 3358 2163 qui
3392 2112 3421 2145 (ξ

1838 2181 2106 2234 contrario
2143 2183 2310 2251 magis
2345 2182 2468 2238 inde
2494 2185 2789 2238 crescebat.
2839 2185 2906 2238 Et
2939 2187 3075 2239 sicut
3106 2186 3171 2239 de
3201 2187 3424 2239 Domino

1837 2275 2083 2328 dixerunt
2102 2316 2116 2337 ,
2148 2274 2452 2328 Occidamus
2479 2293 2622 2340 eum,
2656 2293 2717 2329 ne
2742 2278 2941 2330 veniant
2966 2276 3219 2337 Romani.
3247 2287 3292 2331 et
3323 2281 3420 2330 to!-

1837 2366 1942 2419 lant
1969 2365 2132 2419 locum
2158 2375 2382 2420 nostrum
2409 2376 2558 2436 atque
2582 2378 2776 2438 gentem
2809 2366 2985 2438 (Joau.
3016 2369 3101 2422 ll.
3135 2366 3247 2440 48),
3279 2371 3423 2424 acci-
3483 2383 3493 2392 '

1838 2458 2021 2527 ditque
2051 2459 2373 2514 contrarium
2407 2477 2420 2513 :
2449 2475 2569 2513 nam
2609 2459 2730 2529 quia
2773 2461 3084 2515 occiderunt
3110 2477 3232 2516 eum
3253 2503 3267 2524 ,
3299 2478 3421 2534 pro-

1837 2561 2012 2617 pterea
2037 2549 2260 2603 Romani
2289 2559 2341 2604 et
2363 2559 2574 2620 gentem
2596 2564 2781 2604 eorum
2803 2561 2854 2605 et
2877 2553 3144 2606 civitatem
3166 2553 3420 2606 tulerunt:

1835 2650 1889 2694 et
1913 2656 2032 2710 quae
2071 2641 2391 2709 putabantur
2420 2642 2793 2711 impedimenta
2826 2642 3234 2710 praedicationis,
3265 2643 3417 2697 fortia

1833 2730 2198 2784 efficiebantur
2221 2732 2416 2785 auxilia
2443 2749 2456 2784 :
2480 2732 2556 2786 sic
2576 2731 2733 2786 etiam
2755 2731 3075 2801 prmdicante
3096 2733 3281 2798 Paulo,
3302 2750 3420 2802 qua:

1831 2821 2121 2875 adversarii
2163 2821 2229 2875 ad
2275 2821 2684 2890 opprimendum
2731 2823 2959 2877 intulere
3002 2823 3218 2877 verbum
3243 2865 3260 2890 ,
3302 2823 3417 2878 haec

1833 2911 1960 2965 illud
2003 2912 2069 2966 ad
2107 2912 2427 2968 ineil‘abilem
2471 2913 2756 2983 quamdam
2793 2913 3124 2968 altitudinem
3165 2915 3415 2968 subleva-

1832 3012 1972 3056 runt.
2003 3002 2179 3071 Super
2203 3003 2288 3057 his
2313 3019 2440 3059 vero
2474 3005 2721 3059 omnibus
2759 3005 2956 3074 gratias
2987 3005 3127 3059 bono
3156 3013 3418 3058 tantarum

1831 3109 2008 3148 rermn
2037 3097 2239 3150 auctori
2265 3111 2486 3165 agamus
2515 3097 2641 3164 Deo,
2666 3097 3028 3167 glorificemus
3057 3097 3300 3162 Paulum,
3329 3113 3418 3166 per

1829 3203 1986 3256 quem
2018 3189 2115 3242 ista
2142 3189 2406 3258 completa
2431 3198 2554 3244 sunt
2583 3207 2595 3242 :
2624 3204 2844 3244 oremus
2869 3190 3049 3254 etiam,
3080 3199 3134 3242 ut
3161 3190 3258 3259 ipsi
3290 3205 3419 3258 quo-

1829 3296 1932 3349 que
1961 3280 2166 3335 eisdem
2194 3280 2531 3350 perfruamur
2559 3282 2746 3346 bonis,
2780 3281 2947 3350 gratia
2973 3289 3027 3335 et
3054 3281 3417 3336 misericordia

1831 3371 2039 3426 Domini
2084 3373 2253 3426 nostri
2297 3371 2423 3426 Jesu
2461 3372 2688 3434 Christi,
2735 3388 2828 3440 per
2865 3388 3024 3441 quem
3066 3381 3120 3425 et
3161 3386 3419 3441 cumquo

1828 3466 1998 3535 gloria
2027 3465 2169 3519 Patri
2194 3504 2209 3528 ,
2240 3480 2361 3520 cum
2390 3465 2588 3534 Spiritu
2616 3475 2799 3518 sancto
2828 3506 2841 3531 ,
2877 3465 2928 3517 in
2959 3463 3152 3517 sa~cula
3193 3464 3416 3518 saeculo-

1828 3573 1968 3611 rum.
1996 3559 2189 3611 Amen.

1893 3695 1910 3725 ι
1944 3699 2042 3751 Gr.,
2068 3697 2113 3742 et
2135 3691 2311 3755 majori
2334 3693 2556 3756 profuere
2576 3690 2767 3742 civitati.
2795 3696 2997 3754 Propter
3019 3691 3165 3756 quod,
3193 3698 3288 3742 etc.

157 3995 3381 4045 mw

1018 4201 1112 4261 AD
1148 4205 1524 4264 HOMILIAM
1565 4203 1645 4265 IN
1691 4203 2044 4266 SANCTUM
2087 4210 2505 4271 MELETIUM.

162 4369 359 4427 omnino
383 4373 606 4432 videtur
637 4377 777 4432 hanc
822 4378 1097 4435 homiliam
1131 4381 1539 4450 pronuntiatam
1592 4382 1762 4441 fuisse
1800 4386 1883 4440 vel
1943 4402 2089 4443 anno
2134 4389 2274 4454 586,
2321 4401 2446 4460 post
2489 4408 2728 4448 mensem
2770 4392 2970 4448 Maium
2996 4435 3012 4462 ,
3062 4396 3146 4451 vel
3184 4396 3403 4452 ineunte

159 4498 278 4542 anno
300 4491 422 4547 387.

211 4623 278 4681 De
305 4627 359 4683 S.
393 4630 617 4688 Meletio
644 4634 893 4704 quaedam
915 4635 1154 4698 diximus
1181 4640 1234 4693 in
1272 4639 1396 4697 Vita
1426 4641 1484 4698 S.
1522 4643 1807 4699 Athanasii
1841 4645 1908 4700 ad
1959 4661 2161 4701 annum
2197 4646 2321 4701 56f.
2358 4647 2405 4703 ls
2464 4665 2659 4718 nempe
2699 4650 2768 4704 ab
2823 4649 3068 4712 Arianis,
3124 4649 3216 4718 qui
3273 4648 3389 4704 suis

154 4741 370 4804 partibus
398 4743 552 4820 [518]
580 4747 857 4804 addictum
887 4755 1172 4822 putabant,
1202 4757 1491 4834 ordinatus
1531 4760 1585 4814 in
1615 4761 1935 4832 episcopum
1985 4763 2408 4827 Antiochenam,
2449 4763 2546 4817 τοῦ
2575 4765 2865 4834 ὁμοουσιου
2899 4764 3156 4820 defensor
3188 4765 3394 4820 acerri-

154 4868 258 4910 mus
292 4870 444 4932 erat;
471 4878 587 4933 quo
609 4875 909 4936 comperto,
942 4869 1132 4924 Ariani
1163 4887 1328 4940 penes
1350 4889 1491 4945 quos
1531 4885 1646 4930 tum
1690 4893 1907 4933 summa
1929 4887 2066 4941 erat,
2098 4878 2374 4934 hominem
2409 4880 2461 4933 in
2492 4880 2750 4935 exsilium
2788 4881 3064 4952 deportari
3098 4891 3390 4937 curarunt.

156 4968 216 5028 De
232 4976 453 5036 dissidio
481 4991 664 5040 autem
688 4983 807 5055 ejus
839 4996 1080 5058 tempore
1109 4990 1274 5044 etiam
1333 4991 1474 5047 inter
1510 4992 1828 5050 Catholicos
1878 4993 2131 5060 suborto,
2173 4996 2296 5051 vide
2323 5012 2448 5066 quae
2475 4996 2717 5054 diximus
2750 4999 2804 5052 in
2844 4997 3048 5054 Monito
3080 4997 3146 5053 ad
3205 4996 3396 5053 Homi—

151 5087 264 5146 liam
283 5095 348 5151 de
372 5098 755 5156 Anathemate.
797 5100 1066 5159 Caeterum
1100 5105 1152 5160 in
1182 5107 1284 5162 hac
1328 5108 1550 5164 homilia
1581 5119 1636 5164 et
1668 5109 1966 5180 imaginum
2003 5110 2186 5166 cultus
2210 5119 2266 5166 et
2313 5112 2638 5170 intercessio
2666 5112 2998 5170 Sanctorum
3034 5122 3219 5192 aperte
3247 5128 3398 5186 pra:-

150 5205 368 5265 dicatur.

213 5315 397 5381 incerti
425 5327 931 5401 interpretationem
961 5334 1148 5390 multis
1175 5334 1230 5390 in
1255 5335 1392 5391 locis
1426 5337 1772 5392 emendatam
1801 5351 1832 5392 e
1867 5337 2088 5407 regione
2111 5337 2284 5394 Graeci
2324 5347 2502 5394 textus
2531 5339 2754 5395 damus.
