4032 6442
144 364 250 424 5Ιὸ

1290 336 1374 392 DE
1400 336 1456 393 s.
1485 334 1787 391 MELETIO
1814 326 2277 419 ANTIOCHENQ.
3302 346 3405 400 ωδ

1108 591 1430 679 ΟΜΙΛΙ
1436 594 1507 677 Α
1578 592 2430 680 ΕΓΚΩΜΙΑΣΤΙΚΗ

143 740 238 803 Είς
264 734 377 790 τὸν
415 745 447 779 ι
478 733 550 790 ἐν
595 734 789 804 ἁγίοις
814 731 1045 798 Πατέρα
1074 729 1244 801 ἡμῶν
1283 727 1585 811 Μεμτιοη
1598 727 2100 811 ιάρχεεπίσκοθξιῖις
2142 726 2494 797 Ἀντιοχείας
2513 724 2622 795 τῆς
2667 724 2953 795 μεγάλης.
3019 727 3128 780 καί
3160 730 3247 794 είς
3297 727 3409 796 τὴν

1381 796 1668 867 ἰγπουδὴν
1691 796 1810 851 τῶν
1835 802 2278 854 συνελθόντων.

205 995 568 1066 α’.Πανταχοῦ
583 993 683 1064 τῆς
695 993 846 1061 ἱερᾶς
856 989 1059 1059 ταύτης
1070 989 1271 1060 ἀγέλης
1280 1005 1347 1042 πε
1356 987 1591 1059 ριφέρων
1601 987 1729 1050 τοὺς

145 1082 484 1155 ὀφθαλμοὺς,
518 1083 614 1131 καὶ
645 1075 746 1147 τὴν
769 1074 921 1128 πόλιν
940 1075 1159 1128 ἀπασαν
1181 1071 1417 1126 ἐνταῦθα
1446 1069 1727 1155 παροῦσαν

149 1152 374 1238 βλέπων,
393 1163 497 1217 οὐκ
521 1160 633 1231 ἔχω
660 1158 781 1211 τίνα
805 1157 1099 1229 μακαρίσω
1117 1155 1383 1226 πρότερον
1403 1169 1417 1183 ⁸
1455 1153 1546 1238 τὸν
1572 1152 1727 1238 ἀγιον

147 1235 426 1309 Μελέτιον,
459 1246 545 1299 δτι
579 1241 849 1311 τοσαύτης
881 1241 978 1295 καὶ
1009 1240 1148 1311 μετὰ
1182 1239 1413 1293 θάνατον
1462 1235 1727 1290 ἀπολαύει

149 1334 323 1405 τιμῆς,
371 1331 407 1402 ἢ
454 1327 555 1399 τὴν
588 1325 860 1397 ὑμετέραν
893 1324 1138 1395 ἀγάπην,
1192 1324 1276 1376 δτι
1324 1320 1588 1405 τοιαύτην
1633 1320 1727 1372 καὶ

152 1404 277 1490 μετά
323 1413 590 1481 τελευτὴν
642 1410 772 1480 περὶ
805 1410 932 1470 τοὺς
954 1406 1224 1490 ποιμένας
1251 1404 1725 1490 τοὺςῄὑμετέρους

152 1485 351 1556 εὔνοιαν
373 1492 779 1550 ἐπιδείκνυσθε.
814 1489 1104 1561 Μακάριος
1132 1489 1230 1560 μὲν
1254 1488 1362 1559 γὰρ
1393 1488 1619 1549 ἐκεῖνος,
1643 1485 1726 1538 ὅτι

151 1581 375 1637 τοιοῦτον
405 1580 632 1648 ῖσχυσεν
671 1575 892 1643 ἀφεῖναι
918 1573 1139 1645 φίλτρον
1168 1573 1332 1624 πᾶσιν
1364 1570 1512 1641 ὑμῖν,
1543 1569 1723 1640 μακά-

154 1683 248 1739 ριοι
273 1664 329 1718 δὲ
352 1662 452 1716 καί⁵
477 1662 662 1730 ὑμεῖς,
698 1660 781 1712 ὅτι
805 1657 907 1727 τῆς
928 1653 1464 1739 ἀγάπηςδεξάμενοι
1490 1651 1588 1739 τῂν
1620 1667 1726 1739 πα-

154 1733 535 1820 ρακαταθήκην
557 1784 573 1806 ,
604 1740 862 1811 ἀκέραιον
898 1739 1068 1809 αὐτὴν
1106 1737 1184 1809 τῷ
1212 1733 1725 1820 παρακαταθεμένῳ

156 1816 302 1903 μέχρι
329 1827 428 1882 τοῦ
447 1825 548 1881 νῦν
574 1824 933 1894 φυλάττοντες
956 1820 1285 1903 διεμείνατε.
1315 1819 1424 1903 Kal
1450 1817 1558 1903 γὰρ
1586 1816 1726 1903 πέμ-

154 1900 272 1969 πτον
300 1913 420 1976 ἔτος
445 1911 553 1981 ἤδη
585 1907 956 1979 παρέδραμεν,
992 1904 1052 1969 ἐξ
1070 1900 1130 1959 οὗ
1161 1903 1298 1975 πρὸς
1327 1902 1417 1955 τὸν
1455 1901 1726 1971 ποθούμε-

154 2017 231 2052 νον
279 1996 639 2066 ἀπεδήμησεν
676 1989 884 2061 Ἰησοῦν
934 1990 1162 2051 ἐκεῖνος,
1195 1986 1290 2040 καὶ
1322 1984 1575 2054 καθάπερ
1600 1983 1726 2066 χθὲς

156 2083 239 2137 καὶ
269 2064 471 2151 πρώην
491 2064 659 2130 αὑτὸν
684 2071 1011 2145 ἑωρακότες,
1051 2069 1196 2124 οὑτω
1223 2067 1361 2140 μετά
1397 2067 1609 2133 ζέοντος
1627 2064 1724 2151 τοῦ

157 2148 363 2235 φίλτρου
397 2148 537 2231 πρὸς
570 2157 735 2211 αὑτὸν
767 2154 1121 2226 ἀπηντήκατε
1142 2153 1404 2223 τήμερον.
1435 2150 1533 2235 Διά
1552 2148 1727 2235 ταῦτα

159 2232 378 2320 ζηλιάιδς
414 2246 650 2305 ἐκεῖνος,
673 2241 756 2293 δτι
782 2239 1056 2303 τοιούτους
1090 2236 1380 2320 ἐγέννησεν
1412 2233 1560 2296 υίούς
1584 2249 1595 2261 ’
1613 2232 1725 2320 ,ζη-

156 2315 300 2385 λωτοὶ
325 2329 383 2382 δὲ
404 2327 503 2382 καὶ
542 2326 724 2396 ὑμεῖς,
754 2324 835 2377 ὅτι
859 2321 1098 2376 τοιοῦτον
1115 2317 1463 2390 ἐκληρώθητε
1489 2315 1721 2386 πατέρα.

158 2414 368 2470 Γενναία
396 2415 431 2482 ἠ
474 2410 611 2482 ῥίζα
656 2409 751 2461 καὶ⁸
789 2405 1093 2477 θαυμασία,
1147 2403 1285 2458 ἀλλά
1313 2404 1408 2457 καὶ
1435 2403 1484 2455 οἱ
1519 2400 1724 2472 καρποὶ

160 2500 247 2567 τῆς
274 2497 423 2569 ῥίζης
448 2494 597 2558 ἄξιοι
621 2490 848 2561 ταύτης.
886 2489 995 2542 Kal
1020 2488 1128 2560 γὰρ
1152 2485 1406 2556 καθάπερ
1434 2484 1462 2524 h
1492 2484 1615 2555 ῥίζα
1642 2500 1724 2547 τις

162 2568 453 2652 θαυμαστὴ,
475 2578 597 2639 τοῖς
631 2574 850 2638 κόλποις
884 2570 1235 2645 κρυπτομένη
1271 2570 1372 2640 τῆς
1417 2571 1520 2652 γῆς
1540 2610 1554 2633 ,
1585 2568 1725 2637 αὑτὴ

166 2666 251 2735 μέν
273 2663 330 2718 οὑ
355 2661 636 2732 φαίνεται,
659 2657 745 2710 διά
775 2656 833 2709 δέ
859 2655 968 2709 τῶν
989 2652 1219 2725 καρπῶν
1243 2651 1343 2723 τῆς
1367 2651 1727 2735 οίκείαςάρε-

161 2734 248 2819 τῆς
270 2747 362 2818 τὴν
392 2747 554 2815 ίσχὺν
589 2742 979 2806 ἐπιδείκνυται,
1005 2738 1147 2791 οὕτω
1167 2738 1231 2808 δὴ
1266 2737 1362 2790 καὶ
1395 2736 1423 2787 ό
1455 2734 1726 2819 μακάριος

165 2817 426 2892 Μελέτιος,
460 2830 522 2881 ἐν
550 2828 620 2897 τῇ
652 2824 883 2895 λάρνακι
913 2820 1088 2894 ταύτῃ
1122 2819 1521 2892 κρυπτόμενος,
1560 2817 1726 2881 αὑτὸς

169 2914 255 2984 μὲν
276 2916 401 2986 ἡμῖν
423 2913 540 2973 τοῖς
557 2907 651 2964 τοῦ
685 2907 936 2978 σώματος
967 2904 1268 2975 ὀφθαλμοῖς
1300 2904 1400 2957 οὑκ
1423 2902 1537 2956 ἐστι
1555 2918 1728 2986 κατα-

166 2984 339 3069 φανὴς,
375 2996 463 3049 διά
488 2994 553 3046 δὲ
586 2991 741 3062 ὑμῶν
776 2989 886 3042 τῶν
922 2987 1151 3060 καρπῶν
1198 2988 1296 3057 τῆς
1333 2986 1542 3048 οἰκείας
1566 2984 1726 3056 χάρι-

167 3098 247 3145 τος
273 3091 296 3120 ο
324 3080 420 3149 τὴν
450 3078 610 3149 ἰσχὺν
635 3073 1004 3128 ἐπιδείκνυται
1022 3088 1035 3102 ⁸
1066 3071 1172 3125 κᾶν
1197 3073 1358 3141 ἡμεῖς
1385 3070 1724 3139 σιγήσωμεν,

168 3167 309 3237 ἀρκεῖ
332 3164 463 3236 μόνη
490 3164 530 3233 ὴ
566 3160 728 3231 ἐορτὴ
760 3158 852 3211 καὶ
870 3157 967 3228 τῆς
983 3154 1254 3227 ὑμετέρας
1285 3153 1572 3237 σπουδῆςή
1598 3152 1724 3237 θερ-

175 3236 321 3320 μότης
349 3247 655 3315 σάλπιγγος
683 3241 1062 3314 λαμπρότερον
1090 3238 1392 3309 ἀναϐοῆσαι
1438 3236 1533 3320 τοῦ
1560 3236 1726 3320 ἀγίου

169 3318 405 3388 Πελετίου
427 3331 488 3384 τὸ
523 3327 840 3397 φιλότεκνον
858 3341 870 3354 ·
893 3322 1037 3377 οὑτω
1064 3323 1174 3394 γάρ
1197 3321 1351 3392 ὑμῶν
1368 3320 1466 3391 τὴν
1486 3318 1726 3373 διάνοιαν

172 3415 405 3482 ἐξέκαυσε
441 3412 586 3489 πρὸς
624 3410 717 3464 τὸν
770 3408 950 3481 ἔρωτα
982 3408 1074 3461 τὸν
1110 3406 1299 3467 αὑτοῦ,
1334 3405 1410 3469 ὼς
1465 3404 1558 3489 καὶ
1590 3402 1727 3489 πρὸς

170 3499 302 3570 ψιλὸν
334 3499 392 3553 τδ
422 3486 599 3567 ὄνομα
622 3491 1114 3565 διαθερμαίνεσθαι,
1138 3489 1234 3545 καὶ
1263 3489 1397 3559 πρὸς
1422 3487 1590 3559 αὐτὴν
1612 3486 1729 3541 5L1—

172 3582 427 3639 νίστασθαι
450 3581 557 3652 τὴν
588 3576 980 3649 προσηγορίαν.

231 3670 322 3720 Διά
347 3665 501 3719 τοῦτο
557 3663 655 3716 καί⁵
698 3658 810 3730 ἐγὼ
840 3657 935 3713 νῦν
957 3659 1058 3729 οὑχ
1085 3656 1290 3721 ἁπλῶς,
1321 3656 1438 3710 ἀλλ’
1476 3654 1732 3727 ἐπίτηδες

174 3751 255 3804 καὶ
276 3749 377 3803 ἀπὸ
413 3746 657 3815 σπουδῆς
688 3743 928 3813 συνεχῶς
962 3742 1096 3795 αὐτὸ
1118 3741 1179 3794 τὸ
1208 3741 1380 3811 ὄνομα
1416 3742 1524 3803 τοῖς
1554 3742 1730 3811 ἐμαυ-

175 3831 254 3884 τοῦ
279 3832 449 3901 λόγοις
486 3827 707 3899 ἐνείρω.
744 3828 855 3880 Kal
877 3825 1132 3896 καθάπερ
1173 3841 1257 3887 τις
1292 3823 1555 3891 στέφανον
1598 3821 1733 3876 πλέ-

177 3912 536 3987 κωνχρυσοῦν.
560 3906 682 3965 εἶτα
707 3908 1051 3981 μαργαρίτας
1078 3906 1308 3969 ἐντιθεὶς
1331 3908 1398 3976 τῇ
1433 3906 1732 3976 πυκνότητι

177 3997 267 4050 τῶν
289 3998 464 4059 λίθων,
490 3994 879 4066 λαμπρότερον
904 3989 1198 4064 ἐργάζεται
1225 3989 1286 4042 τὸ
1313 3987 1571 4060 διάδημα,
1588 3988 1733 4043 οὕτω

177 4079 231 4151 δὴ
254 4081 396 4150 κάγὼ
427 4081 519 4135 τὸν
568 4076 677 4130 τῶν
720 4075 1014 4146 ἐγκωμίων
1064 4074 1329 4143 στέφανον
1367 4076 1433 4144 τῇ
1486 4074 1734 4145 μακαρίᾳ

180 4164 368 4219 πλέκων
395 4164 610 4235 κεφαλῇ
646 4163 913 4233 τήμερον,
943 4158 1135 4230 ῶσπερ
1179 4158 1343 4212 τινῶν
1377 4158 1733 4229 μαργαριτῶν

180 4249 464 4319 πυκνότητα
486 4248 590 4317 τῆς
614 4242 986 4317 προσηγορίας
1003 4239 1168 4295 αὑτοῦ
1193 4240 1292 4312 τὴν
1314 4240 1595 4311 συνέχειαν
1649 4244 1735 4295 ἐν·

179 4332 362 4398 νφαίνω
389 4331 466 4402 τῷ
491 4330 639 4399 λόγῳ
668 4368 683 4392 ,
703 4325 1079 4396 ποθεινότερον
1106 4322 1283 4396 ταύτῃ
1306 4324 1400 4377 καὶ
1426 4323 1735 4394 λαμπρότε-

181 4429 259 4482 ρον
292 4401 721 4475 κατασκευάζειν
776 4409 938 4462 αὑτὸν
990 4405 1140 4479 [519]
1187 4405 1523 4476 προσδοκῶν.
1566 4401 1734 4470 Οῦτος

181 4495 273 4565 γὰρ
301 4484 593 4564 φιλούντων
622 4497 650 4548 ὁ
680 4494 846 4563 νόμος
874 4491 969 4545 καὶ
990 4487 1232 4543 τοιοῦτον
1261 4488 1323 4541 τὸ
1348 4487 1469 4553 έθος
1491 4529 1505 4552 ,
1533 4489 1609 4553 ὡς
1641 4491 1734 4543 καὶ

182 4575 294 4645 ψιλά
319 4579 388 4633 τὰ
408 4580 649 4651 ὀνόματα
678 4573 1148 4647 περιπτύσσεσθαι
1178 4571 1287 4625 τῶν
1309 4573 1620 4644 ἐρωμένων,
1641 4574 1733 4627 καὶ

183 4661 301 4731 πρὸς
329 4663 489 4727 αὑτὰς
520 4657 1003 4731 διαθερμαίνεσθαι
1028 4656 1127 4721 τὰς
1159 4656 1533 4730 προσηγορίας
1556 4674 1571 4688 ·
1599 4657 1628 4711 ὃ
1669 4657 1733 4730 δὴ

184 4746 262 4797 ml
280 4747 428 4817 ὑμεῖς
457 4745 767 4802 πεπόνθατε
798 4744 892 4797 ἐπὶ
911 4742 1007 4796 τοῦ
1040 4741 1314 4813 μακαρίου
1337 4742 1549 4796 τούτου.
1573 4742 1733 4815 Παρά

184 4825 278 4899 γὰρ
306 4830 399 4901 τὴν
421 4830 597 4903 ἀρχὴν
626 4829 789 4882 αὑτὸν
817 4828 899 4891 είς
920 4826 1020 4897 τὴν
1050 4825 1205 4879 πόλιν
1237 4825 1549 4880 εἰσελθόντα
1575 4826 1734 4893 δεξά-

186 4926 338 4979 μενοι,
366 4913 427 4967 τὸ
464 4913 681 4968 παιδίον
710 4911 941 4973 ἕκαστος
965 4908 1027 4962 τὸ
1055 4907 1253 4962 ἐαυτοῦ
1284 4910 1393 4963 ἀπὸ
1418 4909 1520 4979 τῆς
1567 4926 1736 4982 προσ-

188 4996 386 5064 ηγορίας
410 4998 653 5052 ἐκαλεῖτε
679 4995 781 5067 τῆς
811 4994 1046 5053 ἐκείνου.
1094 4993 1183 5047 διά
1204 4993 1316 5064 ,τῆς
1362 4993 1736 5066 προσηγορίας

186 5077 252 5138 εἰς
283 5077 374 5149 τὴν
416 5082 592 5135 οἰκίαν
634 5080 869 5142 ἕκαστος
896 5078 998 5149 τὴν
1046 5077 1239 5131 ἐαυτοῦ
1278 5077 1369 5131 τὸν
1407 5077 1561 5146 ἀγιον
1624 5079 1737 5132 είσ-

186 5157 319 5225 ἀγειν
348 5162 374 5201 τι
398 5166 729 5236 νομίζοντες,
771 5162 868 5215 καὶ
893 5159 1157 5233 πατέρας,
1194 5160 1290 5214 καὶ
1327 5159 1603 5225 πάππους,
1640 5161 1736 5215 καὶ

187 5245 451 5311 προγόνους
487 5246 930 5318 παρατρέχουσαι
969 5245 1026 5299 αἱ
1078 5245 1316 5315 μητέρες
1348 5244 1409 5298 τὸ
1442 5245 1613 5313 δνομα
1637 5244 1733 5298 τοῦ

188 5328 431 5398 μακαρίου
446 5331 707 5385 Μελετίου
728 5332 842 5392 τοῖς
862 5327 1103 5399 τεχθεῖσι
1130 5327 1366 5390 παιδίοις
1385 5327 1731 5382 ἐπετίθεσαν.

198 5401 361 5485 ⁷Ενίιια
401 5416 508 5484 γάρ
552 5413 652 5485 τὴν
685 5412 847 5481 φύσιν
878 5412 908 5464 ὁ
938 5410 1040 5480 τῆς
1085 5410 1375 5475 εύλαὸείας
1406 5410 1603 5474 πόθος,
1639 5411 1735 5465 καὶ

190 5484 247 5538 τὰ
275 5494 549 5564 τικτόμενα
593 5496 777 5550 λοιπὸν
819 5495 920 5548 οὑκ
948 5493 1056 5547 ἀπὸ
1080 5493 1181 5562 τῆς
1220 5494 1363 5546 κατά
1388 5495 1550 5563 φύσιν
1580 5493 1731 5563 φιλο-

193 5572 417 5640 στοργίας
452 5578 636 5648 μόνον,
670 5579 805 5634 ἀλλὰ
846 5577 943 5632 καὶ
990 5575 1098 5632 ἀπὸ
1119 5577 1217 5649 τῆς
1263 5576 1400 5648 πρὸς
1430 5577 1530 5648 τὴν
1557 5593 1729 5648 προσ-

241 5677 435 5755 {aliqui
453 5682 633 5755 habgpt
657 5685 891 5755 ἐγκώμιον
914 5686 992 5755 εἰς-
1013 5684 1112 5732 τόν.

242 5701 435 5771 ἰμιιιιυι
455 5701 633 5734 ιιιωεηι
657 5701 891 5794 εγκωμιον
914 5701 978 5742 εις
1013 5701 1112 5732 τον.

242 5792 260 5807 ρ
290 5737 363 5807 $1};
384 5755 471 5791 nos
508 5759 537 5794 ο
559 5747 753 5795 Saviho.
822 5746 1061 5807 egebalur
1082 5746 1162 5793 καὶ
1184 5744 1289 5793 καθ.
1316 5744 1447 5794 lim.

241 5792 263 5884 ἓ
431 5792 583 5884 «τῳδί
598 5792 969 5884 διὶέίξίάρέῖῆξ
1132 5868 1152 5877 _

286 5860 422 5913 Savil.
455 5874 505 5916 et
525 5883 649 5920 unus
673 5860 778 5920 cod;
799 5860 878 5917 τὸν
898 5860 1229 5931 ἅγιονέκεῖνον
1253 5867 1474 5930 εἰσάγειν.

1829 987 2059 1057 ηγορίαν
2087 986 2305 1058 ἐκείνην
2329 985 2618 1050 διαθέσεως
2659 983 2884 1037 ποθεινά
2915 986 3028 1047 τοῖς
3066 984 3413 1054 φυτευσαμέ-

1828 1086 1940 1132 νοις
1960 1080 1983 1107 θ
2006 1065 2094 1140 ἦν.
2127 1069 2201 1121 Τὸ
2226 1069 2335 1139 γὰρ
2351 1069 2523 1140 ὄνομα
2549 1069 2680 1121 αὐτὸ
2712 1070 2807 1121 καὶ
2830 1070 3153 1136 συγγενείας
3181 1067 3409 1136 κόσμον,

1826 1152 1922 1205 καὶ
1937 1152 2117 1214 οἰκίας
2138 1153 2457 1220 ἀσφάλειαν,
2483 1152 2575 1205 καὶ
2590 1154 2703 1216 τοῖς
2721 1151 3078 1221 καλουμένοις
3111 1150 3409 1221 σωτηρίαν,

1827 1235 1924 1287 καὶ
1949 1235 2045 1287 τοῦ
2067 1234 2234 1288 πόθου
2263 1234 2618 1305 παραμυθίαν
2644 1230 2782 1288 εἶναι
2808 1234 3057 1305 ἐνόμιζον
3078 1250 3090 1263 ⁸
3120 1234 3215 1286 καὶ
3242 1233 3404 1287 καθά-

1828 1336 1935 1389 περ
1960 1321 2017 1372 ἐν
2050 1318 2225 1388 σκότῳ
2245 1318 2546 1388 καθήμενοί
2565 1334 2709 1381 τινες
2751 1320 2879 1388 μιᾶς
2906 1317 3190 1386 λαμπάδος
3222 1316 3413 1384 ἁφθεί-

1829 1419 1928 1472 σης
1951 1400 2196 1464 πολλοὺς
2230 1402 2537 1469 ἀνάψαντες
2562 1400 2790 1471 λύχνους
2826 1402 2906 1462 εἰς
2927 1400 3024 1470 τὴν
3066 1398 3244 1452 οίκίαν
3279 1398 3410 1451 ἔκα-

1830 1502 1953 1549 στος
1981 1485 2193 1552 είσὰγει
2216 1483 2314 1555 τὴν
2343 1485 2569 1537 ἐαυτοῦο
2588 1484 2732 1537 οὕτω
2758 1483 2822 1555 δὴ
2850 1483 2943 1537 καὶ
2992 1486 3090 1554 τῆς
3137 1497 3412 1554 προσηγο-

1831 1572 1951 1642 ρίας
1983 1567 2197 1639 ἐκείνης
2223 1568 2414 1640 ὥσπερ
2457 1568 2635 1638 φωτὸς
2686 1570 2766 1631 είς
2812 1567 2913 1639 τὴν
2946 1567 3098 1619 πόλιν
3148 1565 3413 1637 ἐμπεσού-

1828 1671 1950 1724 σης,
1979 1654 2212 1716 ἕκαστος
2241 1651 2429 1724 ὥσπερ
2457 1651 2652 1723 λύχνον
2704 1652 2961 1706 ἀνάπτων
2991 1652 3072 1714 είς
3099 1650 3200 1721 τὴν
3234 1650 3411 1705 οίκίαν

1826 1738 2013 1808 εἰσῆγε
2042 1735 2138 1807 τὴν
2174 1735 2365 1789 ἑαυτοῦ
2389 1736 2448 1789 τὸ
2471 1734 2566 1789 τοῦ
2597 1735 2869 1806 μακαρίου
2899 1735 3021 1787 τότε
3051 1733 3262 1787 ἐκείνου
3292 1733 3411 1785 ὅνο-

1830 1837 1927 1891 μα,
1969 1820 2160 1892 ὥσπερ
2187 1819 2311 1873 τινὰ
2346 1820 2556 1891 μυρίων
2607 1818 2831 1889 ἀγαθῶν
2857 1817 3134 1891 θησαυρὸν
3185 1817 3273 1871 διά
3310 1818 3413 1887 τῆς

1827 1906 2145 1977 ἐπωνυμίας
2170 1904 2583 1975 ἐπισπώμενος·
2621 1905 2716 1958 καὶ
2742 1900 2811 1975 ἦν
2842 1902 3130 1966 εὐλαϐείας
3152 1902 3409 1956 διδασκαο

1824 1989 1916 2044 λία
1941 1991 2003 2043 τὸ
2033 1991 2377 2061 γιγνόμενον.
2419 1989 2666 2061 Συνεχῶς
2697 1988 2808 2060 γάρ
2844 1987 3284 2059 ἀναγκαζόμενοι
3315 1986 3416 2057 τῆς

1827 2073 2436 2145 προσηψρίαςέκείνης
2464 2072 2796 2144 μεμνῆσθαι,
2823 2071 2919 2143 καὶ
2947 2071 3038 2124 τὸν
3066 2070 3222 2139 ἀγιον
3264 2071 3411 2121 ἐκεῖι

1828 2172 1918 2209 νον
1944 2154 2086 2224 ἔχειν
2109 2156 2202 2207 ἐπὶ
2232 2155 2336 2225 τῆς
2358 2153 2378 2192 τ
2410 2154 2612 2225 ψυχῆς,
2639 2155 2842 2218 παντὸς
2867 2153 3061 2223 ἀλόγου
3083 2152 3292 2215 πάθους
3316 2155 3414 2206 καὶ

1829 2237 2091 2308 λογισμοῦ
2126 2239 2557 2309 φυγαδευτήριον
2602 2233 2749 2307 εἶχον
2781 2238 2843 2290 τὸ
2889 2237 3061 2307 ὄνομα
3088 2253 3101 2265 ·
3141 2236 3235 2289 καὶ
3272 2234 3418 2289 οὑτω

1831 2322 1965 2374 πολὺ
1997 2321 2188 2389 γέγονε
2208 2319 2388 2384 τοῦτο,
2409 2320 2484 2384 ὡς
2511 2319 2788 2389 πανταχοῦ
2814 2320 2909 2372 καί
2932 2321 2989 2372 ἐν
3010 2319 3297 2388 ἀμφόδοις,
3321 2320 3415 2371 καὶ⁹

1831 2407 1888 2459 ἐν
1917 2407 2116 2476 ἀγορᾷ,
2148 2407 2244 2459 καὶ
2267 2406 2325 2457 ἐν
2357 2407 2570 2475 ἀγροῖς,
2606 2406 2701 2458 καὶ
2728 2404 2787 2457 ἐν
2832 2403 2972 2466 ὁδοῖς
3010 2402 3185 2474 τούτῳ
3225 2402 3414 2456 πάντο-

1832 2491 1924 2544 θεν
1957 2488 2337 2561 περιηχεῖσθαι
2366 2488 2443 2558 τῷ
2465 2489 2711 2559 ὀνόματι.
2748 2489 2823 2541 Οὐ
2854 2488 2991 2558 πρὸς
3016 2488 3077 2540 τὸ
3102 2487 3273 2557 ὄνομα
3303 2496 3328 2535 ε
3356 2488 3414 2540 δὲ

1830 2573 2083 2627 τοσοῦτον
2117 2571 2348 2626 ἐπάθετε
2396 2571 2577 2641 μόνον,
2629 2569 2764 2624 άλλά
2804 2569 3067 2641 καὶπρὸς
3110 2570 3274 2623 αὑτὸν
3318 2569 3413 2623 τοῦ

1834 2657 2086 2727 σώματος
2107 2656 2200 2707 τὸν
2224 2654 2413 2707 τύπον.
2442 2655 2617 2723 Ὅπερ
2663 2655 2795 2722 γοῦν
2829 2655 2887 2706 ἐν
2925 2655 3185 2723 ὀνόμασιν
3226 2654 3413 2723 ἐποιή-

1834 2755 1982 2802 σατε,
2004 2736 2160 2791 τοῦτο
2182 2738 2275 2790 καὶ
2300 2737 2392 2790 ἐπὶ
2418 2737 2517 2807 τῆς
2531 2737 2738 2800 εἰκόνος
2758 2736 3032 2807 ἐπράξατε
3057 2737 3157 2805 τῆς
3180 2737 3412 2789 ἐκείνου.

1833 2823 1943 2875 Kal
1970 2821 2079 2892 γάρ
2113 2820 2209 2874 καὶ
2244 2822 2303 2873 ἐν
2332 2819 2633 2873 δακτυλίων
2662 2820 2977 2889 σφενδόναις
2999 2860 3014 2884 ,
3043 2820 3137 2872 καὶ
3177 2821 3234 2872 ἐν
3264 2820 3418 2873 ἐκτυ-

1832 2904 2079 2973 πώμασι,
2106 2905 2199 2956 καὶ
2223 2905 2280 2957 ἐν
2306 2903 2547 2973 φιάλαις,
2575 2904 2671 2957 καὶ
2702 2906 2759 2956 ἐν
2786 2902 3045 2973 θαλάμων
3079 2903 3301 2974 τοίχοις,
3322 2904 3418 2956 καὶ

1833 2988 2110 3058 πανταχοῦ
2142 2988 2242 3059 τὴν
2273 2988 2457 3041 εἰκόνα
2488 2986 2587 3057 τὴν
2638 2987 2801 3056 ἀγίαν
2826 2986 3045 3059 ἐκείνην
3072 2986 3418 3059 ,διεχάραξαν

1833 3072 2039 3133 πολλοὶ,
2062 3071 2138 3135 ὡς
2170 3072 2242 3141 μὴ
2277 3072 2437 3141 μόνον
2458 3070 2679 3124 ἀκούειν
2707 3071 2808 3141 τῆς
2838 3070 3000 3139 ἀγίας
3041 3071 3417 3143 προσηγορίας

1832 3157 2068 3228 ἐκείνης,
2102 3154 2238 3208 ἀλλά
2263 3154 2355 3207 καὶ
2373 3155 2505 3225 όρᾷν
2535 3152 2701 3209 αὑτοῦ
2729 3154 3008 3224 πανταχοῦ
3032 3153 3128 3208 τοῦ
3165 3154 3417 3224 σώματος

1831 3241 1925 3294 τὸν
1957 3239 2147 3304 τύπον,
2183 3239 2277 3293 καὶ
2302 3238 2499 3309 διπλῆν
2520 3240 2641 3292 τινά
2675 3238 2772 3311 τῆς
2806 3238 3118 3310 ἀποδημίας
3146 3236 3292 3309 ἔχειν
3319 3255 3418 3293 πα-

1836 3323 2014 3396 ραμυθ
2023 3323 2125 3377 ίαν.

1903 3427 2016 3481 Kal
2053 3426 2163 3498 γὰρ
2186 3425 2388 3491 εὐθέως
2418 3425 2696 3493 εἰσελθὼν,
2724 3426 2825 3498 τῆς
2841 3426 3051 3491 πόλεως
3071 3426 3413 3493 ἐξεδάλλετο,

1832 3510 1940 3565 τῶν
1963 3511 2064 3581 τῆς
2084 3510 2342 3581 ἀληθείας
2374 3509 2585 3581 ἐχθρῶν
2610 3509 3024 3564 ἀπελαυνόντων
3051 3512 3236 3567 αὑτόν.
3280 3513 3337 3567 ’0
3358 3513 3417 3568 δὲ

1832 3595 1966 3659 Θεὸς
1989 3594 2373 3666 συνεχώρησεν,
2398 3593 2533 3665 ὁμοῦ
2566 3596 2661 3649 καὶ
2702 3594 2801 3657 τὴν
2825 3594 3029 3666 ἀρετὴν
3052 3596 3151 3666 τὴν
3179 3596 3414 3661 ἐκείνου,

1834 3680 1929 3734 καὶ
1975 3680 2074 3749 τὴν
2121 3678 2371 3750 ἀνδρείαν
2395 3679 2495 3750 τὴν
2550 3678 2825 3750 ὑμετέραν
2855 3679 3028 3745 δεῖξαι
3072 3679 3416 3749 βουλόμενος.

1846 3763 2066 3835 Ἐπειδὴ
2100 3763 2211 3836 γὰρ
2250 3764 2532 3828 εἰσελθὼν,
2567 3763 2822 3834 καθάπερ
2864 3763 3107 3833 Μωῦσῆς
3141 3766 3223 3828 είς
3257 3764 3417 3834 Δίγυ-

1834 3866 1988 3912 πτον,
2020 3848 2302 3921 αἱρετικῆς
2324 3849 2421 3920 τὴν
2450 3848 2604 3902 πόλιν
2633 3847 2911 3920 ἀπήλλαξε
2940 3847 3179 3919 πλάνης,
3228 3851 3320 3903 καὶ
3348 3849 3418 3902 τὰ

1834 3932 2111 4003 σεσηπότα
2141 3931 2277 4005 μέλη
2304 3932 2399 3987 καὶ
2426 3931 2661 3995 ἀνιάτως
2690 3930 2883 4002 ἔχοντα
2898 3929 2994 3984 τοῦ
3021 3931 3408 4003 λοιποῦσώμα-

1831 4033 1924 4079 τος
1954 4015 2258 4085 ἀποκόψας,
2285 4015 2545 4086 ἀκέραιον
2576 4012 2674 4085 τὴν
2723 4014 2937 4081 ὑγίειαν
2982 4016 3302 4086 ἐπανήγαγε
3339 4017 3418 4088 τῷ

1834 4099 2029 4170 πλήθει
2056 4099 2155 4170 τῆς
2195 4098 2543 4170 Ἐκκλησίας,
2579 4100 2627 4151 οἱ
2655 4098 2755 4168 τῆς
2798 4096 3058 4168 ἀληθείας
3098 4100 3283 4172 ἐχθροὶ¹
3318 4102 3416 4171 τὴν

1832 4180 2118 4252 διόρθωσιν
2152 4181 2252 4233 οὑκ
2294 4181 2634 4249 ἐνεγκόντες,
2668 4180 2757 4234 τὸν
2790 4179 3143 4251 βασιλεύοντα
3172 4183 3294 4236 τότε
3341 4201 3417 4237 κι⁴

1832 4267 2118 4336 νήσαντες,
2135 4265 2236 4334 τῆς
2255 4264 2464 4328 πόλεως
2500 4264 2665 4317 αὑτὸν
2690 4264 2967 4330 ἐξέϐαλον,
2995 4264 3166 4337 ταύτῃ
3199 4267 3417 4337 προσδοσ

1834 4350 2040 4412 κῶντες
2067 4347 2549 4419 περιέσεσθαι-τῆς
2572 4347 2851 4420 ἀληθείας,
2885 4348 2979 4402 καὶ
3001 4349 3101 4421 τὴν
3127 4350 3237 4403 τῶν
3259 4367 3417 4419 γεγε-

1833 4431 2084 4502 νημένων
2108 4429 2439 4502 ἀνατρέψειν
2463 4430 2771 4502 διόρθωσιν.
2823 4432 3060 4500 Ἐγίνετο
3092 4432 3148 4484 δέ
3191 4434 3415 4486 τούναν-

1834 4516 1948 4569 τίον
1976 4515 2009 4587 ἦ
2056 4515 2464 4587 προσεδόκησαν
2482 4557 2497 4581 ,
2530 4517 2625 4569 καὶ
2653 4516 2853 4587 μᾶλλον
2880 4517 2972 4570 καὶ
3000 4518 3156 4587 ὑμῶν
3193 4518 3222 4570 ὀ
3255 4518 3415 4587 ζῆλος

1834 4599 2126 4664 ἐδείκνυτο,
2153 4600 2479 4653 καὶ-ἐκείνου
2503 4599 2803 4670 διέλαμπεν
2823 4603 2856 4670 ἡ
2892 4601 2994 4669 τῆς
3026 4600 3415 4670 διδασκαλικῆς

1836 4681 1987 4755 [520]
2015 4683 2328 4753 ἐπιστήμης
2358 4681 2632 4746 ἀπόδειξις
2658 4701 2671 4714 ·
2693 4683 2904 4736 ἐκείνου
2938 4685 3039 4753 μὲν
3064 4684 3147 4736 ὅτι
3169 4685 3225 4738 ἐν
3256 4686 3410 4756 τριά-

1836 4782 1998 4819 κοντα
2030 4764 2266 4835 ἡμέραις
2293 4763 2403 4816 οὐδ’
2437 4763 2590 4828 ὅλαις
2615 4765 2835 4837 ῐσχυσεν
2860 4765 3034 4830 οὕτως
3075 4767 3221 4837 ὑμᾶς
3250 4766 3414 4838 θεμε-

1832 4848 2027 4902 λιῶσαι
2069 4851 2126 4903 ἐν
2161 4848 2241 4920 τῷ
2275 4848 2424 4921 ζήλῳ
2452 4849 2552 4921 τῆς
2598 4850 2857 4914 πίστεως.
2894 4851 2971 4916 ὼς
3004 4852 3215 4922 μυρίων
3277 4853 3414 4923 μετά

1832 4932 2005 4985 ταῦτα
2028 4933 2446 5003 προσῦαλόντων
2472 4935 2820 5005 πνευμάτων,
2839 4935 3087 4989 ἄσειστον
3110 4939 3292 5007 μεῖναι
3316 4938 3416 5009 τὴν

1831 5017 2178 5071 διδασκαλίαν
2204 5018 2421 5089 ἐκείνην
2439 5033 2455 5051 ⁸
2494 5018 2647 5089 ὑμῶν
2667 5019 2723 5071 δὲ
2755 5021 2787 5090 ἡ
2822 5019 3096 5090 θερμότης
3116 5021 3410 5089 ἐδείκνυτο,

1831 5100 1914 5153 δτι
1944 5103 2002 5154 ἐν
2033 5102 2324 5172 τριάκοντα
2344 5101 2465 5156 οὐδὲ
2484 5101 2634 5165 ὅλαις
2661 5101 2896 5173 ἡμέραις
2918 5102 3062 5157 οὕτω
3086 5104 3225 5175 μετά
3252 5107 3415 5177 ἀκρι-

1834 5182 1985 5247 ϐείας
2015 5182 2085 5236 τά
2109 5184 2241 5255 παρ’
2276 5184 2485 5238 ἐκείνου
2513 5184 2923 5256 καταδληθέντα
2960 5184 3211 5251 ἐδέξασθε
3241 5188 3413 5257 σπέρ-

1836 5283 2003 5337 ματα,
2037 5267 2113 5331 ὡς
2138 5268 2276 5339 πρὸς
2320 5267 2383 5320 τὸ
2428 5266 2593 5337 βάθος
2636 5268 2737 5339 τῆς
2764 5268 3000 5333 διανοίας
3044 5269 3413 5342 παραπέμψαι

1831 5351 1933 5415 τάς
1961 5350 2145 5423 ῥίψας,
2168 5352 2263 5404 καὶ
2292 5351 2487 5422 μηδενὶ
2518 5352 2627 5407 τῶν
2661 5354 3133 5426 προσενεχθέντων
3169 5354 3414 5409 ἐνδοῦναι

1829 5435 2029 5488 λοιπὸν
2042 5436 2385 5507 πειρασμῶν.

1902 5629 1926 5688 ξ
1953 5627 2033 5675 Sic
2053 5628 2150 5677 duo
2171 5640 2286 5676 mss.
2311 5626 2409 5677 Alii
2440 5640 2559 5677 vero
2581 5633 2632 5677 et
2656 5627 2779 5678 editi
2804 5629 2903 5687 τοῖς
2923 5630 3225 5688 φυσαμένοις.

1903 5684 1921 5752 ἴ
1949 5692 2045 5752 Τῆς
2062 5691 2230 5752 ψυχῆς.
2257 5689 2530 5752 Articulum
2562 5691 2842 5751 recepimus
2864 5684 2900 5740 et
2929 5684 3127 5749 Savil'io,
3153 5684 3236 5752 φῆ
3262 5693 3410 5743 etiam

1832 5748 2263 5813 infrawlltia'vérba,
2285 5751 2366 5813 καὶ
2389 5751 2436 5798 έν
2461 5748 2724 5813 ἀμφοδίοις,
2746 5752 3096 5813 suppeditavit.
3121 5748 3257 5802 Eim.

1898 5812 1922 5849 ὅ
1947 5810 2030 5858 Sic
2050 5812 2198 5877 Savil.
2228 5818 2281 5877 e‘l
2323 5812 2351 5877 ᾇ
2390 5810 2548 5877 mss}
2581 5811 2751 5877 Μοίρι.
2793 5810 2852 5877 οὗ
2874 5816 2977 5877 περὶ
3006 5814 3061 5861 τὸ
3094 5815 3259 5876 ὄνομα.
3283 5812 3409 5863 Infra

1835 5873 1946 5921 δαν.
1979 5879 2031 5921 οι
2053 5875 2080 5918 2
2104 5886 2218 5922 mss.
2248 5873 2293 5921 ἐν
2321 5874 2644 5935 ἐκτυπώμασι.
2674 5874 2849 5924 Morel.
2878 5873 3040 5927 el'alii
3066 5878 3112 5926 ἐν
3137 5873 3406 5939 ἐκπώμασι.
