4032 6454
637 263 738 318 5-17

707 376 773 446 β’.
802 377 983 444 ’Ἄξιον
1006 382 1064 438 δὲ
1100 376 1235 447 μηδὲ
1265 379 1437 429 ἐκεῖνο
1460 378 1856 448 παραδραμεῖν,
1885 377 1913 429 ὃ
1951 375 2079 445 περὶ
2102 376 2201 445 τὴν

630 458 818 523 δίωξιν
849 458 1017 529 αὐτὴν
1054 459 1387 512 συνέϐαινεν.
1427 460 1644 531 Ἐπειδὴ
1673 460 1782 530 γὰρ
1806 463 1834 514 6
1873 460 1973 528 τῆς
2002 458 2209 520 πόλεως

634 544 820 612 ἀρχων
836 541 895 595 16
921 543 1103 612 ὄχημα
1126 542 1366 595 ἐλαύνων
1388 542 1474 595 διὰ
1495 544 1666 613 μέσης
1695 542 1841 615 ἐξῄει
1859 543 1960 612 τῆς
1980 543 2208 611 ἀγορᾶς,

638 625 865 695 πλησίον
899 625 1065 679 αὐτοῦ
1108 626 1200 678 τὸν
1239 626 1391 693 ἀγιον
1431 625 1663 689 καθίσας
1708 628 1947 689 ἐκεῖνον,
1994 623 2212 692 νιφάδες

635 708 800 762 λίθων
846 708 1186 778 πανταχόθεν
1227 709 1484 778 ἐφέροντο
1536 710 1630 762 ἐπὶ
1670 710 1769 780 τὴν
1807 709 1904 762 τοῦ
1954 707 2212 778 ἄρχοντος

635 791 898 862 κεφαλὴν,
923 792 985 843 06
1015 791 1286 862 φερούσης
1311 792 1410 862 1?};
1436 791 1643 855 πόλεως
1665 791 1755 844 τὸν
1773 790 2070 862 χωρισμὸν,
2096 786 2210 841 ἀλλ’

636 874 964 944 αἱρουμένης
986 875 1079 926 καὶ
1111 874 1210 944 τῆς
1244 873 1524 944 παρούσης
1554 877 1806 927 ἐκπεσεῖν
1846 875 2013 943 ζωῆς,
2054 872 2087 942 ἢ
2121 871 2212 923 τὸν

637 957 791 1026 ἅγιον
821 958 1025 1009 ἐκεῖνον
1054 956 1449 1027 ἀποσπώμενον
1482 957 1630 1012 ίδεῖν.
1668 958 1733 1010 Τί
1766 953 1859 1011 οῦν
1885 959 1913 1010 6
1944 957 2212 1027 μακάριος

637 1042 843 1103 ἐκεῖνος
870 1039 990 1092 τότε
1042 1039 1326 1110 ἐποίησεν;
1374 1038 1519 1092 Ἰδὼν
1576 1040 1675 1104 τάς
1707 1039 1813 1093 τῶν
1842 1039 2004 1093 λίθων
2052 1038 2213 1108 βολάς

636 1129 748 1188 τοῖς
779 1124 1013 1195 ἱματίοις
1034 1126 1146 1187 τοῖς
1193 1122 1388 1177 ἐαυτοῦ
1425 1122 1734 1194 περιϐαλὼν
1776 1121 2061 1193 ἀπέκρυψε
2116 1120 2212 1174 τοῦ

636 1211 893 1281 ἄρχοντος
917 1209 1015 1279 τὴν
1053 1208 1316 1277 κεφαλὴν,
1350 1206 1487 1278 ὁμοῦ
1521 1224 1581 1259 τε
1607 1209 1731 1272 τοὺς
1756 1206 1984 1277 ἐχθροὺς
2007 1209 2074 1276 τῇ
2114 1205 2214 1275 τῆς

636 1290 933 1351 ἐπιεικείας
968 1289 1245 1360 ἐντρέπων
1279 1290 1573 1361 ὑπερϐολῇ,
1610 1291 1703 1343 καὶ
1732 1290 1857 1353 τοὺς
1897 1288 2062 1342 αὑτοῦ
2104 1305 2211 1357 μα-

636 1374 804 1442 θητάς
830 1372 1121 1434 παιδεύων,
1150 1374 1282 1444 ὅσην
1306 1375 1436 1444 περὶ⁴
1456 1374 1583 1437 τοὺς
1616 1372 1935 1436 ἀδικοῦντας
1964 1373 2213 1438 ἀνεξικα-

634 1456 757 1509 κίαν
791 1455 1195 1509 ἐπιδείκνυσθαι
1220 1457 1325 1527 χρή
1351 1475 1360 1484 ο
1386 1456 1480 1508 καὶ
1516 1456 1590 1520 ὡς
1621 1456 1683 1509 06
1729 1455 1889 1525 μόνον
1929 1455 2082 1509 οὐδὲν
2113 1456 2212 1508 αὑ-

632 1537 1123 1611 τουςέργάζεσθαι
1154 1540 1325 1592 δεινὸν
1374 1540 1672 1609 προσῆκεν,
1721 1537 1833 1591 ἀλλ’
1871 1542 1920 1592 εί
1959 1539 2051 1592 καὶ
2082 1538 2210 1609 παρ’

635 1625 838 1694 ἐτέρων
864 1623 1050 1685 αὐτοῖς
1075 1623 1234 1693 ἐπῄει
1256 1622 1519 1684 κίνδυνος,
1540 1624 1635 1675 καὶ
1654 1621 1841 1674 τοῦτον
1868 1621 2007 1692 μετά
2033 1621 2213 1691 πάσης

635 1705 1042 1779 ἀποκρούεσθαι
1064 1706 1161 1777 τῆς
1198 1706 1453 1776 σπουδῆς.
1482 1705 1577 1769 Τίς
1606 1706 1705 1758 οὐκ
1735 1705 1921 1776 ἔφριξε
1947 1705 2086 1768 τότε,
2117 1706 2213 1758 καὶ

635 1793 734 1863 τῆς
765 1791 972 1852 πόλεως
1004 1789 1094 1843 τὸν
1144 1789 1369 1855 μανικὸν
1421 1788 1564 1859 δρῶν
1594 1788 1789 1861 ἔρωτα,
1825 1788 1917 1842 καὶ
1949 1788 2043 1841 τοῦ
2069 1786 2212 1841 διδα-

640 1875 840 1929 σκάλου
873 1873 974 1945 τὴν
1015 1875 1191 1945 ἀκραν
1220 1872 1568 1941 φιλοσοφίαν,
1618 1872 1711 1925 καὶ
1747 1872 1845 1943 τὴν
1890 1871 2209 1933 ἐπιείκειαν,

639 1961 735 2014 καὶ
790 1959 889 2029 τὴν
944 1957 1227 2029 πραότητα
1265 1956 1808 2027 καταπληττόμενος;
1846 1956 1939 2008 καὶ
1986 1954 2096 2025 γὰρ
2144 1950 2213 2024 ἦν

638 2040 918 2114 παράδοξα
940 2040 1010 2092 τά
1034 2039 1155 2091 τότε
1184 2038 1571 2109 συμϐαίνοντα.
1614 2040 1671 2091 Ὀ
1713 2039 1919 2108 ποιμὴν
1963 2037 2212 2106 ἀπηλαύ-

639 2140 779 2186 νετο,
811 2121 992 2176 καὶτά
1018 2122 1265 2191 πρόϐατα
1295 2122 1393 2174 οὐκ
1417 2121 1795 2191 ἐσκορπίξετο·
1825 2123 1853 2174 6
1874 2121 2213 2191 κυϐερνήτης

639 2206 974 2273 ἐξεϐάλλετα
1010 2206 1103 2258 κα)⁸
1134 2205 1196 2257 τὸ
1230 2205 1435 2272 σκάφος
1459 2205 1557 2257 οὑκ
1586 2204 1931 2269 ἐϐαπτίζετο·
1975 2206 2004 2257 6
2036 2220 2212 2274 γεωρ-

638 2291 733 2357 γδς
767 2288 1041 2353 ἐδιώκετο,
1092 2288 1184 2342 καὶ
1233 2289 1266 2359 ή
1320 2289 1563 2358 ἀμπελος
1608 2288 1978 2360 ἐκαρποφόρει
2030 2286 2210 2342 πλέον.

653 2372 870 2444 Ἐπειδὴ
900 2372 1008 2443 γάρ
1049 2370 1126 2441 τῷ
1156 2370 1435 2441 συνδέσμῳ
1474 2372 1574 2441 τῆς
1608 2371 1829 2441 ἀγάπης
1876 2370 2013 2441 πρὸς
2052 2370 2217 2440 ἀλλή-

639 2457 764 2519 λους
796 2452 893 2527 ῆτε
927 2454 1320 2525 συνδεδεμένοι,
1356 2454 1416 2507 06
1456 2454 1777 2525 πειρασμῶν
1812 2454 2122 2523 ἐπαγωγαὶ,
2152 2456 2215 2508 06

640 2539 899 2595 κινδύνων
946 2538 1366 2600 ἐπαναστάσεις,
1404 2537 1502 2607 οὐχ
1538 2537 1658 2591 ὁδοῦ
1687 2538 1880 2608 μῆκος,
1910 2539 1972 2591 06
2023 2539 2214 2609 χρόνου

642 2624 866 2693 πλῆθος,
897 2622 997 2674 οὐκ
1029 2621 1157 2675 ἄλλο
1184 2621 1333 2675 οὐδὲν
1370 2620 1588 2691 ἴσχυσεν
1625 2621 1769 2690 ὑμᾶς
1800 2620 2086 2691 διαστῆσαι
2117 2622 2218 2691 τῆς

644 2705 934 2767 συνουσίας
957 2702 1052 2756 τοῦ
1081 2704 1355 2775 μακαρίου
1396 2703 1652 2773 ποιμένος
1675 2721 1687 2732 ·
1738 2702 1852 2755 ἀλλ’
1900 2704 2218 2768 ἐξεϐάλλετο

644 2790 765 2859 μὲν,
796 2787 936 2840 ὥστε
977 2787 1193 2858 μακρὰν
1240 2786 1491 2854 γενέσθαι
1520 2785 1627 2838 τῶν
1678 2786 1903 2850 τέκνων,
1938 2788 2217 2842 συνέϐαινε

649 2876 706 2931 δὲ
745 2870 1072 2927 τούναντίον.
1122 2868 1338 2923 Μᾶλλον
1366 2868 1476 2940 γὰρ
1526 2869 1653 2939 ὑμῖν
1685 2870 2078 2940 συνεσφίγγετο
2107 2875 2219 2935 τοῖς

643 2958 744 3026 τῆς
772 2953 991 3026 ἀγάπης
1023 2952 1241 3022 δεσμοῖς
1263 2968 1278 2981 ·
1310 2952 1405 3004 καὶ
1432 2952 1612 3005 πᾶσαν
1644 2952 1744 3022 τὴν
1767 2953 1920 3006 πόλιν
1954 2953 2073 3023 μεθ’
2096 2955 2220 3007 ἐαυ-

644 3037 738 3092 τοῦ
781 3036 960 3092 λαϐὼν
1004 3037 1083 3098 είς
1125 3035 1415 3106 Ἀρμενίαν
1448 3035 1633 3106 ἀπῄει.
1686 3035 1759 3088 Τὸ
1790 3036 1884 3106 μὲν
1911 3037 2019 3106 γὰρ
2061 3038 2221 3106 σῶμα

644 3123 738 3174 ἐπὶ
774 3121 873 3192 τῆς
921 3118 1177 3191 πατρίδος
1209 3118 1418 3189 ἴδρυτο’
1474 3120 1502 3171 ό
1534 3118 1791 3189 λογισμὸς
1835 3117 1891 3171 δέ
1916 3120 2009 3172 καὶ
2034 3121 2062 3171 ό
2097 3120 2219 3185 νοῦς

645 3204 834 3274 ὥσπερ
852 3203 955 3255 ὑπό
972 3219 1130 3255 τινων
1165 3200 1378 3272 πτερῶν
1400 3202 1791 3273 κουφιζόμενος
1810 3203 1908 3272 τῆς
1933 3200 2025 3256 τοῦ
2046 3203 2219 3256 Πνεύ-

649 3304 817 3358 ματος
847 3286 1087 3355 χάριτος,
1133 3285 1228 3337 καὶ
1269 3282 1357 3336 διά
1388 3284 1592 3347 παντὸς
1646 3286 1776 3355 ὑμῖν
1818 3286 2219 3359 ἐπιχωριάζων,

646 3372 862 3427 ᾶπαντα
888 3367 1076 3421 τοῦτον
1108 3366 1199 3421 τὸν
1241 3365 1409 3438 δῆμον
1438 3367 1495 3419 ἐν
1524 3370 1636 3430 τοῖς
1675 3367 1887 3421 ἐκείνου
1928 3369 2220 3440 περιέφερε

648 3453 996 3522 σπλάγχνοις,
1020 3450 1049 3504 ὃ
1073 3448 1137 3522 δὴ
1161 3449 1255 3503 καὶ
1275 3450 1430 3520 ὑμεῖς
1460 3451 1748 3520 ἐπάσχετε.
1773 3451 2087 3522 Καθήμενοι
2112 3451 2221 3524 γὰρ

647 3535 882 3590 ἐνταῦθα
906 3536 1000 3587 καὶ
1029 3535 1098 3605 τῇ
1130 3533 1281 3586 πόλει
1313 3533 1798 3605 περιγραφόμενοι,
1830 3534 1908 3604 τῷ
1948 3534 2221 3604 πνεύματι

644 3619 743 3689 τῆς
793 3616 1013 3684 ἀγάπης
1061 3617 1149 3678 εἰς
1185 3615 1477 3685 Ἀρμενίαν
1519 3616 1640 3669 καθ’
1669 3618 1906 3686 ἐκάστην
1937 3619 2222 3688 ίπτάμενοι

645 3702 743 3772 τὴν
771 3700 1004 3773 ἡμέραν,
1060 3701 1153 3752 καὶ
1199 3698 1299 3769 τὴν
1337 3699 1498 3768 ἁγίαν
1538 3700 1659 3769 ὄψιν
1712 3701 1966 3771 ὁρῶντες,
2000 3702 2094 3754 καὶ
2124 3702 2224 3771 τῆς

646 3785 875 3854 ἡδίστης
910 3783 1004 3837 καὶ
1029 3781 1309 3852 μακαρίας
1334 3782 1521 3852 φωνῆς
1547 3782 1838 3846 ἀκούοντες
1858 3782 2030 3846 οὕτως
2059 3786 2226 3836 ἐπαν-

646 3866 796 3938 ῄειτε
854 3864 1035 3919 πάλιν.
1059 3865 1168 3917 Καὶ
1184 3864 1272 3918 διά
1298 3863 1501 3936 ταύτην
1525 3864 1904 3937 συνεχώρησεν
1921 3868 1949 3919 ό
1972 3866 2104 3930 Θεὸς
2124 3866 2223 3939 τὴν

648 3949 828 4003 αἰτίαν
850 3946 1053 4011 εὐθέως
1085 3947 1247 4000 αὐτὸν
1270 3947 1605 4021 ἀπελαθῆναι
1633 3951 1730 4019 τῆς
1757 3948 1983 4015 πόλεως,
2016 3950 2101 4002 ῖνα
2131 3950 2223 4003 καὶ

649 4033 828 4103 ὑμῶν,
857 4030 1046 4103 ὥσπερ
1078 4029 1249 4102 ἔφθην
1291 4030 1481 4097 εἰπὼν,
1503 4031 1564 4084 16
1594 4032 1821 4105 στερρὸν
1859 4033 1956 4103 τῆς
1991 4034 2225 4096 πίστεως

650 4116 897 4189 ἐπιδείξῃ
926 4117 1038 4178 τοῖς
1064 4115 1210 4185 ὑμᾶς
1239 4114 1568 4185 πολεμοῦσιν
1604 4116 1840 4189 ἐχθροῖς,
1873 4116 2127 4170 κάκείνου
2162 4116 2226 4170 16

650 4202 782 4270 περὶ
810 4200 909 4270 τὴν
937 4198 1285 4254 διδασκαλίαν
1324 4198 1606 4270 ἔμπειρον.

721 4328 833 4383 Καὶ
869 4326 1027 4398 δῆλον
1054 4325 1282 4380 ἐκεῖθεν.
1310 4326 1462 4380 Μετὰ
1495 4326 1604 4399 γάρ
1636 4327 1734 4398 τὴν
1776 4327 2000 4399 πρώτην
2044 4327 2226 4395 δίωξιν

650 4409 962 4467 ἐπανελθὼν
1003 4407 1154 4482 [521]
1181 4410 1301 4479 οὐχὶ
1322 4410 1612 4481 τριάκοντα
1637 4411 1848 4480 ἡμέρας
1890 4412 2070 4481 μόνον,
2090 4411 2227 4465 ἀλλά

650 4494 746 4549 καὶ
771 4493 966 4564 μῆνας,
988 4493 1081 4547 καὶ
1107 4492 1373 4555 ἐνιαυτὸν,
1395 4493 1490 4546 καὶ
1507 4493 1621 4557 ἕνα,
1641 4492 1863 4556 καὶδύο,
1897 4494 1991 4547 καὶ
2008 4494 2226 4557 πλείους

649 4576 885 4630 ἐνταῦθα
901 4575 1190 4648 διέτριψεν.
1204 4576 1423 4646 Ἐπειδὴ
1438 4575 1547 4646 γάρ
1564 4577 1753 4647 ἱκανὴν
1771 4575 2007 4630 ἐδώκατε
2023 4578 2121 4647 τῆς
2139 4595 2225 4630 πε·

655 4662 709 4734 ρ“ι
723 4660 820 4731 τὴν
838 4662 1018 4715 πίστιν
1041 4660 1397 4732 στερρότητος
1414 4659 1707 4726 ἀπόδειξιν,
1724 4660 1921 4713 ἔδωκεν
1940 4661 1969 4713 6
1978 4663 2068 4729 μίν
2090 4660 2227 4729 μετά

652 4743 834 4806 ἀδείας
873 4743 1207 4815 ἐντρυφῆσαι
1236 4744 1314 4814 τῷ
1340 4745 1507 4815 πατρὶ
1553 4744 1731 4798 πάλιν.
1774 4745 1882 4797 Καὶ
1913 4745 2020 4816 γὰρ
2050 4744 2226 4815 τρυφὴ

652 4822 719 4893 ἦν
749 4826 978 4896 μεγίστη
1000 4827 1062 4879 τὸ
1083 4826 1187 4897 τῆς
1199 4826 1358 4895 ἁγίας
1379 4825 1552 4895 ὅψεως
1577 4826 1870 4880 ἀπολαύειν
1895 4827 2126 4896 ἐκείνης.
2148 4829 2224 4881 U6

652 4907 764 4976 γὰρ
785 4907 848 4978 δὴ
871 4908 1135 4962 διδάσκων
1161 4911 1342 4979 μόνον,
1369 4910 1491 4963 οὐδὲ
1519 4908 1916 4979 φθεγγόμενος.
1955 4909 2092 4962 ἀλλά
2131 4912 2226 4964 καὶ

653 4989 928 5060 ὁρώμενος
957 4992 1157 5056 ἁπλῶς,
1193 4994 1376 5055 ἱκανὸς
1401 4988 1466 5063 ἦν
1500 4991 1718 5046 ἅπασαν
1742 4994 1944 5063 ἀρετῆς
1968 4993 2226 5048 διδασκα-

653 5071 773 5125 λίαν
806 5074 885 5136 εἱς
911 5084 1009 5142 την
1038 5075 1146 5129 τῶν
1188 5075 1437 5144 ὁρώντων
1485 5075 1665 5145 ψυχὴν
1715 5078 2048 5144 είσαγαγεῖν.
2068 5066 2225 5129 ’Ὅτε

599 5198 607 5206 .
653 5155 786 5225 γοῦν
813 5155 950 5227 πρὸς
999 5156 1141 5226 ὑμᾶς
1188 5158 1497 5230 εἰσήλαυνε,
1535 5160 1627 5210 καὶ
1653 5159 1804 5211 πᾶσα
1832 5160 1865 5229 ή
1897 5158 2050 5221 πόλις
2089 5160 2226 5229 πρὸς

651 5240 752 5309 τὴν
780 5239 897 5292 ὁδὸν
933 5238 1326 5310 μεθωρμίζετο,
1364 5242 1414 5293 οί
1454 5242 1551 5312 μὲν
1596 5240 1820 5312 πλησίον
1850 5242 2099 5312 ῆρχοντο,
2131 5244 2226 5296 καὶ

653 5321 829 5374 ποδῶν
865 5322 1117 5391 ἥπτοντο,
1168 5322 1263 5376 καλ⁵
1308 5326 1493 5393 χεῖρας
1528 5325 1870 5392 κατεφίλουν,
1913 5326 2007 5377 καὶ
2043 5327 2225 5395 φωνῆς

653 5404 870 5475 ἤκουον’
893 5406 942 5459 οἱ
966 5405 1021 5458 δὲ
1038 5405 1143 5458 ὑπὸ
1166 5406 1258 5459 τοῦ
1284 5406 1519 5476 πλήθους
1548 5407 1878 5478 κωλυόμενοι
1900 5407 1993 5460 καὶ
2013 5407 2227 5477 πόρρω-

656 5488 746 5539 θεν
786 5490 947 5542 αὐτὸν
990 5490 1223 5560 ὁρῶντες
1268 5493 1459 5561 μόνον,
1496 5489 1686 5561 ὥσπερ
1731 5489 1918 5560 ἱκανὴν
1968 5490 2077 5542 ἀπὸ
2126 5491 2224 5560 τῆς

657 5568 830 5636 όψεως
861 5571 1138 5641 δεξάμενοι
1156 5574 1254 5646 τὴν
1276 5572 1546 5640 εὐλογίαν,
1582 5573 1677 5625 καὶ
1703 5574 1856 5627 οὐδὲν
1882 5572 2099 5625 ἔλαττον
2117 5573 2223 5626 τῶν

658 5646 821 5711 δῖγὺς
849 5656 1151 5714 γενομένων
1187 5655 1498 5722 ἐσχηκότες,
1516 5654 1658 5711 οὕτω
1684 5656 1821 5726 μετά
1852 5656 2216 5727 πληροφορίας,

1340 269 1396 321 S.
1435 266 1717 322 JOANNIS
1751 261 2246 321 CIIRYSOSTOMI
2286 263 2607 321 ARClliEP.
2649 265 3200 328 CONSTANTINOP.
3773 271 3858 329 5l8

2319 375 2534 443 ἀπάσης
2568 375 2835 446 ἀπῄεσανο
2866 379 2957 431 καὶ
2989 380 3127 450 ὅπερ
3168 382 3266 435 ἐπὶ
3301 380 3407 433 τιῖν
3435 380 3741 437 ἀποστόλων
3767 386 3858 455 ἐγί·

2316 479 2493 529 γνετο,
2530 463 2686 516 τοῦτο
2712 465 2805 517 καί⁸
2826 465 2918 519 ἐπὶ
2945 465 3136 520 τούτου
3167 467 3472 523 συνέϐαινε.
3494 469 3754 542 Καθάπερ
3773 475 3858 548 γὰρ

2317 550 2409 602 ἐπὶ
2453 550 2562 603 τῶν
2598 551 2910 605 ἀποστόλων
2947 553 3062 606 ὅσοι
3102 554 3423 625 προσελθεῖν
3468 556 3565 609 καὶ
3602 560 3756 627 ἐγγὺς
3783 579 3861 628 γε-

2318 639 2504 694 νέσθαι
2536 641 2636 695 οῦκ
2669 642 2873 711 ἴσχυον,
2919 644 3016 714 τῆς
3068 646 3227 707 σκιᾶς
3273 645 3459 698 αὐτῶν
3493 648 3861 719 ἐκτεινομένης,

2318 729 2411 782 καὶ
2447 729 2558 781 τῶν
2583 730 2867 801 πόρρωθεν
2890 731 3221 802 ἁπτομένης,
3249 733 3347 803 τὴν
3370 732 3547 803 αὐτὴν
3581 735 3863 792 ἐπεσπῶντο

2318 816 2499 885 χάριν,
2528 817 2622 870 καὶ
2655 818 2856 887 ὁμοίως
2885 819 3220 886 ὑγιαίνοντες
3242 818 3516 890 ἀπῄεσαν·
3537 820 3677 874 οὔτω
3704 823 3762 894 δὴ
3788 828 3864 879 καὶ

2317 902 2412 955 νῦν
2436 904 2549 957 ὅσοι
2579 904 2894 971 προσελθεῖν
2934 906 3035 957 οὐκ
3087 906 3289 976 ίσχυον,
3339 907 3536 978 ῶσπερ
3565 909 3706 973 τινὸς
3732 910 3863 980 δόξης

2319 991 2694 1060 πνευματικῆς
2712 992 2822 1045 ἀπὸ
2835 992 2935 1055 τῆς
2953 993 3113 1060 ἀγίας
3130 992 3340 1062 ἐκείνης
3355 994 3606 1064 κεφαλῆς
3627 997 3865 1066 ἐκπεμπο-

2323 1077 2509 1149 μένης,
2527 1080 2620 1132 καὶ
2647 1078 2781 1149 πρὸς
2808 1080 2934 1143 τοὺς
2957 1081 3293 1151 πορρωτάτω
3310 1081 3690 1153 διικνουμένης
3706 1086 3864 1140 αἰσθα-

2319 1166 2553 1236 νόμενοι,
2587 1165 2767 1238 πάσης
2806 1178 2833 1207 ι
2865 1168 3114 1235 εὐλογίας
3142 1169 3249 1223 ἀπὸ
3292 1169 3392 1239 τῆς
3441 1170 3674 1243 θεωρίας
3724 1174 3863 1245 μόνης

2320 1255 2683 1326 πληρούμενοι
2726 1256 2927 1319 πάντες
2958 1258 3222 1329 ἀπῄεσαν.

2388 1345 2458 1414 γ’.
2496 1346 2646 1399 Ἐπεὶ
2673 1347 2730 1400 δέ
2760 1345 2903 1412 ἔδοξε
2928 1345 3007 1417 τῷ
3032 1347 3194 1419 κοινῷ
3222 1349 3330 1403 τῶν
3365 1351 3507 1407 ὅλων
3530 1351 3647 1423 Θεῷ
3672 1353 3862 1407 καλέσαι

2317 1432 2501 1487 λοιπὸν
2526 1435 2688 1488 αὐτὸν
2709 1437 2772 1488 ἐκ
2796 1436 2897 1505 τῆς
2930 1437 3209 1509 παρούσης
3233 1440 3400 1507 ζωῆς,
3440 1442 3539 1495 καὶ
3575 1443 3655 1505 είς
3674 1442 3755 1494 τὸν
3772 1443 3861 1495 τῶν

2318 1523 2563 1591 ἀγγέλων
2589 1524 2885 1589 κατατάξαι
2911 1526 3089 1596 χορόν·
3116 1528 3235 1582 οὐδὲ
3267 1529 3429 1583 τοῦτο
3452 1530 3640 1594 ἁπλῶς
3664 1531 3859 1597 ἐγίνετο,

2318 1610 2454 1663 ἀλλά
2484 1610 2641 1665 καλεῖ
2666 1612 2763 1683 μὲν
2788 1613 2948 1666 αὐτὸν
2980 1613 3243 1684 βασιλέως
3282 1618 3616 1688 γράμματα,
3646 1616 3733 1669 τοῦ
3751 1617 3859 1669 Θεοῦ

2317 1697 2408 1750 16v
2449 1697 2673 1769 βασιλέα
2704 1701 3046 1771 κινήσαντος·
3097 1702 3251 1756 καλεῖ
3285 1702 3343 1755 δὲ
3382 1703 3549 1757 αὐτὸν
3590 1704 3685 1756 06x
3725 1703 3861 1773 ἐγγύς

2320 1808 2423 1846 που
2448 1791 2571 1845 οὐδὲ
2597 1792 2843 1863 πλησίον,
2877 1794 2991 1847 ἀλλ’
3007 1796 3087 1858 είς
3113 1794 3211 1864 τὴν
3240 1795 3466 1868 Θρᾴκην
3489 1797 3771 1867 αὐτὴν,ίνα
3788 1797 3863 1849 καὶ

2320 1881 2580 1944 Γαλάται,
2610 1883 2704 1937 καὶ
2742 1884 2976 1948 Βιθυνοὶ,
3005 1887 3100 1939 καὶ
3130 1886 3372 1951 Κίλικες,
3389 1887 3489 1941 καὶ
3516 1889 3860 1947 Καππαδόκαι,

2320 1979 2416 2032 καὶ
2444 1978 2496 2031 οί
2522 1976 2621 2049 τὴν
2656 1976 2880 2048 Θρᾴκην
2905 1978 2933 2018 1³
2961 1976 3380 2047 προσοικοῦντες
3413 1979 3650 2043 ἀπαντες
3676 1974 3739 2029 τὰ
3762 1976 3863 2043 ἠρέ-

2319 2086 2457 2142 τερα
2486 2068 2731 2139 μάθωσιν
2754 2068 2953 2137 ἀγαθά·
2996 2070 3082 2123 ῖνα
3119 2070 3167 2122 οί
3217 2069 3502 2141 πανταχοῦ
3527 2071 3625 2141 τῆς
3654 2069 3747 2138 γῆς
3766 2069 3861 2120 E1!-

2325 2141 2727 2232 σκοποιῶσπερ
2747 2163 2829 2226 είς
2867 2141 3173 2234 ἀρχέτυπον
3217 2163 3404 2216 είκόνα
3441 2165 3543 2234 τὴν
3595 2161 3862 2230 ἁγιωσύνην

2325 2254 2521 2319 ίδόντες
2550 2252 2649 2326 τὴν
2674 2254 2904 2317 ἐκείνου,
2938 2255 3031 2307 καὶ
3057 2254 3407 2326 παράδειγμα
3438 2257 3609 2325 σαφὲς
3638 2255 3729 2324 τῆς
3750 2253 3862 2307 κατὰ

2319 2344 2418 2415 τήν
2458 2346 2632 2416 ἀρχὴν
2670 2345 2875 2416 ταύτην
2923 2346 3195 2411 διακονίας
3253 2345 3314 2412 ἐξ
3358 2347 3575 2401 ἐκείνου
3626 2345 3863 2409 λαϐόντες,

2322 2440 2521 2493 κανόνα
2546 2437 2689 2502 τινά,
2731 2439 2849 2493 καθ’
2881 2440 2940 2494 δν
2989 2438 3072 2493 δεῖ
3104 2441 3203 2503 τάς
3244 2439 3575 2509 Ἑκκλησίας
3602 2442 3865 2510 οίκονομεῖν

2322 2512 2417 2564 καὶ
2445 2510 2734 2583 κυϐερνᾷν,
2773 2511 2966 2581 ἔχωσιν
2992 2511 3208 2583 ἀσφαλῆ
3241 2512 3337 2567 καὶ
3386 2515 3717 2582 σαφέστατον
3737 2550 3751 2565 .
3775 2513 3863 2565 Καὶ

2321 2601 2429 2673 γὰρ
2450 2601 2537 2656 διὰ
2569 2603 2629 2657 τδ
2668 2603 2765 2673 τῆς
2797 2603 3005 2665 πόλεως
3034 2603 3263 2676 μέγεθος
3294 2608 3392 2660 καὶ
3428 2605 3519 2660 διά
3544 2604 3644 2677 τὴν
3674 2603 3758 2658 τοῦ

2324 2688 2513 2756 σιλέως
2535 2694 2859 2765 προσεδρίαν
2882 2693 3067 2748 πολλοὶ
3107 2696 3438 2767 πολλαχόθεν
3463 2697 3565 2766 τῆς
3582 2694 3864 2765 οίκουμένης

2324 2786 2442 2838 ἐκεῖ
2466 2785 2751 2856 συνέρρεον
2773 2784 2915 2838 τότε·
2946 2787 2996 2838 οί
3026 2787 3083 2841 δὲ
3103 2786 3211 2840 τῶν
3257 2788 3597 2858 Ἐκκλησιῶν
3617 2787 3862 2841 ἐπίσκοποι

2323 2875 2414 2930 διὰ
2436 2876 2495 2929 16
2515 2877 2613 2939 τὰς
2635 2877 2959 2948 Ἐκκλησίας
2989 2880 3054 2931 ἐκ
3080 2879 3295 2951 μακροῦ
3319 2880 3561 2952 πολέμου
3582 2880 3671 2934 καὶ
3700 2876 3862 2950 χειμῶ·

2325 2985 2412 3032 νος
2446 2968 2841 3039 ἀνενεγκούσας
2868 2969 3041 3041 ἀρχὴν
3072 2972 3299 3042 είρήνης
3336 2972 3434 3025 καὶ
3476 2971 3711 3041 γαλήνης
3750 2967 3860 3036 λαμ-

2324 3069 2531 3130 ϐάνειν,
2561 3067 2857 3137 βασιλικοῖς
2884 3068 3002 3119 ἐκεῖ
3021 3065 3341 3137 γράμμασιν
3369 3066 3662 3120 ἐκαλοῦντο
3679 3063 3861 3123 πάντες.

2323 3159 2459 3213 Τότε
2485 3159 2662 3212 τοίνυν
2682 3158 2776 3210 καὶ
2794 3150 2948 3220 οὗτος
2964 3158 3083 3209 ἐκεῖ
3112 3157 3497 3228 παραγίνεται.
3519 3157 3628 3211 Καὶ
3650 3153 3862 3221 καθάπερ

2325 3251 2419 3303 ἐπὶ
2454 3249 2561 3305 τῶν
2590 3250 2758 3322 τριῶν
2795 3249 3020 3311 παίδων,
3060 3248 3223 3320 ἡνίκα
3246 3247 3708 3321 ἀνακηρύττεσθαι
3731 3242 3861 3315 ἐμελ-

2325 3345 2439 3404 λον,
2493 3343 2587 3396 καλ⁸
2638 3340 3057 3411 στεφανοῦσθαι,
3095 3341 3386 3406 σϐέσαντες
3429 3344 3532 3413 τὴν
3584 3338 3675 3393 τοῦ
3724 3332 3862 3405 πυρὸς

2326 3436 2577 3505 δύναμιν,
2611 3435 3099 3504 καταπατήσαντες
3145 3432 3242 3487 τοῦ
3274 3434 3542 3505 τυράννου
3572 3434 3660 3485 τὸν
3695 3427 3860 3495 τῦφον.

2329 3524 2474 3579 ἅπαν
2504 3523 2758 3588 ἀσεϐείας
2792 3520 2930 3586 εἶδος
2986 3522 3324 3592 ἐλέγξαντες,
3367 3524 3435 3577 ἐκ
3459 3524 3559 3592 τῆς
3584 3518 3864 3589 οἰκουμένης

2328 3617 2511 3679 αὐτοῖς
2542 3614 2604 3667 16
2642 3614 2868 3685 θέατρον
2894 3612 3129 3683 ἐκάθητο
3155 3614 3337 3684 πάσης
3369 3615 3443 3680 (οί
3473 3614 3582 3684 γὰρ
3625 3600 3861 3675 πανταχοῦ

2328 3707 2432 3777 γῆς
2463 3707 2760 3776 σατράπαι,
2799 3707 2894 3760 καὶ
2938 3704 3157 3769 ὕπατοι,
3187 3706 3285 3760 καὶ
3311 3706 3585 3777 τοπάρχαι
3615 3696 3867 3755 ἐκαλοῦντο

2332 3798 2432 3867 μὲν
2457 3796 2523 3850 δι’
2552 3795 2743 3865 ἑτέραν
2776 3795 2974 3857 αἰτίαν,
3009 3794 3288 3863 ἐγίγνοντο
3314 3795 3371 3849 δὲ
3398 3795 3587 3850 θεαταὶ
3617 3788 3755 3864 [5'22]
3778 3784 3865 3840 τῶν

2332 3887 2581 3959 ἀθλητῶν
2607 3887 2875 3957 ἐκείνων)ο
2891 3886 3037 3939 οὓτω
3053 3885 3118 3957 δὴ
3147 3886 3241 3940 καὶΙ
3259 3886 3379 3939 τότε
3411 3885 3733 3942 συνέϐαινεν,
3748 3877 3863 3930 ὥστε

2343 3979 2584 4050 γενέσθαι
2613 3980 2865 4051 λαμπρὸν
2893 3977 2972 4048 τῷ
3007 3980 3261 4053 μακαρίῳ
3287 3980 3350 4033 16
3380 3979 3625 4051 θέατρον*
3648 3976 3730 4029 ἐπ’
3755 3968 3867 4040 ἄλλῃ

2334 4073 2621 4143 κληθέντες
2648 4073 2795 4144 αἰτίᾳ
2831 4083 2855 4112 θ
2876 4075 2923 4126 οί
2947 4071 3046 4135 τὰς
3075 4073 3349 4144 πανταχοῦ
3378 4073 3486 4144 γῆς
3503 4064 3867 4138 οἰκονομοῦντες

2345 4166 2672 4237 Ἐκκλησίας
2708 4167 2995 4220 ἐπίσκοποι
3031 4167 3427 4239 παρεγένοντο,
3472 4168 3565 4221 καὶ
3615 4162 3696 4215 τὸν
3739 4156 3863 4221 ᾶγιον

2333 4255 2601 4327 ἐθεώρουν
2676 4258 2906 4310 ἐκεῖνον.
2972 4257 3083 4308 Καὶ
3153 4256 3341 4327 ἐπειδὴ
3417 4256 3727 4312 ἐθεάσαντο.
3789 4239 3864 4294 καὶ

2333 4347 2639 4420 κατέμαθον
2666 4347 2831 4402 αὑτοῦ
2862 4348 3105 4420 ἀκριϐῶς
3131 4349 3231 4419 τὴν
3254 4344 3665 4414 εὖλάϐειαν,τὴν
3686 4334 3861 4420 σοφίαν]

2332 4440 2424 4494 τὸν
2453 4416 2613 4510 ζῆλον
2634 4439 2733 4509 τῆς
2756 4416 3009 4501 πίστεως,
3031 4416 3211 4492 πᾶσαν
3241 4437 3650 4510 ἀπηρτισμένην
3672 4431 3724 4481 ἐν
3742 4416 3866 4489 αὐτῷ

2332 4535 2432 4605 τὴν
2469 4536 2606 4605 ἱερεῖ
2632 4533 2949 4603 πρέπουσαν
2968 4531 3190 4604 ἀρετὴν,
3215 4532 3338 4585 τότε
3367 4532 3530 4586 αὐτὸν
3563 4526 3687 4599 πρὸς
3706 4513 3865 4573 ἑαυτὸν

2332 4624 2589 4681 ἐκάλεσεν
2614 4627 2643 4678 6
2672 4623 2823 4686 Θεός.

2416 4718 2656 4785 Ἐγίνετο
2685 4716 2742 4769 δὲ
2771 4715 2931 4768 τοῦτο
2974 4716 3069 4770 καὶ
3116 4715 3207 4769 διά
3241 4714 3409 4784 φειδῶ
3447 4716 3546 4786 τῆς
3576 4708 3763 4765 πόλεως
3784 4695 3863 4764 τῆς

2334 4811 2629 4883 ἡμετέρας.
2650 4810 2714 4863 Εί
2736 4808 2845 4882 γὰρ
2876 4808 3110 4863 ἐνταῦθα
3130 4809 3228 4878 τὴν
3255 4807 3432 4880 ψυχὴν
3459 4793 3862 4877 ἀφῆκεν-ἀφόρτΓ

2333 4921 2424 4968 τος
2454 4904 2680 4974 ἔμελλεν
2704 4906 2733 4957 ό
2762 4904 2863 4975 τῆς
2886 4904 3176 4974 συμφορᾶς
3212 4903 3376 4971 δγκος
3406 4900 3638 4955 ἔσεσθαι.
3669 4892 3753 4951 Τίς
3776 4884 3861 4951 γάρ

2332 4996 2399 5051 ἂν
2431 4996 2689 5066 ἠνέσχετο
2714 4995 2805 5048 16v
2846 4996 3115 5065 μακάριον
3144 4996 3352 5069 ἐκεῖνον
3384 4994 3509 5047 ἰδεῖν
3546 4991 3638 5051 τὰς
3668 4975 3860 5069 ἐσχάτας

2334 5089 2671 5144 ἁναπνέοντα
2729 5088 3038 5154 ἀναπνοάςς
3089 5089 3176 5151 τίς
3231 5087 3297 5142 ἂν
3350 5088 3606 5158 ἠνέσχετο
3658 5076 3769 5130 ίδεῖν
3806 5064 3859 5167 ri?

2337 5181 2581 5253 βλέφαρα
2610 5183 2796 5236 ἐκεῖνα
2834 5181 2945 5235 τῶν
2992 5180 3285 5253 ὀφθαλμῶν
3335 5176 3749 5251 καθαιρούμενα,
3784 5171 3858 5208 και

2335 5274 2509 5329 στόμα
2544 5272 2962 5343 συγκλειόμενον
3017 5271 3224 5342 ἔσχατα
3275 5272 3500 5342 ρήματα
3536 5258 3854 5325 ἐπιτκῆπτονὲ

2395 5410 2423 5489 ε
2448 5409 2547 5489 λιιι
2570 5408 2923 5489 αίσθανόμενρι,
2940 5409 3070 5457 οὕτω
3092 5407 3174 5455 καὶ
3193 5407 3329 5456 αὐτοὶ
3346 5407 3518 5464 πάσης.

2393 5470 2421 5510 b
2451 5471 2584 5520 Unus
2615 5473 2722 5519 cod.
2745 5470 2803 5535 τῇ
2828 5473 3010 5535 θράκῃ.
3773 5504 3787 5514 .

2397 5542 2418 5569 ε
2443 5532 2558 5582 Haec
2596 5540 2767 5583 notant
2798 5534 2897 5583 duo
2913 5522 3060 5583 'codd.
3087 5551 3099 5579 :
3146 5535 3228 5587 Τις
3250 5531 3303 5580 δὲ
3320 5533 3351 5587 ἡ
3375 5530 3493 5587 ἄλλη
3516 5521 3656 5593 αἰτία]

2332 5601 2404 5649 ὅτι
3244 5575 3570 5658 ᾗὲιᾷοὲὸνῆσαι
3607 5584 3647 5632 οἱ
3683 5575 3748 5641 ρι’
3772 5575 3832 5613 επὶ

2338 5677 2524 5710 σκοποι.
