4032 6432
181 392 282 447 517

137 517 142 568 _'
241 505 299 559 2.
343 499 579 556 Heluius
605 499 724 552 urbe
749 496 924 568 pulsus
961 494 1078 564 tegit
1107 501 1258 562 caput
1275 490 1524 562 pra'sidis,
1557 504 1618 542 ne
1639 489 1772 555 lapi-

135 575 142 602 ²
178 597 322 652 dibus
346 594 610 647 obruatur.
630 587 905 656 —Oper:n
933 585 1162 655 pretium
1189 590 1270 638 est
1298 591 1472 636 autem
1502 594 1607 633 non
1639 576 1768 630 illud

179 683 608 755 przetermittere,
647 678 786 750 quod
836 676 1028 731 accidit
1073 675 1124 728 in
1173 674 1288 742 ejus
1338 670 1765 741 perseqiiutione.

178 777 305 832 Nam
355 789 479 828 cum
521 785 720 842 praeses
760 768 988 824 civitatis
1035 781 1196 820 curru
1242 772 1422 818 vectus
1466 761 1636 816 exiret
1678 774 1770 828 per

181 865 413 921 medium
441 863 635 926 forum,
669 859 890 914 sedente
918 857 981 912 ad
1011 857 1151 910 latus
1187 865 1374 910 sancto
1402 853 1538 918 viro,
1570 851 1770 920 lapides

183 957 300 1008 nive
326 953 631 1007 crebriores
653 949 883 1019 undique
912 947 963 1001 in
993 955 1149 1015 caput
1169 943 1412 1013 praesidis
1439 942 1764 1004 ferebamur,

179 1046 390 1099 civitate
431 1044 576 1097 illam
623 1058 726 1096 non
766 1040 970 1095 ferente
1008 1037 1424 1108 separationem,
1467 1034 1560 1089 sed
1595 1033 1769 1102 potius

183 1138 280 1189 vita
330 1133 582 1206 praesenti
629 1131 825 1202 privari
868 1130 1099 1194 volente,
1128 1143 1286 1198 quam
1317 1127 1498 1180 videre
1528 1133 1768 1178 sanctum

184 1227 325 1280 illum
360 1224 538 1277 avelli.
561 1222 697 1288 Quid
718 1237 847 1292 ergo
870 1230 994 1275 tunc
1017 1220 1141 1275 fecit
1169 1219 1258 1273 ilie
1283 1217 1507 1273 beatus?
1536 1216 1666 1270 Cum
1693 1216 1772 1268 vi-

185 1317 344 1370 disset
389 1316 567 1385 jactus
611 1313 866 1383 lapidum,
907 1311 1200 1381 complexis
1237 1311 1348 1365 suis
1376 1309 1612 1364 vestibus
1637 1321 1768 1361 con-

187 1409 304 1461 texit
328 1417 491 1476 caput
523 1405 799 1476 prmsidis:
833 1404 991 1460 simul
1038 1413 1092 1458 et
1135 1404 1378 1458 inimicos
1422 1401 1624 1472 pudore
1651 1400 1768 1454 affi-

187 1501 323 1554 ciens
366 1500 440 1552 ob
479 1498 737 1566 insignem
786 1495 1270 1558 mansuetudinem,
1316 1502 1371 1549 et
1413 1507 1538 1548 suos
1572 1492 1770 1546 docens

187 1591 488 1661 discipulos,
510 1599 760 1658 quautam
789 1587 1072 1642 ostendere
1097 1595 1341 1655 oporteat
1370 1583 1676 1654 patientiam
1714 1583 1775 1635 in.

189 1699 294 1747 eos,
333 1683 423 1752 qui
474 1681 664 1750 injuria
708 1681 976 1743 afﬁciunt;
1023 1687 1077 1734 et
1115 1677 1254 1748 quod
1286 1692 1390 1731 non
1435 1677 1605 1730 solum
1637 1675 1766 1728 niliil

189 1784 418 1843 oporteat
459 1773 542 1837 eis
587 1771 710 1825 mali
740 1773 934 1836 facere,
964 1769 1059 1824 sed
1087 1769 1292 1824 etiamsi
1319 1769 1387 1822 ab
1411 1767 1528 1820 aliis
1563 1765 1641 1820 eis
1667 1766 1768 1818 im-

192 1867 379 1920 mineat
403 1864 720 1934 periculum,
756 1863 804 1917 id
831 1877 1045 1931 quoque
1068 1862 1214 1915 omni
1235 1859 1411 1914 studio
1439 1857 1766 1928 propulsare.

191 1957 307 2023 Quis
336 1965 463 2009 tunc
490 1969 597 2008 non
645 1953 743 2007 fuit
787 1952 1202 2022 obstupefactus,
1229 1951 1416 2004 videns
1437 1958 1493 2004 et
1524 1949 1766 2002 insanum

192 2063 416 2101 amorem
457 2046 708 2109 civitatis,
748 2054 802 2099 et
846 2059 1112 2100 summam
1157 2041 1544 2113 philosophiam
1581 2041 1769 2094 lenita-

194 2149 394 2206 temque
437 2145 494 2192 et
543 2135 1003 2190 mansuetudinem
1027 2134 1301 2190 doetoris?
1329 2141 1481 2188 erant
1509 2133 1649 2187 enim
1675 2133 1771 2185 ad-

193 2229 440 2284 mirabilia
470 2244 561 2294 ea,
587 2244 705 2296 qure
730 2237 849 2282 tunc
874 2227 1201 2282 acciderunt.
1229 2225 1419 2280 Pastor
1437 2225 1766 2294 abigebatur,

193 2331 239 2374 et
261 2335 387 2374 oves
411 2335 522 2372 non
552 2317 1014 2389 dispergebantur;
1037 2317 1358 2387 gubernator
1383 2314 1766 2384 erpellebatur,

192 2422 239 2464 et
275 2409 468 2478 scapha
524 2423 627 2462 non
670 2409 1039 2476 mergebatur;
1089 2407 1322 2477 agricola
1367 2405 1663 2475 fugabatiir,
1715 2413 1770 2458 et

200 2485 444 2569 vitis’plus
485 2497 689 2553 fructus
717 2495 942 2552 ferebat.
978 2497 1240 2565 Quoniam
1266 2497 1406 2551 enim
1437 2496 1649 2550 vinculo
1677 2510 1769 2549 ca-

191 2594 347 2647 ritatis
387 2593 560 2647 eratis
603 2592 740 2644 inter
767 2605 864 2645 vos
909 2590 1135 2644 invicem
1162 2588 1416 2658 colligati,
1473 2602 1577 2641 non
1609 2586 1770 2640 illatas

195 2685 523 2747 tentationes,
555 2696 662 2734 non
701 2680 1063 2749 impendentia
1101 2679 1356 2749 pericula,
1385 2693 1492 2732 non
1523 2677 1622 2731 viae
1648 2677 1770 2731 lon-

193 2778 380 2844 gitudo,
413 2791 525 2829 non
573 2773 896 2828 diuturnitas
943 2773 1218 2841 temporis,
1267 2785 1441 2841 neque
1481 2768 1769 2840 quidquam

196 2869 320 2922 aliud
348 2883 442 2923 vos
491 2866 666 2937 potuit
705 2866 1062 2934 disjuugerea
1108 2864 1248 2918 beati
1293 2864 1524 2935 paStoris
1569 2861 1770 2919 Meletii

193 2958 586 3020 consuetudine,
614 2956 706 3011 sed
733 2957 1104 3026 expellebatur
1130 2955 1366 3026 quidem,
1401 2965 1457 3009 ut
1480 2963 1626 3011 esset
1647 2969 1773 3026 pro-

195 3053 266 3104 cul
291 3067 319 3105 a
372 3052 494 3107 filiis
533 3065 548 3104 :
601 3052 926 3104 contrarium
973 3058 1150 3104 autem
1193 3049 1404 3104 accidit.
1432 3047 1596 3118 Magis
1624 3047 1768 3103 enim

196 3142 327 3196 vobis
363 3140 831 3209 constringebatnr
879 3140 1104 3194 vinculis
1151 3140 1410 3204 caritatis,
1454 3148 1510 3193 et
1552 3146 1768 3208 accepta

197 3247 356 3285 secum
401 3235 652 3286 universa
692 3233 904 3286 civitate
947 3233 998 3285 in
1030 3232 1334 3286 Armeniam
1368 3229 1638 3299 profectus
1661 3238 1763 3284 est.

196 3321 252 3375 Et
271 3333 378 3377 erat
413 3323 636 3394 quidem
680 3339 874 3393 corpus
906 3324 1134 3393 positum
1163 3324 1225 3377 in‘
1245 3325 1433 3392 patria,
1466 3337 1618 3376 mens
1640 3337 1770 3376 vero

195 3423 240 3466 et
263 3415 532 3484 cogitatio,
583 3414 746 3468 veluti
794 3429 824 3468 a
873 3414 1190 3484 quibusdam
1239 3413 1448 3482 pennis,
1503 3413 1554 3466 in
1601 3412 1767 3464 altum

195 3505 314 3555 elata
352 3520 380 3557 a
425 3505 601 3575 gratia
643 3503 891 3573 Spiritus,
919 3513 974 3559 et
995 3504 1132 3572 apud
1162 3519 1258 3558 vos
1283 3511 1544 3573 perpetuo
1569 3501 1769 3572 degens

196 3594 481 3649 universum
542 3596 684 3650 hunc
708 3597 960 3664 papulum
1005 3594 1416 3650 circumferebat
1456 3594 1508 3647 in
1541 3594 1764 3648 visceri-

195 3681 296 3738 bus.
337 3686 484 3752 Quod
543 3686 713 3755 ipsum
759 3702 969 3756 quoque
1011 3687 1160 3740 vobis
1203 3701 1300 3740 usu
1344 3684 1606 3738 veniebat.
1633 3684 1764 3738 Nam

193 3790 297 3828 cum
325 3776 409 3831 hic
447 3778 738 3843 sederetis,
789 3788 842 3832 et
872 3779 1002 3833 urbe
1029 3777 1620 3842 eircumscriberemiui,
1653 3777 1764 3846 spi-

196 3866 284 3917 ritu
306 3869 541 3921 caritatis
571 3869 621 3921 in
655 3869 958 3922 Armeniam
981 3868 1217 3938 quotidie
1246 3869 1537 3937 evolantes,
1566 3879 1619 3924 et
1644 3885 1767 3924 san-

197 3964 320 4010 etum
343 3960 547 4013 vultum
575 3959 864 4024 intuentes,
893 3970 946 4014 et
971 3960 1410 4028 jucundissimam
1447 3961 1766 4032 beatamque

195 4059 362 4102 vocem
386 4051 687 4114 audientes,
718 4050 794 4104 sic
823 4052 1253 4106 revertebamiui.
1281 4051 1349 4106 Et
1377 4062 1594 4122 propter
1630 4055 1764 4108 lianc

195 4151 390 4193 causam
420 4142 686 4195 concessit
717 4142 853 4196 Deus
879 4158 1000 4195 eum
1028 4145 1205 4196 statim
1240 4144 1431 4212 expelli
1473 4159 1502 4198 e
1526 4146 1759 4212 civitate,

197 4245 325 4296 quo,
373 4232 509 4286 sicut
555 4232 695 4300 dixi,
741 4235 1044 4289 ostenderet
1084 4235 1222 4289 Deus
1254 4247 1483 4290 vestram
1514 4237 1630 4292 fidei
1670 4239 1763 4293 fir-

195 4322 414 4379 mitatem
446 4325 676 4380 inimicis
701 4367 713 4390 ,
754 4327 843 4395 qui
870 4341 964 4380 vos
1005 4338 1060 4382 et
1093 4328 1232 4382 illius
1257 4327 1309 4383 in
1335 4328 1576 4385 docendo
1624 4333 1764 4401 peri—

197 4412 305 4467 tiam
330 4419 726 4487 oppugnabant.

256 4504 438 4561 Meleti'i'
458 4511 651 4564 reditus
688 4511 750 4565 ab
780 4511 975 4566 exsilio.
993 4512 1212 4567 —llliid
1238 4522 1414 4568 autem
1441 4512 1563 4568 hinc
1589 4515 1759 4584 palam

195 4604 283 4650 est.
312 4597 438 4652 Nam
469 4611 590 4668 post
620 4603 842 4670 primam
876 4619 1120 4658 reversus
1145 4607 1629 4675 persequutionem,
1655 4621 1758 4660 non

195 4687 385 4754 triginta
402 4692 576 4744 solum
599 4692 729 4757 dies,
755 4693 849 4746 sed
871 4695 1028 4747 etiam
1060 4709 1290 4760 menses,
1315 4706 1364 4749 et
1382 4711 1577 4750 annum
1596 4712 1758 4750 unum

192 4785 237 4828 et
264 4777 386 4833 duos
416 4793 469 4835 et
518 4783 695 4851 plures
741 4784 829 4838 hic
871 4793 952 4838 est
994 4785 1414 4840 versatiis.Cum
1445 4787 1586 4840 enim
1633 4788 1760 4842 satis

193 4881 420 4937 magnum
468 4873 750 4929 dedissetis
781 4888 1148 4946 argumentum
1174 4887 1368 4932 vestra:
1415 4879 1556 4933 circa
1601 4880 1757 4933 lidetn

193 4955 439 5014 firmitatis
462 5005 476 5027 ,
509 4963 655 5018 dedit
687 4966 837 5020 vobis
869 4976 1182 5034 potestatem
1202 4967 1440 5038 jucunde
1477 4981 1532 5024 et
1571 4986 1760 5024 secure

192 5043 382 5103 fruendi
415 5063 580 5121 patre.
617 5056 740 5108 Erat
772 5057 913 5110 enim
951 5059 1186 5112 maxima
1211 5059 1482 5128 voluptas,
1513 5061 1603 5116 illo
1633 5077 1759 5114 san-

189 5145 266 5188 cto
290 5139 386 5194 frui
412 5146 578 5198 vultu.
611 5145 727 5200 Non
775 5148 915 5202 enim
945 5150 1114 5202 solum
1155 5150 1356 5204 docens
1381 5152 1466 5205 vel
1501 5151 1756 5222 loquens,

191 5229 272 5279 sed
293 5233 445 5288 etiam
468 5237 511 5288 si
554 5249 754 5291 tantum
787 5240 1056 5294 videretur
1079 5283 1094 5305 ,
1123 5242 1253 5296 satis
1275 5252 1392 5296 erat
1417 5243 1482 5296 ad
1513 5243 1756 5297 introdu-

190 5320 396 5376 cenilain
440 5340 652 5383 onmem
697 5331 910 5384 virtutis
955 5331 1252 5386 doctrinam
1307 5334 1359 5387 in
1407 5349 1623 5399 eorum,
1668 5336 1757 5404 qui

192 5408 459 5478 videbant,
485 5419 736 5474 animam.
780 5423 1004 5490 Quando
1031 5424 1173 5478 enim
1200 5425 1265 5480 ad
1293 5440 1388 5481 vos
1431 5427 1673 5481 veniebat
1703 5436 1757 5482 et

193 5501 419 5560 universa
457 5510 641 5566 civitas
671 5514 717 5567 ei
766 5515 976 5570 obviam
1009 5527 1377 5586 processerat,
1425 5518 1510 5571 alii
1539 5519 1753 5588 quidem

193 5604 340 5664 Prope
359 5601 706 5670 accedebant,
748 5615 801 5661 et
842 5609 1003 5677 pedes
1036 5607 1426 5678 prehensabant
1448 5651 1462 5675 ,
1495 5619 1548 5664 ct
1569 5625 1757 5664 manus

194 5689 548 5746 asculabantur
567 5738 580 5757 .
611 5708 662 5751 et
685 5713 869 5752 vocem
905 5699 1220 5765 audiebant;
1253 5701 1339 5755 alii
1370 5709 1548 5756 autem
1574 5701 1758 5771 prohi-

195 5774 283 5831 bili
317 5784 671 5855 multitudine,
728 5791 896 5862 ipsum
940 5793 1126 5860 procul
1168 5793 1446 5857 videntes,
1484 5801 1750 5863 tamquam

1313 376 1400 432 DE
1434 375 1493 429 S.
1536 369 1838 428 MELETIO
1877 371 2330 430 ANTIOCHENO.

3350 370 3455 429 518

1873 489 1960 556 qui
2003 487 2351 543 sufficientem
2403 488 2827 544 benedictionem
2851 504 2916 544 ex
2959 499 3174 559 aspectu
3216 497 3455 560 accepts-

1873 589 2020 641 sciit.
2055 589 2108 634 et
2133 595 2238 633 non
2261 581 2435 634 minus
2459 579 2796 642 habuissent,
2821 597 2976 650 quam
3007 583 3093 650 qui
3136 598 3300 651 prope
3326 583 3454 636 fuis-

1873 681 1993 722 sent
2010 713 2023 732 ,
2045 671 2280 726 contenti
2308 671 2664 727 recedebant:
2689 683 2743 726 et
2763 672 2902 741 quod
2927 672 3082 727 flebat
3103 673 3153 726 ii.
3179 675 3455 743 apostolis,

1876 760 1977 815 hac
2005 763 2054 814 in
2077 778 2142 817 eo
2156 778 2367 832 quoque
2387 764 2743 830 contingebat.
2765 764 2915 819 Sicut
2935 765 3076 819 enim
3102 766 3153 819 iu
3179 765 3456 835 apostolis,

1873 853 1960 922 qni
1995 854 2240 924 progredi
2277 862 2331 908 et
2369 855 2585 925 propius
2627 855 2884 912 accedere
2916 871 3019 911 non
3064 866 3346 927 poterant,
3375 859 3456 914 vel

1873 959 1993 998 cum
2023 946 2207 1000 umbra
2238 963 2421 1001 eorum
2445 948 2824 1002 extenderetur
2862 957 2917 1002 et
2966 958 3206 1018 tangeret
3251 964 3346 1004 eos
3371 951 3457 1019 qui

1874 1037 2060 1104 procul
2087 1047 2269 1102 erant,
2313 1038 2555 1092 eamdem
2593 1039 2934 1093 attrabebant
2975 1041 3225 1108 gratiam,
3268 1051 3322 1095 et
3344 1041 3458 1094 sani

1874 1127 2119 1182 similiter
2167 1129 2489 1182 recedebant
2513 1130 2662 1200 (Act.
2693 1131 2748 1185 5.
2778 1131 2878 1200 15)
2905 1148 2919 1184 :
2944 1131 3013 1184 ita
3042 1145 3184 1185 nunc
3209 1146 3422 1200 quoque
3443 1174 3458 1195 ,

1874 1221 1962 1289 qui
2010 1237 2112 1274 non
2144 1230 2392 1289 poterant
2432 1221 2724 1288 accedere,
2751 1231 3019 1292 tamquam
3045 1225 3274 1292 aliquam
3305 1225 3459 1294 spiri-

1875 1312 2070 1365 tualem
2115 1310 2336 1379 gloriam
2357 1328 2386 1365 a
2434 1321 2619 1367 sancto
2650 1313 2742 1365 illo
2785 1314 2957 1382 capite
2999 1314 3248 1369 emissam
3269 1356 3283 1379 ,
3311 1323 3364 1368 et
3394 1314 3468 1367 ad

1874 1416 1998 1466 eos,
2030 1402 2118 1471 qui
2141 1403 2448 1471 longissime
2467 1403 2721 1469 aberant,
2745 1403 3122 1472 pervadentem
3143 1406 3456 1468 sentientes,

1873 1492 2034 1546 etiam
2062 1491 2132 1544 ab
2155 1506 2221 1546 co
2241 1533 2254 1554 ,
2285 1492 2430 1545 omni
2457 1485 2828 1548 benedictione
2854 1508 2922 1548 ex
2967 1494 3082 1546 solo
3107 1501 3324 1564 aspectu
3369 1509 3464 1548 re-

1875 1582 2001 1651 pleti
2023 1623 2037 1648 ,
2076 1596 2263 1636 omnes
2291 1581 2658 1637 discedebant.

1943 1673 1997 1728 5.
2036 1674 2169 1729 Cum
2200 1683 2378 1728 autem
2407 1674 2580 1728 visum
2625 1682 2769 1729 esset
2795 1674 3066 1728 communi
3112 1673 3223 1729 Deo
3251 1673 3463 1728 univer-

1872 1780 2053 1820 sorum
2081 1778 2204 1820 eum
2231 1779 2426 1820 vocare
2452 1782 2518 1820 ex
2539 1765 2645 1820 vita
2677 1765 2929 1835 praesenti
2949 1774 3004 1820 et
3032 1764 3087 1819 in
3115 1765 3339 1819 chorum
3369 1779 3459 1818 au-

1873 1859 2114 1928 gelorinn
2165 1857 2389 1924 referre,
2418 1872 2487 1912 ne
2516 1857 2620 1912 hoc
2644 1857 2858 1927 quidem
2889 1856 3081 1910 factum
3107 1864 3192 1910 est
3222 1865 3422 1910 temere
3445 1896 3461 1918 ,

1873 1952 1968 2006 sed
2011 1952 2184 2021 ipsum
2217 1951 2435 2021 quidem
2475 1961 2668 2005 vocant
2721 1950 2892 2003 literze
2945 1949 3307 2018 imperatoris,
3337 1963 3472 2003 cum.

1875 2047 2012 2099 Deus
2043 2045 2300 2099 movisset
2323 2045 2728 2114 Imperatorem.
2765 2043 2972 2097 Vocant
2998 2056 3128 2096 vero
3153 2042 3326 2111 ipsum
3355 2056 3462 2096 non

1874 2137 1925 2188 in
1953 2138 2306 2204 propinquum
2337 2135 2534 2201 locum,
2561 2134 2656 2188 sed
2687 2135 2740 2187 in
2770 2132 2940 2198 ipsam
2967 2130 3249 2186 Thraciam
3278 2149 3292 2184 :
3327 2141 3386 2185 ut
3411 2141 3467 2186 et

1872 2226 2096 2292 Galatae,
2149 2236 2203 2280 et
2222 2225 2460 2296 Bithyni,
2505 2234 2561 2279 et
2603 2224 2834 2290 Cilices,
2877 2231 2934 2279 et
2977 2221 3360 2293 Cappadoces,
3413 2231 3475 2277 et.

1873 2333 2082 2382 omnes,
2115 2317 2207 2388 qui
2249 2317 2492 2371 Tliraciie
2543 2315 2745 2370 vicinas
2786 2315 3034 2386 regiones
3062 2314 3332 2376 habitant.
3362 2329 3461 2368 no-

1873 2419 1984 2464 stra
2015 2409 2152 2463 bona
2193 2417 2581 2479 cognoscerent
2609 2423 2624 2461 :
2654 2417 2712 2462 ut
2740 2409 2828 2478 qui
2877 2415 3032 2462 erant
3075 2406 3268 2476 ubique
3299 2417 3466 2462 terra-

1877 2517 1993 2554 rum
2019 2500 2276 2570 episc0pi,
2307 2509 2578 2569 tamquam
2621 2498 2674 2554 in
2700 2501 3048 2570 archetypum
3076 2498 3350 2567 exemplar
3369 2539 3384 2561 ,
3414 2498 3466 2552 in

1875 2591 2020 2646 illius
2050 2591 2386 2646 sanctitatem
2417 2593 2704 2655 intuentes,
2724 2601 2778 2646 et
2797 2599 3039 2660 apertum
3068 2589 3372 2658 exemplum
3398 2589 3468 2643 ab

1874 2699 1940 2740 eo
1959 2685 2305 2753 accipientes,
2324 2684 2405 2738 sui
2424 2683 2476 2737 in
2501 2682 2603 2738 hoc
2617 2697 2836 2737 munere
2856 2680 3016 2736 ofticii
3041 2683 3392 2737 certissimam
3413 2692 3468 2736 et

1876 2774 2227 2829 clarissimam
2254 2773 2516 2828 haberent
2557 2771 3276 2842 regulam,quemadmodum
3301 2786 3466 2842 opor-

1874 2873 1983 2920 teat
2011 2865 2384 2920 administrare
2416 2866 2479 2920 'et
2517 2880 2705 2935 regere
2745 2863 3034 2918 Ecclesias.
3074 2863 3207 2917 Nam
3253 2872 3470 2933 propter

1875 2956 2022 3011 urbis
2069 2955 2508 3024 magnitudinem,
2538 2964 2593 3009 et
2634 2954 2776 3024 quod
2817 2954 2926 3008 illic
2979 2953 3238 3009 resideret
3291 2954 3467 3023 Impe-

1877 3059 2042 3112 rator,
2086 3047 2238 3100 inulti
2290 3061 2355 3102 ex
2402 3047 2583 3100 multis
2623 3045 2758 3100 locis
2804 3046 2950 3100 orbis
3001 3054 3157 3100 terra:
3189 3045 3313 3100 illuc
3345 3055 3470 3101 tunc

1820 3148 1834 3164 ί
1875 3137 2218 3192 confluebant
2261 3157 2275 3192 :
2321 3137 2556 3208 episcopi
2619 3147 2796 3190 autem
2877 3135 3268 3202 Ecclesiarum,
3325 3137 3468 3207 quod

1878 3233 2130 3287 Ecclesiae.
2181 3246 2214 3284 a
2266 3231 2427 3300 longo
2459 3229 2602 3284 bello
2652 3238 2707 3283 et
2774 3237 3090 3299 tempestate
3144 3229 3470 3299 respirantes

1876 3321 2192 3392 principium
2221 3320 2366 3389 pacis
2396 3328 2449 3373 et
2486 3320 2877 3389 tranquillitatis
2908 3320 3213 3388 accipereut
3238 3359 3254 3385 ,
3300 3320 3468 3374 literis

1878 3412 2220 3482 Imperatoris
2251 3425 2439 3466 omnes
2488 3411 2616 3464 illuc
2665 3411 3009 3463 vocabantur.
3044 3410 3194 3465 Tunc
3223 3425 3350 3481 ergo
3383 3411 3480 3472 hic,

1875 3521 2084 3575 quoque
2149 3512 2366 3557 sanctus
2425 3501 2553 3556 illuc
2593 3501 2818 3555 accedit.
2872 3502 2950 3554 Ac
2993 3501 3131 3555 sicut
3185 3502 3236 3555 in
3301 3501 3467 3556 tribus

1878 3595 2055 3664 pueris
2084 3594 2296 3660 accidit,
2324 3591 2536 3663 quando
2561 3603 2713 3647 erant
2741 3591 3008 3660 prmcouio
3048 3591 3391 3646 rcnuntiandi
3412 3601 3466 3646 et

1873 3685 2164 3742 ciironandi
2187 3727 2202 3752 ,
2231 3686 2491 3739 exstincta
2531 3685 2580 3737 vi
2617 3683 2782 3753 ignis,
2816 3681 2954 3736 fastu
2999 3683 3206 3753 tyranni
3251 3684 3464 3737 concul-

1874 3787 2029 3845 cato,
2059 3778 2333 3832 confutata
2359 3777 2502 3831 omni
2533 3790 2730 3846 genere
2768 3776 3082 3845 impietatis,
3116 3791 3182 3831 ex
3217 3778 3466 3831 universo

1873 3871 2005 3924 orbe
2032 3879 2189 3924 terras
2215 3877 2368 3923 erant
2395 3869 2472 3922 eis
2497 3868 2801 3937 congregati
2825 3877 3156 3937 spectatores
3186 3887 3199 3922 :
3229 3884 3350 3922 nam
3374 3871 3462 3940 qui

1873 3964 2070 4033 ubique
2097 3973 2358 4018 terrarmn
2390 3971 2544 4016 erant
2583 3970 2810 4029 satrapa:
2834 4001 2848 4026 ,
2894 3961 3161 4030 principes
3204 3971 3259 4016 et
3291 3972 3467 4031 topar-

1871 4057 2008 4121 chae,
2040 4065 2260 4126 promer
2281 4055 2440 4108 aliam
2468 4068 2682 4109 causam
2713 4054 2907 4120 vocati,
2946 4055 3063 4108 illos
3089 4066 3465 4124 spectaverunt

1869 4148 2130 4211 athletas;
2177 4147 2337 4200 etiam
2393 4153 2520 4200 tunc
2566 4146 2795 4214 accidit,
2828 4155 2884 4200 ut
2937 4147 3247 4215 praeclarum
3309 4149 3468 4204 fieret

1869 4243 2025 4295 beato
2054 4240 2265 4294 Meletio
2298 4238 2561 4293 theatrum
2584 4280 2598 4304 ,
2624 4253 2744 4292 cum
2791 4249 3009 4309 propter
3036 4240 3192 4294 aliam
3238 4256 3458 4296 causam

1870 4333 2040 4387 vocati
2071 4334 2305 4402 episcopi
2330 4333 2472 4402 ί,ῳή
2497 4332 2691 4402 ubique
2719 4341 2982 4386 terrarum
3015 4333 3461 4390 administrabant

1870 4426 2134 4481 Ecclesias
2157 4467 2172 4491 ,
2198 4434 2574 4486 accesserunt,
2607 4434 2661 4480 et
2691 4434 2936 4480 sanctum
2971 4425 3118 4478 illum
3165 4435 3288 4479 sunt
3325 4441 3458 4481 con—

1869 4520 2129 4588 templati.
2163 4519 2449 4590 Postquam
2495 4529 2670 4572 autem
2699 4534 2820 4571 cum
2856 4517 3254 4585 adspexissent,
3287 4529 3340 4572 et
3367 4535 3460 4572 ac-

1857 4625 2053 4667 curate
2106 4612 2221 4680 ejus
2259 4611 2570 4664 didicissent
2618 4609 2904 4678 pietatem,
2939 4608 3251 4673 sapientiam
3298 4620 3459 4679 atque

1868 4707 2039 4761 zelum
2075 4704 2196 4758 fidei
2219 4747 2234 4769 ,
2268 4713 2323 4757 nt
2349 4703 2437 4773 qui
2472 4701 2757 4772 perfectam
2789 4709 2842 4754 et
2873 4700 3168 4754 absolutam
3201 4701 3252 4754 in
3281 4717 3338 4756 se
3366 4701 3460 4757 ha-

1867 4798 2018 4852 beret
2041 4811 2252 4850 omnem
2281 4795 2563 4858 virtutem,
2594 4808 2710 4863 qua:
2749 4792 2904 4845 decet
2933 4791 3263 4845 sacerdotem
3284 4835 3298 4859 ,
3335 4803 3459 4850 tunc

1867 4909 1986 4945 eum
2024 4891 2087 4944 ad
2121 4906 2178 4943 se
2208 4889 2416 4942 vocavit
2443 4889 2602 4940 Deus.

1939 4983 2044 5037 Cur
2071 4992 2211 5036 extra
2233 4982 2449 5051 patriam
2481 4979 2692 5031 moritur
2716 4976 2969 5031 Mcletius.
2997 5005 3072 5016 —
3105 4976 3231 5031 ideo
3273 4989 3455 5034 autem

1867 5078 1946 5131 sic
1975 5074 2188 5140 accidit,
2215 5085 2273 5128 ut
2296 5073 2465 5128 levius
2489 5071 2654 5126 ferret
2691 5079 2870 5124 nostra
2904 5069 3111 5124 civitas.
3136 5070 3266 5126 Nam
3295 5072 3340 5127 si
3370 5071 3459 5128 hic

1865 5169 2135 5224 emisisset
2162 5167 2390 5220 animam
2413 5207 2427 5231 ,
2472 5163 2707 5217 futurum
2738 5173 2851 5216 erat
2884 5161 3218 5218 intolerabile
3247 5164 3457 5232 pondus

1865 5258 2207 5314 calamitatis.
2254 5255 2386 5324 Quis
2432 5255 2574 5308 enim
2623 5254 2966 5307 sustinuisset
3011 5252 3195 5308 videre
3240 5253 3454 5308 beatum

1867 5353 2014 5406 illum
2068 5359 2367 5403 extremum
2409 5347 2741 5401 emittentem
2798 5343 3084 5414 spiritum?
3127 5344 3245 5412 quis
3294 5345 3458 5398 susti-

1867 5445 2070 5499 nuisset
2106 5441 2287 5495 videre
2336 5440 2421 5495 illa
2449 5437 2730 5505 supercilia
2771 5437 3046 5491 oculorum
3078 5435 3335 5503 deprimi,
3360 5451 3454 5490 os-

1867 5551 1968 5607 que
2007 5533 2212 5600 claudi,
2245 5541 2299 5588 et
2335 5530 2580 5584 mandata
2631 5530 2790 5581 edere
2837 5523 3308 5596 novissiina?quis
3353 5526 3455 5582 hoc

1931 5673 1947 5703 ι
1984 5678 2035 5719 In
2057 5669 2162 5718 hinc
2184 5667 2332 5716 verba
2356 5661 2624 5728 hujusmodi
2642 5667 2752 5728 nota
2773 5657 2953 5728 legitur
2975 5657 3037 5728 in,
3060 5656 3250 5728 duobus
3271 5657 3454 5708 codici-

1867 5738 1974 5791 bus,
2000 5744 2113 5795 ()th
2131 5739 2289 5795 autem
2312 5737 2380 5795 est
2403 5721 2502 5777 a'ti'a
2524 5737 2671 5794 causa
2688 5723 2712 5771 γ
2729 5721 2911 5770 scilicet
2935 5727 3125 5795 centum
3145 5727 3190 5770 et
3217 5730 3454 5784 qumqua-

1868 5785 2242 5865 gim'u‘mrisconi
2270 5794 2334 5843 ad
2359 5785 2641 5855 Gregorium
2667 5789 2994 5834 convenerant.
