4032 6450
393 4670 423 4682 1

562 358 664 415 sis
1296 354 1355 411 s.
1393 349 1671 411 .IOANNIS
1705 343 2177 406 cnnvsosrout
2216 343 2532 400 ARCHIEP.
2573 345 3108 404 cousrsmmor.
3750 353 3838 408 seu

571 469 874 538 adspiciens
919 483 1027 526 non
1069 468 1360 526 defecisset
1403 463 1768 536 magnitudine
1809 459 2172 516 calamitatis!

560 561 641 615 Ne
687 566 792 617 hoc
834 576 964 632 ergo
997 561 1300 626 accideret,
1341 559 1568 628 providit
1600 557 1770 620 Deus,
1803 565 1860 608 ut
1900 553 1953 608 in
1992 551 2166 605 aliena

567 657 785 726 regione
818 657 1052 711 animam
1088 653 1391 715 exhalaret,
1433 661 1492 706 ut
1531 658 1800 718 tempore,
1829 645 1970 717 quod
1998 646 2162 698 inter~

565 749 756 816 cessit,
792 749 931 804 hanc
953 750 1238 803 maximam
1268 744 1617 816 praemeditati
1645 741 2162 804 calamitatem,cum

561 840 866 896 videremus
918 840 1125 911 ingredi
1175 853 1409 908 corpus,
1464 850 1565 890 nec
1604 835 1786 888 animo
1841 839 2156 885 consterna-

563 943 769 994 remur,
802 945 924 983 cum
979 945 1132 983 tuens
1175 928 1284 997 jam
1328 934 1470 981 esset
1520 922 1685 977 luctui
1741 919 2035 975 assuefacta
2063 935 2077 973 :
2106 925 2164 972 ut

561 1021 720 1075 etiam
751 1021 992 1089 contigit.
1019 1019 1148 1074 Cum
1183 1017 1326 1072 enim
1376 1013 1737 1070 venerandum
1777 1010 1906 1066 illud
1953 1023 2151 1078 corpus

562 1111 774 1180 excepit
801 1111 986 1165 civitas
1009 1150 1024 1174 ,
1055 1109 1186 1163 luxit
1213 1106 1428 1179 quidem
1478 1114 1532 1159 et
1575 1102 1728 1158 valde
1756 1100 1980 1171 ejulavit
2008 1117 2021 1152 :
2054 1097 2150 1154 sed

570 1204 768 1257 luctum
820 1204 925 1258 cito
978 1201 1269 1272 repressit,
1316 1211 1422 1253 tam
1471 1205 1691 1266 propter
1743 1207 1957 1247 causam
2000 1205 2158 1260 quam

571 1294 824 1358 diximus,
855 1307 1012 1363 quam
1043 1301 1264 1363 propter
1291 1305 1432 1355 eam,
1459 1302 1578 1356 quae
1605 1293 1687 1340 est
1715 1281 1987 1340 dieenda.,

629 1382 769 1439 Laus
794 1383 1035 1440 Flaviani
1075 1381 1318 1455 episcopi.
1349 1378 1714 1446 —Benignus
1759 1374 1902 1428 enim
1951 1381 2006 1428 et
2049 1372 2161 1427 cle-

560 1492 712 1531 mens
745 1477 908 1544 Deus,
935 1475 1190 1530 misertus
1215 1471 1383 1526 nostri
1411 1470 1634 1532 doloris,
1663 1467 1825 1520 alium
1852 1465 1958 1518 cito
2004 1464 2156 1518 nobis

555 1570 705 1626 dedit
735 1581 1008 1642 pastorem
1027 1611 1042 1635 ,
1078 1570 1169 1640 qui
1195 1569 1421 1622 virtutes
1451 1565 1590 1618 illius
1620 1568 1866 1616 accurate
1904 1556 2146 1612 referret.

554 1662 657 1728 Qui
683 1676 806 1718 cum
838 1661 1022 1717 sedem
1047 1659 1396 1722 ascendisset,
1433 1655 1620 1712 humili
1663 1661 1719 1707 et
1760 1651 1968 1720 lugubri
2003 1657 2152 1702 veste

556 1771 656 1809 nos
685 1755 866 1810 statim
890 1753 1076 1821 exuit,
1104 1763 1158 1807 et
1187 1751 1426 1806 dolorem
1462 1746 1751 1810 exstinxit,
1782 1741 1922 1797 beati
1975 1748 2152 1794 autem

556 1847 756 1903 Meletii
787 1848 956 1917 magis
985 1846 1297 1902 memoriam
1346 1841 1642 1897 renovavit.
1669 1837 1738 1892 Et
1762 1835 1917 1890 dolor
1942 1831 2155 1902 quidem

557 1937 927 2005 flaccescebat,
963 1952 1118 1992 amor
1146 1951 1275 1990 vero
1327 1932 1718 1990 accendebatur
1760 1923 2150 1989 vehementius,

553 2040 613 2086 et
641 2029 865 2084 omnino
889 2029 1096 2084 sublata
1137 2027 1236 2083 fuit
1287 2024 1449 2079 animi
1498 2019 1798 2091 aegritudo:
1831 2029 2153 2086 quamquam

557 2121 612 2176 in
637 2121 930 2176 amissione
949 2136 1158 2184 eorum,
1182 2119 1272 2190 qui
1299 2115 1562 2172 carissimi
1591 2121 1738 2178 sunt,
1769 2124 1873 2163 non
1903 2108 1977 2161 ita
2014 2105 2154 2159 solet

557 2214 938 2269 evenire:sed
995 2212 1212 2284 quando
1261 2211 1379 2282 quis
1423 2208 1592 2263 ﬁlium
1645 2202 2016 2262 carissimum,
2069 2197 2151 2250 vel

557 2305 720 2361 etiam
748 2305 1120 2360 honorabilem
1169 2305 1419 2360 maritum
1466 2298 1706 2355 amiserit
1744 2295 1954 2358 mulier,
1983 2290 2156 2345 donec

551 2397 672 2467 ejus
723 2398 1018 2454 ferventem
1067 2405 1354 2453 conservat
1399 2391 1734 2453 memoriam,
1783 2382 2155 2442 vehementior

553 2488 735 2542 luctus
787 2490 1024 2544 animum
1083 2497 1350 2556 occupat;
1404 2481 1620 2554 quando
1671 2491 1802 2533 vero
1858 2471 2154 2529 succedens

553 2590 764 2648 tempus
795 2579 992 2636 luctum
1020 2577 1310 2640 sedaverit,
1339 2575 1497 2631 simul
1545 2587 1666 2628 cum
1698 2564 2033 2623 vehementia
2058 2562 2156 2619 do-

556 2672 687 2726 loris
715 2674 980 2728 exstincta
1007 2684 1090 2728 est
1116 2673 1278 2728 etiam
1299 2711 1313 2735 ,
1345 2685 1465 2739 qua:
1489 2667 1721 2735 vigebat,
1751 2660 2006 2716 memoria
2040 2675 2053 2710 :
2097 2658 2150 2711 in
2177 2716 2200 2724 _

555 2761 658 2819 hoc
682 2773 862 2819 autem
910 2765 1066 2820 beato
1085 2765 1204 2819 viro
1227 2761 1556 2819 contrarium
1582 2755 1811 2811 accidit:
1835 2766 1957 2806 nam
1987 2749 2152 2803 animi

552 2855 771 2926 quidem
796 2857 1054 2927 agritudo
1081 2857 1250 2927 ejecta
1282 2853 1502 2910 omnino
1550 2849 1665 2915 fuit,
1698 2842 1999 2902 recordatio
2024 2855 2153 2896 vero

558 2961 666 3000 non
691 2945 852 3000 simul
881 2946 1013 3000 abiit
1044 2959 1166 3000 eum
1201 2944 1420 3009 dolore,
1450 2940 1543 2996 sed
1568 2946 1724 2994 aucta
1745 2945 1828 2990 est
1863 2932 2150 2986 vehemen-

554 3036 678 3093 tius.
707 3037 896 3094 Testes
917 3046 1095 3094 autem
1125 3037 1259 3094 estis
1284 3051 1402 3104 vos,
1419 3035 1509 3104 qui
1531 3041 1652 3105 post
1678 3037 1881 3085 tantum
1911 3033 2143 3094 tempus,

2276 476 2381 515 non
2408 477 2564 518 secus
2587 476 2651 517 ac
2676 477 2804 533 apes
2824 461 3002 517 favum
3019 505 3034 528 ,
3065 463 3472 519 circumvolatis
3490 478 3688 533 corpus
3723 464 3841 523 beati

2273 551 2469 608 Meletii
2495 571 2510 608 :
2537 569 2700 610 causa
2729 569 2858 609 vero
2879 564 3012 619 erat,
3037 570 3144 610 non
3172 570 3200 608 a
3233 563 3429 611 natura
3457 566 3611 611 ortus
3635 557 3685 611 in
3713 556 3841 612 illu

2269 659 2442 711 amor,
2494 645 2590 701 sed
2631 647 2759 702 recti
2802 646 2986 716 judicii
3032 647 3389 702 ratiocinatio.
3442 647 3574 704 Ideo
3619 664 3722 704 non
3763 649 3842 705 fuit

2269 749 2442 792 morte
2465 739 2728 793 exstincta
2759 739 2930 793 sancti
2958 738 3154 794 Meletii
3181 740 3468 807 memoria,
3494 749 3730 811 tempore
3753 759 3841 797 non

2267 831 2562 894 emarcuit;
2594 830 2687 883 sed
2711 841 2935 899 augetur
2955 841 3009 885 et
3033 831 3204 900 majus
3227 833 3426 901 accipit
3449 833 3837 900 incrementum,

2267 935 2374 975 non
2399 922 2450 974 in
2480 921 2542 974 iis
2568 923 2762 984 solum,
2792 923 2882 992 qui
2913 923 3196 989 viderunt,
3224 924 3318 979 sed
3364 925 3534 979 etiam
3566 925 3618 980 in
3643 927 3703 981 iis
3724 968 3738 991 ,
3763 929 3839 996 qui

2265 1028 2372 1067 non
2404 1013 2667 1068 viderunt.
2701 1014 2798 1068 Est
2823 1016 2964 1070 enim
2996 1015 3101 1071 hoc
3115 1031 3326 1087 quoque
3355 1018 3696 1085 admirabile,
3719 1021 3839 1089 quod

2265 1107 2354 1174 qui
2387 1105 2602 1160 fuerunt
2631 1107 2770 1161 illius
2815 1108 2938 1162 vita:
2984 1116 3228 1178 tempore
3267 1109 3540 1179 juniores,
3572 1111 3609 1164 ii
3653 1127 3838 1181 quoque

2263 1197 2631 1252 accenduntur
2655 1199 2722 1253 ad
2769 1199 2909 1254 idem
2941 1199 3288 1256 desiderium.
3317 1204 3504 1270 Atque
3527 1217 3624 1256 vos
3648 1203 3839 1276 quidem

2267 1303 2427 1343 senes
2471 1290 2522 1344 in
2572 1290 2672 1346 hoc
2701 1291 2968 1360 superatis
2991 1306 3108 1358 eos,
3137 1292 3228 1362 qui
3256 1306 3364 1346 non
3405 1293 3688 1358 viderunt,
3717 1291 3839 1362 quod

2264 1395 2386 1435 eum
2415 1395 2481 1435 eo
2524 1383 2722 1437 versati
2752 1384 2884 1438 estis
2904 1425 2920 1450 ,
2962 1392 3018 1439 et
3042 1382 3271 1438 fructum
3303 1385 3627 1453 percepistis
3664 1395 3838 1438 sancta;

2264 1473 2381 1542 ejus
2403 1474 2839 1540 consuetudinis;
2867 1476 2957 1545 qui
3005 1485 3184 1531 autem
3224 1490 3333 1530 non
3377 1475 3665 1540 viderunt,
3695 1476 3744 1530 in
3781 1492 3837 1530 eo

2263 1580 2360 1620 vos
2387 1576 2662 1636 superant,
2693 1567 2835 1637 quod
2863 1583 2984 1622 cum
3027 1568 3200 1622 virum
3248 1583 3355 1622 non
3389 1567 3758 1638 adSpexerint,
3785 1568 3830 1622 in

2263 1659 2435 1728 ipsum
2458 1673 2562 1713 non
2594 1660 2771 1715 minus
2794 1659 3123 1714 desiderium
3157 1661 3482 1716 ostendant.

2331 1751 2635 1808 Intercessio
2663 1753 2989 1808 Sanctorum.
3013 1783 3087 1794 —
3103 1752 3330 1809 Oremus
3358 1754 3543 1824 itaque
3567 1767 3744 1807 omnes
3770 1754 3833 1807 si-

2260 1847 2500 1902 multam
2525 1846 2864 1916 magistratus
2881 1860 3041 1914 quam
3065 1845 3274 1914 privati,
3299 1855 3408 1898 tam
3433 1845 3682 1900 mulieres
3699 1860 3833 1913 quam

2259 1938 2378 2004 viri,
2410 1948 2518 1993 tam
2546 1951 2702 1993 senes
2724 1953 2884 2007 quam
2905 1937 3132 2006 juvenes
3153 1976 3169 2000 ,
3195 1946 3301 1991 tam
3327 1935 3475 1990 servi
3504 1951 3660 2006 quam
3684 1935 3833 1997 liberi,

2260 2033 2473 2087 beatum
2501 2031 2675 2100 ipsum
2703 2029 2970 2085 Meletiqu
2998 2028 3187 2083 harum
3218 2043 3445 2098 precum
3488 2028 3687 2081 socium
3717 2026 3835 2080 acci-

2266 2125 2494 2194 pientes.
2524 2122 2621 2176 Est
2659 2123 2802 2176 enim
2829 2121 2878 2175 ei
2910 2134 3052 2174 nunc
3090 2119 3262 2188 tnajor
3290 2118 3490 2174 ﬁducia
3513 2160 3531 2184 ,
3557 2127 3612 2174 et
3634 2132 3769 2170 amor
3793 2116 3835 2168 in

2262 2229 2361 2268 nos
2391 2213 2704 2278 ferventior,
2732 2220 2792 2266 ut
2817 2211 2932 2266 haec
2950 2209 3106 2265 nobis
3133 2219 3392 2280 augeatur
3419 2211 3619 2264 caritas
3638 2249 3655 2274 ,
3683 2217 3731 2262 et
3753 2221 3835 2260 nos

2259 2321 2451 2362 omnes
2505 2306 2558 2360 id
2616 2319 3008 2375 consequamur
3039 2343 3056 2369 ,
3116 2312 3174 2358 ut
3223 2301 3502 2372 quomodo
3555 2301 3640 2356 hic
3694 2312 3834 2370 prope

2259 2414 2437 2454 aream
2488 2399 2646 2453 istam
2688 2397 2963 2452 adstamus
3001 2394 3078 2469 (a)
3106 2436 3122 2460 ,
3165 2395 3235 2449 ita
3281 2393 3392 2449 illic
3448 2406 3659 2464 quoque
3696 2397 3834 2460 prope

2260 2489 2475 2545 beatum
2503 2497 2562 2544 et
2588 2495 2845 2542 aeternum
2875 2485 2991 2556 ejus
3031 2485 3432 2540 tabernaculum
3464 2497 3617 2546 esse,
3644 2488 3696 2535 et
3718 2479 3831 2533 bona

2259 2592 2458 2637 aeterna
2486 2580 2640 2636 nobis
2682 2579 2912 2649 reposita
2940 2578 3191 2647 consequi
3225 2577 3496 2645 possimus
3523 2591 3536 2627 :
3567 2587 3680 2643 quae
3705 2569 3833 2625 detur

2257 2675 2413 2729 nobis
2440 2672 2688 2728 omnibus
2727 2671 2970 2726 obtinere
2992 2710 3008 2734 ,
3039 2670 3210 2740 gratia
3249 2679 3303 2723 et
3327 2667 3613 2722 clementia
3652 2655 3831 2716 Domini

2258 2766 2426 2823 nostri
2451 2765 2578 2822 Jesu
2601 2763 2846 2826 Christi;
2875 2777 2971 2832 per
2993 2777 3153 2832 quem
3179 2770 3234 2816 et
3275 2760 3494 2829 quicum
3525 2755 3662 2813 Patri
3689 2754 3828 2825 gloria

2257 2868 2313 2916 et
2343 2860 2640 2931 imperium,
2665 2857 2821 2912 simul
2840 2871 2964 2911 cum
2992 2863 3178 2910 sancto
3197 2852 3427 2923 Spiritu,
3457 2852 3511 2906 in
3537 2847 3720 2906 saecula
3745 2859 3824 2901 ss:—

2265 2953 2529 3008 culorum.
2561 2952 2752 3005 Amen.

2319 3045 2393 3107 (a)
2425 3041 2674 3105 Capsulam
2694 3039 3017 3104 Reliqularum
3048 3038 3157 3101 ejus
3187 3034 3439 3099 intelligit.

2023 3374 2383 3438 MONITUM
3173 3340 3202 3349 “

641 3510 795 3568 Hauc
827 3511 1152 3567 concionem
1181 3508 1423 3564 habitam
1451 3520 1575 3562 esse
1608 3503 1840 3574 septima
1870 3501 1960 3556 die
1983 3498 2234 3555 Januarii
2268 3497 2399 3552 anni
2427 3492 2531 3549 587
2562 3492 2885 3562 Epiphaniae
2911 3489 3113 3544 festum
3142 3489 3495 3556 insequente,
3527 3495 3636 3553 quo
3660 3469 3812 3532 homi-

568 3625 702 3683 iiam
733 3627 810 3682 De
838 3625 1110 3696 baptismo
1152 3621 1358 3678 Christi
1405 3619 1678 3686 recitavit,
1725 3617 1906 3686 ipsum
1942 3613 2229 3671 concionis
2261 3612 2428 3683 hujus
2479 3610 2700 3664 initium
2756 3614 2942 3677 aperte
2973 3605 3320 3660 demonstrat
3352 3620 3366 3656 :
3411 3598 3566 3668 Quod
3603 3596 3813 3647 hostem

571 3745 657 3804 die
680 3740 1132 3813 pertimescebam,
1173 3736 1373 3807 inquit,
1397 3735 1585 3798 evenit,
1613 3741 1663 3786 et
1711 3731 1779 3784 ad
1817 3731 2060 3799 effectum
2085 3727 2202 3797 jam
2249 3734 2564 3796 perductum
2597 3731 2709 3785 est;
2762 3736 2945 3792 nempe
2974 3719 3064 3773 ubi
3111 3717 3305 3788 festum
3358 3712 3636 3786 praeteriit,
3681 3701 3815 3761 simul

572 3862 738 3915 etiam
772 3857 1061 3912 multitudo
1091 3870 1126 3906 a
1158 3851 1309 3905 nobis
1337 3847 1608 3913 abscessit,
1643 3847 1918 3916 minorque
1937 3843 2091 3898 nobis
2127 3855 2290 3898 coetus
2321 3850 2398 3896 est
2429 3839 2623 3909 factus.
2659 3837 2783 3894 llaec
2812 3852 2978 3908 porro
3012 3833 3207 3892 confer
3235 3847 3360 3888 cum
3407 3830 3564 3886 initio
3608 3818 3818 3880 homilia:

575 3975 723 4030 illius
746 3971 826 4028 De
844 3972 1117 4041 baptismo
1143 3965 1372 4027 Christi,
1401 3965 1492 4019 ubi
1523 3963 1605 4018 sic
1635 3962 1851 4017 orditur
1873 3960 2338 4032 Chrysostomus:
2375 3958 2570 4013 Omnes
2597 3973 2686 4011 vos
2707 3957 2762 4010 in
2783 3956 2975 4010 latitia
2999 3955 3176 4018 hodie,
3224 3969 3319 4022 ego
3352 3935 3474 4004 vero
3519 3947 3573 3999 in
3622 3951 3812 3995 mern

575 4107 693 4149 sunt
719 4090 883 4146 solas.
913 4087 1058 4142 Nam
1096 4102 1216 4141 cum
1245 4087 1301 4138 in
1330 4083 1426 4138 ltoc
1465 4082 1744 4152 rpirituale
1794 4080 2013 4151 pelagus
2038 4079 2216 4134 oculos
2245 4095 2386 4133 meos
2421 4087 2688 4144 converto,
2711 4086 2762 4130 et
2792 4077 3078 4130 immensas
3105 4072 3360 4127 Ecclesia:
3380 4069 3596 4124 diuitias
3624 4056 3822 4129 comple-

577 4222 714 4277 ctor,
742 4225 804 4264 ac
827 4204 1014 4262 deinde
1046 4199 1306 4270 perpendo
1347 4199 1481 4268 fore,
1507 4205 1565 4250 ut
1588 4211 1710 4249 cum
1736 4194 1969 4264 primum
2023 4191 2332 4247 solemnitas
2367 4191 2473 4244 ista
2504 4189 2839 4258 prwterierit,
2881 4187 3172 4243 multitudo
3204 4202 3388 4241 rursus
3421 4188 3527 4240 ista
3559 4179 3742 4237 resiliat
3768 4186 3818 4224 ac

578 4326 837 4392 discedat,
877 4324 1086 4378 crucior
1113 4333 1159 4376 et
1188 4320 1355 4374 animi
1396 4317 1577 4372 dolore
1633 4333 1802 4386 angor
1833 4333 1852 4371 :
1888 4315 2028 4386 quod
2055 4330 2177 4368 cum
2206 4323 2316 4367 tam
2346 4311 2540 4366 multos
2565 4310 2757 4365 liberos
2788 4310 3044 4379 pepererit
3072 4307 3335 4372 Ecclesia,
3363 4323 3468 4362 non
3518 4303 3623 4378 illis
3663 4293 3820 4352 itidem

581 4451 637 4506 in
660 4444 884 4518 singulis
906 4441 1165 4505 collectis,
1204 4438 1296 4493 sed
1331 4439 1386 4490 in
1424 4437 1558 4507 festo
1597 4432 1930 4488 solummodo
1961 4431 2069 4500 frui
2094 4431 2283 4500 possit.
2329 4429 2467 4485 l-linc
2514 4429 2638 4484 luce
2671 4427 2876 4482 clarius
2895 4425 3318 4481 comtnonstrari
3357 4424 3588 4486 videtur,
3621 4418 3744 4470 hanc
3765 4405 3822 4459 de

584 4563 643 4620 S.
685 4560 926 4616 Luciano
955 4554 1251 4629 panegyrin
1291 4550 1548 4608 habuisse
1580 4549 2040 4621 Chrysostomum
2077 4547 2360 4617 postridie,
2423 4560 2588 4616 quam
2620 4544 2688 4600 de
2727 4543 3000 4614 baptismo
3034 4538 3241 4596 Christi
3277 4539 3335 4594 in
3388 4530 3678 4608 Epiphania
3704 4534 3816 4577 con-

1465 4712 3804 4774 ____________________________________...

1552 4937 2054 5023 HOMILIA
2104 4930 2850 5022 PANEGYRICA

1714 5197 1779 5242 tu
1821 5195 1874 5240 s.
1911 5192 2268 5239 διλιιπιιεη
2310 5185 2636 5234 menum!
2668 5162 2782 5248 (a).

653 5405 710 5466 ι.
746 5405 816 5461 In
857 5399 1144 5458 socordiam
1181 5395 1516 5470 quorumdam
1547 5391 1841 5454 inuehitur;
1867 5391 2061 5460 ﬂuxam
2089 5389 2177 5443 de-

644 5517 719 5578 (a)
751 5515 928 5566 collata
948 5526 1059 5578 cum
1079 5511 1326 5561 Codicibus
1338 5513 1460 5578 stag.
1469 5504 1693 5578 ,ᾷδὶόηθι
1708 5499 2178 5578 ςριῐξβςεξιξιεξτρκξιι

587 5564 951 5649 “ﬁlms-uerno
973 5576 1179 5629 habetur
1205 5577 1311 5636 post
1333 5564 1580 5620 uenalium
1611 5565 1674 5615 de
1719 5567 1954 5626 Baptismo
1974 5564 2166 5619 Christi.

2281 5400 2525 5443 monstrat
2565 5389 2857 5443 diuitiarum
2902 5396 3156 5442 naturam.
3199 5418 3260 5432 ---
3285 5389 3435 5456 Quod
3480 5389 3708 5442 hesterno
3745 5366 3814 5422 die

2280 5513 2390 5611 quas
2415 5506 2463 5572 in
2479 5499 2606 5571 .Edit.
2628 5498 2793 5550 Morel.
2819 5505 2898 5549 est
2919 5505 3050 5568 Tom.
3080 5498 3127 5556 1,
3151 5510 3264 5562 pag.
3286 5499 3398 5570 27.5.
3422 5496 3632 5610 stagnum
3650 5467 3811 5578 Mamili?

2316 5575 2344 5611 e
2375 5569 2548 5611 Smrttu
2579 5567 2626 5611 s.
2667 5569 2719 5611 et
2761 5569 2930 5611 contra
2969 5569 3178 5611 artanos.
3215 5573 3327 5611 quae
3364 5575 3411 5611 tn
3461 5567 3470 5577 ‘
3505 5567 3554 5610 it.
3585 5543 3724 5603 ﬂowi-
3753 5549 3794 5586 εδ

2316 5537 3411 5626 assassiéi'aom;Essemus";
3422 5537 3724 5610 "aliumet.
3753 5537 3808 5586 es!
