4032 6438
417 310 521 369 519

416 433 498 496 τίς
527 428 738 500 βλέπων
767 430 941 484 ταῦτα
979 442 1002 472 ι
1035 431 1135 484 οὐκ
1165 431 1231 484 ἂν
1269 430 1459 502 ἑξέστη
1503 430 1580 501 τῷ
1637 429 1858 501 μεγέθει
1893 429 1994 500 τῆς

415 515 733 584 πμφορᾶ;;
762 513 859 567 ⁹’1ν⁹
892 510 985 568 οῦν
1025 513 1100 584 μὴ
1119 513 1278 566 τοῦτο
1303 514 1550 583 γένηται,
1583 513 1935 584 ᾡκονόμησεν
1964 515 1993 565 ὁ

411 597 546 659 Θεὸς
568 596 656 648 ἐπ’
683 595 969 669 ἀλλοτρίας
989 598 1149 650 αὑτὸν
1182 597 1394 664 ἀφεῖναι
1423 597 1524 666 τὴν
1545 597 1743 668 ψυχὴν,
1763 598 1827 650 ἵν’
1843 598 1902 650 ἐν
1915 596 1994 668 τῷ

412 681 620 752 μεταξὺ
659 680 837 752 χρόνῳ
869 682 1372 753 προμελετήσαντες
1396 682 1495 752 τὴν
1532 680 1837 752 συμφοράν,
1865 680 1993 734 ὅταν

409 763 616 834 ἴδωμεν
639 763 953 817 εἰσελθόντα
982 764 1074 816 τὸν
1103 765 1315 836 νεκρὸν,
1337 765 1410 836 μὴ
1435 763 1874 834 καταπλαγῶμεν
1893 765 1993 834 τὴν

409 847 613 918 ψυχὴν,
636 846 1006 916 ἐνεθισθείσης
1033 847 1109 919 τῷ
1133 848 1316 919 θρήνῳ
1346 851 1448 920 τῆς
1474 850 1731 913 διανοίας·
1754 848 1782 901 ὃ
1809 849 1872 918 δὴ
1897 847 1993 900 καὶ

407 930 648 997 ἐγένετο.
695 931 913 1002 Ἐπειδὴ
945 931 1055 1002 γὰρ
1091 933 1155 985 τὸ
1191 934 1346 1001 ἆγιον
1373 936 1548 987 ἐκεῖνο
1592 933 1751 1003 σῶμα
1781 935 1814 1002 ὴ
1840 932 1993 995 πόλις

408 1011 650 1080 ἐδέξατο,
671 1013 939 1084 ἐπένθησε
966 1015 1063 1084 μὲν
1091 1016 1186 1068 καὶ
1210 1015 1372 1082 οὕτω,
1393 1019 1484 1070 καὶ
1499 1016 1801 1081 ἀνωλόλυξε
1826 1015 1988 1085 μέγα·

412 1096 550 1150 ἀλλά
577 1098 788 1170 ταχέως
823 1100 1088 1154 κατέλυσε
1137 1101 1199 1154 τὸ
1235 1101 1450 1164 πένθος,
1487 1102 1594 1156 ἀπό
1626 1119 1687 1155 τε
1715 1102 1811 1172 τῆς
1839 1102 1991 1171 εἰρη-

414 1180 585 1251 μένης
607 1182 806 1244 αίτίας,
839 1183 934 1235 καὶ
952 1185 1050 1253 τῆς
1075 1183 1374 1256 μελλούσης
1403 1185 1734 1256 ῥηθήσεσθαι
1764 1185 1813 1238 δ.

492 1265 550 1318 ’0
591 1266 704 1336 γάρ
733 1267 1117 1339 φιλάνθρωπος
1160 1267 1293 1332 Θεὸς
1341 1269 1674 1340 κατελεήσας
1711 1269 1858 1339 ἡμᾶς
1893 1267 1994 1338 τῆς

411 1347 624 1418 ὀδύνης,
653 1349 864 1419 ταχέως
889 1353 1022 1422 ἡμῖν
1070 1351 1254 1422 ἕτερον
1283 1352 1518 1422 ποιμένα
1559 1351 1816 1416 ἀνέδειξε,
1854 1351 1994 1421 μετὰ

413 1431 616 1502 πολλῆς
644 1431 930 1503 ἀκριϐείας
980 1435 1106 1498 τοὺς
1154 1436 1364 1490 ἐκείνου
1421 1435 1782 1506 διατηροῦντα
1821 1451 1988 1506 χαρα-

411 1514 656 1586 κτῆρας.
705 1517 800 1568 καὶ
855 1518 955 1589 τὴν
1012 1518 1195 1572 εἰκόνα
1244 1520 1344 1590 τῆς
1403 1520 1604 1590 ἀρετῆς
1659 1517 1992 1582 διασώζοντα

408 1599 610 1668 πάσης·
634 1599 692 1660 ὃς
722 1599 817 1653 καὶ
845 1600 938 1653 ἐπὶ
953 1601 1044 1654 τὸν
1071 1601 1260 1674 θρόνον
1275 1603 1499 1668 ἀναϐάς,
1527 1602 1729 1665 εὐθέως
1743 1601 1842 1672 τὴν
1865 1619 1993 1654 πεν-

408 1681 548 1753 θήρη
593 1682 784 1754 στολὴν
815 1685 962 1754 ἡμᾶς
986 1687 1242 1753 ἀπέδυσε,
1283 1689 1377 1742 καὶ
1409 1687 1508 1758 τὴν
1540 1687 1733 1754 ὀδύνην
1755 1685 1947 1738 ἔσϐεσε
1971 1727 1987 1751 ,

405 1765 507 1835 τὴν
529 1765 585 1819 δὲ
605 1765 700 1820 τοῦ
727 1769 996 1840 μακαρίου
1021 1773 1242 1841 μνήμην
1268 1772 1536 1825 ἀνενέωσε
1561 1770 1778 1840 μᾶλλον.
1799 1772 1907 1824 Καὶ
1928 1771 1990 1822 τὸ

408 1849 511 1918 μὲν
544 1849 709 1918 ἄλγος
737 1852 1095 1923 ἐμαραίνετο,
1147 1857 1174 1908 ὁ
1205 1853 1265 1906 δέ
1303 1855 1443 1926 ἔρως
1497 1856 1852 1926 σφοδρότερον
1892 1856 1989 1908 ἀν-

407 1935 628 2002 ήπτετο,
677 1935 769 1988 καὶ
801 1937 834 2006 ή
875 1937 1083 2008 ἀθυμία
1111 1939 1293 1992 τέλεον
1326 1942 1595 2012 ἀνῃρεῖτο·
1629 1940 1805 1994 καίτοι
1835 1957 1898 2008 γε
1931 1941 1988 1992 ἐν

405 2019 529 2080 ταῖς
565 2017 859 2082 ἀποϐολαῖς
895 2019 1006 2074 τῶν
1053 2021 1324 2090 φιλτάτων
1357 2024 1454 2092 οὐχ
1499 2024 1642 2076 οὕτω
1670 2023 1988 2093 συμϐαίνειν

405 2099 631 2154 εἴωθεν·
682 2100 797 2156 ἀλλ’
824 2103 951 2156 ὅταν
997 2121 1082 2168 τις
1140 2106 1254 2159 υἱὸν
1306 2106 1584 2172 ποθεινὸν,
1629 2106 1782 2176 ἢκαὶ
1817 2108 1986 2178 ἄνδρα

405 2185 684 2256 αἰδέσιμον
707 2187 957 2260 ἀποϐάλῃ
985 2188 1122 2260 γυνὴ
1143 2229 1158 2254 ,
1197 2190 1302 2254 ἕως
1338 2192 1434 2262 μὲν
1459 2190 1524 2244 ἂν
1549 2192 1714 2245 αὐτοῦ
1754 2191 1983 2262 διατηρῇ

405 2267 506 2338 τὴν
551 2270 775 2340 μνήμην
838 2270 1084 2337 ζέουσαν,
1137 2274 1232 2326 καὶ
1274 2273 1334 2326 τὸ
1380 2274 1574 2338 πένθος
1629 2275 1986 2347 σφοδρότερον

403 2350 726 2420 ἐντρέφεται
750 2355 814 2423 τῇ
840 2353 1004 2424 ψυχῇ·
1023 2356 1148 2408 ὅταν
1173 2356 1230 2409 δὲ
1250 2357 1441 2427 χρόνος
1468 2359 1796 2412 ἐπεισελθὼν
1823 2377 1987 2412 κατα-

407 2433 622 2507 μαλάξῃ
651 2435 711 2488 τὸ
738 2436 951 2502 πένθος,
982 2441 1394 2512 συναπεσϐέσθη
1433 2446 1499 2513 τῇ
1532 2444 1854 2514 σφοδρότητι
1887 2445 1987 2514 τῆς

404 2516 596 2589 ὀδύνης
635 2519 728 2572 καὶ⁵
759 2520 820 2572 τὸ
857 2521 954 2591 τῆς
996 2524 1218 2594 μνήμης
1245 2525 1512 2594 ἀκμάζον·
1548 2527 1642 2580 ἐπὶ
1676 2527 1733 2580 δὲ
1759 2527 1853 2581 τοῦ
1882 2546 1988 2599 μα-

405 2603 600 2675 καρίου
650 2603 840 2658 τούτου
898 2606 1207 2662 τούναντίον
1253 2607 1526 2677 ἐγίγνετο·
1567 2613 1600 2664 ’ίι
1645 2612 1743 2665 μὲν
1779 2613 1986 2684 ἀθυμία

463 2802 494 2869 f3
528 2803 660 2869 Hac,
688 2807 874 2869 βλέπων
895 2807 1064 2868 ταῦτα,
1093 2810 1276 2858 desunt
1294 2811 1342 2858 in
1381 2811 1571 2860 duobus
1595 2812 1856 2861 codicibus.

463 2863 503 2943 ξ
514 2868 582 2943 in
601 2863 829 2943 μῲρκκαὶ
845 2877 930 2943 ἰ’-ῆς
948 2863 1216 2943 ’μελλούσης
1227 2874 1542 2943 ῥηθήσεσθαι,
1565 2877 1614 2923 in
1640 2876 1787 2925 unius
1803 2874 1984 2925 codicis

403 2928 622 2991 margine
645 2929 829 2994 legitur
848 2928 965 2995 Περῖ
985 2928 1254 2992 Φλαϐιανοῦ
1274 2928 1414 2996 λέγει.

1517 314 1582 368 ΙΝ
1638 318 1692 369 S.
1747 315 2106 373 LUCIANUM
2153 317 2571 377 MARTYREM.

1337 3205 1350 3208 -~
1371 3201 1846 3211 -—_.—____——__—-
1857 3200 2116 3207 -—_-

3565 319 3674 376 5&0

2097 428 2750 515 irav'raltbcéﬁeﬁins‘ro,
2788 433 2820 504 ἡ
2867 433 2924 487 δὲ
2979 435 3167 504 μνήμη
3204 435 3265 487 ού
3308 433 3573 505 συναπῄει
3602 439 3670 515 τῇ

2094 510 2258 585 λύπῃ,
2284 513 2420 567 ἀλλὰ
2450 515 2803 586 σφοδρότερον
2825 515 3037 587 ηὔξετο.
3068 519 3176 572 Καὶ
3207 517 3480 588 μάρτυρες
3510 510 3672 588 ὑμεῖς

2094 597 2142 648 oi
2170 596 2306 666 μετά
2359 597 2613 651 τοσοῦτον
2658 600 2847 670 χρόνον
2891 600 3145 672 καθάπερ
3193 601 3443 671 μέλισσαι
3493 602 3674 674 κηρίῳ

2095 681 2517 750 περιιπτάμενοι
2551 681 2630 752 τῷ
2677 681 2890 753 σώματι
2937 683 3021 737 τοῦ
3065 685 3336 755 μακαρίου
3377 685 3670 739 Μελετίου·

2094 763 2156 816 τὸ
2183 763 2241 816 δὲ
2271 764 2444 818 αῖτιον
2476 765 2537 818 ού
2563 765 2778 834 φύσεως
2811 763 2878 837 ἦν
2908 769 2967 821 τὸ
3006 769 3140 839 πρὸς
3193 769 3399 821 ἐκεῖνον
3430 768 3670 839 φίλτρον,
3715 758 3721 766 ’

2095 846 2232 899 ἀλλά
2259 847 2490 916 κρίσεως
2512 849 2678 920 ὀρθῆς
2706 849 2985 921 λογισμός.
3006 851 3105 904 Διὰ
3134 852 3294 905 τοῦτο
3321 853 3421 904 οὐκ
3439 851 3670 922 ἐσϐέσθη

2095 929 2330 1000 θανάτῳ,
2347 931 2446 984 ούκ
2473 932 2777 1004 ἡμαυρὼθη
2807 935 3000 1005 χρόνῳ·
3021 936 3132 988 ἀλλ’
3151 936 3394 1000 αὒξεται,
3418 937 3512 988 καὶ
3537 936 3671 1005 πρὸς

2093 1013 2155 1066 τὸ
2185 1013 2368 1083 μεῖζον
2415 1015 2752 1069 ἐπιδίδωσιν·
2811 1018 2931 1087 οὐχὶ
2975 1018 3086 1071 τῶν
3134 1021 3454 1089 ἑωρακότων
3511 1020 3672 1088 μόνον

2094 1097 2247 1166 ὑμῶν
2285 1098 2484 1162 αὐτὸν,
2519 1097 2654 1151 ἀλλά
2687 1100 2778 1152 καὶ
2812 1100 2919 1153 τῶν
2972 1101 3072 1154 οὐκ
3104 1103 3340 1156 εἰδότων.
3370 1103 3443 1156 Τὸ
3469 1102 3578 1171 γὰρ
3605 1102 3670 1172 δὴ

2098 1179 2410 1250 θαυμαστὸν
2447 1181 2605 1234 τοῦτό
2657 1183 2838 1248 ἐστιν,
2886 1184 2967 1235 ὅτι
2996 1184 3111 1238 ,καὶ
3142 1185 3256 1238 ὅσοι
3294 1185 3550 1256 νεώτεροι
3575 1185 3674 1254 τῆς

2094 1262 2306 1316 ἐκείνου
2338 1261 2484 1333 ζωῆς
2509 1264 2786 1332 γεγόνασι,
2819 1266 2912 1318 καὶ
2945 1260 3090 1321 οῦτοι
3113 1268 3268 1320 αὐτοὶ
3295 1268 3431 1338 πρὸς
3457 1268 3549 1320 τὸν
3569 1267 3672 1319 αύ-

2093 1345 2184 1397 τόν
2209 1346 2522 1400 ἐκκαίονται
2548 1347 2732 1402 πόθον.
2775 1349 2964 1418 Ὑμεῖς
3014 1350 3112 1420 μὲν
3139 1347 3234 1404 οὖν
3276 1353 3324 1404 οί
3368 1349 3671 1419 πρεσϐῦται

2095 1428 2463 1481 πλεονεκτεῖτε
2486 1429 2595 1482 τῶν
2618 1431 2714 1500 οὐχ
2742 1433 3064 1500 ἑωρακότων
3090 1435 3251 1486 αὑτὸν
3279 1433 3409 1486 αὐτὸ
3429 1433 3494 1502 δὴ
3513 1432 3674 1486 τοῦτο

2093 1513 2155 1564 τὸ
2208 1506 2605 1582 συγγενέσθαι,
2657 1515 2752 1567 καὶ
2798 1517 2897 1585 τῆς
2947 1517 3105 1584 ἁγίας
3161 1517 3312 1589 [525]
3364 1516 3670 1570 ἀπολαῦσαι

2097 1598 2399 1660 συνουσίας·
2433 1600 2481 1650 οἱ
2509 1598 2563 1650 δὲ
2587 1599 2684 1668 οὐχ
2712 1599 3015 1670 ἑωρακότες
3055 1600 3465 1654 πλεονεκτοῦσιν
3493 1601 3668 1670 ὑμῶν,

2092 1679 2174 1732 δτι
2213 1679 2286 1752 μὴ
2305 1680 2626 1751 τεθεαμένοι
2652 1681 2742 1734 τὸν
2788 1681 2975 1754 ἄνδρα.
3011 1683 3163 1753 ὑμῶν
3201 1684 3311 1736 τῶν
3351 1685 3670 1756 ἑωρακότων

2091 1766 2190 1818 ούκ
2216 1765 2474 1819 ἐλάττονα
2505 1767 2634 1836 περὶ
2663 1766 2824 1820 αὐτὸν
2847 1767 3246 1822 ἐπιδείκνυνται
3281 1769 3465 1822 πόθον.
3497 1766 3672 1832 E056)-

2095 1849 2234 1919 μεθα
2291 1849 2356 1920 δὴ
2402 1851 2554 1918 κοινῇ
2607 1849 2843 1913 πάντες,
2895 1851 3156 1922 ἄρχοντες
3212 1851 3306 1904 καί¹
3352 1850 3668 1922 ἀρχόμενοι,

2091 1934 2345 1999 γυναῖκες
2373 1933 2464 1986 καὶ
2493 1932 2706 2003 ἄνδρες,
2740 1933 3046 2003 πρεσϐῦται
3079 1933 3174 1987 καὶ
3215 1934 3348 1997 νέοι,
3375 1934 3552 1988 δοῦλοι
3578 1935 3671 1986 καὶ

2090 2015 2386 2086 ἐλεύθεροι,
2408 2015 2570 2069 αὐτὸν
2589 2015 2681 2069 τὸν
2713 2017 2983 2086 μακάριον
3007 2017 3268 2071 Μελέτιον
3293 2017 3550 2070 κοινωνὸν
3571 2017 3670 2085 τῆς

2089 2099 2252 2169 εὐχῆς
2283 2097 2488 2169 ταύτης
2532 2097 2787 2162 λαϐόντες
2830 2101 2942 2169 (καὶ
2967 2100 3077 2172 γάρ
3119 2099 3318 2153 πλείων
3351 2099 3500 2169 αὐτῷ
3526 2103 3671 2170 παῤ-

2092 2181 2254 2252 ρησία
2285 2181 2401 2243 νῦν,
2431 2182 2525 2234 καὶ
2565 2181 2892 2253 θερμότερον
2929 2183 3066 2254 πρὸς
3113 2184 3263 2253 ἡμᾶς
3294 2183 3355 2235 τὸ
3377 2183 3669 2253 φίλτρον),

2089 2264 2388 2335 αὐξηθῆναι
2417 2264 2619 2335 ταύτην
2643 2268 2774 2336 ἡμῖν
2802 2265 2897 2336 τὴν
2927 2266 3169 2336 ἀγάπην,
3196 2268 3288 2320 καὶ
3329 2266 3670 2335 καταξιωθῆ-

2089 2365 2177 2400 ναι
2225 2349 2432 2411 πάντας
2475 2349 2655 2418 ἡμᾶς,
2707 2347 2957 2420 καθάπερ
3010 2349 3245 2403 ἐνταῦθα
3298 2350 3524 2418 πλησίον
3571 2351 3671 2420 τῆς

2089 2430 2358 2503 λάρνακος
2384 2431 2586 2501 ταύτης
2614 2433 2800 2501 ἐσμὲν,
2832 2432 2975 2486 οὕτω
3003 2435 3167 2486 κάκεῖ
3193 2435 3485 2505 δυνηθῆναι
3513 2435 3670 2501 γενέ-

2089 2515 2214 2568 σθαι
2264 2515 2491 2585 πλησίον
2533 2517 2633 2584 τῆς
2666 2517 2891 2579 αἰωνίας
2935 2517 3101 2569 αὑτοῦ
3136 2518 3364 2589 σκηνῆς,
3415 2518 3511 2570 καὶ
3560 2518 3670 2570 τῶν

2087 2600 2466 2669 ἀποκειμένων
2496 2603 2675 2670 τυχεῖν
2705 2599 2944 2667 ἀγαθῶν·
2964 2593 3038 2654 ὧν
3058 2602 3266 2669 γένοιτο
3291 2603 3495 2664 πάντας
3521 2603 3668 2671 ἡμᾶς

2087 2685 2361 2752 ἐπιτυχεῖν
2391 2683 2574 2752 χάριτι
2612 2685 2706 2734 καὶ
2746 2683 3128 2755 φιλανθρωπίᾳ
3150 2687 3244 2737 τοῦ
3275 2685 3479 2756 Κυρίου
3508 2685 3669 2756 ἡμῶν

2099 2765 2272 2836 Ἰησοῦ
2320 2765 2555 2833 Χριστοῦ
2580 2807 2592 2825 ,
2645 2765 2711 2818 δι’
2742 2759 2802 2816 οῦ
2848 2766 2941 2819 καὶ
2982 2767 3098 2836 μεθ’
3123 2761 3183 2820 οὗ
3213 2768 3290 2839 τῷ
3323 2767 3518 2839 Πατρὶ,
3551 2767 3662 2836 ἅμα

2084 2849 2161 2919 τῷ
2186 2850 2326 2919 άγίῳ
2363 2848 2664 2918 Πνεύματι,
2695 2847 2821 2914 δόξα
2843 2849 2936 2902 καὶ
2967 2850 3163 2921 κράτος
3202 2854 3282 2915 εἰς
3309 2853 3436 2914 τοὺς
3463 2851 3667 2914 αἰῶνας

2089 2931 2196 2986 τῶν
2230 2931 2458 2985 αἰώνων.
2499 2931 2555 2983 Ἀ
2563 2933 2692 3003 μήν.

2129 3200 2512 3208 Μ

2513 3202 2818 3212 _—_._____
2837 3203 3632 3233 ____—_____.__----———-a

1040 3339 1140 3400 AD
1179 3335 1558 3399 HOMILIAM
1599 3334 1679 3395 IN
1725 3333 2080 3394 SANCTUM
2123 3334 2517 3394 LUCIANUM
2554 3335 3010 3396 MAR’I‘YREM.

383 3474 638 3527 ciunatus
665 3474 804 3523 erat.
839 3464 968 3522 Haec
1000 3479 1166 3536 porro
1197 3463 1272 3518 Dc
1294 3462 1568 3533 baptismo
1605 3461 1812 3517 Christi
1851 3459 2080 3515 homilia
2111 3459 2305 3514 incidit
2343 3459 2396 3513 in
2421 3474 2626 3513 annum
2660 3459 2866 3516 Christi
2895 3460 3022 3524 387,
3059 3469 3121 3516 ut
3142 3463 3199 3517 in
3228 3463 3437 3520 Monito
3465 3465 3664 3524 ibidem

386 3595 672 3666 probatur.

457 3706 781 3780 Martyrium
836 3720 968 3762 vero
1008 3703 1067 3759 S.
1104 3703 1330 3760 Luciani
1382 3701 1691 3774 Presbyteri
1757 3699 2110 3768 Antiocheni,
2151 3698 2246 3770 qui
2297 3697 2438 3754 fame
2480 3707 2535 3754 et
2589 3699 2927 3757 cruciatibus
2978 3700 3191 3764 multis,
3241 3708 3305 3755 ut
3359 3699 3438 3753 ait
3488 3700 3668 3771 Chry-

386 3833 694 3890 sostomus,
729 3822 934 3880 Christi
990 3837 1192 3878 nomen
1251 3820 1489 3893 gloriose
1522 3817 1808 3875 confessus
1865 3830 1970 3884 est,
2007 3817 2208 3874 accidit
2254 3833 2400 3872 anno
2431 3817 2557 3882 511,
2589 3818 2675 3872 vel
2703 3817 2828 3883 512,
2885 3819 2937 3872 in
2970 3817 3352 3887 persecutione
3401 3814 3660 3869 Maximi-

386 3947 467 4000 ni.
500 3943 951 4015 Martyrologium
989 3943 1295 3997 Romanum
1346 3941 1414 3996 ad
1450 3941 1595 3996 diem
1628 3940 1658 3992 7
1695 3938 1944 3995 Januarii
1999 3939 2177 3995 sancti
2233 3937 2461 3994 Luciani
2491 3937 2693 3994 festum
2745 3938 3060 3993 annuntiat.
3101 3935 3262 3992 Hunc
3315 3936 3505 3991 Ariani
3539 3950 3670 3991 sua-

385 4084 512 4125 rum
545 4070 782 4138 partium
815 4066 987 4122 fuisse
1015 4064 1447 4131 mentiebantur,
1491 4063 1752 4134 quoniam
1785 4078 1851 4118 ex
1900 4061 2021 4133 ejus
2059 4061 2345 4133 discipulis
2375 4061 2599 4131 quidam
2635 4075 2695 4116 se
2722 4059 2776 4114 in
2811 4059 3144 4114 Arianorum
3179 4065 3362 4112 castra
3409 4055 3656 4125 conjece-

387 4202 537 4247 runt.
597 4189 714 4246 lino
762 4191 878 4260 ipse
931 4189 1098 4243 Arius
1126 4187 1370 4256 itemque
1418 4184 1692 4240 Eusebius
1734 4181 2170 4238 Nicomediensis
2203 4221 2218 4246 ,
2271 4190 2435 4236 sectae
2479 4179 2628 4234 illius
2674 4177 3062 4248 primipilares,
3123 4174 3351 4230 Luciani
3407 4172 3664 4242 discipuli

390 4308 609 4362 fuerant
630 4316 686 4362 et
711 4322 833 4363 sese
862 4306 1287 4362 Collucianistas
1311 4304 1604 4360 vocabant.
1655 4303 1856 4360 Verum
1888 4303 1965 4358 illi
2015 4319 2046 4357 a
2080 4300 2309 4356 Luciaui
2343 4299 2619 4365 doctrina,
2669 4299 2946 4370 simulque
2977 4315 3008 4353 a
3043 4298 3148 4354 lide
3171 4296 3457 4352 Catholica
3491 4294 3670 4350 desci-

393 4435 606 4480 verant.

462 4540 844 4610 lnterpretatio
870 4542 1064 4598 Latina
1097 4550 1182 4597 est
1213 4539 1507 4595 Frontonis
1540 4538 1744 4603 Ducari,
1778 4552 1941 4595 uuam
1976 4535 2326 4606 paucissimis
2349 4534 2404 4588 in
2449 4531 2583 4588 locis
2605 4531 3043 4588 emendavimus.

425 4689 3633 4720 ΜΨ...

1235 4843 1386 4917 Ῐ⁵²⁴1
1437 4853 1833 4940 ΟΜΙΛΙΑ
1893 4847 2778 4935 ΕΓΚΩΜΙΑΣΤΙΚΗ.

1425 5091 1526 5157 Εἰς
1557 5089 1664 5144 τὸν
1689 5087 1860 5159 ἅγιον
1896 5086 2171 5157 μάρτυρα
2197 5088 2532 5144 Λυυκιανόν
2565 5099 2614 5139 ι.

459 5520 536 5578 ι’.
561 5521 742 5595 Ὅπερ
759 5521 884 5595 χθὲς
900 5517 1186 5575 ἐδεδοίκειν
1204 5517 1385 5588 ἐξέϐη,
1400 5515 1495 5570 καὶ
1511 5517 1662 5582 τέλος
1677 5516 1837 5571 ἑλαϐε
1854 5515 1969 5580 νῦν,
2081 5512 2175 5566 καὶ
2205 5513 2302 5582 τῆς
2327 5511 2520 5586 ἑορτῆς
2538 5507 2899 5578 ἀπελθούσης,
2923 5507 3017 5563 καὶ
3041 5507 3103 5560 τὸ
3128 5504 3330 5576 πλῆθος
3359 5505 3490 5575 ἡμῖν
3524 5520 3651 5558 cov-

455 5670 478 5732 ’ξ
509 5669 670 5732 Hujus
687 5670 902 5732 humilia
923 5668 1098 5732 titulus
1117 5669 1187 5716 sic
1207 5664 1390 5732 legitur
1416 5668 1462 5715 in
1486 5665 1654 5732 codice
1689 5665 1976 5732 Colbert‘uo

2092 5661 2360 5712 Λουκιανὸν.
2416 5661 2607 5721 Ἐλέχθη
2651 5664 2709 5720 τῇ
2752 5657 2972 5732 ἐπαύριον
3009 5658 3104 5730 τῶν
3135 5657 3333 5703 Φώτων.
3371 5651 3653 5732 101ῑὶοΧ

392 5727 484 5779 970
545 5717 663 5780 1'33
687 5729 832 5778 αὐτοῦ
855 5737 912 5792 τῇ
952 5729 1170 5791 ἐπαύριον
1195 5717 1289 5776 τῶἶ
1308 5729 1506 5792 Φώτων.
1547 5726 1620 5792 ῘΕ)
1632 5729 1743 5792 έχθη
1797 5732 1860 5792 είς
1900 5728 1978 5773 τὸν

2092 5726 2168 5770 lim
2197 5717 2588 5792 Savil.in_tc£_iu
2631 5717 2966 5792 παρελθούσης,
3011 5723 3061 5768 in
3107 5731 3256 5780 marg.
3289 5730 3403 5766 vero
3424 5717 3650 5764 ἀπελθού-

393 5792 527 5854 ἁτιον
550 5793 761 5856 μάρτυροι
779 5781 1054 5842 Λουιῖιανόν.
1075 5781 1226 5840 Savil.
1252 5793 1397 5839 item:
1422 5791 1502 5843 Εἰς
1522 5787 1600 5838 τὸν
1622 5781 1753 5848 ἅγιον
1774 5791 1983 5850 μάρτυρα

2092 5802 2194 5842 om.
2219 5791 2269 5833 ct
2294 5790 2363 5833 sic
2398 5783 2566 5833 Morel.
2593 5787 2644 5828 ct
2667 5781 2803 5828 (Lolli.
