4032 6438
430 330 531 386 59!

428 445 599 514 απεδή
609 458 768 515 μησε,
793 442 890 496 καὶ
915 442 1150 497 ἐλάττων
1173 445 1305 515 ἡμῖν
1326 446 1355 496 0
1382 444 1637 512 σύλλογος
1662 430 1873 513 γέγονε.
1905 442 2019 495 Καὶ

428 530 578 601 ᾔδειν
611 526 709 597 μὲν
740 524 900 578 τοῦτο
927 526 1340 597 συμϐησόμενον
1367 527 1600 590 πάντως·
1626 528 1687 580 οὐ
1722 529 1829 599 μὴν
1854 524 1912 578 δέ
1931 523 2019 577 διὰ

431 612 590 665 τοῦτο
634 608 735 679 τῆς
773 610 1152 680 παραινέσεως
1196 610 1472 680 ἀπέστην·
1526 612 1575 663 εί
1616 609 1726 680 γάρ
1758 608 1852 662 καὶ
1885 606 1961 678 μὴ
1991 616 2018 647 ι

433 696 657 759 πάντες)
690 692 1021 765 ἐπείσθησαν
1077 694 1127 746 οί
1180 692 1308 764 χθὲς
1345 693 1700 757 ἀκούσαντες,
1755 691 1868 746 ἀλλ’
1900 690 2019 743 οὐδὲ

436 779 637 839 πάντες
665 778 991 846 ⁴ίίπείθησαν·
1010 778 1070 830 οὐ
1100 778 1294 848 μικρὸν
1314 777 1371 829 δὲ
1395 776 1550 831 τοῦτο
1571 777 1650 840 είς
1670 774 2022 848 παραμυθίας

435 860 593 928 λόγον
616 863 768 931 ἡμῖν·
792 861 981 931 διόπερ
998 861 1119 914 οὐδὲ
1143 862 1384 931 σήμερον
1416 861 1798 931 ἀποστήσομαι
1819 858 2023 925 ταύτης

433 944 533 1013 τῆς
565 942 893 1015 συμϐουλῆς·
927 946 974 996 εί
999 943 1108 1014 γάρ
1139 946 1233 997 καὶ
1270 945 1346 1015 μὴ
1384 944 1452 997 δι’
1484 942 1665 1015 ημῶν,
1700 942 1836 996 ἀλλά
1862 958 1926 1010 γε
1952 941 2021 994 δι’

436 1025 592 1094 ὑμῶν
621 1026 837 1091 πάντως
869 1025 1191 1080 ἀκούσονται
1212 1026 1280 1080 τὰ
1308 1028 1597 1098 λεγόμενα.
1616 1028 1714 1093 Τίς
1738 1028 1846 1097 γὰρ
1871 1026 2024 1094 δυνη-

438 1107 557 1177 θείη
591 1111 715 1180 σιγῇ
737 1108 835 1179 τὴν
860 1109 1132 1179 τοσαύτην
1164 1111 1346 1164 αὐτῶν
1378 1111 1651 1183 ρᾳθυμίαν
1686 1112 1951 1178 ἐνεγκεῖν,
1985 1107 2018 1179 ἢ

442 1191 761 1259 μεταδοῦναι
793 1191 1121 1263 συγγνώμης
1165 1194 1261 1247 καὶ⁵
1290 1193 1587 1263 ἀπολογίας
1626 1194 1829 1255 αὐτοῖς,
1857 1192 1906 1244 οἳ
1935 1191 2021 1244 διὰ

440 1274 691 1328 τοσούτου
723 1276 916 1347 χρόνου
934 1276 1033 1348 τὴν
1066 1276 1280 1348 μητέρα
1311 1277 1533 1341 ίδόντες,
1553 1276 1775 1331 καὶτῶν
1796 1278 1853 1327 ἐν
1881 1276 2020 1346 αὐτῇ

438 1357 620 1412 καλῶν
662 1360 1074 1424 ἀπολαύσαντες
1104 1362 1444 1431 ἀπέστησαν,
1482 1362 1577 1416 καὶ
1608 1362 1710 1415 οὐκ
1736 1362 2025 1431 ἠνέσχοντο

436 1441 498 1494 τὺ
531 1441 780 1514 δεύτερον
816 1444 1146 1515 ἐπιπρέψαι
1174 1445 1202 1484 ι’
1229 1444 1411 1509 πάλιν,
1459 1445 1580 1498 οὐδὲ
1606 1443 1705 1516 τὴν
1748 1442 1839 1496 τοῦ
1901 1442 2023 1496 Νῶε

439 1530 787 1596 περιστεράν,
819 1527 956 1581 ἀλλά
989 1527 1078 1580 τὸν
1106 1527 1320 1599 κόρακα
1342 1530 1702 1598 ἐμιμήσαντο,
1733 1527 1825 1579 καὶ
1854 1526 2025 1579 ταῦτα

437 1608 533 1663 τοῦ
559 1610 851 1664 κλυδωνίου
876 1612 1133 1681 μένοντος
1160 1611 1260 1675 ἐτι,
1280 1612 1375 1665 καὶ
1388 1612 1482 1664 τοῦ
1504 1611 1770 1683 χειμῶνος
1792 1609 2023 1674 ἐκείνου,

439 1694 535 1746 καὶ⁸
561 1694 951 1765 χαλεπωτέρας
982 1695 1103 1749 καθ’
1129 1696 1366 1766 ἐκάστην
1416 1696 1629 1766 ἡμέραν
1671 1694 2025 1765 ἐγειρομένης

442 1776 632 1844 ζάλης,
663 1778 886 1847 καὶτῆς
916 1777 1079 1847 ἁγίας
1122 1778 1326 1848 ταύτης
1372 1776 1608 1831 κιϐωτοῦ
1657 1776 2027 1848 προκειμένης

443 1862 503 1914 ἐν
535 1861 705 1931 μέσῳ,
736 1862 832 1915 καλ⁵
854 1862 1062 1926 πάντας
1087 1863 1380 1933 καλούσης,
1407 1862 1502 1916 καὶ
1530 1862 1667 1933 πρὸς
1695 1861 1891 1933 ἑαυτὴν
1914 1863 2029 1913 ἐπι-

446 1944 763 2015 σπωμένης,
798 1946 891 1999 καλ⁸
924 1945 1125 2016 πολλὴν
1160 1948 1275 2009 τοῖς
1316 1945 1719 2016 καταφεύγουσι
1758 1944 2030 2017 παρεχού-

444 2044 548 2098 σης
576 2029 672 2097 τήν
714 2029 1048 2098 ἀσφάλειαν;
1089 2031 1165 2083 Οὐ
1209 2030 1318 2100 γάρ
1346 2029 1576 2094 ὑδάτων,
1610 2029 1733 2083 οὐδὲ
1767 2030 2028 2100 κυμάτων

446 2109 702 2179 ἐμϐολάς,
730 2112 865 2166 ἀλλά
892 2113 1000 2166 τῶν
1034 2112 1391 2181 ἀλογωτάτων
1426 2113 1617 2167 παθῶν
1653 2111 1755 2177 τάς
1785 2114 2030 2184 συνεχεῖς

444 2195 810 2267 ἀποκρούεται
853 2198 1268 2261 ἐπαναστάσεις,
1315 2200 1411 2253 καὶ
1442 2198 1634 2268 φθόνον
1667 2201 1902 2271 ἀναιρεῖ,
1936 2197 2031 2251 καὶ

446 2280 706 2334 ἀπόνοιαν
738 2280 1106 2334 καταστέλλει.
1142 2279 1283 2335 Οῦτε
1312 2282 1420 2355 γάρ
1456 2284 1485 2335 0
1517 2283 1771 2347 πλούσιος
1797 2279 2031 2336 ἐνταῦθα

443 2360 540 2416 τοῦ
574 2364 806 2433 πένητος
838 2364 1116 2436 ὑπεριδεῖν
1152 2366 1463 2437 δυνήσεται,
1494 2366 1708 2421 ἀκούων
1741 2365 1894 2439 παρὰ
1922 2365 2031 2419 τῶν

445 2447 603 2501 θείων
625 2448 873 2520 Γραφῶν,
901 2451 983 2503 ὅτι
1037 2449 1214 2505 Πᾶσα
1249 2449 1409 2519 σὰρξ
1463 2451 1696 2520 χόρτος,
1734 2451 1831 2504 καὶ
1863 2446 2031 2504 πᾶσα

444 2529 595 2594 δόξα
616 2532 932 2599 ἀνθρώπου
976 2532 1058 2597 ὡς
1109 2531 1293 2599 ἄνθος
1344 2533 1583 2601 χόρτου·
1635 2532 1759 2587 οὐτε
1786 2534 1816 2586 0
1862 2532 2032 2601 πένης

447 2613 783 2668 πλουτοῦντα
810 2615 898 2668 ἒτε
908 2632 999 2686 ρον
1030 2613 1153 2668 ίδὼν
1201 2614 1474 2687 βασκανίᾳ
1499 2615 1791 2683 ἁλώσεται,
1818 2615 2033 2670 ἀκούων

445 2696 541 2749 καὶ
571 2697 734 2761 αὑτὸς
776 2698 963 2765 ἐτέρου
1012 2700 1291 2769 προφήτου
1338 2698 1612 2767 λέγοντος·
1639 2698 1772 2768 ’Μὴ
1820 2699 2033 2768 φοϐοῦ,

448 2777 596 2831 ὅταν
626 2779 949 2848 πλουτήσῃ
983 2780 1297 2848 ἅνθρωπος
1317 2822 1332 2846 ,
1370 2782 1409 2849 ἣ
1450 2781 1596 2834 ὅταν
1643 2780 1966 2848 πληθυνθῇ
1996 2781 2035 2849 ή

447 2860 599 2925 δόξα
626 2861 734 2916 τοῦ
759 2863 930 2917 οἴκου
951 2862 1157 2916 αὐτοῦ·
1177 2862 1267 2916 ὅτι
1291 2865 1402 2917 οὐκ
1428 2864 1497 2917 ἐν
1522 2862 1601 2929 τῷ
1624 2864 2038 2928 ἀποθνήσκειν

449 2944 637 2999 αὑτὸν
663 2945 925 3014 λήψεται
953 2947 1026 3000 τὰ
1068 2945 1287 3011 πάντα,
1331 2946 1476 3001 οὐδὲ
1509 2948 2038 3017 συγκαταϐήσεται

450 3028 611 3094 αὐτῷ
632 3028 670 3096 ἡ
692 3029 842 3094 δόξα
871 3030 1080 3084 αὑτοῦ,
1109 3031 1345 3102 Τοιαύτη
1371 3030 1480 3102 γὰρ
1500 3031 1601 3100 τῆς
1626 3020 1894 3104 εὐπορίας
1907 3032 2039 3086 ταύ-

453 3127 555 3181 της
585 3113 617 3183 ή
653 3112 814 3181 φύσις
833 3129 845 3141 ·
879 3115 942 3167 οὐ
975 3114 1411 3184 συμμεθίσταται
1432 3117 1545 3176 τοῖς
1569 3113 1804 3184 ἔχουσιν,
1832 3116 1893 3169 οὐ
1921 3130 2041 3167 συν-

452 3197 726 3266 ἀποδημεῖ
752 3199 865 3259 τοῖς
895 3196 1291 3267 κεκτημένοις,
1321 3198 1382 3250 οὐ
1419 3197 1750 3268 παρίσταται
1782 3197 2039 3270 κρινομέ-

455 3297 567 3343 νοις
584 3283 702 3333 ἐκεῖ
728 3282 823 3334 καὶ
849 3281 1077 3344 εὐθύνας
1100 3281 1414 3351 ὑπέχουσιν,
1432 3280 1544 3333 ἀλλ’
1563 3281 1667 3334 ὑπὸ
1695 3280 1790 3335 τοῦ
1810 3282 2038 3336 θανάτου

452 3363 806 3417 διακόπτεται
837 3364 1073 3427 πάντως·
1093 3363 1322 3426 πολλοὺς
1349 3362 1407 3415 δὲ
1436 3363 1529 3416 καὶ
1554 3363 1661 3435 πρὸ
1688 3361 1779 3417 τοῦ
1806 3364 2039 3418 θανάτου

455 3447 762 3501 κατέλιπεν·
803 3448 1029 3513 ἄπιστος
1062 3451 1095 3521 ή
1128 3449 1347 3519 χρῆσις,
1376 3449 1629 3512 ἀϐέϐαιος
1654 3450 1687 3519 ή
1717 3448 2037 3513 ἀπόλαυσις,

456 3532 793 3596 ἐπικίνδυνος
814 3535 847 3603 ἠ
880 3534 1091 3603 κτῆσις.
1126 3532 1265 3585 Ἀλλ’
1286 3532 1347 3586 οὐ
1365 3533 1432 3585 τά
1450 3534 1549 3603 τῆς
1567 3534 1770 3604 ἀρετῆς
1790 3534 2039 3598 τοιαῦτα,

457 3616 553 3668 καὶ
583 3614 651 3667 τά
684 3617 782 3686 τῆς
811 3616 1213 3688 ἐλεημοσύνης·
1264 3616 1378 3670 ἀλλ’
1413 3616 1562 3670 ἐστιν
1606 3618 1801 3682 ἄσυλος
1835 3613 1989 3683 οὗτος
2013 3621 2043 3674 0

458 3700 753 3771 θησαυρός.
785 3701 956 3753 Πόθεν
997 3699 1159 3753 τοῦτο
1204 3699 1391 3769 δῆλον;
1435 3700 1497 3754 '0
1528 3703 1658 3773 περὶ
1689 3702 1784 3755 τοῦ
1812 3703 2043 3757 πλούτου

458 3782 649 3834 τούτου
679 3782 1045 3852 φιλοσοφήσας
1079 3783 1175 3836 καὶ
1202 3781 1391 3845 εἰπὼν,
1428 3783 1508 3837 ὅτι
1546 3787 1628 3837 Οὐ
1659 3785 2044 3855 συγκαταϐή-

459 3881 629 3917 σεται
659 3864 819 3929 αὺτῷ
845 3866 883 3931 ἠ
916 3865 1066 3929 δόξα
1099 3866 1286 3920 αὐτοῦ
1312 3866 1506 3919 ὀπίσω
1533 3866 1741 3931 αὐτοῦ,
1776 3863 1930 3932 οὗτος
1952 3869 2045 3922 καὶ

461 3947 592 4018 περὶ
616 3947 724 4000 τῶν
746 3947 848 4017 τῆς
871 3947 1237 4019 ἐλεημοσύνης
1263 3947 1574 4021 θησαυρῶν,
1604 3949 1713 4004 τῶν
1743 3951 1829 4004 ἀεὶ
1854 3957 2046 4022 μενόν-

459 4047 570 4085 των
594 4031 686 4085 καὶ
709 4031 979 4102 μηδέποτε
1002 4032 1351 4103 συλωμένων,
1365 4033 1686 4088 ἐπαίδευσεν
1707 4036 1738 4106 ή
1747 4038 1854 4105 μᾶς
1875 4037 2048 4102 οὕτως

461 4114 632 4168 εἰπών
653 4132 667 4146 ·
712 4117 1136 4183 Ἐσκόρπισεν,
1185 4116 1370 4171 ἔδωκε
1408 4117 1534 4185 τοῖς
1567 4118 1860 4187 πένησιν·
1896 4121 1934 4188 ὴ
1962 4120 2048 4175 δι-

463 4199 756 4267 καιοσύνη
784 4198 972 4253 αὐτοῦ
1018 4199 1189 4269 μένει
1238 4204 1325 4267 εὶς
1363 4200 1472 4254 τὸν
1525 4200 1731 4257 αἰῶ-να.
1765 4205 1829 4257 Τί
1857 4207 2046 4258 τούτου

462 4282 1137 4356 παραδοξότερονιγένοιτ’
1165 4283 1261 4347 άνς
1308 4283 1392 4337 Τά
1446 4285 1816 4355 συλλεγόμενα
1876 4287 2047 4341 ἀπόλ-

462 4364 671 4430 λυνται,
693 4366 789 4419 καὶ
814 4368 882 4420 τά
938 4365 1344 4437 σκορπιζόμενα
1379 4367 1553 4437 μένει,
1593 4370 1688 4421 καὶ¹
1717 4369 1861 4440 μάλα
1893 4369 2047 4442 [525]

463 4449 707 4513 εἰκότως.
743 4448 825 4502 Τά
857 4450 956 4520 μὲν
983 4450 1092 4522 γάρ
1127 4452 1157 4503 ό
1194 4450 1328 4514 Θεὸς
1362 4450 1713 4521 ὑποδέχεται,
1760 4454 1825 4505 ἐκ
1866 4452 1924 4506 δὲ
1949 4452 2050 4523 τῆς

462 4531 557 4585 τοῦ
591 4530 725 4585 Θεοῦ
776 4532 959 4604 χειρὸς
998 4533 1173 4597 οὐδεὶς
1208 4533 1473 4605 ἁρπάζειν
1523 4534 1768 4589 δύναται·
1798 4534 1867 4589 τά
1900 4536 1955 4590 δέ
1989 4538 2048 4590 ἐν

465 4614 828 4686 ἀνθρωπίνοις
889 4616 1206 4671 ἀποτίθεται
1263 4618 1586 4690 θησαυροῖς·
1636 4618 1764 4673 ἔνθα
1825 4618 2047 4684 πολλαῖς

466 4697 751 4753 ὑπόκειται
774 4702 895 4763 ταῖς
917 4701 1229 4765 ἐπιϐουλαῖς
1261 4712 1308 4765 ο,
1334 4700 1464 4755 ἔνθα
1491 4703 1659 4766 πολὺς
1681 4705 1710 4756 0
1741 4702 1934 4773 φθόνος
1956 4704 2050 4757 καὶ

464 4782 499 4849 ἡ
544 4779 827 4850 βασκανία.
869 4784 961 4853 Μὴ
1007 4785 1186 4838 τοίνυν
1226 4784 1459 4856 ἀμελῇς,
1508 4787 1781 4856 ἀγαπητὲ,
1823 4790 1924 4858 τῆς
1963 4789 2051 4841 ἐν-

465 4862 641 4917 ταῦθα
668 4864 967 4935 διατριϐῆς·
993 4867 1097 4920 κᾶν
1114 4868 1223 4938 γάρ
1244 4885 1327 4932 τις
1351 4868 1559 4938 ἀθυμία
1581 4869 1790 4940 ἐνοχλῇ,
1817 4869 2052 4924 ἐνταῦθα

468 4946 849 5016 φυγαδεύεται·
880 4947 981 5001 κᾶν
1004 4950 1284 5021 φροντίδες
1315 4951 1595 5020 βιωτικαὶ,
1627 4953 2048 5023 δραπετεύουσι·

448 5030 571 5083 ’κᾶν
630 5030 799 5098 ἀλογα
855 5030 1041 5100 πάθη,
1106 5033 1427 5088 σϐέννυται·
1485 5034 1593 5087 ἀπὸ
1650 5035 1705 5089 δὲ
1770 5036 1870 5106 τῆς
1917 5038 2050 5105 ἀγο-

473 5115 591 5184 ρᾶς,
633 5114 728 5166 καὶ
772 5112 880 5166 τῶν
922 5112 1185 5186 θεάτρων,
1247 5118 1344 5170 καὶ
1393 5117 1503 5170 τῶν
1550 5118 1725 5172 ἄλλων
1781 5119 2053 5190 συλλόγων

468 5196 577 5257 τῶν
633 5195 833 5262 ἔξωθεν
894 5196 1098 5261 πολλὰς
1149 5200 1535 5272 ἐπισυρόμενοι
1598 5202 1920 5273 φροντίδας,
1958 5204 2055 5259 καὶ

470 5279 730 5350 ἀθυμίας,
765 5280 861 5334 καὶ
913 5279 1091 5350 ψυχῆς
1143 5282 1362 5345 νόσους,
1400 5285 1582 5337 οἴκαδε
1639 5288 2051 5357 ἀναχωροῦμεν.

475 5361 573 5417 Ἂν
602 5365 837 5419 ἐνταῦθα
875 5363 1157 5437 διατρίϐῃς
1207 5367 1464 5437 συνεχῶς,
1515 5369 1612 5422 καὶ
1671 5371 1815 5442 ἅπερ
1866 5371 2056 5437 ἔλαϐες

540 5696 678 5765 {Sic
698 5709 871 5765 plpngs
890 5696 944 5765 ej.
964 5696 1115 5765 εενιι.
1139 5703 1193 5753 in
1215 5715 1391 5765 mal-3.,
1414 5704 1502 5754 sed
1535 5702 1683 5753 Savil.
1712 5702 1763 5753 in
1789 5710 1930 5755 textu
1954 5708 2057 5755 ἔνθα

479 5761 648 5808 νωλλαῖ
666 5760 715 5804 αἱ
740 5756 995 5810 ἐπιϐουλαί.

1238 339 1298 396 S.
1336 338 1527 396 JOAN.
1566 334 1936 393 CIIRYSOST.
1979 331 2297 391 ARCIIIEP.
2335 328 2877 388 CONSTANTINOP.

3587 326 3687 388 ω

2122 444 2322 511 ἔξωθεν
2371 444 2517 499 κακά
2571 443 2823 514 ἀποθήσῃ
2885 444 3135 508 πάντως·
3192 443 3257 498 ἀν
3305 444 3364 497 δέ
3413 445 3690 520 ἀποπηδᾷς

2122 536 2217 588 καὶ
2277 534 2485 608 φεύγης
2544 532 2641 588 καὶ
2693 535 2839 607 ἅπερ
2891 535 3108 605 ἐκτήσω
3175 536 3327 609 παρὰ
3377 538 3489 593 τῶν
3541 539 3691 595 θείων

2122 624 2355 697 Γραφῶν
2422 626 2606 694 ἀγαθά
2664 626 2888 691 ἀπολεῖς
2961 627 3210 694 πάντως,
3290 631 3434 687 κατά
3507 634 3693 706 μικρὸν

2123 719 2187 772 ἐκ
2206 717 2315 772 τῶν
2347 718 2453 783 ἔξω
2492 718 2787 791 συνεδρίων
2831 720 2928 775 καὶ
2964 719 3256 786 διαλέξεων
3290 722 3693 798 ὑποσυρομένης

2123 824 2218 862 σου
2252 809 2350 879 τῆς
2372 809 2654 882 εὐπορίας.
2686 810 2799 866 Καὶ
2832 812 2915 866 ὅτι
2945 812 3122 867 ταῦτά
3160 815 3308 868 ἐστιν
3337 814 3535 887 ἀληθῆ,
3567 819 3694 871 ἀνα-

2124 899 2429 972 χωροῦντες
2454 902 2704 957 ἐντεῦθεν
2744 904 3084 959 σπουδάσατε
3117 907 3245 970 τοὺς
3291 908 3534 980 σήμερον
3566 912 3695 965 ἀπο·-

2122 995 2440 1065 λειφθέντας
2476 996 2626 1058 ἰδεῖν.
2678 996 2776 1051 καὶ
2824 996 3023 1067 ὄψεσθε
3082 999 3248 1053 πόσον
3293 998 3358 1052 τὸ
3403 1000 3571 1071 μέσην
3605 1003 3697 1071 τῆς

2125 1088 2395 1158 ὑμετέρας
2429 1087 2695 1158 εὐθυμίας
2732 1088 2827 1143 καὶ
2855 1088 2959 1159 τῆς
2985 1088 3210 1143 ἐκείνων
3243 1089 3486 1161 ἀθυμίας
3516 1090 3568 1146 δ.
3592 1092 3697 1163 οὐχ

2124 1177 2296 1242 οὕτως
2341 1179 2460 1231 ἐστὶ
2493 1178 2679 1251 νύμφη
2727 1180 2866 1252 καλὴ
2923 1181 3018 1235 καὶ
3050 1182 3305 1253 ἐπίχαρις
3357 1185 3417 1237 ἐν
3475 1185 3699 1239 παστάδι

2125 1267 2431 1340 καθημένη,
2483 1269 2560 1332 ὡς
2616 1269 2734 1323 ἐστι
2779 1270 2927 1342 ψυχὴ
2969 1271 3259 1344 θαυμαστὴ
3287 1274 3382 1327 καλ⁵
3412 1272 3623 1341 ἔνδοξος
3646 1277 3700 1330 ἐν

2138 1359 2433 1433 Ἐκκλησία
2467 1363 2792 1434 φαινομένη,
2828 1363 3017 1435 μύρων
3039 1365 3275 1419 πνέουσα
3298 1360 3698 1438 πνευματικῶν.

2138 1453 2196 1506 ⁸0
2222 1452 2331 1525 γὰρ
2359 1453 2595 1508 ἐνταῦθα
2628 1455 2768 1526 μετά
2810 1456 3052 1521 πίστεως
3084 1457 3179 1510 καὶ
3213 1458 3452 1528 σπουδῆς
3476 1474 3703 1531 παραγι-

2125 1551 2385 1621 νόμενος,
2442 1549 2669 1619 μυρίους
2721 1547 2901 1602 λαϐὼν
2954 1547 3141 1601 ἄπεισι
3207 1546 3553 1621 θησαυρούς·
3606 1549 3704 1604 κάν

2128 1642 2315 1716 ἀνοίξῃ
2339 1642 2401 1697 τὸ
2440 1641 2617 1711 στόμα
2661 1640 2844 1710 μόνον,
2893 1640 3075 1708 πάσης
3108 1639 3337 1706 εὐωδίας
3382 1642 3589 1706 εὐθέως
3617 1644 3704 1698 καὶ

2128 1738 2363 1792 πλούτου
2398 1737 2772 1807 πνευματικοῦ
2797 1739 2926 1803 τοὺς
2960 1737 3388 1809 συγγινομένους
3424 1738 3683 1808 ἐνέπλησε

2129 1830 2234 1884 κάν
2278 1830 2446 1901 μυρία
2482 1829 2770 1902 προσπέσῃ
2811 1828 2994 1894 δεινά,
3056 1830 3237 1884 πάντα
3286 1832 3429 1884 οίσει
3481 1831 3703 1903 ῥαδίως,

2133 1922 2323 1993 ἱκανὴν
2351 1921 2606 1993 ἀφορμὴν
2649 1923 2758 1975 ἀπὸ
2798 1920 2909 1976 τῶν
2959 1920 3123 1976 θείων
3167 1922 3402 1992 Γραφῶν
3438 1921 3707 1993 ὑπομονῆς

2129 2012 2225 2066 καὶ
2279 2010 2598 2080 φιλοσοφίας
2653 2011 2905 2065 ἐντεῦθεν
2956 2012 3154 2066 λαϐών.
3224 2013 3336 2066 Καὶ
3391 2013 3645 2082 καθάπερ
3682 2015 3710 2066 0

2126 2103 2393 2174 διηνεκῶς
2435 2104 2530 2157 ἐπὶ
2587 2103 2687 2175 τῆς
2736 2104 2946 2177 πέτρας
2995 2102 3168 2167 ἑστὼς
3215 2114 3240 2143 ο
3287 2102 3401 2157 τῶν
3457 2104 3710 2175 κυμάτων

2130 2188 2430 2259 καταγελᾷ,
2466 2186 2639 2252 οὑτως
2668 2190 2698 2241 0
2743 2189 3019 2255 συνάξεως
3068 2186 3360 2242 ἀπολαύων
3405 2187 3713 2259 διηνεκοῦς,

2130 2272 2228 2324 καὶ
2253 2274 2365 2335 τοῖς
2403 2272 2569 2336 θείοις
2599 2272 2965 2344 ἀρδευόμενος
2985 2272 3187 2341 λόγοις,
3223 2272 3482 2344 καθάπερ
3504 2273 3597 2327 ἐπὶ
3619 2273 3710 2325 πέο

2131 2371 2268 2426 τρας
2293 2356 2393 2423 τῆς
2426 2355 2593 2427 ὀρθῆς
2615 2356 2723 2408 τῶν
2743 2357 3085 2427 πραγμάτων
3107 2357 3342 2428 κρίσεως
3373 2358 3582 2427 στιήσας
3602 2357 3713 2410 ἐαυ-

2131 2440 2246 2501 τὸν,
2275 2440 2453 2494 οὐδενὶ
2482 2441 2591 2492 τῶν
2617 2439 2972 2511 ἀνθρωπίνων
2993 2438 3286 2503 ἁλώσεται,
3322 2439 3598 2512 ἀνώτερον
3620 2441 3712 2513 τῆς

2131 2526 2242 2580 τῶν
2270 2524 2537 2598 βιωτικῶν
2564 2526 2904 2597 πραγμάτων
2926 2524 3277 2594 καταστήσας
3299 2525 3496 2578 ἐαυτὸν
3518 2524 3714 2596 ἐπιδρο-

2138 2610 2246 2681 μῆς
2280 2609 2325 2649 ί·
2358 2609 2461 2663 οὑκ
2509 2610 2616 2663 ἀπὸ
2650 2608 2964 2679 συμϐουλῆς
2990 2607 3049 2661 δέ
3086 2608 3271 2679 μόνον,
3304 2608 3443 2662 ἀλλά
3484 2610 3578 2663 καὶ
3611 2607 3716 2663 ἀπὸ

2135 2694 2321 2764 εὐχῆς,
2351 2695 2447 2748 καὶ
2478 2693 2587 2747 ἀπὺ
2632 2693 2909 2765 πατρικῆς
2946 2691 3220 2760 εὐλογίας,
3251 2693 3348 2747 καὶ
3394 2692 3507 2747 ἀπὸ
3536 2692 3711 2762 κοινῆς

2138 2779 2378 2842 συνόδου,
2410 2778 2505 2834 καὶ
2531 2777 2641 2831 ἀπὺ
2688 2777 2790 2846 τῆς
2820 2777 2930 2831 τῶν
2978 2775 3226 2846 ἀδελφῶν
3267 2777 3519 2849 ἀγάπης,
3550 2779 3640 2833 καὶ
3660 2775 3719 2841 ἐξ

2137 2862 2340 2934 ἐτέρων
2372 2860 2580 2933 μυρίων
2641 2860 2844 2932 πολλὴν
2897 2861 3167 2929 ὠφέλειαν
3216 2863 3312 2915 καὶ¹
3361 2862 3715 2934 ψυχαγωγίαν

2138 2947 2606 3017 καρπωσάμενος,
2666 2944 2842 3008 οὑτως
2895 2943 3215 3016 ἀνεχώρησε
3236 2986 3252 3010 ,
3318 2947 3497 3016 μυρία
3544 2944 3717 2999 οἴκαδε

2138 3032 2320 3104 φέρων
2349 3028 2551 3099 ἀγαθά.
2586 3030 2730 3099 Ὅρα
2764 3024 2858 3082 οὖν
2901 3028 3077 3099 πόσης
3130 3029 3228 3099 μὲν
3289 3030 3453 3100 ὑμεῖς
3487 3032 3717 3101 σήμερον

2138 3113 2514 3169 ἀπολαύσεσθε
2539 3113 2640 3183 τῆς
2684 3112 2957 3181 εὐλογίας,
3011 3113 3185 3183 πόσην
3221 3114 3279 3181 δέ
3323 3116 3717 3187 ὑποστήσονται

2140 3197 2339 3251 ἐκεῖνοι
2361 3195 2457 3267 τὴν
2483 3195 2707 3266 ζημίαν.
2734 3195 2925 3267 Ὑμεῖς
2946 3195 3047 3267 μὲν
3069 3197 3178 3266 γάρ
3203 3198 3504 3269 μαρτύρων
3536 3195 3725 3269 μισθὸν

2140 3280 2509 3352 λαμϐάνοντες
2555 3279 2924 3333 ἀπελεύσεσθε
2946 3295 2960 3309 ·
3008 3282 3209 3333 ἐκεῖνοι
3252 3279 3310 3333 δέ
3358 3281 3499 3351 πρὸς
3526 3279 3603 3351 τῷ
3630 3277 3719 3332 τοῦ

2141 3363 2365 3434 κέρδους
2387 3364 2589 3416 ἀποστε
2600 3361 3050 3434 ρηθῆναιτούτου,
3065 3364 3159 3417 καὶ
3177 3362 3263 3416 ἐτέ
3272 3379 3369 3433 ραν
3390 3364 3720 3435 ὑποστήσον-

2139 3465 2231 3500 ται
2262 3446 2487 3517 ζημίαν,
2512 3447 2576 3500 ἐκ
2599 3444 2711 3499 τῶν
2747 3448 3024 3517 ἀνονήτων
3044 3446 3336 3517 διατριϐῶν
3360 3446 3533 3502 πολὺν
3562 3461 3717 3516 φρον-

2141 3532 2303 3586 τίδων
2354 3530 2736 3600 ἐπισυρόμενοι
2780 3531 3031 3601 φορυτόν.
3067 3530 3297 3599 Ὠσπερ
3326 3530 3438 3600 γὰρ
3479 3533 3512 3585 ό
3556 3528 3711 3597 δεχόο

2137 3633 2324 3687 μενος
2369 3614 2688 3683 προφήτην
2738 3615 2830 3679 εις
2878 3613 3066 3682 ὄνομα
3119 3612 3466 3684 προφήτου,
3508 3610 3727 3683 μισθὸν·

2143 3699 2456 3769 προφήτου
2491 3696 2784 3765 λήψεται,
2820 3698 2923 3752 καὶ
2956 3700 2990 3751 ό
3028 3696 3356 3767 δεχόμενος
3388 3696 3625 3752 δίκαιον
3639 3697 3722 3759 είς

2146 3784 2334 3853 ὄνομα
2360 3781 2595 3836 δικαίου
2613 3820 2631 3846 ,
2663 3780 2891 3851 μισθὸν
2918 3780 3155 3834 δικαίου
3182 3780 3469 3851 λήψεται·
3502 3779 3669 3841 οὕτως
3696 3778 3723 3830 0

2143 3867 2431 3937 δεχόμενος
2490 3865 2745 3938 μάρτυρα
2797 3866 2878 3926 είς
2932 3863 3103 3935 ὄνομα
3169 3863 3485 3936 μάρτυρος,
3543 3859 3729 3934 μισθὸν

2150 3952 2425 4024 μάρτυρος
2444 3948 2696 4021 λήψεται·
2722 3947 2955 4019 ὑποδοχὴ
2978 3947 3035 4000 δὲ
3068 3947 3345 4018 μάρτυρος
3368 3948 3430 4001 τὸ
3461 3945 3727 4002 συνελθεῖν

2147 4039 2226 4099 είς
2263 4036 2361 4106 τὴν
2412 4034 2622 4088 ἐκείνου
2657 4034 2915 4104 μνήμην,
2962 4032 3023 4085 τὸ
3071 4032 3397 4103 κοινωνῆσαι
3450 4030 3601 4104 [526]
3633 4029 3724 4100 τῆς

2147 4123 2453 4193 διηγήσεως
2479 4120 2588 4175 τῶν
2616 4119 2813 4180 ἀθλων.
2840 4118 2902 4172 τὸ
2930 4117 3211 4189 θαυμάσαι
3248 4116 3317 4170 τά
3354 4114 3723 4186 γεγενημένα,

2147 4207 2208 4260 τὸ
2234 4204 2473 4276 ζηλῶσαι
2520 4202 2620 4274 τήν
2666 4201 2888 4273 ἀρετὴν,
2928 4200 2988 4254 τὸ
3041 4202 3120 4265 είς
3162 4199 3383 4271 ἐτέρους
3427 4197 3725 4266 ἐξενεγκεῖν

2149 4290 2249 4354 τὰς
2272 4286 2641 4361 ἀνδραγαθίας
2685 4285 2786 4350 τὰς
2833 4286 3067 4340 ἐκείνου·
3099 4284 3272 4341 ταῦτα
3300 4284 3409 4339 τῶν
3441 4281 3729 4356 μαρτύρων

2150 4377 2219 4425 τὰ
2249 4372 2417 4437 ξένια·
2454 4370 2595 4424 οὕτω
2625 4371 2753 4432 τοὺς
2787 4369 2978 4436 ἁγίους
3005 4368 3231 4432 τούτους
3256 4386 3338 4432 τις
3377 4368 3730 4439 ὑποδέχεται,

2151 4456 2401 4527 καθάπερ
2420 4451 2511 4509 οῦν
2535 4453 2628 4508 καὶ
2645 4453 2803 4524 ὑμεῖς
2826 4455 3065 4525 τήμερον
3094 4454 3449 4524 πεποιήκατε.

2225 4541 2289 4611 β’.
2312 4541 2451 4603 Χθὲς
2475 4540 2573 4609 μὲν
2589 4534 2681 4592 οὗν
2697 4541 2725 4592 0
2740 4538 3018 4608 Δεσπότης
3035 4537 3193 4608 ήμῶν
3209 4536 3363 4591 ὕδατι
3378 4536 3729 4592 ἐϐαπτίσατο.

2154 4628 2392 4697 σήμερον
2409 4625 2467 4677 δέ
2488 4627 2516 4677 0
2530 4623 2715 4687 δοῦλος
2732 4624 2926 4694 αἵματι
2957 4621 3301 4694 βαπτίζεται·
3316 4622 3445 4694 χθὲς
3466 4616 3734 4697 ἠνεῴχθη-

2155 4696 2255 4764 σαν
2280 4709 2509 4780 οὐρανοῦ
2531 4708 2719 4768 πύλαι,
2744 4709 2986 4779 σήμερον
3007 4705 3469 4777 κατεπατήθησαν
3493 4703 3616 4758 ἆδου
3640 4696 3725 4752 πύ·

2151 4794 2262 4850 λαι.
2295 4793 2398 4849 Καὶ
2434 4793 2510 4864 μὴ
2537 4791 2880 4863 θαυμάσητε.
2923 4792 2972 4843 εί
3029 4790 3313 4860 βάπτισμα
3341 4788 3404 4842 τὸ
3442 4784 3726 4859 μαρτύριον

2154 4880 2409 4933 ἐκάλεσα·
2441 4876 2536 4931 καὶ
2569 4877 2679 4947 γὰρ
2713 4875 2809 4928 καὶ
2839 4873 3075 4929 ἐνταῦθα
3101 4875 3161 4927 τὸ
3189 4871 3416 4943 Πνεῦμα
3441 4870 3576 4942 μετὰ
3609 4864 3726 4919 πολ·

2153 4962 2249 5033 λῆς
2280 4962 2577 5031 ἐφίπταται
2597 4961 2696 5028 τῆς
2716 4958 3013 5028 δαψιλείας,
3040 4958 3134 5010 καὶ
3163 4956 3573 5028 ἁμαρτημάτων
3591 4947 3725 5007 ἀναί-

2156 5062 2308 5118 ρεσις
2344 5046 2438 5098 καὶ
2486 5044 2663 5114 ψυχῆς
2715 5042 2928 5110 γίνεται
2981 5041 3263 5113 καθαρμὸς
3306 5035 3726 5118 θαυμαστὸςξις

2154 5116 2248 5183 καὶ
2276 5129 2593 5201 παράδοξος·
2636 5128 2728 5181 καὶ
2758 5127 2947 5196 ὥσπερ
2977 5125 3027 5178 οἱ
3055 5123 3441 5193 βαπτιζόμενοι
3474 5122 3582 5183 τοῖς
3606 5116 3725 5169 ὑδα-

2158 5230 2262 5277 σιν,
2290 5212 2351 5266 οῦ
2364 5230 2464 5276 τως
2495 5213 2541 5264 οἱ
2573 5208 2978 5282 μαρτυροῦντες
3006 5206 3084 5278 τῴ
3117 5207 3232 5278 ἰδίῳ
3253 5205 3499 5260 λούονται
3524 5204 3722 5274 αἴματι’

2221 5402 2251 5439 d
2274 5376 2689 5473 Sav_il‘.-injtpx§g,
2718 5395 2846 5473 ἷξες,
2879 5399 2933 5445 et
2970 5394 3191 5447 Colbert.
3219 5394 3445 5460 ῥᾳθυμίας
3503 5389 3647 5442 Savil.
3679 5387 3727 5435 in

2156 5459 2907 5597 ξεῖ-ξιῗῗῦῗέέιαῇἒῗμέὲξπῆς
2947 5517 3209 5581 θαλάσσης,
3248 5519 3330 5567 καὶ
3353 5518 3429 5567 ἐπὶ
3451 5522 3533 5576 τῆς
3566 5513 3726 5576 πέτρας

2158 5586 2383 5639 ἀστάλῶς
2408 5586 2574 5638 ἑστώς.

2226 5638 2246 5683 ΐ
2274 5649 2357 5695 Sic
2382 5646 2554 5699 εει-ιι..
2580 5643 2707 5705 Reg.
2751 5650 2805 5692 et.
2844 5641 3002 5699 Colb.,
3024 5648 3174 5705 atque
3216 5643 3283 5691 ita
3315 5642 3443 5705 legi;
3464 5639 3728 5705 inteypges;

2162 5710 2334 5758 MoreL
2359 5720 2478 5757 vero
2506 5697 2740 5769 ἀνώτερον
2760 5710 2846 5764 τῆς
2868 5707 2964 5754 τῶν
2990 5697 3226 5769 βιωτικῶν
3248 5697 3531 5768 πραγμάτων
3552 5697 3723 5760 ἐπιδρο-

2426 5770 2438 5783 ι

2161 5777 2251 5832 μῆς
2270 5777 2487 5831 γεγονώς.
3064 5807 3072 5815 ,
