4032 6442
332 310 438 365 ΒἮ

330 416 798 497 pertimescebam,
825 416 1005 475 evenit
1029 426 1086 473 et
1106 415 1173 473 ad
1199 414 1446 472 effectum
1467 415 1578 485 jam
1606 414 1921 485 perductum

329 525 453 579 est;
482 529 677 583 nempe
703 502 793 569 ubi
821 510 1017 567 festum
1046 509 1304 581 praeteriit
1323 551 1336 573 ,
1368 508 1527 564 simul
1560 509 1720 564 etiam
1747 505 1928 560 multi-

329 605 463 661 tudo
483 604 638 660 nobis
656 603 935 669 abscessit,
959 602 1236 671 minorque
1261 600 1414 655 nobis
1433 608 1605 655 costus
1629 608 1708 654 est
1735 596 1927 652 factus.

327 696 449 752 Hoc
471 695 715 765 equidem
743 707 963 764 prorsus
985 701 1300 747 eventurum
1326 691 1557 746 sciebam
1576 731 1589 753 ,
1621 704 1728 744 non
1754 697 1929 742 tamen

328 787 533 842 idcirco
558 786 737 842 destiti
762 801 792 839 a
818 784 1185 839 cohortatione
1213 799 1227 836 :
1259 783 1386 837 licet
1410 782 1552 837 enim
1581 780 1719 834 haud
1745 791 1932 833 omnes

326 892 540 932 morem
570 876 871 947 gesserint,
909 875 998 946 qui
1031 873 1282 929 hesterna
1314 873 1431 927 luce
1458 872 1776 935 audierunt,
1824 884 1931 923 non

324 976 510 1025 tamen
550 982 739 1023 omnes
764 967 922 1022 etiam
955 980 1061 1020 non
1099 965 1531 1034 obtemperarunt
1564 980 1578 1017 :
1606 976 1777 1031 neque
1803 974 1934 1015 vero

325 1073 520 1128 parum
547 1057 688 1127 apud
712 1072 810 1111 nos
829 1057 896 1112 ad
920 1056 1341 1112 consolationem
1360 1053 1463 1110 hoc
1484 1054 1654 1120 valet;
1677 1052 1936 1124 quamob-

323 1165 444 1205 rem
467 1165 641 1219 neque
669 1149 925 1206 hodierno
944 1148 1032 1203 die
1057 1149 1126 1203 ab
1154 1147 1254 1202 hac
1274 1146 1635 1203 admonitione
1655 1144 1931 1201 desistam:

326 1254 454 1295 nam
481 1239 526 1293 si
547 1239 723 1294 minus
747 1254 813 1294 ex
841 1238 1014 1305 nobis,
1042 1253 1107 1292 ex
1129 1237 1280 1293 vobis
1304 1237 1519 1307 quidem
1547 1243 1694 1292 certe
1721 1234 1938 1289 audient

326 1346 453 1402 quae
495 1331 764 1387 dicuntur.
805 1330 935 1398 Quis
975 1330 1117 1384 enim
1145 1338 1345 1384 tantam
1387 1328 1600 1384 illorum
1635 1328 1935 1382 socordiam

327 1425 547 1480 silentio
579 1424 715 1479 ferre
741 1423 905 1494 possit
933 1465 948 1492 ,
972 1430 1065 1477 aut
1083 1422 1237 1477 venia
1262 1421 1383 1478 illos
1415 1433 1470 1477 et
1494 1421 1836 1477 excusatione
1865 1419 1940 1474 di-

323 1531 462 1586 gnos
511 1514 709 1571 ducere
740 1556 756 1582 ,
803 1514 893 1585 qui
935 1530 1058 1571 cum
1107 1523 1255 1570 tanto
1304 1525 1546 1585 tempore
1592 1522 1818 1567 matrem
1855 1510 1940 1566 vi.

323 1610 561 1675 dissent,
588 1618 641 1662 et
665 1608 956 1675 bonorum,
985 1623 1107 1679 qua:
1136 1608 1189 1662 in
1215 1621 1277 1662 ea
1306 1614 1471 1672 sunt,
1498 1604 1788 1675 participes
1816 1596 1942 1657 facti

322 1709 550 1765 essent,
612 1708 992 1765 recesserunt,
1033 1714 1206 1767 neque
1252 1712 1437 1752 rursus
1480 1695 1685 1751 reverti
1741 1694 1941 1762 dignati

321 1801 469 1857 sunt,
500 1805 601 1845 nec
617 1790 920 1849 columbam
942 1791 1053 1845 Noe
1073 1788 1237 1862 (Gen.
1258 1788 1313 1859 8)
1340 1828 1353 1853 ,
1376 1786 1470 1842 sed
1491 1799 1710 1840 corvum
1750 1783 1939 1838 imitati

322 1895 448 1938 sunt
476 1884 681 1957 ;idque
706 1885 835 1940 dum
861 1892 1024 1938 aestus
1063 1882 1239 1936 adhuc
1280 1888 1335 1935 et
1382 1887 1669 1948 tempestas
1703 1877 1790 1931 illa
1821 1891 1945 1946 per-

327 1989 577 2045 severat,
623 1977 946 2050 graviorque
983 1974 1219 2046 quotidie
1260 1972 1493 2043 procella
1533 1971 1827 2036 excitatur,
1878 1983 1942 2023 ac

329 2072 604 2142 proposita
632 2071 686 2125 in
726 2068 903 2124 medio
929 2082 1052 2122 arca
1077 2068 1177 2121 ista
1219 2073 1402 2120 sancta
1441 2072 1662 2119 cunctos
1696 2061 1939 2126 advocat,

325 2161 391 2217 ad
423 2176 493 2218 se
516 2159 736 2231 pellicit,
766 2168 821 2213 et
848 2158 1069 2212 multam
1096 2155 1299 2226 praebet
1321 2154 1389 2208 ad
1417 2168 1477 2208 se
1518 2150 1943 2221 confugientibus

325 2250 699 2307 securitatem?
714 2249 832 2305 Non
852 2249 993 2303 enim
1028 2261 1286 2315 aquarum
1308 2260 1484 2314 neque
1523 2241 1779 2298 fluctuum
1804 2242 1941 2297 irru-

327 2345 545 2416 ptiones
563 2384 579 2408 ,
607 2342 702 2398 sed
745 2340 1026 2396 continuas
1045 2338 1490 2394 alienissimarum
1519 2350 1551 2391 a
1580 2336 1789 2390 ratione
1818 2349 1942 2404 per-

327 2435 690 2490 turbationum
731 2432 1023 2489 seditiones
1048 2436 1299 2495 coercet,
1331 2428 1582 2482 invidiam
1611 2426 1747 2481 tollit
1772 2434 1826 2480 et
1850 2441 1941 2480 ar-

326 2529 629 2600 rogantiam
673 2525 942 2581 refrmnat.
966 2523 1098 2577 Nam
1125 2536 1296 2592 neque
1319 2520 1470 2575 dives
1496 2518 1774 2588 deSpicere
1801 2532 1936 2587 pau-

327 2634 514 2690 perem
546 2617 743 2689 poterit
761 2659 777 2684 ,
809 2630 929 2670 cum
957 2630 1024 2668 ex
1043 2612 1336 2683 Scripturis
1358 2610 1540 2666 audiet
1559 2651 1574 2673 ,
1611 2607 1790 2663 Omnis
1819 2623 1939 2661 caro

325 2715 524 2782 {mnum
548 2750 564 2777 ,
591 2719 639 2763 et
665 2708 827 2763 omnis
852 2705 1020 2778 gloria
1046 2704 1264 2759 hominis
1307 2703 1455 2773 quasi
1480 2703 1579 2773 ﬂos
1605 2701 1729 2772 [teni
1779 2699 1829 2774 (Ι
1837 2700 1933 2754 sai.

325 2803 411 2858 40.
457 2802 544 2873 6)
590 2818 603 2855 :
637 2815 811 2871 neque
853 2813 1054 2873 pauper
1092 2797 1316 2851 alterum
1363 2794 1712 2879 diteseentem
1754 2790 1943 2849 videns

328 2891 531 2949 invidia
559 2892 831 2963 capietur,
862 2905 983 2944 cum
1012 2897 1069 2944 et
1093 2890 1208 2957 ipse
1231 2886 1411 2941 audiet
1435 2885 1662 2941 alterum
1694 2883 1938 2952 PrOphe-

327 2992 429 3039 lam
465 2982 779 3046 dicentem,
811 2978 897 3034 Ne
937 2979 1163 3034 timueris
1211 2994 1329 3032 cum
1375 2977 1512 3031 dives
1562 2977 1729 3046 factus
1781 2975 1937 3047 fuerit

330 3076 473 3129 homo
502 3117 518 3141 ,
561 3084 747 3128 etcum
785 3072 1123 3143 multiplicata
1167 3070 1321 3140 fuerit
1365 3070 1532 3139 gloria
1567 3071 1751 3123 domus
1802 3069 1937 3137 ejus.

343 3167 600 3233 Quoniam
619 3182 734 3219 cum
757 3166 1000 3219 interierit
1025 3180 1125 3219 non
1151 3171 1312 3218 sumet
1333 3165 1535 3226 omnia;
1555 3178 1715 3232 neque
1734 3161 1940 3215 descen-

334 3259 409 3312 det
436 3275 555 3312 cum
591 3273 650 3312 eo
678 3256 845 3327 gloria
865 3257 975 3329 ejus
998 3256 1017 3327 (
1037 3253 1185 3309 Psal.
1214 3256 1306 3308 48.
1331 3255 1417 3307 17.
1446 3251 1580 3325 l8).
1618 3253 1763 3307 Talis
1790 3268 1939 3307 nam-

326 3332 432 3420 que
459 3359 545 3406 est
574 3365 734 3420 opum
766 3351 983 3403 istarum
1008 3358 1194 3403 natura
1221 3365 1233 3400 :
1256 3362 1363 3401 non
1394 3346 1786 3401 transferuntur
1810 3361 1932 3401 cum

335 3441 596 3508 dominis;
627 3455 731 3495 non
775 3454 897 3494 cum
932 3438 1332 3509 possessoribus
1375 3437 1793 3507 transmigrauit;
1826 3452 1933 3493 non

336 3533 384 3586 in
409 3533 671 3604 judicium
714 3531 918 3587 vocatis
946 3532 1054 3587 illic
1083 3546 1146 3585 ac
1176 3545 1365 3600 pmnas
1396 3530 1665 3585 luentibus
1709 3529 1937 3598 patroci-

336 3638 522 3681 nantur
546 3667 563 3692 ,
596 3624 693 3679 sed
722 3639 818 3694 per
863 3632 1091 3678 mortem
1125 3624 1336 3693 penitus
1370 3621 1770 3693 prueciduntur;
1822 3622 1932 3676 imo

337 3716 524 3770 multos
570 3714 728 3768 etiam
753 3722 877 3768 ante
916 3722 1143 3767 mortem
1187 3712 1586 3767 deseruerunt:
1621 3711 1815 3767 infidus
1856 3720 1937 3766 est

342 3822 477 3875 usus,
512 3807 719 3861 fructus
743 3806 1005 3861 instabilis
1027 3847 1043 3873 ,
1076 3806 1372 3875 periculosa
1402 3806 1689 3875 possessio.
1723 3809 1793 3860 At
1823 3799 1926 3861 neu

338 3898 599 3968 ejusmodi
627 3906 753 3953 sunt
779 3898 988 3953 virtutis
1026 3908 1080 3952 et
1107 3898 1459 3970 eleemosyme
1489 3898 1627 3954 bona
1651 3938 1666 3964 ,
1693 3914 1876 3953 verum
1905 3914 1935 3952 a

341 3991 660 4058 praedatione
682 3998 826 4043 tutus
845 3995 930 4043 est
948 3988 1034 4042 hic
1057 3989 1358 4042 thesaurus.
1382 3987 1535 4044 Unde
1557 3988 1661 4042 hoc
1686 3986 1937 4042 constat?

339 4079 432 4147 Qui
461 4083 531 4138 de
556 4081 756 4135 divitiis
784 4081 897 4135 istis
937 4078 1361 4149 philosophando
1400 4079 1552 4145 dixit,
1578 4078 1699 4133 Non
1727 4080 1935 4134 descen-

340 4171 416 4223 det
442 4188 559 4226 cum
579 4188 635 4225 eo
656 4170 820 4242 gloria
854 4171 963 4239 ejus
994 4179 1105 4238 post
1131 4185 1245 4222 eum
1268 4209 1283 4232 ,
1307 4169 1391 4223 hic
1413 4178 1468 4225 et
1487 4169 1555 4224 de
1583 4164 1937 4241 eleeniosyuae

342 4261 635 4329 thesauris,
662 4264 751 4334 qui
784 4271 1099 4333 permanent
1133 4278 1345 4332 semper
1380 4279 1478 4319 nec
1515 4279 1747 4334 unquam
1784 4279 1935 4320 eom-

343 4352 596 4419 pilantur,
631 4369 731 4409 nos
757 4354 1018 4419 erudivit,
1044 4363 1164 4408 cum
1192 4355 1261 4409 ita
1285 4354 1415 4408 dixit
1439 4371 1452 4408 :
1484 4342 1734 4424 Dispersit
1756 4395 1771 4422 ,
1798 4356 1936 4410 dedit

342 4446 659 4514 pauperibus,
669 4445 872 4517 justitia
889 4446 997 4515 eius
1012 4454 1178 4498 manet
1197 4445 1250 4498 in
1266 4445 1506 4501 swculum
1521 4444 1691 4517 (Psal.
1714 4446 1834 4501 111.
1849 4446 1932 4518 9).

342 4533 471 4599 Quid
493 4536 596 4591 hoc
616 4535 910 4590 mirabilius
931 4551 1051 4590 esse
1077 4535 1242 4605 possit
1269 4535 1293 4589 ‘l
1314 4536 1444 4601 Quae
1463 4536 1786 4606 colliguntur
1811 4552 1933 4606 per-

343 4633 499 4691 eunt,
531 4636 585 4680 et
614 4633 831 4680 manent
855 4641 974 4696 qua:
998 4624 1413 4694 diSperguntur,
1444 4640 1507 4679 ac
1551 4626 1742 4679 merito
1766 4639 1894 4680 sane
1919 4643 1934 4680 :

345 4727 458 4769 nam
480 4717 578 4772 ista
602 4716 813 4787 quidem
837 4716 1061 4785 suscipit
1084 4715 1260 4780 Deus;
1288 4726 1543 4770 cmterum
1566 4731 1630 4770 ex
1658 4716 1752 4770 Dei
1779 4732 1935 4771 manu

346 4819 526 4877 rapere
564 4823 724 4864 nemo
750 4817 923 4878 potest
953 4827 965 4861 :
996 4809 1083 4862 illa
1110 4822 1239 4863 vero
1276 4807 1328 4863 iu
1358 4807 1631 4861 hominum
1673 4808 1937 4863 thesauris

345 4909 682 4965 reponuntur,
705 4900 790 4954 ubi
814 4899 995 4955 multis
1017 4899 1223 4953 insidiis
1236 4907 1359 4952 sunt
1380 4898 1629 4964 obnoxia,
1653 4899 1741 4954 ubi
1765 4900 1936 4954 multa

349 4989 533 5046 invidia
560 5005 614 5049 et
642 4993 800 5047 livor.
822 4985 949 5047 'Noli
980 5008 1144 5061 ergo,
1191 4991 1571 5053 dilectissime,
1626 4991 1729 5046 loci
1778 4992 1936 5061 hujus

351 5074 814 5149 frequentationem
835 5093 1178 5138 contemnere
1204 5101 1215 5134 :
1241 5083 1353 5137 sive
1368 5082 1509 5136 enim
1534 5096 1734 5137 maeror
1747 5083 1938 5152 a'iquis

351 5174 604 5239 negotium
628 5173 874 5239 facessat,
895 5173 984 5228 hic
1002 5174 1269 5241 relegatur
1294 5190 1309 5228 :
1335 5173 1448 5227 sive
1468 5188 1610 5226 cur-.e
1631 5174 1934 5233 saeculares,

353 5261 613 5333 aulugiunt
646 5283 660 5319 :
690 5265 807 5319 sive
834 5265 1021 5318 alienae
1056 5280 1084 5316 a
1117 5263 1322 5318 ratione
1356 5263 1785 5334 perturbationes
1805 5304 1820 5323 ,
1854 5278 1939 5317 se-

354 5346 534 5408 dantur
563 5372 577 5411 :
607 5370 637 5409 a
666 5354 784 5409 foro
818 5366 993 5409 autem
1039 5367 1093 5407 et
1119 5353 1341 5408 theatris
1369 5369 1433 5407 ac
1459 5353 1667 5414 caeteris
1704 5352 1938 5422 profanis
1958 5349 2017 5401 ἢ

354 5448 687 5501 conventibus
706 5490 720 5512 ,
750 5447 933 5502 multis
960 5447 1304 5502 accumulatis
1340 5445 1483 5499 curis
1514 5461 1577 5499 ac
1620 5444 1940 5501 mter-oribus

356 5534 637 5611 animmque
674 5541 913 5606 morbis,
945 5539 1163 5595 domum
1208 5538 1464 5593 redimus.
1509 5536 1564 5592 Si
1612 5536 1697 5593 hic
1727 5537 1940 5594 assidue

305 5680 310 5685 .
357 5627 548 5695 Ῑῼωχϐ,
572 5644 679 5695 pag.
702 5630 815 5695 206,
834 5637 1076 5695 etpostea
1089 5629 1195 5679 haec
1216 5642 1267 5679 ιιι
1289 5629 1623 5695 5.1.ucianum,
1644 5628 1743 5695 _boc
1775 5627 1937 5687 titulo,

361 5688 828 5756 Eiusdern'pb'stridie
863 5688 1259 5744 illuminatorum.
1311 5689 1482 5741 Habita
1514 5690 1603 5752 fuit
1638 5688 1690 5740 in
1721 5696 1938 5741 sumtum

361 5755 606 5813 martyrem
629 5755 904 5807 Luc-ianum.

1483 300 1548 357 IN
1588 299 1640 357 S.
1688 297 2036 357 LUCIANUM
2075 299 2488 358 MARTYREM.

3524 306 3632 364 522

2032 418 2289 483 verseris,
2316 430 2535 486 prorsus
2557 416 2717 473 etiam
2748 432 2811 474 ea
2839 433 2958 489 quae
2978 417 3110 475 foris
3152 420 3463 477 contraxiin
3490 424 3631 479 mala

2036 502 2275 574 depones
2306 508 2430 562 :sin
2476 518 2655 563 autem
2701 508 2913 565 resilias
2951 509 3266 582 fugiasque,
3317 513 3407 569 illa
3432 515 3591 570 etiam
3613 555 3631 576 .

2035 612 2153 667 qua:
2168 612 2439 653 sacrarum
2462 615 2564 671 ope
2588 600 2982 672 Scripturarum
3005 601 3144 659 bona
3168 603 3263 660 tibi
3289 609 3633 675 comparasti,
3673 590 3699 663 '1’?

2037 703 2257 758 prorsus
2282 692 2496 746 amittes
2514 732 2529 756 ,
2572 702 2782 763 tuaaque
2830 707 2960 763 opes
2983 694 3181 750 sensim
3209 710 3241 750 a
3266 696 3504 764 profanis
3532 697 3637 751 illis

2037 782 2377 839 consessibus
2413 794 2468 839 et
2493 783 2774 854 colloquiis
2812 785 3190 857 subripientur.
3222 788 3397 858 Atque
3424 795 3482 841 ut
3521 786 3637 841 haec

2042 889 2174 929 vera
2202 890 2324 931 esse
2363 875 2597 931 hoscatis
2618 915 2639 944 ,
2669 892 2792 932 cum
2832 878 2957 933 hinc
2992 879 3345 934 discesseritis
3366 921 3382 944 ,
3413 895 3506 936 eos
3544 881 3635 950 qui

2040 964 2200 1021 hodie
2228 965 2511 1022 abfuerunt
2538 968 2717 1024 videre
2744 969 2954 1025 studete
2976 1010 2993 1036 ,
3043 979 3154 1026 tum
3194 982 3453 1040 quantum
3497 973 3637 1030 inter

2038 1066 2269 1113 vestram
2298 1059 2460 1114 animi
2494 1060 2928 1131 tranquillitatem
2965 1071 3020 1118 et
3061 1064 3270 1120 illorum
3312 1066 3635 1122 anxietatem

2042 1148 2274 1216 intersit,
2302 1150 2758 1208 animadvertetis.
2786 1153 2903 1208 Non
2934 1154 3008 1210 ita
3028 1156 3250 1225 pulchra
3269 1166 3354 1213 est
3376 1174 3439 1213 ac
3464 1173 3636 1219 venu-

2041 1249 2123 1294 sta
2148 1255 2346 1309 sponsa
2372 1241 2427 1296 in
2455 1241 2696 1298 thalamo
2723 1245 2918 1302 sedens
2941 1287 2957 1311 ,
2983 1262 3046 1303 ac
3072 1248 3331 1306 mirabilis
3352 1259 3435 1306 est
3459 1252 3638 1309 anima

2041 1331 2384 1403 gloriosaque
2403 1374 2419 1401 ,
2452 1333 2578 1389 dum
2621 1335 2676 1390 in
2705 1336 2931 1392 ecclesia
2960 1339 3255 1408 spiritualia
3282 1344 3494 1414 Spirans
3533 1361 3636 1400 un-

2042 1433 2237 1493 guenta
2277 1435 2570 1496 comparet.
2601 1426 2703 1496 Qui
2731 1430 2873 1484 enim
2920 1430 3024 1489 huc
3064 1449 3184 1489 cum
3215 1434 3317 1492 fide
3354 1452 3419 1493 ac
3457 1439 3640 1495 studio

2044 1516 2269 1571 ventilat
2291 1559 2307 1583 ,
2350 1518 2645 1575 innumeris
2679 1522 2945 1580 thesauris
2982 1525 3180 1583 ditatus
3222 1529 3502 1586 abscedit:
3532 1532 3636 1587 etsi

2046 1615 2249 1661 tantum
2274 1622 2336 1662 os
2363 1613 2656 1679 aperuerit,
2688 1613 2834 1668 omni
2855 1615 3079 1672 odorum
3099 1621 3359 1676 suavitate
3381 1624 3637 1679 continuo

2045 1710 2107 1750 ac
2145 1698 2508 1767 spiritualibus
2536 1703 2727 1772 opibus
2754 1707 3046 1775 complebit
3068 1708 3211 1776 illos,
3240 1712 3329 1781 qui
3349 1728 3640 1785 congressu

2045 1788 2162 1859 ejus
2190 1789 2470 1856 fruuntur;
2519 1794 2620 1847 etsi
2659 1805 2925 1851 sescentae
2955 1797 3249 1867 ingrueriut
3272 1803 3635 1875 calamitates,

2046 1898 2235 1938 omnes
2261 1899 2416 1954 aequo
2440 1886 2620 1941 animo
2646 1885 2782 1943 feret
2807 1906 2821 1943 :
2855 1898 3038 1960 utpote
3063 1893 3152 1962 qui
3181 1908 3213 1948 e
3237 1894 3528 1966 Scripturis
3553 1899 3636 1955 di-

2046 1976 2183 2030 vinis
2213 1977 2479 2045 patientize
2516 1979 2973 2053 philosophiaeque
3011 1985 3362 2043 sufﬁcientem
3398 1991 3641 2047 occasio—

2048 2083 2168 2121 nem
2201 2068 2325 2124 hinc
2355 2072 2641 2141 acceperit.
2668 2072 2735 2126 Et
2758 2073 2897 2128 sicut
2924 2076 2970 2130 is
2993 2118 3008 2143 ,
3032 2077 3121 2147 qui
3153 2089 3407 2150 perpetuo
3429 2083 3481 2139 in
3510 2100 3645 2155 rupe

2045 2159 2309 2223 consistit,
2333 2159 2526 2217 ﬂuctus
2542 2163 2808 2233 despicit‘
2836 2183 2851 2220 :
2883 2166 2962 2223 sic
2986 2176 3039 2225 et
3065 2169 3110 2224 is
3129 2211 3144 2235 ,
3171 2173 3261 2241 qui
3288 2174 3499 2231 assidue
3524 2177 3643 2233 col—

2047 2251 2181 2307 lecta
2203 2252 2513 2322 perfruitur,
2541 2271 2606 2311 ac
2635 2256 2832 2313 divinis
2847 2262 3187 2320 sermonibus
3206 2265 3477 2337 irrigatur,
3506 2279 3644 2327 taru-

2047 2358 2205 2413 quam
2233 2344 2285 2398 in
2317 2361 2449 2415 rupe
2474 2347 2530 2401 in
2563 2360 2712 2405 recto
2735 2366 2916 2409 rerum
2946 2351 3149 2423 judicio
3175 2370 3236 2411 se
3263 2357 3436 2427 ipsum
3472 2362 3643 2418 collo-

2046 2435 2222 2502 cavit,
2256 2436 2413 2493 nullis
2457 2439 2618 2494 rebus
2661 2438 2911 2497 humanis
2948 2444 3225 2513 capietur:
3255 2455 3314 2502 ut
3355 2449 3445 2519 qui
3476 2452 3644 2508 multo

2047 2525 2207 2581 altius
2231 2543 2291 2582 se
2317 2532 2655 2598 provexerit,
2701 2548 2859 2601 quam
2902 2549 3009 2604 quo
3040 2546 3260 2604 possent
3304 2542 3642 2610 negotiorum

2048 2617 2381 2674 szecularium
2414 2620 2748 2678 incursiones
2775 2625 3100 2694 pertingere.
3126 2625 3310 2698 Neque
3348 2645 3479 2686 vero
3523 2640 3646 2688 tan-

2050 2720 2160 2765 tum
2206 2729 2274 2768 ex
2318 2713 2704 2781 admonitione,
2745 2717 2843 2772 sed
2877 2719 3037 2774 etiam
3065 2736 3131 2775 ex
3160 2724 3425 2791 precibus,
3457 2741 3521 2782 ex
3553 2741 3646 2796 pa.

2050 2814 2199 2859 terna
2228 2804 2619 2874 benedictione,
2650 2823 2717 2863 ex
2732 2813 3002 2865 communi
3030 2823 3294 2869 conventu
3318 2813 3646 2888 fratrumque

2045 2899 2288 2965 caritate,
2318 2909 2479 2970 atque
2506 2900 2625 2955 aliis
2649 2903 2918 2958 sexcentis
2943 2918 3011 2959 ex
3038 2904 3199 2961 rebus
3225 2906 3390 2961 multa
3420 2909 3647 2966 utilitate

2047 2999 2206 3060 atque
2247 2991 2411 3045 animi
2460 2992 2818 3049 oblectatione
2857 3007 3107 3067 percepta
3148 2997 3286 3053 solet
3327 2999 3643 3068 discedere,

2047 3094 2210 3153 atque
2254 3082 2534 3139 innumera
2560 3085 2702 3140 bona
2750 3087 2968 3143 domum
3018 3100 3314 3158 reportare.
3368 3093 3648 3164 Perpende

2046 3175 2226 3245 itaque
2252 3176 2412 3232 hodie
2436 3188 2633 3249 quanta
2656 3194 2753 3235 vos
2778 3180 3148 3239 benedictione
3178 3184 3479 3241 cumulandi
3506 3189 3639 3255 sitis,

2045 3280 2246 3338 quanto
2276 3268 2352 3322 illi
2393 3270 2589 3324 damno
2617 3270 2926 3325 muletandi.
2969 3271 3102 3327 Nam
3131 3289 3226 3329 vos
3251 3276 3464 3345 quidem
3498 3292 3644 3331 mar-

2049 3371 2221 3433 tyrum
2266 3360 2514 3416 mercede
2538 3370 2787 3432 percepta
2814 3362 3100 3419 discedetis
3129 3381 3143 3417 :
3171 3365 3247 3420 illi
3277 3381 3405 3421 vero
3427 3376 3647 3437 praeter-

2043 3469 2204 3524 quam
2233 3453 2374 3523 quod
2396 3454 2546 3508 lucro
2573 3454 2675 3509 isto
2696 3454 3064 3525 privabuntur,
3087 3457 3194 3511 alio
3217 3472 3429 3528 quoque
3447 3459 3645 3514 damno

2042 3547 2344 3601 afficientur
2368 3589 2384 3614 ,
2415 3547 2555 3615 quod
2595 3562 2661 3602 ex
2690 3546 2930 3603 futilibus
2974 3548 3411 3617 occupationibus
3449 3549 3644 3606 multas

2043 3638 2463 3694 sollicitudinum
2528 3638 2716 3693 sordes
2782 3638 3120 3694 contrahent.
3185 3639 3642 3705 Quemadmodum

2042 3729 2183 3785 enim
2209 3729 2252 3783 is
2278 3728 2379 3794 Qui
2397 3728 2574 3799 recipit
2595 3729 2892 3798 prophetam
2914 3728 2969 3781 in
2989 3730 3191 3783 nomine
3210 3730 3489 3800 prop/reue,
3514 3747 3644 3786 mer-

2040 3823 2211 3877 cedem
2241 3822 2499 3894 propltette
2534 3822 2785 3892 accipiet;
2829 3830 2874 3875 et
2916 3822 3005 3890 qui
3020 3823 3221 3891 justum
3248 3825 3425 3895 recipit
3468 3825 3522 3879 in
3551 3842 3645 3880 no-

2042 3917 2177 3970 mine
2193 3916 2327 3986 justi
2344 3957 2361 3982 ,
2392 3915 2669 3969 mercedem
2702 3914 2834 3986 justi
2871 3914 3084 3986 accipiet
3111 3913 3132 3985 (
3153 3914 3342 3969 Matth.
3373 3917 3460 3972 10.
3488 3916 3550 3972 ﬂ
3578 3917 3641 3988 ),:

2041 4010 2119 4064 sic
2148 4017 2202 4062 et
2228 4008 2272 4061 is
2301 4007 2391 4077 qui
2437 4018 2726 4078 martyrem
2770 4007 2959 4075 recipit
2988 4009 3055 4068 in,
3086 4009 3301 4063 nomine
3344 4010 3598 4080 martyris
3622 4052 3638 4074 ,

2040 4098 2345 4153 mercedem
2364 4097 2611 4169 martyris
2639 4096 2881 4166 accipiet.
2902 4095 3038 4150 Tum
3060 4112 3187 4152 vero
3215 4098 3337 4168 quis
3351 4108 3643 4170 martyrem

2041 4192 2269 4261 recipit,
2305 4205 2427 4245 cum
2455 4191 2522 4245 ad
2552 4190 2668 4260 ejus
2696 4190 3009 4244 memoriam
3036 4191 3286 4245 convenit
3304 4232 3322 4256 ,
3350 4205 3472 4245 cum
3517 4190 3636 4260 ejus

2039 4284 2391 4341 certaminum
2422 4282 2741 4338 narrationis
2776 4282 2835 4336 iit
2875 4282 3159 4353 particeps,
3195 4297 3316 4337 eum
3350 4280 3486 4338 facta
3525 4282 3640 4339 colo

2034 4382 2369 4443 laudat,cum
2387 4377 2610 4433 virtutes
2636 4376 2893 4440 imitatur,
2912 4391 3032 4431 cum
3064 4377 3207 4443 apud
3233 4385 3460 4431 caeteros
3492 4392 3638 4446 prte-

2038 4471 2184 4541 clara
2204 4470 2344 4524 illius
2363 4468 2593 4523 facinora
2612 4467 2881 4537 praedicat.
2908 4467 3033 4522 llmc
3051 4475 3340 4537 martyrum
3361 4466 3639 4536 hospitalia

2040 4571 2165 4617 sunt
2193 4563 2333 4615 dona
2356 4575 2372 4626 ;
2401 4559 2479 4613 sic
2503 4559 2635 4613 istos
2656 4564 2871 4613 sanctos
2887 4557 3006 4627 quis
3027 4557 3268 4627 suscipit,
3291 4555 3435 4611 sicut
3464 4566 3519 4612 et
3537 4571 3635 4613 vos

2039 4655 2218 4723 utique
2236 4651 2497 4706 hodierno
2523 4649 2610 4704 die
2638 4647 2859 4703 fecistis.

2109 4748 2163 4802 2.
2196 4745 2502 4816 Martyrium
2527 4753 2600 4798 est
2628 4742 2938 4811 Baptismus.
2967 4769 3042 4783 --—
3068 4740 3193 4796 lleri
3238 4740 3415 4811 itaque
3446 4742 3629 4796 Domi-

2041 4856 2142 4897 nus
2181 4838 2395 4911 quidem
2439 4845 2625 4891 noster
2669 4850 2803 4904 aqua
2849 4834 3146 4903 baptizatus
3187 4841 3270 4888 est
3309 4833 3423 4904 (α),
3476 4833 3633 4889 hodie

2046 4947 2175 4988 vero
2217 4946 2404 4988 servus
2445 4927 2703 4998 sanguine
2730 4926 3027 4995 baptizatur
3059 4941 3074 4977 :
3105 4924 3361 4980 hesterno
3402 4925 3490 4979 die
3521 4924 3635 4978 ezeli

2041 5033 2211 5096 portae
2262 5029 2388 5077 sunt
2437 5028 2711 5085 reseratae,
2767 5018 2927 5071 hodie
2971 5015 3260 5071 inferorum
3306 5025 3473 5084 portat
3516 5024 3635 5068 sunt

2042 5117 2390 5174 conculcatur.
2421 5113 2606 5184 Neque
2635 5110 2907 5168 miremini
2932 5149 2949 5175 ,
2980 5107 3123 5179 quod
3152 5109 3470 5179 baptismum
3499 5123 3636 5161 mar-

2040 5210 2240 5282 tyrium
2272 5206 2621 5276 nuncuparim
2655 5221 2668 5258 :
2699 5218 2823 5258 nam
2853 5211 2909 5258 et
2936 5201 3025 5257 hic
3052 5201 3283 5272 Spiritus
3309 5216 3428 5254 cum
3473 5201 3638 5252 multa

2041 5304 2255 5362 advolat
2279 5303 2541 5363 ubertate,
2563 5314 2627 5355 ac
2655 5306 2998 5368 peccatorum
3026 5295 3247 5350 abolitio
3276 5300 3331 5346 et
3356 5292 3548 5347 anima:
3580 5290 3638 5344 iit

2044 5396 2288 5468 purgatio
2315 5393 2556 5464 quaedam
2587 5391 2846 5446 mirabilis
2871 5396 2935 5444 ac
2965 5387 3222 5457 stupenda
3254 5401 3267 5438 :
3296 5393 3350 5439 et
3377 5383 3636 5455 quemad-

2043 5490 2262 5544 modum
2295 5487 2352 5551 ii,
2384 5486 2474 5555 qui
2504 5483 2867 5554 baptizantur,
2894 5480 3078 5550 aquis,
3112 5478 3181 5531 ita
3207 5475 3297 5545 qui
3324 5475 3638 5544 martyrium

2108 5624 2126 5657 ι
2159 5619 2300 5691 savii.
2326 5621 2377 5691 in
2394 5630 2570 5691 marg,
2595 5616 2679 5682 qui
2699 5615 2752 5667 in
2772 5613 2901 5666 mari
2921 5619 2967 5665 et
2988 5611 3041 5663 in
3062 5622 3184 5675 rupe
3207 5621 3375 5662 secure
3398 5610 3628 5673 certain“,

2043 5684 2217 5752 ﬂuctus
2238 5681 2460 5752 devicit.-

2110 5748 2184 5810 (α)
2216 5741 2583 5809 Epip'ttaniorum
2605 5741 2786 5793 festum
2806 5747 3063 5788 memorat.
