4032 6452
454 310 560 370 523

456 428 750 495 patiuntur,
800 425 1016 495 proprio
1049 428 1307 494 sanguine
1334 424 1661 486 abluuntur;
1693 421 1832 488 quod
1867 421 2048 490 utique

453 529 511 573 et
537 521 590 572 in
625 521 728 573 isto
757 519 955 573 evenit.
991 517 1186 572 Verum
1229 527 1512 585 antequam
1553 517 1619 570 de
1656 516 1836 578 unde,
1867 529 2046 583 Opera:

456 613 686 679 pretium
729 619 812 665 est
843 620 902 665 ut
945 611 1012 665 de
1053 611 1248 665 diaboli
1295 609 1524 664 versutia
1553 609 1714 666 verba
1765 608 2041 662 faciamus.

457 704 588 758 Nam
610 720 731 758 cum
758 720 916 758 omne
952 704 1330 772 suppliciorum
1367 717 1428 755 ac
1472 716 1748 770 ptBllﬂl‘Uln
1787 713 1954 770 genus
1978 699 2046 752 ab

455 811 522 850 eo
550 797 784 850 derisum
812 795 1281 857 animadverteret,
1310 809 1371 846 ac
1398 807 1457 846 se
1483 807 1654 861 neque
1684 807 1909 845 accensa
1942 793 2048 844 for-

457 902 609 948 nace.
643 903 814 957 neque
846 887 1097 940 barathro
1121 887 1344 948 effosso,
1377 899 1546 954 neque
1575 895 1687 937 rota
1715 893 1918 954 parata,
1947 898 2046 936 ne-

456 995 560 1048 que
587 995 708 1033 cum
742 980 792 1032 in
824 979 1105 1049 equuleum
1134 977 1450 1040 sustulisset,
1485 991 1658 1046 neque
1685 991 1806 1029 cum
1838 975 1890 1028 in
1913 991 2048 1044 pne-

455 1072 634 1140 cipitia
669 1072 998 1140 projeeisset,
1028 1084 1198 1135 neque
1220 1084 1340 1122 cum
1363 1068 1610 1121 dentibus
1641 1066 1872 1120 ferarum
1901 1066 2045 1132 obje-

453 1165 653 1228 cisset,
681 1164 847 1217 sancti
882 1161 1272 1232 philosophiam
1303 1175 1559 1230 superare
1598 1159 1832 1228 pctuisse
1862 1176 1874 1211 :
1904 1157 2046 1212 aliud

453 1256 700 1312 acerbius
736 1271 902 1324 genus
938 1255 1293 1324 excogitavit,
1329 1267 1680 1324 qumrensqne
1710 1253 2044 1318 circumibat,

453 1355 512 1400 ut
536 1346 847 1416 supplicium
879 1347 1177 1408 inveniret,
1205 1343 1347 1412 quod
1377 1343 1530 1396 simul
1557 1353 1612 1396 et
1640 1343 2043 1396 acerbissimum

449 1448 593 1492 esset
644 1447 698 1492 et
751 1436 1140 1508 longissimum.
1191 1437 1454 1502 Quoniam
1508 1436 1650 1490 enim
1698 1451 1775 1490 ere
1829 1436 2044 1504 quidem

451 1544 660 1598 ptume,
689 1546 808 1598 qua:
849 1539 972 1582 sunt
1021 1528 1404 1592 intolerabiles,
1452 1527 1553 1580 hoc
1582 1527 1808 1581 afferunt
1833 1568 1848 1592 ,
1894 1536 1951 1580 ut
1983 1528 2046 1581 iis

446 1621 716 1690 ocyssime
741 1619 1063 1684 liberentur;
1092 1635 1210 1690 qua:
1230 1633 1359 1672 vero
1386 1619 1652 1688 longiores
1678 1630 1820 1680 sunt,
1846 1617 2045 1688 aliquid

448 1710 771 1764 subtrahunt
814 1711 882 1765 de
909 1711 1141 1764 dolore:
1172 1711 1406 1779 reperire
1451 1725 1662 1778 pmnam
1709 1710 1947 1776 studuit,
1993 1712 2044 1765 in

449 1818 552 1874 qua
597 1814 882 1873 utrumque
911 1803 1069 1856 simul
1101 1813 1278 1868 esset,
1321 1813 1372 1856 et
1401 1803 1720 1856 diuturnitas
1758 1813 1812 1856 et
1851 1803 2044 1856 intole-

452 1895 634 1949 rabilis
690 1895 890 1951 doloris
947 1909 1234 1959 excessus,
1282 1906 1339 1949 ut
1391 1910 1511 1949 cum
1554 1896 1884 1950 vehementia
1933 1905 2041 1950 tum

447 1986 776 2042 diuturnitas
813 1987 1071 2058 temporis
1107 1987 1342 2041 animum
1385 1987 1501 2056 ejus
1545 1997 1875 2042 constantem
1907 1987 2041 2057 deji-

442 2089 616 2134 ceret.

522 2171 688 2226 Fame
732 2180 990 2238 torquetur
1037 2169 1336 2235 Lucianus;
1386 2171 1668 2242 idolothyla
1715 2172 1925 2240 respuit.
1972 2201 2042 2210 —

448 2265 586 2331 Quid
613 2281 743 2335 ergo
770 2264 936 2319 facit?
961 2264 1111 2319 Fami
1146 2275 1392 2319 sanctum
1434 2265 1575 2319 hunc
1603 2265 1843 2334 exponit.
1891 2265 1959 2318 At
1985 2273 2042 2318 tu

448 2374 570 2412 cum
621 2357 688 2412 de
732 2358 871 2413 fame
914 2359 1088 2426 audis,
1127 2374 1194 2413 ne
1222 2359 1362 2429 quod
1406 2359 1603 2413 dictum
1637 2367 1719 2413 est
1755 2359 2045 2414 oscitanter

417 2459 737 2520 prmtereas
770 2468 784 2504 :
815 2458 898 2505 est
922 2451 1067 2504 enim
1110 2451 1198 2504 illa
1230 2466 1377 2504 mors
1405 2451 1647 2504 omnium
1674 2451 2039 2514 acerbissima,

445 2543 588 2614 quod
619 2543 727 2610 illi,
759 2543 848 2614 qui
887 2552 1014 2598 sunt
1039 2543 1277 2613 experti,
1311 2552 1574 2596 testantur
1605 2561 1619 2596 :
1648 2543 1786 2597 absit
1814 2544 1955 2597 enim
1985 2553 2044 2598 ut

446 2637 502 2692 id
533 2652 630 2691 nos
657 2637 996 2706 experiamur
1027 2655 1041 2690 :
1071 2646 1217 2690 recte
1247 2651 1476 2705 namque
1517 2650 1702 2689 sumus
1741 2635 1913 2690 edocti
1939 2677 1953 2700 ,
1986 2646 2043 2690 ut

445 2747 684 2795 oremus,
715 2745 783 2784 ne
812 2730 862 2784 in
895 2728 1240 2784 tentationem
1269 2729 1528 2795 intremus
1557 2728 1767 2800 (Matth.
1793 2729 1885 2784 26.
1914 2730 2040 2800 41).

451 2821 664 2877 Etenim
708 2833 978 2890 tamquam
1009 2821 1302 2875 visceribus
1347 2821 1491 2875 intus
1542 2821 1778 2874 insidens
1805 2820 2041 2876 carnifex

445 2915 711 2984 quispiam
755 2913 934 2966 omnia
967 2911 1204 2966 membra
1231 2910 1455 2965 dilaniat
1475 2952 1489 2974 ,
1521 2913 1710 2982 quovis
1740 2911 1862 2982 igne
1905 2911 2044 2966 fera-

447 2988 552 3078 qne
577 3007 772 3060 szevins
799 3020 993 3074 corpus
1019 3005 1162 3058 omni
1191 3020 1256 3058 ex
1288 3013 1436 3073 parte
1463 3003 1700 3059 corrodit
1722 3045 1738 3070 ,
1779 3019 1841 3057 ac
1867 3005 2042 3058 couti-

447 3115 612 3154 nuum
666 3108 720 3152 et
769 3096 1193 3168 inexplicabilem
1245 3096 1484 3151 dolorem
1537 3097 1718 3150 inurit.
1769 3097 1943 3167 Atque
1988 3105 2045 3150 ut.

446 3201 645 3262 quanta
686 3207 776 3246 res
804 3191 872 3245 sit
920 3178 1088 3244 fames
1129 3189 1412 3259 intelligas,
1444 3190 1602 3244 etiam
1647 3189 1846 3245 liberos
1875 3206 2044 3260 smpe-

452 3298 678 3339 numero
716 3285 1042 3338 devorarunt
1080 3289 1282 3336 matres
1303 3322 1316 3345 ,
1358 3296 1478 3335 cum
1510 3281 1660 3335 istius
1690 3282 1814 3336 mali
1842 3283 2043 3337 violen-

447 3378 574 3432 tiam
599 3376 740 3430 ferre
762 3391 866 3429 non
883 3381 1124 3446 possent.
1146 3373 1210 3428 Et
1231 3373 1367 3428 hanc
1381 3373 1665 3442 deplorans
1685 3374 2040 3427 calamitatem

449 3469 705 3538 propheta
758 3467 1008 3532 dicebat,
1060 3465 1251 3520 Manus
1315 3465 1582 3518 mulierum
1639 3467 2042 3520 misericordium

446 3569 688 3614 texerunt
715 3559 848 3627 ﬁlios
875 3573 992 3611 suos
1018 3557 1036 3626 (
1060 3554 1246 3610 Thren.
1275 3557 1329 3610 4.
1360 3555 1427 3610 10
1446 3557 1484 3625 ).
1532 3555 1680 3622 Quos
1723 3566 2043 3628 pepererant

449 3651 824 3716 comedebant,
853 3657 908 3703 et
933 3657 1179 3702 natorum
1211 3645 1490 3701 infantium
1521 3658 1727 3712 venter,
1757 3648 1844 3718 qui
1877 3663 2042 3717 pepe-

447 3752 628 3806 rerat,
679 3740 984 3811 sepulcrum
1052 3737 1421 3804 efficiebatur,
1470 3746 1525 3792 et
1576 3745 1818 3793 naturam
1874 3738 2042 3794 fames

449 3834 759 3904 superavit;
791 3832 900 3885 imo
929 3845 1056 3885 vero
1103 3843 1209 3882 non
1257 3837 1498 3882 naturam
1530 3828 1688 3882 modo
1710 3871 1724 3894 ,
1755 3829 1849 3884 scd
1881 3830 2041 3884 etiam

449 3928 823 3982 voluntatem:
855 3931 910 3976 at
956 3921 1114 3991 hujus
1155 3919 1324 3973 sancti
1373 3919 1784 3990 generositatem
1823 3921 2042 3975 minime

449 4017 739 4088 Superavit.
769 4014 900 4082 Quis
925 4025 1090 4083 ergo,
1129 4026 1250 4065 cum
1284 4010 1398 4064 haec
1425 4009 1682 4077 audierit,
1716 4027 1820 4065 non
1851 4013 2040 4066 obstu-

450 4109 682 4182 pescat?
729 4106 968 4163 Tametsi
1014 4105 1140 4174 quid
1193 4104 1460 4173 potentius
1505 4114 1590 4159 est
1633 4105 1871 4159 natura?
1914 4107 2040 4175 quid

450 4211 635 4256 contra
679 4199 954 4253 voluntate
999 4195 1347 4250 mutabilius?
1393 4194 1588 4249 Verum
1635 4203 1693 4249 ut
1740 4196 1868 4251 nihil
1919 4213 2042 4253 esse

452 4293 544 4348 Dei
591 4291 781 4345 timore
823 4287 1050 4343 validius
1094 4288 1256 4352 scias,
1301 4286 1670 4341 vehementius
1695 4289 1891 4357 aliquid
1921 4304 2042 4345 esse

450 4394 637 4441 natura
665 4382 994 4437 voluntatem
1021 4378 1313 4448 apparuit;
1343 4393 1512 4446 eaque
1541 4387 1739 4433 matres
1768 4380 1926 4445 vicit,
1977 4396 2042 4436 ac

448 4485 632 4546 partus
661 4472 903 4529 oblivisci
931 4471 1107 4540 coegit
1135 4487 1149 4524 :
1185 4468 1326 4523 hunc
1354 4483 1482 4522 vero
1510 4479 1751 4524 sanctum
1783 4474 2038 4542 supplam

446 4578 562 4622 tare
587 4581 691 4620 non
722 4563 912 4635 potuit,
935 4577 1112 4632 neque
1138 4559 1528 4631 philosophiam
1550 4561 1867 4629 supplicium
1893 4563 2036 4630 vicit,

446 4671 621 4727 neque
650 4655 1014 4710 fortitudinem
1044 4667 1202 4723 paena
1230 4651 1500 4721 superavit
1532 4670 1546 4704 :
1577 4651 1671 4706 sed
1703 4653 1891 4722 quovis
1914 4653 2041 4708 ada-

447 4759 630 4804 mante
660 4749 862 4804 ﬁrmior
891 4747 1276 4819 permanebat,
1307 4759 1472 4814 seque
1502 4745 1641 4800 bona
1672 4762 1764 4816 spe
1800 4746 2038 4801 oblecta-

443 4844 582 4903 bat;
623 4843 902 4894 materiam
947 4853 1176 4910 agonum
1231 4852 1291 4891 se
1337 4846 1550 4890 nactum
1595 4837 1953 4906 gloriabatur,
1985 4849 2040 4893 et

438 4952 502 4990 ex
543 4932 892 4988 certaminum
923 4932 1098 4985 oblata
1143 4929 1426 4985 occasione
1464 4930 1870 4994 consolabatur,
1903 4947 2040 5000 pra:-

440 5026 634 5083 sertim
680 5022 917 5094 quotidie
960 5023 1180 5076 Paulum
1210 5021 1476 5075 dicentem
1503 5021 1726 5075 audiens
1755 5039 1766 5073 :
1800 5021 1867 5074 In
1903 5025 2048 5102 fame

436 5129 486 5174 et
517 5118 622 5186 siti,
644 5117 698 5170 in
720 5115 911 5185 frigore
933 5123 981 5166 et
1001 5114 1228 5167 nuditate
1247 5113 1324 5182 (2.
1345 5111 1464 5168 Cor.
1485 5113 1571 5167 ll.
1589 5111 1681 5182 27)
1707 5130 1720 5165 :
1749 5123 1802 5168 et
1828 5129 2032 5178 rursus,

442 5207 618 5280 Usque
643 5208 696 5261 in
725 5207 858 5259 hanc
891 5203 1069 5256 horam
1099 5212 1145 5256 et
1170 5205 1451 5269 esurimus,
1495 5212 1542 5256 et
1578 5204 1774 5258 sitimus
1793 5245 1810 5270 ,
1841 5215 1887 5258 et
1914 5207 2038 5260 nudi

443 5316 620 5355 sumus
642 5340 657 5363 ,
697 5307 744 5353 et
787 5293 1016 5364 colaphis
1045 5293 1288 5347 credimur
1311 5295 1397 5364 (l.
1421 5293 1538 5348 Cor.
1567 5296 1620 5347 Δ.
1654 5297 1709 5349 ll
1734 5295 1772 5366 ).
1807 5295 2038 5351 Noverat

446 5390 672 5460 quippe,
711 5395 931 5443 noverat
967 5385 1135 5455 probe
1172 5384 1336 5451 illud,
1369 5383 1490 5439 Non
1527 5387 1580 5439 in
1619 5388 1728 5440 solo
1755 5405 1885 5457 pane
1913 5390 2037 5444 vivet

445 5484 632 5546 homo,
674 5479 762 5532 sed
803 5480 858 5532 in
902 5477 1041 5530 omni
1080 5475 1228 5530 verba
1257 5477 1396 5543 quod
1442 5479 1664 5546 procedit
1710 5479 1773 5532 de
1811 5463 1897 5534 ore
1938 5479 2038 5535 Dei

441 5567 667 5624 (Matth.
695 5571 748 5622 4.
773 5569 848 5637 4).
881 5569 951 5625 Ut
975 5578 1151 5624 autem
1190 5568 1331 5622 illum
1362 5569 1635 5636 improbus
1665 5571 1873 5626 dmmon
1904 5573 2038 5628 vidit

445 5669 596 5713 tanta
622 5659 700 5711 rei
733 5662 1044 5714 necessitate
1073 5675 1177 5712 non
1205 5660 1392 5729 frangi,
1415 5660 1712 5728 graviorem
1741 5664 2033 5718 cruciatum

445 5747 684 5807 reddidit
715 5765 726 5799 z
755 5748 953 5804 etenim
997 5751 1220 5818 sumptis
1252 5751 1555 5822 idolothytis
1577 5792 1590 5815 ,
1624 5753 1805 5822 eisque
1849 5771 2030 5812 mensa

1146 311 1204 366 S.
1245 303 1535 367 JOANNIS
1570 309 2061 367 CHRYSOSTOMI
2109 310 2429 368 ARCIIIEP.
2472 311 3024 368 CONSTANTINOP.
3647 314 3738 373 523

2162 419 2352 473 referta
2375 462 2390 486 ,
2419 429 2542 475 ante
2566 433 2911 492 conspectum
2945 440 3063 494 ejus
3089 425 3339 482 collocari
3371 443 3497 484 eam
3528 433 3746 497 curavit,

2159 520 2211 563 ut
2246 509 2472 564 facultas
2504 514 2682 566 utendi
2712 515 2874 568 anitni
2907 516 3068 569 robur
3095 517 3427 588 infringeret.
3466 517 3587 574 Non
3613 522 3747 576 enim

2157 601 2292 654 adeo
2320 603 2516 656 irretiri
2546 605 2782 660 solemus
2811 621 2932 660 cum
2964 621 3054 662 res
3081 623 3160 661 ea:
3180 650 3194 673 ,
3231 608 3428 678 quibus
3467 611 3746 679 allicimnr,

2158 710 2263 747 non
2301 704 2596 764 apparent,
2630 712 2692 751 ac
2716 713 2838 752 cum
2869 701 3038 754 oculis
3077 700 3472 766 obversantur;
3518 705 3748 774 quando-

2157 785 2368 853 quidem
2395 797 2449 840 et
2475 789 2753 842 mulierum
2779 790 3124 859 cupiditatem
3153 793 3355 849 facilius
3382 795 3508 864 quis
3526 810 3745 868 supera-

2157 879 2324 941 verit.
2355 879 2480 933 dum
2511 882 2788 936 mulierem
2836 883 3122 937 formosam
3168 901 3273 939 non
3305 885 3493 950 videt,
3527 902 3683 956 quam
3708 889 3750 940 si

2155 985 2300 1039 sa-pe
2327 973 2510 1026 oculos
2551 973 2601 1026 in
2630 990 2746 1027 eam
2794 975 3054 1029 intendat.
3087 976 3470 1032 Verumtamen
3498 977 3596 1032 has
3624 995 3747 1043 quo-

2154 1075 2258 1128 que
2286 1061 2504 1116 insidias
2543 1063 2720 1132 justus
2746 1065 2873 1119 vicit
2899 1106 2913 1130 ,
2958 1066 3207 1135 quodque
3238 1066 3610 1122 fortitudinem
3642 1070 3749 1138 ejus

2154 1152 2398 1206 diabolus
2445 1155 2793 1211 iufracturum
2843 1158 3100 1228 putabat,
3151 1158 3253 1214 hoc
3293 1175 3416 1214 eum
3476 1161 3646 1229 magis
3687 1162 3748 1214 ad

2155 1245 2446 1298 certamina
2479 1248 2847 1302 corroboravit
2875 1259 2929 1302 et
2973 1250 3223 1304 instruxit
3262 1269 3274 1304 :
3307 1269 3412 1306 non
3455 1255 3601 1307 enim
3643 1264 3750 1307 tan-

2157 1343 2266 1388 tum
2309 1335 2437 1389 nihil
2469 1337 2538 1389 ab
2582 1337 2997 1411 idolothytorum
3030 1351 3246 1411 aspectu
3297 1343 3629 1408 lzedebatur,
3661 1345 3747 1399 sed

2153 1442 2214 1478 ea
2246 1427 2412 1494 magis
2451 1428 2650 1483 idcirco
2680 1430 3066 1486 adversabatur
3108 1444 3161 1487 et
3202 1434 3412 1488 oderat.
3466 1435 3531 1489 Et
3567 1451 3747 1506 quent-

2154 1517 2441 1571 admodum
2463 1535 2586 1589 erga
2617 1522 2858 1577 inimicos
2879 1524 3160 1588 aflicimur.
3183 1541 3318 1596 quos
3339 1529 3467 1597 quia
3493 1529 3745 1596 videmus,

2155 1617 2302 1661 tanto
2346 1625 2441 1663 eos
2486 1611 2611 1664 odio
2657 1613 2844 1682 majori
2894 1617 3268 1685 prosequimur
3294 1628 3348 1672 et
3387 1634 3745 1674 aversantur:

2153 1703 2228 1753 sic
2259 1711 2313 1756 et
2341 1703 2429 1756 ille
2459 1713 2583 1757 tunc
2609 1721 2732 1774 erga
2777 1709 3040 1776 impuram
3072 1711 3215 1764 illam
3250 1711 3526 1766 victimam
3559 1713 3748 1767 allicie-

2154 1795 2346 1858 batur;
2395 1811 2461 1851 co
2511 1799 2680 1867 magis
2723 1799 3091 1856 detestabatur
3135 1818 3197 1856 ac
3237 1802 3572 1874 refugiebat,
3615 1807 3746 1875 quod

2151 1885 2403 1948 videbat,
2454 1897 2507 1940 et
2558 1889 2924 1957 appositorunt
2977 1891 3219 1947 ciborum
3277 1905 3533 1963 aspectus
3583 1897 3746 1965 majus

2151 1977 2330 2030 odium
2361 1978 2412 2030 in
2455 1994 2522 2033 eo
2552 1990 2710 2048 atque
2751 1983 3142 2038 aversationem
3175 1987 3445 2042 excitabat
3480 1989 3747 2059 :dumque

2152 2069 2295 2123 intus
2321 2088 2510 2142 magna
2543 2073 2693 2127 illum
2725 2089 2857 2129 voce
2881 2075 3191 2130 sollicitaret
3218 2077 3408 2145 fames,
3434 2089 3491 2134 et
3512 2083 3743 2150 apposita

2150 2162 2432 2232 degustare
2465 2164 2710 2234 juberet,
2744 2175 2856 2221 tum
2887 2168 2976 2222 Dei
3020 2169 3179 2222 timor
3206 2171 3327 2238 ejus
3356 2188 3554 2227 manus
3578 2176 3742 2244 repri-

2151 2255 2350 2320 mebat,
2380 2267 2435 2310 ct
2464 2267 2520 2312 ut
2551 2259 2716 2328 ipsius
2747 2270 2952 2315 natura:
2975 2261 3413 2330 oblivisceretur,
3445 2265 3738 2332 efficiebat;

2149 2345 2382 2416 dumque
2421 2349 2678 2416 pollutam
2710 2362 2765 2406 et
2805 2354 3185 2409 exsecrandam
3219 2372 3464 2412 mensam
3514 2360 3742 2415 intuere-

2150 2448 2270 2504 tur,
2299 2440 2519 2496 alterius
2547 2459 2746 2498 ntensa:
2777 2446 3068 2500 tremenda:
3097 2463 3160 2502 ac
3189 2449 3391 2518 Spiritu
3424 2451 3646 2521 repleta:
3671 2452 3740 2523 (a)

2149 2533 2570 2602 recordabatur,
2625 2537 2865 2607 adeoque
2913 2539 3381 2606 inﬂammabatur,
3440 2554 3500 2597 ut
3549 2545 3743 2612 qumvis

2147 2625 2414 2680 sustinere
2439 2641 2500 2680 ac
2523 2627 2630 2696 pati
2658 2637 2918 2684 statueret
2947 2631 3142 2700 potius.
3166 2647 3326 2702 quam
3359 2633 3604 2704 impuros
3628 2635 3739 2688 illos

2148 2716 2296 2772 cibos
2321 2716 2626 2787 degustare.
2663 2719 3064 2775 Recordabatur
3090 2732 3145 2777 et
3177 2723 3320 2777 illius
3351 2725 3516 2779 trium
3557 2741 3742 2795 puero-

2149 2824 2266 2862 rum
2297 2824 2496 2864 mensae
2521 2807 2685 2879 (Dan.
2714 2812 2765 2865 1.
2792 2811 2888 2882 8),
2920 2813 3011 2882 qui
3041 2813 3268 2882 juvenes
3296 2817 3465 2884 capti,
3497 2817 3740 2886 omnique

2149 2901 2445 2970 patrocinio
2464 2902 2729 2968 destituti,
2753 2904 2808 2958 in
2835 2914 2974 2960 terra
3002 2907 3171 2960 aliena
3193 2922 3257 2961 ac
3278 2908 3511 2963 barbara
3533 2910 3740 2980 regione

2148 3001 2349 3046 tardam
2391 2993 2781 3064 philosophiam
2811 2997 3197 3063 ostenderunt,
3230 3007 3284 3052 ut
3311 2999 3376 3052 ad
3409 2999 3557 3056 hunc
3583 3015 3740 3069 usque

2149 3086 2292 3140 diem
2323 3088 2558 3156 ipsorum
2586 3088 2843 3143 fortitudo
2870 3090 3196 3146 celebretur.
3229 3093 3304 3146 Ac
3329 3093 3504 3149 Judaei
3533 3094 3738 3165 quidem

2147 3177 2275 3232 dum
2306 3194 2456 3233 snam
2480 3181 2641 3235 etiam
2667 3183 2943 3252 regionem
2968 3184 3290 3253 obtinerent,
3320 3187 3468 3256 impii
3500 3189 3552 3243 in
3581 3189 3736 3244 Deum

2147 3269 2396 3337 fuerunt,
2425 3280 2479 3326 et
2507 3275 2632 3326 dum
2666 3274 2718 3327 in
2751 3275 2950 3343 templo
2976 3286 3360 3345 versarentur,
3394 3279 3539 3334 idola
3568 3281 3739 3335 colue-

2147 3371 2272 3416 runt
2301 3379 2314 3414 :
2343 3371 2398 3415 at
2425 3363 2499 3416 illi
2525 3362 2750 3432 juvenes
2790 3365 2840 3418 in
2869 3365 3199 3422 barbaricam
3233 3380 3429 3425 terram
3481 3371 3736 3437 translati,

2149 3453 2236 3507 ubi
2267 3453 2403 3507 idola
2446 3455 2728 3525 omnisque
2771 3457 3056 3526 impietatis
3081 3461 3393 3516 occasiones
3431 3476 3624 3527 erant.
3653 3479 3739 3533 pa-

2151 3553 2332 3598 ternos
2379 3545 2514 3600 ritus
2553 3556 2814 3616 perpetuo
2855 3550 3208 3604 retinuerunt.
3253 3551 3307 3606 Si
3350 3569 3484 3623 ergo
3526 3555 3734 3624 captivi,

2148 3636 2320 3699 servi,
2350 3651 2412 3690 ac
2445 3636 2676 3706 juvenes
2700 3648 2826 3694 ante
2857 3640 3026 3710 legem
3055 3643 3240 3712 gratiae
3271 3653 3474 3698 tantam
3505 3647 3736 3715 philoso-

2148 3728 2326 3796 phiam
2355 3744 2464 3798 pra:
2491 3744 2550 3784 se
2577 3729 2831 3796 tulerunt,
2863 3733 3064 3802 inquit,
3095 3750 3194 3802 qua
3227 3735 3438 3790 tandem
3471 3753 3570 3791 nos
3592 3737 3734 3791 venia

2147 3818 2294 3888 digni
2325 3821 2562 3887 erimus,
2613 3821 2658 3874 si
2690 3837 2757 3876 ne
2802 3821 2869 3876 ad
2915 3824 3156 3878 eamdem
3201 3826 3416 3896 quidem
3463 3838 3623 3898 atque
3667 3827 3735 3883 illi

2148 3910 2399 3964 virtutem
2431 3913 2715 3981 pervenire
2743 3913 3058 3970 valeamus?

2219 4004 2273 4058 ὃ.
2328 4004 2454 4059 Hazc
2495 4006 2672 4075 itaque
2709 4019 2899 4061 ‘secum
2944 4019 3196 4078 reputans
3238 4011 3433 4067 diaboli
3485 4012 3731 4068 malitiam

2148 4093 2419 4159 irridebat,
2450 4096 2796 4153 calliditatem
2830 4102 3237 4167 contemnebat;
3270 4119 3442 4173 neque
3479 4106 3544 4159 ad
3585 4104 3732 4175 quid-

2146 4203 2305 4257 quam
2334 4204 2554 4255 eorum,
2596 4205 2716 4261 quae
2761 4204 3040 4257 cerneret,
3084 4193 3413 4250 flectebatur.
3450 4196 3728 4268 Postquam

2147 4288 2324 4332 autem
2353 4293 2411 4334 se
2438 4279 2568 4333 nihil
2601 4280 2861 4349 proficere
2889 4283 3182 4338 sceleratus
3212 4287 3299 4340 ille
3326 4287 3484 4352 vidit,
3534 4290 3598 4342 ad
3639 4287 3722 4340 tri-

2150 4367 2311 4423 bona]
2341 4384 2462 4424 eum
2492 4385 2676 4426 rursus
2705 4372 2951 4438 deducit,
2981 4384 3035 4429 et
3065 4377 3344 4431 tonneutis
3372 4378 3601 4435 admotis
3625 4378 3727 4432 fre-

2146 4470 2374 4528 quenter
2420 4463 2785 4533 interrogabat
2826 4481 2840 4519 :
2875 4466 2964 4521 ille
3013 4483 3143 4522 vero
3194 4470 3260 4523 ad
3311 4485 3728 4542 unamquamque

2147 4553 2620 4624 interrogationem
2683 4569 2884 4613 tantum
2957 4561 3354 4631 respondebat,
3406 4564 3726 4621 Christianus

2147 4659 2299 4711 sum,
2348 4662 2413 4702 ac
2453 4647 2661 4704 dicente
2706 4660 2928 4716 tortore,
2970 4653 3208 4721 Quanam
3253 4671 3318 4709 ex
3364 4658 3533 4726 patria
3585 4667 3727 4711 ortus

2146 4739 2242 4792 es?
2286 4739 2624 4796 Christianus
2672 4760 2825 4810 sum,
2874 4747 2985 4811 ait;
3015 4746 3183 4814 Quatn
3229 4760 3397 4805 artem
3429 4749 3726 4821 proﬁteris?

2146 4828 2483 4887 Christianus
2526 4849 2680 4899 sum;
2712 4837 2916 4904 Quibus
2957 4841 3265 4908 parentibus
3309 4851 3465 4898 natus
3507 4842 3604 4900 es?
3645 4840 3726 4894 ille

2147 4934 2274 4974 vero
2298 4921 2364 4975 ad
2393 4924 2569 4976 omnia
2599 4925 2826 4991 dicebat,
2853 4926 3184 4984 Christianus
3214 4945 3331 4984 sum
3363 4950 3374 4984 :
3411 4934 3510 4985 hoc
3535 4948 3634 4985 uno
3667 4943 3723 4982 ac

2147 5011 2374 5080 simplici
2405 5013 2568 5067 verbo
2597 5014 2796 5069 diaboli
2829 5027 2991 5087 caput
3020 5022 3354 5088 percutiens,
3380 5033 3432 5076 et
3458 5024 3530 5077 illi
3558 5021 3723 5076 conti-

2151 5117 2255 5155 nua
2285 5102 2491 5171 sibique
2510 5105 2850 5160 succedentia
2878 5109 3094 5163 vulnera
3123 5109 3386 5181 infligens.
3403 5117 3718 5182 Quamquam

2145 5193 2235 5248 ille
2280 5196 2494 5264 quidem
2545 5200 2782 5254 externis
2829 5200 3063 5257 imbutus
3106 5202 3278 5258 fuerat
3320 5205 3626 5276 disciplinis,
3673 5211 3720 5256 at

2152 5285 2316 5356 probe
2357 5300 2578 5344 noverat
2630 5291 2682 5344 in
2727 5292 2988 5359 ejusmodi
3035 5297 3417 5354 certaminibus
3465 5317 3568 5354 non
3611 5313 3720 5353 esse

2151 5392 2286 5446 opus
2313 5379 2633 5450 eloquentia,
2661 5382 2754 5438 sed
2786 5384 2918 5452 fide;
2956 5402 3062 5441 non
3090 5387 3299 5444 dicendi
3334 5390 3574 5445 facultate
3593 5431 3606 5452 ,
3635 5387 3718 5440 scd

2144 5471 2318 5525 anima
2345 5473 2435 5527 Dei
2463 5489 2647 5530 amore
2678 5493 2952 5532 succensa.
2985 5480 3177 5536 Unum.
3208 5483 3397 5552 inquit,
3428 5485 3638 5539 verbum
3659 5480 3716 5534 ad

2143 5577 2358 5617 omnem
2386 5565 2581 5620 diaboli
2613 5577 2838 5623 turmam
2867 5572 2919 5624 in
2964 5570 3138 5640 fugam
3171 5575 3476 5629 vertendam
3519 5572 3714 5630 sufficit.

2146 5656 2224 5710 Ac
2254 5657 2463 5712 videtur
2487 5660 2701 5730 quidem
2735 5663 2819 5728 iis,
2851 5665 2940 5733 qui
2975 5682 3086 5720 rem
3115 5680 3363 5724 accurate
3392 5685 3500 5725 non
3527 5664 3709 5725 emini-

2212 5769 2284 5832 (a)
2318 5780 2507 5822 Sacrum
2527 5774 2831 5838 intelligebat
2855 5778 3024 5827 altare.
