4032 6454
436 5888 461 5909 ἢ

468 446 574 501 893

460 561 494 616 6
520 561 588 632 δὴ
613 562 709 615 καὶ⁸
731 561 824 615 ἐπὶ
856 560 1047 615 τούτου
1105 561 1415 629 γεγένηται.
1463 561 1623 613 Ἀλλά
1652 561 1762 631 γὰρ
1797 560 1903 631 πρὸ
1935 558 2036 625 τῆς

464 646 678 716 σφαγῆς
718 646 1015 713 ἀναγκαῖον
1061 645 1237 696 εἰπεῖν
1280 645 1374 695 106
1408 643 1654 697 διαϐόλου
1680 644 1781 714 τὴν
1812 657 2041 711 πανουρ-

462 729 613 794 γίαν.
666 726 898 781 Συνιδὼν
931 727 1038 798 γάρ
1080 727 1290 789 ἐκεῖνος
1325 726 1407 778 ὅτι
1440 726 1622 795 πάσης
1651 725 1919 796 τιμωρίας
1948 722 2043 776 καὶ

465 809 745 873 κολάσεως
768 811 940 874 εἴδους
971 809 1300 877 κατεγέλασε
1331 819 1372 873 ⁸,
1392 810 1488 864 καὶ
1515 809 1640 863 οὔτε
1690 811 1920 880 κάμινον
1946 808 2043 859 ἀν-

467 892 635 959 άψας,
662 892 786 947 οὔτε
810 892 1078 966 βάραθρον
1098 891 1317 965 ὀρύξας,
1334 891 1457 946 οὔτε
1480 893 1670 965 τροχὸν
1695 891 2041 962 εὐτρεπίσας,

464 986 592 1030 οῡτε
620 979 700 1040 εἰς
726 976 883 1044 ξύλον
922 977 1235 1045 ἀναγαγὼν,
1270 976 1394 1030 οὔτε
1421 978 1501 1040 εἰς
1533 976 1812 1048 κρημνοὺς
1844 973 2005 1045 ῥίψας
2024 1014 2039 1039 ,

462 1058 590 1112 οὔτε
606 1061 687 1122 εἰς
704 1059 908 1130 Θηρίων
924 1059 1140 1123 ὀδόντας
1160 1058 1415 1128 ἐμϐαλὼν
1442 1060 1630 1129 ἴσχυσε
1659 1055 2045 1128 περιγενέσθαι

462 1143 567 1211 τῆς
602 1142 697 1194 τοῦ
738 1141 894 1209 ἁγίου
922 1141 1258 1211 φιλοσοφίας,
1289 1140 1476 1213 ἓτερον
1515 1141 1775 1212 ἐπενόησε
1796 1138 2045 1211 χαλεπῶς

463 1241 624 1296 τερον
657 1225 856 1295 τρόπον
876 1264 892 1288 ,
935 1226 1028 1279 καὶ
1057 1226 1273 1296 περιῄει
1316 1224 1496 1294 ζητῶν
1522 1224 1793 1296 τιμωρίαν
1835 1224 2042 1293 εὑρεῖν,

465 1307 610 1361 ὥστε
638 1307 736 1379 τὴν
764 1309 934 1380 αὐτὴν
967 1308 1103 1380 ὀμοῦ
1133 1311 1226 1363 καί
1270 1309 1605 1381 δριμυτάτην
1648 1308 1902 1378 γενέσθαι
1952 1307 2046 1360 καὶ

471 1392 844 1462 μακροτάτην.
886 1392 1102 1463 Ἐπειδὴ
1136 1392 1246 1463 γὰρ
1274 1380 1382 1446 τῶν
1415 1380 1691 1446 κολάσεων
1715 1393 1772 1446 αί
1798 1392 1894 1462 μὲν
1914 1391 2048 1459 ἀφό-

466 1491 624 1545 ρητοι
676 1475 940 1547 ταχίστην
991 1475 1294 1547 παρέχουσι
1331 1475 1430 1546 τὴν
1480 1474 1832 1546 ἀπαλλαγὴν,
1889 1475 1947 1529 αἱ
1989 1474 2048 1527 δὲ

469 1557 900 1628 ἐπιμηκέστεραι
930 1558 1323 1629 ὑποτέμνονται
1347 1560 1446 1629 τὴν
1467 1558 1659 1629 ὀδύνην
1676 1597 1692 1622 ,
1717 1556 2047 1610 ἐσπούδασεν

469 1639 651 1708 εὑρεῖν
681 1638 905 1693 κόλασιν
946 1639 1082 1710 ὀμοῦ
1119 1658 1179 1694 τε
1229 1640 1298 1694 τὰ
1331 1641 1619 1713 ἀμφότερα
1657 1639 1884 1710 ἔχουσαν
1904 1677 1920 1702 ,
1952 1638 2048 1691 καὶ

472 1723 650 1793 μῆκος
687 1724 783 1776 καὶ
810 1723 1113 1796 ὑπερϐολὴν
1152 1724 1345 1794 ὀδύνης
1384 1726 1702 1795 ἀνήκεστον,
1738 1724 1825 1776 ἴνα
1854 1722 1950 1776 καὶ
1978 1724 2044 1793 τῇ

469 1806 793 1876 σφοδρότητι
833 1808 928 1860 καὶ
972 1807 1050 1878 τῷ
1089 1807 1281 1878 πλήθει
1334 1805 1429 1861 106
1471 1807 1663 1878 χρόνου
1709 1805 1771 1859 16
1818 1803 2049 1877 στερρὸν

469 1889 750 1961 καταϐάλῃ
774 1892 875 1961 τῆς
895 1890 1060 1944 αὑτοῦ
1083 1891 1340 1954 διανοίας.
1778 1954 1783 1961 ι

539 1973 653 2027 Καὶ
679 1974 732 2027 τί
762 1976 936 2039 ποιεῖς
970 1973 1131 2046 Διμῷ
1166 1976 1259 2028 τὸν
1289 1974 1444 2044 ἀγιον
1472 1971 1805 2044 παραδίδωσι
1829 1969 2043 2024 τοῦτον·

472 2054 539 2107 σὺ
564 2055 623 2108 δέ
654 2055 815 2126 λιμὸν
849 2055 1087 2122 ἀκούσας
1133 2058 1208 2129 μὴ
1252 2056 1530 2131 παρέλθῃς
1560 2055 1747 2119 ἁπλῶς
1792 2055 1854 2108 τὸ
1891 2055 2045 2121 λεγό-

476 2155 666 2208 μενον·
719 2139 971 2193 ἁπάντων
1014 2140 1124 2211 γὰρ
1171 2141 1416 2195 θανάτων
1457 2134 1613 2203 οὗτός
1650 2141 1766 2193 ἐστι
1802 2138 2049 2210 χαλεπώ-

466 2239 648 2285 τατος.
681 2224 792 2277 Καὶ
840 2224 1117 2296 μάρτυρες
1148 2226 1196 2278 οἰ
1243 2227 1440 2296 πεῖραν
1470 2223 1752 2296 εἰληφότες
1771 2238 1786 2252 ·
1834 2222 1908 2293 μὴ
1939 2221 2049 2293 γὰρ

466 2305 533 2377 δὴ
565 2307 723 2376 ἡμεῖς
760 2309 956 2379 πεῖραν
984 2306 1245 2379 λάϐοιμεν
1283 2325 1301 2340 ⁸
1327 2306 1510 2372 καλῶς
1557 2307 1668 2378 γὰρ
1691 2305 2049 2376 ἐδιδάχθημεν

467 2386 747 2459 εὔχεσθαι,
772 2389 846 2460 μὴ
870 2391 1130 2445 εἰσελθεῖν
1150 2393 1177 2432 b
1203 2394 1283 2456 είς
1311 2393 1636 2463 πειρασμόν.
1660 2389 1926 2461 Καθάπερ
1942 2390 2049 2458 γὰρ

466 2471 665 2542 δήμιός
688 2488 772 2535 τις
800 2474 914 2535 τοῖς
950 2474 1277 2544 σπλάγχνοις
1310 2474 1458 2529 ἔνδον
1492 2475 1797 2546 καθήμενος
1834 2472 2048 2526 ἅπαντα

468 2554 786 2620 καταξαίνει
817 2557 887 2609 τά
924 2556 1085 2628 μέλη,
1134 2558 1306 2628 πυρὸς
1352 2558 1552 2621 παντὸς
1581 2557 1675 2611 καί¹
1704 2556 1892 2627 θηρίου
1923 2572 2050 2623 σφο-

469 2637 725 2709 δρότερον
789 2638 1089 2693 κατεσθίων
1153 2641 1418 2695 πάντοθεν
1472 2640 1535 2694 16
1580 2640 1737 2711 σῶμα
1758 2680 1773 2703 ,
1827 2638 2047 2709 διηνεκῆ

470 2736 593 2773 τινα
623 2719 717 2773 καὶ
763 2721 1001 2792 ἄρρητον
1047 2725 1304 2794 παρέχων
1351 2723 1566 2795 ὀδύνην.
1600 2724 1713 2775 Καὶ
1743 2723 1829 2775 ἵνα
1874 2721 2050 2794 μάθῃς

471 2802 595 2855 ὅσον
633 2804 750 2856 ἐστὶ
795 2803 952 2873 λιμὸς
969 2844 984 2866 ,
1036 2805 1130 2857 καὶ
1164 2804 1371 2859 τέκνων
1404 2805 1777 2872 ἀπεγεύσαντο
1817 2804 2050 2876 μητέρες

472 2885 754 2950 πολλάκις,
784 2886 882 2958 τὴν
909 2885 1002 2939 106
1037 2886 1208 2940 κακοῦ
1235 2888 1423 2942 τούτου
1443 2888 1564 2959 βίαν
1587 2888 1687 2941 οὑκ
1706 2887 2045 2954 ἐνεγκοῦσαι·

472 2968 571 3022 καὶ
607 2970 812 3039 ταύτην
866 2969 965 3040 τὴν
1011 2970 1296 3041 συμφορὰν
1338 2970 1630 3042 τραγῳδῶν
1683 2972 1712 3024 6
1768 2971 2051 3041 προφήτης

472 3052 662 3121 ἐλεγέ·
707 3052 910 3120 Χεῖρες
947 3053 1250 3122 γυναικῶν
1286 3055 1674 3123 οὶκτιρμόνων
1694 3052 1953 3122 ἥψησάν
1978 3052 2052 3105 τὰ

472 3134 659 3189 τέκνα
701 3134 919 3191 αὐτῶν.
959 3134 1066 3198 Οὓς
1106 3136 1291 3190 ἔτεκον
1334 3138 1568 3208 μητέρες
1611 3135 1926 3207 κατήσθιον,
1957 3140 2051 3188 καὶ

474 3215 586 3273 τῶν
614 3218 980 3288 γεννηθέντων
1021 3219 1248 3274 παιδίων
1276 3223 1310 3291 ἡ
1338 3221 1572 3274 τεκοῦσα
1598 3220 1810 3291 γαστὴρ
1837 3219 2053 3287 ἐγένετο

474 3299 674 3369 τάφος,
703 3302 798 3354 καὶ
824 3300 1040 3369 φύσεως
1069 3301 1372 3373 ἐκράτησεν
1402 3305 1431 3357 6
1457 3302 1642 3373 λιμός·
1677 3301 1874 3372 μᾶλλον
1900 3301 1957 3354 δὲ
1991 3301 2051 3353 οὑ

475 3381 692 3452 φύσεως
731 3382 924 3453 μόνον,
948 3382 1085 3437 ἀλλά
1127 3386 1224 3438 καὶ
1272 3388 1373 3457 τῆς
1421 3385 1819 3456 προαιρέσεως·
1855 3383 1956 3452 τῆς
1999 3382 2056 3435 δέ

476 3465 572 3519 τοῦ
601 3464 759 3532 ἁγίου
780 3464 970 3518 τούτου
990 3466 1365 3535 γενναιότητος
1388 3468 1489 3520 οὑκ
1517 3466 1809 3537 ἐκράτησε.
1841 3466 1936 3527 Τίς
1956 3465 2056 3517 οὑκ

477 3550 545 3604 ἂν
572 3549 870 3620 ἐκπλαγείη
901 3550 1073 3604 ταῦτα
1103 3551 1375 3617 ἀκούσας;
1406 3551 1601 3606 Καίτοι
1630 3549 1684 3603 τί
1718 3548 1935 3620 φύσεως
1966 3548 2058 3601 δυ-

478 3632 815 3702 νατώτερον;
839 3632 970 3685 τίδὲ
992 3634 1363 3705 προαιρέσεως
1383 3631 1882 3706 ὀξυῤῥεπέστερονς
1919 3631 2056 3684 Ἀλλ’

482 3716 572 3768 ἵνα
610 3714 817 3786 μάθῃς,
864 3716 949 3769 ὅτι
979 3715 1075 3769 τοῦ
1111 3717 1275 3785 φόϐου
1314 3715 1410 3770 τοῦ
1453 3715 1589 3770 Θεοῦ
1635 3715 1786 3770 οὐδὲν
1843 3714 2059 3786 ἰσχυρό-

477 3816 637 3868 τερον
655 3841 670 3864 ,
704 3799 1022 3871 προαίρεσις
1053 3798 1205 3873 [527]
1232 3799 1445 3870 φύσεως
1464 3799 1819 3869 ἐὺτονωτέρα
1849 3800 2020 3869 ἐφάνη
2043 3840 2058 3862 ,

485 3884 581 3936 καὶ
631 3883 873 3955 μητέρας
920 3884 1017 3955 μέν
1068 3883 1297 3954 ἤλεγξε,
1338 3885 1432 3937 καὶ
1475 3884 1681 3938 ὠδίνων
1712 3883 2062 3937 ἐπιλαθέσθαι

483 3966 739 4038 ἐποίησε.
773 3968 866 4020 τὸν
896 3967 954 4021 δέ
982 3969 1136 4035 ἀγιον
1172 3967 1360 4022 τοῦτον
1405 3966 1758 4021 ὑποσκελίσαι
1785 3966 1885 4019 οὑκ
1910 3967 2062 4037 ἴσχυε

486 4066 602 4113 σεν,
650 4049 770 4103 οὑδέ
824 4051 1171 4122 περιεγένετο
1223 4051 1325 4122 τῆς
1374 4049 1693 4120 φιλοσοφίας
1726 4050 1760 4120 η
1806 4048 2063 4116 κόλασις,

485 4131 610 4185 οὑδὲ
632 4132 732 4203 τῆς
758 4132 1010 4207 ἀνδρείας
1036 4133 1341 4203 ἐκράτησεν
1369 4136 1402 4204 ἡ
1424 4132 1664 4204 τιμωρία
1682 4148 1698 4161 ·
1730 4130 1845 4184 ἀλλ’
1874 4132 2067 4201 ἔμενεν

486 4213 792 4283 ἀδάμαντος
827 4213 1030 4278 παντὸς
1068 4212 1412 4286 ἰσχυρότερος
1432 4255 1447 4277 ,
1477 4215 1599 4273 ταῖς
1626 4210 1858 4280 ἀγαθαῖς
1881 4214 2067 4283 ἐντρυο

486 4294 608 4364 φῶν
639 4295 854 4360 ἐλπίσι,
902 4296 994 4349 καὶ
1020 4299 1084 4367 τῇ
1118 4295 1227 4349 τῶν
1256 4296 1481 4365 ἀγώνων
1526 4294 2069 4365 ἐγκαλλωπιζόμενος

486 4373 773 4438 ὑποθέσει,
812 4374 1003 4447 ἱκανὴν
1043 4373 1399 4446 παραμυθίαν
1440 4373 1577 4445 ἔχων
1609 4373 1716 4428 τῶν
1749 4374 1926 4428 ἄθλων
1969 4372 2067 4443 τὴν

485 4455 741 4527 ἀφορμὴν
759 4498 774 4520 ,
816 4456 1050 4527 μάλιστα
1075 4457 1196 4511 καθ’
1232 4458 1468 4527 ἑκάστην
1497 4457 1709 4512 ἀκούων
1741 4457 1953 4511 Παύλου
1982 4457 2070 4509 λέ·-

486 4554 697 4607 γοντος·
731 4538 988 4607 Ἐνλιμῷ
1007 4539 1102 4593 καὶ
1120 4539 1293 4609 δίψῃ,
1314 4540 1579 4608 ἐνψὺχει
1595 4541 1693 4594 καί
1714 4541 2065 4610 γυμνότητι·

488 4620 585 4673 καὶ
622 4620 784 4674 πάλιν
803 4663 816 4683 ,
862 4622 1035 4691 Ἀχρι
1084 4620 1192 4688 τῆς
1223 4623 1353 4690 ἄρτι
1394 4621 1551 4691 ὥρας
1594 4623 1692 4676 καὶ
1741 4623 2067 4692 πεινῶμεν,

489 4699 589 4752 καί
638 4698 934 4768 διψῶμεν,
981 4700 1082 4754 καί
1110 4703 1594 4771 γυμνητεύομεν,
1624 4702 1722 4756 καί
1755 4699 2070 4770 κολαφιζό-

488 4783 658 4853 μεθα’
689 4782 805 4853 ᾔδει
828 4783 959 4854 γάρ,
986 4782 1102 4855 ᾔδει
1130 4784 1338 4852 σαφῶς,
1365 4784 1447 4837 ὅτι
1467 4786 1590 4838 Οὐκ
1614 4784 1705 4837 ἐπ’
1738 4783 1892 4852 ἄρτῳ
1906 4786 2073 4853 μόνῳ

491 4862 737 4934 ζήσεται
757 4864 1070 4934 ἄνθρωπος
1088 4907 1104 4932 ,
1143 4866 1283 4920 ἀλλ’
1311 4866 1381 4918 ἐν
1407 4866 1585 4920 παντὶ
1605 4865 1827 4935 ῥήματι
1845 4879 1867 4906 c
1894 4867 2073 4921 ἐκπο-

488 4951 795 5021 ρευομένῳ
815 4953 915 5008 διὰ
935 4954 1232 5023 στόματος
1263 4954 1433 5009 Θεοῦ.
1476 4955 1565 5018 Ὠς
1591 4955 1648 5008 δέ
1668 4952 1805 5008 εἶδεν
1826 4958 1854 5009 6
1879 4956 2074 5027 μιαρὸς

493 5037 702 5108 δαίμων
748 5041 851 5095 οὑκ
894 5041 1166 5097 ἐνδιδόντα
1209 5045 1276 5114 τῇ
1330 5042 1564 5118 τοσαύτῃ
1608 5044 1703 5097 106
1752 5044 2073 5116 πράγματος

496 5125 707 5199 ἀνάγκη
727 5169 742 5190 ,
789 5128 870 5183 ἐτι
912 5129 1298 5202 χαλεπωτέραν
1343 5131 1515 5185 ἐποίει
1543 5132 1642 5202 τὴν
1678 5131 1928 5202 βάσανον.
1966 5134 2074 5186 Καὶ⁵

498 5213 608 5284 γὰρ
635 5215 960 5270 εἰδωλόθυτα
1004 5216 1215 5283 λαϐὼν,
1275 5219 1371 5272 καὶ
1417 5218 1518 5290 τὴν
1551 5218 1827 5290 τράπεζαν
1872 5221 2074 5275 τούτων

564 5400 591 5428 ⁸
618 5391 793 5458 Ποῖθί.
815 5398 869 5441 et
891 5393 1040 5458 Savirl.
1072 5394 1120 5442 in
1147 5407 1299 5458 marg.
1324 5394 1397 5442 ὅτι
1416 5394 1572 5453 πάσης
1584 5394 1810 5458 τιμωρίας
1827 5396 1909 5458 καὶ
1929 5396 2075 5458 κολά-

564 5410 591 5428 -
619 5410 793 5442 nol-eu.
815 5410 869 5441 ει
891 5410 1040 5442 mm».
1072 5410 1120 5442 ιη
1147 5410 1299 5468 marg.
1324 5410 1397 5467 οτι
1416 5410 1572 5453 πάσης
1584 5410 1810 5503 τίμωριας
1827 5411 1909 5443 και
1929 5410 2074 5444 κολα-

503 5471 624 5508 σεως
650 5455 802 5510 εῑδους
823 5457 1133 5515 κατεγέλασε.
1160 5456 1311 5505 Savll.
1348 5469 1400 5504 In
1425 5462 1585 5510 textu.
1657 5468 1735 5515 eg.
1766 5461 1818 5504 et
1843 5455 1977 5506 Colb.
2003 5458 2074 5505 ὅτι

501 5523 635 5589 ξᾶςα
674 5515 878 5589 τιμωρία
918 5517 999 5564 καὶ
1022 5517 1432 5589 ἱκσλάρεωςεῖδος
1458 5515 1767 5589 κατηγγέλθη.
1792 5515 1921 5589 Ιηίη
1948 5517 2072 5581 Reg.

502 5578 636 5630 Colb.
660 5576 1067 5648 θιΙΒῴΙίΙπροχὸτι
1078 5576 1637 5685 δείξας..Μοτρ1;τροχὸν
1660 5577 1950 5649 εὐτρεπίσας.

563 5638 594 5679 δ
615 5638 830 5685 3av1l.1n
852 5650 1184 5685 mammam
1202 5655 1289 5685 του
1312 5655 1467 5685 κακου
1489 5639 1551 5685 λά
1583 5653 1731 5685 οιιιεν.
1766 5637 1889 5685 Ibid.
1922 5640 1950 5685 S

563 5638 594 5679 δ
615 5637 766 5689 Savil.
781 5636 1184 5701 iq_mai‘§fne‘ip¢v
1202 5636 1289 5701 106
1312 5636 1467 5686 κακοῦ
1489 5636 1889 5701 λάξοιμεν.Ὶδὶ(1.
1922 5640 2073 5688 Savil.

508 5700 555 5746 in
576 5711 728 5760 marg.
742 5705 797 5747 et
815 5697 986 5746 Mox-eli
1008 5697 1222 5748 nostram
1250 5700 1512 5748 lectionem
1524 5697 1912 5760 aﬂ'efunt.quam
1934 5713 2077 5750 secn-

509 5766 586 5835 l_us
606 5759 974 5835 est'in'lerpresi
990 5761 1039 5808 in
1061 5767 1203 5835 text‘u
1222 5766 1387 5835 διμερῆ
1408 5760 1594 5835 ᾖεῖη,
1606 5759 1736 5835 βας.
1757 5759 1811 5811 ει
1827 5760 1962 5812 Colb.
1993 5763 2077 5811 λά-

570 5821 1286 5944 Ψεῗῖνῗῖῗξῗῗιῗδὲῗύἒῖἔῗὲιλῖί
1307 5822 1547 5930 ἕξιῗῖᾙί
1560 5827 1748 5943 ρῗιῗξιιτι.

1587 429 1653 484 IN
1682 428 1738 482 S.
1768 428 2118 485 LUCIANUM
2148 369 2554 484 λίΛῐῖΤΥίὶΕΜ.

3548 424 3737 493 ἐπ

2146 556 2464 628 ἐμπλήσας,
2508 560 2614 632 πρὸ
2658 558 2766 610 τῶν
2810 555 3104 627 ὀφθαλμῶν
3157 553 3323 609 αὑτοῦ
3348 551 3567 622 τεθῆναι
3595 569 3738 624 παρ-

2145 647 2470 711 εσκεύασεν,
2500 649 2587 702 ἵνα
2623 648 2682 701 τὸ
2731 647 2830 716 τῆς
2870 646 3116 712 ἐξουσίας
3149 645 3364 716 ἐτοιμον
3412 641 3614 716 ἐκλύσῃ
3639 644 3740 715 τῆς

2146 737 2459 809 προθυμίας
2491 740 2591 807 τὴν
2630 738 2898 792 εὐτονίαν.
2943 737 3018 790 Οὑ
3056 738 3166 807 γὰρ
3197 734 3369 798 οὕτως
3399 733 3740 805 ἀλισκόμεθα

2152 829 2227 899 μὴ
2282 829 2628 898 φαινομένων
2676 829 2784 882 τῶν
2837 826 3199 891 δελεαζὸντων
3254 825 3629 896 πραγμάτων,
3661 824 3740 889 ὡς

2150 917 2258 988 πρὸ
2280 916 2390 969 τῶν
2416 917 2711 988 ὀφθαλμῶν
2739 915 3042 987 κειμένων·
3074 916 3198 969 ἐπεὶ
3226 913 3441 986 καὶτῆς
3465 911 3741 988 γυναικῶν

2153 984 2848 1077 ἐπιθυμίαςεὺκολώτερον
2883 1008 2953 1064 ἄν
2978 1021 3058 1068 τις
3096 984 3497 1075 κρατήσειεγμὴ
3528 984 3740 1071 βλέπων

2150 1096 2386 1164 γυναῖκα
2438 1091 2714 1167 εὔμορφον
2734 1132 2749 1154 ,
2797 1092 2829 1163 ἦ
2879 1091 3118 1163 συνεχῶς
3147 1091 3228 1154 είς
3258 1089 3428 1161 αὑτὴν
3457 1087 3734 1153 ἀτενίζων.

2169 1180 2309 1235 Ἀλλ’
2354 1182 2505 1253 ὅμως
2548 1180 2645 1233 καὶ
2689 1178 2893 1250 ταύτης
2923 1179 3194 1250 ἐκράτησε
3229 1178 3328 1248 τῆς
3353 1175 3576 1247 ἐνέδρας
3606 1176 3636 1227 6
3658 1175 3738 1227 δί-

2153 1285 2310 1332 καιος
2330 1310 2346 1335 ,
2378 1270 2475 1321 καὶ
2502 1268 2640 1338 ὅπερ
2673 1266 2921 1339 ἐνόμιζεν
2957 1266 2987 1318 6
3016 1265 3261 1329 διάϐολος
3294 1262 3543 1318 ἐκλύσειν
3574 1261 3739 1316 αὑτοῦ

2151 1355 2250 1425 τὴν
2282 1354 2554 1425 ἀνδρείαν,
2576 1354 2739 1407 τοῦτο
2773 1353 3007 1423 μάλιστα
3041 1353 3204 1406 αὑτὸν
3236 1350 3425 1423 ῆλειψε
3452 1351 3589 1422 πρὸς
3614 1351 3742 1413 τοὺς

2152 1441 2402 1511 ἀγῶνας·
2436 1442 2498 1494 οὑ
2538 1442 2647 1513 γάρ
2676 1440 2836 1512 μόνον
2866 1440 3016 1493 οὑδέν
3059 1439 3258 1492 ἐπαθεν
3298 1439 3407 1492 ἀπὸ
3442 1436 3542 1507 τῆς
3565 1437 3741 1507 ὅψεως

2151 1529 2262 1584 τῶν
2304 1528 2669 1583 εἰδωλοθύτων
2688 1569 2703 1594 ,
2739 1527 2876 1582 ἀλλὰ
2920 1528 3015 1582 καὶ
3057 1527 3252 1599 μᾶλλον
3297 1525 3435 1580 αὑτά
3474 1523 3742 1594 ἀπεστρέ-

2153 1634 2285 1688 φετο
2329 1618 2424 1672 καὶ
2471 1617 2688 1690 ἐμίσει·
2743 1618 2838 1672 καὶ
2865 1617 3002 1686 ὅπερ
3037 1616 3129 1669 ἐπὶ
3153 1612 3259 1668 τῶν
3289 1612 3499 1684 ἐχθρῶν
3534 1611 3741 1681 πάσχο-

2158 1722 2278 1778 μεν,
2299 1706 2527 1777 ὃσῳπερ
2551 1704 2617 1758 ἂν
2643 1704 2839 1768 αὑτοὺς
2868 1702 3245 1774 ἐμϐλέψωμεν.
3274 1699 3510 1769 τοσούτῳ
3543 1696 3742 1769 μᾶλλον

2153 1793 2353 1857 αὑτοὺς
2412 1791 2677 1863 μισοῦμεν
2735 1793 2829 1845 καὶ
2889 1788 3382 1862 ἀποστρεφόμεθα,
3446 1786 3602 1841 10610
3647 1785 3743 1839 καὶ

2155 1886 2370 1946 ἐκεῖνος
2412 1882 2505 1936 ἐπί
2532 1882 2633 1951 τῆς
2670 1882 2872 1952 μιαρᾶς
2905 1879 3120 1948 ἐκείνης
3143 1878 3346 1949 ἔπασχε
3378 1875 3567 1939 θυσίας
3588 1874 3739 1929 τότε·

2161 1967 2363 2037 μᾶλλον
2402 1968 2511 2036 γάρ
2549 1966 2716 2037 αὐτὴν
2751 1964 2892 2037 ὀρῶν
2939 1962 3283 2016 ἐϐδελύττετο
3326 1962 3421 2016 καὶ⁵
3448 1960 3704 2031 ἀπεπήδα
3727 1997 3744 2022 ,

2156 2056 2252 2110 καὶ
2284 2058 2317 2126 ἡ
2352 2055 2582 2127 συνεχὴς
2607 2054 2728 2124 δψις
2758 2052 2956 2125 μᾶλλον
2987 2052 3151 2105 αὑτὸν
3178 2052 3259 2115 εἰς
3300 2052 3455 2121 μῖσος
3481 2049 3576 2102 καὶ
3604 2049 3746 2101 ἀπο-

2154 2142 2360 2214 τροπὴν
2388 2142 2495 2195 τῶν
2536 2141 2909 2212 προκειμένων
2952 2138 3205 2192 ἐνέϐαλλε
3225 2155 3239 2168 ·
3279 2138 3373 2191 καὶ
3407 2136 3501 2189 τοῦ
3529 2134 3693 2204 λιμοῦ
3714 2132 3745 2174 ιι

2158 2230 2305 2301 μέγα
2350 2229 2561 2283 ἔνδοθεν
2610 2227 2916 2299 ἐμϐοῶντος
2934 2268 2949 2290 ,
2994 2226 3089 2279 καί⁵
3116 2226 3225 2279 τῶν
3253 2223 3626 2296 προκειμένων
3656 2240 3745 2276 κε-

2153 2318 2396 2381 λεύοντος
2435 2315 2805 2387 ἐφάπτεσθαι,
2848 2317 2876 2383 6
2912 2313 3006 2368 106
3056 2311 3192 2367 Θεοῦ
3222 2311 3386 2381 φόϐος
3426 2311 3526 2374 τὰς
3558 2312 3746 2381 χεῖρας

2154 2406 2469 2470 ἀνέστελλε,
2497 2406 2591 2459 καί
2622 2404 2721 2475 τῆς
2753 2402 2967 2473 φύσεως
2998 2401 3165 2471 αὑτῆς
3199 2399 3558 2452 ἐπιλαθέσθαι
3605 2412 3746 2470 παρ-

2155 2492 2448 2557 εσκεύαζε·
2496 2494 2591 2546 καὶ
2643 2490 2921 2564 τράπεζαν
2972 2490 3115 2560 ὀρῶν
3170 2488 3373 2559 μιαρὰν
3419 2487 3513 2540 καί
3540 2486 3745 2555 ἐναγῆ,

2151 2576 2434 2649 τραπέζης
2468 2575 2710 2646 ἐμνήσθη
2740 2575 2934 2643 ἐτέρας
2963 2574 3065 2644 τῆς
3100 2570 3409 2643 φρικώδους
3444 2570 3537 2622 καὶ
3574 2568 3746 2620 Πνεύ-

2158 2682 2326 2735 ματος
2368 2663 2681 2734 γεμούσης,
2737 2662 2832 2715 καὶ
2870 2659 3044 2723 οὑτως
3086 2658 3385 2730 ἐπυροῦτο,
3419 2656 3494 2727 ὡς
3533 2654 3746 2709 ἐλέσθαι

2154 2753 2332 2807 πάντα
2360 2752 2659 2822 ὑποστῆναι
2690 2752 2785 2804 καὶ
2814 2748 3026 2812 παθεῖν,
3066 2748 3100 2817 ἢ
3131 2747 3239 2800 τῶν
3282 2744 3494 2817 μιαρῶν
3523 2744 3748 2797 ἐκείνων

2155 2840 2574 2911 ἀπογεύσασθαι
2608 2838 2943 2909 ἐδεσμάτων.
2989 2834 3327 2907 Ἀνεμνήσθη
3369 2834 3587 2904 καὶτῆς
3614 2848 3747 2904 τρα-

2159 2929 2332 2999 πέζης
2368 2928 2587 2998 ἐκείνης
2622 2926 2730 2979 τῶν
2759 2925 2928 2997 τριῶν
2962 2924 3166 2977 παίδων
3187 2964 3202 2987 ,
3228 2922 3278 2976 οἳ
3306 2922 3415 2976 νέοι
3435 2920 3749 2993 ληφθέντες,

2156 3019 2253 3072 καὶ
2282 3019 2462 3088 πάσης
2501 3016 2701 3086 ἔρημοι
2731 3013 3069 3086 προστασίας
3093 3012 3242 3076 ὀντες
3262 3055 3277 3078 ,
3308 3014 3366 3065 ἐν
3404 3009 3657 3080 ἀλλοτρίᾳ
3677 3009 3749 3079 γῇ

2156 3105 2253 3159 καὶ
2303 3104 2566 3176 βαρϐάρῳ
2615 3101 2773 3173 χώρᾳ
2814 3099 3084 3169 τοσαύτην
3131 3096 3475 3162 ἐπεδείξαντο
3534 3096 3750 3164 φιλοσο-

2159 3193 2309 3262 φίαν,
2336 3192 2412 3254 ὡς
2443 3190 2606 3261 μέχρι
2632 3188 2729 3242 νῦν
2758 3187 2982 3259 ᾄδεσθαι
3008 3186 3106 3256 τὴν
3136 3185 3388 3256 ἀνδρείαν
3411 3182 3608 3236 αὐτῶν.
3643 3182 3750 3234 Καὶ

2157 3283 2208 3336 οἱ
2243 3281 2340 3352 μέν
2393 3280 2634 3332 Ἰουδαῖοι
2663 3279 2764 3331 καὶ
2795 3276 2893 3347 τὴν
2931 3275 3139 3329 οἰκείαν
3166 3273 3383 3346 ἔχοντες
3420 3273 3523 3344 γῆν
3552 3270 3749 3343 ἠσέϐη-

2164 3387 2263 3423 σαν
2285 3409 2299 3434 ,
2329 3368 2423 3421 καὶ
2451 3370 2508 3421 ἐν
2536 3365 2614 3436 τῷ
2643 3365 2758 3434 ναῷ
2796 3363 3161 3433 διατρίϐοντες
3179 3360 3652 3433 κείδωλολάτρουν·
3698 3359 3755 3412 οἰ

2159 3459 2218 3512 δέ
2239 3458 2351 3512 νέοι
2380 3457 2579 3509 ἐκεῖνοι
2596 3455 2675 3518 εἰς
2700 3453 2800 3523 τὴν
2836 3450 3180 3524 βαρϐαρικὴν
3209 3447 3598 3519 ἀπενεχθέντες
3625 3446 3756 3517 γῆν,

2163 3544 2292 3599 ἔνθα
2333 3542 2525 3597 εἴδωλα
2555 3542 2654 3594 καὶ
2698 3538 2879 3610 πάσης
2908 3537 3163 3600 ἀσεϐείας
3191 3536 3445 3599 ὑπόθεσις
3467 3574 3483 3596 ,
3510 3533 3610 3605 τὴν
3650 3550 3746 3587 πα-

2163 3632 2345 3704 τρῴαν
2385 3629 2685 3684 διετέλεσαν
2738 3627 3095 3697 φυλάττοντες
3131 3622 3421 3679 πολιτείαν.
3459 3624 3523 3677 Et
3572 3621 3751 3675 τοίνυν

2165 3722 2215 3775 οἱ
2244 3719 2599 3792 αἰχμάλωτοι,
2627 3717 2721 3771 καὶ
2750 3715 2925 3773 δοῦλοι
2948 3755 2963 3778 ,
2996 3713 3094 3767 καὶ
3120 3712 3232 3767 νέοι
3266 3710 3373 3783 πρὸ
3402 3711 3503 3781 τῆς
3530 3710 3751 3782 χάριτος

2166 3805 2436 3877 τοσαύτην
2494 3804 2837 3869 ἐπεδείξαντο
2882 3800 3231 3872 φιλοσοφίαν,
3290 3798 3453 3869 φησὶ,
3492 3798 3651 3861 ποίας
3686 3799 3752 3852 ἂν

2168 3899 2359 3966 εἴημεν
2386 3898 2547 3964 ἡμεῖς
2577 3891 2907 3963 συγγνώμης
2935 3888 3097 3954 ἄξιοι,
3136 3886 3270 3959 μηδέ
3295 3886 3431 3958 πρὸς
3448 3886 3547 3958 τὴν
3585 3886 3752 3957 αὐτὴν
3842 3903 3849 3913 ι

2168 3983 2398 4044 ἐκείνοις
2426 3980 2627 4051 ἀρετὴν
2665 3978 2870 4055 φθάσαι
2893 3975 3240 4046 δυνηθέντες;

2239 4071 2310 4140 γ’.
2351 4070 2535 4124 Ταῦτα
2566 4068 2630 4138 δὴ
2662 4067 2839 4120 πάντα
2868 4064 3213 4134 λογιζόμενος
3240 4061 3508 4132 κατεγέλα
3534 4060 3633 4130 τῆς
3662 4058 3753 4114 τοῦ

2172 4157 2326 4230 [5'28]
2354 4156 2595 4209 διαϐόλου
2646 4153 2941 4224 πονηρίας,
2993 4151 3320 4221 κατεφρόνει
3377 4150 3472 4220 τῆς
3523 4163 3760 4211 κακουρ-

2171 4246 2296 4314 γίας
2314 4286 2328 4305 ,
2359 4244 2453 4297 καὶ
2483 4242 2618 4314 πρὸς
2664 4241 2815 4295 οὑδέν
2843 4239 3073 4293 ἐνεδίδου
3104 4238 3212 4292 τῶν
3240 4236 3548 4310 ὁρωμένων.
3594 4234 3681 4297 Ὦς
3711 4233 3754 4286 δ’

2172 4328 2266 4387 οὖν
2297 4327 2434 4384 εἶδεν
2475 4329 2627 4383 οὑδέν
2672 4326 2822 4398 αὑτῷ
2862 4344 2919 4380 τι
2966 4324 3124 4379 πλέον
3161 4324 3449 4395 γενόμενον
3492 4325 3521 4375 6
3562 4321 3753 4392 μιαρὸς

2174 4423 2405 4483 ἐκεῖνος,
2450 4418 2573 4487 ἀγει
2614 4416 2774 4470 πάλιν
2823 4415 2988 4469 αὑτὸν
3021 4416 3102 4476 εἰς
3153 4412 3213 4466 16
3262 4411 3631 4481 δικαστήριον,
3664 4408 3755 4461 καὶ

2178 4507 2478 4580 βασανίζων
2528 4506 2772 4575 συνεχεῖς
2822 4503 2996 4572 ἐπῆγε
3030 4501 3285 4563 πεύσεις·
3314 4501 3342 4552 6
3367 4498 3423 4551 δέ
3461 4496 3598 4567 πρὸς
3629 4497 3754 4548 ἐκά-

2176 4615 2307 4668 στην
2334 4595 2523 4648 πεῦσιν
2548 4593 2901 4663 ἀπεκρίνατο,
2934 4591 3016 4643 ὅτι
3050 4588 3376 4658 Χριστιανός
3404 4588 3541 4651 εἰμι,
3575 4585 3751 4656 μόνον,

2180 4685 2275 4739 καὶ
2301 4683 2551 4750 λέγοντος
2583 4678 2677 4732 106
2722 4677 2950 4747 δημίου·
2985 4674 3155 4738 Ποίας
3198 4669 3249 4726 εἶ
3293 4672 3579 4743 πατρίδος;
3620 4672 3756 4742 Χρι-

2178 4772 2390 4836 στιανός
2415 4772 2553 4841 εἰμι,
2576 4766 2726 4838 φησί·
2762 4766 2827 4819 Τί
2860 4765 3003 4836 ἔχεις
3035 4763 3401 4832 ἐπιτήδευμα;
3435 4761 3756 4833 Χριστιανός

2177 4862 2310 4931 είμι·
2347 4859 2512 4920 Τίνας
2538 4854 2866 4926 προγόνους;
2895 4854 2924 4905 6
2951 4852 3008 4905 δέ
3031 4851 3167 4923 πρὸς
3194 4851 3409 4903 ἅπαντα
3443 4849 3647 4917 ἔλεγεν,
3674 4850 3755 4902 ὅτι

2177 4943 2500 5018 Χριστιανός
2529 4945 2644 5013 εἰμι
2662 4957 2674 4971 ·
2705 4941 2784 4996 ἐν)⁸
2819 4939 2993 5008 τούτῳ
3023 4940 3119 4992 καὶ
3144 4935 3287 5008 ψιλῷ
3316 4935 3396 5007 τῷ
3435 4938 3641 5008 ῥήματι
3661 4934 3755 4988 106

2177 5033 2423 5087 διαϐόλου
2479 5030 2731 5101 πλήττων
2783 5026 2879 5098 τὴν
2925 5024 3167 5096 κεφαλὴν
3188 5064 3204 5087 ,
3263 5024 3357 5076 καὶ
3411 5022 3608 5093 συνεχῆ
3662 5022 3756 5076 καὶ

2179 5119 2453 5190 ἐπάλληλα
2474 5117 2544 5171 τὰ
2563 5115 2853 5187 τραύματα
2880 5111 3025 5183 αὑτῷ
3050 5111 3326 5182 παρέχων.
3349 5108 3542 5164 Καίτοι
3570 5125 3634 5177 γε
3661 5109 3755 5163 καὶ

2178 5210 2276 5280 τῆς
2299 5206 2495 5272 ἔξωθεν
2522 5203 2854 5264 παιδεύσεως
2882 5199 3161 5270 μετέσχεν,
3184 5198 3296 5251 ἀλλ’
3318 5196 3433 5268 ᾔδει
3465 5195 3650 5263 σαφῶς
3672 5195 3753 5249 ὅτι

2180 5301 2238 5352 ἐν
2264 5299 2374 5360 τοῖς
2412 5293 2668 5357 τοιούτοις
2719 5290 2927 5359 ἀγῶσιν
2975 5289 3036 5342 οὑ
3070 5286 3355 5359 ῥητορείας
3392 5284 3570 5356 χρεία,
3615 5283 3754 5338 ἀλλά

2184 5385 2417 5446 πίστεως
2438 5400 2450 5414 ·
2466 5381 2538 5435 ,οὑ
2560 5379 2861 5449 δεινότητος
2887 5375 3065 5443 λόγου,
3095 5371 3232 5427 ἀλλά
3253 5369 3499 5439 φιλοθέου
3537 5368 3716 5439 ψυχῆς
3737 5386 3751 5399 ·

2181 5474 2340 5545 ἀρκεῖ
2367 5472 2514 5540 ῥῆμα
2556 5466 2615 5519 ἓν
2633 5504 2649 5531 ,
2695 5464 2887 5535 φησὶν,
2934 5462 3147 5515 ἃπασαν
3171 5457 3264 5510 τοῦ
3286 5455 3528 5509 διαϐόλου
3558 5454 3754 5545 τρέψαι

2180 5543 2279 5631 τὴν
2317 5557 2588 5626 φάλαγγα.
2643 5553 2753 5607 Καὶ
2792 5552 2937 5605 δοκεῖ
2972 5549 3070 5618 μὲν
3120 5548 3231 5608 τοῖς
3268 5545 3368 5598 οὑκ
3408 5543 3646 5615 ἀκριϐῶς
3669 5543 3755 5610 ἐξ-

2182 5645 2460 5712 ετάζουσιν
2490 5637 2847 5701 ἀνακόλουθος
2884 5632 3020 5689 εἶναι
3062 5635 3095 5704 ἡ
3151 5632 3438 5703 ἀπόκρισις
3457 5648 3471 5663 ·
3501 5632 3549 5686 εί
3579 5631 3637 5685 δέ
3668 5649 3754 5696 τις

2183 5884 2214 5931 λ
2246 5818 2449 5930 Agim].
2475 5822 2527 5867 ‘el
2551 5814 2686 5868 Colb.
2731 5813 2849 5874 μέγα
2885 5808 3065 5859 ἔνδοθεν
3106 5802 3398 5871 ἐνηχοῦντος-
3439 5803 3565 5867 ιιοε-
3604 5808 3757 5870 μιτά-

2215 5899 2246 5931 α
2345 5918 2358 5930 .
2686 5927 2700 5931 -

2215 5899 2358 5931 0m.
2684 5927 2701 5941 ,
