4032 6504
318 594 500 648 nant,
529 582 705 638 minus
726 594 1052 639 conveniens
1079 593 1199 635 esse
1229 576 1542 646 responsio;
1588 576 1684 631 sed
1724 577 1768 631 si
1817 576 1938 644 quis

228 668 243 673 ’
316 677 603 732 attentius
626 690 746 730 eam
774 673 1098 736 consideret,
1126 686 1192 725 ex
1230 668 1332 723 hac
1370 682 1585 738 quoque
1622 668 1939 737 sapientiam

317 767 603 839 martyris
627 763 1041 820 animadvertet.
1071 760 1174 829 Qui
1201 760 1343 816 enim
1366 800 1381 825 ,
1409 756 1744 813 Christianus
1781 773 1897 813 sum
1920 797 1937 823 ,

315 859 516 925 dixit,
543 866 597 913 et
627 856 848 927 patriam
897 863 951 910 et
992 868 1160 924 genus
1199 860 1255 908 et
1294 851 1426 907 artis
1464 847 1846 919 professionem
1887 855 1943 902 et

318 948 526 1003 omnia
573 946 883 1004 declaravit.
930 946 1046 1013 Quo
1087 943 1302 999 tandem
1350 941 1541 1013 pacto?
1585 941 1700 1011 Ego
1743 940 1939 995 dicam.

316 1039 684 1096 Christianus
708 1039 894 1094 urbem
925 1037 977 1091 in
1012 1045 1155 1091 terra
1187 1049 1294 1089 non
1326 1033 1508 1100 habet,
1531 1034 1624 1087 sed
1645 1031 1940 1086 Jerusalem

318 1149 455 1203 qua:
481 1118 700 1187 sursum
729 1140 830 1187 est.
859 1129 967 1185 Illa
995 1129 1151 1192 enim,
1183 1128 1374 1198 inquit,
1398 1142 1511 1198 qua!
1532 1141 1733 1181 sursum
1754 1134 1825 1178 est
1850 1123 1945 1177 Je-

317 1223 586 1288 rusalem,
620 1220 775 1275 libera
802 1230 876 1274 est
906 1235 925 1274 :
948 1234 1060 1287 qua:
1088 1228 1159 1272 est
1187 1227 1348 1271 mater
1375 1226 1550 1270 nostra
1576 1212 1718 1284 (Gal.
1740 1215 1794 1269 4.
1817 1214 1938 1283 26).

323 1309 656 1366 Christiano
684 1319 896 1365 terrena
927 1309 1069 1364 nulla
1105 1317 1188 1364 est
1231 1309 1365 1363 artis
1404 1306 1697 1377 professio,
1737 1305 1831 1360 sed
1875 1304 1943 1359 ad

317 1417 631 1473 supernam
660 1401 1125 1457 conversationem
1154 1402 1277 1454 vitae
1304 1400 1554 1468 pertinet.
1574 1397 1766 1452 Nostra
1789 1397 1941 1464 enim,

321 1494 533 1564 inquit,
554 1497 862 1548 conversatio
883 1494 935 1547 in
960 1493 1098 1547 caelis
1113 1502 1185 1547 est
1205 1490 1461 1566 (Philipp.
1479 1491 1532 1546 5.
1549 1490 1664 1561 20).
1684 1489 1944 1546 Christia-

321 1601 432 1640 nus
475 1595 743 1656 cognatos
772 1585 933 1641 habet
970 1593 1186 1639 sanctos
1225 1597 1414 1638 omnes
1441 1597 1503 1638 ac
1529 1581 1673 1636 cives
1705 1600 1717 1635 :
1752 1580 1944 1637 Sumus

320 1679 490 1741 enim,
526 1677 718 1746 inquit,
740 1678 872 1732 cives
890 1688 1203 1743 sanctorum,
1236 1685 1282 1730 et
1310 1675 1568 1729 domestici
1602 1673 1698 1728 Dei
1724 1672 1938 1746 (EpIm.

319 1768 378 1821 2.
412 1768 517 1840 19)
556 1787 568 1823 :
598 1770 775 1839 itaque
799 1784 909 1824 uno
935 1769 1101 1824 verbo
1128 1778 1183 1824 et
1207 1772 1327 1838 quis
1348 1776 1511 1832 esset,
1540 1776 1595 1822 et
1620 1767 1780 1832 unde,
1800 1775 1855 1821 et
1873 1782 1940 1822 ex

325 1860 540 1930 quibus
562 1901 577 1925 ,
603 1869 658 1914 et
682 1860 807 1931 quid
836 1875 994 1931 agere
1021 1859 1222 1915 soleret
1239 1899 1255 1925 ,
1284 1858 1620 1914 exactissime
1647 1857 1856 1919 docuit.
1886 1866 1943 1913 et

324 1955 496 2007 vitam
530 1969 655 2007 cum
688 1953 790 2008 hac
812 1968 945 2008 voce
974 1953 1182 2017 ﬁnivit,
1217 1952 1450 2021 abiitque
1472 1952 1675 2006 salvum
1700 1950 1938 2005 referens

318 2048 562 2103 Christo
589 2048 914 2118 depositum,
937 2061 1001 2101 ac
1023 2046 1252 2117 posteris
1271 2061 1337 2101 ex
1368 2046 1454 2110 iis,
1478 2060 1598 2114 quae
1622 2058 1811 2113 passus
1830 2053 1939 2111 est,

320 2137 767 2193 cohurtationem
794 2137 1031 2207 reliquit,
1055 2145 1112 2191 ut
1125 2136 1396 2198 insistant,
1421 2134 1659 2204 nihilque
1680 2135 1781 2189 nisi
1805 2149 1937 2203 pec-

319 2237 508 2283 catum
544 2237 597 2282 et
626 2229 959 2299 negationem
989 2237 1193 2283 tantum
1223 2224 1600 2282 reformident:

396 2319 634 2374 Horatia
677 2318 1212 2375 annuatim—litae
1250 2319 1427 2388 itaque
1466 2333 1564 2372 nos
1606 2316 1768 2372 etiam
1808 2331 1930 2370 cum

319 2410 671 2476 noverimus,
700 2410 846 2479 pacis
874 2418 1118 2480 tempore
1146 2409 1352 2464 bellicis
1381 2410 1434 2463 in
1474 2409 1633 2465 rebus
1659 2423 1755 2463 nos
1780 2421 1940 2463 exer~

320 2515 588 2567 ceainus,
621 2510 681 2557 ut
714 2516 834 2557 cum
863 2500 991 2557 belli
1017 2510 1225 2571 tempus
1250 2500 1558 2565 advenerit,
1591 2499 1796 2554 illustre
1834 2514 1932 2555 nos

324 2607 547 2663 quoque
577 2601 836 2663 tropaeum
865 2593 1151 2663 erigamus.
1179 2592 1396 2648 Famem
1442 2591 1762 2661 contempsit
1802 2591 1926 2647 ille:

325 2685 554 2743 delicias
594 2696 652 2743 et
689 2702 789 2743 nos
815 2699 1239 2754 contemnamus,
1268 2702 1333 2743 ac
1370 2687 1568 2744 ventris
1595 2685 1930 2757 tyrannidem

1519 471 1588 528 ΙΝ
1617 470 1670 527 S.
1708 468 2060 525 LUCIANUM
2089 459 2500 524 MARTYREM.

3541 456 3642 511 59.6

2046 587 2369 645 evertamus,
2401 585 2458 631 nt
2479 592 2523 630 sn
2552 585 2760 647 tempus
2782 574 3050 641 adveniat,
3082 575 3223 647 quod
3255 584 3454 630 tantam
3488 572 3637 625 forti-

2045 668 2284 725 tudinem
2313 684 2344 724 a
2372 669 2524 724 nobis
2569 677 2846 739 reposcat,
2878 669 2930 723 in
2965 668 3266 723 minoribus
3293 678 3449 722 antea
3482 664 3643 721 rebus

2046 761 2354 828 exercitati,
2383 760 2626 830 praeclari
2659 760 2715 815 in
2745 770 3037 815 scammate
3075 774 3501 830 compareamus.
3532 755 3640 811 Cn-

2044 867 2160 906 ram
2200 852 2528 921 principibus
2572 852 2664 906 ille
2699 866 2762 906 ac
2791 850 3011 922 regibus
3037 851 3207 906 libere
3234 850 3483 922 loquutus
3506 860 3589 905 est
3619 867 3638 909 :

2045 942 2151 998 hoc
2177 958 2274 997 nos
2296 942 2549 998 faciamus
2571 956 2713 997 nunc
2738 957 2949 1013 quoque
2977 959 2991 995 :
3021 956 3086 996 ac
3113 942 3156 996 si
3182 944 3235 996 in
3256 941 3634 1012 opulentorum

2044 1042 2100 1089 et
2127 1034 2412 1107 illustrium
2451 1034 2780 1104 Paganorum
2831 1033 3186 1090 conventibus
3225 1033 3634 1099 consideamus,

2046 1124 2206 1179 tidem
2247 1140 2368 1180 cum
2413 1124 2605 1180 ﬁducia
2647 1124 3016 1195 proﬁteamur,
3056 1123 3377 1180 irrideamus
3422 1124 3635 1179 illorum

2044 1230 2275 1272 errores.
2303 1217 2456 1286 Quod
2482 1218 2528 1273 si
2556 1232 2647 1273 res
2667 1218 2881 1288 quidem
2925 1232 3051 1273 suas
3098 1217 3378 1289 magniﬁce
3403 1216 3635 1285 eﬂ'erre,

2046 1319 2258 1363 nostras
2276 1319 2454 1365 autem
2485 1310 2787 1380 deprimere
2806 1310 3211 1379 aggrediantur,
3239 1325 3310 1366 ne
3339 1318 3633 1373 taceamus,

2043 1415 2182 1456 neve
2208 1400 2402 1456 leniter
2426 1400 2663 1457 feramus
2688 1416 2703 1455 :
2734 1401 2830 1457 sed
2858 1402 3090 1471 ipsorum
3120 1400 3500 1471 turpitudinem
3529 1400 3630 1456 de-

2045 1500 2318 1564 tegentes,
2355 1494 2519 1549 multa
2561 1509 2685 1548 cum
2713 1493 2974 1564 sapientia
3014 1493 3313 1563 ﬁduciaque
3332 1507 3420 1549 res
3443 1507 3634 1546 omnes

2043 1584 2469 1641 Christianorum
2486 1585 2735 1641 laudibus
2758 1585 3080 1650 evehamus;
3103 1594 3158 1640 et
3181 1583 3630 1655 quemadmodum

2044 1676 2340 1749 Imperator
2368 1679 2421 1733 in
2450 1680 2626 1748 capite
2651 1679 2894 1734 diadema
2910 1718 2927 1745 ,
2967 1679 3044 1733 sic
3068 1686 3125 1733 et
3156 1692 3254 1731 nos
3278 1677 3474 1747 ubique
3497 1691 3631 1730 con-

2042 1770 2331 1827 fessionem
2362 1772 2485 1828 ﬁdei
2513 1771 2971 1829 circumferamus.
2998 1770 3115 1826 Non
3150 1771 3294 1825 enim
3319 1769 3471 1824 illum
3494 1767 3633 1823 adeo

2041 1877 2265 1931 corona,
2289 1872 2349 1919 ut
2373 1879 2471 1920 nos
2490 1863 2623 1919 ﬁdes
2641 1863 2862 1934 ejusque
2881 1862 3148 1918 confessio
3172 1861 3308 1917 solet
3329 1875 3395 1916 ex
3405 1874 3628 1914 ornare:

2040 1972 2149 2012 non
2176 1957 2357 2012 verbis
2385 1964 2589 2011 tantum
2609 1996 2626 2022 ,
2657 1954 2753 2012 sed
2783 1956 2945 2011 etiam
2972 1954 3130 2009 rebus
3158 1953 3287 2023 ipsis
3308 1951 3361 2006 id
3381 1965 3630 2022 agamus,

2039 2058 2096 2103 et
2113 2049 2278 2104 vitam
2296 2046 2635 2104 confessione
2660 2047 2872 2117 dignam
2895 2047 2949 2100 in
2976 2044 3224 2100 omnibus
3244 2043 3591 2099 exliibeamus
3612 2059 3626 2097 :

2038 2153 2107 2194 ne
2134 2139 2381 2210 dogmata
2407 2154 2627 2209 operum
2654 2138 2997 2208 improbitate
3025 2135 3428 2201 dedecoremus,
3456 2134 3549 2190 sed
3574 2134 3627 2187 in

2038 2231 2291 2286 omnibus
2317 2231 2603 2285 Dominum
2643 2239 2890 2285 nostrum
2933 2228 3294 2300 gloriﬁcantes
3322 2241 3442 2281 cum
3473 2227 3631 2294 hujus

2037 2322 2240 2390 saeculi,
2265 2332 2375 2376 tum
2403 2322 2546 2377 illius
2572 2322 2777 2377 honore
2798 2321 3065 2391 potiamur
3093 2337 3106 2373 :
3137 2334 3296 2389 quem
3318 2333 3417 2373 nos
3438 2332 3629 2372 omnes

2038 2413 2240 2467 utinam
2287 2427 2703 2483 consequamur,
2746 2412 2916 2483 gratia
2963 2420 3019 2467 et
3059 2410 3388 2481 benignitate
3415 2408 3627 2464 Domini

2039 2504 2206 2560 nostri
2226 2503 2353 2559 Jesu
2372 2503 2594 2573 Christi,
2619 2519 2713 2574 per
2731 2519 2891 2574 quem
2912 2511 2967 2559 et
2989 2517 3111 2557 cum
3139 2517 3245 2573 quo
3265 2500 3410 2555 Patri
3433 2499 3625 2570 gloria,

2037 2594 2321 2664 imperium
2353 2605 2408 2650 ct
2433 2594 2628 2662 honor,
2652 2609 2753 2649 una
2781 2610 2903 2651 cum
2932 2604 3120 2650 saneto
3149 2608 3214 2648 ac
3247 2590 3459 2647 vuviﬁco
3502 2588 3623 2660 Spi.

2033 2685 2161 2754 ritu,
2189 2700 2332 2742 nunc
2364 2695 2418 2743 et
2443 2701 2676 2757 semper,
2698 2695 2753 2742 et
2773 2685 2827 2742 in
2851 2685 3044 2742 saecula
3072 2684 3410 2742 saeculorum.
3433 2682 3626 2736 Amen.
