4032 6436
456 433 558 488 5‘27
1157 430 1214 483 S.
1257 425 1542 484 JOANN’IS
1581 424 2075 483 CHRYSOSTOMI
2117 424 2440 482 ARCIIIEP.
2483 421 3046 481 CONSTANTINOP.
3637 421 3744 482 598

623 630 663 640 -
963 627 1024 634 λά,
1055 628 1060 632 ,
1087 628 1130 638 ,η
1203 628 1248 631 η-
1294 627 1310 632 _
1375 627 1386 631 -
1422 627 1426 631 .
1461 626 1520 630 __.
1557 626 1570 629 _
1615 625 1682 630 η.--
1711 626 1736 630 -.
1767 623 2338 631 _-..-.__———.~_._.__
2391 624 2408 628 η
2445 622 2854 629 -ρ---εου--ν-νὴ--ννΑ
2879 621 3168 626 »αν-ιτν-α-ςι--
3215 621 3608 629 ——————-———-—-——-——

1055 628 1060 632 ι
1087 628 1130 638 ,η
1203 628 1248 631 -ς-
1281 627 1328 648 ἐ,
1375 627 1386 631 -
1422 627 1426 631 .
1461 626 1520 630 __.
1557 626 1570 629 _
1615 625 1736 647 -..:....
1767 625 1846 647 1:;V
1863 624 2042 646 ἶ,Ϊ.-.-..--.

2114 623 2338 631 ῳ.
2391 624 2408 628 _
2445 622 2854 629 _-....._.--_.‘_..es
2879 621 3168 626 -..ᾖν-ακμμ
3215 621 3608 629 ___.____...._._...

2114 638 2262 646 ﬂ...
2301 639 2436 646 ._--,-
2451 621 3706 648 --___..._._._..__._.__._..___...______=3

3261 637 3612 646 —————————

1229 833 1309 894 IN
1351 830 1548 890 DUOS
1591 828 2004 890 SERMONES
2041 826 2120 887 IN
2166 825 2517 887 SANCTUM
2557 825 2914 886 BABYLAM

528 977 764 1034 Homilia
796 980 849 1035 in
881 979 938 1034 S.
968 979 1244 1050 Babylam,
1282 993 1447 1048 quam
1472 977 1707 1047 primam
1745 975 2013 1038 locamus,
2069 983 2193 1044 post
2219 973 2434 1027 tertiam
2466 973 2532 1027 de
2571 971 2782 1026 Lazaro
2817 971 2999 1026 habita
3035 982 3120 1027 est
3156 987 3171 1023 :
3205 987 3329 1026 nam
3383 972 3490 1027 sub
3518 972 3736 1026 Initium

454 1087 668 1146 quartae
701 1092 924 1133 causam
953 1077 1109 1131 alfert
1132 1075 1560 1146 Chrysostomus
1583 1088 1682 1127 cur
1714 1071 2068 1125 homiliarum
2103 1069 2155 1122 in
2179 1069 2448 1123 Lazarum
2481 1083 2706 1122 cursum
2755 1067 3126 1135 interceperit,
3169 1065 3255 1118 his
3288 1066 3471 1120 verbis
3501 1083 3516 1119 :
3547 1060 3738 1118 Verum

455 1186 559 1223 non
585 1171 1001 1224 existimavimus
1027 1185 1136 1222 esse
1162 1177 1335 1220 tutum
1366 1165 1432 1219 Β.
1458 1163 1679 1235 Babylo:
1706 1174 1755 1217 et
1781 1164 1918 1233 biga:
1951 1160 2051 1216 SS.
2083 1159 2412 1232 Martyrum,
2450 1161 2542 1230 qui
2575 1170 2689 1228 post
2718 1159 2874 1212 illum
2904 1168 3270 1223 occurrerunt,
3297 1158 3570 1228 prmelara
3593 1165 3737 1227 gesta

453 1262 724 1328 prwterire
755 1277 774 1316 :
809 1260 1010 1329 quibus
1050 1266 1317 1314 consonat
1349 1256 1651 1311 Concionis
1681 1257 1736 1309 in
1785 1254 1844 1308 S.
1876 1253 2136 1324 Babylam
2177 1251 2486 1317 exordium,
2541 1249 2788 1304 Volebam
2823 1251 3063 1322 equidem
3085 1249 3338 1304 hodierno
3386 1250 3474 1303 die
3505 1251 3740 1303 debitum

453 1359 686 1424 reddere,
709 1358 850 1427 quod
883 1372 1049 1425 nuper
1069 1356 1232 1418 vobis,
1263 1369 1382 1406 eum
1405 1352 1490 1405 hic
1514 1367 1702 1414 essem,
1738 1348 1981 1419 promisi.
2021 1345 2123 1402 Sed
2151 1348 2276 1417 quid
2304 1347 2500 1416 faciam
2525 1346 2550 1399 .’
2601 1344 2667 1399 Β.
2698 1344 2938 1415 Babylas
2972 1345 3322 1400 interveniens
3359 1347 3636 1414 apparuit,
3689 1352 3738 1397 et

449 1452 520 1505 ad
551 1451 780 1520 seipsum
812 1465 904 1502 nos
935 1448 1156 1502 vocavit.
1195 1445 1339 1514 Bigze
1369 1454 1549 1502 autem
1593 1444 1925 1498 Sanctorum
1978 1442 2071 1512 qui
2105 1451 2228 1511 post
2257 1439 2316 1494 S.
2349 1439 2609 1510 Babylam
2657 1436 3019 1493 Homiliarum
3077 1439 3129 1492 in
3181 1438 3453 1493 Lazarum
3503 1450 3728 1492 cursum

452 1546 810 1616 intercepere,
835 1553 962 1599 sunt
985 1542 1090 1597 SS.
1119 1542 1450 1597 Juventinus
1478 1549 1533 1594 et
1562 1538 1894 1594 Maximinus
1944 1536 2232 1607 Martyres,
2260 1550 2497 1605 quorum
2531 1532 2768 1588 llomilia
2795 1534 2876 1589 sic
2916 1533 3108 1602 incipit
3136 1553 3150 1588 :
3185 1532 3370 1603 Nuper
3399 1532 3465 1586 Β.
3500 1531 3732 1603 Babylas

450 1656 569 1693 cum
600 1640 768 1693 tribus
794 1640 971 1708 pueris
1008 1654 1101 1691 nos
1131 1638 1217 1690 hic
1249 1636 1623 1706 congregabat,
1667 1633 1821 1687 hodie
1853 1650 1954 1702 par
1981 1631 2086 1688 SS.
2142 1631 2382 1684 Militum
2409 1631 2464 1682 in
2504 1631 2619 1683 acie
2648 1630 2940 1683 exercitum
2965 1628 3171 1684 Christi
3213 1630 3514 1682 constituit.
3547 1627 3731 1696 Nuper

449 1731 714 1803 quadriga
740 1730 1067 1802 Martyrum,
1099 1729 1252 1784 hodie
1277 1731 1420 1800 biga.
1455 1727 1659 1798 Nuper,
1691 1729 1888 1797 inquit,
1934 1728 2147 1799 «istim,
2192 1741 2303 1780 non
2339 1734 2545 1788 autem,
2582 1725 2716 1788 heri,
2750 1733 2809 1779 ut
2838 1725 2908 1780 ab
2940 1724 3237 1794 lnterprcte
3269 1724 3534 1794 deceptus
3569 1723 3732 1778 Tille-

451 1829 699 1883 montius
728 1829 934 1898 posuit.
972 1826 1258 1897 Negotium
1291 1825 1562 1882 facessere
1589 1826 1806 1880 videtur
1837 1826 1909 1892 id,
1935 1824 2082 1894 quod
2112 1824 2166 1878 in
2225 1835 2504 1892 postremo
2528 1821 2758 1876 exordio
2805 1822 2960 1886 dicit,
2998 1819 3182 1889 Nuper
3206 1818 3271 1874 Β.
3321 1818 3561 1892 Babglas
3616 1835 3731 1871 cum

455 1921 623 1974 tribus
653 1920 832 1988 pueris
865 1937 958 1974 nos
984 1920 1067 1973 hic
1092 1917 1464 1989 congregabat.
1494 1919 1552 1973 ln
1580 1920 1683 1973 hac
1706 1918 1908 1989 quippe
1930 1915 2164 1971 Homilia
2206 1931 2273 1969 ne
2319 1913 2424 1986 γρῦ
2461 1916 2683 1984 quidem
2713 1915 2780 1969 de
2819 1915 2997 1970 tribus
3021 1916 3208 1984 pueris
3255 1914 3475 1983 legitur.
3511 1911 3736 1974 Verum,

453 2024 514 2066 ut
547 2013 702 2066 initio
737 2012 973 2066 homilia:
1001 2011 1224 2074 dicitur,
1257 2029 1363 2066 non
1400 2011 1829 2082 Chrysostomus
1855 2011 2032 2075 solus,
2062 2011 2168 2065 sed“
2209 2025 2335 2064 cum
2363 2009 2454 2063 alii
2487 2011 2756 2072 seniores,
2791 2019 2906 2062 tum
2965 2008 3270 2079 Episcopus
3295 2007 3415 2078 ipse
3437 2006 3736 2062 Flavianus

451 2107 643 2160 eodem
673 2105 760 2160 die
783 2106 1090 2160 concionati
1128 2115 1256 2162 sunt
1284 2122 1300 2159 :
1329 2105 1458 2161 Ilaec
1491 2115 1540 2160 et
1571 2106 1682 2159 alia
1713 2105 2000 2174 ejusmodi,
2038 2105 2239 2175 inquit,
2285 2103 2581 2157 senioribus
2613 2101 3079 2156 commemoranda
3123 2099 3456 2164 doctoribus,
3488 2110 3540 2152 et
3594 2113 3730 2150 com-

452 2200 603 2252 muni
632 2201 775 2268 patri
806 2210 985 2254 nostro
1010 2201 1362 2271 relinquemus
1395 2217 1414 2254 :
1450 2217 1532 2254 res
1564 2201 1704 2253 enim
1728 2200 2054 2267 antiquiores
2111 2196 2368 2267 praeclare
2393 2196 2538 2249 vobis
2573 2213 2606 2248 a
2661 2195 2871 2248 senibus
2908 2201 3130 2261 possunt
3163 2192 3425 2245 narrari:
3451 2207 3572 2262 qua:
3622 2203 3738 2243 vero

455 2305 558 2342 non
587 2291 662 2342 ita
691 2292 895 2358 pridem
923 2309 986 2345 ac
1006 2304 1190 2346 nostra
1218 2303 1376 2348 (etate
1407 2301 1528 2346 sunt
1553 2302 1722 2362 gesta,
1753 2290 1896 2345 vobis
1932 2290 2145 2359 juvenis
2173 2304 2266 2359 ego
2318 2288 2570 2354 narrabo,
2604 2303 2721 2358 quae
2756 2287 3010 2339 nimirum
3034 2296 3156 2356 post
3185 2285 3414 2345 obitum,
3440 2291 3563 2354 post
3587 2297 3730 2337 exse-

451 2382 607 2451 quias
639 2381 917 2455 Martyris,
939 2401 1001 2438 ac
1021 2386 1149 2440 dum
1168 2386 1224 2438 in
1252 2387 1506 2442 suburbio
1535 2393 1853 2449 moraretur,
1881 2383 2212 2438 acciderunt.
2261 2380 2391 2437 Hzec
2437 2381 2543 2437 sibi
2579 2381 2887 2436 enarranda
2922 2382 3210 2452 proposuit
3274 2383 3731 2452 Chrysostomns,

454 2485 650 2530 caetera
676 2481 954 2534 communi
997 2482 1137 2549 patri
1166 2489 1220 2535 et
1239 2479 1550 2536 senioribus
1573 2480 2060 2535 commemoranda
2108 2479 2350 2550 reliquit.
2391 2477 2811 2546 Verisimileque
2831 2487 2936 2542 εει,
2960 2477 3201 2548 aliquem
3223 2493 3287 2532 es
3323 2477 3434 2530 illis
3461 2477 3532 2531 de
3554 2473 3727 2530 tribus

363 2615 370 2619 .
453 2573 643 2640 pueris
672 2574 834 2627 verba
862 2572 1078 2630 fecisse.
1105 2575 1308 2630 Eodem
1347 2575 1510 2643 igitur
1549 2590 1696 2630 anno
1729 2575 1913 2629 habita
1935 2584 2019 2630 est
2045 2576 2160 2632 haec
2201 2575 2448 2639 homilia,
2482 2591 2592 2644 quo
2619 2575 2856 2629 homilite
2886 2576 2938 2628 in
2979 2575 3272 2636 Lazarum.
3310 2573 3526 2630 scilicet
3551 2585 3736 2626 mense

453 2663 761 2719 Januario:
787 2673 841 2719 et
862 2667 1080 2735 quidem
1108 2667 1180 2721 εί
1215 2668 1462 2737 ejusdem
1501 2668 1726 2734 mensis,
1767 2677 1827 2722 ut
1858 2667 2093 2733 videtur,
2130 2684 2239 2740 qua
2267 2668 2358 2722 die
2385 2667 2769 2738 Martyrologia
2799 2669 2984 2723 omnia
3021 2667 3222 2724 festum
3251 2667 3309 2723 S.
3342 2667 3568 2739 Babylae
3595 2666 3731 2720 indie

459 2764 607 2810 cant.
640 2755 744 2821 Qui
775 2772 904 2844 vero
933 2757 1097 2812 fuerit
1123 2774 1302 2812 annus
1325 2759 1434 2823 ille,
1470 2774 1580 2814 non
1610 2759 1683 2814 ita
1711 2758 1868 2814 facile
1895 2768 1980 2815 est
2019 2759 2448 2830 deprehendere.
2476 2757 2862 2816 Tillemontius
2886 2776 3091 2815 annum
3138 2762 3384 2833 assignat
3419 2764 3530 2819 587
3571 2777 3584 2813 :
3620 2761 3736 2830 ejus

411 2895 425 2909 .
461 2848 735 2904 calculum
777 2849 1146 2913 excussimus,
1175 2850 1580 2920 levissimisque
1607 2851 1940 2920 coniecturis
1963 2852 2158 2907 fultum
2184 2867 2308 2908 esse
2330 2853 2686 2921 probavimus
2719 2853 2772 2906 in
2802 2852 3012 2908 Μοιιίῑο
3037 2854 3105 2908 ad
3139 2853 3434 2909 Homiliam
3462 2856 3517 2911 in
3541 2856 3745 2911 Kalen-

462 2939 586 3002 das,
610 2955 732 3008 qua:
759 2937 1053 2994 llomiliam
1088 2941 1320 3011 primam
1349 2943 1417 2996 de
1450 2941 1662 2997 Lazaro
1694 2958 1806 2997 uno
1836 2942 1926 2997 die
1959 2943 2261 3014 praecessit.
2291 2943 2372 2998 lbi
2421 2943 2544 2999 vide
2577 2944 2674 3010 sis,
2704 2959 2918 3000 necnon
2945 2945 3000 3000 in
3029 2944 3236 3001 Monito
3270 2947 3337 3001 ad
3371 2945 3646 3004 Homilies
3681 2947 3745 3002 de

370 3024 379 3032 ’
461 3031 696 3087 Lazaro.

560 3148 810 3205 llomilias
852 3151 904 3205 in
949 3149 1007 3205 S.
1045 3150 1302 3222 Babylam
1335 3150 1723 3224 subiungimus
1775 3150 1973 3206 librum
2010 3153 2160 3206 illum
2192 3155 2489 3224 prolixum,
2546 3157 2633 3210 cui
2670 3154 2880 3220 titulus,
2915 3153 2979 3210 In
3029 3155 3090 3212 S.
3125 3154 3408 3231 Babyloni,
3456 3170 3509 3215 et
3560 3168 3739 3215 contra

472 3243 752 3299 lulianum
781 3255 934 3316 atque
961 3243 1192 3300 Gentiles
1237 3261 1255 3299 :
1285 3245 1550 3300 Savilium
1607 3254 1663 3299 et
1716 3243 2048 3299 Frontonem
2097 3245 2354 3303 Ducaenm
2389 3250 2582 3308 secuti.
2620 3249 2716 3318 qui
2771 3250 3024 3304 similiter
3061 3250 3207 3306 hunc
3241 3252 3441 3306 librum
3479 3263 3603 3324 post
3636 3251 3745 3305 llo-

475 3336 680 3390 miliam
723 3337 1060 3391 locaverunt.
1102 3337 1326 3392 Librum
1361 3353 1626 3394 vocamus
1664 3354 1676 3390 :
1715 3354 1894 3410 neque
1941 3339 2086 3394 enim
2117 3340 2502 3396 existimamus
2527 3356 2649 3395 esse
2689 3343 3013 3397 concionem
3069 3344 3122 3396 in
3159 3353 3306 3399 cmtu
3360 3347 3548 3415 populi
3595 3343 3744 3398 habi-

471 3439 619 3496 tam;
655 3445 780 3484 nam
812 3439 973 3486 tanta:
999 3431 1324 3501 prolixitatis
1357 3432 1557 3487 librum
1590 3435 1716 3503 quis
1745 3450 1856 3490 una
1912 3433 2033 3488 vice
2065 3435 2482 3503 pronuntiatum
2535 3435 2767 3490 credat?
2817 3437 2972 3491 Adde
3010 3452 3118 3490 non
3179 3437 3466 3492 terminari
3508 3439 3748 3494 clausula

468 3522 585 3586 illa,
614 3539 720 3594 qua
753 3523 807 3577 in
842 3524 1070 3593 gloriam
1094 3522 1379 3580 Trinitatis
1409 3529 1703 3583 conciones
1732 3542 1862 3581 suas
1887 3541 2082 3582 omnes
2113 3527 2319 3582 claudit
2339 3527 2792 3598 Clirysostomus.
2823 3529 2904 3583 A-l
2933 3530 3047 3584 haec
3073 3540 3257 3584 autem
3292 3547 3445 3585 num.
3473 3533 3545 3586 Η
3568 3532 3695 3587 dicit
3728 3547 3742 3583 ι

469 3613 599 3670 Ideo
629 3618 766 3671 enim
800 3619 927 3670 vivis
951 3617 1240 3674 etiamnum
1277 3618 1496 3673 testibus
1525 3619 1636 3674 haec
1672 3622 1866 3687 scribo,
1894 3637 2018 3691 qua:
2047 3635 2182 3676 sane
2229 3621 2393 3676 verba
2435 3637 2540 3674 non
2600 3622 2853 3676 videntur
2888 3621 3042 3695 [550]
3079 3639 3200 3679 esse
3253 3627 3638 3683 concionantis
3689 3625 3739 3677 ili

468 3721 617 3765 coetu
650 3711 858 3781 populi.
890 3711 980 3774 At,
1010 3711 1244 3779 inquies,
1285 3728 1395 3768 non
1425 3716 1612 3782 paucis
1640 3715 1693 3769 in
1723 3717 1859 3771 locis
1904 3718 2174 3775 quosdam
2209 3731 2309 3771 ceu
2348 3726 2645 3784 praesentes
2673 3718 2992 3787 alloquitur.
3039 3718 3230 3789 ld.ego
3265 3719 3462 3785 fateor,
3495 3722 3592 3778 sed
3623 3736 3743 3775 ora-

471 3802 614 3858 torio
640 3817 792 3857 more
828 3811 880 3856 et
915 3803 1274 3858 declamantis
1295 3805 1403 3860 ritu
1427 3821 1528 3860 ceu
1559 3817 1858 3876 praesentes
1895 3811 2165 3880 quosdam
2203 3810 2534 3878 compellat:
2569 3825 2694 3864 nam
2729 3811 2906 3866 oratio
2937 3821 3050 3866 tota
3091 3813 3548 3870 declamationem
3581 3815 3744 3882 tropis

473 3898 771 3968 ligurisque
796 3898 1189 3954 redundantem
1217 3901 1397 3969 sapit;
1424 3902 1508 3957 vel
1541 3904 1710 3958 etiam
1747 3905 1895 3962 hunc
1947 3921 2044 3961 seu
2077 3907 2278 3961 librum
2314 3921 2410 3961 seu
2459 3908 2768 3962 orationem
2799 3909 2967 3964 texuit
2994 3908 3188 3964 amicis
3211 3921 3268 3965 et
3297 3910 3353 3965 in
3378 3913 3626 3970 conclavi
3667 3929 3746 3967 re-

471 3992 774 4047 chandanu

542 4107 780 4178 Tempus
813 4126 920 4177 quo
955 4111 1071 4166 haec
1101 4112 1322 4182 scripsit
1345 4113 1773 4203 Chrysostomus
1797 4133 1992 4173 eruere
2041 4120 2166 4174 licet
2191 4136 2258 4176 ex
2290 4122 2410 4190 ejus
2433 4123 2614 4177 verbis
2663 4140 2816 4178 num.
2846 4126 2937 4191 21,
2974 4126 3066 4180 ubi
3101 4128 3234 4185 dicit
3277 4130 3390 4200 jam
3426 4133 3741 4203 vigesimum

471 4218 673 4256 annum
701 4205 811 4274 agi,
835 4221 900 4259 ex
936 4221 1048 4276 quo
1084 4204 1335 4262 Julianus
1363 4208 1627 4278 Apostata
1658 4196 1918 4280 templum
1947 4211 2466 4292 Jerosolymitanum
2519 4216 2827 4273 instaurare
2865 4233 3101 4276 conatus
3135 4232 3221 4279 est
3252 4196 3292 4275 ε⁷
3321 4224 3374 4280 id
3408 4196 3541 4280 vero
3576 4231 3742 4280 tenta-

471 4295 823 4352 vitJulianus
855 4313 999 4353 anno
1033 4300 1236 4356 Christi
1265 4302 1392 4366 562,
1444 4305 1588 4359 unde
1612 4315 1874 4375 sequatur
1911 4323 2058 4362 anno
2088 4293 2214 4364 382
2251 4311 2398 4366 hunc
2443 4312 2735 4381 scripsisse
2773 4315 2994 4372 librum.
3040 4317 3098 4372 Si
3127 4334 3399 4374 annorum
3454 4329 3737 4375 numerum

469 4397 725 4444 accurate
751 4392 998 4446 retulerit
1027 4391 1480 4463 Clirysostomus,
1516 4399 1684 4454 stabit
1725 4401 1986 4455 calculus.
2022 4394 2224 4457 Verum
2259 4404 2399 4460 solet
2423 4404 2512 4459 ille
2538 4421 2646 4460 non
2678 4415 2830 4462 tanto
2857 4412 3119 4481 scrupulo
3147 4412 3246 4467 has
3269 4428 3384 4468 suae
3419 4415 3586 4468 etiam
3617 4418 3742 4465 seta-

469 4481 542 4534 tis
569 4491 726 4538 notas
758 4499 1031 4554 apponere
1064 4503 1079 4541 :
1115 4489 1316 4542 etenim
1353 4489 1583 4545 Homilia
1612 4493 1682 4546 lll
1713 4495 1780 4548 de
1812 4495 2382 4564 lncomprehensibili,
2416 4515 2578 4569 quam
2631 4511 2875 4556 vertente
2897 4519 3042 4559 anno
3073 4505 3180 4560 586
3205 4508 3513 4564 certissime
3538 4503 3738 4568 habuit,

475 4587 653 4630 annos
686 4578 812 4632 item
845 4579 1036 4650 viginti
1073 4595 1327 4640 numerat
1359 4601 1390 4640 a
1438 4595 1682 4655 tempore
1719 4587 1922 4646 Juliani
1983 4592 2292 4663 Apostataz;
2353 4611 2478 4651 cum
2522 4605 2704 4653 autem
2765 4599 2855 4654 ille
2898 4616 3044 4657 anno
3083 4602 3189 4658 565
3243 4618 3417 4659 caesus
3451 4605 3543 4668 sit,
3575 4613 3739 4656 annos

472 4668 664 4775 Sallem
705 4670 896 4775 vigil-ti
923 4685 1162 4775 quatuor
1191 4678 1372 4734 dicere
1396 4680 1589 4736 debuit
1632 4701 1643 4735 :
1681 4699 1786 4737 non
1827 4686 1973 4738 enim
2011 4701 2039 4739 a
2069 4703 2204 4743 nece
2230 4688 2372 4758 ejus.
2413 4691 2506 4746 sed
2543 4707 2573 4746 a
2607 4700 2809 4747 tentata
2840 4695 3024 4764 templi
3053 4693 3503 4768 Jerosolymitani
3543 4698 3741 4750 instau-

471 4766 704 4858 ratione,
737 4766 899 4858 etiam
925 4766 1019 4831 ibi,
1045 4770 1316 4825 calculum
1344 4771 1546 4829 ducere
1575 4775 1811 4829 videtur.
1849 4773 1984 4832 Vide
2029 4777 2302 4835 Monitum
2339 4782 2394 4836 in
2455 4781 2718 4842 llomilias
2743 4788 2808 4841 de
2841 4766 3414 4858 lncomprehensibili,
3451 4790 3542 4844 ubi
3577 4787 3732 4842 alium

473 4853 602 4908 huic
633 4855 866 4909 similem
891 4860 1376 4920 anachronismum
1405 4867 1789 4925 observamus.
1815 4873 2004 4942 Itaque
2054 4873 2161 4928 etsi
2214 4874 2361 4929 clare
2405 4876 2674 4932 calculum
2705 4889 2873 4949 ponat
2927 4853 3522 4952 Chr-ysostomusgnon
3573 4888 3736 4946 usque

961 5387 1121 5470 DE
1173 5389 1620 5479 SANCTO
1669 5399 2607 5490 HIEROMARTYRE
2664 5394 2752 5477 (α)
2793 5405 3253 5490 BABYLA.

564 5587 614 5642 l.
635 5587 886 5642 Volebam
905 5591 1150 5661 equidem
1171 5591 1431 5649 hodierno
1445 5596 1531 5652 die
1549 5597 1785 5652 debitum
1813 5600 2060 5669 reddere,
2165 5605 2308 5675 quod
2334 5621 2504 5674 nuper
2531 5605 2703 5670 vobis,
2729 5621 2856 5664 .cum
2884 5607 2970 5662 hic
2990 5622 3189 5673 essem,
3219 5610 3436 5677 promisi
3465 5627 3477 5662 :
3503 5607 3589 5663 sed
3614 5597 3724 5674 qui||

486 5776 498 5786 ‘
548 5719 757 5788 (“LV-0‘
777 5720 873 5780 ma,
897 5719 1262 5788 Mcromarmm
1284 5738 1312 5776 a
1333 5731 1506 5780 mis
1534 5733 1678 5782 medii
1703 5736 1792 5782 mi
1817 5733 1957 5785 titulo
1975 5735 2062 5786 ἡ-
2167 5695 2400 5750 faciam?
2425 5696 2618 5751 Beatus
2643 5696 2870 5768 Babylas
2909 5699 3272 5756 interveniens
3297 5701 3559 5770 apparuit,
3585 5706 3633 5751 et
3661 5688 3718 5788 'Id'

477 5775 741 5836 ἓωιέῖυη-
765 5775 955 5832 Nones!
979 5775 1678 5854 θιιίωίῦιέιὶιίᾶρῶὲῖἰέίίἧῖὁξ
1703 5775 2036 5857 iussisse“
2173 5789 2418 5858 seipsum
2452 5804 2551 5844 nos
2574 5793 2817 5856 vocavit;
2850 5806 2954 5847 non
2999 5792 3141 5863 quod
3185 5805 3367 5847 vocem
3405 5790 3621 5854 miserit,
3642 5775 3722 5836 sed
