4032 6438
196 333 304 391 627
1293 328 1375 384 DF.
1423 329 1478 384 S.
1525 326 2076 384 IIIEROMARTYHIC
2120 329 2412 384 BABYLA.
3377 338 3483 393 528

859 540 1314 547 _———_-—_v-—.._—.
1335 541 1394 546 ς...
1419 541 1692 548 ,.-..-.---α..--
1713 541 1962 548 -H_—._—
1976 542 2106 548 ιε’-φη.
2118 543 2204 548 _.._.
2215 543 2224 546 -
2237 541 2451 548 ——.——.~._.-..

1609 542 1692 547 ,..--
1713 541 1962 548 ,μ’-...-
1976 542 2106 548 Hm
2118 543 2204 548 _.._.
2215 543 2224 546 -
2237 540 2630 548 __..___~._._..———-———
2642 539 3201 548 mm—

439 539 1314 549 .._________....._..______—_v-—..__
1335 541 1394 546 --..
1419 541 1692 548 ,.-.....---..--
1713 541 1962 548 -H_-.__
1976 540 2630 548 ﬂ...__.-_.-__.._...._.—-_—_
2642 539 3202 548 mm—

439 554 1338 562 -_.____._____..-_.__.....__.—~—.—«.__
1362 555 1535 562 ...---.-...
1554 556 1572 561 ,Α
1607 555 1642 560 _.
1659 556 1764 560 ...η-
1785 553 1978 563 μ.-νηυ..
1991 555 2116 561 -..ο-γ
2129 555 2392 561 -λ--.---.---«.-
2409 555 2564 561 ,ο-ο-ρ
2579 539 3476 565 η-κα-δο--ῌα-τζῑ

1622 739 2058 800 ΑΒΜΟΝΙΤΙΟ.

191 889 324 946 adeo
350 900 564 944 certum
589 900 694 956 est,
733 907 800 945 an
833 890 963 948 huic
997 892 1209 948 calculo
1238 893 1492 948 standum
1522 894 1614 950 sit.
1671 893 1723 949 Id
1753 911 1920 950 unum
1953 908 2248 965 possumus
2275 894 2394 949 sine
2436 895 2678 965 periculo
2703 895 2906 960 dicere,
2947 909 3092 948 anno
3117 893 3336 948 circiter
3367 892 3474 946 582

195 984 338 1036 hunc
366 982 569 1036 librum
602 999 632 1037 a
659 982 1056 1055 Chrysostomo
1090 985 1354 1056 scriptum
1390 984 1580 1051 fuisse,
1625 1001 1803 1056 neque
1835 995 2014 1040 tamen
2041 1000 2346 1055 repugnare
2388 985 2432 1039 si
2464 986 2546 1040 vel
2569 985 2756 1054 paucis
2791 995 2937 1052 ante,
2981 985 3065 1039 vel
3121 983 3312 1054 paucis
3345 996 3481 1050 post

193 1075 351 1128 annis
377 1074 532 1128 illum
562 1075 814 1131 ediderit.
852 1075 1226 1141 llermantius,
1253 1078 1347 1148 qui
1373 1086 1528 1147 putat
1560 1079 1708 1132 hunc
1742 1077 1941 1132 librum
1974 1092 2097 1134 esse
2121 1079 2437 1134 concionem
2487 1078 2553 1132 ad
2585 1078 2768 1147 populi
2822 1087 3025 1132 cretum
3056 1076 3323 1142 habitam,
3353 1073 3474 1128 vult

191 1183 306 1222 eam
337 1169 392 1222 in
421 1183 628 1223 annum
660 1169 763 1225 586
795 1188 918 1227 cum
946 1171 1256 1226 tardissime
1279 1170 1516 1227 conferri
1555 1189 1568 1224 :
1601 1171 1728 1240 quia
1752 1184 1818 1224 co
1851 1170 2088 1240 primum
2111 1187 2256 1226 anno
2282 1171 2563 1242 presbyter
2590 1171 2770 1227 factus
2801 1170 3229 1241 Chrysostomus
3252 1169 3480 1226 concio—

191 1261 305 1314 nari
335 1262 548 1329 coepit:
581 1279 705 1316 nam
748 1264 868 1332 ipso
902 1262 1664 1335 testiﬁcanteChrysostomo,
1699 1263 1904 1318 nullam
1949 1273 2094 1330 ante,
2127 1280 2292 1334 quam
2323 1265 2605 1334 presbyter
2628 1274 2793 1328 esset,
2821 1263 3142 1318 concionem
3171 1261 3460 1316 habuerat.

194 1357 414 1421 Verum,
442 1368 506 1412 ut
534 1373 698 1428 supra
721 1358 1058 1423 dicebamus,
1083 1357 1293 1412 nullum
1328 1372 1438 1427 prae
1471 1372 1530 1412 se
1557 1357 1662 1412 fert
1690 1359 1908 1428 signum
1971 1357 2058 1412 hic
2099 1357 2237 1412 liber
2269 1357 2550 1413 concionis
2583 1357 2649 1411 ad
2699 1357 2960 1426 populum
3017 1355 3235 1421 habitzr,
3277 1362 3476 1424 estque

192 1459 350 1504 tanta:
387 1450 718 1518 prolixitatis
749 1457 808 1504 ut
836 1466 944 1505 non
969 1452 1208 1522 potuerit
1236 1467 1342 1506 una
1370 1451 1548 1506 solum
1609 1451 1724 1505 vice
1758 1450 1998 1505 recitari.
2025 1451 2105 1504 Ad
2141 1452 2256 1505 hac
2281 1462 2414 1504 vero
2448 1453 2572 1520 quis
2603 1450 2790 1504 credat
2820 1464 2946 1503 eum
2977 1446 3352 1518 longissimam
3401 1446 3472 1499 il-

189 1543 290 1597 lam
324 1547 602 1602 monodim
633 1546 847 1602 Libanii
871 1546 1277 1610 refutationem,
1317 1559 1440 1614 quae
1469 1543 1702 1600 mediam
1729 1542 1903 1599 ferme
1946 1553 2155 1614 partem
2184 1541 2307 1598 libri
2341 1551 2597 1612 occupat,
2631 1541 2683 1594 in
2731 1550 2876 1596 ccetu
2905 1540 3090 1612 populi
3123 1538 3417 1608 protulisse
3449 1535 3472 1586 ?

186 1633 461 1692 Hactenus
494 1638 561 1692 de
593 1649 858 1709 tempore.

248 1755 656 1826 Argumentum
685 1754 811 1824 libri
837 1761 916 1810 est
953 1753 1182 1810 historia
1210 1753 1458 1825 martyrii
1485 1751 1541 1807 S.
1568 1751 1785 1825 Babylas
1820 1751 2078 1824 Episcopi
2105 1752 2457 1820 Antiocheni,
2487 1751 2882 1808 declamatorio
2915 1766 3068 1806 more
3108 1760 3330 1805 narrata
3360 1759 3470 1804 tro-

185 1849 368 1919 pisque
391 1847 752 1916 redundans;
791 1848 844 1903 in
876 1863 982 1919 qua
1015 1847 1333 1918 plerumque
1362 1847 1645 1902 veritatem
1669 1845 1968 1902 desideres.
1997 1847 2130 1901 Nam
2165 1857 2224 1902 ut
2257 1857 2468 1902 certum
2508 1847 2767 1902 existimo
2797 1844 2854 1899 S.
2894 1844 3154 1915 Babylam
3187 1858 3286 1913 pro
3307 1841 3474 1896 Chri-

188 1960 265 2003 sto
290 1963 498 2004 razsum
531 1963 674 2015 esse,
701 1947 774 2002 ita
810 1961 981 2018 genus
1006 1957 1061 2002 et
1095 1961 1320 2003 causam
1375 1944 1626 2016 martyrii
1656 1960 1720 2000 ex
1753 1944 1936 2016 populi
1989 1959 2214 2001 rumore
2253 1946 2456 2015 potius,
2489 1959 2651 2016 quam
2687 1960 2753 1998 ex
2801 1959 2926 1999 vera
2967 1958 3147 1998 rerum
3191 1950 3472 2012 gestarum

187 2043 404 2099 historia
439 2057 467 2094 a
494 2042 891 2113 Chrysostomo
920 2040 1154 2111 proferri
1181 2056 1289 2096 non
1331 2040 1559 2096 dubium
1588 2049 1691 2094 est.
1749 2039 1884 2094 Nam
1915 2040 2062 2109 quis,
2099 2054 2307 2110 quaeso,
2375 2038 2465 2093 ille
2502 2037 2668 2091 fuerit
2720 2036 3095 2090 Romanorum
3162 2034 3468 2105 imperator

186 2139 552 2203 Christianus,
581 2137 674 2206 qui
714 2137 844 2192 inita
878 2151 1003 2192 cum
1035 2151 1162 2208 rege
1188 2136 1421 2192 barbaro
1449 2151 1604 2206 pace,
1648 2137 1728 2201 jca
1760 2135 2100 2199 conditione,
2134 2142 2191 2188 ut
2246 2132 2418 2187 lilium
2457 2133 2544 2187 ille
2569 2133 2673 2188 sibi
2701 2129 3048 2186 educandum
3077 2129 3336 2192 traderet,
3373 2144 3470 2183 ac-

187 2239 391 2301 ceptum
427 2245 530 2300 pro
561 2231 787 2300 pignore
815 2230 969 2300 pacis
992 2229 1163 2286 ﬁlium
1191 2229 1479 2286 confestim
1499 2229 1855 2301 jugulaverit,
1897 2245 2074 2299 eaque
2114 2229 2182 2284 de
2214 2243 2380 2284 causa
2409 2244 2438 2282 a
2467 2229 2628 2282 beato
2665 2226 2865 2298 Bahyla
2916 2224 3163 2280 ecclesia:
3200 2223 3351 2278 aditu
3383 2223 3469 2276 in-

189 2325 472 2388 terclusus,
513 2323 767 2378 eumdem
803 2321 861 2378 S.
913 2322 1201 2394 praesulem
1239 2324 1294 2378 in
1339 2338 1617 2379 carcerem
1662 2323 1806 2378 trudi
1851 2331 1904 2378 et
1931 2321 2249 2376 obtruncari
2280 2319 2550 2392 jusserit?
2601 2318 2758 2374 Hunc
2789 2317 3182 2387 Imperatorem
3233 2315 3459 2386 quidam

185 2417 290 2472 sive
318 2419 654 2474 scholiastes
687 2418 801 2474 sive
829 2418 1088 2474 librarius
1113 2417 1246 2474 dicit
1284 2433 1407 2474 esse
1434 2416 1854 2474 Numerianum.
1908 2417 2031 2484 Quo
2063 2417 2195 2488 quid
2233 2416 2513 2487 ineptius?
2548 2415 2684 2470 Nam
2720 2413 2804 2470 vel
2838 2412 3216 2468 Christianum
3272 2411 3459 2466 dicere

186 2508 598 2576 Numerianum,
633 2510 715 2566 vel
746 2509 1152 2566 interfectorem
1188 2510 1476 2582 cujusdam
1523 2511 1665 2582 regis
1697 2510 2056 2566 barbarorum
2091 2509 2188 2566 ﬁlii
2228 2510 2282 2566 in
2326 2510 2480 2580 pacis
2507 2510 2707 2581 pignus
2753 2509 2857 2563 sibi
2891 2507 3097 2573 traditi,
3151 2521 3306 2577 mque
3340 2523 3466 2562 cum

187 2615 303 2656 vera
337 2603 575 2658 historia
607 2612 828 2673 pugnat.
863 2600 973 2656 Nec
1001 2601 1176 2671 magis
1203 2603 1445 2657 creditur
1467 2601 1619 2659 Actis
1671 2603 2002 2672 quibusdam
2034 2617 2066 2657 a
2096 2600 2363 2658 Bollando
2401 2603 2563 2658 editis
2596 2602 2663 2655 ad
2702 2601 2773 2657 24
2804 2600 3077 2666 Januarii,
3105 2599 3198 2655 ubi
3254 2598 3464 2656 Nume-

188 2693 364 2747 rianus
386 2693 665 2747 idolorum
689 2691 868 2746 cultor
898 2690 1177 2746 inducitur
1211 2690 1266 2746 S.
1305 2691 1562 2764 Babylam
1591 2699 1807 2748 teutans
1835 2693 1901 2747 ad
1939 2693 2277 2765 impietatem
2330 2709 2490 2750 suam
2521 2692 2757 2760 trahere,
2795 2694 3090 2763 ipsumque
3119 2707 3244 2747 cum
3277 2691 3466 2762 pueris

188 2787 499 2855 quibusdam
531 2783 780 2855 martyrii
814 2784 985 2856 gloria
1015 2783 1256 2840 alliciens
1286 2800 1298 2836 :
1337 2800 1459 2855 qum
1491 2793 1640 2840 certe
1671 2800 1780 2840 non
1817 2796 2049 2856 possunt
2079 2787 2145 2842 ad
2204 2786 2466 2858 Babylam
2497 2795 2748 2842 nostrum
2787 2785 3003 2841 referri.
3056 2784 3194 2841 Hinc
3219 2785 3456 2856 qinestio

188 2881 350 2935 oritur
376 2895 443 2933 an
475 2879 668 2948 plures
699 2874 942 2945 ejusdem
971 2877 1214 2931 nominis
1251 2876 1379 2933 sint.
1418 2878 1536 2945 Qua
1569 2877 1638 2933 de
1663 2893 1722 2934 re
1768 2877 1893 2935 vide
1922 2879 2248 2934 Bollandum
2282 2879 2335 2933 in
2367 2879 2521 2934 Actis
2551 2877 2653 2934 SS.
2686 2877 2939 2932 Januarii
2984 2879 3076 2934 2|.
3143 2878 3462 2934 Verisimile

189 2971 338 3041 igitur
366 2982 448 3029 est
481 2973 577 3026 hic
609 2971 994 3041 Imperatorem
1027 2968 1339 3041 Philippum
1375 2970 1689 3033 memorari,
1751 2970 1845 3041 qui
1887 2971 2102 3041 imperii
2129 2971 2420 3026 invadendi
2446 2987 2610 3027 causa
2643 2987 2788 3027 czeso
2844 2973 3124 3030 Gordiano
3182 2975 3465 3045 Augusto,

187 3077 457 3138 postquam
497 3074 614 3121 tam
644 3065 830 3136 iniqua
859 3066 1005 3120 caede
1035 3064 1147 3120 voti
1169 3080 1396 3136 compos
1428 3064 1605 3122 factus
1640 3065 1991 3122 Antiochiam
2017 3076 2265 3133 venerat,
2295 3064 2583 3122 Paschalis
2620 3074 2866 3136 tempore
2901 3068 2967 3121 ad
3007 3067 3298 3123 ecclesiam
3328 3084 3466 3138 pre-

187 3173 297 3214 cum
345 3159 852 3234 mysteriorumque
885 3175 1116 3215 consors
1175 3157 1418 3226 futurus,
1460 3160 1772 3215 accedebat.
1811 3160 1934 3230 Quo
1985 3169 2294 3233 comperto,
2329 3161 2390 3217 S.
2418 3159 2645 3231 Babylas
2674 3160 3026 3216 accedentem
3061 3161 3452 3231 Imperatorem

188 3253 388 3322 repulit,
433 3253 689 3309 ecclesiae
718 3254 866 3308 aditu
897 3253 1200 3320 interdixit,
1232 3263 1284 3310 et
1308 3255 1694 3324 poenitentium
1723 3256 1847 3312 loco
1873 3273 1932 3314 se
1963 3257 2160 3313 sistere
2188 3256 2378 3327 jussit,
2437 3255 2612 3311 donec
2643 3255 2964 3327 poenitentia
2993 3255 3182 3310 abluto
3210 3255 3466 3328 expiato-

189 3359 282 3413 que
311 3347 536 3412 scelere,
595 3346 662 3401 ad
693 3347 1138 3402 communionem
1187 3347 1426 3402 lldclium
1457 3357 1645 3418 postea
1696 3347 2050 3418 reciperetur.
2087 3347 2240 3404 Hanc
2275 3365 2307 3405 a
2341 3349 2400 3404 S.
2454 3348 2692 3420 praesule
2728 3347 3006 3416 repulsam
3057 3359 3214 3418 grato
3267 3347 3456 3404 animo

189 3441 526 3514 modesteque
556 3442 746 3498 tulisse
770 3440 1105 3512 Philippum,
1140 3451 1330 3497 narrat
1363 3440 1654 3505 Eusebius,
1691 3441 1933 3512 itemque
1960 3443 2347 3513 pcenitentium
2376 3443 2561 3498 locum
2595 3440 2820 3506 adiisse,
2853 3454 2917 3495 ac
2949 3449 3063 3495 tum
3099 3449 3468 3511 posteaquam

187 3533 374 3589 crimen
401 3535 710 3592 secundum
738 3535 993 3592 Ecclesia:
1024 3543 1228 3592 statuta
1255 3533 1566 3602 confessus,
1618 3535 2055 3607 exhomologesi,
2093 3545 2152 3591 ut
2183 3537 2474 3604 vocabant,
2500 3536 2666 3602 facta,
2702 3536 3050 3606 deposuerat,
3080 3533 3134 3589 in
3162 3533 3468 3591 Ecclesiam

189 3625 470 3686 admissum
499 3631 697 3686 fuisse.
731 3630 845 3686 Sub
878 3631 993 3686 ham
1017 3640 1200 3686 autem
1232 3631 1538 3702 imperante
1575 3631 1759 3700 Decio,
1797 3631 2242 3688 Christianorum
2279 3635 2459 3701 hoste,
2489 3633 2549 3690 Β.
2578 3631 2814 3705 Babylas
2844 3647 2944 3703 pro
2965 3632 3191 3689 Christo
3217 3635 3463 3689 cervices

188 3720 336 3777 dedit.
371 3723 530 3792 Quod
568 3725 636 3779 de
673 3723 996 3793 pmnitentia
1026 3725 1202 3794 deque
1227 3723 1654 3781 Christianismo
1683 3725 1918 3796 Philippi
1962 3725 2030 3780 ab
2063 3724 2304 3781 Eusebio
2339 3742 2449 3781 non
2475 3725 2632 3796 quasi
2661 3733 2894 3793 certum,
2920 3725 3016 3780 sed
3047 3741 3145 3781 ceu
3180 3742 3210 3780 a
3239 3726 3470 3796 quibus-

189 3811 297 3868 dam
327 3817 574 3871 auditum
603 3830 880 3882 narratur,
914 3832 944 3872 a
977 3817 1164 3872 multis
1193 3827 1420 3873 vocatur
1450 3818 1504 3872 in
1557 3818 1808 3876 dubium.
1840 3817 2120 3873 Adeautur
2153 3819 2210 3885 ii,
2253 3820 2344 3889 qui
2376 3835 2438 3874 ex
2473 3820 2726 3875 instituto
2760 3834 2872 3875 rem
2906 3820 3158 3889 pluribus
3187 3828 3462 3874 tractave-

189 3919 317 3964 runt.
351 3908 664 3966 Verisimile
687 3920 869 3966 autem
904 3919 1007 3977 est,
1051 3911 1128 3964 uti
1162 3911 1433 3974 dicebam,
1465 3926 1532 3965 ex
1560 3910 1790 3966 historia
1839 3912 1931 3967 illa
1967 3913 2230 3969 Gordiani
2280 3931 2309 3969 a
2336 3914 2584 3984 Philippo
2616 3914 2742 3970 caesi
2776 3929 3033 3969 manasse
3086 3915 3258 3977 illam,
3296 3932 3464 3984 quam

189 4002 417 4069 superius
447 4020 514 4058 ex
553 4001 950 4074 Chrysostomo
983 4003 1308 4072 retulimus;
1338 4004 1430 4060 sed
1466 4004 1539 4058 ita
1567 4004 1910 4074 deturpatam
1935 4005 2411 4077 deformatamque
2443 4007 2498 4060 in
2525 4007 2784 4064 omnibus
2809 4007 2927 4062 suis
2950 4006 3222 4078 partibus,
3260 4015 3321 4062 ut
3355 4007 3464 4060 alia

190 4093 384 4158 penitus
414 4112 539 4153 esse
575 4095 847 4151 videatur.

248 4215 420 4289 Longe
450 4219 674 4276 saniora
703 4231 832 4274 sunt
861 4235 982 4289 quae
1015 4219 1081 4274 de
1123 4219 1370 4289 reliquiis
1401 4220 1458 4275 S.
1491 4220 1708 4292 Babylas
1741 4237 1806 4277 ex
1841 4221 2110 4278 suburbio
2145 4219 2400 4292 Daphnes
2431 4223 2485 4279 in
2521 4225 2710 4280 urbem
2743 4224 3095 4280 Antiochiam
3125 4224 3462 4297 Chrysoslo~

190 4326 295 4367 mus
321 4324 585 4376 recenset,
615 4329 824 4368 necnon
857 4314 924 4369 de
958 4315 1162 4384 templo
1183 4316 1452 4384 Apollinis
1481 4315 1748 4372 divinitus
1781 4326 1928 4372 tacto
1956 4327 2012 4373 et
2033 4319 2345 4374 combusto.
2377 4318 2586 4374 Horum
2615 4321 2762 4374 enim
2798 4336 2905 4375 non
2944 4321 3059 4390 ipse
3088 4321 3253 4375 modo
3283 4321 3431 4391 Chry
3459 4356 3465 4363 -

191 4416 442 4464 sostomus
463 4407 618 4481 [ωδε]
644 4409 896 4464 oculatus
936 4409 1087 4464 testis
1114 4419 1250 4471 erat,
1281 4410 1374 4465 sed
1402 4411 1565 4465 etiam
1607 4427 1799 4467 omnes
1824 4413 1944 4482 ehs
1978 4415 2281 4481 auditores,
2313 4431 2456 4486 quos
2484 4416 2538 4470 in
2568 4417 2794 4472 homilia
2823 4433 2924 4474 sua
2953 4416 3276 4487 alloquitur.
3311 4417 3462 4474 lllius

191 4497 316 4552 enim
347 4501 581 4573 prodigii
606 4516 734 4557 cum
762 4501 816 4556 in
848 4501 1072 4557 homilia
1106 4511 1219 4556 tum
1253 4503 1309 4556 in
1345 4503 1484 4558 libro
1523 4504 1590 4559 de
1619 4503 1820 4575 Bahyla
1853 4507 2187 4561 mentionem
2226 4507 2378 4562 facit.

249 4617 486 4678 llomilia:
523 4624 902 4694 interpretatio
958 4624 1153 4680 Latina
1182 4637 1266 4680 est
1294 4627 1588 4682 Frontonis
1639 4628 1844 4684 Ducmi.
1877 4629 2024 4684 Libri
2088 4647 2215 4686 vero
2265 4631 2319 4686 in
2353 4631 2614 4703 Babylam
2649 4641 2705 4687 et
2740 4639 2933 4686 contra
2964 4627 3242 4684 Julianum
3283 4630 3456 4684 inter-

193 4715 524 4776 pretationem
563 4734 758 4773 novam
789 4721 1204 4786 adornarimus,
1237 4722 1363 4792 quia
1393 4721 1649 4778 Germani
1680 4723 1845 4778 Brixii
1888 4725 2001 4791 illa,
2036 4741 2159 4796 qua:
2198 4726 2251 4779 in
2285 4725 2439 4796 prius
2479 4726 2644 4781 editis
2674 4737 2811 4791 erat,
2838 4723 3200 4796 paraphrasin
3229 4722 3458 4777 omnino

196 4806 430 4872 sapiebat.

237 5110 3442 5151 ————_-———————————____—_______-

684 5279 858 5365 ΕΙΣ
914 5281 1141 5365 TON
1199 5280 1537 5365 ΛΓΙΟΝ
1592 5282 2356 5371 ΙΕΡΟΜΑΡΤΥΡΑ
2413 5288 2944 5378 ΒΑΒΥΛΑΝ.

215 5642 230 5656 ῃ
267 5565 482 5660 α’.ςΕγὼ
502 5571 597 5642 μὲν
620 5573 916 5645 ἐϐουλόμην
937 5577 1300 5629 ἀποδοῦναι-τὸ
1322 5579 1478 5649 χρέος
1495 5581 1754 5650 τήμερον,
1869 5583 1918 5635 τί
1953 5582 2139 5644 πάοω;
2178 5585 2396 5649 Μεταξὺ
2431 5589 2620 5652 φανεὶς
2653 5591 2680 5640 ὁ
2715 5588 2983 5660 μακάριος
3018 5589 3281 5652 Βαϐύλας,
3314 5590 3448 5660 πρὸς

213 5650 236 5693 '0
265 5650 438 5718 πρώην
477 5655 703 5709 ἐνταῦθα
751 5659 1040 5728 γενόμενος
1086 5660 1398 5732 ὑπεσχόμην
1433 5663 1586 5734 ὑμῖν·
1626 5663 1760 5716 ἀλλὰ
1869 5666 2060 5720 ἑαυτὸν
2110 5669 2256 5738 ἡμᾶς
2307 5671 2587 5735 ἐκάλεσεν,
2619 5675 2680 5726 οὐ
2715 5650 2912 5742 ⁷φωνήν
2958 5673 3134 5742 ἀφεὶς,
3193 5675 3326 5729 ἀλλὰ
3359 5650 3447 5746 ’τῇ

508 5756 775 5811 i’tTnOL.
813 5755 930 5811 (in.
973 5755 1038 5812 L.
3104 5756 3137 5816 8
