4032 6432
1235 319 1292 375 S.
1333 319 1621 379 JOANNIS
1658 323 2153 381 CIIRYSOSTOMI
2191 326 2517 386 ARCIIIEP.
2559 329 3114 394 CONSTANTINOP.

518 433 837 505 ’λαμπηδόνι
871 434 969 504 τῆς
1019 433 1189 502 ὅψεως
1227 433 1560 505 ἐκστρέψας
1604 435 1771 504 ἡμᾶς.
1809 433 1900 504 Μὴ
1933 434 2114 487 τοίνυν

530 525 901 598 δυσχεράνητε
955 524 1093 595 πρὸς
1126 524 1223 595 τὴν
1272 524 1567 596 ὑπέρθεσιν
1592 526 1704 595 ,τῆς
1771 525 2113 586 ἀποδόσεως*

533 618 751 681 πάντως
794 618 907 688 ὅσῳ
941 616 1144 670 πλείων
1170 617 1379 688 γίνεται
1402 619 1430 669 6
1456 619 1668 688 χρόνος,
1697 617 1939 686 τοσούτῳ
1967 616 2061 669 καλ⁸
2088 619 2118 670 6

406 781 412 786 ἰ
531 708 688 771 τόκος
723 708 857 778 ὑμῖν
896 706 1136 774 αὔξεται.
1188 708 1344 761 Μετά
1393 708 1503 779 γὰρ
1540 708 1702 761 τόκου
1748 706 1812 760 16
1853 706 2118 779 ἀργύριον

534 798 690 851 τοῦτο
706 798 1161 869 καταϐαλούμεθα
1182 814 1196 830 ⁸
1223 798 1410 868 ἐπειδὴ
1429 799 1524 851 καὶ
1544 800 1575 852 6
1594 798 2119 870 παρακαταθέμενος

532 892 666 943 αὐτὸ
687 890 964 961 Δεσπότης
989 889 1163 954 οὔτως
1191 889 1468 945 ἐκέλευσε.
1490 887 1835 963 Θαρροῦντες
1856 884 1951 942 οὖν
1975 887 2117 959 ὑπὲρ

532 981 642 1035 τῶν
674 980 1125 1052 δεδανεισμένων,
1171 981 1247 1045 ὡς
1285 979 1509 1034 καὶτοῦ
1539 979 1839 1050 κεφαλαίου
1879 979 1976 1033 καὶ
2015 980 2117 1049 τῆς

529 1072 793 1143 ἐργασίας
845 1072 1117 1143 μενόντων
1165 1072 1316 1144 ὑμῖν,
1361 1071 1425 1125 16
1469 1071 1827 1143 παρεμπεσὸν
1876 1072 2117 1142 σήμερον

538 1164 731 1234 κέρδος
778 1164 853 1235 μὴ
909 1163 1362 1235 παραδράμωμεν
1382 1201 1399 1228 ,
1442 1163 1580 1218 ἀλλά
1607 1162 2118 1235 κατατρυφήσωμεν

541 1254 650 1306 τῶν
680 1255 775 1309 τοῦ
808 1255 1084 1327 μακαρίου
1115 1250 1337 1309 Βαϐύλα
1367 1253 1833 1327 κατορθωμάτων.

600 1390 790 1454 Ὅπως
821 1390 922 1461 μὲν
950 1387 1045 1445 οὖν
1072 1391 1174 1463 τῆς
1212 1391 1541 1464 Ἐκκλησίας
1572 1389 1813 1463 προέστη
1838 1389 1940 1462 τῆς
1983 1387 2116 1460 παρ’

531 1485 688 1553 ἡμῖν.
710 1482 805 1539 καὶ
832 1483 930 1554 τὴν
948 1483 1098 1555 ἱερὸν
1124 1483 1331 1557 ταύτην
1348 1483 1573 1537 διέσωσε
1598 1480 1755 1547 ναῦν,
1784 1484 1843 1537 ἐν
1865 1480 2115 1553 χειμῶνι,

528 1575 620 1628 καὶ
660 1574 914 1639 κλύδωνι,
969 1575 1067 1628 καὶ
1119 1574 1351 1647 κύμασι,
1400 1575 1496 1629 καὶ
1534 1575 1667 1645 ὅσην
1720 1573 1858 1646 πρὸς
1896 1570 2118 1643 βασιλέα

527 1666 843 1738 παρρησίαν
881 1666 1214 1734 ἐπεδείξατο,
1252 1667 1349 1722 καὶ
1398 1666 1521 1732 πῶς
1568 1665 1668 1739 τὴν
1702 1665 1881 1738 ψυχὴν
1919 1663 2116 1736 έθηκεν

519 1760 672 1833 ὑπὲρ
704 1760 815 1815 τῶν
849 1759 1163 1832 προϐάτων,
1194 1759 1288 1813 καὶ
1307 1758 1406 1831 τὴν
1441 1758 1719 1831 μακαρίαν
1759 1756 1975 1828 ἐκείνην
2008 1754 2118 1810 ἐδέ-

529 1852 658 1917 ξατο
699 1854 948 1925 σφαγήν·
990 1849 1185 1916 ταῦτα,
1218 1851 1313 1906 καὶ
1341 1849 1411 1905 τά
1444 1851 1696 1917 τοιαῦτα,
1730 1852 1845 1914 τοῖς
1881 1847 2118 1921 πρεσϐυ-

528 1943 712 2013 τέροις
737 1942 846 1996 τῶν
869 1941 1204 1996 διδασκάλων
1222 1942 1317 1995 καὶ
1347 1940 1427 2013 τῷ
1443 1939 1610 2012 κοινῷ
1627 1939 1797 2011 πατρὶ
1818 1937 1940 2012 [τῷ]
1959 1936 2117 2009 ήμῶν

530 2036 820 2107 ἀφήσομεν
849 2036 1049 2090 εἰπεῖν.
1075 2035 1157 2088 Τά
1203 2033 1313 2107 γὰρ
1350 2033 1688 2107 ἀρχαιότερα
1714 2032 1824 2086 τῶν
1850 2028 2115 2103 πραγμά-

526 2143 638 2180 των
664 2128 713 2180 οἱ
738 2125 1113 2199 γεγηρακότες
1137 2126 1266 2198 ὑμῖν
1285 2125 1539 2180 δύνανται
1565 2122 1872 2197 διηγεῖσθαι
1900 2122 2078 2188 καλῶς
2097 2138 2114 2156 ο

528 2219 630 2272 ὅσα
660 2217 717 2272 δὲ
743 2218 941 2272 νεωστὶ
970 2217 1186 2287 γέγονε,
1211 2218 1308 2271 καὶ
1348 2218 1443 2272 ἐπὶ
1469 2217 1570 2289 τῆς
1591 2215 1812 2289 ἡλικίας
1837 2214 1938 2286 τῆς
1981 2216 2117 2285 ἠμε-

528 2307 714 2381 τέρας,
742 2308 915 2363 ταῦτα
958 2310 988 2362 6
1013 2307 1134 2373 νέος
1166 2305 1279 2378 ἐγὼ
1313 2305 1450 2379 πρὸς
1484 2306 1630 2378 ὑμᾶς
1661 2304 2018 2376 διηγήσομαι,
2047 2302 2117 2357 τὰ

528 2402 668 2474 μετά
692 2401 950 2472 τελευτὴν
971 2401 1140 2470 λέγω,
1169 2399 1241 2453 τά
1273 2399 1412 2471 μετά
1437 2398 1539 2470 τὴν
1568 2396 1746 2469 ταφὴν
1779 2394 1875 2449 τοῦ
1911 2394 2117 2466 μάρτυ-

523 2513 641 2568 ρος,
670 2495 743 2550 τά
781 2495 945 2568 ἡνίκα
978 2494 1037 2548 ἐν
1078 2493 1158 2565 τῷ
1192 2491 1503 2564 προαστείῳ
1546 2489 1805 2563 διέτριϐε.
1846 2490 1959 2545 Καὶ
1998 2484 2116 2543 οἶδα

522 2589 650 2658 ⁴μὲν,
678 2588 762 2641 ὅτι
804 2586 1129 2657 γελάσονται
1166 2584 1267 2656 τὴν
1309 2583 1603 2654 ὑπόσχεσιν
1636 2582 1793 2654 ἡμῶν
1832 2579 2112 2652 Ἕλληνες,

525 2682 575 2733 εἰ
624 2678 765 2750 μετά
806 2678 1069 2750 τελευτὴν
1108 2677 1205 2731 καὶ
1250 2674 1428 2747 ταφὴν
1462 2674 1534 2730 τά
1573 2674 1668 2728 τοῦ
1714 2674 1982 2744 ταφέντος
2020 2672 2116 2725 καὶ

509 2767 867 2832 ’διαλυθέντος
895 2769 976 2832 είς
1008 2767 1159 2822 κόνιν
1192 2763 1603 2836 ὑπισχνούμεθα
1632 2763 1813 2833 λέγειν
1839 2761 2113 2836 ἀνδραγα-

512 2860 779 2932 εθήματα·
814 2861 875 2915 οὐ
914 2859 1020 2931 μὴν
1062 2858 1152 2912 διὰ
1176 2857 1338 2913 τοῦτο
1375 2858 1696 2928 σιγήσομεν,
1731 2855 1869 2910 ἀλλά
1912 2854 2006 2907 καὶ
2044 2852 2113 2907 δι’

530 2953 667 3005 αὐτὸ
690 2950 853 3006 τοῦτο
883 2950 1121 3023 μάλιστα
1144 2949 1403 3022 ἐροῦμεν,
1434 2949 1524 3002 ἵνα
1551 2947 1613 3001 16
1633 2945 1935 3020 παράδοξον
1956 2942 2115 2999 τοῦτο

526 3044 797 3113 δείξαντες
837 3043 1076 3115 ἀληθῶς,
1107 3044 1199 3097 τὸν
1228 3042 1442 3113 γέλωτα
1481 3042 1562 3105 είς
1581 3041 1679 3111 τὴν
1707 3038 1930 3094 ἐκείνων
1957 3054 2115 3110 περι-

525 3138 816 3211 τρέψωμεν
858 3135 1122 3207 κεφαλήν.
1167 3132 1483 3206 Ἀνθρώπου
1519 3132 1617 3204 μὲν
1646 3130 1755 3204 γὰρ
1796 3128 1984 3194 ἁπλῶς
2013 3128 2114 3184 οὐκ

529 3232 596 3284 ἀν
641 3229 854 3298 γένοιτο
883 3225 1288 3298 κατορθώματα
1323 3223 1462 3298 μετά
1499 3224 1789 3296 τελευτήνθ
1833 3220 2112 3295 μάρτυρος

513 3322 582 3376 -δέ
632 3321 827 3390 γένοιτ’
878 3319 945 3374 ἂν
991 3318 1165 3373 πολλά
1213 3319 1312 3373 καὶ
1361 3317 1596 3390 μεγάλα,
1631 3318 1730 3388 οὐχ
1767 3316 1854 3370 ἵνα
1900 3316 2113 3380 ἐκεῖνος

520 3410 909 3483 λαμπρότερος
942 3410 1168 3481 γένηται
1214 3408 1393 3478 (οὐδὲν
1415 3408 1524 3480 γὰρ
1551 3407 1702 3479 αὐτῷ
1728 3407 1809 3461 δεῖ
1833 3406 1932 3478 τῆς
1960 3405 2112 3476 παρά

527 3506 636 3561 τῶν
662 3504 871 3558 πολλῶν
900 3503 1102 3573 δόξης),
1122 3500 1236 3556 ἀλλ’
1267 3501 1357 3556 ἵνα
1387 3501 1450 3556 σὺ
1486 3500 1665 3573 μάθῃς
1696 3501 1726 3553 6
1757 3498 2006 3563 ἄπιστος,
2028 3498 2111 3552 ὅτι

478 3588 481 3593 ’
529 3601 757 3662 θάνατος
820 3595 1114 3669 μαρτύρων
1160 3594 1261 3648 οὐκ
1313 3593 1429 3647 ἐστι
1480 3592 1730 3659 θάνατος,
1779 3591 1916 3646 ἀλλά
1962 3589 2111 3662 ζωῆς

512 3692 795 3762 ,βελτίονος
811 3689 953 3760 ἀρχὴ
972 3687 1067 3742 καὶ⁸
1093 3683 1368 3749 πολιτείας
1390 3683 1914 3755 πνευματικωτέρας
1925 3683 2111 3755 προοί-

535 3804 653 3857 μια,
698 3784 794 3839 καὶ
843 3782 1173 3855 μετάστασις
1226 3778 1332 3832 ἀπὸ
1372 3776 1484 3831 τῶν
1515 3777 1815 3832 ἐλαττόνων
1853 3776 1988 3847 πρὸς
2045 3775 2112 3830 τά

510 3877 743 3949 βελτίω.
769 3877 860 3947 Μὴ
878 3874 987 3945 γάρ
1012 3873 1076 3945 δὴ
1098 3870 1257 3925 τοῦτο
1287 3869 1424 3942 ἴδῃς,
1441 3870 1522 3924 ὅτι
1546 3869 1753 3940 γυμνὸν
1776 3868 1870 3951 τοῦ
1905 3868 2111 3941 μάρτυ-

532 3988 625 4045 90;
652 3969 713 4023 16
745 3967 907 4039 σῶμα
938 3966 1224 4038 πρόκειται
1258 3963 1357 4034 τῆς
1391 3962 1631 4033 ψυχικῆς
1663 3961 1942 4033 ἐνεργείας
1976 3962 2108 4035 ἐρη-

518 4063 665 4135 ’μοψ
696 4061 808 4116 ἀλλ’
844 4062 1021 4113 ἐκεῖνο
1055 4057 1271 4119 σκόπει,
1301 4057 1383 4109 ὅτι
1412 4056 1513 4125 τῆς
1539 4055 1718 4126 ψυχῆς
1747 4054 1919 4126 αὐτῆς
1944 4056 2107 4127 ἑτέρα

518 4154 920 4228 ’παρακάθηται
967 4149 1172 4222 μείζων
1217 4148 1367 4220 αὐτῷ
1414 4147 1666 4219 δύναμις,
1720 4148 1755 4217 ἡ
1804 4148 1899 4201 τοῦ
1950 4147 2106 4217 ἁγίου

522 4248 849 4318 Πνεύματος
879 4240 1062 4313 χάρις,
1102 4240 1269 4293 πᾶσιν
1309 4237 1449 4310 ὑπὲρ
1472 4238 1570 4308 τῆς
1598 4236 1949 4299 ἀναστάσεως
1980 4238 2110 4289 ἀπο⁶

525 4336 866 4409 ολογουμένη,
917 4333 986 4387 δι’
1031 4324 1107 4384 ὧν
1159 4329 1576 4399 θαυματοποιεῖ.
1654 4326 1805 4399 [5⁸52]
1877 4328 1938 4380 Εἰ
1997 4328 2107 4398 γὰρ

529 4433 742 4503 νεκροῖς
763 4425 979 4498 σώμασι
997 4422 1092 4477 καὶ
1120 4418 1450 4474 διαλυθεῖσιν
1474 4418 1555 4481 είς
1583 4417 1734 4470 κόνιν
1757 4417 1979 4488 μείζονα
1999 4416 2107 4472 τῶν

527 4522 749 4587 ζώντων
795 4515 1052 4570 ἁπάντων
1083 4510 1312 4580 δύναμιν
1334 4509 1363 4560 6
1408 4505 1539 4569 Θεὸς
1575 4506 1893 4578 ἐχαρίσατο,
1927 4506 2108 4579 πολλῷ

526 4614 733 4687 μᾶλλον
757 4613 944 4676 αὐτοῖς
972 4609 1121 4682 ζωὴν
1165 4612 1439 4684 χαριεῖται
1461 4608 1657 4681 βελτίω
1685 4610 1786 4680 τῆς
1810 4608 2105 4679 προτέρας,

516 4708 625 4764 ,καὶ
663 4703 1084 4777 μακαριωτέραν
1130 4703 1274 4758 κατά
1298 4703 1391 4757 τὸν
1427 4702 1538 4757 τῶν
1579 4703 1861 4774 στεφάνων
1894 4703 2105 4775 καιρόν.

526 4788 663 4855 Τίνα
683 4796 776 4854 οὖν
806 4800 955 4852 ἐστιν
971 4796 1136 4852 αὐτοῦ
1157 4796 1225 4851 τά
1254 4795 1694 4867 κατορθώματα;
1729 4794 1894 4850 Ἀλλά
1924 4797 2001 4868 μὴ
2021 4797 2110 4852 θο-

530 4892 830 4967 ρυϐηθῆτε,
866 4891 932 4947 ἂν
967 4890 1163 4962 μικρὸν
1189 4889 1447 4958 ἀνωτέρω
1472 4889 1566 4942 τὸν
1592 4889 1751 4957 λόγον
1786 4889 2106 4961 ἀγάγωμεν.

527 4987 638 5039 Καὶ
675 4984 786 5056 γὰρ
814 4985 864 5037 οἱ
891 4982 1239 5049 τάςέίκόνας
1264 4982 1530 5049 ἐπιδεῖξαι
1566 4980 1881 5054 βουλόμενοι
1904 4981 2104 5051 καλῶς,

527 5077 728 5151 μικρὸν
743 5077 838 5129 τοῦ
858 5075 1185 5129 πινακίσκου
1204 5074 1330 5138 τοὺς
1353 5073 1659 5146 θεωμένους
1676 5075 2103 5146 ἀποστήσαντες,

523 5170 700 5233 οὕτως
730 5166 900 5230 αὐτὰς
932 5164 1358 5231 ἐκκαλύπτουσι,
1408 5165 1752 5238 σαφεστέραν
1780 5166 1860 5238 τῷ
1880 5167 2105 5240 διαστή-

526 5280 660 5333 ματι
697 5259 979 5323 ποιοῦντες
1010 5258 1110 5330 τὴν
1138 5257 1262 5329 ὄψιν
1295 5258 1501 5324 αὐτοῖς.
1557 5261 1883 5333 Ἀνάσχεσθε
1926 5262 2106 5317 τοίνυν

524 5356 617 5407 καὶ
656 5354 817 5424 ὑμεῖς
855 5351 935 5414 είς
970 5350 1213 5404 τούπίσω
1253 5348 1346 5402 16v
1377 5350 1535 5420 λόγον
1566 5351 1900 5407 ἀνελκόντων
1926 5354 2102 5426 ήμῶν.

605 5485 825 5556 Ἐπειδὴ
852 5484 961 5557 γὰρ
991 5485 1020 5537 6
1053 5483 1264 5547 πάντας
1295 5482 1525 5555 ἀσεϐείᾳ
1548 5488 1780 5557 νικήσας
1817 5487 2104 5556 Ἰουλιανὸς

526 5575 692 5647 ἀνέϐη
743 5578 835 5631 ἐπὶ
863 5578 955 5630 16v
987 5578 1177 5649 θρόνον
1222 5579 1316 5634 τὸν
1362 5578 1666 5650 βασιλικὸν,
1695 5584 1789 5636 καὶ
1824 5584 1936 5639 τῶν
1969 5587 2105 5659 σκή-

528 5680 712 5737 πτρων
741 5667 1035 5721 ἐπελάϐετο
1059 5668 1169 5723 τῶν
1207 5670 1564 5737 δεσποτικῶν,
1599 5673 1802 5740 εὐθέως
1829 5676 1925 5731 καὶ
1961 5678 2103 5733 κατά

525 5755 622 5807 τοῦ
654 5758 1013 5831 πεποιηκότος
1040 5760 1200 5818 αὐτὸν
1237 5766 1338 5832 τὰς
1363 5767 1553 5838 χεῖρας
1575 5766 1777 5840 ἀντῆρε
1813 5770 1971 5838 Θεοῦ,
2005 5773 2100 5827 καὶ

2217 436 2310 490 16v
2334 436 2630 509 εὐεργέτην
2645 438 2903 507 ἠγνόησε,
2926 439 3020 491 καὶ
3040 438 3284 493 κάτωθεν
3298 439 3523 513 ἀπὸτῆς
3540 442 3644 515 τῆς
3657 444 3819 517 πρδε

2215 527 2308 581 τὸν
2333 528 2561 599 οὐρανὸν
2593 529 2807 599 βλέπων
2848 529 3071 585 ὑλάκτει
3107 530 3250 583 κατά
3279 531 3406 595 τοὺς
3438 534 3816 604 μαινομένους

2215 620 2325 673 τῶν
2353 619 2553 681 κυνῶν.
2583 620 2633 674 οἳ
2656 620 2753 674 καὶ
2793 619 2906 672 τῶν
2936 620 3011 692 μὴ
3035 621 3370 692 τρεφόντων,
3403 622 3501 677 καὶ
3522 623 3633 677 τῶν
3661 642 3814 697 τρε.

2216 710 2426 780 φόντων
2471 711 2674 782 ὁμοίως
2722 710 3067 766 καταϐοῶσιο
3104 712 3304 782 μᾶλλον
3352 713 3410 767 δὲ
3442 716 3539 767 καὶ
3568 715 3815 771 ἐκείνων

2215 802 2559 874 ἀγριωτέραν
2586 804 2763 874 ἐμάνη
2800 802 3020 873 μανίαν.
3060 805 3124 855 Οί
3160 802 3260 875 μὲν
3288 805 3399 875 γὰρ
3434 805 3529 859 καὶ
3558 802 3687 871 τοὺς
3725 807 3805 859 ol-

2216 894 2398 957 κείους
2434 894 2533 948 καὶ
2582 896 2712 959 τοὺς
2759 894 3075 966 ἀλλοτρίους
3114 894 3319 965 ὁμοίως
3357 896 3817 969 ἀποστρέφονται

2217 987 2312 1040 καὶ
2338 987 2587 1058 μισοῦσιν
2605 1006 2616 1018 ·
2645 981 2801 1051 οὗτος
2818 987 2878 1040 δὲ
2900 988 3028 1051 τοὺς
3049 986 3148 1057 μὲν
3169 987 3485 1059 ἀλλοτρίους
3497 989 3600 1060 τῆς
3626 989 3816 1044 αὐτοῦ

2219 1073 2495 1144 σωτηρίας
2526 1073 2787 1145 δαίμονας
2816 1073 3020 1137 ἐσαινε,
3050 1074 3145 1127 καὶ
3174 1074 3341 1128 παντὶ
3356 1072 3653 1143 θεραπείας
3685 1075 3836 1129 ἐθε-

2221 1163 2429 1235 ράπευε
2455 1163 2679 1235 τρόπῳ*
2711 1164 2804 1218 τὸν
2830 1164 2890 1218 δέ
2927 1164 3248 1236 εὐεργέτην,
3291 1164 3385 1217 καὶ
3427 1164 3667 1235 σωτῆρα,
3704 1167 3815 1219 καὶ

2219 1256 2354 1327 μηδὲ
2374 1252 2471 1307 τοῦ
2501 1253 2841 1323 Μονογενοῦς
2869 1254 3198 1325 φεισάμενον
3216 1253 3285 1307 δι’
3311 1253 3492 1317 αὐτὸν,
3516 1254 3827 1324 ἀπεστρά.

2216 1362 2314 1417 φη,
2342 1345 2438 1400 καὶ
2477 1345 2682 1416 ἐμίσει,
2715 1346 2810 1399 καὶ
2833 1345 2927 1399 τὸν
2955 1345 3189 1417 σταυρὸν
3214 1344 3449 1417 διέσυρε,
3479 1347 3746 1417 πρᾶγμα,
3778 1350 3815 1402 ὃ

2215 1440 2316 1511 τὴν
2345 1440 2674 1511 οἰκουμένην
2724 1442 2810 1493 ἐπ’
2838 1440 2963 1510 ὄψιν
3008 1439 3274 1511 κειμένην
3299 1441 3584 1512 ἀνέστησε,
3608 1441 3710 1495 καὶ
3744 1442 3818 1495 τὸ

2218 1535 2412 1598 σκότος
2458 1533 2725 1587 πάντοθεν
2762 1532 3036 1604 ἀπήλασε,
3088 1531 3324 1587 καὶτῶν
3373 1531 3607 1585 ἀκτίνων
3663 1533 3808 1602 ἡμῖν

2216 1626 2600 1699 λαμπρότερον
2639 1626 2903 1695 εἰσήγαγε
2947 1623 3086 1694 φῶς.
3116 1623 3379 1703 Καὶ.ιούδέ
3426 1622 3660 1676 ἐνταῦθα
3695 1625 3809 1694 τῆς

2221 1716 2422 1788 μανίας
2443 1715 2656 1780 ἵστατο,
2688 1714 2802 1769 ἀλλ’
2840 1717 2905 1768 ἐκ
2941 1714 3114 1785 μέσης
3140 1712 3553 1785 ἀναρπάσεσθαι
3590 1712 3692 1781 τῆς
3722 1712 3805 1765 ol-

2216 1812 2490 1884 κουμένης
2525 1811 2586 1865 16
2615 1810 2725 1864 τῶν
2753 1809 3054 1864 Γαλιλαίων
3082 1807 3232 1872 ἔθνος
3272 1805 3671 1876 ἐπηγγέλλετο’
3702 1804 3817 1858 καὶ

2215 1904 2324 1975 γὰρ
2360 1902 2533 1964 οὓτως
2566 1902 2714 1973 ἡμᾶς
2746 1899 2929 1955 είώθει
2970 1898 3178 1953 καλεῖν.
3216 1898 3409 1952 Καίτοι
3442 1899 3492 1950 εί
3521 1896 3581 1949 16
3624 1896 3816 1966 δνομα

2184 1994 2326 2062 ιτῶν
2366 1991 2709 2065 Χριστιανῶν
2742 1991 2913 2062 μύσος
2941 1987 3083 2045 εἶναι
3111 1988 3352 2061 ἐνόμιζε,
3378 1987 3473 2041 καὶ
3504 1985 3709 2056 πολλῆς
3743 1989 3815 2042 16

2218 2088 2453 2160 πρᾶγμα
2478 2086 2670 2156 γέμειν
2696 2083 2984 2155 αἰσχύνης,
3011 2084 3155 2146 τίνος
3196 2082 3384 2135 ’ἐνεκεν
3406 2080 3505 2134 οὐκ
3545 2078 3814 2134 ἐντεῦθεν

2214 2182 2387 2253 ἡμᾶς,
2438 2178 2552 2233 ἀλλ’
2589 2178 2816 2249 ὀνόματι
2866 2176 3004 2247 ξένῳ
3065 2172 3449 2245 καταισχύνειν
3493 2170 3810 2241 ἐπεθύμεις

2228 2275 2389 2329 Ἀλλά
2405 2275 2515 2346 γάρ
2538 2272 2656 2346 ᾔδει
2683 2269 2893 2341 σαφῶς,
2915 2270 2997 2323 δτι
3015 2269 3076 2322 16
3093 2266 3376 2322 καλεῖσθαι
3404 2264 3513 2319 ἀπὺ
3532 2264 3633 2334 τῆς
3659 2263 3813 2334 πρὸς

2215 2369 2306 2423 τὸν
2337 2367 2573 2440 Χριστὸν
2594 2365 2946 2427 οἰκειώσεως,
2973 2362 3075 2416 οὐκ
3104 2358 3414 2433 ἀνθρώποις
3447 2358 3629 2429 μόνον,
3658 2356 3810 2410 ἀλλά

2214 2463 2309 2517 καὶ
2348 2460 2620 2531 ἀγγέλοις,
2652 2459 2749 2513 καὶ
2774 2460 2893 2521 ταῖς
2920 2455 3178 2525 ἀνωτέρω
3204 2452 3468 2523 δυνάμεσι
3501 2449 3676 2521 μέγας
3702 2449 3812 2502 16-

2216 2573 2352 2629 σμος
2375 2554 2511 2610 ἐστί.
2543 2553 2643 2607 Διά
2663 2552 2822 2606 τοῦτο
2846 2550 3024 2605 πάντα
3047 2548 3240 2612 ἐκίνει,
3265 2544 3405 2599 ὥστε
3433 2543 3622 2598 τοῦτον
3646 2542 3810 2613 ἡμᾶς

2214 2649 2557 2720 ἀποσυλῆσαι
2587 2647 2681 2700 τὸν
2714 2643 2942 2715 κόσμον,
2971 2641 3066 2696 καὶ
3096 2637 3395 2693 καταλῦσαι
3422 2634 3485 2688 16
3509 2634 3806 2704 κήρυγμα.

2227 2741 2390 2797 Ἀλλά
2444 2738 2605 2795 τοῦτο
2652 2737 2935 2809 ἀμήχανον
2979 2728 3071 2805 ῆν,
3119 2729 3272 2785 ἄθλιε
3312 2727 3410 2785 καὶ
3458 2723 3807 2794 ταλαίπωρε,

2213 2836 2406 2906 ὥσπερ
2435 2834 2717 2905 ἀμήχανον
2760 2825 2830 2900 ῆν
2871 2823 3225 2895 κατασκάψαι
3268 2821 3360 2876 τὸν
3399 2817 3650 2892 οὐρανὸν,
3701 2815 3808 2870 καὶ
3870 2866 3875 2873 λ

2216 2927 2406 2982 σϐέσαι
2434 2925 2527 2978 τὸν
2555 2923 2732 2994 ῆλιον,
2759 2922 2854 2975 καὶ
2896 2918 2966 2973 τά
3008 2917 3239 2990 Θεμέλια
3266 2914 3368 2985 τῆς
3395 2913 3499 2985 γῆς
3524 2911 3808 2963 διασεῖσαι

2214 3021 2309 3075 καὶ
2335 3018 2685 3074 καταϐαλεῖν.
2703 3014 2813 3069 Καὶ
2833 3014 3009 3068 ταῦτα
3028 3005 3484 3084 προανεφώνησεν
3509 3004 3539 3056 6
3561 3000 3805 3073 Χριστὸς

2213 3112 2388 3177 οὕτως
2411 3109 2608 3165 εἰπών⁸
2659 3109 2722 3162 '0
2767 3105 3026 3177 οὐρανὸς
3063 3102 3165 3157 καὶ
3188 3102 3228 3170 ἢ
3260 3098 3337 3171 τῆ
3385 3095 3804 3167 παρελεύσον-

2212 3224 2307 3262 ται
2327 3222 2341 3236 ⁸
2366 3210 2419 3261 οἱ
2444 3206 2513 3259 δὲ
2536 3206 2705 3274 λόγοι
2730 3220 2851 3271 μου
2876 3202 2948 3256 οὐ
2972 3196 3060 3269 μὴ
3089 3195 3492 3265 παρέλθωσιν.
3534 3186 3677 3241 Ἀλλ’
3700 3185 3804 3238 οὐκ

2212 3299 2379 3371 ἀνέχῃ
2404 3296 2502 3351 τοῦ
2536 3294 2777 3365 Χριστοῦ
2814 3292 3068 3360 λέγοντος
3091 3305 3104 3319 ’
3132 3284 3326 3342 οὐκοῦν
3351 3282 3507 3353 δέχου
3551 3278 3653 3371 τῆν

2209 3368 2707 3462 τῶνννπραγμάτων
2741 3386 2947 3454 φωνήν.
2991 3379 3135 3450 Ἐγὼ
3170 3376 3270 3450 μὲν
3294 3375 3403 3447 γὰρ
3437 3368 3805 3434 καταξιωθεὶς

2212 3486 2433 3544 εἰδέναι,
2464 3484 2518 3537 τί
2547 3480 2680 3535 ποτέ
2715 3481 2862 3533 ἐστιν
2899 3474 3176 3544 ἀπόφασις
3201 3469 3364 3536 Θεοῦ,
3406 3465 3526 3529 πῶς
3550 3462 3804 3534 ἰσχυρὸν,

2212 3578 2307 3632 καὶ
2337 3576 2550 3648 ἀμαχον
2591 3571 2844 3645 πρᾶγμα,
2882 3567 2979 3622 καὶ
3018 3566 3121 3636 τῆς
3160 3561 3398 3634 φυσικῆς
3443 3554 3800 3648 ἀκολουθίας,

2210 3670 2308 3725 καὶ
2330 3669 2429 3740 τῆς
2455 3667 2564 3720 τῶν
2595 3662 2939 3737 πραγμάτων
2986 3657 3186 3729 πείρας
3227 3653 3447 3707 πάντων
3482 3647 3802 3713 ἀξιοπιστοο

2208 3738 2601 3834 τέρανήταύτην
2628 3752 2768 3810 εἶναι
2800 3751 3142 3808 πεπίστευκα
3160 3764 3175 3779 ·
3201 3748 3264 3800 σὺ
3291 3744 3349 3798 δέ
3370 3745 3400 3797 6
3426 3740 3605 3834 χαμαί
3622 3738 3802 3834 ’συρό-

2213 3830 2376 3927 μενος
2411 3852 2512 3915 ἔτι,
2558 3850 2654 3904 καὶ
2695 3846 2832 3919 πρὸς
2860 3840 3141 3912 λογισμῶν
3173 3834 3508 3927 ἐπτοημένος
3547 3830 3802 3895 ἐξέτασιν

2210 3923 2594 4017 ἀνθρωπίνων,
2622 3937 2779 4009 δέχου
2817 3934 2916 4005 τὴν
2945 3931 3053 3986 ἀπὸ
3081 3927 3192 3982 τῶν
3220 3923 3560 4017 πραγμάτων
3586 3934 3801 3991 μαρτυ-

2213 4015 2361 4109 ρίαν·
2403 4034 2556 4088 οὐδὲν
2581 4029 2871 4097 ἀντιλέγω,
2905 4023 3027 4079 οὐδὲ
3055 4015 3364 4093 φιλονεικῶ.

2283 4126 2434 4201 [555]
2465 4125 2532 4197 β’.
2568 4123 2632 4177 Τί
2652 4117 2746 4176 οὖν
2771 4119 2920 4188 λέγει
2939 4117 3009 4170 τά
3030 4114 3371 4201 πράγματα;
3394 4101 3572 4201 λΕἷπεν
3598 4102 3801 4201 6-)sz-

2210 4193 2354 4285 στδς,
2370 4193 2452 4275 ὅτι
2465 4193 2565 4272 ’τὸν
2585 4214 2813 4287 οὐρανὸν
2829 4211 2923 4264 καὶ
2942 4208 3042 4279 τὴν
3055 4207 3160 4276 γῆν
3179 4198 3476 4257 ἀπολέσθαι
3504 4193 3799 4250 εὐκολώτε-

2211 4333 2325 4389 ρον,
2343 4315 2377 4384 ἢ
2402 4311 2513 4366 τῶν
2540 4305 2708 4363 αὐτοῦ
2729 4302 3009 4359 διαπεσεῖν
3029 4314 3155 4351 τινα
3177 4295 3371 4363 λέγων’
3388 4287 3798 4389 ἀπεφθέγξατο

2207 4380 2423 4470 τούτοις
2453 4406 2483 4458 6
2534 4398 2811 4472 βασιλεὺς,
2864 4393 2961 4448 καὶ
3008 4388 3306 4462 ἠπείλησεν
3354 4385 3673 4472 ἀναιρήσειν
3724 4380 3797 4434 τά

2206 4500 2478 4570 δόγματα.
2516 4470 2629 4547 Ποῦ
2662 4485 2757 4543 οὖν
2789 4489 2819 4541 6
2868 4481 3120 4556 βασιλεὺς
3157 4480 3186 4532 6
3231 4475 3405 4530 ταῦτα
3449 4470 3794 4570 ἀπειλήσαςς

2220 4563 2513 4652 ’Λπόλωλε,
2552 4583 2649 4638 καὶ
2682 4578 3023 4651 διέφθαρται,
3058 4573 3153 4628 καὶ
3200 4570 3296 4625 νῦν
3334 4570 3482 4622 ἐστιν
3531 4566 3613 4628 εἰς
3663 4563 3795 4632 ᾅδου

2207 4685 2308 4755 τὴν
2330 4677 2715 4751 ’ἀπαραίτητον
2747 4669 3033 4742 ἀναμένων
3072 4665 3317 4721 κόλασιν.
3362 4658 3474 4715 Ποῦ
3504 4660 3560 4713 δὲ
3600 4659 3629 4711 6
3657 4658 3795 4727 Χρι-

2211 4748 2356 4838 στὸς,
2386 4772 2415 4824 6
2439 4748 2624 4823 ἐκεῖνα
2647 4762 3104 4834 ἀποφηνάμενος;
3147 4758 3237 4811 Ἐν
3258 4753 3528 4827 οὐρανοῖς,
3556 4751 3614 4802 ἐν
3639 4748 3793 4819 δεξιᾷ

2208 4866 2300 4921 τοῦ
2333 4861 2548 4932 Πατρὸς
2569 4858 2661 4913 τὸν
2699 4855 3033 4927 ὑψηλότατον
3071 4850 3171 4921 τῆς
3195 4847 3351 4915 δόξης
3397 4842 3642 4912 κατέχων
3666 4839 3793 4932 θρὸέ

2206 4973 2318 5011 νον.
2368 4931 2479 5008 Ποῦ
2519 4949 2615 5005 τοῦ
2650 4946 2913 5020 βασιλέως
2945 4945 3017 4997 τά
3046 4943 3341 5014 βλάσφημα
3369 4938 3608 5007 ῥήματα,
3632 4932 3728 4985 καὶ
3754 4931 3790 5002 ή

2207 5043 2507 5106 ἀκόλαστος
2544 5019 2795 5109 γλῶττα;
2841 5034 3033 5105 Τέφρα
3078 5030 3294 5099 γέγονε,
3340 5025 3435 5080 καί⁵
3481 5023 3650 5086 κόνις,
3690 5019 3789 5074 καὶ

2206 5134 2506 5204 σκωλήκων
2524 5130 2722 5201 τροφή.
2754 5126 2866 5181 Ποῦ
2893 5123 2987 5178 τοῦ
3017 5110 3255 5196 Χριστοῦ
3271 5121 3304 5190 ή
3323 5117 3595 5187 ἀπόφασις
3617 5130 3633 5178 ;
3662 5114 3785 5166 Ἀπ’

2205 5227 2377 5298 αὐτῆς
2418 5222 2527 5277 τῶν
2555 5219 2897 5294 πραγμάτων
2923 5216 3131 5285 λάμπει
3159 5212 3260 5282 τῆς
3289 5208 3566 5280 ἀληθείας,
3593 5206 3788 5298 ῶσπερ

2204 5294 2344 5371 ἀπὸ-
2367 5311 2570 5383 στήλης
2607 5308 2817 5381 χρυσῆς
2853 5307 2956 5377 τῆς
2984 5304 3094 5357 τῶν
3142 5302 3319 5374 ἔργων
3346 5298 3626 5361 ἐκϐάσεως
3676 5294 3785 5349 ἀπ-

2203 5407 2610 5478 αστράπτουσα.
2627 5400 2820 5455 Καίτοι
2841 5397 2993 5451 οὐδὲν
3008 5395 3125 5449 τότε
3142 5391 3444 5464 παρέλιπεν
3461 5390 3489 5442 6
3511 5386 3784 5459 βασιλεὺς,

2202 5499 2295 5553 16v
2320 5497 2460 5569 πρὸς
2483 5496 2633 5567 ἡμᾶς
2683 5491 2895 5565 μέλλων
2927 5486 3181 5559 αἴρεσθαι
3222 5482 3461 5554 πόλεμον
3481 5496 3496 5511 ’
3528 5478 3665 5533 ἀλλά
3688 5478 3785 5531 καὶ

2207 5592 2436 5663 μάντεις
2468 5585 2676 5650 ἐκάλει,
2714 5584 2806 5638 καὶ
2843 5580 3045 5652 γόητας
3081 5573 3412 5647 συνεκρότει,
3457 5571 3553 5663 καὶ
3599 5571 3784 5624 πάντα

2201 5662 2271 5753 ἧν
2300 5679 2570 5751 δαιμόνων
2600 5674 2774 5748 μεστά
2812 5673 2906 5728 καὶ
2937 5668 3264 5741 πνευμάτων
3294 5662 3568 5736 πονηρῶν.

2279 5775 2436 5835 Τίνες
2463 5766 2555 5825 οὖν
2587 5773 2640 5824 αἱ
2668 5770 2767 5832 τῆς
2809 5764 3106 5834 θεραπείας
3146 5759 3353 5829 ταύτης
3386 5754 3639 5829 ἀμοιϐαίς
3671 5753 3784 5810 Πό-
