4032 6436
153 323 254 382 ως)
332 351 341 358 ·

149 451 284 524 quod
322 433 592 522 splendidi
635 447 747 501 oris
772 443 1033 515 dignitate
1070 456 1168 496 nos
1193 441 1258 496 ad
1305 455 1364 494 se
1396 439 1743 495 converterit.

151 547 221 601 Ne
239 546 403 616 igitur
433 556 575 611 argre
597 539 800 601 feratis,
834 537 877 591 si
905 534 1131 591 reddere
1157 533 1502 588 diil‘eramus:
1531 532 1753 586 omnino

149 640 286 693 enim
326 644 533 708 quanto
560 629 890 702 protrahitur
922 639 1132 697 tempus
1157 626 1388 696 longius,
1419 635 1569 680 tanto
1595 625 1750 679 vobis

153 739 200 784 et
227 729 408 784 fumus
437 733 691 795 augetur:
713 737 832 775 nam
861 720 1140 791 pecuniam
1169 733 1290 772 cum
1307 717 1516 773 fmnore
1544 717 1749 788 persol-

156 833 334 874 vemus
361 815 514 886 (Luc.
546 814 632 870 l9.
656 812 786 883 25);
819 809 1036 880 quando
1063 810 1132 863 ita
1163 810 1418 864 Dominus
1453 808 1635 878 jussit,
1658 808 1746 876 qui

155 922 342 969 nostra:
375 911 521 965 illam
549 907 669 962 fidei
692 903 986 961 commisit.
1042 902 1098 958 lu
1139 910 1252 958 tuto
1283 917 1412 972 ergo
1437 917 1550 957 rem
1574 902 1749 957 credi-

154 1015 251 1058 tam
283 1003 398 1057 fore
447 999 782 1054 confidentes
807 1037 822 1060 ,
861 1001 1048 1064 utpote
1074 1007 1195 1049 cum
1227 1008 1360 1054 ,sors
1389 991 1540 1048 vobis
1565 1000 1618 1047 et
1660 992 1744 1045 lua-

150 1111 293 1152 crum
313 1095 540 1149 immota
568 1101 623 1146 et
649 1099 796 1145 certa
821 1096 1116 1155 maneant,
1141 1087 1561 1156 interrepentem
1586 1085 1744 1140 hodie

150 1200 408 1259 quantum
436 1201 505 1240 ne
532 1184 1026 1254 prmtermittamus,
1058 1181 1153 1237 sed
1181 1181 1456 1252 praeclaris
1483 1181 1623 1235 beati
1644 1180 1745 1234 lia-

154 1283 278 1354 bylze
306 1279 643 1334 facinoribus
674 1276 1024 1330 oblectemur.

213 1363 435 1444 Babylas
473 1371 801 1425 Antiocheam
833 1366 1058 1422 ecclesia:
1084 1363 1393 1435 Episcopus.
1423 1394 1496 1405 —
1556 1363 1739 1420 Enim-

152 1479 265 1518 vero
291 1480 397 1534 quo
430 1471 586 1531 pacto
609 1457 893 1531 przefectus
935 1457 1058 1512 huic
1103 1456 1361 1512 Ecclesia:
1403 1467 1599 1510 nostra:
1629 1457 1738 1510 fue-

153 1556 230 1621 rit,
258 1564 310 1609 et
336 1555 389 1608 in
415 1553 610 1608 mediis
638 1550 905 1621 procellis,
933 1548 1360 1620 tempestatibus,
1386 1546 1738 1618 ﬂuctibtnque

153 1659 336 1700 sacram
366 1644 514 1698 hanc
556 1643 732 1697 navim
763 1641 995 1696 servarit
1017 1675 1033 1706 ,
1075 1647 1433 1710 quantamque
1462 1638 1733 1705 fiduciam,

150 1752 254 1790 cum
283 1725 669 1807 Imperatorem
700 1733 1084 1804 alloqueretur,
1109 1748 1218 1802 pra:
1237 1746 1296 1786 se
1324 1733 1523 1798 tulerit,
1551 1740 1735 1801 etquo

147 1835 285 1896 pacto
317 1842 414 1897 pro
444 1826 640 1882 ovibus
667 1826 898 1880 animam
925 1839 1076 1879 suam
1107 1825 1378 1894 posuerit,
1429 1838 1494 1878 ac
1523 1824 1732 1879 beatam

149 1921 274 1974 illam
300 1919 506 1976 ciedem
532 1917 778 1985 subierit,
808 1916 923 1971 hzec
941 1925 996 1972 et
1023 1915 1124 1969 alia
1147 1913 1409 1985 ejusmodi
1427 1913 1732 1970 senioribus

149 2007 604 2066 commemoranda
647 2007 958 2063 doctoribus
986 2016 1042 2063 et
1076 2006 1346 2061 communi
1379 2006 1514 2076 patri
1545 2014 1731 2061 nostro

149 2105 490 2170 relinquemus
525 2117 540 2156 :
583 2115 670 2156 res
708 2099 850 2156 enim
901 2100 1234 2170 antiquiores
1281 2098 1536 2169 praeclare
1579 2097 1730 2153 vobis

146 2208 171 2246 a
220 2194 429 2250 senibus
473 2199 701 2262 possunt
747 2190 993 2257 narrari;
1036 2204 1156 2261 quae
1197 2203 1325 2245 vero
1360 2204 1468 2244 non
1509 2189 1581 2245 ita
1617 2190 1727 2260 pri-

148 2287 248 2348 (lem
273 2302 333 2342 ac
367 2297 554 2342 nostra
586 2293 744 2341 :etate
792 2295 916 2340 sunt
959 2294 1130 2356 gesta,
1175 2283 1327 2340 vobis
1367 2283 1582 2354 juvenis
1625 2298 1727 2354 ego

148 2379 350 2434 narrabo
372 2419 388 2445 ,
417 2394 542 2450 quae
574 2376 824 2432 nimirum
861 2385 982 2446 post
1006 2376 1210 2432 obitum
1237 2416 1254 2440 ,
1297 2383 1417 2446 post
1444 2375 1726 2446 exsequias

148 2470 389 2541 martyris,
414 2485 478 2525 ac
502 2469 632 2524 dum
663 2468 714 2522 in
746 2467 1006 2522 suburbio
1033 2475 1351 2531 moraretur,
1386 2467 1720 2522 acciderunt.

146 2562 208 2614 Ac
226 2563 329 2616 scio
357 2559 776 2632 equidemvfore,
807 2568 864 2613 ut
891 2558 1213 2629 promissum
1236 2567 1476 2612 nostrum
1499 2556 1723 2628 gentiles

146 2651 393 2715 irrideant,
425 2652 573 2724 quod
597 2660 718 2722 post
738 2649 941 2704 obitum
970 2658 1025 2705 et
1045 2648 1329 2718 exsequias
1355 2649 1493 2718 ejus,
1520 2649 1608 2718 qui
1633 2663 1719 2704 se-

145 2747 300 2811 pultus
340 2747 408 2800 sit
450 2755 507 2801 et
555 2745 606 2800 in
649 2744 886 2800 cinerem
929 2743 1264 2810 dissolutus,
1311 2756 1412 2798 nos
1460 2742 1718 2812 prmclara

145 2835 349 2891 facinora
388 2845 912 2892 commemoraturus
942 2836 1316 2906 promittamus
1350 2849 1497 2890 :non
1539 2844 1716 2890 tamen

145 2925 318 2982 idcirco
361 2929 702 2994 tacebimus,
752 2926 848 2983 sed
897 2927 967 2981 ob
1009 2931 1110 2981 hoc
1153 2926 1327 2996 ipsum
1379 2926 1716 2995 potissimum

143 3022 278 3074 verba
302 3021 565 3077 faciemus
586 3061 601 3088 ,
640 3029 697 3074 ut
721 3036 842 3075 cum
875 3035 989 3074 rem
1025 3019 1182 3074 istam
1207 3017 1508 3073 mirabilem
1529 3027 1715 3074 osteno

141 3112 380 3181 derimus,
422 3115 596 3169 risum
625 3121 677 3168 et
709 3127 902 3168 sannas
926 3113 978 3166 in
1011 3112 1222 3166 illorum
1249 3119 1412 3181 caput
1429 3119 1713 3166 converta-

142 3220 259 3260 mus.
299 3209 422 3264 Nam
459 3209 697 3264 hominis
736 3208 953 3279 quidem
992 3208 1226 3278 cujusvis
1255 3216 1402 3264 recte
1427 3206 1566 3262 facta
1594 3215 1717 3278 post

143 3310 336 3354 murtcm
381 3317 501 3357 esse
546 3309 859 3372 nequeunt,
902 3302 1152 3373 martyris
1193 3315 1326 3356 vero
1368 3307 1422 3355 et
1452 3300 1618 3355 multa
1658 3307 1714 3354 et

141 3406 300 3463 magna
326 3411 442 3451 esse
471 3404 703 3466 possunt
729 3411 743 3447 :
775 3409 879 3449 non
910 3403 967 3448 ut
993 3394 1082 3448 ille
1105 3393 1197 3449 fiat
1227 3392 1510 3458 illustrior;
1537 3408 1712 3462 neque

141 3487 260 3540 enim
305 3488 389 3542 ille
431 3487 908 3542 commendatione
951 3486 1151 3556 indiget
1193 3484 1335 3553 vulgi
1369 3502 1381 3538 :
1413 3485 1506 3540 sed
1557 3492 1613 3538 ut
1655 3495 1709 3538 tu

140 3575 308 3642 discas,
335 3579 590 3645 infidelis,
615 3587 842 3633 mortem
867 3587 1160 3650 martyrum
1186 3592 1292 3632 non
1315 3591 1436 3633 esse
1457 3586 1706 3640 mortem,

141 3667 218 3721 sed
241 3669 434 3725 initium
465 3671 594 3726 vita:
621 3671 880 3737 melioris,
932 3670 1204 3741 magisque
1243 3669 1536 3737 spiritualis
1574 3682 1708 3724 con-

141 3761 423 3816 versationis
467 3760 792 3830 prmludium
817 3803 832 3826 ,
872 3769 1034 3832 atque
1059 3776 1089 3814 a
1116 3760 1470 3815 deterioribus
1499 3760 1564 3814 ad
1597 3776 1712 3816 me-

143 3849 250 3905 liora
270 3853 811 3925 transmigrationem.
839 3852 957 3908 Noli
990 3854 1133 3908 enim
1166 3853 1268 3908 hoc
1308 3863 1573 3923 spectare,
1602 3869 1703 3907 llll-

143 3940 248 4000 dum
287 3951 534 4020 martyris
572 3961 768 4019 corpus
813 3949 1006 4004 anima:
1048 3951 1362 4019 Operatione
1391 3949 1705 4005 destitutum

145 4045 240 4090 esse
263 4042 624 4109 propositum;
669 4040 764 4095 sed
797 4040 925 4095 illud
960 4042 1263 4104 considera,
1306 4042 1564 4112 majorem
1594 4043 1704 4114 ipsa

148 4127 287 4182 anima
313 4130 563 4186 virtutem
588 4131 661 4185 illi
684 4132 972 4202 quamdam
995 4133 1252 4199 assidere,
1279 4133 1508 4203 Spiritus
1536 4137 1705 4190 sancti

146 4216 357 4276 virtutem
384 4265 398 4290 ,
442 4240 566 4294 qua:
613 4224 773 4279 editis
811 4239 842 4278 a
867 4241 926 4279 se
954 4225 1230 4281 miraculis
1261 4228 1509 4282 omnibus
1555 4243 1704 4299 spem

143 4319 313 4365 certam
341 4316 751 4370 resurrectionis
774 4316 888 4386 ejus
913 4315 1055 4372 facit.
1085 4316 1140 4372 Si
1167 4318 1310 4372 enim
1337 4322 1562 4375 mortuis
1585 4335 1704 4376 cor-

146 4403 329 4467 poribus
351 4415 402 4460 ct
428 4408 478 4460 in
508 4407 782 4477 pulverem
810 4408 1058 4464 resolutis
1080 4411 1358 4478 majorem,
1383 4426 1540 4481 quam
1571 4411 1707 4467 vivis

145 4493 396 4561 manibus,
439 4499 696 4552 virtutem
737 4497 878 4553 Deus
922 4499 1146 4569 largitus
1167 4507 1288 4567 est,
1339 4502 1508 4556 multo
1538 4503 1706 4573 magis

145 4582 280 4637 vitam
309 4586 408 4642 illis
429 4590 608 4659 priore
625 4591 888 4660 potiorem
911 4605 975 4646 ac
995 4589 1308 4660 feliciorem,
1337 4609 1442 4664 quo
1465 4603 1706 4666 tempore

144 4686 338 4732 coronas
365 4679 604 4748 dividet,
632 4681 928 4752 -largictur.
981 4683 1112 4751 Qua:
1154 4685 1368 4740 tandem
1400 4686 1561 4757 igitur
1589 4687 1707 4758 ejus

145 4775 249 4820 sunt
269 4781 404 4827 recte
428 4773 603 4828 facta?
635 4774 1014 4830 Verumtamen
1038 4777 1204 4832 nolite
1225 4779 1448 4843 turbari,
1483 4781 1528 4834 si
1547 4781 1707 4849 paulo

147 4855 280 4914 altius
318 4877 618 4922 sermonem
657 4867 1010 4923 duxerimus:
1039 4884 1161 4925 nam
1192 4882 1248 4927 et
1289 4872 1378 4942 qui
1423 4884 1569 4930 recte
1607 4891 1704 4928 vo-

150 4945 242 5004 lunt
274 4953 522 5027 imagines
548 4961 867 5030 spectandas
889 4976 1206 5033 proponere,
1231 4980 1352 5020 cum
1375 4976 1706 5034 spectatores

149 5043 385 5105 muluium
412 5065 440 5102 a
471 5051 648 5106 tabula
703 5051 959 5108 secedere
998 5054 1297 5123 jusserint,
1343 5057 1464 5111 illas
1508 5059 1705 5115 deinde

148 5139 402 5206 retegunt,
442 5151 500 5195 ut
529 5143 698 5213 ipsius
723 5143 988 5199 distantia:
1015 5146 1277 5204 beneficio
1314 5149 1512 5204 clarius
1538 5151 1606 5205 ab
1627 5153 1706 5207 eis

148 5228 328 5288 possint
363 5233 527 5288 videri
563 5253 578 5290 :
607 5237 849 5305 patimini
875 5252 1003 5309 ergo
1029 5251 1124 5294 vos
1147 5256 1362 5311 quoque
1408 5253 1701 5299 retrorsum

147 5317 413 5377 orationem
439 5341 538 5381 nos
565 5327 863 5383 retrahere.

206 5405 388 5466 Iuliani
424 5415 679 5488 Apostatae
722 5421 774 5474 in
805 5415 1118 5479 Christianos
1156 5437 1401 5491 conatus;
1427 5429 1708 5486 Christiani

150 5494 201 5547 ab
227 5500 324 5568 ipso
344 5503 542 5563 Calilwi
575 5513 922 5583 appellantur.
957 5547 1030 5558 —
1058 5518 1344 5590 Postquam
1376 5524 1518 5577 enim
1546 5527 1590 5579 is
1612 5527 1701 5596 qui

152 5597 342 5648 cunctos
389 5597 652 5671 impietate
692 5606 978 5675 superavit,
1022 5609 1074 5663 in
1119 5609 1518 5681 imperatorium
1551 5616 1698 5670 thro-

282 5691 794 5780 ascenditJulianus,
826 5709 879 5754 et
929 5711 1197 5772 sceptrum
1247 5707 1472 5775 accepit,
1522 5710 1704 5766 confe-

155 5776 256 5826 ⁸ιίιη
281 5776 327 5831 in
353 5796 493 5853 cum,
525 5802 552 5841 a
581 5804 686 5862 quo
711 5800 920 5850 creatus
951 5792 1141 5864 fuerat,
1175 5797 1340 5854 Deum
1371 5815 1555 5857 manus
1585 5816 1702 5859 sus-

1297 322 1386 380 DE
1423 323 1479 380 S.
1522 320 2070 378 "IEROMARTYRE
2109 319 2402 378 BABYLA.

3361 311 3466 380 57.0

1867 437 2004 504 tulit,
2033 437 2170 496 bene
2200 439 2445 493 meritum
2471 438 2540 492 de
2567 450 2627 493 se
2655 435 2932 509 ignoravit,
2961 449 3026 493 ac
3047 435 3115 492 de
3143 446 3284 492 terra
3317 437 3455 492 infd-

1858 529 1970 583 rins
1999 529 2050 583 in
2100 529 2288 584 caelum
2343 527 2660 598 respiciens,
2707 527 3018 582 rabidorum
3070 543 3221 584 more
3269 542 3460 582 canum

1857 619 2156 685 aliatrabat,
2179 619 2267 690 qui
2303 619 2356 674 in
2384 619 2625 674 homines
2647 632 2677 674 τι
2705 620 2897 689 quibus
2925 635 3030 674 non
3059 620 3295 686 aluntur,
3323 628 3378 674 et
3410 621 3458 672 in

1855 724 1951 765 eos
1983 712 2183 780 pariter
2209 727 2238 764 a
2268 712 2462 781 quibus
2489 711 2727 777 aluntur,
2759 711 3051 767 clamorem
3077 711 3270 766 tollunt
3303 730 3315 766 :
3353 713 3460 766 imo

1853 818 1984 860 vero
2009 805 2218 859 smviori
2245 820 2404 874 quam
2437 804 2509 860 illi
2541 804 2720 860 furore
2745 805 2979 875 percitus
3025 814 3160 861 erat.
3207 805 3339 861 Nam
3385 798 3458 860 illi

1851 897 2066 966 quidem
2115 903 2168 951 et
2210 897 2534 954 domesticos
2571 899 2855 954 ctalienos
2898 900 3100 970 pariter
3143 901 3459 956 aversantur

1849 1001 1906 1046 et
1933 991 2162 1045 oderunt
2193 1008 2206 1043 :
2237 991 2324 1046 hic
2368 1007 2495 1048 vero
2521 991 2853 1047 (ia-monibus
2881 993 2947 1046 ab
2975 993 3091 1062 ejus
3118 993 3292 1050 salute
3328 993 3459 1049 alie-

1851 1084 1934 1136 nis
1961 1081 2350 1148 blandicbatur,
2381 1093 2540 1154 atque
2565 1083 2710 1138 omni
2738 1098 2833 1139 eos
2861 1085 3034 1140 cultus
3060 1073 3259 1154 genere
3303 1085 3453 1142 cules

1849 1173 1937 1228 bat
1971 1190 1984 1226 :
2019 1173 2155 1229 bene
2201 1183 2380 1228 autem
2437 1174 2506 1230 de
2563 1190 2622 1230 se
2674 1176 2962 1240 meritdm,
3007 1181 3074 1232 ac
3117 1175 3448 1233 servatorem

1847 1280 2024 1332 suum,
2054 1266 2252 1336 quique
2304 1282 2371 1322 ne
2400 1266 2539 1322 Filio
2586 1268 2802 1337 quidem
2844 1282 2944 1324 suo
2974 1269 3248 1340 unigenito
3285 1269 3452 1340 ipsius

1845 1372 2004 1413 causa
2032 1359 2288 1428 pepercit,
2317 1359 2665 1414 aversabatur
2683 1369 2736 1414 et
2761 1359 2964 1425 oderat,
2997 1369 3316 1430 crucemque
3351 1353 3450 1416 de-

1848 1451 2078 1515 ridebat,
2105 1465 2219 1505 rem
2247 1466 2368 1520 qua:
2399 1459 2665 1506 terrarum
2697 1451 2880 1506 orbem
2913 1463 3136 1521 prauum
3167 1453 3217 1507 in
3251 1452 3442 1507 faciem

1846 1543 2182 1612 provolutum
2233 1542 2428 1609 erexit,
2475 1558 2596 1612 qua:
2656 1543 2906 1598 tenebras
2943 1543 3293 1614 undcqnaque
3332 1543 3447 1599 dis-

1842 1637 2027 1697 cussit.
2068 1646 2122 1690 et
2165 1635 2428 1690 solaribus
2453 1635 2614 1690 radiis
2644 1634 3060 1704 splendidiorem
3093 1637 3266 1690 lucem
3293 1635 3446 1690 inve-'-

1839 1729 1937 1784 xit.
1967 1729 2150 1801 Neque
2179 1745 2307 1784 vero
2333 1728 2438 1784 huc
2466 1745 2633 1800 usque
2662 1738 2866 1783 tantttm
2891 1743 3203 1799 progressus
3224 1738 3306 1782 est
3326 1727 3446 1798 ejus

1841 1820 2008 1885 furor,
2031 1823 2124 1879 sed
2153 1839 2221 1879 ex
2263 1823 2394 1878 orbe
2440 1831 2700 1877 terrarum
2739 1822 3218 1877 exterminaturt'tm
3258 1837 3318 1877 se
3341 1823 3446 1876 Ga-

1837 1915 2097 1971 lilazorum
2138 1915 2406 1970 nationem
2435 1915 2781 1983 pollicebatur
2805 1932 2818 1968 :
2842 1914 2921 1970 sic
2941 1915 3086 1970 enim
3115 1929 3213 1969 nos
3249 1913 3437 1984 appel-

1837 2007 1949 2062 lare
1973 2007 2161 2062 solitus
2183 2015 2301 2062 erat
2327 2023 2342 2063 :
2373 2015 2694 2078 quamquam
2719 2007 2765 2061 si
2787 2006 3213 2061 Cbristianordm
3242 2017 3440 2062 nomen

1835 2099 2250 2156 abominandum
2294 2115 2416 2156 esse
2439 2100 2818 2164 arbitrabatur,
2851 2115 2964 2155 rem
3004 2100 3190 2156 multa:
3228 2101 3439 2170 plenam

1834 2192 2160 2264 ignominim,
2193 2203 2296 2262 qua
2321 2192 2389 2248 de
2411 2206 2570 2248 causa
2597 2207 2702 2246 non
2732 2190 2854 2246 inde
2883 2205 3002 2258 nos,
3043 2191 3136 2246 sed
3169 2193 3438 2262 peregrini

1833 2286 2064 2342 nominis
2110 2285 2254 2342 illius
2299 2286 2587 2356 ignominia
2618 2294 2806 2340 notare
2848 2285 3138 2356 cupiebat?
3184 2290 3254 2341 At
3292 2288 3434 2342 enim

1832 2379 1999 2450 probe
2021 2387 2243 2434 noverat
2269 2394 2463 2435 nomen
2510 2377 2638 2434 illud
2669 2377 2808 2450 quod
2837 2377 3288 2435 necessitudinem
3337 2380 3438 2435 ali-

1829 2486 1989 2541 quam
2013 2486 2135 2526 cum
2157 2468 2373 2526 Christo
2417 2469 2684 2542 designat,
2718 2485 2824 2526 non
2853 2468 3164 2526 hominibus
3204 2472 3431 2534 tantum,

1828 2561 1922 2618 sed
1949 2571 2003 2617 et
2022 2562 2248 2634 angelis,
2275 2573 2333 2620 et
2357 2563 2724 2634 superioribus
2755 2563 3036 2618 virtutibus
3077 2578 3272 2634 magno
3310 2571 3431 2619 esse

1826 2664 2149 2710 ornamento
2179 2671 2192 2709 ε
2226 2655 2346 2711 ideo
2395 2655 2598 2710 nullum
2629 2670 2734 2710 non
2771 2653 3000 2724 lapidem
3047 2657 3313 2721 movebat,
3377 2662 3434 2709 nt

1826 2743 1929 2801 hoc
1971 2761 2070 2802 nos
2111 2756 2432 2802 ornamento
2459 2747 2713 2816 spoliaret
2755 2761 2818 2802 ac
2853 2746 3284 2816 praedicationem
3323 2748 3432 2802 dis-

1825 2840 2082 2896 solveret.
2121 2837 2507 2896 Verumtamen
2539 2840 2651 2896 fieri
2683 2855 2788 2895 non
2840 2850 3049 2910 poterat
3094 2841 3242 2908 illud,
3274 2856 3308 2895 ο
3333 2843 3432 2896 mi.z

1823 2944 1911 2986 scr
1935 2940 1991 2987 et
2023 2931 2368 2997 infortunate,
2417 2941 2473 2986 ut
2511 2944 2687 3003 neque
2731 2931 2848 2987 fieri
2886 2940 3115 3002 poterat,
3139 2940 3198 2986 ut
3237 2932 3427 2986 cadum

1822 3021 2148 3086 destrueres,
2167 3023 2334 3079 solem
2348 3023 2738 3094 exstingueres,
2763 3032 2920 3078 terra:
2938 3022 3281 3078 fumlamcnta
3300 3037 3430 3079 cornL

1820 3128 2032 3172 euteres
2058 3124 2216 3187 atque
2236 3127 2527 3179 everteres.
2560 3116 2719 3187 idque
2747 3116 2993 3186 prtedixit
3026 3118 3154 3172 olim
3179 3117 3428 3174 Christus

1819 3222 1941 3264 cum
1972 3208 2041 3263 ita
2063 3208 2199 3263 dixit
2233 3226 2246 3263 :
2273 3206 2467 3264 Cwlum
2491 3217 2538 3261 et
2565 3217 2697 3262 terra
2723 3209 3004 3263 transibunt
3028 3224 3046 3273 ,'
3069 3209 3216 3264 verba
3253 3221 3423 3264 autem

1820 3317 1934 3356 mea
1958 3318 2059 3356 non
2073 3301 2354 3355 transibunt
2381 3301 2398 3372 (
2423 3299 2610 3354 Matth.
2631 3300 2722 3355 24.
2751 3301 2820 3356 55
2837 3300 2880 3372 ).
2903 3300 3008 3356 Sed
3035 3301 3236 3358 Christi
3259 3301 3422 3358 verba

1820 3395 1958 3453 ferre
2006 3413 2114 3456 non
2167 3406 2341 3466 potes,
2373 3410 2558 3450 vocem
2587 3395 2744 3465 igitur
2771 3393 3030 3449 factorum
3066 3395 3303 3464 ipsormn
3330 3395 3424 3448 ad-

1820 3491 1991 3544 mitte.
2021 3488 2152 3544 Nam
2181 3505 2280 3556 ego
2325 3487 2566 3557 quidem,
2594 3487 2682 3542 cui
2724 3487 2866 3542 scire
2894 3486 3157 3558 contingit
3186 3486 3312 3556 quid
3353 3485 3424 3538 sit

1817 3582 2147 3637 denuntiatio
2171 3580 2373 3645 divina,
2400 3594 2558 3650 quam
2584 3588 2775 3648 potens
2809 3586 2866 3633 et
2887 3577 3083 3632 invicta
3105 3593 3191 3632 res
3219 3577 3306 3632 illa
3329 3577 3416 3632 sit.

1818 3674 1934 3744 ipso
1955 3688 2159 3728 naturae
2185 3671 2372 3728 ordine
2410 3673 2776 3741 factorumque
2809 3668 3050 3724 omnium
3087 3668 3416 3739 experientia

1815 3770 2098 3824 certiorem
2151 3783 2215 3823 ac
2242 3767 2345 3822 ﬁde
2397 3766 2696 3838 digniorem
2753 3764 2899 3821 illam
2938 3777 3060 3819 esse
3107 3761 3308 3818 credo:
3361 3764 3418 3816 tu'

1816 3877 1944 3916 vero
1969 3860 2059 3930 qui
2085 3860 2230 3914 lnnni
2255 3859 2428 3929 serpis
2454 3859 2647 3920 adhuc.
2676 3865 2730 3912 et
2757 3856 3108 3912 humanarum
3140 3854 3421 3924 cogitatios

1816 3970 1941 4008 num
1980 3952 2442 4024 disquisitionibus
2469 3964 2530 4006 es
2557 3950 2822 4017 addictus,
2853 3947 3218 4005 testimonium
3243 3945 3416 4000 facto—

1815 4063 1931 4102 rum
1957 4046 2182 4102 admitte
2213 4061 2226 4098 :
2260 4044 2393 4100 nihil
2421 4043 2753 4111 contradico,
2781 4057 2889 4098 non
2910 4038 3199 4097 contendo.

1883 4140 1940 4193 2.
1970 4138 2108 4206 Quid
2129 4151 2258 4209 ergo
2281 4135 2374 4194 res
2402 4146 2566 4208 gesta:
2597 4135 2858 4191 narrant?
2886 4135 3030 4189 Dixit
3062 4132 3310 4188 Christus
3339 4131 3416 4186 fa-

1814 4231 1971 4286 cilius
2010 4245 2154 4298 esse,
2182 4239 2241 4284 ut
2284 4228 2473 4284 caelum
2500 4237 2558 4283 et
2603 4235 2745 4282 terra
2796 4225 3127 4297 dispeream,
3167 4238 3326 4294 quam
3357 4226 3415 4277 u‘t

1814 4337 1978 4378 unum
2003 4321 2217 4392 aliquod
2245 4319 2527 4375 verborum
2545 4318 2662 4389 ejus
2684 4317 2966 4374 intercidat
2990 4314 3140 4387 (Luc.
3167 4315 3256 4371 16.
3280 4312 3371 4384 i7)
3395 4329 3410 4365 :

1812 4415 2132 4472 contradixit
2174 4415 2255 4469 his
2287 4415 2603 4483 imperator,
2635 4419 2692 4468 et
2727 4411 3033 4466 Christiana
3071 4423 3131 4465 se
3161 4409 3410 4478 dogmata

1813 4509 2290 4566 cXterminatnrum
2342 4507 2702 4562 comminatus
2749 4513 2852 4561 est.
2915 4503 3015 4560 Ubi
3056 4517 3197 4557 nunc
3252 4500 3411 4570 igitur

1811 4613 1894 4660 est
1923 4604 2012 4659 ille
2040 4604 2128 4674 qui
2172 4603 2293 4657 talia
2338 4601 2698 4656 comminatus
2719 4598 2846 4654 est?
2876 4598 3041 4654 Periit
3078 4605 3131 4651 et
3159 4611 3191 4651 e
3230 4593 3411 4648 medio

1812 4697 2054 4752 sublatus
2097 4705 2200 4762 est,
2228 4694 2445 4764 jamque
2472 4693 2610 4764 apud
2643 4691 2843 4747 inferos
2872 4689 3160 4746 inevitabili
3202 4685 3410 4756 suppli-

1812 4789 1898 4843 cio
1919 4797 2215 4858 torquetur.
2249 4787 2349 4842 Ubi
2380 4802 2508 4842 vero
2531 4785 2780 4841 Christus
2809 4794 2913 4850 est,
2940 4792 2970 4836 a‘
3007 4787 3115 4852 quo
3160 4781 3246 4836 illa
3284 4778 3412 4834 sunt

1812 4881 2156 4938 denuntiata?
2187 4882 2240 4937 in
2287 4881 2456 4947 cmlis,
2490 4881 2543 4935 in
2592 4880 2816 4934 dextera
2869 4877 3043 4933 Patris
3086 4874 3408 4930 altissimum

1812 4974 1994 5044 gloriae
2029 4974 2278 5028 thronum
2325 4973 2592 5028 obtinens.
2617 4972 2714 5027 Ubi
2739 4971 2898 5026 verba
2930 4969 3273 5039 imperatoris
3303 4966 3412 5021 bla-

1811 5067 2054 5136 Spiiema,
2085 5079 2143 5121 et-
2169 5067 2408 5122 insolens
2431 5066 2516 5120 illa
2574 5064 2794 5136 lingua?
2841 5062 2989 5120 Cinis
3032 5073 3087 5118 et
3132 5061 3326 5133 pulvis,
3357 5071 3412 5115 et

1812 5159 2072 5214 vermium
2109 5159 2260 5212 cibus
2295 5159 2482 5213 evasit.
2515 5157 2613 5214 Ubi
2661 5157 2860 5213 Christi
2909 5150 3284 5211 denuntiatio?
3328 5154 3411 5207 Ab

1813 5250 1925 5318 ipsa
1956 5251 2178 5304 veritate
2200 5264 2379 5306 rerum
2408 5259 2676 5320 gestarum
2705 5251 2898 5314 elucet,
2922 5264 2987 5304 ac
3024 5257 3292 5318 tamquam
3341 5247 3410 5305 ab

1811 5358 1969 5399 aurea
2000 5344 2248 5398 columna
2273 5344 2500 5415 quadam
2525 5345 2595 5398 ab
2620 5353 2813 5400 eventu
2845 5343 3102 5398 factorum
3136 5345 3402 5396 coruscat.

1812 5434 2046 5490 Tametsi
2079 5434 2206 5489 nihil
2238 5436 2306 5490 ab
2333 5436 2658 5505 lmpcratore
2689 5445 2797 5489 tum
2843 5433 3261 5504 prmtermjssum
3302 5439 3404 5491 est.

1811 5543 1919 5598 quo
1947 5543 2006 5584 se
2027 5529 2092 5582 ad
2125 5529 2323 5584 bellum
2355 5529 2510 5584 nobis
2533 5526 2869 5583 inferendum
2898 5533 3234 5597 compararet
3272 5539 3286 5576 :
3314 5520 3409 5577 sed

1811 5631 1866 5676 et
1887 5622 2376 5690 vatesaccerscbat,
2395 5632 2447 5678 et
2473 5622 2888 5692 prmstigiatores
2914 5617 3266 5691 convocabat,
3291 5633 3409 5674 om-

1812 5715 2004 5782 niaque
2020 5715 2354 5772 daemonibus
2379 5726 2431 5772 et
2451 5717 2696 5785 malignis
2714 5713 2988 5784 spiritibus
3011 5712 3400 5770 redundabant.

1886 5809 2072 5863 Fames
2097 5809 2306 5866 Iuliano
2347 5813 2624 5882 imperante
2648 5809 2980 5882 gravissima;
3010 5806 3262 5881 Apollinis
3288 5822 3414 5873 qui."
