  <div class='ocr_page' id='page_1' title='image "/cluster/home/n/w/nwhite01/storage/ocr_20150623/50:no.2:pt.2/coo.31924054869494/127.png"; bbox 0 0 4032 6442; ppageno 0'>
   <div class='ocr_carea' id='block_1_1' title="bbox 633 311 736 371">
    <p class='ocr_par' dir='ltr' id='par_1_1' title="bbox 633 311 736 371">
     <span class='ocr_line' id='line_1_1' title="bbox 633 311 736 371; baseline -0.01 0"><span class='ocrx_word' id='word_1_1' title='bbox 633 311 736 371; x_wconf 62' lang='lat' dir='ltr'><strong>57w!</strong></span> 
     </span>
    </p>
   </div>
   <div class='ocr_carea' id='block_1_2' title="bbox 625 421 2220 498">
    <p class='ocr_par' dir='ltr' id='par_1_2' title="bbox 625 421 2220 498">
     <span class='ocr_line' id='line_1_2' title="bbox 625 421 2220 498; baseline 0.001 -17"><span class='ocrx_word' id='word_1_2' title='bbox 625 428 743 482; x_wconf 64' lang='grc' dir='ltr'><strong>τρια</strong></span> <span class='ocrx_word' id='word_1_3' title='bbox 769 429 832 482; x_wconf 82' lang='lat' dir='ltr'><strong>de</strong></span> <span class='ocrx_word' id='word_1_4' title='bbox 882 421 1125 498; x_wconf 75' lang='lat' dir='ltr'><strong>Reliqiu&#39;is</strong></span> <span class='ocrx_word' id='word_1_5' title='bbox 1172 426 1234 482; x_wconf 89' lang='lat' dir='ltr'><strong>S.</strong></span> <span class='ocrx_word' id='word_1_6' title='bbox 1277 425 1500 498; x_wconf 75' lang='lat' dir='ltr'><strong>Babylte.</strong></span> <span class='ocrx_word' id='word_1_7' title='bbox 1534 427 1753 495; x_wconf 81' lang='lat' dir='ltr'><strong>—Qu:e</strong></span> <span class='ocrx_word' id='word_1_8' title='bbox 1798 427 2012 482; x_wconf 98' lang='lat' dir='ltr'><strong>tandem</strong></span> <span class='ocrx_word' id='word_1_9' title='bbox 2062 428 2220 496; x_wconf 85' lang='lat' dir='ltr'><strong>igitur</strong></span> 
     </span>
    </p>
   </div>
   <div class='ocr_carea' id='block_1_3' title="bbox 635 518 2222 587">
    <p class='ocr_par' dir='ltr' id='par_1_3' title="bbox 635 518 2222 587">
     <span class='ocr_line' id='line_1_3' title="bbox 635 518 2222 587; baseline 0 -14"><span class='ocrx_word' id='word_1_10' title='bbox 635 519 808 573; x_wconf 90' lang='lat' dir='ltr'><strong>cultus</strong></span> <span class='ocrx_word' id='word_1_11' title='bbox 845 518 996 574; x_wconf 82' lang='lat' dir='ltr'><strong>istius</strong></span> <span class='ocrx_word' id='word_1_12' title='bbox 1025 518 1172 573; x_wconf 88' lang='lat' dir='ltr'><strong>fuere</strong></span> <span class='ocrx_word' id='word_1_13' title='bbox 1217 519 1475 587; x_wconf 61' lang='lat' dir='ltr'><strong>praemia?</strong></span> <span class='ocrx_word' id='word_1_14' title='bbox 1499 519 1779 572; x_wconf 86' lang='lat' dir='ltr'><strong>Civitatum</strong></span> <span class='ocrx_word' id='word_1_15' title='bbox 1817 519 2146 586; x_wconf 84' lang='lat' dir='ltr'><strong>eversiones,</strong></span> <span class='ocrx_word' id='word_1_16' title='bbox 2168 529 2222 574; x_wconf 87' lang='lat' dir='ltr'><strong>et</strong></span> 
     </span>
    </p>
   </div>
   <div class='ocr_carea' id='block_1_4' title="bbox 640 610 2218 682">
    <p class='ocr_par' dir='ltr' id='par_1_4' title="bbox 640 610 2218 682">
     <span class='ocr_line' id='line_1_4' title="bbox 640 610 2218 682; baseline 0.001 -17"><span class='ocrx_word' id='word_1_17' title='bbox 640 612 804 666; x_wconf 88' lang='lat' dir='ltr'><strong>fames</strong></span> <span class='ocrx_word' id='word_1_18' title='bbox 828 612 1015 682; x_wconf 92' lang='lat' dir='ltr'><strong>quovis</strong></span> <span class='ocrx_word' id='word_1_19' title='bbox 1039 627 1234 682; x_wconf 81' lang='lat' dir='ltr'><strong>genere</strong></span> <span class='ocrx_word' id='word_1_20' title='bbox 1268 611 1425 666; x_wconf 91' lang='lat' dir='ltr'><strong>famis</strong></span> <span class='ocrx_word' id='word_1_21' title='bbox 1463 611 1722 666; x_wconf 86' lang='lat' dir='ltr'><strong>acerbior.</strong></span> <span class='ocrx_word' id='word_1_22' title='bbox 1756 610 1916 666; x_wconf 85' lang='lat' dir='ltr'><strong>Scitis</strong></span> <span class='ocrx_word' id='word_1_23' title='bbox 1943 613 2084 666; x_wconf 92' lang='lat' dir='ltr'><strong>enitn</strong></span> <span class='ocrx_word' id='word_1_24' title='bbox 2114 613 2218 667; x_wconf 90' lang='lat' dir='ltr'><strong>uti-</strong></span> 
     </span>
    </p>
   </div>
   <div class='ocr_carea' id='block_1_5' title="bbox 603 702 2201 772">
    <p class='ocr_par' dir='ltr' id='par_1_5' title="bbox 603 702 2201 772">
     <span class='ocr_line' id='line_1_5' title="bbox 603 702 2201 772; baseline -0.001 -13"><span class='ocrx_word' id='word_1_25' title='bbox 603 717 741 770; x_wconf 88' lang='lat' dir='ltr'><strong>.que</strong></span> <span class='ocrx_word' id='word_1_26' title='bbox 777 716 838 755; x_wconf 91' lang='lat' dir='ltr'><strong>ac</strong></span> <span class='ocrx_word' id='word_1_27' title='bbox 866 702 1239 766; x_wconf 91' lang='lat' dir='ltr'><strong>recordamini,</strong></span> <span class='ocrx_word' id='word_1_28' title='bbox 1291 717 1398 772; x_wconf 92' lang='lat' dir='ltr'><strong>quo</strong></span> <span class='ocrx_word' id='word_1_29' title='bbox 1447 711 1602 771; x_wconf 88' lang='lat' dir='ltr'><strong>pacto</strong></span> <span class='ocrx_word' id='word_1_30' title='bbox 1632 703 1909 757; x_wconf 90' lang='lat' dir='ltr'><strong>venalibus</strong></span> <span class='ocrx_word' id='word_1_31' title='bbox 1943 703 2103 757; x_wconf 88' lang='lat' dir='ltr'><strong>rebus</strong></span> <span class='ocrx_word' id='word_1_32' title='bbox 2127 703 2201 758; x_wconf 83' lang='lat' dir='ltr'><strong>de</strong></span> 
     </span>
    </p>
   </div>
   <div class='ocr_carea' id='block_1_6' title="bbox 635 791 2218 862">
    <p class='ocr_par' dir='ltr' id='par_1_6' title="bbox 635 791 2218 862">
     <span class='ocr_line' id='line_1_6' title="bbox 635 791 2218 862; baseline 0.003 -16"><span class='ocrx_word' id='word_1_33' title='bbox 635 793 878 846; x_wconf 90' lang='lat' dir='ltr'><strong>stitutum</strong></span> <span class='ocrx_word' id='word_1_34' title='bbox 900 793 1060 847; x_wconf 90' lang='lat' dir='ltr'><strong>fuerit</strong></span> <span class='ocrx_word' id='word_1_35' title='bbox 1102 791 1298 858; x_wconf 88' lang='lat' dir='ltr'><strong>forum,</strong></span> <span class='ocrx_word' id='word_1_36' title='bbox 1327 807 1390 847; x_wconf 88' lang='lat' dir='ltr'><strong>ac</strong></span> <span class='ocrx_word' id='word_1_37' title='bbox 1416 793 1588 862; x_wconf 74' lang='lat' dir='ltr'><strong>plena:</strong></span> <span class='ocrx_word' id='word_1_38' title='bbox 1619 795 1941 848; x_wconf 86' lang='lat' dir='ltr'><strong>tumultnum</strong></span> <span class='ocrx_word' id='word_1_39' title='bbox 1967 796 2218 861; x_wconf 73' lang='lat' dir='ltr'><strong>oﬂieinze,</strong></span> 
     </span>
    </p>
   </div>
   <div class='ocr_carea' id='block_1_7' title="bbox 631 885 2220 957">
    <p class='ocr_par' dir='ltr' id='par_1_7' title="bbox 631 885 2220 957">
     <span class='ocr_line' id='line_1_7' title="bbox 631 885 2220 957; baseline 0.003 -19"><span class='ocrx_word' id='word_1_40' title='bbox 631 898 753 938; x_wconf 90' lang='lat' dir='ltr'><strong>cum</strong></span> <span class='ocrx_word' id='word_1_41' title='bbox 776 886 1135 956; x_wconf 84' lang='lat' dir='ltr'><strong>unusquisque</strong></span> <span class='ocrx_word' id='word_1_42' title='bbox 1155 885 1292 956; x_wconf 89' lang='lat' dir='ltr'><strong>quod</strong></span> <span class='ocrx_word' id='word_1_43' title='bbox 1325 885 1552 956; x_wconf 88' lang='lat' dir='ltr'><strong>primum</strong></span> <span class='ocrx_word' id='word_1_44' title='bbox 1573 889 1914 952; x_wconf 88' lang='lat' dir='ltr'><strong>occurrisset,</strong></span> <span class='ocrx_word' id='word_1_45' title='bbox 1929 888 2220 957; x_wconf 75' lang='lat' dir='ltr'><strong>przeripere</strong></span> 
     </span>
    </p>
   </div>
   <div class='ocr_carea' id='block_1_8' title="bbox 631 975 2217 1049">
    <p class='ocr_par' dir='ltr' id='par_1_8' title="bbox 631 975 2217 1049">
     <span class='ocr_line' id='line_1_8' title="bbox 631 975 2217 1049; baseline 0.006 -23"><span class='ocrx_word' id='word_1_46' title='bbox 631 975 982 1031; x_wconf 91' lang='lat' dir='ltr'><strong>contenderet</strong></span> <span class='ocrx_word' id='word_1_47' title='bbox 1007 991 1072 1032; x_wconf 90' lang='lat' dir='ltr'><strong>ac</strong></span> <span class='ocrx_word' id='word_1_48' title='bbox 1105 976 1404 1032; x_wconf 85' lang='lat' dir='ltr'><strong>discedere.</strong></span> <span class='ocrx_word' id='word_1_49' title='bbox 1442 977 1548 1035; x_wconf 85' lang='lat' dir='ltr'><strong>Sed</strong></span> <span class='ocrx_word' id='word_1_50' title='bbox 1574 979 1699 1049; x_wconf 82' lang='lat' dir='ltr'><strong>quid</strong></span> <span class='ocrx_word' id='word_1_51' title='bbox 1735 993 1835 1047; x_wconf 82' lang='lat' dir='ltr'><strong>ego</strong></span> <span class='ocrx_word' id='word_1_52' title='bbox 1861 978 2054 1034; x_wconf 82' lang='lat' dir='ltr'><strong>famem</strong></span> <span class='ocrx_word' id='word_1_53' title='bbox 2075 981 2217 1046; x_wconf 88' lang='lat' dir='ltr'><strong>dico,</strong></span> 
     </span>
    </p>
   </div>
   <div class='ocr_carea' id='block_1_9' title="bbox 631 1067 2218 1142">
    <p class='ocr_par' dir='ltr' id='par_1_9' title="bbox 631 1067 2218 1142">
     <span class='ocr_line' id='line_1_9' title="bbox 631 1067 2218 1142; baseline 0.006 -24"><span class='ocrx_word' id='word_1_54' title='bbox 631 1081 752 1120; x_wconf 92' lang='lat' dir='ltr'><strong>cum</strong></span> <span class='ocrx_word' id='word_1_55' title='bbox 781 1067 862 1121; x_wconf 87' lang='lat' dir='ltr'><strong>vel</strong></span> <span class='ocrx_word' id='word_1_56' title='bbox 890 1068 987 1138; x_wconf 83' lang='lat' dir='ltr'><strong>ipsi</strong></span> <span class='ocrx_word' id='word_1_57' title='bbox 1017 1069 1167 1138; x_wconf 83' lang='lat' dir='ltr'><strong>aquis</strong></span> <span class='ocrx_word' id='word_1_58' title='bbox 1196 1068 1434 1124; x_wconf 88' lang='lat' dir='ltr'><strong>destituti</strong></span> <span class='ocrx_word' id='word_1_59' title='bbox 1475 1070 1650 1125; x_wconf 81' lang='lat' dir='ltr'><strong>fontes</strong></span> <span class='ocrx_word' id='word_1_60' title='bbox 1677 1081 1878 1138; x_wconf 88' lang='lat' dir='ltr'><strong>essent,</strong></span> <span class='ocrx_word' id='word_1_61' title='bbox 1913 1074 2086 1128; x_wconf 90' lang='lat' dir='ltr'><strong>fontes</strong></span> <span class='ocrx_word' id='word_1_62' title='bbox 2129 1074 2218 1142; x_wconf 87' lang='lat' dir='ltr'><strong>qui</strong></span> 
     </span>
    </p>
   </div>
   <div class='ocr_carea' id='block_1_10' title="bbox 631 1159 2220 1232">
    <p class='ocr_par' dir='ltr' id='par_1_10' title="bbox 631 1159 2220 1232">
     <span class='ocr_line' id='line_1_10' title="bbox 631 1159 2220 1232; baseline 0.006 -22"><span class='ocrx_word' id='word_1_63' title='bbox 631 1159 782 1227; x_wconf 84' lang='lat' dir='ltr'><strong>copia</strong></span> <span class='ocrx_word' id='word_1_64' title='bbox 815 1161 1133 1215; x_wconf 80' lang='lat' dir='ltr'><strong>fluentorum</strong></span> <span class='ocrx_word' id='word_1_65' title='bbox 1184 1160 1401 1216; x_wconf 84' lang='lat' dir='ltr'><strong>flumina</strong></span> <span class='ocrx_word' id='word_1_66' title='bbox 1453 1161 1564 1232; x_wconf 90' lang='lat' dir='ltr'><strong>ipsa</strong></span> <span class='ocrx_word' id='word_1_67' title='bbox 1609 1163 1969 1231; x_wconf 79' lang='lat' dir='ltr'><strong>superabant?</strong></span> <span class='ocrx_word' id='word_1_68' title='bbox 1996 1163 2220 1232; x_wconf 80' lang='lat' dir='ltr'><strong>Quando</strong></span> 
     </span>
    </p>
   </div>
   <div class='ocr_carea' id='block_1_11' title="bbox 629 1251 2219 1327">
    <p class='ocr_par' dir='ltr' id='par_1_11' title="bbox 629 1251 2219 1327">
     <span class='ocr_line' id='line_1_11' title="bbox 629 1251 2219 1327; baseline 0.005 -24"><span class='ocrx_word' id='word_1_69' title='bbox 629 1259 805 1304; x_wconf 83' lang='lat' dir='ltr'><strong>autem</strong></span> <span class='ocrx_word' id='word_1_70' title='bbox 840 1251 893 1304; x_wconf 93' lang='lat' dir='ltr'><strong>in</strong></span> <span class='ocrx_word' id='word_1_71' title='bbox 951 1251 1175 1306; x_wconf 89' lang='lat' dir='ltr'><strong>fontium</strong></span> <span class='ocrx_word' id='word_1_72' title='bbox 1220 1254 1548 1308; x_wconf 86' lang='lat' dir='ltr'><strong>mentionem</strong></span> <span class='ocrx_word' id='word_1_73' title='bbox 1606 1255 1912 1323; x_wconf 88' lang='lat' dir='ltr'><strong>incidimus,</strong></span> <span class='ocrx_word' id='word_1_74' title='bbox 1945 1271 2043 1327; x_wconf 92' lang='lat' dir='ltr'><strong>age</strong></span> <span class='ocrx_word' id='word_1_75' title='bbox 2068 1256 2219 1312; x_wconf 90' lang='lat' dir='ltr'><strong>dein-</strong></span> 
     </span>
    </p>
   </div>
   <div class='ocr_carea' id='block_1_12' title="bbox 627 1341 2220 1414">
    <p class='ocr_par' dir='ltr' id='par_1_12' title="bbox 627 1341 2220 1414">
     <span class='ocr_line' id='line_1_12' title="bbox 627 1341 2220 1414; baseline 0.006 -20"><span class='ocrx_word' id='word_1_76' title='bbox 627 1356 754 1411; x_wconf 80' lang='lat' dir='ltr'><strong>ceps</strong></span> <span class='ocrx_word' id='word_1_77' title='bbox 798 1341 864 1396; x_wconf 92' lang='lat' dir='ltr'><strong>ad</strong></span> <span class='ocrx_word' id='word_1_78' title='bbox 902 1343 1152 1414; x_wconf 84' lang='lat' dir='ltr'><strong>Daphnes</strong></span> <span class='ocrx_word' id='word_1_79' title='bbox 1178 1345 1490 1400; x_wconf 86' lang='lat' dir='ltr'><strong>suburbium</strong></span> <span class='ocrx_word' id='word_1_80' title='bbox 1514 1347 1885 1412; x_wconf 89' lang='lat' dir='ltr'><strong>ascendamus,</strong></span> <span class='ocrx_word' id='word_1_81' title='bbox 1917 1355 1974 1404; x_wconf 91' lang='lat' dir='ltr'><strong>et</strong></span> <span class='ocrx_word' id='word_1_82' title='bbox 2024 1350 2220 1404; x_wconf 87' lang='lat' dir='ltr'><strong>oratio-</strong></span> 
     </span>
    </p>
   </div>
   <div class='ocr_carea' id='block_1_13' title="bbox 625 1433 2219 1506">
    <p class='ocr_par' dir='ltr' id='par_1_13' title="bbox 625 1433 2219 1506">
     <span class='ocr_line' id='line_1_13' title="bbox 625 1433 2219 1506; baseline 0.006 -20"><span class='ocrx_word' id='word_1_83' title='bbox 625 1449 746 1486; x_wconf 79' lang='lat' dir='ltr'><strong>nem</strong></span> <span class='ocrx_word' id='word_1_84' title='bbox 768 1433 835 1488; x_wconf 91' lang='lat' dir='ltr'><strong>ad</strong></span> <span class='ocrx_word' id='word_1_85' title='bbox 861 1435 1108 1506; x_wconf 87' lang='lat' dir='ltr'><strong>martyris</strong></span> <span class='ocrx_word' id='word_1_86' title='bbox 1133 1436 1388 1506; x_wconf 70' lang='lat' dir='ltr'><strong>prmclara</strong></span> <span class='ocrx_word' id='word_1_87' title='bbox 1410 1436 1641 1492; x_wconf 78' lang='lat' dir='ltr'><strong>facinora</strong></span> <span class='ocrx_word' id='word_1_88' title='bbox 1659 1438 2019 1494; x_wconf 88' lang='lat' dir='ltr'><strong>traducamus.</strong></span> <span class='ocrx_word' id='word_1_89' title='bbox 2039 1441 2219 1496; x_wconf 83' lang='lat' dir='ltr'><strong>Enim-</strong></span> 
     </span>
    </p>
   </div>
   <div class='ocr_carea' id='block_1_14' title="bbox 627 1528 2218 1605">
    <p class='ocr_par' dir='ltr' id='par_1_14' title="bbox 627 1528 2218 1605">
     <span class='ocr_line' id='line_1_14' title="bbox 627 1528 2218 1605; baseline 0.006 -26"><span class='ocrx_word' id='word_1_90' title='bbox 627 1541 756 1580; x_wconf 93' lang='lat' dir='ltr'><strong>vero</strong></span> <span class='ocrx_word' id='word_1_91' title='bbox 804 1528 999 1597; x_wconf 91' lang='lat' dir='ltr'><strong>probra</strong></span> <span class='ocrx_word' id='word_1_92' title='bbox 1027 1537 1084 1584; x_wconf 93' lang='lat' dir='ltr'><strong>et</strong></span> <span class='ocrx_word' id='word_1_93' title='bbox 1112 1529 1378 1585; x_wconf 84' lang='lat' dir='ltr'><strong>dedecora</strong></span> <span class='ocrx_word' id='word_1_94' title='bbox 1423 1531 1698 1601; x_wconf 78' lang='lat' dir='ltr'><strong>gentilium</strong></span> <span class='ocrx_word' id='word_1_95' title='bbox 1729 1533 2002 1604; x_wconf 78' lang='lat' dir='ltr'><strong>divulgare</strong></span> <span class='ocrx_word' id='word_1_96' title='bbox 2031 1549 2218 1605; x_wconf 90' lang='lat' dir='ltr'><strong>percu-</strong></span> 
     </span>
    </p>
   </div>
   <div class='ocr_carea' id='block_1_15' title="bbox 625 1619 2215 1694">
    <p class='ocr_par' dir='ltr' id='par_1_15' title="bbox 625 1619 2215 1694">
     <span class='ocr_line' id='line_1_15' title="bbox 625 1619 2215 1694; baseline 0.007 -22"><span class='ocrx_word' id='word_1_97' title='bbox 625 1619 778 1688; x_wconf 82' lang='lat' dir='ltr'><strong>pitis,</strong></span> <span class='ocrx_word' id='word_1_98' title='bbox 800 1628 1030 1676; x_wconf 87' lang='lat' dir='ltr'><strong>attamen</strong></span> <span class='ocrx_word' id='word_1_99' title='bbox 1080 1621 1181 1677; x_wconf 93' lang='lat' dir='ltr'><strong>hoc</strong></span> <span class='ocrx_word' id='word_1_100' title='bbox 1213 1632 1366 1694; x_wconf 89' lang='lat' dir='ltr'><strong>pacto</strong></span> <span class='ocrx_word' id='word_1_101' title='bbox 1383 1626 1542 1680; x_wconf 85' lang='lat' dir='ltr'><strong>etiam</strong></span> <span class='ocrx_word' id='word_1_102' title='bbox 1587 1625 1675 1679; x_wconf 87' lang='lat' dir='ltr'><strong>illa</strong></span> <span class='ocrx_word' id='word_1_103' title='bbox 1707 1626 1760 1680; x_wconf 92' lang='lat' dir='ltr'><strong>in</strong></span> <span class='ocrx_word' id='word_1_104' title='bbox 1787 1626 2016 1682; x_wconf 91' lang='lat' dir='ltr'><strong>medium</strong></span> <span class='ocrx_word' id='word_1_105' title='bbox 2046 1628 2215 1683; x_wconf 85' lang='lat' dir='ltr'><strong>addu-</strong></span> 
     </span>
    </p>
   </div>
   <div class='ocr_carea' id='block_1_16' title="bbox 621 1713 2217 1788">
    <p class='ocr_par' dir='ltr' id='par_1_16' title="bbox 621 1713 2217 1788">
     <span class='ocr_line' id='line_1_16' title="bbox 621 1713 2217 1788; baseline 0.008 -25"><span class='ocrx_word' id='word_1_106' title='bbox 621 1719 810 1766; x_wconf 82' lang='lat' dir='ltr'><strong>eemus</strong></span> <span class='ocrx_word' id='word_1_107' title='bbox 843 1729 856 1766; x_wconf 91' lang='lat'><strong>:</strong></span> <span class='ocrx_word' id='word_1_108' title='bbox 898 1713 1162 1784; x_wconf 88' lang='lat' dir='ltr'><strong>siquidem</strong></span> <span class='ocrx_word' id='word_1_109' title='bbox 1190 1716 1278 1770; x_wconf 90' lang='lat' dir='ltr'><strong>ubi</strong></span> <span class='ocrx_word' id='word_1_110' title='bbox 1324 1726 1618 1788; x_wconf 88' lang='lat' dir='ltr'><strong>martyrum</strong></span> <span class='ocrx_word' id='word_1_111' title='bbox 1659 1717 1720 1772; x_wconf 82' lang='lat' dir='ltr'><strong>fit</strong></span> <span class='ocrx_word' id='word_1_112' title='bbox 1766 1719 1988 1784; x_wconf 88' lang='lat' dir='ltr'><strong>mentio,</strong></span> <span class='ocrx_word' id='word_1_113' title='bbox 2016 1720 2122 1775; x_wconf 90' lang='lat' dir='ltr'><strong>illic</strong></span> <span class='ocrx_word' id='word_1_114' title='bbox 2163 1730 2217 1776; x_wconf 91' lang='lat' dir='ltr'><strong>et</strong></span> 
     </span>
    </p>
   </div>
   <div class='ocr_carea' id='block_1_17' title="bbox 623 1804 2216 1884">
    <p class='ocr_par' dir='ltr' id='par_1_17' title="bbox 623 1804 2216 1884">
     <span class='ocr_line' id='line_1_17' title="bbox 623 1804 2216 1884; baseline 0.008 -29"><span class='ocrx_word' id='word_1_115' title='bbox 623 1804 897 1871; x_wconf 71' lang='lat' dir='ltr'><strong>gentilium</strong></span> <span class='ocrx_word' id='word_1_116' title='bbox 942 1805 1175 1861; x_wconf 84' lang='lat' dir='ltr'><strong>dedecus</strong></span> <span class='ocrx_word' id='word_1_117' title='bbox 1216 1809 1518 1864; x_wconf 89' lang='lat' dir='ltr'><strong>inuotescit.</strong></span> <span class='ocrx_word' id='word_1_118' title='bbox 1558 1810 1655 1865; x_wconf 91' lang='lat' dir='ltr'><strong>llic</strong></span> <span class='ocrx_word' id='word_1_119' title='bbox 1711 1810 1872 1880; x_wconf 81' lang='lat' dir='ltr'><strong>igitur</strong></span> <span class='ocrx_word' id='word_1_120' title='bbox 1925 1813 2216 1884; x_wconf 86' lang='lat' dir='ltr'><strong>Imperator</strong></span> 
     </span>
    </p>
   </div>
   <div class='ocr_carea' id='block_1_18' title="bbox 624 1897 2215 1977">
    <p class='ocr_par' dir='ltr' id='par_1_18' title="bbox 624 1897 2215 1977">
     <span class='ocr_line' id='line_1_18' title="bbox 624 1897 2215 1977; baseline 0.011 -30"><span class='ocrx_word' id='word_1_121' title='bbox 624 1909 746 1949; x_wconf 92' lang='lat' dir='ltr'><strong>cum</strong></span> <span class='ocrx_word' id='word_1_122' title='bbox 796 1897 1052 1968; x_wconf 81' lang='lat' dir='ltr'><strong>Daphnen</strong></span> <span class='ocrx_word' id='word_1_123' title='bbox 1105 1902 1448 1968; x_wconf 80' lang='lat' dir='ltr'><strong>ascendisset,</strong></span> <span class='ocrx_word' id='word_1_124' title='bbox 1502 1903 1611 1958; x_wconf 91' lang='lat' dir='ltr'><strong>illic</strong></span> <span class='ocrx_word' id='word_1_125' title='bbox 1641 1905 1940 1975; x_wconf 80' lang='lat' dir='ltr'><strong>Apollinem</strong></span> <span class='ocrx_word' id='word_1_126' title='bbox 1973 1908 2215 1977; x_wconf 88' lang='lat' dir='ltr'><strong>precibus</strong></span> 
     </span>
    </p>
   </div>
   <div class='ocr_carea' id='block_1_19' title="bbox 625 1984 2214 2065">
    <p class='ocr_par' dir='ltr' id='par_1_19' title="bbox 625 1984 2214 2065">
     <span class='ocr_line' id='line_1_19' title="bbox 625 1984 2214 2065; baseline 0.013 -29"><span class='ocrx_word' id='word_1_127' title='bbox 625 1984 918 2056; x_wconf 86' lang='lat' dir='ltr'><strong>fatigabat,</strong></span> <span class='ocrx_word' id='word_1_128' title='bbox 961 1990 1310 2060; x_wconf 88' lang='lat' dir='ltr'><strong>sollicitabat,</strong></span> <span class='ocrx_word' id='word_1_129' title='bbox 1349 1995 1696 2065; x_wconf 82' lang='lat' dir='ltr'><strong>supplicabat,</strong></span> <span class='ocrx_word' id='word_1_130' title='bbox 1727 2006 1786 2052; x_wconf 90' lang='lat' dir='ltr'><strong>ut</strong></span> <span class='ocrx_word' id='word_1_131' title='bbox 1813 1998 1915 2054; x_wconf 88' lang='lat' dir='ltr'><strong>sibi</strong></span> <span class='ocrx_word' id='word_1_132' title='bbox 1961 1999 2029 2055; x_wconf 92' lang='lat' dir='ltr'><strong>de</strong></span> <span class='ocrx_word' id='word_1_133' title='bbox 2054 2001 2214 2057; x_wconf 88' lang='lat' dir='ltr'><strong>rebus</strong></span> 
     </span>
    </p>
   </div>
   <div class='ocr_carea' id='block_1_20' title="bbox 623 2079 2214 2164">
    <p class='ocr_par' dir='ltr' id='par_1_20' title="bbox 623 2079 2214 2164">
     <span class='ocr_line' id='line_1_20' title="bbox 623 2079 2214 2164; baseline 0.011 -33"><span class='ocrx_word' id='word_1_134' title='bbox 623 2079 814 2135; x_wconf 82' lang='lat' dir='ltr'><strong>futuris</strong></span> <span class='ocrx_word' id='word_1_135' title='bbox 861 2084 1132 2154; x_wconf 85' lang='lat' dir='ltr'><strong>quidpiam</strong></span> <span class='ocrx_word' id='word_1_136' title='bbox 1173 2088 1574 2143; x_wconf 73' lang='lat' dir='ltr'><strong>vaticinaretur.</strong></span> <span class='ocrx_word' id='word_1_137' title='bbox 1619 2090 1756 2158; x_wconf 86' lang='lat' dir='ltr'><strong>Quid</strong></span> <span class='ocrx_word' id='word_1_138' title='bbox 1811 2093 1970 2162; x_wconf 82' lang='lat' dir='ltr'><strong>igitur</strong></span> <span class='ocrx_word' id='word_1_139' title='bbox 1991 2109 2214 2164; x_wconf 89' lang='lat' dir='ltr'><strong>magnus</strong></span> 
     </span>
    </p>
   </div>
   <div class='ocr_carea' id='block_1_21' title="bbox 623 2174 2214 2258">
    <p class='ocr_par' dir='ltr' id='par_1_21' title="bbox 623 2174 2214 2258">
     <span class='ocr_line' id='line_1_21' title="bbox 623 2174 2214 2258; baseline 0.011 -33"><span class='ocrx_word' id='word_1_140' title='bbox 623 2174 712 2227; x_wconf 83' lang='lat' dir='ltr'><strong>ille</strong></span> <span class='ocrx_word' id='word_1_141' title='bbox 740 2177 1014 2244; x_wconf 78' lang='lat' dir='ltr'><strong>gentilium</strong></span> <span class='ocrx_word' id='word_1_142' title='bbox 1046 2187 1196 2234; x_wconf 83' lang='lat' dir='ltr'><strong>vates</strong></span> <span class='ocrx_word' id='word_1_143' title='bbox 1225 2180 1396 2237; x_wconf 76' lang='lat' dir='ltr'><strong>deus?</strong></span> <span class='ocrx_word' id='word_1_144' title='bbox 1444 2183 1632 2239; x_wconf 85' lang='lat' dir='ltr'><strong>Mortui</strong></span> <span class='ocrx_word' id='word_1_145' title='bbox 1669 2201 1755 2240; x_wconf 90' lang='lat' dir='ltr'><strong>me</strong></span> <span class='ocrx_word' id='word_1_146' title='bbox 1787 2186 2104 2258; x_wconf 91' lang='lat' dir='ltr'><strong>impediunt,</strong></span> <span class='ocrx_word' id='word_1_147' title='bbox 2132 2189 2214 2244; x_wconf 89' lang='lat' dir='ltr'><strong>in-</strong></span> 
     </span>
    </p>
   </div>
   <div class='ocr_carea' id='block_1_22' title="bbox 621 2268 2209 2351">
    <p class='ocr_par' dir='ltr' id='par_1_22' title="bbox 621 2268 2209 2351">
     <span class='ocr_line' id='line_1_22' title="bbox 621 2268 2209 2351; baseline 0.012 -33"><span class='ocrx_word' id='word_1_148' title='bbox 621 2268 774 2335; x_wconf 85' lang='lat' dir='ltr'><strong>quit,</strong></span> <span class='ocrx_word' id='word_1_149' title='bbox 805 2283 872 2324; x_wconf 86' lang='lat' dir='ltr'><strong>ne</strong></span> <span class='ocrx_word' id='word_1_150' title='bbox 898 2269 1113 2341; x_wconf 90' lang='lat' dir='ltr'><strong>loquar;</strong></span> <span class='ocrx_word' id='word_1_151' title='bbox 1139 2281 1204 2328; x_wconf 86' lang='lat' dir='ltr'><strong>at</strong></span> <span class='ocrx_word' id='word_1_152' title='bbox 1233 2281 1288 2328; x_wconf 92' lang='lat' dir='ltr'><strong>tu</strong></span> <span class='ocrx_word' id='word_1_153' title='bbox 1314 2277 1561 2346; x_wconf 88' lang='lat' dir='ltr'><strong>capsulas</strong></span> <span class='ocrx_word' id='word_1_154' title='bbox 1602 2277 1823 2351; x_wconf 85' lang='lat' dir='ltr'><strong>ell‘ringc</strong></span> <span class='ocrx_word' id='word_1_155' title='bbox 1843 2322 1857 2348; x_wconf 95' lang='lat'><strong>,</strong></span> <span class='ocrx_word' id='word_1_156' title='bbox 1886 2295 2007 2337; x_wconf 89' lang='lat' dir='ltr'><strong>ossa</strong></span> <span class='ocrx_word' id='word_1_157' title='bbox 2030 2283 2209 2348; x_wconf 80' lang='lat' dir='ltr'><strong>effodi,</strong></span> 
     </span>
    </p>
   </div>
   <div class='ocr_carea' id='block_1_23' title="bbox 621 2361 2210 2430">
    <p class='ocr_par' dir='ltr' id='par_1_23' title="bbox 621 2361 2210 2430">
     <span class='ocr_line' id='line_1_23' title="bbox 621 2361 2210 2430; baseline 0.013 -22"><span class='ocrx_word' id='word_1_158' title='bbox 621 2367 863 2413; x_wconf 89' lang='lat' dir='ltr'><strong>mortuos</strong></span> <span class='ocrx_word' id='word_1_159' title='bbox 906 2361 1155 2418; x_wconf 80' lang='lat' dir='ltr'><strong>transfer.</strong></span> <span class='ocrx_word' id='word_1_160' title='bbox 1193 2364 1331 2430; x_wconf 85' lang='lat' dir='ltr'><strong>Quid</strong></span> <span class='ocrx_word' id='word_1_161' title='bbox 1375 2368 1656 2425; x_wconf 88' lang='lat' dir='ltr'><strong>scelestius</strong></span> <span class='ocrx_word' id='word_1_162' title='bbox 1687 2369 1770 2424; x_wconf 91' lang='lat' dir='ltr'><strong>his</strong></span> <span class='ocrx_word' id='word_1_163' title='bbox 1799 2372 2063 2427; x_wconf 88' lang='lat' dir='ltr'><strong>mandatis</strong></span> <span class='ocrx_word' id='word_1_164' title='bbox 2095 2373 2210 2429; x_wconf 84' lang='lat' dir='ltr'><strong>fieri</strong></span> 
     </span>
    </p>
   </div>
   <div class='ocr_carea' id='block_1_24' title="bbox 621 2451 2209 2533">
    <p class='ocr_par' dir='ltr' id='par_1_24' title="bbox 621 2451 2209 2533">
     <span class='ocr_line' id='line_1_24' title="bbox 621 2451 2209 2533; baseline 0.011 -30"><span class='ocrx_word' id='word_1_165' title='bbox 621 2451 823 2518; x_wconf 76' lang='lat' dir='ltr'><strong>possit?</strong></span> <span class='ocrx_word' id='word_1_166' title='bbox 856 2453 1098 2509; x_wconf 88' lang='lat' dir='ltr'><strong>Insolitas</strong></span> <span class='ocrx_word' id='word_1_167' title='bbox 1125 2456 1334 2512; x_wconf 68' lang='lat' dir='ltr'><strong>daemon</strong></span> <span class='ocrx_word' id='word_1_168' title='bbox 1382 2461 1748 2529; x_wconf 84' lang='lat' dir='ltr'><strong>sepulcrorum</strong></span> <span class='ocrx_word' id='word_1_169' title='bbox 1778 2464 2108 2533; x_wconf 87' lang='lat' dir='ltr'><strong>spoliationis</strong></span> <span class='ocrx_word' id='word_1_170' title='bbox 2131 2466 2209 2521; x_wconf 91' lang='lat' dir='ltr'><strong>le-</strong></span> 
     </span>
    </p>
   </div>
   <div class='ocr_carea' id='block_1_25' title="bbox 618 2545 2212 2624">
    <p class='ocr_par' dir='ltr' id='par_1_25' title="bbox 618 2545 2212 2624">
     <span class='ocr_line' id='line_1_25' title="bbox 618 2545 2212 2624; baseline 0.01 -27"><span class='ocrx_word' id='word_1_171' title='bbox 618 2558 709 2612; x_wconf 84' lang='lat' dir='ltr'><strong>ges</strong></span> <span class='ocrx_word' id='word_1_172' title='bbox 739 2545 964 2614; x_wconf 88' lang='lat' dir='ltr'><strong>invehit,</strong></span> <span class='ocrx_word' id='word_1_173' title='bbox 994 2557 1048 2602; x_wconf 90' lang='lat' dir='ltr'><strong>et</strong></span> <span class='ocrx_word' id='word_1_174' title='bbox 1072 2563 1240 2604; x_wconf 90' lang='lat' dir='ltr'><strong>novos</strong></span> <span class='ocrx_word' id='word_1_175' title='bbox 1267 2550 1515 2622; x_wconf 84' lang='lat' dir='ltr'><strong>abigendi</strong></span> <span class='ocrx_word' id='word_1_176' title='bbox 1555 2553 1792 2624; x_wconf 82' lang='lat' dir='ltr'><strong>hoSpites</strong></span> <span class='ocrx_word' id='word_1_177' title='bbox 1823 2556 2011 2612; x_wconf 81' lang='lat' dir='ltr'><strong>modos</strong></span> <span class='ocrx_word' id='word_1_178' title='bbox 2052 2573 2212 2612; x_wconf 81' lang='lat' dir='ltr'><strong>exeo-</strong></span> 
     </span>
    </p>
   </div>
   <div class='ocr_carea' id='block_1_26' title="bbox 619 2637 2211 2720">
    <p class='ocr_par' dir='ltr' id='par_1_26' title="bbox 619 2637 2211 2720">
     <span class='ocr_line' id='line_1_26' title="bbox 619 2637 2211 2720; baseline 0.009 -30"><span class='ocrx_word' id='word_1_179' title='bbox 619 2637 772 2706; x_wconf 90' lang='lat' dir='ltr'><strong>gitat.</strong></span> <span class='ocrx_word' id='word_1_180' title='bbox 829 2638 959 2707; x_wconf 89' lang='lat' dir='ltr'><strong>Quis</strong></span> <span class='ocrx_word' id='word_1_181' title='bbox 1012 2657 1263 2712; x_wconf 86' lang='lat' dir='ltr'><strong>umquam</strong></span> <span class='ocrx_word' id='word_1_182' title='bbox 1313 2655 1554 2700; x_wconf 85' lang='lat' dir='ltr'><strong>mortuos</strong></span> <span class='ocrx_word' id='word_1_183' title='bbox 1593 2647 1794 2717; x_wconf 88' lang='lat' dir='ltr'><strong>ejectos</strong></span> <span class='ocrx_word' id='word_1_184' title='bbox 1833 2649 2211 2720; x_wconf 86' lang='lat' dir='ltr'><strong>audivit?qnis</strong></span> 
     </span>
    </p>
   </div>
   <div class='ocr_carea' id='block_1_27' title="bbox 617 2730 2206 2811">
    <p class='ocr_par' dir='ltr' id='par_1_27' title="bbox 617 2730 2206 2811">
     <span class='ocr_line' id='line_1_27' title="bbox 617 2730 2206 2811; baseline 0.011 -30"><span class='ocrx_word' id='word_1_185' title='bbox 617 2730 792 2784; x_wconf 88' lang='lat' dir='ltr'><strong>anima</strong></span> <span class='ocrx_word' id='word_1_186' title='bbox 836 2732 1090 2788; x_wconf 88' lang='lat' dir='ltr'><strong>destituta</strong></span> <span class='ocrx_word' id='word_1_187' title='bbox 1137 2749 1359 2806; x_wconf 90' lang='lat' dir='ltr'><strong>corpora</strong></span> <span class='ocrx_word' id='word_1_188' title='bbox 1406 2737 1621 2794; x_wconf 90' lang='lat' dir='ltr'><strong>sedibus</strong></span> <span class='ocrx_word' id='word_1_189' title='bbox 1667 2739 1794 2810; x_wconf 88' lang='lat' dir='ltr'><strong>pelli</strong></span> <span class='ocrx_word' id='word_1_190' title='bbox 1852 2743 2002 2811; x_wconf 86' lang='lat' dir='ltr'><strong>jussa</strong></span> <span class='ocrx_word' id='word_1_191' title='bbox 2055 2743 2206 2811; x_wconf 85' lang='lat' dir='ltr'><strong>vidit,</strong></span> 
     </span>
    </p>
   </div>
   <div class='ocr_carea' id='block_1_28' title="bbox 618 2823 2209 2900">
    <p class='ocr_par' dir='ltr' id='par_1_28' title="bbox 618 2823 2209 2900">
     <span class='ocr_line' id='line_1_28' title="bbox 618 2823 2209 2900; baseline 0.009 -24"><span class='ocrx_word' id='word_1_192' title='bbox 618 2823 1066 2891; x_wconf 87' lang='lat' dir='ltr'><strong>quemadmodum</strong></span> <span class='ocrx_word' id='word_1_193' title='bbox 1095 2827 1182 2882; x_wconf 91' lang='lat' dir='ltr'><strong>hic</strong></span> <span class='ocrx_word' id='word_1_194' title='bbox 1230 2829 1534 2900; x_wconf 89' lang='lat' dir='ltr'><strong>imperavit,</strong></span> <span class='ocrx_word' id='word_1_195' title='bbox 1576 2840 1958 2889; x_wconf 91' lang='lat' dir='ltr'><strong>eteommunes</strong></span> <span class='ocrx_word' id='word_1_196' title='bbox 2006 2843 2209 2891; x_wconf 74' lang='lat' dir='ltr'><strong>natura:</strong></span> 
     </span>
    </p>
   </div>
   <div class='ocr_carea' id='block_1_29' title="bbox 619 2914 2210 2994">
    <p class='ocr_par' dir='ltr' id='par_1_29' title="bbox 619 2914 2210 2994">
     <span class='ocr_line' id='line_1_29' title="bbox 619 2914 2210 2994; baseline 0.011 -27"><span class='ocrx_word' id='word_1_197' title='bbox 619 2914 762 2984; x_wconf 81' lang='lat' dir='ltr'><strong>leges</strong></span> <span class='ocrx_word' id='word_1_198' title='bbox 789 2914 1026 2973; x_wconf 89' lang='lat' dir='ltr'><strong>funditus</strong></span> <span class='ocrx_word' id='word_1_199' title='bbox 1051 2919 1280 2973; x_wconf 82' lang='lat' dir='ltr'><strong>evertit?</strong></span> <span class='ocrx_word' id='word_1_200' title='bbox 1308 2922 1443 2976; x_wconf 90' lang='lat' dir='ltr'><strong>Sunt</strong></span> <span class='ocrx_word' id='word_1_201' title='bbox 1464 2922 1606 2977; x_wconf 91' lang='lat' dir='ltr'><strong>enim</strong></span> <span class='ocrx_word' id='word_1_202' title='bbox 1652 2925 1790 2994; x_wconf 89' lang='lat' dir='ltr'><strong>apud</strong></span> <span class='ocrx_word' id='word_1_203' title='bbox 1819 2926 2072 2984; x_wconf 87' lang='lat' dir='ltr'><strong>mortales</strong></span> <span class='ocrx_word' id='word_1_204' title='bbox 2092 2942 2210 2984; x_wconf 80' lang='lat' dir='ltr'><strong>om-</strong></span> 
     </span>
    </p>
   </div>
   <div class='ocr_carea' id='block_1_30' title="bbox 617 3009 2205 3088">
    <p class='ocr_par' dir='ltr' id='par_1_30' title="bbox 617 3009 2205 3088">
     <span class='ocr_line' id='line_1_30' title="bbox 617 3009 2205 3088; baseline 0.011 -28"><span class='ocrx_word' id='word_1_205' title='bbox 617 3022 714 3061; x_wconf 91' lang='lat' dir='ltr'><strong>nes</strong></span> <span class='ocrx_word' id='word_1_206' title='bbox 745 3009 826 3062; x_wconf 80' lang='lat' dir='ltr'><strong>lue</strong></span> <span class='ocrx_word' id='word_1_207' title='bbox 848 3009 991 3080; x_wconf 81' lang='lat' dir='ltr'><strong>leges</strong></span> <span class='ocrx_word' id='word_1_208' title='bbox 1016 3025 1349 3075; x_wconf 88' lang='lat' dir='ltr'><strong>communes,</strong></span> <span class='ocrx_word' id='word_1_209' title='bbox 1379 3024 1433 3068; x_wconf 92' lang='lat' dir='ltr'><strong>ut</strong></span> <span class='ocrx_word' id='word_1_210' title='bbox 1460 3017 1548 3084; x_wconf 93' lang='lat' dir='ltr'><strong>qui</strong></span> <span class='ocrx_word' id='word_1_211' title='bbox 1571 3015 1676 3070; x_wconf 91' lang='lat' dir='ltr'><strong>vita</strong></span> <span class='ocrx_word' id='word_1_212' title='bbox 1696 3016 1907 3073; x_wconf 90' lang='lat' dir='ltr'><strong>functus</strong></span> <span class='ocrx_word' id='word_1_213' title='bbox 1932 3029 2034 3088; x_wconf 90' lang='lat' dir='ltr'><strong>est,</strong></span> <span class='ocrx_word' id='word_1_214' title='bbox 2067 3035 2205 3078; x_wconf 82' lang='lat' dir='ltr'><strong>terra</strong></span> 
     </span>
    </p>
   </div>
   <div class='ocr_carea' id='block_1_31' title="bbox 614 3098 2208 3181">
    <p class='ocr_par' dir='ltr' id='par_1_31' title="bbox 614 3098 2208 3181">
     <span class='ocr_line' id='line_1_31' title="bbox 614 3098 2208 3181; baseline 0.013 -32"><span class='ocrx_word' id='word_1_215' title='bbox 614 3098 896 3162; x_wconf 90' lang='lat' dir='ltr'><strong>condatur,</strong></span> <span class='ocrx_word' id='word_1_216' title='bbox 946 3102 1230 3170; x_wconf 71' lang='lat' dir='ltr'><strong>sepulturte</strong></span> <span class='ocrx_word' id='word_1_217' title='bbox 1275 3104 1534 3170; x_wconf 87' lang='lat' dir='ltr'><strong>tradatur,</strong></span> <span class='ocrx_word' id='word_1_218' title='bbox 1582 3121 1646 3162; x_wconf 84' lang='lat' dir='ltr'><strong>ac</strong></span> <span class='ocrx_word' id='word_1_219' title='bbox 1696 3108 1816 3162; x_wconf 87' lang='lat' dir='ltr'><strong>sinu</strong></span> <span class='ocrx_word' id='word_1_220' title='bbox 1865 3126 2069 3181; x_wconf 73' lang='lat' dir='ltr'><strong>magna:</strong></span> <span class='ocrx_word' id='word_1_221' title='bbox 2093 3128 2208 3168; x_wconf 91' lang='lat' dir='ltr'><strong>om-</strong></span> 
     </span>
    </p>
   </div>
   <div class='ocr_carea' id='block_1_32' title="bbox 615 3189 2202 3270">
    <p class='ocr_par' dir='ltr' id='par_1_32' title="bbox 615 3189 2202 3270">
     <span class='ocr_line' id='line_1_32' title="bbox 615 3189 2202 3270; baseline 0.012 -29"><span class='ocrx_word' id='word_1_222' title='bbox 615 3189 760 3243; x_wconf 87' lang='lat' dir='ltr'><strong>nium</strong></span> <span class='ocrx_word' id='word_1_223' title='bbox 785 3193 971 3246; x_wconf 89' lang='lat' dir='ltr'><strong>matris</strong></span> <span class='ocrx_word' id='word_1_224' title='bbox 999 3193 1334 3252; x_wconf 89' lang='lat' dir='ltr'><strong>obvolvatur.</strong></span> <span class='ocrx_word' id='word_1_225' title='bbox 1365 3199 1539 3266; x_wconf 84' lang='lat' dir='ltr'><strong>Atque</strong></span> <span class='ocrx_word' id='word_1_226' title='bbox 1566 3198 1662 3254; x_wconf 90' lang='lat' dir='ltr'><strong>has</strong></span> <span class='ocrx_word' id='word_1_227' title='bbox 1689 3215 1794 3256; x_wconf 87' lang='lat' dir='ltr'><strong>non</strong></span> <span class='ocrx_word' id='word_1_228' title='bbox 1823 3201 2063 3270; x_wconf 75' lang='lat' dir='ltr'><strong>Grmeus,</strong></span> <span class='ocrx_word' id='word_1_229' title='bbox 2097 3220 2202 3260; x_wconf 93' lang='lat' dir='ltr'><strong>non</strong></span> 
     </span>
    </p>
   </div>
   <div class='ocr_carea' id='block_1_33' title="bbox 617 3280 2202 3360">
    <p class='ocr_par' dir='ltr' id='par_1_33' title="bbox 617 3280 2202 3360">
     <span class='ocr_line' id='line_1_33' title="bbox 617 3280 2202 3360; baseline 0.013 -27"><span class='ocrx_word' id='word_1_230' title='bbox 617 3280 894 3348; x_wconf 78' lang='lat' dir='ltr'><strong>barbarus,</strong></span> <span class='ocrx_word' id='word_1_231' title='bbox 922 3299 1025 3337; x_wconf 94' lang='lat' dir='ltr'><strong>non</strong></span> <span class='ocrx_word' id='word_1_232' title='bbox 1053 3285 1250 3356; x_wconf 78' lang='lat' dir='ltr'><strong>Scytha</strong></span> <span class='ocrx_word' id='word_1_233' title='bbox 1273 3329 1288 3354; x_wconf 96' lang='lat'><strong>,</strong></span> <span class='ocrx_word' id='word_1_234' title='bbox 1323 3303 1421 3342; x_wconf 92' lang='lat' dir='ltr'><strong>nec</strong></span> <span class='ocrx_word' id='word_1_235' title='bbox 1447 3290 1490 3344; x_wconf 90' lang='lat' dir='ltr'><strong>si</strong></span> <span class='ocrx_word' id='word_1_236' title='bbox 1528 3293 1648 3360; x_wconf 92' lang='lat' dir='ltr'><strong>quis</strong></span> <span class='ocrx_word' id='word_1_237' title='bbox 1673 3291 1778 3347; x_wconf 90' lang='lat' dir='ltr'><strong>illis</strong></span> <span class='ocrx_word' id='word_1_238' title='bbox 1804 3293 2088 3352; x_wconf 90' lang='lat' dir='ltr'><strong>immanior</strong></span> <span class='ocrx_word' id='word_1_239' title='bbox 2113 3314 2202 3352; x_wconf 91' lang='lat' dir='ltr'><strong>rc-</strong></span> 
     </span>
    </p>
   </div>
   <div class='ocr_carea' id='block_1_34' title="bbox 612 3374 2206 3450">
    <p class='ocr_par' dir='ltr' id='par_1_34' title="bbox 612 3374 2206 3450">
     <span class='ocr_line' id='line_1_34' title="bbox 612 3374 2206 3450; baseline 0.013 -25"><span class='ocrx_word' id='word_1_240' title='bbox 612 3374 868 3442; x_wconf 82' lang='lat' dir='ltr'><strong>pcriatur,</strong></span> <span class='ocrx_word' id='word_1_241' title='bbox 897 3392 1146 3447; x_wconf 88' lang='lat' dir='ltr'><strong>umquam</strong></span> <span class='ocrx_word' id='word_1_242' title='bbox 1177 3379 1320 3449; x_wconf 85' lang='lat' dir='ltr'><strong>leges</strong></span> <span class='ocrx_word' id='word_1_243' title='bbox 1345 3382 1631 3450; x_wconf 89' lang='lat' dir='ltr'><strong>convulsit,</strong></span> <span class='ocrx_word' id='word_1_244' title='bbox 1659 3385 1756 3441; x_wconf 91' lang='lat' dir='ltr'><strong>sed</strong></span> <span class='ocrx_word' id='word_1_245' title='bbox 1800 3399 2124 3444; x_wconf 89' lang='lat' dir='ltr'><strong>reverentur</strong></span> <span class='ocrx_word' id='word_1_246' title='bbox 2151 3399 2206 3446; x_wconf 92' lang='lat' dir='ltr'><strong>et</strong></span> 
     </span>
    </p>
   </div>
   <div class='ocr_carea' id='block_1_35' title="bbox 610 3465 2205 3549">
    <p class='ocr_par' dir='ltr' id='par_1_35' title="bbox 610 3465 2205 3549">
     <span class='ocr_line' id='line_1_35' title="bbox 610 3465 2205 3549; baseline 0.016 -35"><span class='ocrx_word' id='word_1_247' title='bbox 610 3465 897 3520; x_wconf 74' lang='lat' dir='ltr'><strong>observant</strong></span> <span class='ocrx_word' id='word_1_248' title='bbox 925 3482 1132 3535; x_wconf 83' lang='lat' dir='ltr'><strong>omnes,</strong></span> <span class='ocrx_word' id='word_1_249' title='bbox 1161 3470 1402 3543; x_wconf 88' lang='lat' dir='ltr'><strong>adeoque</strong></span> <span class='ocrx_word' id='word_1_250' title='bbox 1447 3489 1613 3531; x_wconf 70' lang='lat' dir='ltr'><strong>sacra:</strong></span> <span class='ocrx_word' id='word_1_251' title='bbox 1637 3488 1692 3532; x_wconf 90' lang='lat' dir='ltr'><strong>et</strong></span> <span class='ocrx_word' id='word_1_252' title='bbox 1729 3478 1868 3549; x_wconf 92' lang='lat' dir='ltr'><strong>apud</strong></span> <span class='ocrx_word' id='word_1_253' title='bbox 1891 3495 2084 3537; x_wconf 90' lang='lat' dir='ltr'><strong>omnes</strong></span> <span class='ocrx_word' id='word_1_254' title='bbox 2108 3499 2205 3538; x_wconf 86' lang='lat' dir='ltr'><strong>vc-</strong></span> 
     </span>
    </p>
   </div>
   <div class='ocr_carea' id='block_1_36' title="bbox 609 3559 2198 3632">
    <p class='ocr_par' dir='ltr' id='par_1_36' title="bbox 609 3559 2198 3632">
     <span class='ocr_line' id='line_1_36' title="bbox 609 3559 2198 3632; baseline 0.013 -22"><span class='ocrx_word' id='word_1_255' title='bbox 609 3559 888 3614; x_wconf 88' lang='lat' dir='ltr'><strong>ncrationc</strong></span> <span class='ocrx_word' id='word_1_256' title='bbox 937 3571 1060 3616; x_wconf 92' lang='lat' dir='ltr'><strong>sunt</strong></span> <span class='ocrx_word' id='word_1_257' title='bbox 1107 3562 1308 3632; x_wconf 76' lang='lat' dir='ltr'><strong>dignze;</strong></span> <span class='ocrx_word' id='word_1_258' title='bbox 1349 3565 1560 3622; x_wconf 81' lang='lat' dir='ltr'><strong>daemon</strong></span> <span class='ocrx_word' id='word_1_259' title='bbox 1591 3578 1770 3625; x_wconf 90' lang='lat' dir='ltr'><strong>autem</strong></span> <span class='ocrx_word' id='word_1_260' title='bbox 1818 3573 2024 3629; x_wconf 89' lang='lat' dir='ltr'><strong>sublata</strong></span> <span class='ocrx_word' id='word_1_261' title='bbox 2057 3575 2198 3629; x_wconf 85' lang='lat' dir='ltr'><strong>larva</strong></span> 
     </span>
    </p>
   </div>
   <div class='ocr_carea' id='block_1_37' title="bbox 608 3651 2187 3734">
    <p class='ocr_par' dir='ltr' id='par_1_37' title="bbox 608 3651 2187 3734">
     <span class='ocr_line' id='line_1_37' title="bbox 608 3651 2187 3734; baseline 0.013 -34"><span class='ocrx_word' id='word_1_262' title='bbox 608 3651 910 3704; x_wconf 78' lang='lat' dir='ltr'><strong>communia</strong></span> <span class='ocrx_word' id='word_1_263' title='bbox 938 3661 1141 3708; x_wconf 65' lang='lat' dir='ltr'><strong>naturae</strong></span> <span class='ocrx_word' id='word_1_264' title='bbox 1168 3654 1417 3722; x_wconf 81' lang='lat' dir='ltr'><strong>dogmata</strong></span> <span class='ocrx_word' id='word_1_265' title='bbox 1447 3658 1620 3727; x_wconf 87' lang='lat' dir='ltr'><strong>palam</strong></span> <span class='ocrx_word' id='word_1_266' title='bbox 1664 3672 1932 3732; x_wconf 85' lang='lat' dir='ltr'><strong>oppugnat</strong></span> <span class='ocrx_word' id='word_1_267' title='bbox 1963 3681 1977 3718; x_wconf 92' lang='lat'><strong>:</strong></span> <span class='ocrx_word' id='word_1_268' title='bbox 2019 3665 2187 3734; x_wconf 59' lang='lat' dir='ltr'><strong>piacuo</strong></span> 
     </span>
    </p>
   </div>
   <div class='ocr_carea' id='block_1_38' title="bbox 611 3741 2170 3826">
    <p class='ocr_par' dir='ltr' id='par_1_38' title="bbox 611 3741 2170 3826">
     <span class='ocr_line' id='line_1_38' title="bbox 611 3741 2170 3826; baseline 0.011 -32"><span class='ocrx_word' id='word_1_269' title='bbox 611 3741 718 3795; x_wconf 80' lang='lat' dir='ltr'><strong>lum</strong></span> <span class='ocrx_word' id='word_1_270' title='bbox 746 3743 913 3810; x_wconf 90' lang='lat' dir='ltr'><strong>enim,</strong></span> <span class='ocrx_word' id='word_1_271' title='bbox 945 3743 1136 3813; x_wconf 89' lang='lat' dir='ltr'><strong>inquit,</strong></span> <span class='ocrx_word' id='word_1_272' title='bbox 1169 3756 1302 3801; x_wconf 79' lang='lat' dir='ltr'><strong>sunt</strong></span> <span class='ocrx_word' id='word_1_273' title='bbox 1323 3750 1538 3804; x_wconf 74' lang='lat' dir='ltr'><strong>mortui.</strong></span> <span class='ocrx_word' id='word_1_274' title='bbox 1566 3750 1680 3806; x_wconf 93' lang='lat' dir='ltr'><strong>Non</strong></span> <span class='ocrx_word' id='word_1_275' title='bbox 1709 3755 1904 3808; x_wconf 91' lang='lat' dir='ltr'><strong>mortui</strong></span> <span class='ocrx_word' id='word_1_276' title='bbox 1943 3765 2067 3810; x_wconf 89' lang='lat' dir='ltr'><strong>sunt</strong></span> <span class='ocrx_word' id='word_1_277' title='bbox 2091 3756 2170 3826; x_wconf 69' lang='lat' dir='ltr'><strong>pit</strong></span> 
     </span>
    </p>
   </div>
   <div class='ocr_carea' id='block_1_39' title="bbox 610 3832 2201 3915">
    <p class='ocr_par' dir='ltr' id='par_1_39' title="bbox 610 3832 2201 3915">
     <span class='ocr_line' id='line_1_39' title="bbox 610 3832 2201 3915; baseline 0.012 -30"><span class='ocrx_word' id='word_1_278' title='bbox 610 3832 810 3896; x_wconf 86' lang='lat' dir='ltr'><strong>culum.</strong></span> <span class='ocrx_word' id='word_1_279' title='bbox 843 3835 1224 3891; x_wconf 86' lang='lat' dir='ltr'><strong>seclestissime</strong></span> <span class='ocrx_word' id='word_1_280' title='bbox 1251 3837 1484 3907; x_wconf 61' lang='lat' dir='ltr'><strong>daemon,</strong></span> <span class='ocrx_word' id='word_1_281' title='bbox 1517 3842 1610 3896; x_wconf 89' lang='lat' dir='ltr'><strong>sed</strong></span> <span class='ocrx_word' id='word_1_282' title='bbox 1635 3843 1881 3900; x_wconf 90' lang='lat' dir='ltr'><strong>voluntas</strong></span> <span class='ocrx_word' id='word_1_283' title='bbox 1909 3861 2071 3915; x_wconf 90' lang='lat' dir='ltr'><strong>prava</strong></span> <span class='ocrx_word' id='word_1_284' title='bbox 2112 3863 2201 3904; x_wconf 74' lang='lat' dir='ltr'><strong>res</strong></span> 
     </span>
    </p>
   </div>
   <div class='ocr_carea' id='block_1_40' title="bbox 609 3926 2199 3996">
    <p class='ocr_par' dir='ltr' id='par_1_40' title="bbox 609 3926 2199 3996">
     <span class='ocr_line' id='line_1_40' title="bbox 609 3926 2199 3996; baseline 0.012 -20"><span class='ocrx_word' id='word_1_285' title='bbox 609 3926 964 3982; x_wconf 82' lang='lat' dir='ltr'><strong>abominanda</strong></span> <span class='ocrx_word' id='word_1_286' title='bbox 997 3937 1098 3984; x_wconf 87' lang='lat' dir='ltr'><strong>est.</strong></span> <span class='ocrx_word' id='word_1_287' title='bbox 1131 3930 1284 3996; x_wconf 89' lang='lat' dir='ltr'><strong>Quod</strong></span> <span class='ocrx_word' id='word_1_288' title='bbox 1335 3933 1380 3987; x_wconf 91' lang='lat' dir='ltr'><strong>si</strong></span> <span class='ocrx_word' id='word_1_289' title='bbox 1424 3933 1707 3991; x_wconf 89' lang='lat' dir='ltr'><strong>dicendum</strong></span> <span class='ocrx_word' id='word_1_290' title='bbox 1751 3937 1821 3992; x_wconf 90' lang='lat' dir='ltr'><strong>sit</strong></span> <span class='ocrx_word' id='word_1_291' title='bbox 1845 3938 2199 3995; x_wconf 86' lang='lat' dir='ltr'><strong>admiratione</strong></span> 
     </span>
    </p>
   </div>
   <div class='ocr_carea' id='block_1_41' title="bbox 609 4018 2196 4103">
    <p class='ocr_par' dir='ltr' id='par_1_41' title="bbox 609 4018 2196 4103">
     <span class='ocr_line' id='line_1_41' title="bbox 609 4018 2196 4103; baseline 0.01 -31"><span class='ocrx_word' id='word_1_292' title='bbox 609 4018 826 4087; x_wconf 79' lang='lat' dir='ltr'><strong>dignum</strong></span> <span class='ocrx_word' id='word_1_293' title='bbox 851 4020 1069 4093; x_wconf 82' lang='lat' dir='ltr'><strong>aliquid,</strong></span> <span class='ocrx_word' id='word_1_294' title='bbox 1094 4023 1333 4079; x_wconf 89' lang='lat' dir='ltr'><strong>vivorum</strong></span> <span class='ocrx_word' id='word_1_295' title='bbox 1352 4027 1530 4096; x_wconf 79' lang='lat' dir='ltr'><strong>potius</strong></span> <span class='ocrx_word' id='word_1_296' title='bbox 1546 4029 1801 4100; x_wconf 77' lang='lat' dir='ltr'><strong>nequitize</strong></span> <span class='ocrx_word' id='word_1_297' title='bbox 1826 4031 2008 4102; x_wconf 89' lang='lat' dir='ltr'><strong>plena,</strong></span> <span class='ocrx_word' id='word_1_298' title='bbox 2036 4049 2196 4103; x_wconf 90' lang='lat' dir='ltr'><strong>quam</strong></span> 
     </span>
    </p>
   </div>
   <div class='ocr_carea' id='block_1_42' title="bbox 609 4114 2196 4196">
    <p class='ocr_par' dir='ltr' id='par_1_42' title="bbox 609 4114 2196 4196">
     <span class='ocr_line' id='line_1_42' title="bbox 609 4114 2196 4196; baseline 0.01 -32"><span class='ocrx_word' id='word_1_299' title='bbox 609 4121 938 4167; x_wconf 86' lang='lat' dir='ltr'><strong>mortuorum</strong></span> <span class='ocrx_word' id='word_1_300' title='bbox 979 4114 1290 4172; x_wconf 80' lang='lat' dir='ltr'><strong>detestanda</strong></span> <span class='ocrx_word' id='word_1_301' title='bbox 1327 4127 1452 4173; x_wconf 90' lang='lat' dir='ltr'><strong>sunt</strong></span> <span class='ocrx_word' id='word_1_302' title='bbox 1485 4134 1710 4189; x_wconf 86' lang='lat' dir='ltr'><strong>corpora</strong></span> <span class='ocrx_word' id='word_1_303' title='bbox 1738 4138 1758 4176; x_wconf 91' lang='lat'><strong><em>:</em></strong></span> <span class='ocrx_word' id='word_1_304' title='bbox 1783 4137 1904 4177; x_wconf 89' lang='lat' dir='ltr'><strong>nam</strong></span> <span class='ocrx_word' id='word_1_305' title='bbox 1954 4124 2044 4179; x_wconf 91' lang='lat' dir='ltr'><strong>illa</strong></span> <span class='ocrx_word' id='word_1_306' title='bbox 2077 4127 2196 4196; x_wconf 88' lang='lat' dir='ltr'><strong>qui-</strong></span> 
     </span>
    </p>
   </div>
   <div class='ocr_carea' id='block_1_43' title="bbox 609 4203 2197 4279">
    <p class='ocr_par' dir='ltr' id='par_1_43' title="bbox 609 4203 2197 4279">
     <span class='ocr_line' id='line_1_43' title="bbox 609 4203 2197 4279; baseline 0.01 -23"><span class='ocrx_word' id='word_1_307' title='bbox 609 4203 732 4256; x_wconf 64' lang='lat' dir='ltr'><strong>dem</strong></span> <span class='ocrx_word' id='word_1_308' title='bbox 781 4205 974 4259; x_wconf 71' lang='lat' dir='ltr'><strong>animre</strong></span> <span class='ocrx_word' id='word_1_309' title='bbox 1023 4206 1347 4264; x_wconf 78' lang='lat' dir='ltr'><strong>famulantur</strong></span> <span class='ocrx_word' id='word_1_310' title='bbox 1392 4211 1662 4279; x_wconf 87' lang='lat' dir='ltr'><strong>imperiis;</strong></span> <span class='ocrx_word' id='word_1_311' title='bbox 1697 4213 1813 4268; x_wconf 73' lang='lat' dir='ltr'><strong>haec</strong></span> <span class='ocrx_word' id='word_1_312' title='bbox 1841 4230 1972 4270; x_wconf 86' lang='lat' dir='ltr'><strong>vero</strong></span> <span class='ocrx_word' id='word_1_313' title='bbox 2001 4217 2197 4272; x_wconf 92' lang='lat' dir='ltr'><strong>immo-</strong></span> 
     </span>
    </p>
   </div>
   <div class='ocr_carea' id='block_1_44' title="bbox 607 4293 2198 4376">
    <p class='ocr_par' dir='ltr' id='par_1_44' title="bbox 607 4293 2198 4376">
     <span class='ocr_line' id='line_1_44' title="bbox 607 4293 2198 4376; baseline 0.009 -29"><span class='ocrx_word' id='word_1_314' title='bbox 607 4293 729 4348; x_wconf 88' lang='lat' dir='ltr'><strong>bilia</strong></span> <span class='ocrx_word' id='word_1_315' title='bbox 751 4294 967 4364; x_wconf 89' lang='lat' dir='ltr'><strong>jacent:</strong></span> <span class='ocrx_word' id='word_1_316' title='bbox 997 4297 1138 4366; x_wconf 91' lang='lat' dir='ltr'><strong>quod</strong></span> <span class='ocrx_word' id='word_1_317' title='bbox 1167 4309 1346 4354; x_wconf 90' lang='lat' dir='ltr'><strong>autem</strong></span> <span class='ocrx_word' id='word_1_318' title='bbox 1375 4300 1644 4357; x_wconf 78' lang='lat' dir='ltr'><strong>immobile</strong></span> <span class='ocrx_word' id='word_1_319' title='bbox 1663 4313 1746 4358; x_wconf 89' lang='lat' dir='ltr'><strong>est</strong></span> <span class='ocrx_word' id='word_1_320' title='bbox 1770 4305 2022 4376; x_wconf 92' lang='lat' dir='ltr'><strong>omnique</strong></span> <span class='ocrx_word' id='word_1_321' title='bbox 2036 4323 2198 4362; x_wconf 84' lang='lat' dir='ltr'><strong>sensu</strong></span> 
     </span>
    </p>
   </div>
   <div class='ocr_carea' id='block_1_45' title="bbox 604 4387 2192 4456">
    <p class='ocr_par' dir='ltr' id='par_1_45' title="bbox 604 4387 2192 4456">
     <span class='ocr_line' id='line_1_45' title="bbox 604 4387 2192 4456; baseline 0.009 -14"><span class='ocrx_word' id='word_1_322' title='bbox 604 4387 940 4455; x_wconf 90' lang='lat' dir='ltr'><strong>destitutum,</strong></span> <span class='ocrx_word' id='word_1_323' title='bbox 971 4390 1038 4444; x_wconf 87' lang='lat' dir='ltr'><strong>ab</strong></span> <span class='ocrx_word' id='word_1_324' title='bbox 1064 4391 1210 4444; x_wconf 91' lang='lat' dir='ltr'><strong>omni</strong></span> <span class='ocrx_word' id='word_1_325' title='bbox 1239 4392 1610 4449; x_wconf 87' lang='lat' dir='ltr'><strong>criminatione</strong></span> <span class='ocrx_word' id='word_1_326' title='bbox 1633 4395 1858 4451; x_wconf 90' lang='lat' dir='ltr'><strong>liberum</strong></span> <span class='ocrx_word' id='word_1_327' title='bbox 1886 4413 2006 4454; x_wconf 88' lang='lat' dir='ltr'><strong>esse</strong></span> <span class='ocrx_word' id='word_1_328' title='bbox 2034 4400 2192 4456; x_wconf 87' lang='lat' dir='ltr'><strong>solet.</strong></span> 
     </span>
    </p>
   </div>
   <div class='ocr_carea' id='block_1_46' title="bbox 603 4481 2194 4559">
    <p class='ocr_par' dir='ltr' id='par_1_46' title="bbox 603 4481 2194 4559">
     <span class='ocr_line' id='line_1_46' title="bbox 603 4481 2194 4559; baseline 0.009 -27"><span class='ocrx_word' id='word_1_329' title='bbox 603 4481 933 4551; x_wconf 88' lang='lat' dir='ltr'><strong>Quamquam</strong></span> <span class='ocrx_word' id='word_1_330' title='bbox 963 4482 1160 4552; x_wconf 89' lang='lat' dir='ltr'><strong>alioqui</strong></span> <span class='ocrx_word' id='word_1_331' title='bbox 1189 4498 1256 4538; x_wconf 90' lang='lat' dir='ltr'><strong>ne</strong></span> <span class='ocrx_word' id='word_1_332' title='bbox 1286 4484 1525 4540; x_wconf 89' lang='lat' dir='ltr'><strong>vivorum</strong></span> <span class='ocrx_word' id='word_1_333' title='bbox 1543 4487 1756 4555; x_wconf 89' lang='lat' dir='ltr'><strong>quidem</strong></span> <span class='ocrx_word' id='word_1_334' title='bbox 1784 4503 2008 4559; x_wconf 89' lang='lat' dir='ltr'><strong>corpora</strong></span> <span class='ocrx_word' id='word_1_335' title='bbox 2041 4491 2194 4547; x_wconf 83' lang='lat' dir='ltr'><strong>dixe-</strong></span> 
     </span>
    </p>
   </div>
   <div class='ocr_carea' id='block_1_47' title="bbox 604 4573 2192 4652">
    <p class='ocr_par' dir='ltr' id='par_1_47' title="bbox 604 4573 2192 4652">
     <span class='ocr_line' id='line_1_47' title="bbox 604 4573 2192 4652; baseline 0.007 -25"><span class='ocrx_word' id='word_1_336' title='bbox 604 4573 706 4627; x_wconf 90' lang='lat' dir='ltr'><strong>rim</strong></span> <span class='ocrx_word' id='word_1_337' title='bbox 737 4588 837 4644; x_wconf 85' lang='lat' dir='ltr'><strong>ego</strong></span> <span class='ocrx_word' id='word_1_338' title='bbox 864 4583 1053 4628; x_wconf 87' lang='lat' dir='ltr'><strong>natura</strong></span> <span class='ocrx_word' id='word_1_339' title='bbox 1082 4590 1202 4630; x_wconf 89' lang='lat' dir='ltr'><strong>esse</strong></span> <span class='ocrx_word' id='word_1_340' title='bbox 1220 4576 1598 4644; x_wconf 90' lang='lat' dir='ltr'><strong>abominanda,</strong></span> <span class='ocrx_word' id='word_1_341' title='bbox 1631 4578 1724 4632; x_wconf 90' lang='lat' dir='ltr'><strong>sed</strong></span> <span class='ocrx_word' id='word_1_342' title='bbox 1756 4579 1949 4650; x_wconf 90' lang='lat' dir='ltr'><strong>ubique</strong></span> <span class='ocrx_word' id='word_1_343' title='bbox 1975 4597 2192 4652; x_wconf 84' lang='lat' dir='ltr'><strong>pravam</strong></span> 
     </span>
    </p>
   </div>
   <div class='ocr_carea' id='block_1_48' title="bbox 603 4667 2192 4733">
    <p class='ocr_par' dir='ltr' id='par_1_48' title="bbox 603 4667 2192 4733">
     <span class='ocr_line' id='line_1_48' title="bbox 603 4667 2192 4733; baseline 0.009 -16"><span class='ocrx_word' id='word_1_344' title='bbox 603 4674 658 4717; x_wconf 83' lang='lat' dir='ltr'><strong>et</strong></span> <span class='ocrx_word' id='word_1_345' title='bbox 705 4679 1012 4733; x_wconf 72' lang='lat' dir='ltr'><strong>perversmn</strong></span> <span class='ocrx_word' id='word_1_346' title='bbox 1068 4667 1393 4723; x_wconf 82' lang='lat' dir='ltr'><strong>voluntatem</strong></span> <span class='ocrx_word' id='word_1_347' title='bbox 1443 4671 1682 4726; x_wconf 85' lang='lat' dir='ltr'><strong>omnium</strong></span> <span class='ocrx_word' id='word_1_348' title='bbox 1733 4672 2192 4731; x_wconf 85' lang='lat' dir='ltr'><strong>criminationibus</strong></span> 
     </span>
    </p>
   </div>
   <div class='ocr_carea' id='block_1_49' title="bbox 602 4757 1054 4812">
    <p class='ocr_par' dir='ltr' id='par_1_49' title="bbox 602 4757 1054 4812">
     <span class='ocr_line' id='line_1_49' title="bbox 602 4757 1054 4812; baseline 0.004 -3"><span class='ocrx_word' id='word_1_349' title='bbox 602 4757 1054 4812; x_wconf 34' lang='lat' dir='ltr'><strong>esse&#39;obnoxiam.</strong></span> 
     </span>
    </p>
   </div>
   <div class='ocr_carea' id='block_1_50' title="bbox 680 4847 2192 4930">
    <p class='ocr_par' dir='ltr' id='par_1_50' title="bbox 680 4847 2192 4930">
     <span class='ocr_line' id='line_1_50' title="bbox 680 4847 2192 4930; baseline 0.012 -31"><span class='ocrx_word' id='word_1_350' title='bbox 680 4847 924 4916; x_wconf 73' lang='lat' dir='ltr'><strong>Daphnea</strong></span> <span class='ocrx_word' id='word_1_351' title='bbox 951 4861 1198 4906; x_wconf 86' lang='lat' dir='ltr'><strong>lentatum</strong></span> <span class='ocrx_word' id='word_1_352' title='bbox 1223 4854 1284 4908; x_wconf 86' lang='lat' dir='ltr'><strong>ab</strong></span> <span class='ocrx_word' id='word_1_353' title='bbox 1310 4855 1546 4926; x_wconf 78' lang='lat' dir='ltr'><strong>Apolline</strong></span> <span class='ocrx_word' id='word_1_354' title='bbox 1561 4866 1790 4927; x_wconf 77' lang='lat' dir='ltr'><strong>stuprum</strong></span> <span class='ocrx_word' id='word_1_355' title='bbox 1815 4863 2103 4930; x_wconf 78' lang='lat' dir='ltr'><strong>exprobrat.</strong></span> <span class='ocrx_word' id='word_1_356' title='bbox 2119 4893 2192 4904; x_wconf 89' lang='lat'>—</span> 
     </span>
    </p>
   </div>
   <div class='ocr_carea' id='block_1_51' title="bbox 605 4932 2189 5016">
    <p class='ocr_par' dir='ltr' id='par_1_51' title="bbox 605 4932 2189 5016">
     <span class='ocr_line' id='line_1_51' title="bbox 605 4932 2189 5016; baseline 0.012 -32"><span class='ocrx_word' id='word_1_357' title='bbox 605 4932 720 4984; x_wconf 79' lang='lat' dir='ltr'><strong>Non</strong></span> <span class='ocrx_word' id='word_1_358' title='bbox 762 4948 958 5002; x_wconf 90' lang='lat' dir='ltr'><strong>corpus</strong></span> <span class='ocrx_word' id='word_1_359' title='bbox 1007 4949 1276 4993; x_wconf 87' lang='lat' dir='ltr'><strong>mortuum</strong></span> <span class='ocrx_word' id='word_1_360' title='bbox 1321 4951 1403 4995; x_wconf 84' lang='lat' dir='ltr'><strong>est</strong></span> <span class='ocrx_word' id='word_1_361' title='bbox 1429 4943 1727 5011; x_wconf 85' lang='lat' dir='ltr'><strong>piaculum,</strong></span> <span class='ocrx_word' id='word_1_362' title='bbox 1774 4961 1806 4997; x_wconf 92' lang='grc' dir='ltr'><strong>ο</strong></span> <span class='ocrx_word' id='word_1_363' title='bbox 1850 4947 2061 5016; x_wconf 86' lang='lat' dir='ltr'><strong>Apollo,</strong></span> <span class='ocrx_word' id='word_1_364' title='bbox 2094 4949 2189 5003; x_wconf 91' lang='lat' dir='ltr'><strong>scd</strong></span> 
     </span>
    </p>
   </div>
   <div class='ocr_carea' id='block_1_52' title="bbox 603 5025 2190 5114">
    <p class='ocr_par' dir='ltr' id='par_1_52' title="bbox 603 5025 2190 5114">
     <span class='ocr_line' id='line_1_52' title="bbox 603 5025 2190 5114; baseline 0.013 -39"><span class='ocrx_word' id='word_1_365' title='bbox 603 5025 834 5094; x_wconf 85' lang='lat' dir='ltr'><strong>puellam</strong></span> <span class='ocrx_word' id='word_1_366' title='bbox 879 5037 1026 5082; x_wconf 88' lang='lat' dir='ltr'><strong>caste</strong></span> <span class='ocrx_word' id='word_1_367' title='bbox 1071 5031 1254 5086; x_wconf 89' lang='lat' dir='ltr'><strong>vivere</strong></span> <span class='ocrx_word' id='word_1_368' title='bbox 1296 5034 1562 5099; x_wconf 87' lang='lat' dir='ltr'><strong>volentem</strong></span> <span class='ocrx_word' id='word_1_369' title='bbox 1618 5039 1898 5110; x_wconf 87' lang='lat' dir='ltr'><strong>persequi,</strong></span> <span class='ocrx_word' id='word_1_370' title='bbox 1944 5041 2190 5114; x_wconf 86' lang='lat' dir='ltr'><strong>virginis-</strong></span> 
     </span>
    </p>
   </div>
   <div class='ocr_carea' id='block_1_53' title="bbox 600 5119 2189 5199">
    <p class='ocr_par' dir='ltr' id='par_1_53' title="bbox 600 5119 2189 5199">
     <span class='ocr_line' id='line_1_53' title="bbox 600 5119 2189 5199; baseline 0.013 -30"><span class='ocrx_word' id='word_1_371' title='bbox 600 5133 704 5186; x_wconf 87' lang='lat' dir='ltr'><strong>que</strong></span> <span class='ocrx_word' id='word_1_372' title='bbox 726 5119 992 5187; x_wconf 79' lang='lat' dir='ltr'><strong>pudicitia:</strong></span> <span class='ocrx_word' id='word_1_373' title='bbox 1013 5129 1252 5192; x_wconf 89' lang='lat' dir='ltr'><strong>stuprum</strong></span> <span class='ocrx_word' id='word_1_374' title='bbox 1275 5125 1487 5194; x_wconf 73' lang='lat' dir='ltr'><strong>offerre,</strong></span> <span class='ocrx_word' id='word_1_375' title='bbox 1513 5137 1567 5182; x_wconf 91' lang='lat' dir='ltr'><strong>et</strong></span> <span class='ocrx_word' id='word_1_376' title='bbox 1586 5129 1652 5183; x_wconf 88' lang='lat' dir='ltr'><strong>ab</strong></span> <span class='ocrx_word' id='word_1_377' title='bbox 1671 5131 1962 5199; x_wconf 91' lang='lat' dir='ltr'><strong>impudenti</strong></span> <span class='ocrx_word' id='word_1_378' title='bbox 1980 5135 2189 5190; x_wconf 89' lang='lat' dir='ltr'><strong>actione</strong></span> 
     </span>
    </p>
   </div>
   <div class='ocr_carea' id='block_1_54' title="bbox 603 5209 2183 5292">
    <p class='ocr_par' dir='ltr' id='par_1_54' title="bbox 603 5209 2183 5292">
     <span class='ocr_line' id='line_1_54' title="bbox 603 5209 2183 5292; baseline 0.01 -32"><span class='ocrx_word' id='word_1_379' title='bbox 603 5209 882 5276; x_wconf 91' lang='lat' dir='ltr'><strong>depulsum</strong></span> <span class='ocrx_word' id='word_1_380' title='bbox 933 5211 1134 5280; x_wconf 88' lang='lat' dir='ltr'><strong>lugere.</strong></span> <span class='ocrx_word' id='word_1_381' title='bbox 1172 5213 1275 5270; x_wconf 86' lang='lat' dir='ltr'><strong>hoc</strong></span> <span class='ocrx_word' id='word_1_382' title='bbox 1312 5220 1648 5273; x_wconf 87' lang='lat' dir='ltr'><strong>accusatione</strong></span> <span class='ocrx_word' id='word_1_383' title='bbox 1678 5221 1892 5291; x_wconf 90' lang='lat' dir='ltr'><strong>dignum</strong></span> <span class='ocrx_word' id='word_1_384' title='bbox 1923 5232 1978 5277; x_wconf 93' lang='lat' dir='ltr'><strong>et</strong></span> <span class='ocrx_word' id='word_1_385' title='bbox 2006 5238 2183 5292; x_wconf 77' lang='lat' dir='ltr'><strong>ptena.</strong></span> 
     </span>
    </p>
   </div>
   <div class='ocr_carea' id='block_1_55' title="bbox 600 5303 2185 5384">
    <p class='ocr_par' dir='ltr' id='par_1_55' title="bbox 600 5303 2185 5384">
     <span class='ocr_line' id='line_1_55' title="bbox 600 5303 2185 5384; baseline 0.01 -30"><span class='ocrx_word' id='word_1_386' title='bbox 600 5303 677 5356; x_wconf 89' lang='lat' dir='ltr'><strong>Ac</strong></span> <span class='ocrx_word' id='word_1_387' title='bbox 710 5304 861 5357; x_wconf 88' lang='lat' dir='ltr'><strong>multi</strong></span> <span class='ocrx_word' id='word_1_388' title='bbox 887 5303 1100 5373; x_wconf 88' lang='lat' dir='ltr'><strong>quidem</strong></span> <span class='ocrx_word' id='word_1_389' title='bbox 1123 5307 1262 5375; x_wconf 93' lang='lat' dir='ltr'><strong>apud</strong></span> <span class='ocrx_word' id='word_1_390' title='bbox 1298 5323 1394 5363; x_wconf 90' lang='lat' dir='ltr'><strong>nos</strong></span> <span class='ocrx_word' id='word_1_391' title='bbox 1426 5311 1695 5372; x_wconf 72' lang='lat' dir='ltr'><strong>mirabiles</strong></span> <span class='ocrx_word' id='word_1_392' title='bbox 1735 5314 2017 5384; x_wconf 86' lang='lat' dir='ltr'><strong>magnique</strong></span> <span class='ocrx_word' id='word_1_393' title='bbox 2060 5331 2185 5384; x_wconf 86' lang='lat' dir='ltr'><strong>pro-</strong></span> 
     </span>
    </p>
   </div>
   <div class='ocr_carea' id='block_1_56' title="bbox 601 5393 2182 5475">
    <p class='ocr_par' dir='ltr' id='par_1_56' title="bbox 601 5393 2182 5475">
     <span class='ocr_line' id='line_1_56' title="bbox 601 5393 2182 5475; baseline 0.011 -31"><span class='ocrx_word' id='word_1_394' title='bbox 601 5393 772 5460; x_wconf 68' lang='lat' dir='ltr'><strong>phette</strong></span> <span class='ocrx_word' id='word_1_395' title='bbox 793 5397 1134 5462; x_wconf 73' lang='lat' dir='ltr'><strong>exstiterunt,</strong></span> <span class='ocrx_word' id='word_1_396' title='bbox 1153 5399 1242 5467; x_wconf 87' lang='lat' dir='ltr'><strong>qui</strong></span> <span class='ocrx_word' id='word_1_397' title='bbox 1265 5399 1329 5453; x_wconf 90' lang='lat' dir='ltr'><strong>de</strong></span> <span class='ocrx_word' id='word_1_398' title='bbox 1352 5403 1510 5456; x_wconf 83' lang='lat' dir='ltr'><strong>rebus</strong></span> <span class='ocrx_word' id='word_1_399' title='bbox 1545 5404 1730 5460; x_wconf 80' lang='lat' dir='ltr'><strong>futuris</strong></span> <span class='ocrx_word' id='word_1_400' title='bbox 1747 5406 2013 5461; x_wconf 83' lang='lat' dir='ltr'><strong>vaticinati</strong></span> <span class='ocrx_word' id='word_1_401' title='bbox 2037 5418 2182 5475; x_wconf 88' lang='lat' dir='ltr'><strong>sunt,</strong></span> 
     </span>
    </p>
   </div>
   <div class='ocr_carea' id='block_1_57' title="bbox 599 5486 2181 5566">
    <p class='ocr_par' dir='ltr' id='par_1_57' title="bbox 599 5486 2181 5566">
     <span class='ocr_line' id='line_1_57' title="bbox 599 5486 2181 5566; baseline 0.014 -33"><span class='ocrx_word' id='word_1_402' title='bbox 599 5496 700 5535; x_wconf 90' lang='lat' dir='ltr'><strong>nec</strong></span> <span class='ocrx_word' id='word_1_403' title='bbox 727 5486 932 5551; x_wconf 80' lang='lat' dir='ltr'><strong>uSpiam</strong></span> <span class='ocrx_word' id='word_1_404' title='bbox 964 5487 1027 5540; x_wconf 91' lang='lat' dir='ltr'><strong>iis</strong></span> <span class='ocrx_word' id='word_1_405' title='bbox 1048 5502 1080 5540; x_wconf 90' lang='lat' dir='ltr'><strong>a</strong></span> <span class='ocrx_word' id='word_1_406' title='bbox 1117 5489 1308 5558; x_wconf 88' lang='lat' dir='ltr'><strong>quibus</strong></span> <span class='ocrx_word' id='word_1_407' title='bbox 1334 5491 1796 5563; x_wconf 84' lang='lat' dir='ltr'><strong>interrogabantur</strong></span> <span class='ocrx_word' id='word_1_408' title='bbox 1827 5496 2181 5566; x_wconf 86' lang='lat' dir='ltr'><strong>imperabant,</strong></span> 
     </span>
    </p>
   </div>
   <div class='ocr_carea' id='block_1_58' title="bbox 601 5573 2183 5659">
    <p class='ocr_par' dir='ltr' id='par_1_58' title="bbox 601 5573 2183 5659">
     <span class='ocr_line' id='line_1_58' title="bbox 601 5573 2183 5659; baseline 0.016 -37"><span class='ocrx_word' id='word_1_409' title='bbox 601 5582 660 5624; x_wconf 94' lang='lat' dir='ltr'><strong>nt</strong></span> <span class='ocrx_word' id='word_1_410' title='bbox 711 5573 1082 5634; x_wconf 80' lang='lat' dir='ltr'><strong>defunctorum</strong></span> <span class='ocrx_word' id='word_1_411' title='bbox 1138 5597 1257 5637; x_wconf 86' lang='lat' dir='ltr'><strong>ossa</strong></span> <span class='ocrx_word' id='word_1_412' title='bbox 1315 5585 1620 5641; x_wconf 88' lang='lat' dir='ltr'><strong>refoderent</strong></span> <span class='ocrx_word' id='word_1_413' title='bbox 1652 5607 1664 5640; x_wconf 90' lang='lat'><strong>:</strong></span> <span class='ocrx_word' id='word_1_414' title='bbox 1701 5590 1826 5659; x_wconf 93' lang='lat' dir='ltr'><strong>quin</strong></span> <span class='ocrx_word' id='word_1_415' title='bbox 1871 5591 1986 5659; x_wconf 88' lang='lat' dir='ltr'><strong>ipse</strong></span> <span class='ocrx_word' id='word_1_416' title='bbox 2022 5594 2183 5648; x_wconf 87' lang='lat' dir='ltr'><strong>etiam</strong></span> 
     </span>
    </p>
   </div>
   <div class='ocr_carea' id='block_1_59' title="bbox 601 5663 2183 5755">
    <p class='ocr_par' dir='ltr' id='par_1_59' title="bbox 601 5663 2183 5755">
     <span class='ocr_line' id='line_1_59' title="bbox 601 5663 2183 5755; baseline 0.016 -39"><span class='ocrx_word' id='word_1_417' title='bbox 601 5663 868 5755; x_wconf 78' lang='lat' dir='ltr'><strong>Ezechiel,</strong></span> <span class='ocrx_word' id='word_1_418' title='bbox 907 5683 1072 5741; x_wconf 89' lang='lat' dir='ltr'><strong>prope</strong></span> <span class='ocrx_word' id='word_1_419' title='bbox 1119 5675 1231 5744; x_wconf 88' lang='lat' dir='ltr'><strong>ipsa</strong></span> <span class='ocrx_word' id='word_1_420' title='bbox 1272 5687 1419 5731; x_wconf 91' lang='lat' dir='ltr'><strong>stans</strong></span> <span class='ocrx_word' id='word_1_421' title='bbox 1466 5692 1586 5732; x_wconf 88' lang='lat' dir='ltr'><strong>ossa</strong></span> <span class='ocrx_word' id='word_1_422' title='bbox 1633 5679 1851 5751; x_wconf 32' lang='lat' dir='ltr'><strong>.(Ezeclt.</strong></span> <span class='ocrx_word' id='word_1_423' title='bbox 1887 5684 1990 5755; x_wconf 76' lang='lat'><strong>57)</strong></span> <span class='ocrx_word' id='word_1_424' title='bbox 2016 5727 2030 5750; x_wconf 97' lang='lat'><strong>,</strong></span> <span class='ocrx_word' id='word_1_425' title='bbox 2076 5700 2183 5741; x_wconf 92' lang='lat' dir='ltr'><strong>non</strong></span> 
     </span>
    </p>
   </div>
   <div class='ocr_carea' id='block_1_60' title="bbox 602 5751 2174 5844">
    <p class='ocr_par' dir='ltr' id='par_1_60' title="bbox 602 5751 2174 5844">
     <span class='ocr_line' id='line_1_60' title="bbox 602 5751 2174 5844; baseline 0.019 -40"><span class='ocrx_word' id='word_1_426' title='bbox 602 5751 765 5805; x_wconf 81' lang='lat' dir='ltr'><strong>modo</strong></span> <span class='ocrx_word' id='word_1_427' title='bbox 786 5756 911 5811; x_wconf 74' lang='lat' dir='ltr'><strong>nihil</strong></span> <span class='ocrx_word' id='word_1_428' title='bbox 939 5763 1004 5818; x_wconf 88' lang='lat' dir='ltr'><strong>ab</strong></span> <span class='ocrx_word' id='word_1_429' title='bbox 1026 5766 1126 5820; x_wconf 84' lang='lat' dir='ltr'><strong>illis</strong></span> <span class='ocrx_word' id='word_1_430' title='bbox 1148 5767 1557 5838; x_wconf 86' lang='lat' dir='ltr'><strong>impediebatur,</strong></span> <span class='ocrx_word' id='word_1_431' title='bbox 1588 5774 1678 5828; x_wconf 88' lang='lat' dir='ltr'><strong>sed</strong></span> <span class='ocrx_word' id='word_1_432' title='bbox 1709 5783 1763 5828; x_wconf 90' lang='lat' dir='ltr'><strong>ct</strong></span> <span class='ocrx_word' id='word_1_433' title='bbox 1802 5751 2016 5833; x_wconf 83' lang='lat' dir='ltr'><strong>carnem</strong></span> <span class='ocrx_word' id='word_1_434' title='bbox 2051 5779 2174 5844; x_wconf 81' lang='lat' dir='ltr'><strong>illis,</strong></span> 
     </span>
    </p>
   </div>
   <div class='ocr_carea' id='block_1_61' title="bbox 1511 311 3883 376">
    <p class='ocr_par' dir='ltr' id='par_1_61' title="bbox 1511 311 3883 376">
     <span class='ocr_line' id='line_1_61' title="bbox 1511 311 3883 376; baseline 0.004 -9"><span class='ocrx_word' id='word_1_435' title='bbox 1511 311 1564 367; x_wconf 93' lang='lat' dir='ltr'><strong>S.</strong></span> <span class='ocrx_word' id='word_1_436' title='bbox 1609 313 1842 370; x_wconf 84' lang='lat' dir='ltr'><strong>JOANN.</strong></span> <span class='ocrx_word' id='word_1_437' title='bbox 1883 311 2350 370; x_wconf 75' lang='lat' dir='ltr'><strong>CllRYSOSTOMI</strong></span> <span class='ocrx_word' id='word_1_438' title='bbox 2381 311 3238 370; x_wconf 75' lang='lat' dir='ltr'><strong>ARCIHEP.CONSTANTINOP.</strong></span> <span class='ocrx_word' id='word_1_439' title='bbox 3802 319 3883 376; x_wconf 71' lang='lat'><strong>53‘!</strong></span> 
     </span>
    </p>
   </div>
   <div class='ocr_carea' id='block_1_62' title="bbox 2337 426 3881 496">
    <p class='ocr_par' dir='ltr' id='par_1_62' title="bbox 2337 426 3881 496">
     <span class='ocr_line' id='line_1_62' title="bbox 2337 426 3881 496; baseline 0.005 -17"><span class='ocrx_word' id='word_1_440' title='bbox 2337 441 2552 490; x_wconf 88' lang='lat' dir='ltr'><strong>nervos,</strong></span> <span class='ocrx_word' id='word_1_441' title='bbox 2606 426 2880 496; x_wconf 90' lang='lat' dir='ltr'><strong>pellesque</strong></span> <span class='ocrx_word' id='word_1_442' title='bbox 2923 426 3291 492; x_wconf 87' lang='lat' dir='ltr'><strong>circumdedit,</strong></span> <span class='ocrx_word' id='word_1_443' title='bbox 3320 440 3381 482; x_wconf 89' lang='lat' dir='ltr'><strong>ac</strong></span> <span class='ocrx_word' id='word_1_444' title='bbox 3431 440 3616 482; x_wconf 87' lang='lat' dir='ltr'><strong>rursus</strong></span> <span class='ocrx_word' id='word_1_445' title='bbox 3659 427 3721 484; x_wconf 86' lang='lat' dir='ltr'><strong>ad</strong></span> <span class='ocrx_word' id='word_1_446' title='bbox 3753 431 3881 486; x_wconf 82' lang='lat' dir='ltr'><strong>vitam</strong></span> 
     </span>
    </p>
   </div>
   <div class='ocr_carea' id='block_1_63' title="bbox 2330 520 3882 590">
    <p class='ocr_par' dir='ltr' id='par_1_63' title="bbox 2330 520 3882 590">
     <span class='ocr_line' id='line_1_63' title="bbox 2330 520 3882 590; baseline 0.003 -17"><span class='ocrx_word' id='word_1_447' title='bbox 2330 520 2418 574; x_wconf 77' lang='lat' dir='ltr'><strong>illa</strong></span> <span class='ocrx_word' id='word_1_448' title='bbox 2440 521 2725 574; x_wconf 83' lang='lat' dir='ltr'><strong>revocavit.</strong></span> <span class='ocrx_word' id='word_1_449' title='bbox 2749 520 2967 588; x_wconf 83' lang='lat' dir='ltr'><strong>Magnus</strong></span> <span class='ocrx_word' id='word_1_450' title='bbox 2987 532 3165 575; x_wconf 87' lang='lat' dir='ltr'><strong>autem</strong></span> <span class='ocrx_word' id='word_1_451' title='bbox 3191 520 3399 590; x_wconf 84' lang='lat' dir='ltr'><strong>Moyses</strong></span> <span class='ocrx_word' id='word_1_452' title='bbox 3423 535 3528 575; x_wconf 89' lang='lat' dir='ltr'><strong>non</strong></span> <span class='ocrx_word' id='word_1_453' title='bbox 3545 520 3688 590; x_wconf 74' lang='lat' dir='ltr'><strong>juxta</strong></span> <span class='ocrx_word' id='word_1_454' title='bbox 3714 533 3882 578; x_wconf 81' lang='lat' dir='ltr'><strong>mortua</strong></span> 
     </span>
    </p>
   </div>
   <div class='ocr_carea' id='block_1_64' title="bbox 2329 613 3881 684">
    <p class='ocr_par' dir='ltr' id='par_1_64' title="bbox 2329 613 3881 684">
     <span class='ocr_line' id='line_1_64' title="bbox 2329 613 3881 684; baseline 0.001 -16"><span class='ocrx_word' id='word_1_455' title='bbox 2329 615 2476 668; x_wconf 89' lang='lat' dir='ltr'><strong>stetit</strong></span> <span class='ocrx_word' id='word_1_456' title='bbox 2519 629 2660 673; x_wconf 85' lang='lat' dir='ltr'><strong>ossa.</strong></span> <span class='ocrx_word' id='word_1_457' title='bbox 2691 613 2784 668; x_wconf 92' lang='lat' dir='ltr'><strong>sed</strong></span> <span class='ocrx_word' id='word_1_458' title='bbox 2830 614 3000 682; x_wconf 87' lang='lat' dir='ltr'><strong>ipsum</strong></span> <span class='ocrx_word' id='word_1_459' title='bbox 3047 614 3310 684; x_wconf 87' lang='lat' dir='ltr'><strong>integrum</strong></span> <span class='ocrx_word' id='word_1_460' title='bbox 3339 622 3608 668; x_wconf 86' lang='lat' dir='ltr'><strong>mortuum</strong></span> <span class='ocrx_word' id='word_1_461' title='bbox 3649 614 3881 684; x_wconf 79' lang='lat' dir='ltr'><strong>proferens</strong></span> 
     </span>
    </p>
   </div>
   <div class='ocr_carea' id='block_1_65' title="bbox 2328 703 3881 774">
    <p class='ocr_par' dir='ltr' id='par_1_65' title="bbox 2328 703 3881 774">
     <span class='ocr_line' id='line_1_65' title="bbox 2328 703 3881 774; baseline 0.002 -15"><span class='ocrx_word' id='word_1_462' title='bbox 2328 704 2526 774; x_wconf 70' lang='lat' dir='ltr'><strong>Ioseph</strong></span> <span class='ocrx_word' id='word_1_463' title='bbox 2574 703 2767 774; x_wconf 70' lang='lat' dir='ltr'><strong>(Exod.</strong></span> <span class='ocrx_word' id='word_1_464' title='bbox 2817 705 2903 758; x_wconf 79' lang='grc'><strong>15.</strong></span> <span class='ocrx_word' id='word_1_465' title='bbox 2959 703 3098 774; x_wconf 81' lang='lat' dir='ltr'><strong>l9),</strong></span> <span class='ocrx_word' id='word_1_466' title='bbox 3156 705 3226 758; x_wconf 87' lang='lat' dir='ltr'><strong>ita</strong></span> <span class='ocrx_word' id='word_1_467' title='bbox 3269 703 3443 758; x_wconf 87' lang='lat' dir='ltr'><strong>futura</strong></span> <span class='ocrx_word' id='word_1_468' title='bbox 3475 703 3881 774; x_wconf 74' lang='lat' dir='ltr'><strong>prmdicehatzac</strong></span> 
     </span>
    </p>
   </div>
   <div class='ocr_carea' id='block_1_66' title="bbox 2330 794 3878 866">
    <p class='ocr_par' dir='ltr' id='par_1_66' title="bbox 2330 794 3878 866">
     <span class='ocr_line' id='line_1_66' title="bbox 2330 794 3878 866; baseline 0.001 -17"><span class='ocrx_word' id='word_1_469' title='bbox 2330 797 2520 849; x_wconf 89' lang='lat' dir='ltr'><strong>merito</strong></span> <span class='ocrx_word' id='word_1_470' title='bbox 2544 810 2693 850; x_wconf 88' lang='lat' dir='ltr'><strong>sane.</strong></span> <span class='ocrx_word' id='word_1_471' title='bbox 2717 794 2850 850; x_wconf 83' lang='lat' dir='ltr'><strong>Nam</strong></span> <span class='ocrx_word' id='word_1_472' title='bbox 2878 795 3086 849; x_wconf 88' lang='lat' dir='ltr'><strong>illorum</strong></span> <span class='ocrx_word' id='word_1_473' title='bbox 3112 795 3331 866; x_wconf 89' lang='lat' dir='ltr'><strong>quidem</strong></span> <span class='ocrx_word' id='word_1_474' title='bbox 3375 797 3542 851; x_wconf 88' lang='lat' dir='ltr'><strong>verba</strong></span> <span class='ocrx_word' id='word_1_475' title='bbox 3571 795 3781 866; x_wconf 89' lang='lat' dir='ltr'><strong>Spiritus</strong></span> <span class='ocrx_word' id='word_1_476' title='bbox 3804 798 3878 850; x_wconf 91' lang='lat' dir='ltr'><strong>do-</strong></span> 
     </span>
    </p>
   </div>
   <div class='ocr_carea' id='block_1_67' title="bbox 2328 885 3876 967">
    <p class='ocr_par' dir='ltr' id='par_1_67' title="bbox 2328 885 3876 967">
     <span class='ocr_line' id='line_1_67' title="bbox 2328 885 3876 967; baseline 0.001 -27"><span class='ocrx_word' id='word_1_477' title='bbox 2328 902 2453 940; x_wconf 91' lang='lat' dir='ltr'><strong>num</strong></span> <span class='ocrx_word' id='word_1_478' title='bbox 2479 895 2632 940; x_wconf 91' lang='lat' dir='ltr'><strong>erant</strong></span> <span class='ocrx_word' id='word_1_479' title='bbox 2657 902 2671 951; x_wconf 91' lang='lat'>;</span> <span class='ocrx_word' id='word_1_480' title='bbox 2700 885 2890 940; x_wconf 84' lang='lat' dir='ltr'><strong>horum</strong></span> <span class='ocrx_word' id='word_1_481' title='bbox 2916 886 3283 967; x_wconf 46' lang='lat' dir='ltr'><strong>autem&#39;verba</strong></span> <span class='ocrx_word' id='word_1_482' title='bbox 3319 885 3464 942; x_wconf 87' lang='lat' dir='ltr'><strong>fraus</strong></span> <span class='ocrx_word' id='word_1_483' title='bbox 3495 896 3549 941; x_wconf 87' lang='lat' dir='ltr'><strong>et</strong></span> <span class='ocrx_word' id='word_1_484' title='bbox 3568 886 3876 953; x_wconf 83' lang='lat' dir='ltr'><strong>mendacium,</strong></span> 
     </span>
    </p>
   </div>
   <div class='ocr_carea' id='block_1_68' title="bbox 2325 976 3878 1046">
    <p class='ocr_par' dir='ltr' id='par_1_68' title="bbox 2325 976 3878 1046">
     <span class='ocr_line' id='line_1_68' title="bbox 2325 976 3878 1046; baseline 0.001 -16"><span class='ocrx_word' id='word_1_485' title='bbox 2325 977 2466 1046; x_wconf 84' lang='lat' dir='ltr'><strong>quod</strong></span> <span class='ocrx_word' id='word_1_486' title='bbox 2491 976 2633 1032; x_wconf 91' lang='lat' dir='ltr'><strong>nulla</strong></span> <span class='ocrx_word' id='word_1_487' title='bbox 2663 984 2836 1046; x_wconf 89' lang='lat' dir='ltr'><strong>potest</strong></span> <span class='ocrx_word' id='word_1_488' title='bbox 2864 978 3071 1032; x_wconf 88' lang='lat' dir='ltr'><strong>ratione</strong></span> <span class='ocrx_word' id='word_1_489' title='bbox 3099 977 3281 1033; x_wconf 90' lang='lat' dir='ltr'><strong>celari.</strong></span> <span class='ocrx_word' id='word_1_490' title='bbox 3309 977 3454 1031; x_wconf 88' lang='lat' dir='ltr'><strong>Nihil</strong></span> <span class='ocrx_word' id='word_1_491' title='bbox 3482 978 3621 1032; x_wconf 91' lang='lat' dir='ltr'><strong>enim</strong></span> <span class='ocrx_word' id='word_1_492' title='bbox 3641 978 3770 1032; x_wconf 71' lang='lat' dir='ltr'><strong>aliud</strong></span> <span class='ocrx_word' id='word_1_493' title='bbox 3793 977 3878 1031; x_wconf 77' lang='lat' dir='ltr'><strong>hmc</strong></span> 
     </span>
    </p>
   </div>
   <div class='ocr_carea' id='block_1_69' title="bbox 2327 1067 3880 1139">
    <p class='ocr_par' dir='ltr' id='par_1_69' title="bbox 2327 1067 3880 1139">
     <span class='ocr_line' id='line_1_69' title="bbox 2327 1067 3880 1139; baseline 0 -18"><span class='ocrx_word' id='word_1_494' title='bbox 2327 1068 2488 1122; x_wconf 90' lang='lat' dir='ltr'><strong>fuisse</strong></span> <span class='ocrx_word' id='word_1_495' title='bbox 2515 1083 2671 1136; x_wconf 88' lang='lat' dir='ltr'><strong>quam</strong></span> <span class='ocrx_word' id='word_1_496' title='bbox 2698 1067 2970 1122; x_wconf 86' lang='lat' dir='ltr'><strong>obtentum</strong></span> <span class='ocrx_word' id='word_1_497' title='bbox 2999 1077 3054 1123; x_wconf 88' lang='lat' dir='ltr'><strong>et</strong></span> <span class='ocrx_word' id='word_1_498' title='bbox 3099 1077 3440 1139; x_wconf 70' lang='lat' dir='ltr'><strong>praetextum,</strong></span> <span class='ocrx_word' id='word_1_499' title='bbox 3487 1083 3552 1123; x_wconf 88' lang='lat' dir='ltr'><strong>ac</strong></span> <span class='ocrx_word' id='word_1_500' title='bbox 3589 1067 3782 1122; x_wconf 89' lang='lat' dir='ltr'><strong>beatum</strong></span> <span class='ocrx_word' id='word_1_501' title='bbox 3803 1069 3880 1122; x_wconf 83' lang='lat' dir='ltr'><strong>Ba-</strong></span> 
     </span>
    </p>
   </div>
   <div class='ocr_carea' id='block_1_70' title="bbox 2325 1157 3878 1230">
    <p class='ocr_par' dir='ltr' id='par_1_70' title="bbox 2325 1157 3878 1230">
     <span class='ocr_line' id='line_1_70' title="bbox 2325 1157 3878 1230; baseline 0 -16"><span class='ocrx_word' id='word_1_502' title='bbox 2325 1158 2502 1230; x_wconf 90' lang='lat' dir='ltr'><strong>bylam</strong></span> <span class='ocrx_word' id='word_1_503' title='bbox 2533 1173 2656 1213; x_wconf 90' lang='lat' dir='ltr'><strong>eum</strong></span> <span class='ocrx_word' id='word_1_504' title='bbox 2697 1157 3094 1224; x_wconf 85' lang='lat' dir='ltr'><strong>reformidasse,</strong></span> <span class='ocrx_word' id='word_1_505' title='bbox 3127 1161 3258 1214; x_wconf 81' lang='lat' dir='ltr'><strong>satis</strong></span> <span class='ocrx_word' id='word_1_506' title='bbox 3285 1159 3460 1229; x_wconf 88' lang='lat' dir='ltr'><strong>liquet</strong></span> <span class='ocrx_word' id='word_1_507' title='bbox 3505 1175 3571 1214; x_wconf 82' lang='lat' dir='ltr'><strong>ex</strong></span> <span class='ocrx_word' id='word_1_508' title='bbox 3597 1161 3678 1226; x_wconf 90' lang='lat' dir='ltr'><strong>iis,</strong></span> <span class='ocrx_word' id='word_1_509' title='bbox 3704 1175 3806 1229; x_wconf 73' lang='lat' dir='ltr'><strong>qua:</strong></span> <span class='ocrx_word' id='word_1_510' title='bbox 3829 1161 3878 1214; x_wconf 77' lang='lat' dir='ltr'><strong>ab</strong></span> 
     </span>
    </p>
   </div>
   <div class='ocr_carea' id='block_1_71' title="bbox 2326 1251 3877 1337">
    <p class='ocr_par' dir='ltr' id='par_1_71' title="bbox 2326 1251 3877 1337">
     <span class='ocr_line' id='line_1_71' title="bbox 2326 1251 3877 1337; baseline 0.002 -33"><span class='ocrx_word' id='word_1_511' title='bbox 2326 1251 2653 1321; x_wconf 88' lang='lat' dir='ltr'><strong>lmperatorc</strong></span> <span class='ocrx_word' id='word_1_512' title='bbox 2703 1261 2828 1307; x_wconf 91' lang='lat' dir='ltr'><strong>sunt</strong></span> <span class='ocrx_word' id='word_1_513' title='bbox 2876 1262 2990 1308; x_wconf 88' lang='lat' dir='ltr'><strong>acta</strong></span> <span class='ocrx_word' id='word_1_514' title='bbox 3042 1271 3054 1307; x_wconf 92' lang='lat'>:</span> <span class='ocrx_word' id='word_1_515' title='bbox 3099 1253 3360 1324; x_wconf 83' lang='lat' dir='ltr'><strong>siquidem</strong></span> <span class='ocrx_word' id='word_1_516' title='bbox 3407 1253 3626 1324; x_wconf 87' lang='lat' dir='ltr'><strong>reliquis</strong></span> <span class='ocrx_word' id='word_1_517' title='bbox 3675 1254 3877 1337; x_wconf 77' lang='lat' dir='ltr'><strong>omnibus</strong></span> 
     </span>
    </p>
   </div>
   <div class='ocr_carea' id='block_1_72' title="bbox 2325 1343 3873 1417">
    <p class='ocr_par' dir='ltr' id='par_1_72' title="bbox 2325 1343 3873 1417">
     <span class='ocr_line' id='line_1_72' title="bbox 2325 1343 3873 1417; baseline 0.001 -21"><span class='ocrx_word' id='word_1_518' title='bbox 2325 1343 2536 1398; x_wconf 89' lang='lat' dir='ltr'><strong>omissis</strong></span> <span class='ocrx_word' id='word_1_519' title='bbox 2563 1345 2786 1399; x_wconf 89' lang='lat' dir='ltr'><strong>mortuis</strong></span> <span class='ocrx_word' id='word_1_520' title='bbox 2805 1345 2978 1400; x_wconf 89' lang='lat' dir='ltr'><strong>solum</strong></span> <span class='ocrx_word' id='word_1_521' title='bbox 3010 1345 3155 1401; x_wconf 93' lang='lat' dir='ltr'><strong>illum</strong></span> <span class='ocrx_word' id='word_1_522' title='bbox 3179 1357 3472 1417; x_wconf 82' lang='lat' dir='ltr'><strong>martyrem</strong></span> <span class='ocrx_word' id='word_1_523' title='bbox 3500 1346 3617 1401; x_wconf 90' lang='lat' dir='ltr'><strong>loco</strong></span> <span class='ocrx_word' id='word_1_524' title='bbox 3653 1347 3873 1401; x_wconf 82' lang='lat' dir='ltr'><strong>movebat.</strong></span> 
     </span>
    </p>
   </div>
   <div class='ocr_carea' id='block_1_73' title="bbox 2323 1433 3876 1508">
    <p class='ocr_par' dir='ltr' id='par_1_73' title="bbox 2323 1433 3876 1508">
     <span class='ocr_line' id='line_1_73' title="bbox 2323 1433 3876 1508; baseline 0.003 -20"><span class='ocrx_word' id='word_1_525' title='bbox 2323 1433 2653 1505; x_wconf 91' lang='lat' dir='ltr'><strong>Quamquam</strong></span> <span class='ocrx_word' id='word_1_526' title='bbox 2676 1437 2718 1490; x_wconf 91' lang='lat' dir='ltr'><strong>si</strong></span> <span class='ocrx_word' id='word_1_527' title='bbox 2741 1437 2882 1506; x_wconf 90' lang='lat' dir='ltr'><strong>quod</strong></span> <span class='ocrx_word' id='word_1_528' title='bbox 2911 1437 3057 1491; x_wconf 90' lang='lat' dir='ltr'><strong>illum</strong></span> <span class='ocrx_word' id='word_1_529' title='bbox 3081 1437 3506 1502; x_wconf 88' lang='lat' dir='ltr'><strong>abominaretur,</strong></span> <span class='ocrx_word' id='word_1_530' title='bbox 3534 1453 3596 1492; x_wconf 92' lang='lat' dir='ltr'><strong>ac</strong></span> <span class='ocrx_word' id='word_1_531' title='bbox 3621 1455 3716 1492; x_wconf 93' lang='lat' dir='ltr'><strong>non</strong></span> <span class='ocrx_word' id='word_1_532' title='bbox 3737 1440 3876 1508; x_wconf 76' lang='lat' dir='ltr'><strong>potius</strong></span> 
     </span>
    </p>
   </div>
   <div class='ocr_carea' id='block_1_74' title="bbox 2325 1526 3872 1600">
    <p class='ocr_par' dir='ltr' id='par_1_74' title="bbox 2325 1526 3872 1600">
     <span class='ocr_line' id='line_1_74' title="bbox 2325 1526 3872 1600; baseline 0.005 -22"><span class='ocrx_word' id='word_1_533' title='bbox 2325 1526 2555 1593; x_wconf 89' lang='lat' dir='ltr'><strong>timeret,</strong></span> <span class='ocrx_word' id='word_1_534' title='bbox 2583 1527 2696 1582; x_wconf 75' lang='lat' dir='ltr'><strong>hmc</strong></span> <span class='ocrx_word' id='word_1_535' title='bbox 2720 1530 2786 1583; x_wconf 91' lang='lat' dir='ltr'><strong>ab</strong></span> <span class='ocrx_word' id='word_1_536' title='bbox 2817 1529 2907 1583; x_wconf 93' lang='lat' dir='ltr'><strong>illo</strong></span> <span class='ocrx_word' id='word_1_537' title='bbox 2929 1529 3271 1598; x_wconf 87' lang='lat' dir='ltr'><strong>gerebantur,</strong></span> <span class='ocrx_word' id='word_1_538' title='bbox 3293 1529 3559 1600; x_wconf 81' lang='lat' dir='ltr'><strong>confringi</strong></span> <span class='ocrx_word' id='word_1_539' title='bbox 3589 1531 3814 1596; x_wconf 87' lang='lat' dir='ltr'><strong>loculum,</strong></span> <span class='ocrx_word' id='word_1_540' title='bbox 3835 1533 3872 1585; x_wconf 81' lang='lat' dir='ltr'><strong>in</strong></span> 
     </span>
    </p>
   </div>
   <div class='ocr_carea' id='block_1_75' title="bbox 2322 1617 3873 1693">
    <p class='ocr_par' dir='ltr' id='par_1_75' title="bbox 2322 1617 3873 1693">
     <span class='ocr_line' id='line_1_75' title="bbox 2322 1617 3873 1693; baseline 0.002 -22"><span class='ocrx_word' id='word_1_541' title='bbox 2322 1632 2470 1673; x_wconf 88' lang='lat' dir='ltr'><strong>mare</strong></span> <span class='ocrx_word' id='word_1_542' title='bbox 2494 1617 2750 1690; x_wconf 86' lang='lat' dir='ltr'><strong>demergi,</strong></span> <span class='ocrx_word' id='word_1_543' title='bbox 2783 1619 2834 1674; x_wconf 92' lang='lat' dir='ltr'><strong>in</strong></span> <span class='ocrx_word' id='word_1_544' title='bbox 2858 1622 3198 1676; x_wconf 89' lang='lat' dir='ltr'><strong>solitudinem</strong></span> <span class='ocrx_word' id='word_1_545' title='bbox 3229 1623 3530 1688; x_wconf 84' lang='lat' dir='ltr'><strong>amandari,</strong></span> <span class='ocrx_word' id='word_1_546' title='bbox 3557 1624 3638 1679; x_wconf 89' lang='lat' dir='ltr'><strong>vel</strong></span> <span class='ocrx_word' id='word_1_547' title='bbox 3665 1625 3756 1677; x_wconf 90' lang='lat' dir='ltr'><strong>alio</strong></span> <span class='ocrx_word' id='word_1_548' title='bbox 3771 1639 3873 1693; x_wconf 85' lang='lat' dir='ltr'><strong>quo-</strong></span> 
     </span>
    </p>
   </div>
   <div class='ocr_carea' id='block_1_76' title="bbox 2323 1710 3872 1782">
    <p class='ocr_par' dir='ltr' id='par_1_76' title="bbox 2323 1710 3872 1782">
     <span class='ocr_line' id='line_1_76' title="bbox 2323 1710 3872 1782; baseline 0.005 -21"><span class='ocrx_word' id='word_1_549' title='bbox 2323 1710 2462 1777; x_wconf 90' lang='lat' dir='ltr'><strong>piam</strong></span> <span class='ocrx_word' id='word_1_550' title='bbox 2511 1710 2822 1779; x_wconf 82' lang='lat' dir='ltr'><strong>perditionis</strong></span> <span class='ocrx_word' id='word_1_551' title='bbox 2867 1727 3062 1781; x_wconf 86' lang='lat' dir='ltr'><strong>genere</strong></span> <span class='ocrx_word' id='word_1_552' title='bbox 3108 1713 3273 1767; x_wconf 89' lang='lat' dir='ltr'><strong>delcri</strong></span> <span class='ocrx_word' id='word_1_553' title='bbox 3313 1713 3614 1782; x_wconf 90' lang='lat' dir='ltr'><strong>jubendum</strong></span> <span class='ocrx_word' id='word_1_554' title='bbox 3660 1714 3872 1778; x_wconf 78' lang='lat' dir='ltr'><strong>fuit;lioc</strong></span> 
     </span>
    </p>
   </div>
   <div class='ocr_carea' id='block_1_77' title="bbox 2321 1801 3869 1876">
    <p class='ocr_par' dir='ltr' id='par_1_77' title="bbox 2321 1801 3869 1876">
     <span class='ocr_line' id='line_1_77' title="bbox 2321 1801 3869 1876; baseline 0.003 -23"><span class='ocrx_word' id='word_1_555' title='bbox 2321 1801 2463 1854; x_wconf 91' lang='lat' dir='ltr'><strong>enim</strong></span> <span class='ocrx_word' id='word_1_556' title='bbox 2489 1802 2843 1857; x_wconf 91' lang='lat' dir='ltr'><strong>abominantis</strong></span> <span class='ocrx_word' id='word_1_557' title='bbox 2873 1804 3078 1859; x_wconf 79' lang='lat' dir='ltr'><strong>fuisset.</strong></span> <span class='ocrx_word' id='word_1_558' title='bbox 3108 1805 3180 1859; x_wconf 89' lang='lat' dir='ltr'><strong>Ita</strong></span> <span class='ocrx_word' id='word_1_559' title='bbox 3215 1805 3339 1859; x_wconf 85' lang='lat' dir='ltr'><strong>fecit</strong></span> <span class='ocrx_word' id='word_1_560' title='bbox 3365 1806 3512 1861; x_wconf 91' lang='lat' dir='ltr'><strong>Deus</strong></span> <span class='ocrx_word' id='word_1_561' title='bbox 3538 1823 3655 1861; x_wconf 91' lang='lat' dir='ltr'><strong>cum</strong></span> <span class='ocrx_word' id='word_1_562' title='bbox 3684 1807 3743 1861; x_wconf 86' lang='lat' dir='ltr'><strong>de</strong></span> <span class='ocrx_word' id='word_1_563' title='bbox 3765 1823 3869 1876; x_wconf 80' lang='lat' dir='ltr'><strong>gen-</strong></span> 
     </span>
    </p>
   </div>
   <div class='ocr_carea' id='block_1_78' title="bbox 2323 1891 3870 1968">
    <p class='ocr_par' dir='ltr' id='par_1_78' title="bbox 2323 1891 3870 1968">
     <span class='ocr_line' id='line_1_78' title="bbox 2323 1891 3870 1968; baseline 0.003 -23"><span class='ocrx_word' id='word_1_564' title='bbox 2323 1891 2451 1946; x_wconf 90' lang='lat' dir='ltr'><strong>tium</strong></span> <span class='ocrx_word' id='word_1_565' title='bbox 2493 1893 2979 1950; x_wconf 89' lang='lat' dir='ltr'><strong>abominationibus</strong></span> <span class='ocrx_word' id='word_1_566' title='bbox 3009 1896 3264 1951; x_wconf 64' lang='lat' dir='ltr'><strong>Hebraeos</strong></span> <span class='ocrx_word' id='word_1_567' title='bbox 3306 1898 3617 1968; x_wconf 84' lang='lat' dir='ltr'><strong>alloquutus</strong></span> <span class='ocrx_word' id='word_1_568' title='bbox 3656 1909 3870 1963; x_wconf 32' lang='lat' dir='ltr'><strong>est,vcon-</strong></span> 
     </span>
    </p>
   </div>
   <div class='ocr_carea' id='block_1_79' title="bbox 2320 1982 3872 2058">
    <p class='ocr_par' dir='ltr' id='par_1_79' title="bbox 2320 1982 3872 2058">
     <span class='ocr_line' id='line_1_79' title="bbox 2320 1982 3872 2058; baseline 0.003 -21"><span class='ocrx_word' id='word_1_569' title='bbox 2320 1982 2476 2054; x_wconf 88' lang='lat' dir='ltr'><strong>fringi</strong></span> <span class='ocrx_word' id='word_1_570' title='bbox 2499 1995 2699 2040; x_wconf 89' lang='lat' dir='ltr'><strong>statuas</strong></span> <span class='ocrx_word' id='word_1_571' title='bbox 2728 1987 2959 2056; x_wconf 86' lang='lat' dir='ltr'><strong>ipsarum</strong></span> <span class='ocrx_word' id='word_1_572' title='bbox 2984 1987 3180 2058; x_wconf 89' lang='lat' dir='ltr'><strong>jussit,</strong></span> <span class='ocrx_word' id='word_1_573' title='bbox 3211 2004 3318 2042; x_wconf 90' lang='lat' dir='ltr'><strong>non</strong></span> <span class='ocrx_word' id='word_1_574' title='bbox 3355 1989 3426 2043; x_wconf 89' lang='lat' dir='ltr'><strong>ab</strong></span> <span class='ocrx_word' id='word_1_575' title='bbox 3455 1989 3717 2044; x_wconf 86' lang='lat' dir='ltr'><strong>snburbiis</strong></span> <span class='ocrx_word' id='word_1_576' title='bbox 3739 1990 3780 2043; x_wconf 91' lang='lat' dir='ltr'><strong>in</strong></span> <span class='ocrx_word' id='word_1_577' title='bbox 3804 2004 3872 2041; x_wconf 84' lang='lat' dir='ltr'><strong>ur-</strong></span> 
     </span>
    </p>
   </div>
   <div class='ocr_carea' id='block_1_80' title="bbox 2319 2076 2970 2146">
    <p class='ocr_par' dir='ltr' id='par_1_80' title="bbox 2319 2076 2970 2146">
     <span class='ocr_line' id='line_1_80' title="bbox 2319 2076 2970 2146; baseline 0.002 -15"><span class='ocrx_word' id='word_1_578' title='bbox 2319 2076 2414 2131; x_wconf 87' lang='lat' dir='ltr'><strong>bes</strong></span> <span class='ocrx_word' id='word_1_579' title='bbox 2443 2078 2649 2146; x_wconf 87' lang='lat' dir='ltr'><strong>piacula</strong></span> <span class='ocrx_word' id='word_1_580' title='bbox 2673 2080 2970 2134; x_wconf 84' lang='lat' dir='ltr'><strong>transferri.</strong></span> 
     </span>
    </p>
   </div>
   <div class='ocr_carea' id='block_1_81' title="bbox 2389 2168 3868 2244">
    <p class='ocr_par' dir='ltr' id='par_1_81' title="bbox 2389 2168 3868 2244">
     <span class='ocr_line' id='line_1_81' title="bbox 2389 2168 3868 2244; baseline 0.003 -22"><span class='ocrx_word' id='word_1_581' title='bbox 2389 2168 2442 2222; x_wconf 77' lang='grc'><strong>5.</strong></span> <span class='ocrx_word' id='word_1_582' title='bbox 2475 2168 2726 2238; x_wconf 72' lang='lat' dir='ltr'><strong>Apollinis</strong></span> <span class='ocrx_word' id='word_1_583' title='bbox 2749 2170 2990 2240; x_wconf 77' lang='lat' dir='ltr'><strong>Daphnes</strong></span> <span class='ocrx_word' id='word_1_584' title='bbox 3016 2173 3258 2244; x_wconf 78' lang='lat' dir='ltr'><strong>templum</strong></span> <span class='ocrx_word' id='word_1_585' title='bbox 3278 2173 3500 2244; x_wconf 81' lang='lat' dir='ltr'><strong>fulmine</strong></span> <span class='ocrx_word' id='word_1_586' title='bbox 3519 2184 3718 2228; x_wconf 84' lang='lat' dir='ltr'><strong>tactum.</strong></span> <span class='ocrx_word' id='word_1_587' title='bbox 3738 2203 3796 2213; x_wconf 94' lang='lat'><strong>—</strong></span> <span class='ocrx_word' id='word_1_588' title='bbox 3812 2175 3868 2227; x_wconf 85' lang='lat' dir='ltr'><strong>Ac</strong></span> 
     </span>
    </p>
   </div>
   <div class='ocr_carea' id='block_1_82' title="bbox 2319 2259 3868 2336">
    <p class='ocr_par' dir='ltr' id='par_1_82' title="bbox 2319 2259 3868 2336">
     <span class='ocr_line' id='line_1_82' title="bbox 2319 2259 3868 2336; baseline 0.003 -24"><span class='ocrx_word' id='word_1_589' title='bbox 2319 2259 2632 2315; x_wconf 77' lang='lat' dir='ltr'><strong>movebatur</strong></span> <span class='ocrx_word' id='word_1_590' title='bbox 2677 2263 2892 2332; x_wconf 89' lang='lat' dir='ltr'><strong>quidem</strong></span> <span class='ocrx_word' id='word_1_591' title='bbox 2948 2263 3065 2318; x_wconf 89' lang='lat' dir='ltr'><strong>loco</strong></span> <span class='ocrx_word' id='word_1_592' title='bbox 3092 2276 3329 2336; x_wconf 88' lang='lat' dir='ltr'><strong>martyr;</strong></span> <span class='ocrx_word' id='word_1_593' title='bbox 3361 2265 3575 2321; x_wconf 69' lang='lat' dir='ltr'><strong>dmmon</strong></span> <span class='ocrx_word' id='word_1_594' title='bbox 3627 2275 3784 2320; x_wconf 90' lang='lat' dir='ltr'><strong>autem</strong></span> <span class='ocrx_word' id='word_1_595' title='bbox 3819 2279 3868 2317; x_wconf 87' lang='lat' dir='ltr'><strong>ne</strong></span> 
     </span>
    </p>
   </div>
   <div class='ocr_carea' id='block_1_83' title="bbox 2319 2351 3866 2422">
    <p class='ocr_par' dir='ltr' id='par_1_83' title="bbox 2319 2351 3866 2422">
     <span class='ocr_line' id='line_1_83' title="bbox 2319 2351 3866 2422; baseline 0.001 -16"><span class='ocrx_word' id='word_1_596' title='bbox 2319 2351 2396 2406; x_wconf 91' lang='lat' dir='ltr'><strong>sic</strong></span> <span class='ocrx_word' id='word_1_597' title='bbox 2420 2351 2632 2421; x_wconf 91' lang='lat' dir='ltr'><strong>quidem</strong></span> <span class='ocrx_word' id='word_1_598' title='bbox 2659 2355 2942 2409; x_wconf 88' lang='lat' dir='ltr'><strong>securitate</strong></span> <span class='ocrx_word' id='word_1_599' title='bbox 2969 2353 3244 2410; x_wconf 85' lang='lat' dir='ltr'><strong>fruebatur</strong></span> <span class='ocrx_word' id='word_1_600' title='bbox 3268 2396 3284 2422; x_wconf 95' lang='lat'><strong>,</strong></span> <span class='ocrx_word' id='word_1_601' title='bbox 3318 2357 3416 2412; x_wconf 91' lang='lat' dir='ltr'><strong>sed</strong></span> <span class='ocrx_word' id='word_1_602' title='bbox 3444 2358 3716 2413; x_wconf 81' lang='lat' dir='ltr'><strong>confestim</strong></span> <span class='ocrx_word' id='word_1_603' title='bbox 3756 2357 3866 2410; x_wconf 86' lang='lat' dir='ltr'><strong>didi-</strong></span> 
     </span>
    </p>
   </div>
   <div class='ocr_carea' id='block_1_84' title="bbox 2317 2443 3865 2518">
    <p class='ocr_par' dir='ltr' id='par_1_84' title="bbox 2317 2443 3865 2518">
     <span class='ocr_line' id='line_1_84' title="bbox 2317 2443 3865 2518; baseline 0.001 -22"><span class='ocrx_word' id='word_1_604' title='bbox 2317 2443 2391 2496; x_wconf 90' lang='lat' dir='ltr'><strong>cit</strong></span> <span class='ocrx_word' id='word_1_605' title='bbox 2412 2458 2532 2498; x_wconf 85' lang='lat' dir='ltr'><strong>ossa</strong></span> <span class='ocrx_word' id='word_1_606' title='bbox 2559 2444 2771 2513; x_wconf 87' lang='lat' dir='ltr'><strong>quidem</strong></span> <span class='ocrx_word' id='word_1_607' title='bbox 2795 2447 3040 2516; x_wconf 82' lang='lat' dir='ltr'><strong>martyris</strong></span> <span class='ocrx_word' id='word_1_608' title='bbox 3059 2447 3175 2501; x_wconf 93' lang='lat' dir='ltr'><strong>loco</strong></span> <span class='ocrx_word' id='word_1_609' title='bbox 3197 2449 3397 2502; x_wconf 89' lang='lat' dir='ltr'><strong>moveri</strong></span> <span class='ocrx_word' id='word_1_610' title='bbox 3419 2463 3596 2518; x_wconf 90' lang='lat' dir='ltr'><strong>posse,</strong></span> <span class='ocrx_word' id='word_1_611' title='bbox 3621 2463 3865 2502; x_wconf 87' lang='lat' dir='ltr'><strong>manusau-</strong></span> 
     </span>
    </p>
   </div>
   <div class='ocr_carea' id='block_1_85' title="bbox 2318 2539 3865 2609">
    <p class='ocr_par' dir='ltr' id='par_1_85' title="bbox 2318 2539 3865 2609">
     <span class='ocr_line' id='line_1_85' title="bbox 2318 2539 3865 2609; baseline 0.001 -20"><span class='ocrx_word' id='word_1_612' title='bbox 2318 2545 2424 2590; x_wconf 85' lang='lat' dir='ltr'><strong>tem</strong></span> <span class='ocrx_word' id='word_1_613' title='bbox 2466 2540 2712 2609; x_wconf 86' lang='lat' dir='ltr'><strong>martyris</strong></span> <span class='ocrx_word' id='word_1_614' title='bbox 2754 2541 2938 2594; x_wconf 88' lang='lat' dir='ltr'><strong>evitari</strong></span> <span class='ocrx_word' id='word_1_615' title='bbox 2982 2555 3086 2594; x_wconf 92' lang='lat' dir='ltr'><strong>non</strong></span> <span class='ocrx_word' id='word_1_616' title='bbox 3126 2555 3303 2609; x_wconf 91' lang='lat' dir='ltr'><strong>posse.</strong></span> <span class='ocrx_word' id='word_1_617' title='bbox 3347 2540 3486 2595; x_wconf 85' lang='lat' dir='ltr'><strong>Nam</strong></span> <span class='ocrx_word' id='word_1_618' title='bbox 3537 2542 3688 2596; x_wconf 89' lang='lat' dir='ltr'><strong>simul</strong></span> <span class='ocrx_word' id='word_1_619' title='bbox 3723 2556 3776 2595; x_wconf 87' lang='lat' dir='ltr'><strong>ac</strong></span> <span class='ocrx_word' id='word_1_620' title='bbox 3811 2539 3865 2592; x_wconf 92' lang='lat' dir='ltr'><strong>lo-</strong></span> 
     </span>
    </p>
   </div>
   <div class='ocr_carea' id='block_1_86' title="bbox 2315 2628 3863 2700">
    <p class='ocr_par' dir='ltr' id='par_1_86' title="bbox 2315 2628 3863 2700">
     <span class='ocr_line' id='line_1_86' title="bbox 2315 2628 3863 2700; baseline 0.001 -18"><span class='ocrx_word' id='word_1_621' title='bbox 2315 2628 2467 2682; x_wconf 90' lang='lat' dir='ltr'><strong>culus</strong></span> <span class='ocrx_word' id='word_1_622' title='bbox 2519 2628 2586 2682; x_wconf 90' lang='lat' dir='ltr'><strong>ad</strong></span> <span class='ocrx_word' id='word_1_623' title='bbox 2639 2630 2822 2685; x_wconf 89' lang='lat' dir='ltr'><strong>urbem</strong></span> <span class='ocrx_word' id='word_1_624' title='bbox 2887 2641 3186 2700; x_wconf 90' lang='lat' dir='ltr'><strong>protractus</strong></span> <span class='ocrx_word' id='word_1_625' title='bbox 3238 2641 3360 2700; x_wconf 89' lang='lat' dir='ltr'><strong>est,</strong></span> <span class='ocrx_word' id='word_1_626' title='bbox 3409 2631 3480 2688; x_wconf 91' lang='lat' dir='ltr'><strong>de</strong></span> <span class='ocrx_word' id='word_1_627' title='bbox 3529 2634 3662 2688; x_wconf 75' lang='lat' dir='ltr'><strong>cmlo</strong></span> <span class='ocrx_word' id='word_1_628' title='bbox 3707 2631 3863 2686; x_wconf 83' lang='lat' dir='ltr'><strong>fulmen</strong></span> 
     </span>
    </p>
   </div>
   <div class='ocr_carea' id='block_1_87' title="bbox 2316 2724 3862 2796">
    <p class='ocr_par' dir='ltr' id='par_1_87' title="bbox 2316 2724 3862 2796">
     <span class='ocr_line' id='line_1_87' title="bbox 2316 2724 3862 2796; baseline 0.001 -19"><span class='ocrx_word' id='word_1_629' title='bbox 2316 2724 2368 2777; x_wconf 92' lang='lat' dir='ltr'><strong>in</strong></span> <span class='ocrx_word' id='word_1_630' title='bbox 2404 2732 2592 2780; x_wconf 67' lang='lat' dir='ltr'><strong>statum</strong></span> <span class='ocrx_word' id='word_1_631' title='bbox 2636 2739 2793 2796; x_wconf 88' lang='lat' dir='ltr'><strong>caput</strong></span> <span class='ocrx_word' id='word_1_632' title='bbox 2824 2729 3118 2783; x_wconf 90' lang='lat' dir='ltr'><strong>immissum</strong></span> <span class='ocrx_word' id='word_1_633' title='bbox 3149 2739 3341 2785; x_wconf 90' lang='lat' dir='ltr'><strong>cuncta</strong></span> <span class='ocrx_word' id='word_1_634' title='bbox 3382 2731 3690 2787; x_wconf 90' lang='lat' dir='ltr'><strong>combussit.</strong></span> <span class='ocrx_word' id='word_1_635' title='bbox 3720 2728 3862 2783; x_wconf 81' lang='lat' dir='ltr'><strong>Enim-</strong></span> 
     </span>
    </p>
   </div>
   <div class='ocr_carea' id='block_1_88' title="bbox 2317 2817 3861 2893">
    <p class='ocr_par' dir='ltr' id='par_1_88' title="bbox 2317 2817 3861 2893">
     <span class='ocr_line' id='line_1_88' title="bbox 2317 2817 3861 2893; baseline 0.001 -24"><span class='ocrx_word' id='word_1_636' title='bbox 2317 2831 2450 2888; x_wconf 77' lang='lat' dir='ltr'><strong>verp</strong></span> <span class='ocrx_word' id='word_1_637' title='bbox 2483 2818 2526 2871; x_wconf 93' lang='lat' dir='ltr'><strong>si</strong></span> <span class='ocrx_word' id='word_1_638' title='bbox 2571 2817 2748 2873; x_wconf 84' lang='lat' dir='ltr'><strong>minus</strong></span> <span class='ocrx_word' id='word_1_639' title='bbox 2792 2829 2968 2884; x_wconf 83' lang='lat' dir='ltr'><strong>antea,</strong></span> <span class='ocrx_word' id='word_1_640' title='bbox 3017 2832 3129 2876; x_wconf 93' lang='lat' dir='ltr'><strong>tum</strong></span> <span class='ocrx_word' id='word_1_641' title='bbox 3180 2824 3368 2877; x_wconf 86' lang='lat' dir='ltr'><strong>saltem</strong></span> <span class='ocrx_word' id='word_1_642' title='bbox 3410 2823 3628 2893; x_wconf 87' lang='lat' dir='ltr'><strong>impium</strong></span> <span class='ocrx_word' id='word_1_643' title='bbox 3675 2820 3861 2888; x_wconf 86' lang='lat' dir='ltr'><strong>Impera--</strong></span> 
     </span>
    </p>
   </div>
   <div class='ocr_carea' id='block_1_89' title="bbox 2315 2908 3861 2984">
    <p class='ocr_par' dir='ltr' id='par_1_89' title="bbox 2315 2908 3861 2984">
     <span class='ocr_line' id='line_1_89' title="bbox 2315 2908 3861 2984; baseline 0.001 -22"><span class='ocrx_word' id='word_1_644' title='bbox 2315 2916 2484 2964; x_wconf 90' lang='lat' dir='ltr'><strong>torem</strong></span> <span class='ocrx_word' id='word_1_645' title='bbox 2529 2910 2682 2966; x_wconf 85' lang='lat' dir='ltr'><strong>irasci</strong></span> <span class='ocrx_word' id='word_1_646' title='bbox 2721 2928 2815 2980; x_wconf 85' lang='lat' dir='ltr'><strong>par</strong></span> <span class='ocrx_word' id='word_1_647' title='bbox 2848 2912 2964 2974; x_wconf 90' lang='lat' dir='ltr'><strong>fuit,</strong></span> <span class='ocrx_word' id='word_1_648' title='bbox 3008 2926 3062 2968; x_wconf 92' lang='lat' dir='ltr'><strong>et</strong></span> <span class='ocrx_word' id='word_1_649' title='bbox 3101 2915 3152 2967; x_wconf 92' lang='lat' dir='ltr'><strong>in</strong></span> <span class='ocrx_word' id='word_1_650' title='bbox 3197 2916 3514 2984; x_wconf 86' lang='lat' dir='ltr'><strong>martyrium</strong></span> <span class='ocrx_word' id='word_1_651' title='bbox 3552 2912 3776 2984; x_wconf 88' lang='lat' dir='ltr'><strong>martyris</strong></span> <span class='ocrx_word' id='word_1_652' title='bbox 3804 2908 3861 2979; x_wconf 75' lang='lat' dir='ltr'><strong>(al</strong></span> 
     </span>
    </p>
   </div>
   <div class='ocr_carea' id='block_1_90' title="bbox 2315 3001 3858 3077">
    <p class='ocr_par' dir='ltr' id='par_1_90' title="bbox 2315 3001 3858 3077">
     <span class='ocr_line' id='line_1_90' title="bbox 2315 3001 3858 3077; baseline -0.002 -22"><span class='ocrx_word' id='word_1_653' title='bbox 2315 3002 2446 3056; x_wconf 91' lang='lat' dir='ltr'><strong>iram</strong></span> <span class='ocrx_word' id='word_1_654' title='bbox 2490 3001 2804 3070; x_wconf 80' lang='lat' dir='ltr'><strong>effundere,</strong></span> <span class='ocrx_word' id='word_1_655' title='bbox 2855 3003 2948 3059; x_wconf 89' lang='lat' dir='ltr'><strong>sed</strong></span> <span class='ocrx_word' id='word_1_656' title='bbox 3002 3020 3072 3060; x_wconf 91' lang='lat' dir='ltr'><strong>ne</strong></span> <span class='ocrx_word' id='word_1_657' title='bbox 3127 3015 3236 3060; x_wconf 90' lang='lat' dir='ltr'><strong>tum</strong></span> <span class='ocrx_word' id='word_1_658' title='bbox 3295 3006 3516 3077; x_wconf 81' lang='lat' dir='ltr'><strong>quidem</strong></span> <span class='ocrx_word' id='word_1_659' title='bbox 3568 3020 3717 3060; x_wconf 90' lang='lat' dir='ltr'><strong>ausus</strong></span> <span class='ocrx_word' id='word_1_660' title='bbox 3754 3002 3858 3057; x_wconf 84' lang='lat' dir='ltr'><strong>fuit:</strong></span> 
     </span>
    </p>
   </div>
   <div class='ocr_carea' id='block_1_91' title="bbox 2314 3094 3858 3170">
    <p class='ocr_par' dir='ltr' id='par_1_91' title="bbox 2314 3094 3858 3170">
     <span class='ocr_line' id='line_1_91' title="bbox 2314 3094 3858 3170; baseline -0.002 -21"><span class='ocrx_word' id='word_1_661' title='bbox 2314 3103 2494 3149; x_wconf 89' lang='lat' dir='ltr'><strong>tantus</strong></span> <span class='ocrx_word' id='word_1_662' title='bbox 2522 3094 2667 3156; x_wconf 87' lang='lat' dir='ltr'><strong>illum</strong></span> <span class='ocrx_word' id='word_1_663' title='bbox 2693 3098 2850 3152; x_wconf 86' lang='lat' dir='ltr'><strong>timor</strong></span> <span class='ocrx_word' id='word_1_664' title='bbox 2875 3107 3246 3167; x_wconf 88' lang='lat' dir='ltr'><strong>occupaverat,</strong></span> <span class='ocrx_word' id='word_1_665' title='bbox 3296 3101 3425 3170; x_wconf 85' lang='lat' dir='ltr'><strong>quin</strong></span> <span class='ocrx_word' id='word_1_666' title='bbox 3459 3101 3631 3170; x_wconf 84' lang='lat' dir='ltr'><strong>potius</strong></span> <span class='ocrx_word' id='word_1_667' title='bbox 3658 3099 3765 3152; x_wconf 90' lang='lat' dir='ltr'><strong>licet</strong></span> <span class='ocrx_word' id='word_1_668' title='bbox 3796 3097 3858 3148; x_wconf 92' lang='lat' dir='ltr'><strong>in-</strong></span> 
     </span>
    </p>
   </div>
   <div class='ocr_carea' id='block_1_92' title="bbox 2313 3184 3858 3262">
    <p class='ocr_par' dir='ltr' id='par_1_92' title="bbox 2313 3184 3858 3262">
     <span class='ocr_line' id='line_1_92' title="bbox 2313 3184 3858 3262; baseline -0.001 -22"><span class='ocrx_word' id='word_1_669' title='bbox 2313 3185 2560 3241; x_wconf 89' lang='lat' dir='ltr'><strong>cendium</strong></span> <span class='ocrx_word' id='word_1_670' title='bbox 2602 3187 2807 3243; x_wconf 88' lang='lat' dir='ltr'><strong>videret</strong></span> <span class='ocrx_word' id='word_1_671' title='bbox 2855 3189 3215 3258; x_wconf 88' lang='lat' dir='ltr'><strong>intolerabile,</strong></span> <span class='ocrx_word' id='word_1_672' title='bbox 3266 3206 3592 3262; x_wconf 85' lang='lat' dir='ltr'><strong>causamque</strong></span> <span class='ocrx_word' id='word_1_673' title='bbox 3643 3189 3783 3261; x_wconf 91' lang='lat' dir='ltr'><strong>probe</strong></span> <span class='ocrx_word' id='word_1_674' title='bbox 3813 3184 3858 3239; x_wconf 79' lang='lat' dir='ltr'><strong>il-</strong></span> 
     </span>
    </p>
   </div>
   <div class='ocr_carea' id='block_1_93' title="bbox 2312 3275 3856 3351">
    <p class='ocr_par' dir='ltr' id='par_1_93' title="bbox 2312 3275 3856 3351">
     <span class='ocr_line' id='line_1_93' title="bbox 2312 3275 3856 3351; baseline -0.001 -22"><span class='ocrx_word' id='word_1_675' title='bbox 2312 3275 2415 3332; x_wconf 90' lang='lat' dir='ltr'><strong>lius</strong></span> <span class='ocrx_word' id='word_1_676' title='bbox 2444 3285 2645 3342; x_wconf 90' lang='lat' dir='ltr'><strong>nosset,</strong></span> <span class='ocrx_word' id='word_1_677' title='bbox 2677 3279 2888 3348; x_wconf 89' lang='lat' dir='ltr'><strong>quietus</strong></span> <span class='ocrx_word' id='word_1_678' title='bbox 2930 3278 3047 3334; x_wconf 91' lang='lat' dir='ltr'><strong>fuit.</strong></span> <span class='ocrx_word' id='word_1_679' title='bbox 3068 3279 3253 3351; x_wconf 88' lang='lat' dir='ltr'><strong>Neque</strong></span> <span class='ocrx_word' id='word_1_680' title='bbox 3279 3297 3410 3336; x_wconf 86' lang='lat' dir='ltr'><strong>vero</strong></span> <span class='ocrx_word' id='word_1_681' title='bbox 3456 3291 3653 3337; x_wconf 90' lang='lat' dir='ltr'><strong>tantum</strong></span> <span class='ocrx_word' id='word_1_682' title='bbox 3683 3281 3768 3334; x_wconf 86' lang='lat' dir='ltr'><strong>hoc</strong></span> <span class='ocrx_word' id='word_1_683' title='bbox 3787 3276 3856 3330; x_wconf 86' lang='lat' dir='ltr'><strong>mi-</strong></span> 
     </span>
    </p>
   </div>
   <div class='ocr_carea' id='block_1_94' title="bbox 2311 3370 3856 3444">
    <p class='ocr_par' dir='ltr' id='par_1_94' title="bbox 2311 3370 3856 3444">
     <span class='ocr_line' id='line_1_94' title="bbox 2311 3370 3856 3444; baseline 0.003 -22"><span class='ocrx_word' id='word_1_684' title='bbox 2311 3382 2431 3423; x_wconf 82' lang='lat' dir='ltr'><strong>rum</strong></span> <span class='ocrx_word' id='word_1_685' title='bbox 2472 3378 2556 3424; x_wconf 84' lang='lat' dir='ltr'><strong>est</strong></span> <span class='ocrx_word' id='word_1_686' title='bbox 2579 3370 2722 3441; x_wconf 90' lang='lat' dir='ltr'><strong>quod</strong></span> <span class='ocrx_word' id='word_1_687' title='bbox 2748 3373 3059 3444; x_wconf 89' lang='lat' dir='ltr'><strong>martyrium</strong></span> <span class='ocrx_word' id='word_1_688' title='bbox 3086 3389 3192 3428; x_wconf 87' lang='lat' dir='ltr'><strong>non</strong></span> <span class='ocrx_word' id='word_1_689' title='bbox 3235 3374 3520 3442; x_wconf 84' lang='lat' dir='ltr'><strong>subvertit,</strong></span> <span class='ocrx_word' id='word_1_690' title='bbox 3552 3374 3642 3430; x_wconf 90' lang='lat' dir='ltr'><strong>sed</strong></span> <span class='ocrx_word' id='word_1_691' title='bbox 3667 3371 3786 3443; x_wconf 91' lang='lat' dir='ltr'><strong>quod</strong></span> <span class='ocrx_word' id='word_1_692' title='bbox 3808 3382 3856 3421; x_wconf 84' lang='lat' dir='ltr'><strong>ne</strong></span> 
     </span>
    </p>
   </div>
   <div class='ocr_carea' id='block_1_95' title="bbox 2312 3460 3852 3535">
    <p class='ocr_par' dir='ltr' id='par_1_95' title="bbox 2312 3460 3852 3535">
     <span class='ocr_line' id='line_1_95' title="bbox 2312 3460 3852 3535; baseline 0.002 -23"><span class='ocrx_word' id='word_1_693' title='bbox 2312 3466 2510 3514; x_wconf 90' lang='lat' dir='ltr'><strong>tectum</strong></span> <span class='ocrx_word' id='word_1_694' title='bbox 2541 3460 2756 3530; x_wconf 91' lang='lat' dir='ltr'><strong>quidem</strong></span> <span class='ocrx_word' id='word_1_695' title='bbox 2810 3463 3011 3532; x_wconf 89' lang='lat' dir='ltr'><strong>templo</strong></span> <span class='ocrx_word' id='word_1_696' title='bbox 3059 3479 3247 3519; x_wconf 87' lang='lat' dir='ltr'><strong>rursus</strong></span> <span class='ocrx_word' id='word_1_697' title='bbox 3294 3465 3570 3535; x_wconf 84' lang='lat' dir='ltr'><strong>imponere</strong></span> <span class='ocrx_word' id='word_1_698' title='bbox 3603 3477 3748 3520; x_wconf 89' lang='lat' dir='ltr'><strong>ausus</strong></span> <span class='ocrx_word' id='word_1_699' title='bbox 3775 3471 3852 3515; x_wconf 80' lang='lat' dir='ltr'><strong>est.</strong></span> 
     </span>
    </p>
   </div>
   <div class='ocr_carea' id='block_1_96' title="bbox 2309 3549 3855 3622">
    <p class='ocr_par' dir='ltr' id='par_1_96' title="bbox 2309 3549 3855 3622">
     <span class='ocr_line' id='line_1_96' title="bbox 2309 3549 3855 3622; baseline 0.002 -19"><span class='ocrx_word' id='word_1_700' title='bbox 2309 3549 2541 3605; x_wconf 82' lang='lat' dir='ltr'><strong>Noverat</strong></span> <span class='ocrx_word' id='word_1_701' title='bbox 2567 3552 2786 3622; x_wconf 86' lang='lat' dir='ltr'><strong>quippe,</strong></span> <span class='ocrx_word' id='word_1_702' title='bbox 2811 3563 3035 3609; x_wconf 86' lang='lat' dir='ltr'><strong>noverat</strong></span> <span class='ocrx_word' id='word_1_703' title='bbox 3059 3554 3350 3612; x_wconf 91' lang='lat' dir='ltr'><strong>immissam</strong></span> <span class='ocrx_word' id='word_1_704' title='bbox 3378 3573 3504 3614; x_wconf 89' lang='lat' dir='ltr'><strong>esse</strong></span> <span class='ocrx_word' id='word_1_705' title='bbox 3528 3559 3718 3613; x_wconf 90' lang='lat' dir='ltr'><strong>cladem</strong></span> <span class='ocrx_word' id='word_1_706' title='bbox 3740 3570 3764 3608; x_wconf 92' lang='lat' dir='ltr'><strong>a</strong></span> <span class='ocrx_word' id='word_1_707' title='bbox 3788 3567 3855 3606; x_wconf 86' lang='lat' dir='ltr'><strong>nu-</strong></span> 
     </span>
    </p>
   </div>
   <div class='ocr_carea' id='block_1_97' title="bbox 2309 3643 3852 3720">
    <p class='ocr_par' dir='ltr' id='par_1_97' title="bbox 2309 3643 3852 3720">
     <span class='ocr_line' id='line_1_97' title="bbox 2309 3643 3852 3720; baseline 0.001 -22"><span class='ocrx_word' id='word_1_708' title='bbox 2309 3643 2453 3698; x_wconf 93' lang='lat' dir='ltr'><strong>mine</strong></span> <span class='ocrx_word' id='word_1_709' title='bbox 2470 3686 2486 3711; x_wconf 91' lang='lat'><strong>,</strong></span> <span class='ocrx_word' id='word_1_710' title='bbox 2512 3659 2574 3700; x_wconf 89' lang='lat' dir='ltr'><strong>ac</strong></span> <span class='ocrx_word' id='word_1_711' title='bbox 2597 3648 3025 3716; x_wconf 88' lang='lat' dir='ltr'><strong>pertimescebat,</strong></span> <span class='ocrx_word' id='word_1_712' title='bbox 3053 3664 3121 3702; x_wconf 92' lang='lat' dir='ltr'><strong>ne</strong></span> <span class='ocrx_word' id='word_1_713' title='bbox 3142 3649 3186 3704; x_wconf 93' lang='lat' dir='ltr'><strong>si</strong></span> <span class='ocrx_word' id='word_1_714' title='bbox 3215 3650 3341 3720; x_wconf 91' lang='lat' dir='ltr'><strong>quid</strong></span> <span class='ocrx_word' id='word_1_715' title='bbox 3365 3651 3588 3708; x_wconf 90' lang='lat' dir='ltr'><strong>ulterius</strong></span> <span class='ocrx_word' id='word_1_716' title='bbox 3603 3649 3852 3718; x_wconf 77' lang='lat' dir='ltr'><strong>excogitas-</strong></span> 
     </span>
    </p>
   </div>
   <div class='ocr_carea' id='block_1_98' title="bbox 2309 3735 3850 3812">
    <p class='ocr_par' dir='ltr' id='par_1_98' title="bbox 2309 3735 3850 3812">
     <span class='ocr_line' id='line_1_98' title="bbox 2309 3735 3850 3812; baseline 0.006 -23"><span class='ocrx_word' id='word_1_717' title='bbox 2309 3743 2412 3800; x_wconf 92' lang='lat' dir='ltr'><strong>set,</strong></span> <span class='ocrx_word' id='word_1_718' title='bbox 2443 3735 2619 3806; x_wconf 93' lang='lat' dir='ltr'><strong>ignem</strong></span> <span class='ocrx_word' id='word_1_719' title='bbox 2650 3737 2798 3793; x_wconf 91' lang='lat' dir='ltr'><strong>illum</strong></span> <span class='ocrx_word' id='word_1_720' title='bbox 2823 3739 2877 3794; x_wconf 93' lang='lat' dir='ltr'><strong>in</strong></span> <span class='ocrx_word' id='word_1_721' title='bbox 2898 3755 3052 3795; x_wconf 91' lang='lat' dir='ltr'><strong>suum</strong></span> <span class='ocrx_word' id='word_1_722' title='bbox 3070 3751 3232 3812; x_wconf 93' lang='lat' dir='ltr'><strong>caput</strong></span> <span class='ocrx_word' id='word_1_723' title='bbox 3257 3754 3580 3800; x_wconf 89' lang='lat' dir='ltr'><strong>accerseret.</strong></span> <span class='ocrx_word' id='word_1_724' title='bbox 3615 3744 3850 3811; x_wconf 82' lang='lat' dir='ltr'><strong>Proptch</strong></span> 
     </span>
    </p>
   </div>
   <div class='ocr_carea' id='block_1_99' title="bbox 2306 3832 3849 3904">
    <p class='ocr_par' dir='ltr' id='par_1_99' title="bbox 2306 3832 3849 3904">
     <span class='ocr_line' id='line_1_99' title="bbox 2306 3832 3849 3904; baseline -0.001 -20"><span class='ocrx_word' id='word_1_725' title='bbox 2306 3845 2529 3886; x_wconf 90' lang='lat' dir='ltr'><strong>cernere</strong></span> <span class='ocrx_word' id='word_1_726' title='bbox 2577 3832 2834 3902; x_wconf 88' lang='lat' dir='ltr'><strong>templum</strong></span> <span class='ocrx_word' id='word_1_727' title='bbox 2867 3833 3129 3904; x_wconf 85' lang='lat' dir='ltr'><strong>Apollinis</strong></span> <span class='ocrx_word' id='word_1_728' title='bbox 3171 3837 3240 3890; x_wconf 91' lang='lat' dir='ltr'><strong>ita</strong></span> <span class='ocrx_word' id='word_1_729' title='bbox 3267 3836 3564 3892; x_wconf 86' lang='lat' dir='ltr'><strong>desolatum</strong></span> <span class='ocrx_word' id='word_1_730' title='bbox 3608 3832 3849 3892; x_wconf 81' lang='lat' dir='ltr'><strong>susnnuil:</strong></span> 
     </span>
    </p>
   </div>
   <div class='ocr_carea' id='block_1_100' title="bbox 2307 3923 3850 3999">
    <p class='ocr_par' dir='ltr' id='par_1_100' title="bbox 2307 3923 3850 3999">
     <span class='ocr_line' id='line_1_100' title="bbox 2307 3923 3850 3999; baseline -0.001 -22"><span class='ocrx_word' id='word_1_731' title='bbox 2307 3939 2481 3992; x_wconf 89' lang='lat' dir='ltr'><strong>neque</strong></span> <span class='ocrx_word' id='word_1_732' title='bbox 2510 3923 2612 3978; x_wconf 91' lang='lat' dir='ltr'><strong>ulla</strong></span> <span class='ocrx_word' id='word_1_733' title='bbox 2644 3923 2745 3978; x_wconf 91' lang='lat' dir='ltr'><strong>fuit</strong></span> <span class='ocrx_word' id='word_1_734' title='bbox 2777 3924 2882 3978; x_wconf 89' lang='lat' dir='ltr'><strong>alia</strong></span> <span class='ocrx_word' id='word_1_735' title='bbox 2909 3941 3091 3990; x_wconf 91' lang='lat' dir='ltr'><strong>causa,</strong></span> <span class='ocrx_word' id='word_1_736' title='bbox 3124 3927 3193 3982; x_wconf 93' lang='lat' dir='ltr'><strong>ob</strong></span> <span class='ocrx_word' id='word_1_737' title='bbox 3220 3943 3377 3997; x_wconf 90' lang='lat' dir='ltr'><strong>quam</strong></span> <span class='ocrx_word' id='word_1_738' title='bbox 3411 3930 3466 3984; x_wconf 92' lang='lat' dir='ltr'><strong>id</strong></span> <span class='ocrx_word' id='word_1_739' title='bbox 3491 3929 3626 3999; x_wconf 87' lang='lat' dir='ltr'><strong>quod</strong></span> <span class='ocrx_word' id='word_1_740' title='bbox 3646 3930 3850 3982; x_wconf 70' lang='lat' dir='ltr'><strong>evenerat</strong></span> 
     </span>
    </p>
   </div>
   <div class='ocr_carea' id='block_1_101' title="bbox 2304 4015 3846 4091">
    <p class='ocr_par' dir='ltr' id='par_1_101' title="bbox 2304 4015 3846 4091">
     <span class='ocr_line' id='line_1_101' title="bbox 2304 4015 3846 4091; baseline 0 -23"><span class='ocrx_word' id='word_1_741' title='bbox 2304 4015 2525 4070; x_wconf 92' lang='lat' dir='ltr'><strong>minime</strong></span> <span class='ocrx_word' id='word_1_742' title='bbox 2551 4017 2850 4086; x_wconf 88' lang='lat' dir='ltr'><strong>reparavit,</strong></span> <span class='ocrx_word' id='word_1_743' title='bbox 2884 4017 2984 4072; x_wconf 92' lang='lat' dir='ltr'><strong>nisi</strong></span> <span class='ocrx_word' id='word_1_744' title='bbox 3013 4019 3160 4074; x_wconf 90' lang='lat' dir='ltr'><strong>solus</strong></span> <span class='ocrx_word' id='word_1_745' title='bbox 3185 4021 3374 4088; x_wconf 89' lang='lat' dir='ltr'><strong>timor,</strong></span> <span class='ocrx_word' id='word_1_746' title='bbox 3401 4023 3491 4091; x_wconf 89' lang='lat' dir='ltr'><strong>qui</strong></span> <span class='ocrx_word' id='word_1_747' title='bbox 3533 4037 3648 4076; x_wconf 80' lang='lat' dir='ltr'><strong>eum</strong></span> <span class='ocrx_word' id='word_1_748' title='bbox 3667 4017 3846 4074; x_wconf 80' lang='lat' dir='ltr'><strong>invitum</strong></span> 
     </span>
    </p>
   </div>
   <div class='ocr_carea' id='block_1_102' title="bbox 2303 4107 3845 4183">
    <p class='ocr_par' dir='ltr' id='par_1_102' title="bbox 2303 4107 3845 4183">
     <span class='ocr_line' id='line_1_102' title="bbox 2303 4107 3845 4183; baseline 0.001 -26"><span class='ocrx_word' id='word_1_749' title='bbox 2303 4107 2536 4176; x_wconf 90' lang='lat' dir='ltr'><strong>quietem</strong></span> <span class='ocrx_word' id='word_1_750' title='bbox 2550 4123 2708 4177; x_wconf 88' lang='lat' dir='ltr'><strong>agere</strong></span> <span class='ocrx_word' id='word_1_751' title='bbox 2732 4109 2936 4179; x_wconf 88' lang='lat' dir='ltr'><strong>coegit:</strong></span> <span class='ocrx_word' id='word_1_752' title='bbox 2956 4109 3112 4180; x_wconf 90' lang='lat' dir='ltr'><strong>idque</strong></span> <span class='ocrx_word' id='word_1_753' title='bbox 3136 4125 3257 4165; x_wconf 92' lang='lat' dir='ltr'><strong>cum</strong></span> <span class='ocrx_word' id='word_1_754' title='bbox 3284 4112 3447 4167; x_wconf 87' lang='lat' dir='ltr'><strong>sciret</strong></span> <span class='ocrx_word' id='word_1_755' title='bbox 3470 4122 3704 4183; x_wconf 81' lang='lat' dir='ltr'><strong>quantam</strong></span> <span class='ocrx_word' id='word_1_756' title='bbox 3727 4107 3845 4176; x_wconf 83' lang='lat' dir='ltr'><strong>igno-</strong></span> 
     </span>
    </p>
   </div>
   <div class='ocr_carea' id='block_1_103' title="bbox 2307 4198 3842 4274">
    <p class='ocr_par' dir='ltr' id='par_1_103' title="bbox 2307 4198 3842 4274">
     <span class='ocr_line' id='line_1_103' title="bbox 2307 4198 3842 4274; baseline -0.002 -23"><span class='ocrx_word' id='word_1_757' title='bbox 2307 4198 2526 4254; x_wconf 69' lang='lat' dir='ltr'><strong>miniam</strong></span> <span class='ocrx_word' id='word_1_758' title='bbox 2549 4200 2782 4256; x_wconf 80' lang='lat' dir='ltr'><strong>daemoni</strong></span> <span class='ocrx_word' id='word_1_759' title='bbox 2807 4201 3149 4273; x_wconf 88' lang='lat' dir='ltr'><strong>relinqueret,</strong></span> <span class='ocrx_word' id='word_1_760' title='bbox 3173 4215 3428 4274; x_wconf 89' lang='lat' dir='ltr'><strong>quantmn</strong></span> <span class='ocrx_word' id='word_1_761' title='bbox 3448 4203 3674 4274; x_wconf 85' lang='lat' dir='ltr'><strong>martyrii</strong></span> <span class='ocrx_word' id='word_1_762' title='bbox 3695 4201 3842 4255; x_wconf 88' lang='lat' dir='ltr'><strong>decus.</strong></span> 
     </span>
    </p>
   </div>
   <div class='ocr_carea' id='block_1_104' title="bbox 2302 4287 3844 4364">
    <p class='ocr_par' dir='ltr' id='par_1_104' title="bbox 2302 4287 3844 4364">
     <span class='ocr_line' id='line_1_104' title="bbox 2302 4287 3844 4364; baseline -0.003 -21"><span class='ocrx_word' id='word_1_763' title='bbox 2302 4288 2458 4343; x_wconf 89' lang='lat' dir='ltr'><strong>Stant</strong></span> <span class='ocrx_word' id='word_1_764' title='bbox 2486 4290 2630 4345; x_wconf 90' lang='lat' dir='ltr'><strong>enim</strong></span> <span class='ocrx_word' id='word_1_765' title='bbox 2655 4291 2766 4362; x_wconf 88' lang='lat' dir='ltr'><strong>jam</strong></span> <span class='ocrx_word' id='word_1_766' title='bbox 2798 4307 2894 4362; x_wconf 91' lang='lat' dir='ltr'><strong>pro</strong></span> <span class='ocrx_word' id='word_1_767' title='bbox 2921 4293 3137 4363; x_wconf 79' lang='lat' dir='ltr'><strong>tropzeis</strong></span> <span class='ocrx_word' id='word_1_768' title='bbox 3167 4295 3396 4364; x_wconf 90' lang='lat' dir='ltr'><strong>parietes</strong></span> <span class='ocrx_word' id='word_1_769' title='bbox 3421 4337 3435 4359; x_wconf 95' lang='lat'><strong>,</strong></span> <span class='ocrx_word' id='word_1_770' title='bbox 3467 4308 3523 4351; x_wconf 89' lang='lat' dir='ltr'><strong>et</strong></span> <span class='ocrx_word' id='word_1_771' title='bbox 3550 4295 3661 4349; x_wconf 74' lang='lat' dir='ltr'><strong>tuba</strong></span> <span class='ocrx_word' id='word_1_772' title='bbox 3685 4287 3844 4344; x_wconf 84' lang='lat' dir='ltr'><strong>clario-</strong></span> 
     </span>
    </p>
   </div>
   <div class='ocr_carea' id='block_1_105' title="bbox 2301 4379 3839 4456">
    <p class='ocr_par' dir='ltr' id='par_1_105' title="bbox 2301 4379 3839 4456">
     <span class='ocr_line' id='line_1_105' title="bbox 2301 4379 3839 4456; baseline 0.003 -21"><span class='ocrx_word' id='word_1_773' title='bbox 2301 4397 2416 4436; x_wconf 90' lang='lat' dir='ltr'><strong>rem</strong></span> <span class='ocrx_word' id='word_1_774' title='bbox 2434 4397 2619 4437; x_wconf 92' lang='lat' dir='ltr'><strong>vocem</strong></span> <span class='ocrx_word' id='word_1_775' title='bbox 2649 4383 2894 4450; x_wconf 92' lang='lat' dir='ltr'><strong>mittunt;</strong></span> <span class='ocrx_word' id='word_1_776' title='bbox 2918 4399 2980 4438; x_wconf 91' lang='lat' dir='ltr'><strong>ac</strong></span> <span class='ocrx_word' id='word_1_777' title='bbox 3005 4385 3252 4456; x_wconf 87' lang='lat' dir='ltr'><strong>Daphnes</strong></span> <span class='ocrx_word' id='word_1_778' title='bbox 3279 4387 3489 4454; x_wconf 88' lang='lat' dir='ltr'><strong>incolis,</strong></span> <span class='ocrx_word' id='word_1_779' title='bbox 3511 4387 3646 4442; x_wconf 90' lang='lat' dir='ltr'><strong>urbis</strong></span> <span class='ocrx_word' id='word_1_780' title='bbox 3670 4379 3839 4439; x_wconf 67' lang='lat' dir='ltr'><strong>incolis.</strong></span> 
     </span>
    </p>
   </div>
   <div class='ocr_carea' id='block_1_106' title="bbox 2301 4473 3842 4547">
    <p class='ocr_par' dir='ltr' id='par_1_106' title="bbox 2301 4473 3842 4547">
     <span class='ocr_line' id='line_1_106' title="bbox 2301 4473 3842 4547; baseline -0.001 -19"><span class='ocrx_word' id='word_1_781' title='bbox 2301 4473 2384 4529; x_wconf 86' lang='lat' dir='ltr'><strong>his</strong></span> <span class='ocrx_word' id='word_1_782' title='bbox 2414 4475 2503 4545; x_wconf 92' lang='lat' dir='ltr'><strong>qui</strong></span> <span class='ocrx_word' id='word_1_783' title='bbox 2527 4492 2558 4530; x_wconf 90' lang='lat' dir='ltr'><strong>e</strong></span> <span class='ocrx_word' id='word_1_784' title='bbox 2577 4475 2878 4547; x_wconf 88' lang='lat' dir='ltr'><strong>longinquis</strong></span> <span class='ocrx_word' id='word_1_785' title='bbox 2908 4478 3216 4547; x_wconf 89' lang='lat' dir='ltr'><strong>regionibus</strong></span> <span class='ocrx_word' id='word_1_786' title='bbox 3247 4481 3373 4536; x_wconf 93' lang='lat' dir='ltr'><strong>illuc</strong></span> <span class='ocrx_word' id='word_1_787' title='bbox 3410 4483 3690 4542; x_wconf 87' lang='lat' dir='ltr'><strong>ventitant,</strong></span> <span class='ocrx_word' id='word_1_788' title='bbox 3719 4474 3842 4543; x_wconf 86' lang='lat' dir='ltr'><strong>hujus</strong></span> 
     </span>
    </p>
   </div>
   <div class='ocr_carea' id='block_1_107' title="bbox 2299 4567 3840 4642">
    <p class='ocr_par' dir='ltr' id='par_1_107' title="bbox 2299 4567 3840 4642">
     <span class='ocr_line' id='line_1_107' title="bbox 2299 4567 3840 4642; baseline 0.001 -22"><span class='ocrx_word' id='word_1_789' title='bbox 2299 4567 2474 4622; x_wconf 74' lang='lat' dir='ltr'><strong>tetatis</strong></span> <span class='ocrx_word' id='word_1_790' title='bbox 2499 4583 2562 4624; x_wconf 92' lang='lat' dir='ltr'><strong>ac</strong></span> <span class='ocrx_word' id='word_1_791' title='bbox 2588 4578 2887 4639; x_wconf 90' lang='lat' dir='ltr'><strong>temporum</strong></span> <span class='ocrx_word' id='word_1_792' title='bbox 2916 4569 3216 4627; x_wconf 89' lang='lat' dir='ltr'><strong>futurorum</strong></span> <span class='ocrx_word' id='word_1_793' title='bbox 3261 4573 3564 4630; x_wconf 90' lang='lat' dir='ltr'><strong>hominibus</strong></span> <span class='ocrx_word' id='word_1_794' title='bbox 3591 4575 3694 4642; x_wconf 87' lang='lat' dir='ltr'><strong>ipso</strong></span> <span class='ocrx_word' id='word_1_795' title='bbox 3717 4581 3840 4635; x_wconf 66' lang='lat' dir='ltr'><strong>aspr-</strong></span> 
     </span>
    </p>
   </div>
   <div class='ocr_carea' id='block_1_108' title="bbox 2298 4660 3836 4736">
    <p class='ocr_par' dir='ltr' id='par_1_108' title="bbox 2298 4660 3836 4736">
     <span class='ocr_line' id='line_1_108' title="bbox 2298 4660 3836 4736; baseline 0.005 -22"><span class='ocrx_word' id='word_1_796' title='bbox 2298 4669 2389 4715; x_wconf 91' lang='lat' dir='ltr'><strong>ctu</strong></span> <span class='ocrx_word' id='word_1_797' title='bbox 2417 4671 2609 4716; x_wconf 88' lang='lat' dir='ltr'><strong>cuncta</strong></span> <span class='ocrx_word' id='word_1_798' title='bbox 2635 4671 2889 4726; x_wconf 90' lang='lat' dir='ltr'><strong>narrant,</strong></span> <span class='ocrx_word' id='word_1_799' title='bbox 2931 4663 3127 4718; x_wconf 90' lang='lat' dir='ltr'><strong>luetam</strong></span> <span class='ocrx_word' id='word_1_800' title='bbox 3148 4706 3164 4732; x_wconf 95' lang='lat'><strong>,</strong></span> <span class='ocrx_word' id='word_1_801' title='bbox 3197 4681 3574 4736; x_wconf 87' lang='lat' dir='ltr'><strong>congressum,</strong></span> <span class='ocrx_word' id='word_1_802' title='bbox 3606 4660 3836 4717; x_wconf 75' lang='lat' dir='ltr'><strong>victoriam</strong></span> 
     </span>
    </p>
   </div>
   <div class='ocr_carea' id='block_1_109' title="bbox 2299 4753 3834 4826">
    <p class='ocr_par' dir='ltr' id='par_1_109' title="bbox 2299 4753 3834 4826">
     <span class='ocr_line' id='line_1_109' title="bbox 2299 4753 3834 4826; baseline 0.003 -20"><span class='ocrx_word' id='word_1_803' title='bbox 2299 4754 2566 4824; x_wconf 89' lang='lat' dir='ltr'><strong>martyris.</strong></span> <span class='ocrx_word' id='word_1_804' title='bbox 2590 4753 2722 4808; x_wconf 90' lang='lat' dir='ltr'><strong>Nam</strong></span> <span class='ocrx_word' id='word_1_805' title='bbox 2747 4755 2836 4824; x_wconf 92' lang='lat' dir='ltr'><strong>qui</strong></span> <span class='ocrx_word' id='word_1_806' title='bbox 2869 4755 3026 4826; x_wconf 90' lang='lat' dir='ltr'><strong>longe</strong></span> <span class='ocrx_word' id='word_1_807' title='bbox 3053 4757 3271 4812; x_wconf 91' lang='lat' dir='ltr'><strong>dissitus</strong></span> <span class='ocrx_word' id='word_1_808' title='bbox 3291 4767 3373 4812; x_wconf 83' lang='lat' dir='ltr'><strong>est</strong></span> <span class='ocrx_word' id='word_1_809' title='bbox 3400 4775 3430 4812; x_wconf 91' lang='lat' dir='ltr'><strong>a</strong></span> <span class='ocrx_word' id='word_1_810' title='bbox 3453 4757 3688 4813; x_wconf 88' lang='lat' dir='ltr'><strong>suburbio</strong></span> <span class='ocrx_word' id='word_1_811' title='bbox 3706 4794 3718 4818; x_wconf 90' lang='lat'><strong>,</strong></span> <span class='ocrx_word' id='word_1_812' title='bbox 3741 4763 3834 4804; x_wconf 77' lang='lat' dir='ltr'><strong>cum</strong></span> 
     </span>
    </p>
   </div>
   <div class='ocr_carea' id='block_1_110' title="bbox 2297 4844 3833 4917">
    <p class='ocr_par' dir='ltr' id='par_1_110' title="bbox 2297 4844 3833 4917">
     <span class='ocr_line' id='line_1_110' title="bbox 2297 4844 3833 4917; baseline -0.006 -20"><span class='ocrx_word' id='word_1_813' title='bbox 2297 4845 2618 4916; x_wconf 88' lang='lat' dir='ltr'><strong>martyrium</strong></span> <span class='ocrx_word' id='word_1_814' title='bbox 2640 4844 2854 4914; x_wconf 90' lang='lat' dir='ltr'><strong>quidem</strong></span> <span class='ocrx_word' id='word_1_815' title='bbox 2881 4845 3054 4902; x_wconf 89' lang='lat' dir='ltr'><strong>loculo</strong></span> <span class='ocrx_word' id='word_1_816' title='bbox 3078 4847 3409 4914; x_wconf 89' lang='lat' dir='ltr'><strong>destitutum,</strong></span> <span class='ocrx_word' id='word_1_817' title='bbox 3428 4847 3666 4917; x_wconf 87' lang='lat' dir='ltr'><strong>templum</strong></span> <span class='ocrx_word' id='word_1_818' title='bbox 3691 4851 3833 4894; x_wconf 87' lang='lat' dir='ltr'><strong>autem</strong></span> 
     </span>
    </p>
   </div>
   <div class='ocr_carea' id='block_1_111' title="bbox 2297 4932 3830 5010">
    <p class='ocr_par' dir='ltr' id='par_1_111' title="bbox 2297 4932 3830 5010">
     <span class='ocr_line' id='line_1_111' title="bbox 2297 4932 3830 5010; baseline -0.007 -19"><span class='ocrx_word' id='word_1_819' title='bbox 2297 4937 2558 5006; x_wconf 86' lang='lat' dir='ltr'><strong>Apollinis</strong></span> <span class='ocrx_word' id='word_1_820' title='bbox 2574 4948 2714 4993; x_wconf 89' lang='lat' dir='ltr'><strong>tecto</strong></span> <span class='ocrx_word' id='word_1_821' title='bbox 2736 4938 2996 5008; x_wconf 88' lang='lat' dir='ltr'><strong>privatum</strong></span> <span class='ocrx_word' id='word_1_822' title='bbox 3020 4941 3237 4996; x_wconf 91' lang='lat' dir='ltr'><strong>intuitus</strong></span> <span class='ocrx_word' id='word_1_823' title='bbox 3262 4939 3435 5010; x_wconf 89' lang='lat' dir='ltr'><strong>fuerit,</strong></span> <span class='ocrx_word' id='word_1_824' title='bbox 3459 4941 3651 4994; x_wconf 87' lang='lat' dir='ltr'><strong>thorum</strong></span> <span class='ocrx_word' id='word_1_825' title='bbox 3673 4932 3830 4988; x_wconf 82' lang='lat' dir='ltr'><strong>utrius-</strong></span> 
     </span>
    </p>
   </div>
   <div class='ocr_carea' id='block_1_112' title="bbox 2299 5019 3830 5101">
    <p class='ocr_par' dir='ltr' id='par_1_112' title="bbox 2299 5019 3830 5101">
     <span class='ocr_line' id='line_1_112' title="bbox 2299 5019 3830 5101; baseline -0.002 -21"><span class='ocrx_word' id='word_1_826' title='bbox 2299 5043 2404 5097; x_wconf 95' lang='lat' dir='ltr'><strong>qne</strong></span> <span class='ocrx_word' id='word_1_827' title='bbox 2431 5043 2646 5083; x_wconf 88' lang='lat' dir='ltr'><strong>causam</strong></span> <span class='ocrx_word' id='word_1_828' title='bbox 2683 5029 2971 5084; x_wconf 89' lang='lat' dir='ltr'><strong>verisimile</strong></span> <span class='ocrx_word' id='word_1_829' title='bbox 3004 5040 3086 5084; x_wconf 90' lang='lat' dir='ltr'><strong>est</strong></span> <span class='ocrx_word' id='word_1_830' title='bbox 3122 5031 3499 5101; x_wconf 82' lang='lat' dir='ltr'><strong>quaesiturum;</strong></span> <span class='ocrx_word' id='word_1_831' title='bbox 3529 5040 3731 5096; x_wconf 87' lang='lat' dir='ltr'><strong>cumque</strong></span> <span class='ocrx_word' id='word_1_832' title='bbox 3755 5019 3830 5073; x_wconf 83' lang='lat' dir='ltr'><strong>dc-</strong></span> 
     </span>
    </p>
   </div>
   <div class='ocr_carea' id='block_1_113' title="bbox 2294 5119 3819 5189">
    <p class='ocr_par' dir='ltr' id='par_1_113' title="bbox 2294 5119 3819 5189">
     <span class='ocr_line' id='line_1_113' title="bbox 2294 5119 3819 5189; baseline -0.008 -15"><span class='ocrx_word' id='word_1_833' title='bbox 2294 5119 2417 5175; x_wconf 91' lang='lat' dir='ltr'><strong>inde</strong></span> <span class='ocrx_word' id='word_1_834' title='bbox 2439 5129 2601 5175; x_wconf 88' lang='lat' dir='ltr'><strong>totam</strong></span> <span class='ocrx_word' id='word_1_835' title='bbox 2634 5121 2910 5178; x_wconf 88' lang='lat' dir='ltr'><strong>historiam</strong></span> <span class='ocrx_word' id='word_1_836' title='bbox 2938 5122 3202 5189; x_wconf 90' lang='lat' dir='ltr'><strong>didicerit,</strong></span> <span class='ocrx_word' id='word_1_837' title='bbox 3233 5123 3312 5178; x_wconf 91' lang='lat' dir='ltr'><strong>sic</strong></span> <span class='ocrx_word' id='word_1_838' title='bbox 3341 5125 3463 5179; x_wconf 90' lang='lat' dir='ltr'><strong>inde</strong></span> <span class='ocrx_word' id='word_1_839' title='bbox 3488 5123 3819 5177; x_wconf 87' lang='lat' dir='ltr'><strong>discessurum.</strong></span> 
     </span>
    </p>
   </div>
   <div class='ocr_carea' id='block_1_114' title="bbox 2295 5202 3827 5286">
    <p class='ocr_par' dir='ltr' id='par_1_114' title="bbox 2295 5202 3827 5286">
     <span class='ocr_line' id='line_1_114' title="bbox 2295 5202 3827 5286; baseline -0.009 -20"><span class='ocrx_word' id='word_1_840' title='bbox 2295 5211 2570 5282; x_wconf 87' lang='lat' dir='ltr'><strong>Ejusmodi</strong></span> <span class='ocrx_word' id='word_1_841' title='bbox 2593 5222 2716 5268; x_wconf 91' lang='lat' dir='ltr'><strong>sunt</strong></span> <span class='ocrx_word' id='word_1_842' title='bbox 2737 5215 2991 5283; x_wconf 69' lang='lat' dir='ltr'><strong>prmclara</strong></span> <span class='ocrx_word' id='word_1_843' title='bbox 3015 5216 3264 5286; x_wconf 88' lang='lat' dir='ltr'><strong>martyris</strong></span> <span class='ocrx_word' id='word_1_844' title='bbox 3293 5227 3411 5285; x_wconf 92' lang='lat' dir='ltr'><strong>post</strong></span> <span class='ocrx_word' id='word_1_845' title='bbox 3438 5215 3628 5269; x_wconf 90' lang='lat' dir='ltr'><strong>obitum</strong></span> <span class='ocrx_word' id='word_1_846' title='bbox 3647 5209 3746 5278; x_wconf 89' lang='lat' dir='ltr'><strong>ejus</strong></span> <span class='ocrx_word' id='word_1_847' title='bbox 3769 5202 3827 5254; x_wconf 54' lang='lat' dir='ltr'><strong>fac</strong></span> 
     </span>
    </p>
   </div>
   <div class='ocr_carea' id='block_1_115' title="bbox 2293 5303 3820 5377">
    <p class='ocr_par' dir='ltr' id='par_1_115' title="bbox 2293 5303 3820 5377">
     <span class='ocr_line' id='line_1_115' title="bbox 2293 5303 3820 5377; baseline -0.01 -19"><span class='ocrx_word' id='word_1_848' title='bbox 2293 5304 2495 5358; x_wconf 87' lang='lat' dir='ltr'><strong>ciuora.</strong></span> <span class='ocrx_word' id='word_1_849' title='bbox 2526 5305 2880 5372; x_wconf 84' lang='lat' dir='ltr'><strong>Quamobrem</strong></span> <span class='ocrx_word' id='word_1_850' title='bbox 2911 5317 3140 5360; x_wconf 83' lang='lat' dir='ltr'><strong>vestram</strong></span> <span class='ocrx_word' id='word_1_851' title='bbox 3164 5323 3372 5377; x_wconf 86' lang='lat' dir='ltr'><strong>quoque</strong></span> <span class='ocrx_word' id='word_1_852' title='bbox 3392 5307 3544 5361; x_wconf 80' lang='lat' dir='ltr'><strong>laudo</strong></span> <span class='ocrx_word' id='word_1_853' title='bbox 3567 5303 3820 5358; x_wconf 75' lang='lat' dir='ltr'><strong>civitatem.</strong></span> 
     </span>
    </p>
   </div>
   <div class='ocr_carea' id='block_1_116' title="bbox 2292 5385 3820 5465">
    <p class='ocr_par' dir='ltr' id='par_1_116' title="bbox 2292 5385 3820 5465">
     <span class='ocr_line' id='line_1_116' title="bbox 2292 5385 3820 5465; baseline -0.01 -15"><span class='ocrx_word' id='word_1_854' title='bbox 2292 5395 2430 5465; x_wconf 90' lang='lat' dir='ltr'><strong>quod</strong></span> <span class='ocrx_word' id='word_1_855' title='bbox 2459 5399 2679 5452; x_wconf 89' lang='lat' dir='ltr'><strong>multum</strong></span> <span class='ocrx_word' id='word_1_856' title='bbox 2701 5413 2824 5465; x_wconf 85' lang='lat' dir='ltr'><strong>erga</strong></span> <span class='ocrx_word' id='word_1_857' title='bbox 2852 5407 3092 5451; x_wconf 88' lang='lat' dir='ltr'><strong>sanctum</strong></span> <span class='ocrx_word' id='word_1_858' title='bbox 3127 5399 3284 5452; x_wconf 91' lang='lat' dir='ltr'><strong>istum</strong></span> <span class='ocrx_word' id='word_1_859' title='bbox 3311 5400 3536 5452; x_wconf 92' lang='lat' dir='ltr'><strong>studium</strong></span> <span class='ocrx_word' id='word_1_860' title='bbox 3563 5385 3820 5450; x_wconf 80' lang='lat' dir='ltr'><strong>exhibueri-</strong></span> 
     </span>
    </p>
   </div>
   <div class='ocr_carea' id='block_1_117' title="bbox 2293 5487 3817 5557">
    <p class='ocr_par' dir='ltr' id='par_1_117' title="bbox 2293 5487 3817 5557">
     <span class='ocr_line' id='line_1_117' title="bbox 2293 5487 3817 5557; baseline -0.009 -17"><span class='ocrx_word' id='word_1_861' title='bbox 2293 5490 2380 5544; x_wconf 89' lang='lat' dir='ltr'><strong>tis.</strong></span> <span class='ocrx_word' id='word_1_862' title='bbox 2411 5487 2539 5541; x_wconf 63' lang='lat' dir='ltr'><strong>Nam</strong></span> <span class='ocrx_word' id='word_1_863' title='bbox 2569 5503 2675 5556; x_wconf 92' lang='lat' dir='ltr'><strong>quo</strong></span> <span class='ocrx_word' id='word_1_864' title='bbox 2702 5499 2941 5557; x_wconf 89' lang='lat' dir='ltr'><strong>tempore</strong></span> <span class='ocrx_word' id='word_1_865' title='bbox 2971 5487 3189 5557; x_wconf 87' lang='lat' dir='ltr'><strong>Daphne</strong></span> <span class='ocrx_word' id='word_1_866' title='bbox 3217 5489 3599 5547; x_wconf 86' lang='lat' dir='ltr'><strong>revertebatur,</strong></span> <span class='ocrx_word' id='word_1_867' title='bbox 3631 5492 3720 5535; x_wconf 79' lang='lat' dir='ltr'><strong>tata</strong></span> <span class='ocrx_word' id='word_1_868' title='bbox 3743 5489 3817 5527; x_wconf 84' lang='lat' dir='ltr'><strong>no-</strong></span> 
     </span>
    </p>
   </div>
   <div class='ocr_carea' id='block_1_118' title="bbox 2292 5569 3814 5645">
    <p class='ocr_par' dir='ltr' id='par_1_118' title="bbox 2292 5569 3814 5645">
     <span class='ocr_line' id='line_1_118' title="bbox 2292 5569 3814 5645; baseline -0.008 -13"><span class='ocrx_word' id='word_1_869' title='bbox 2292 5579 2374 5635; x_wconf 90' lang='lat' dir='ltr'><strong>bis</strong></span> <span class='ocrx_word' id='word_1_870' title='bbox 2403 5579 2589 5634; x_wconf 84' lang='lat' dir='ltr'><strong>civitas</strong></span> <span class='ocrx_word' id='word_1_871' title='bbox 2607 5581 2656 5633; x_wconf 93' lang='lat' dir='ltr'><strong>in</strong></span> <span class='ocrx_word' id='word_1_872' title='bbox 2679 5581 2818 5635; x_wconf 88' lang='lat' dir='ltr'><strong>viam</strong></span> <span class='ocrx_word' id='word_1_873' title='bbox 2845 5579 3009 5634; x_wconf 74' lang='lat' dir='ltr'><strong>effusa</strong></span> <span class='ocrx_word' id='word_1_874' title='bbox 3037 5590 3140 5645; x_wconf 80' lang='lat' dir='ltr'><strong>est;</strong></span> <span class='ocrx_word' id='word_1_875' title='bbox 3163 5597 3322 5636; x_wconf 87' lang='lat' dir='ltr'><strong>vacua</strong></span> <span class='ocrx_word' id='word_1_876' title='bbox 3348 5580 3555 5636; x_wconf 89' lang='lat' dir='ltr'><strong>fuerunt</strong></span> <span class='ocrx_word' id='word_1_877' title='bbox 3579 5576 3688 5629; x_wconf 77' lang='lat' dir='ltr'><strong>viris</strong></span> <span class='ocrx_word' id='word_1_878' title='bbox 3709 5569 3814 5623; x_wconf 79' lang='lat' dir='ltr'><strong>fora.</strong></span> 
     </span>
    </p>
   </div>
   <div class='ocr_carea' id='block_1_119' title="bbox 2291 5658 3814 5743">
    <p class='ocr_par' dir='ltr' id='par_1_119' title="bbox 2291 5658 3814 5743">
     <span class='ocr_line' id='line_1_119' title="bbox 2291 5658 3814 5743; baseline -0.008 -16"><span class='ocrx_word' id='word_1_879' title='bbox 2291 5688 2470 5728; x_wconf 74' lang='lat' dir='ltr'><strong>vacua:</strong></span> <span class='ocrx_word' id='word_1_880' title='bbox 2497 5673 2705 5728; x_wconf 88' lang='lat' dir='ltr'><strong>feminis</strong></span> <span class='ocrx_word' id='word_1_881' title='bbox 2729 5673 2900 5738; x_wconf 74' lang='lat' dir='ltr'><strong>aedes,</strong></span> <span class='ocrx_word' id='word_1_882' title='bbox 2929 5672 3124 5727; x_wconf 90' lang='lat' dir='ltr'><strong>deserti</strong></span> <span class='ocrx_word' id='word_1_883' title='bbox 3154 5689 3184 5728; x_wconf 88' lang='lat' dir='ltr'><strong>a</strong></span> <span class='ocrx_word' id='word_1_884' title='bbox 3213 5675 3500 5743; x_wconf 81' lang='lat' dir='ltr'><strong>virginibus</strong></span> <span class='ocrx_word' id='word_1_885' title='bbox 3521 5658 3814 5724; x_wconf 60' lang='lat' dir='ltr'><strong>thalamizsic</strong></span> 
     </span>
    </p>
   </div>
   <div class='ocr_carea' id='block_1_120' title="bbox 2357 5787 3553 5853">
    <p class='ocr_par' dir='ltr' id='par_1_120' title="bbox 2357 5787 3553 5853">
     <span class='ocr_line' id='line_1_120' title="bbox 2357 5787 3553 5853; baseline 0.008 -20"><span class='ocrx_word' id='word_1_886' title='bbox 2357 5787 2428 5848; x_wconf 73' lang='grc' dir='ltr'><strong>(τι)</strong></span> <span class='ocrx_word' id='word_1_887' title='bbox 2463 5789 2731 5850; x_wconf 74' lang='lat' dir='ltr'><strong>uartyrium</strong></span> <span class='ocrx_word' id='word_1_888' title='bbox 2751 5791 2972 5853; x_wconf 78' lang='lat' dir='ltr'><strong>martyris</strong></span> <span class='ocrx_word' id='word_1_889' title='bbox 2996 5798 3072 5842; x_wconf 82' lang='lat' dir='ltr'><strong>est</strong></span> <span class='ocrx_word' id='word_1_890' title='bbox 3097 5791 3301 5844; x_wconf 81' lang='lat' dir='ltr'><strong>ecclesia</strong></span> <span class='ocrx_word' id='word_1_891' title='bbox 3323 5792 3553 5853; x_wconf 82' lang='lat' dir='ltr'><strong>martyris.</strong></span> 
     </span>
    </p>
   </div>
  </div>
