4032 6442
123 440 217 497 55!

1184 449 1269 504 DE
1301 454 1358 508 S.
1400 451 1953 511 IIIEROMARTYRE
1991 458 2277 517 BABYLA.

117 553 254 608 λεων
283 533 624 623 ἀνατροπαὶ,
659 554 761 609 καὶ
776 552 926 624 λιμὸς
964 554 1228 633 ἁπάντων.
1251 557 1427 630 λιμῶν
1456 564 1485 615 6
1517 565 1709 636 πικρό-

3288 469 3392 528 53’}

1818 567 2046 640 πλησίον
2070 573 2243 628 ὀστῶν
2272 575 2518 647 εἱστήκει
2540 574 2772 649 νεκρῶν,
2801 577 2917 632 ἀλλ’
2956 578 3115 634 αὑτὸν
3149 581 3268 637 ὅλον
3303 601 3390 637 νεα

119 668 301 714 τατος.
334 650 492 703 Ἴστε
513 650 617 723 γὰρ
646 650 817 722 δήπου
849 651 942 705 καὶ
974 652 1278 724 μέμνησθε,
1312 656 1427 719 πῶς
1458 658 1587 730 κενὴ
1606 659 1711 731 μὲν
1818 665 1949 737 κρὸν
1999 669 2389 742 ἐπιφερόμενος
2430 672 2523 726 τὸν
2581 674 2801 746 Ἰωσὴφ,
2844 675 2988 730 οὕτω
3016 677 3085 731 τά
3131 679 3391 750 μέλλοντα

120 745 182 819 ἦν
201 748 387 801 ὠνίων
417 751 454 819 ἡ
484 742 677 819 ἀγορὰ,
700 748 873 818 μεστά
892 749 950 803 δέ
972 749 1221 820 θορύϐων
1248 751 1316 806 τὰ
1349 754 1706 826 ἐργαστήρια,

120 845 369 898 ἑκάστου.
403 843 841 914 φιλονεικοῦντος
872 844 934 898 τὸ
976 846 1145 915 φανὲν
1191 851 1565 920 προαρπάσαι,
1615 851 1708 904 καὶ

122 938 400 995 ἀπελθεῖν.
441 940 555 992 Καὶ
583 939 636 993 τί
660 938 802 1008 λέγω
824 940 1005 1011 λιμὸν,
1040 941 1174 995 ὅπου
1208 958 1273 1011 γε
1296 946 1389 997 καὶ
1417 945 1578 997 αὐταὶ
1598 945 1709 998 τῶν

122 1036 329 1089 ῦδάτων
370 1035 795 1107 ἐπιλειπόμεναι
817 1039 871 1090 αἱ
903 1038 1099 1107 πηγαὶ,
1126 1039 1302 1110 πηγαὶ
1332 1041 1611 1111 ποταμοὺς
1638 1042 1704 1112 τῇ

122 1132 369 1203 δαψιλείᾳ
395 1131 498 1185 τοῦ
530 1133 801 1204 ῥεύματος
824 1134 1279 1205 ἀποκρύπτουσαι
1296 1151 1330 1202 ;.
1355 1135 1497 1188 Ἀλλ’
1518 1136 1706 1207 ἐπειδὴ

122 1228 307 1299 πηγῶν
328 1228 638 1301 ἐμνήσθην,
670 1228 830 1301 δεῦρο
860 1229 1045 1284 λοιπὸν
1077 1231 1169 1285 ἐπὶ
1194 1231 1294 1303 τὴν
1315 1232 1533 1302 Δάφνην
1554 1230 1706 1284 ἀνέλ-

125 1317 318 1388 Θωμεν,
356 1317 456 1370 καὶ
491 1316 584 1370 τὸν
608 1316 765 1386 λόγον
804 1318 940 1399 πρὸς
971 1319 1042 1373 τά
1078 1318 1172 1374 τοῦ
1204 1319 1481 1392 μάρτυρος
1510 1336 1706 1388 κατορ-

124 1403 344 1472 θώματα
407 1403 817 1476 συνελάσωμεν.
876 1405 1072 1460 Καίτοι
1123 1423 1187 1475 γε
1240 1407 1557 1477 ἐπιθυμεῖτε
1604 1407 1704 1471 τάς

134 1490 449 1560 Ἑλληνικὰς
465 1490 840 1561 ἐκπομπεύειν
864 1491 1003 1562 ἀσχη
1013 1491 1249 1561 μοσύνας
1264 1492 1374 1547 ἐτιιο
1393 1493 1508 1548 ἀλλ’
1530 1494 1701 1565 ὅμως,

128 1580 208 1630 καὶ
232 1577 407 1642 οὕτως
433 1578 602 1642 αὐτὸς
629 1578 726 1643 ὢν,
758 1579 1063 1650 ἀπάγωμεν
1088 1592 1115 1620 ιι
1134 1597 1148 1613 ·
1173 1580 1392 1645 πάντως
1407 1580 1536 1652 γὰρ,
1567 1582 1701 1635 ὅπου

131 1665 410 1736 μαρτύρων
448 1668 664 1737 μνήμη,
704 1668 823 1721 ἐκεῖ
850 1669 944 1722 καὶ
989 1668 1259 1739 Ἐλλήνων
1298 1669 1550 1740 αἰσχύνη.
1599 1664 1702 1723 Οὗ-

127 1771 205 1816 τος
230 1753 411 1807 τοίνυν
442 1756 477 1807 ὁ
503 1752 761 1823 βασιλεὺς
783 1753 949 1808 ἀνιὼν
980 1757 1061 1819 είς
1081 1755 1182 1826 τὴν
1212 1754 1453 1826 Δάφνην,
1492 1753 1703 1826 συχνῶς

127 1844 338 1915 ἠνώχλει
370 1842 468 1897 τὸν
518 1843 829 1897 Ἀπόλλωνα
858 1844 1137 1915 δεόμενος,
1165 1843 1444 1908 ἱκετεύων,
1482 1846 1699 1900 ἀντιϐο-

128 1931 242 1995 λῶν,
288 1931 439 1985 ὥστε
490 1930 909 2001 μαντεύσασθαίλ
947 1948 998 1984 τι
1044 1930 1174 2003 περὶ
1229 1930 1341 1985 τῶν
1398 1930 1700 2001 μελλόντων

127 2019 278 2089 αύτῴι
311 2015 508 2075 Τί¹οῦν
538 2020 566 2072 6
598 2019 808 2090 μάντις,
843 2021 872 2073 6
906 2021 1080 2091 μέγας
1105 2020 1218 2074 τῶν
1254 2020 1522 2092 Ἑλλήνων
1546 2022 1696 2086 θεόςς

130 2105 309 2178 Νεκροί
348 2124 417 2178 με
449 2105 726 2160 κωλύουσι
752 2107 1109 2176 φθέγγεσθαι,
1145 2108 1343 2179 φησίν·
1377 2109 1513 2162 ἀλλά
1533 2109 1700 2181 ἀνάῤ-

128 2193 273 2262 ρηξον
298 2194 398 2258 τάς
418 2194 621 2266 θήκας,
646 2193 903 2265 ἀνόρυξον
923 2193 991 2248 τά
1020 2194 1174 2259 ὀστᾶ,
1206 2196 1547 2266 μετάστησον
1571 2198 1699 2261 τοὺς

130 2281 357 2352 νεκρούς.
390 2281 458 2335 Τί
497 2282 706 2341 τούτων
737 2281 1094 2353 ἀνοσιώτερον
1125 2282 1323 2352 γένοιτ’
1352 2283 1419 2338 ἂν
1446 2283 1557 2337 τῶν
1579 2285 1699 2338 ἐπι-

129 2368 442 2438 ταγμάτων;
484 2365 687 2428 Ξένους
721 2369 750 2420 6
787 2367 998 2438 δαίμων
1049 2370 1442 2441 τυμϐωρυχίας
1486 2371 1697 2441 εἰσάγει

132 2456 329 2524 νόμους,
389 2456 490 2510 καὶ
537 2456 759 2519 καινοὺς
810 2453 1133 2526 ξενηλασίας
1191 2458 1399 2512 ἐπινοεῖ
1438 2459 1693 2531 τρόπους.

131 2543 212 2605 τίς
237 2542 434 2612 ἢκουσε
460 2543 700 2613 νεκροὺς
722 2542 1111 2615 ἐλαυνομένους
1132 2544 1308 2613 ποτέ;
1336 2544 1419 2608 τίς
1451 2541 1558 2599 εἶδε
1590 2544 1699 2599 σώ-

134 2647 261 2697 ματα
303 2631 492 2701 ἀψυχα
556 2630 890 2702 κελευόμενα
951 2632 1393 2702 μετανίστασθαι,
1444 2633 1698 2707 καθάπερ

130 2712 264 2781 οὖτος
291 2720 595 2783 ἐπέταττε,
616 2719 980 2783 τοὺςκοινοὺς
1019 2719 1120 2790 τῆς
1150 2720 1364 2792 φύσεως
1388 2724 1451 2775 ἐκ
1478 2721 1695 2795 βάθρων

131 2806 426 2877 ἀνατρέπων
459 2806 703 2876 νόμους;
743 2806 933 2860 Κοινοὶ
952 2807 1063 2879 γάρ
1099 2809 1207 2861 εἰσι
1234 2808 1333 2879 τῆς
1373 2808 1589 2878 φύσεως
1617 2811 1715 2864 νέα--

137 2909 211 2963 μοι
250 2894 396 2965 παρὰ
447 2895 625 2947 πᾶσιν
661 2893 995 2965 ἀνθρώποις,
1045 2892 1132 2948 τὸν
1178 2895 1485 2950 ἀπελθόντα
1511 2900 1576 2968 τῇ
1624 2902 1695 2971 γῇ

134 2980 469 3048 κρύπτεσθαι,
499 2981 599 3035 καὶ
625 2984 771 3053 ταφῇ
792 2982 1201 3053 παραδίδοσθαι,
1229 2984 1453 3049 καὶτοῖς
1473 2985 1697 3050 κόλποις

133 3067 218 3136 τῆς
246 3069 455 3125 πάντων
480 3070 698 3144 μητρὸς
717 3069 1170 3142 περιστέλλεσθαι
1199 3073 1323 3144 γῆς.
1350 3073 1695 3139 Καὶτούτους

133 3155 216 3225 οὐχ
264 3156 480 3229 Ἕλλην,
537 3158 597 3211 ού
647 3157 944 3232 βάρϐαρος,
994 3159 1055 3237 ού
1105 3159 1341 3232 Σκύθης,
1381 3162 1482 3215 οὐκ
1525 3162 1580 3216 ετ
1610 3180 1697 3227 τις

136 3244 331 3297 ἐκείνων
357 3244 704 3318 ἀγριώτερος
744 3246 966 3317 ἐκίνησε
994 3247 1122 3311 τοὺς
1155 3247 1360 3318 νόμους
1397 3249 1552 3327 ποτὲ,
1580 3250 1694 3303 ἀλλ’

135 3330 398 3399 αἰδοῦνται,
430 3333 541 3388 καὶ
562 3333 927 3403 φυλάττουσιν
954 3334 1215 3398 ἅπαντες,
1240 3334 1332 3388 καὶ
1355 3332 1530 3399 οὕτως
1554 3338 1694 3391 εἰσὶν

138 3417 271 3488 ἱεροὶ,
308 3421 398 3474 καὶ
434 3422 610 3475 πᾶσιν
649 3421 945 3493 αίδέσιμοι.
986 3421 1128 3475 Ἀλλ’
1162 3425 1191 3476 6
1236 3421 1446 3494 δαίμων
1478 3424 1694 3497 ἐπάρας

135 3502 183 3554 τὸ
205 3510 557 3575 προσωπεῖον,
586 3511 767 3579 γυμνῇ
799 3511 867 3581 τῇ
900 3509 1109 3581 κεφαλῇ
1141 3509 1278 3579 πρὸς
1307 3511 1374 3564 τὰ
1408 3511 1563 3566 νοινά
1593 3513 1695 3583 τῆς

136 3589 323 3656 φύσεως
350 3595 573 3648 ἵσταται
599 3595 868 3666 δόγματα·
899 3596 1129 3668 Μίασμα
1158 3596 1291 3667 γὰρ,
1322 3599 1511 3669 φησὶν,
1553 3602 1692 3655 εἰσὶν

136 3678 173 3763 οἱ
200 3682 386 3752 νεκροί.
416 3685 537 3754 Οὐχ
567 3684 617 3735 οἱ
646 3684 835 3755 νεκροὶ
878 3684 1114 3757 μίασμα,
1165 3688 1506 3759 πονηρότατε
1536 3687 1691 3763 [εει]

138 3762 317 3836 δαῖμον,
348 3770 484 3823 ἀλλὰ
519 3771 844 3842 προαίρεσις
890 3772 1105 3843 πονηρά
1140 3771 1310 3843 μύσος
1339 3775 1509 3830 ἐστίν.
1543 3775 1606 3829 EE
1635 3762 1694 3831 δέ

139 3854 224 3923 χρή
243 3872 292 3908 τι
319 3859 411 3912 καὶ
438 3859 762 3928 θαυμαστὸν
784 3861 980 3927 εἰπεῖν,
1006 3861 1076 3914 τά
1104 3862 1211 3915 τῶν
1238 3862 1457 3928 ζώντων
1492 3865 1693 3935 μᾶλλον

141 3942 285 4006 μεπά
300 3946 519 4011 κακίας,
541 3945 575 4016 ἢ
594 3945 665 3999 τὰ
684 3946 793 4000 τῶν
812 3947 1300 4020 τετελευτηκότων,
1324 3952 1432 4005 είσὶ
1460 3952 1691 4025 σώματα

144 4031 315 4101 μιαρά·
347 4034 415 4088 τά
446 4036 552 4106 μὲν
578 4035 688 4107 γὰρ
716 4035 1046 4091 διακονεῖται
1071 4040 1183 4101 τοῖς
1219 4040 1320 4110 τῆς
1344 4039 1526 4112 ψυχῆς
1570 4045 1691 4098 ἐπι-

143 4114 348 4200 τάγμασι
364 4138 377 4150 ο
409 4125 478 4176 τὰ
509 4122 569 4175 δέ
594 4126 805 4177 κεῖνται
824 4124 1074 4196 οάκίνητα
1095 4142 1108 4154 ο
1146 4127 1208 4180 τὸ
1233 4127 1290 4181 δέ
1318 4128 1573 4200 ἀκίνητον
1598 4133 1691 4186 καὶ

142 4198 292 4276 πάσης
312 4209 622 4282 αἰσθήσεως
648 4209 748 4282 ἕρη
758 4228 878 4281 μον,
896 4212 992 4266 καὶ
1018 4215 1353 4285 κατηγορίας
1384 4215 1450 4271 ἂν
1469 4198 1557 4288 εἴη
1581 4219 1688 4272 πάο

140 4304 222 4377 {Mc
239 4294 537 4370 ἐλεύθερον.
559 4298 704 4371 Πλὴν
727 4300 842 4354 ἀλλ’
867 4301 987 4354 ούδέ
1009 4301 1076 4355 τά
1101 4302 1211 4355 τῶν
1238 4301 1455 4367 ζώντων
1477 4304 1687 4377 εἴποιμι

139 4373 192 4430 ἂν
222 4378 381 4453 ἔγωγε
418 4386 653 4463 σώματα
676 4383 817 4441 εἶναι
846 4391 914 4459 τῇ
956 4389 1118 4458 φύσει
1154 4391 1347 4463 μιαρά,
1390 4391 1525 4446 ἀλλά
1554 4373 1689 4447 παν-

141 4467 276 4534 ταχοῦ
312 4471 406 4543 τὴν
444 4474 694 4546 πονηράν
729 4476 823 4529 καὶ
869 4476 1310 4549 διεστραμμένην
1366 4480 1689 4552 προαίρεσιν

141 4555 239 4616 ταῖς
259 4561 396 4629 παρά
421 4564 643 4618 πάντων
664 4563 1024 4636 κατηγορίαις
1046 4561 1184 4619 εἶναι
1211 4565 1534 4622 ὑπεύθυνον.

199 4642 298 4700 Ούκ
317 4647 428 4704 ἔστι
452 4652 617 4723 σῶμα
643 4652 836 4723 νεκρὸν
877 4652 1119 4723 μίασμα,
1152 4653 1439 4721 Ἄπολλον,
1466 4655 1603 4710 ἀλλά
1625 4656 1686 4710 τὸ

143 4728 282 4817 ξόρην
305 4734 516 4792 διώκειν
542 4741 842 4809 σωφρονεῖν
870 4739 1222 4812 βουλομένην,
1256 4743 1350 4795 καὶ
1385 4744 1688 4817 σεμνότητα

142 4807 400 4903 διορύττειν
430 4807 726 4897 παρθένου,
775 4807 880 4881 καὶ⁷
912 4827 1011 4898 τῆς
1034 4807 1393 4900 ἀναισχύντου
1430 4807 1685 4903 πράξεως

145 4897 444 4978 ἀποτυχόντα
470 4912 710 4983 θρηνεῖν,
739 4913 897 4968 τοῦτο
922 4897 1016 4970 καὶ
1038 4897 1377 4989 κατηγορίας
1405 4897 1501 4974 καλ⁹
1526 4897 1686 4976 κολά-

148 4997 258 5079 fit»;
275 4992 432 5057 ἄξιον.
458 4998 653 5052 Πολλοὶ
673 4999 806 5068 γοῦν
828 5002 956 5074 παρ’
980 5004 1114 5074 ἡμῖν
1134 5004 1384 5073 ἐγένοντο
1408 5008 1684 5079 προφῆται

147 5066 414 5143 θαυμαστοὶ
442 5088 537 5140 καὶ
561 5066 807 5157 μεγάλοι,
836 5066 932 5143 καὶ
963 5066 1134 5145 πόλλά
1162 5066 1292 5164 περὶ
1319 5094 1429 5148 τῶν
1454 5066 1682 5165 μελλόν-

144 5170 234 5252 ξων
258 5171 618 5240 προειπόντες,
646 5175 741 5229 καὶ
767 5175 1007 5246 οὐδαμοῦ
1049 5179 1175 5244 τοὺς
1197 5180 1521 5252 ἐρωτῶντας
1560 5185 1684 5237 ἐκέ-

143 5237 273 5336 λευον
295 5253 359 5307 τά
393 5258 501 5319 τῶν
546 5237 1249 5336 ἀπελθόντων-ἀνορύττειν
1296 5267 1463 5323 ὀστᾶ-
1501 5237 1625 5324 ἀλλ’
1653 5274 1682 5326 6

145 5329 230 5426 μξν
273 5337 517 5418 ’ίεζεκιὴλ
547 5351 730 5405 αὐτῶν
764 5350 873 5405 τῶν
898 5329 1081 5407 ὀστῶν
1108 5355 1337 5426 πλησίον
1377 5358 1571 5426 ἐστὼς,
1618 5362 1678 5414 ού

146 5416 447 5521 ξένον-οὐδὲν
473 5416 810 5501 ἐνεποδίζετο
836 5441 965 5511 παρ’
993 5416 1242 5509 ἐκείνων,
1258 5444 1396 5499 ἀλλά
1427 5416 1680 5521 καὶνσάρ-

252 5512 420 5610 αὐτοῖς
445 5523 538 5575 καὶ
561 5524 729 5597 νεῦρα
745 5526 842 5580 καὶ⁹
862 5527 1109 5599 δέρματα
1131 5531 1400 5603 περιθεὶς,
1426 5536 1507 5600 εἰς
1531 5512 1677 5610 ζωήν

1820 762 2089 833 προῦλεγε
2113 782 2125 797 ·
2177 768 2272 820 καὶ
2304 768 2449 839 μάλα
2486 770 2731 835 εἰκότως.
2766 773 2811 823 Τ
2815 772 2857 825 ἀ.
2895 777 2994 844 μὲν
3035 774 3137 846 γάρ
3168 778 3390 832 ἐκείνων

1815 857 2038 928 ,βήματα
2085 861 2400 934 Πνεύματος
2431 866 2589 934 ἁγίου
2619 866 2781 938 χάρις
2823 865 2922 940 ἦν’
2974 870 3042 924 τὰ
3077 872 3135 924 δέ
3184 872 3390 926 τούτων

1814 954 2022 1027 ἀπάτη,
2048 959 2141 1012 καὶ
2168 960 2365 1030 ψεῦδος
2394 963 2692 1043 ούδαμόθεν
2724 966 3119 1038 συσκιασθῆναι
3157 969 3387 1041 δυνάμε-

1811 1068 1922 1105 νον.
1960 1052 2082 1108 ’Ότι
2115 1055 2225 1128 γὰρ
2276 1059 2474 1129 σκῆψις
2516 1061 2706 1127 ταῦτα,
2741 1065 2836 1117 καὶ
2866 1064 3141 1135 πρόφασις
3173 1060 3263 1137 ἦν,
3294 1066 3389 1119 καὶ

1811 1146 1902 1200 τὸν
1932 1150 2205 1222 μακάριον
2235 1153 2493 1209 ἐδεδοίκει
2519 1155 2790 1226 Βαϐύλαν,
2816 1160 2975 1231 δῆλον
2999 1154 3147 1226 ἐξῶν
3175 1163 3206 1215 6
3235 1161 3384 1232 βασι-

1810 1243 1937 1308 λεὺς
1951 1244 2159 1317 ἔπραξε
2176 1267 2190 1281 ο
2204 1251 2337 1314 τοὺς
2355 1251 2464 1323 γάρ
2478 1252 2672 1319 ἀλλους
2698 1256 2942 1322 ἃπαντας
2958 1260 3185 1330 νεκροὺς
3199 1261 3385 1330 ἀφεὶς,

1812 1340 2020 1395 ἐκεῖνον
2047 1342 2139 1396 τὸν
2167 1343 2437 1418 μάρτυρα
2455 1348 2616 1421 μόνον
2647 1351 2837 1407 ἐκίνειι
2868 1353 3061 1409 Καίτοι
3093 1371 3154 1425 γε
3182 1356 3234 1409 εί
3265 1355 3386 1426 βδε-

1810 1433 2135 1507 λυττόμενος
2163 1443 2348 1511 αὐτὸν,
2377 1446 2515 1501 ἀλλὰ
2543 1449 2618 1521 μὴ
2643 1450 2977 1523 φοϐούμενος
2992 1452 3167 1508 ταῦτα
3189 1453 3386 1527 έπρατ⁸

1808 1546 1920 1598 τεν,
1949 1535 2116 1610 ἐχρῆν
2149 1538 2404 1596 κελεῦσαι
2440 1545 2791 1618 συντριϐῆναι
2832 1548 2933 1619 τὴν
2973 1548 3242 1622 λάρνακα,
3281 1569 3383 1606 κα-

1808 1632 2251 1703 ταποντισθῆναι,
2281 1639 2362 1700 είς
2403 1639 2640 1711 ἐρημίαν
2673 1643 3009 1715 ἀπαχθῆναι,
3057 1648 3229 1719 ἐτέρῳ
3278 1649 3385 1701 τινὶ

1754 1760 1763 1767 .
1808 1721 2478 1809 ἀπωλείαςιάφανισθῆναι
2510 1736 2717 1809 τρόπῳ.
2741 1738 2914 1793 Τοῦτο
2941 1740 3049 1813 γὰρ
3067 1736 3135 1812 ἦν
3171 1740 3384 1811 βδελυτδ

1806 1817 2059 1888 τομένου.
2092 1821 2280 1886 Οὕτως
2307 1826 2336 1877 6
2373 1825 2504 1890 Θεὸς
2532 1829 2809 1901 ἐποίησεν,
2841 1832 2930 1885 ὅτε
2965 1833 3095 1905 περὶ
3120 1832 3228 1887 τῶν
3263 1832 3383 1903 βδε-

1807 1906 2098 1978 λυγμάτων
2126 1912 2234 1968 τῶν
2262 1914 2434 1969 ἐθνῶν
2460 1920 2572 1982 τοῖς
2610 1919 2885 1992 Ἑϐραίοις
2925 1922 3227 1993 διελέγετο·
3260 1942 3385 1979 συν-

1805 2000 2058 2070 τριϐῆναι
2088 2003 2187 2069 τάς
2229 2007 2430 2078 στήλας
2458 2010 2640 2064 αὐτῶν
2673 2012 2983 2079 ἐκέλευσεν,
3015 2016 3117 2068 οὐκ
3145 2015 3254 2068 ἀπὸ
3278 2016 3391 2069 τῶν

1805 2092 2145 2162 προαστείων
2176 2098 2270 2151 ἐπὶ
2297 2100 2398 2163 τὰς
2433 2101 2617 2167 πόλεις
2642 2103 2798 2172 ἄγειν
2820 2105 2888 2159 τά
2917 2107 3229 2178 μιάσματα.

1874 2184 1946 2254 γ’.
1973 2186 2030 2240 '0
2049 2188 2149 2260 μὲν
2169 2185 2265 2244 οὖν
2290 2192 2502 2264 μάρτυς
2527 2195 2778 2259 ἐκινεῖτο,
2795 2197 2822 2248 6
2841 2196 2904 2250 δὲ·
2918 2197 3126 2269 δαίμων
3147 2199 3267 2253 οὐδὲ
3289 2199 3386 2254 οῦ-

1801 2291 1911 2341 τως
1926 2277 2110 2343 ἀδείας
2126 2281 2417 2337 ἀπέλαυεν⁵
2445 2284 2562 2339 ἀλλ’
2577 2286 2777 2351 εὐθέως
2793 2287 3115 2360 ἐμάνθανεν,
3135 2290 3220 2344 ὅτι
3248 2291 3384 2345 ὀστᾶ

1808 2369 1905 2439 μέν
1933 2371 2211 2445 μάρτυρος
2252 2380 2611 2449 μετακινῆσαι
2647 2378 2871 2434 δυνατόν
2899 2381 3068 2445 ἐστιν,
3101 2384 3288 2455 χεῖρας
3317 2383 3376 2437 δὲ

1807 2461 2085 2536 μάρτυρος
2099 2464 2381 2537 διαφυγεῖν
2405 2469 2688 2528 ἀδύνατον.
2719 2471 2886 2544 Ὀμοῦ
2911 2492 2970 2528 τε
2988 2474 3097 2546 γὰρ
3120 2476 3152 2545 ἡ
3176 2475 3383 2546 λάρναξ

1802 2554 1896 2606 ἐπὶ
1922 2554 2020 2626 τὴν
2051 2556 2204 2611 πόλιν
2240 2559 2473 2629 εἵλκετο,
2503 2562 2599 2616 καὶ
2629 2564 2898 2636 κεραυνὸς
2926 2566 3134 2621 ἄνωθεν
3161 2568 3255 2621 ἐπὶ
3282 2566 3382 2647 τήν

1805 2645 2045 2718 κεφαλὴν
2066 2648 2265 2720 ἦρχετο
2290 2650 2383 2705 τοῦ
2407 2650 2620 2720 ξοάνου,
2646 2656 2741 2709 καὶ
2756 2657 2825 2711 τά
2849 2657 3029 2711 πάντα
3052 2645 3379 2728 κατέφλεγε.

1804 2738 1997 2792 Καίτοι
2026 2756 2108 2809 γε,
2144 2742 2193 2793 εἰ
2232 2743 2325 2797 καὶ
2365 2745 2440 2815 μὴ
2480 2747 2766 2818 πρότερον,
2791 2749 2911 2802 τότε
2946 2749 3078 2819 γοῦν
3126 2751 3273 2815 εἰκὸς
3311 2747 3389 2823 ἦν

1803 2829 2125 2903 ὀργισθῆναι
2150 2834 2241 2888 τὸν
2267 2836 2436 2909 ἀσεϐῆ
2464 2837 2708 2908 βασιλέα,
2728 2841 2822 2895 καὶ
2847 2841 2947 2912 τὴν
2972 2842 3142 2916 ὀργῆν
3165 2844 3382 2912 ἀφεῖναι

1806 2922 1888 2985 είς
1953 2923 2015 2977 τὸ
2069 2926 2368 2999 μαρτύριον
2425 2929 2520 2982 τοῦ
2573 2932 2884 3005 μάρτυροςο
2916 2934 3033 2988 ἀλλ’
3083 2936 3205 2990 ούδέ
3259 2937 3381 2991 τότε

1801 3015 2069 3088 ἐτόλμησε
2090 3037 2105 3051 ι
2136 3020 2388 3087 τοσοῦτος
2421 3024 2584 3078 αὐτὸν
2615 3030 2837 3097 κατεῖχε
2869 3027 3061 3097 φόϐος
3095 3029 3232 3084 ἀλλά
3259 3031 3383 3083 καί·

1801 3126 1882 3163 τοι
1913 3111 2005 3165 τὸν
2030 3113 2359 3186 ἐμπρησμὸν
2394 3116 2539 3187 δρῶν
2563 3117 3011 3189 ἀφόρητοννόντα,
3042 3119 3138 3174 καὶ
3164 3119 3264 3190 τὴν
3290 3123 3379 3174 αί-

1789 3201 1923 3256 τίαν
1968 3202 2125 3268 εἰδὼς
2156 3206 2420 3278 ἀκριϐῶς,
2469 3209 2731 3280 ἡσύχαζε.
2762 3211 2868 3264 Καὶ
2901 3212 2962 3265 ού
3006 3211 3167 3266 τοῦτο
3218 3214 3381 3284 μόνον

1801 3294 1920 3347 ἐστὶ
1945 3295 2008 3349 τὸ
2039 3296 2371 3367 θαυμαστὸν,
2394 3301 2475 3354 ὅτι
2499 3302 2562 3355 τὸ
2593 3303 2892 3377 μαρτύριον
2922 3305 2984 3358 ού
3009 3305 3376 3377 κατέσκαψεν,

1800 3383 1917 3439 ἀλλ’
1941 3386 2022 3440 δτι
2051 3387 2184 3459 μηδέ
2205 3388 2309 3461 τὴν
2328 3390 2527 3462 στέγην
2561 3391 2830 3448 ἐπιθεῖναι
2860 3395 3021 3449 πάλιν
3041 3396 3120 3467 τῷ
3140 3395 3253 3466 ναῷ
3278 3397 3380 3451 ούκ

1801 3476 2123 3549 ἐτόλμησεν.
2150 3481 2303 3551 ᾜδει
2325 3482 2453 3555 γὰρ,
2477 3482 2593 3553 ⁴ᾔδει
2622 3483 2881 3557 θεήλατον
2904 3481 3070 3541 οὖσαν
3098 3488 3195 3559 τὴν
3225 3487 3377 3560 [555]

1801 3565 2032 3638 πληγὴν,
2066 3568 2160 3622 καὶ
2188 3569 2441 3625 ἐδεδοίκει
2487 3571 2562 3645 μὴ
2602 3576 2915 3648 περαιτέρω
2957 3593 3008 3630 τι
3050 3576 3376 3649 διανοηθεὶς,

1799 3659 1891 3712 ἐπὶ
1918 3658 2016 3732 τὴν
2047 3661 2251 3717 οἰκείαν
2278 3666 2454 3719 ἐκεῖνο
2488 3666 2695 3743 καλέσῃ
2730 3668 2791 3724 τὸ
2840 3669 2951 3743 πῦρ
2980 3671 3243 3742 κεφαλήν.
3279 3673 3378 3726 Διά

1798 3752 1956 3807 τοῦτο
1988 3755 2233 3828 ἠνείχετο
2286 3759 2366 3823 είς
2402 3763 2671 3834 τοσαύτην
2706 3764 2941 3835 ἐρημίαν
2980 3766 3378 3837 κατενεχθέντα

1797 3837 1889 3903 τόν
1922 3849 2048 3904 ναὸν
2090 3852 2185 3905 τοῦ
2236 3854 2570 3921 Ἀπόλλωνος
2596 3856 2758 3930 ὁρῶν.
2791 3858 2927 3913 Οὐδὲ
2958 3861 3067 3931 γὰρ
3110 3859 3242 3931 ἄλλη
3293 3877 3377 3926 τις

1796 3936 1866 4012 ἦν
1898 3942 2066 4007 αἰτία,
2095 3942 2161 3997 δι’
2187 3944 2253 4017 ἣν
2274 3947 2335 3998 οὐ
2364 3946 2645 4019 διώρθωσε
2674 3950 2733 4004 τὸ
2763 3953 3153 4023 γεγενημένον,
3185 3952 3302 4007 ἀλλ’
3341 3954 3403 4024 ἢκ

1799 4033 1962 4101 φόϐος
1997 4037 2160 4107 μόνον
2180 4036 2245 4092 δι’
2271 4037 2330 4092 ὃν
2357 4038 2506 4094 ἄκων
2550 4041 2813 4113 ἡσύχαζε.
2856 4044 2951 4097 καὶ⁴
2978 4044 3153 4099 ταῦτα
3195 4045 3375 4108 εἰδὼς,

1798 4126 1922 4181 ὅσον
1977 4127 2076 4199 μὲν
2116 4129 2317 4195 ὄνειδος
2357 4128 2687 4187 καταλείπει
2728 4135 2808 4206 τῷ
2862 4135 3100 4207 δαίμονι,
3145 4141 3269 4194 ὅσον
3310 4140 3383 4194 δὲ·

1799 4219 2003 4290 κόσμον
2033 4219 2111 4291 τῷ
2136 4221 2393 4292 μάρτυρι.
2430 4222 2538 4276 Καὶ
2557 4225 2666 4296 γὰρ
2693 4224 2991 4297 ἑστήκασιν
3011 4229 3059 4281 οἱ
3089 4230 3255 4299 τοῖχοι
3278 4228 3375 4284 νῦν

1797 4310 1919 4365 ἀντὶ
1962 4312 2261 4383 τροπαίων,
2312 4313 2613 4384 σάλπιγγος
2670 4316 3062 4390 λαμπροτέραν
3124 4318 3375 4387 ἀφιέντες

1796 4400 2000 4472 φωνὴν,
2028 4405 2143 4466 τοῖς
2170 4406 2229 4456 ἐν
2246 4406 2310 4477 τῇ
2343 4405 2547 4478 Δάφνῃ,
2576 4407 2690 4470 τοῖς
2725 4409 2783 4461 ἐν
2808 4410 2874 4480 τῇ
2900 4407 3073 4473 πόλει,
3105 4412 3217 4473 τοῖς
3240 4411 3372 4483 πόρ-

1797 4494 1972 4565 ρωθεν
2000 4496 2444 4568 ἀφικνουμένοις,
2476 4499 2592 4561 τοῖς
2632 4499 2876 4565 συνοῦσι,
2916 4504 3030 4564 τοῖς
3061 4498 3219 4566 αὖθις
3252 4504 3373 4556 ἐσο-

1799 4587 1981 4659 μένοις
2012 4588 2321 4662 ἀνθρώποις
2355 4591 2574 4646 ἅπαντα
2595 4592 2907 4662 διηγοῦνται
2935 4593 3025 4647 διὰ
3053 4590 3154 4664 τῆς
3171 4593 3369 4664 ὅψεως,

1791 4677 1891 4750 τὴν
1932 4678 2128 4750 πάλην,
2171 4680 2270 4750 τὴν
2307 4680 2647 4753 συμπλοκὴν,
2684 4682 2784 4754 τὴν
2822 4682 2979 4753 νίκην
3036 4684 3130 4738 τοῦ
3164 4684 3370 4757 μάρτυ-

1797 4784 1905 4838 ρος.
1943 4767 2049 4821 Τὸν
2075 4767 2183 4841 γάρ
2207 4768 2489 4841 πόρρωθεν
2510 4771 2880 4843 ἀφιστάμενον
2899 4773 2993 4826 τοῦ
3019 4775 3366 4845 προαστείου,

1794 4860 1888 4914 καὶ
1920 4859 1980 4913 τὸ
2024 4860 2123 4931 μὲν
2158 4861 2457 4932 μαρτύριον
2494 4861 2587 4916 τοῦ
2619 4864 2776 4932 ἀγίου
2808 4865 2906 4936 τῆς
2934 4866 3205 4937 λάρνακος
3241 4867 3371 4940 ἔρη-

1796 4968 1914 5023 μον,
1946 4951 2038 5005 τὸν
2067 4951 2125 5005 δέ
2165 4954 2291 5007 ναὸν
2327 4954 2421 5008 τοῦ
2474 4955 2807 5022 Ἀπόλλωνος
2852 4958 2951 5030 τὴν
3011 4960 3211 5033 στέγην
3265 4963 3369 5030 ἀφ-

1790 5046 2062 5117 ῃρημένον
2081 5045 2316 5115 ὁρῶντα,
2347 5048 2492 5114 εἰκὸς
2524 5049 2626 5120 τὴν
2658 5049 2837 5104 αἰτίαν
2863 5050 3068 5105 τούτων
3092 5053 3370 5126 ἑκατέρων

1790 5137 1971 5208 ζητεῖν
1994 5155 2009 5169 ο
2054 5134 2173 5192 εἶτα
2220 5141 2399 5194 πᾶσαν
2446 5140 2689 5211 μαθόντα
2724 5142 2824 5213 τὴν
2885 5144 3147 5217 ἱστορίαν,
3195 5147 3369 5211 οὕτως

1789 5229 2044 5283 ἀπελθεῖν
2069 5231 2297 5286 ἐκεῖθεν.
2326 5233 2567 5287 Τοιαῦτα
2579 5233 2672 5287 τοῦ
2695 5235 2971 5307 μάρτυρος
2995 5237 3064 5291 τὰ
3092 5239 3367 5310 κατορθώ-

1791 5339 1958 5393 ματα,
1997 5321 2066 5377 τά
2096 5323 2234 5395 μετά
2258 5322 2357 5396 τὴν
2378 5324 2674 5397 τελευτήν.
2707 5327 2798 5381 Διὸ
2824 5328 2919 5381 καὶ
2948 5328 3048 5399 τὴν
3093 5328 3366 5399 ὑμετέραν

1791 5414 2081 5486 μακαρίζω
2121 5415 2295 5479 πόλιν,
2334 5416 2416 5469 ὅτι
2451 5416 2652 5488 πολλὴν
2683 5419 2813 5488 περὶ
2845 5418 2936 5473 τὸν
2968 5419 3124 5488 ἀγιον
3174 5419 3366 5473 τοῦτον

1786 5507 2131 5573 ἐπεδείξασθε
2158 5508 2257 5581 τὴν
2306 5510 2562 5582 σπουδήν.
2608 5512 2717 5565 Καὶ
2748 5511 2856 5584 γὰρ
2882 5513 3026 5576 τότε,
3053 5512 3214 5583 ἡνίκα
3257 5514 3365 5568 ἀπὸ

145 5584 451 5671 δπανήταγιν
484 5610 621 5665 αὐτά
659 5584 841 5666 πάλιν.
892 5584 1045 5669 ’ὅδὲ
1096 5584 1283 5688 μέγας
1306 5584 1673 5695 ήιιὶᾧέξῆῖἓο
1784 5600 1883 5695 Τῆς
1907 5600 2123 5695 ιὲᾇφνηξ
2156 5601 2407 5695 ἐπαγῄειν
2434 5604 2584 5695 ﬁsa
2608 5604 2704 5695 μὲν
2727 5605 2863 5695 ἡμῖν
2891 5606 2930 5695 ,ἡ
2951 5604 3116 5695 imm;
3153 5606 3236 5669 εἰς
3265 5607 3364 5675 τὴν

148 5726 600 5826 εηὲρὲλῖλέἰηίῖιιωξέξῖ
626 5745 1021 5826 ξξῖφεςσξύτέεῷγ
1045 5750 1318 5826 ἀπᾷγςυμξν·
1339 5757 1501 5826 Huius
1538 5762 1645 5821 peri
1668 5789 1671 5792 ν

149 5796 272 5891 δέξω
304 5796 441 5861 131ml
480 5796 588 5852 esse
628 5796 827 5857 sensdm
882 5796 1017 5859 νόοιο
1051 5796 1665 5884 711615;,rgé1’i-lir‘lH0111B'C;.

209 5856 317 5902 αηηι
334 5868 417 5902 εαο
437 5874 615 5902 mmmm
633 5868 718 5902 Im:
750 5868 941 5902 rum'nm
986 5872 1303 5902 ηΙιοήηωωυη.
1353 5879 1464 5902 η..--

334 5868 417 5920 ego
437 5874 615 5926 quoque
632 5868 718 5919 hoc
750 5868 959 5931 cupiam,
985 5872 1321 5928 abstineamus.
1350 5868 1479 5930 Εοιτ.

1782 5690 1897 5744 666v
1922 5691 2177 5763 ἐξεχύθη,
2202 5692 2297 5745 καὶ
2316 5692 2471 5746 κεναὶ
2501 5693 2599 5762 μὲν
2628 5692 2685 5745 αἱ
2716 5693 2912 5763 ἀγοραὶ
2938 5692 3171 5764 ἀνδρῶν,
3206 5697 3364 5750 κεναὶ

1779 5782 1836 5835 δέ
1869 5782 2141 5851 γυναικῶν
2190 5777 2330 5852 ἦσαν
2362 5783 2417 5835 αί
2446 5782 2635 5847 οἰκίαι,
2668 5781 2865 5852 ἔρημοι
2892 5782 2950 5836 δὲ
2980 5784 3269 5855 παρθένων
3311 5791 3362 5841 οξ

1676 5948 1684 5954 _
1780 5874 2027 5938 θάλαμοι.
2059 5874 2215 5928 Οὕτω
2239 5875 2329 5927 καὶ
2361 5873 2545 5941 ἡλικία
2589 5875 2758 5943 πᾶσα,
2793 5876 2884 5931 καὶ
2918 5875 3076 5945 φύσις
3112 5877 3348 5945 ἑκατέρα
