4032 6470
232 504 345 565 553

245 723 531 788 tamquam
568 727 772 788 patrem
797 733 862 774 ex
900 719 1064 795 longa
1095 720 1521 791 peregrinatione
1549 731 1670 791 post
1709 722 1850 776 mul-

250 815 371 862 tum
399 818 614 879 tempus
634 817 989 865 revertentem
1015 812 1307 883 recepturi.
1328 813 1408 867 Ac
1426 827 1523 868 vos
1543 813 1756 883 quidem
1786 810 1852 869 il-

251 903 370 958 lum
394 902 585 959 eodem
615 903 731 959 zelo
755 918 1136 959 succensorum
1162 905 1324 961 cmtui
1391 905 1700 962 reddidistis
1717 946 1733 974 ,
1759 907 1854 962 Dei

253 1009 391 1050 vero
425 994 595 1065 gratia
621 1004 876 1065 perpetuo
904 1010 1121 1051 manere
1167 993 1275 1052 illic
1304 1012 1410 1052 non
1455 997 1730 1067 permisit,
1761 997 1857 1053 sed

257 1102 451 1142 rursus
472 1087 621 1143 illum
649 1087 787 1142 ultra
814 1087 1010 1143 flumen
1043 1088 1118 1162 (a)
1146 1090 1415 1145 transtulit
1432 1131 1449 1157 ,
1467 1099 1525 1145 ut
1553 1090 1716 1145 multa
1742 1090 1857 1146 loca

260 1177 416 1232 suavi
436 1176 687 1249 martyris
708 1177 873 1233 odore
890 1180 1310 1249 complerentur.
1341 1179 1526 1250 Neque
1556 1196 1705 1249 vero,
1735 1196 1858 1237 cum

264 1268 374 1323 huc
398 1268 654 1334 venisset,
684 1269 832 1324 solus
857 1285 1139 1326 mansurus
1153 1269 1253 1326 fuit
1269 1312 1286 1340 ,
1303 1271 1397 1327 sed
1425 1272 1658 1327 vicinum
1679 1271 1860 1327 confe-

262 1364 393 1417 stim
423 1371 477 1418 et
501 1362 965 1431 contubernalem,
993 1363 1288 1434 iisdemque
1316 1364 1554 1420 moribus
1578 1365 1860 1436 prmditum

262 1456 497 1526 accepit.
521 1454 650 1510 Nam
677 1464 732 1512 et
751 1456 992 1526 ejusdem
1034 1455 1362 1526 praefectura:
1394 1458 1659 1528 particeps
1697 1460 1865 1515 factus

266 1557 376 1614 est,
402 1555 458 1603 et
485 1547 742 1619 aequalem
769 1547 1022 1619 loquendi
1049 1548 1348 1605 libertatem
1373 1550 1428 1605 in
1460 1564 1621 1606 causa
1645 1550 1865 1621 religio-

267 1639 360 1695 nis
388 1638 628 1694 exhibuit
659 1656 674 1693 :
707 1648 1032 1711 quapropter
1055 1649 1110 1695 et
1135 1639 1276 1697 idem
1307 1655 1370 1697 ac
1396 1641 1512 1711 ipse
1533 1641 1865 1697 domicilium

269 1731 525 1797 obtinuit,
550 1747 657 1787 non
684 1731 902 1800 frustm,
929 1741 987 1787 ut
1006 1718 1237 1800 videtur,
1262 1733 1353 1789 hic
1376 1734 1636 1791 mirabilis
1665 1742 1868 1805 marty-

271 1822 354 1876 ris
369 1821 621 1878 imitator.
644 1822 818 1878 Tanto
836 1821 980 1878 enim
1002 1832 1244 1894 tempore
1266 1824 1374 1880 illic
1390 1823 1655 1880 laboravit
1676 1825 1743 1880 ad
1769 1825 1871 1880 lm-

273 1923 580 1983 pcratorem
607 1912 794 1970 literas
821 1914 1061 1982 mittens,
1095 1914 1439 1985 magistratus
1484 1915 1864 1986 interpellans,

271 2014 334 2059 et
353 2005 596 2074 corporis
614 2005 970 2062 ministerium
1000 2006 1219 2076 martyri
1247 2005 1517 2063 deferens.
1544 2007 1702 2064 Scitis
1725 2008 1869 2062 enim

276 2096 464 2165 utique
487 2111 551 2151 ac
577 2095 969 2164 recordamini,
1014 2112 1120 2167 quo
1165 2105 1321 2168 pacto
1357 2098 1546 2159 aestivo
1600 2108 1872 2169 tempore,

275 2187 409 2241 dum
441 2186 718 2242 meridiani
747 2187 877 2243 solis
906 2187 1069 2243 radiis
1112 2188 1303 2244 caelum
1350 2189 1584 2255 arderet,
1614 2203 1736 2245 cum
1763 2190 1875 2247 suis

276 2278 646 2335 assessoribus
665 2279 888 2351 singulis
912 2279 1101 2336 diebus
1118 2280 1243 2336 illuc
1260 2289 1528 2352 pergeret,
1552 2296 1657 2337 non
1680 2290 1742 2337 ut
1756 2298 1876 2353 spe-

277 2382 457 2428 ctaret
479 2372 676 2440 solum,
698 2373 793 2429 sed
823 2373 984 2429 etiam
1012 2381 1072 2428 ut
1091 2373 1143 2428 in
1164 2388 1375 2442 eorum,
1398 2390 1516 2445 qua:
1531 2376 1873 2445 gerebantur,
1918 2395 1930 2401 -

277 2464 616 2519 consortium
639 2465 862 2521 veniret.
897 2464 1029 2521 Nam
1061 2474 1115 2522 et
1138 2465 1342 2536 lapides
1363 2465 1560 2537 sapius
1589 2467 1793 2536 attigit,
1826 2477 1880 2523 et

352 2598 429 2661 (a)
458 2605 689 2649 Orontem
714 2597 943 2663 intelligit
966 2599 1027 2650 ad
1045 2613 1194 2665 quem
1219 2601 1418 2651 fluvium
1439 2603 1530 2651 sita
1556 2602 1814 2652 Antiochia.

1066 510 1155 569 DE
1192 511 1253 568 S.
1330 512 1628 580 BABYLA.
1668 512 1943 572 CONTRA
1981 513 2319 573 ιυιιΑΝυΜ
2360 514 2447 571 ΕΤ
2486 513 2846 573 GENTILES.

239 631 302 679 et
327 624 516 681 omnis
540 633 677 682 tetas
705 667 720 692 ,
741 633 795 682 et
823 633 1045 699 uterque
1074 642 1233 684 sexus
1256 628 1578 686 exsilierunt
1600 645 1664 686 ex
1696 630 1848 699 urbe,

3442 515 3552 573 556

1957 630 2138 686 funem
2184 630 2382 698 traxit,
2427 630 2559 686 etei
2601 630 2691 701 qui
2720 637 2987 686 structura
3017 628 3193 699 aliqua
3241 627 3551 699 indigebat,

1958 730 2082 787 ante
2124 722 2271 791 ipsos
2317 721 2591 778 ministros
2615 721 3027 792 obtemperavit.
3059 719 3289 775 Noverat
3318 721 3549 790 quippe,

1959 821 2182 869 noverat
2200 825 2396 885 quanta
2425 814 2525 885 ipsi
2563 813 2754 869 horum
2777 829 2953 876 causa
2983 814 3199 885 prmmia
3232 812 3557 869 reservanda

1960 914 2142 961 essent
2170 924 2183 961 :
2205 915 2364 977 atque
2392 905 2590 962 idcirco
2614 907 2670 961 in
2693 907 2950 976 obsequio
2974 906 3228 976 cultuque
3257 916 3553 978 martyrum

1962 998 2379 1069 perseverabat,
2407 1012 2512 1053 non
2534 998 2830 1069 splendidis
2855 1009 3058 1053 tantum
3086 996 3324 1053 aedificiis
3348 1006 3558 1052 struen-

1961 1089 2046 1147 dis
2066 1133 2081 1158 ,
2109 1098 2201 1145 aut
2226 1090 2497 1145 continuis
2528 1090 2674 1145 festis
2703 1089 3058 1155 celebrandis,
3082 1089 3174 1144 sed
3205 1076 3396 1161 potiori
3424 1102 3560 1157 qua-

1963 1182 2086 1237 dam
2118 1181 2199 1236 his
2238 1181 2485 1236 omnibus
2515 1182 2724 1236 ratione
2753 1198 2766 1234 :
2798 1196 3029 1253 quanam
3060 1181 3147 1236 illa
3177 1180 3390 1236 tandem
3417 1179 3442 1234 ?
3472 1179 3560 1235 \‘i-

1967 1284 2073 1328 tam
2099 1273 2339 1328 imitatur
2366 1271 2579 1328 illorum
2602 1315 2617 1339 ,
2649 1272 3012 1329 fortitudinem
3043 1273 3346 1340 tumulatur,
3379 1287 3443 1330 ac
3467 1287 3563 1343 per

1966 1365 2145 1421 omnia
2169 1365 2453 1435 imaginem
2487 1375 2779 1434 martyrum
2809 1382 2904 1437 pro
2925 1366 3125 1422 viribus
3148 1367 3203 1422 in
3228 1366 3409 1438 seipse
3430 1381 3566 1421 cou-

1967 1466 2168 1513 servat.
2197 1456 2333 1514 Vide
2363 1457 2505 1513 enim
2545 1474 2558 1510 :
2592 1467 2956 1528 exposuerunt
2986 1458 3057 1513 illi
3103 1472 3330 1529 corpora
3359 1467 3565 1513 macta—

1971 1550 2137 1617 tioni;
2165 1558 2220 1605 at
2247 1551 2332 1605 hic
2373 1550 2611 1627 membra
2659 1550 2836 1605 carnis
2872 1550 3253 1618 mortificavit,
3284 1566 3401 1621 qum
3442 1558 3571 1606 sunt

1968 1654 2134 1712 super
2159 1649 2355 1696 terram
2390 1658 2403 1694 :
2427 1641 2736 1697 restiterunt
2763 1641 2839 1696 illi
2866 1641 3094 1696 flamma:
3122 1642 3257 1712 ignis
3276 1683 3292 1705 ,
3316 1641 3404 1696 hic
3421 1640 3568 1711 cupi-

1973 1732 2153 1789 ditatis
2180 1731 2449 1788 flammam
2475 1734 2725 1789 restinxit
2753 1750 2768 1788 :
2798 1742 3102 1804 pugnarunt
3133 1733 3209 1789 illi
3235 1749 3356 1788 cum
3394 1732 3570 1787 denti-

1972 1825 2072 1882 bus
2101 1824 2391 1880 bestiarum
2410 1866 2427 1894 ,
2475 1824 2589 1897 sed
2617 1833 2673 1881 et
2702 1824 2789 1881 hic
2816 1825 3165 1881 saevissimam
3191 1825 3243 1880 in
3274 1824 3429 1879 nobis
3454 1837 3574 1892 per-

1975 1917 2365 1974 turbationum.
2398 1917 2533 1973 iram
2588 1916 2815 1974 sedavit.
2866 1917 3068 1973 florum
3124 1917 3282 1989 igitur
3332 1916 3573 1971 omnium

1974 2025 2133 2067 causa
2159 2009 2270 2066 Deo
2295 2010 2492 2082 gratias
2516 2025 2736 2082 agamus
2752 2051 2769 2079 ,
2801 2009 2944 2081 quod
2965 2020 3016 2065 et
3040 2019 3304 2082 martyres
3331 2007 3484 2063 nobis
3504 2007 3574 2061 ita

1975 2117 2265 2175 generosos
2295 2102 2514 2175 largitus
2540 2103 2646 2171 sit,
2679 2112 2734 2159 et
2760 2104 3086 2175 martyribus
3111 2103 3302 2173 dignos
3333 2111 3577 2172 pastores

1976 2193 2045 2249 ad
2099 2193 2619 2249 consummationem
2676 2202 3021 2261 sanctorum,
3070 2194 3122 2248 in
3168 2190 3576 2247 aedificationem

1977 2286 2221 2357 corporis
2246 2286 2444 2343 Christi
2466 2285 2680 2359 (Epltes.
2708 2288 2763 2344 4.
2785 2286 2898 2360 l2),
2933 2302 3055 2344 cum
3078 2301 3184 2358 quo
3212 2286 3357 2342 Patri
3383 2285 3573 2355 gloria,

1960 2378 2179 2445 “honor,
2216 2378 2538 2448 imperium,
2588 2394 2710 2437 cum
2758 2389 2949 2436 sancto
2995 2388 3049 2435 et
3096 2379 3305 2436 vivifico
3342 2376 3576 2448 Spiritu,

1983 2487 2123 2526 nunc
2151 2480 2207 2526 et
2230 2483 2467 2541 semper,
2497 2480 2552 2527 et
2581 2471 2632 2527 in
2657 2472 2850 2528 saecula
2878 2471 3220 2528 smculorum.
3252 2471 3445 2525 Amen.

1056 2812 1403 2897 LIBER
1454 2813 1577 2896 IN
1632 2810 2193 2897 SANCTUM
2246 2815 2811 2923 BABYLAM,

1175 2989 1424 3035 connu
1467 2989 1815 3047 mmmam,
1861 2989 1944 3033 er
1985 2990 2234 3037 comas
2276 2994 2583 3039 GENTILES
2614 2975 2725 3061 (a).

1727 3136 1999 3190 -έ-υοο

378 3261 434 3317 1.
462 3259 720 3316 Dominus
748 3267 933 3315 noster
959 3257 1118 3316 Iesus
1141 3254 1387 3314 Christus
1412 3256 1728 3329 supplicium
1758 3259 1900 3329 jam-

297 3352 413 3423 jam
458 3350 759 3417 subiturus,
811 3357 868 3405 et
909 3358 1083 3405 morte
1110 3347 1315 3403 vivifica
1366 3347 1690 3415 moriturus,
1743 3356 1901 3404 nocte

300 3444 398 3499 illa
430 3451 699 3513 postrema
719 3441 1006 3511 discipulos
1025 3439 1252 3497 seorsim
1273 3439 1503 3507 vocavit,
1527 3439 1764 3510 ipsisque
1789 3448 1900 3494 tum

304 3539 413 3593 alia
442 3537 606 3592 multa
637 3536 840 3591 monita
861 3535 1042 3603 dedit,
1076 3543 1187 3590 tum
1218 3532 1335 3589 hinc
1362 3533 1523 3590 etiam
1548 3533 1708 3589 verba
1738 3531 1899 3587 fecit:

304 3632 468 3686 Amen
488 3672 505 3696 ,
548 3646 695 3683 amen
732 3630 846 3683 dico
873 3628 1038 3696 vobis,
1061 3628 1148 3700 qui
1175 3628 1333 3682 credit
1365 3627 1419 3681 in
1444 3641 1554 3694 me,
1585 3641 1767 3696 Opera,
1793 3638 1907 3694 qua:

306 3739 405 3794 ego
424 3723 559 3792 [acia
578 3764 593 3789 ,
621 3731 667 3777 et
694 3722 802 3793 ipse
827 3720 1011 3793 faciet,
1035 3730 1082 3774 et
1106 3720 1306 3790 majora
1329 3718 1408 3773 his
1429 3717 1580 3789 faciet
1604 3715 1783 3787 (Jaan.
1816 3716 1904 3771 M.

313 3815 428 3884 12).
461 3814 621 3885 Atqui
652 3813 804 3868 multi
831 3812 919 3867 alii
967 3811 1205 3883 magistri
1230 3808 1516 3876 exstitere,
1545 3807 1633 3878 qui
1673 3806 1901 3877 discipu-

311 3908 398 3963 los
424 3906 728 3962 habucrunt
754 3915 809 3961 et
836 3904 1090 3960 miracula
1115 3910 1513 3975 perpetrarent,
1544 3908 1605 3954 ut
1629 3898 1800 3956 Graeci
1822 3899 1910 3967 ja-

311 4001 503 4055 ctitant
529 4015 546 4065 ;
580 4007 817 4054 attamen
848 3995 1028 4051 nullus
1066 4010 1251 4050 eorum
1282 4007 1533 4064 umquam
1558 3991 1734 4047 simile
1756 3989 1913 4061 quid-

312 4094 459 4164 piam
485 4093 567 4147 vel
597 4090 834 4162 cogitare
859 4089 943 4145 vel
966 4088 1145 4145 dicere
1170 4102 1331 4143 ausus
1351 4094 1454 4143 est.
1477 4085 1659 4156 Neque
1689 4092 1914 4156 possunt

312 4183 605 4254 quidquam
634 4196 860 4248 eorum,
901 4181 1000 4236 etsi
1045 4177 1336 4235 admodum
1391 4176 1728 4247 impudentes
1769 4176 1909 4244 sint,

315 4277 716 4349 praedictionem
732 4288 1105 4331 sermonemve
1123 4271 1353 4337 similem
1372 4285 1539 4342 penes
1554 4285 1612 4326 se
1628 4269 1912 4335 exhibere;

316 4370 418 4427 sed
467 4378 679 4442 spectra
727 4366 1102 4425 defunctorum
1145 4372 1588 4433 mortuorumque
1631 4362 1915 4417 simulacra

318 4462 474 4520 multi
516 4478 701 4518 eorum
740 4459 984 4517 dicunta
1015 4456 1260 4529 plurimis
1302 4455 1444 4527 apud
1488 4470 1546 4512 se
1589 4453 1915 4510 mirabilium

321 4554 681 4627 patratoribus
706 4551 956 4617 ostendi;
980 4565 1144 4607 voces
1169 4548 1296 4605 item
1323 4563 1355 4604 e
1378 4547 1638 4619 sepulcris
1659 4546 1725 4602 ad
1750 4560 1916 4616 quos-

317 4648 445 4701 dam
469 4646 694 4701 emissas
717 4644 965 4715 iactitant
997 4660 1010 4697 :
1034 4640 1176 4713 quod
1212 4649 1390 4695 autem
1420 4640 1539 4710 quis
1563 4654 1628 4693 ex
1654 4637 1805 4701 viris,
1827 4635 1917 4708 qui

320 4739 465 4809 apud
488 4755 546 4794 se
569 4739 821 4795 vixerunt
871 4746 928 4792 et
969 4735 1308 4792 admirationi
1339 4734 1502 4790 habiti
1541 4743 1701 4799 sunt,
1729 4741 1821 4787 aut
1849 4745 1918 4787 ex

321 4831 390 4885 its
409 4844 543 4901 quos
572 4839 693 4900 post
721 4828 1003 4884 decessum
1035 4827 1169 4884 deos
1196 4831 1607 4897 reputaverunt,
1633 4824 1740 4881 tale
1760 4822 1919 4895 quid-

319 4921 466 4993 piam
493 4919 772 4991 discipulis
799 4918 995 4974 dixerit
1019 4960 1037 4987 ,
1084 4917 1260 4973 nullus
1287 4932 1475 4974 eorum
1502 4914 1775 4971 affirmare
1818 4929 1913 4968 au-

318 5013 468 5068 deat.
504 5014 733 5069 Causam
760 5019 939 5067 autem
956 5053 972 5077 ,
1001 5011 1047 5067 si
1072 5010 1279 5081 placet,
1305 5009 1575 5080 aperiam;
1598 5022 1694 5063 cur
1714 5006 1921 5063 scilicet

319 5121 446 5162 cum
468 5115 660 5161 caetera
686 5105 867 5161 omnia
900 5103 1238 5174 impudenter
1266 5101 1593 5169 efl‘utierint,
1624 5109 1679 5156 et
1724 5099 1920 5171 perfri-

318 5206 408 5252 cta
451 5197 622 5254 fronte
651 5196 861 5253 mentiti
890 5194 1029 5262 sint,
1061 5194 1196 5250 nihil
1243 5192 1544 5265 hujusmodi
1587 5192 1922 5248 comminisci

319 5291 440 5346 ausi
467 5291 595 5347 sint.
624 5289 742 5346 Non
767 5290 912 5346 enim
940 5288 1039 5345 abs
1068 5304 1126 5344 re
1144 5329 1160 5354 ,
1191 5302 1366 5367 neque
1408 5286 1525 5343 sine
1561 5283 1789 5355 quadam
1830 5300 1922 5340 ra-

324 5383 473 5438 tione
490 5397 520 5437 a
552 5383 644 5439 tali
668 5390 974 5438 commento
1003 5380 1346 5446 abstinuere;
1377 5378 1473 5434 sed
1500 5386 1679 5434 astute
1703 5375 1923 5447 (ξοπιερί-

322 5475 432 5531 cati
462 5485 587 5531 sunt
610 5473 846 5545 pestiferi
876 5473 952 5529 illi
980 5473 1225 5529 homines
1243 5487 1364 5541 eum
1383 5510 1399 5537 ,
1428 5470 1516 5541 qui
1542 5469 1718 5524 fucum
1747 5467 1925 5524 facere

323 5566 489 5633 velit,
522 5574 774 5636 Oportere
795 5564 1091 5636 probabilia
1119 5564 1386 5634 quaedam,
1407 5571 1463 5616 et
1488 5559 1713 5614 fallacia:
1740 5557 1920 5629 plena,

320 5674 448 5730 qua:
487 5657 642 5714 facile
668 5674 776 5714 non
800 5642 1002 5727 possint
1034 5653 1151 5709 falsi
1178 5653 1328 5725 argui
1348 5694 1363 5720 ,
1393 5653 1655 5722 proferre.
1683 5647 1816 5704 Nam
1868 5647 1922 5703 in

324 5767 479 5807 more
501 5760 584 5807 est
608 5760 669 5807 ut
688 5751 923 5822 piscibus
948 5748 1240 5819 avibusque
1264 5744 1631 5801 callidioribus
1661 5756 1768 5798 non
1795 5739 1924 5796 nudi

321 5903 789 6029 mgggtulimus
802 5904 999 5957 Codices
1033 5911 1180 5968 ncgg.
1212 5902 1350 5964 1675,
1375 5900 1517 5961 εὶὸίδ,
1548 5898 1689 5961 2H7,
1716 5904 1767 5950 et
1789 5896 1921 5949 Colb.

2014 3156 2192 3172 ει.-

2006 3258 2150 3315 hami
2173 3268 2559 3333 proponantur,
2582 3260 2676 3316 scd
2708 3274 2831 3317 esca
2860 3260 3145 3331 obtegonte
3174 3257 3248 3313 illi
3286 3257 3595 3329 capiantur,

2006 3359 2167 3421 atque
2192 3351 2263 3407 ita
2282 3351 2498 3408 venatio
2523 3361 2749 3423 utraque
2778 3367 3033 3423 prospere
3051 3349 3205 3407 cedat
3224 3368 3238 3417 ;
3257 3349 3303 3405 si
3334 3365 3461 3405 vero
3474 3364 3604 3403 eon-
3630 3410 3635 3417 ,

2008 3441 2192 3512 spicua
2219 3443 2352 3499 retia
2378 3453 2594 3512 essent,
2628 3456 2800 3513 neque
2838 3443 3011 3515 pisces
3052 3456 3225 3511 neque
3266 3455 3394 3496 aves
3429 3439 3604 3494 irreti-

2010 3541 2198 3588 rcntur
2226 3549 2508 3606 umquam,
2538 3535 2647 3590 imo
2675 3549 2804 3590 vero
2832 3549 2899 3590 ne
2943 3533 3023 3587 vel
3072 3530 3332 3587 tantillum
3377 3528 3606 3584 accede-

2013 3631 2169 3693 rent;
2196 3624 2291 3681 scd
2332 3634 2441 3682 tum
2473 3626 2705 3698 piscator
2723 3667 2738 3692 ,
2772 3633 2882 3681 tum
2908 3631 3130 3681 venator
3158 3622 3337 3678 vacuis
3363 3620 3608 3676 manibus

2014 3716 2274 3773 redirent.
2298 3718 2433 3786 Quia
2469 3720 2631 3791 igitur
2673 3718 2786 3775 illis
2812 3718 2863 3773 in
2894 3718 3169 3790 proposito
3211 3722 3328 3772 erat
3362 3712 3608 3769 homines

2015 3822 2116 3865 ceu
2140 3823 2336 3881 sagena
2357 3824 2553 3882 capere
2575 3854 2591 3880 ,
2622 3825 2730 3867 non
2759 3809 2955 3865 nudum
2978 3808 3238 3864 fallaciam
3262 3809 3314 3862 in
3339 3806 3494 3876 hujus
3533 3805 3609 3857 vi-

2017 3913 2088 3962 tae
2110 3904 2335 3976 pelagus
2373 3904 2666 3973 immisere,
2696 3903 2789 3960 sed
2816 3904 2881 3960 iis
2905 3902 3149 3959 confictis
3177 3916 3240 3955 ac
3263 3898 3573 3970 compositis
3593 3938 3608 3961 ,

2018 3996 2212 4068 quibus
2237 4006 2459 4068 possent
2486 3996 2936 4068 imprudentiores
2963 4009 3176 4065 capere,
3204 3992 3427 4048 ulterius
3457 4004 3612 4043 men-

2019 4088 2174 4144 dacio
2203 4088 2450 4160 progredi
2475 4088 2918 4160 supersederunt,
2940 4086 3097 4144 veriti
3131 4102 3196 4141 ne
3230 4085 3367 4139 ultra
3396 4081 3615 4137 modum

2021 4182 2403 4251 procederent,
2435 4189 2861 4253 metuentesque,
2893 4195 2961 4236 ne
2987 4177 3341 4250 posteriorum
3372 4173 3614 4231 fraudum

2023 4272 2378 4329 immoderato
2397 4287 2497 4328 usu
2545 4272 2750 4343 priores
2788 4270 3183 4327 subverterent.
3210 4267 3343 4323 Nam
3372 4267 3418 4322 si
3446 4265 3614 4320 dixis-

2022 4374 2145 4423 sent
2187 4380 2407 4422 suorum
2455 4365 2761 4437 quempiam
2793 4379 2907 4420 rem
2949 4362 3112 4418 talem
3143 4359 3437 4432 pollicitum
3464 4373 3614 4423 esse,

2022 4458 2236 4530 qualem
2260 4457 2534 4529 discipulis
2560 4458 2819 4513 Servator
2839 4464 3022 4511 noster
3050 4451 3334 4525 promisit,
3364 4449 3522 4505 etiam
3552 4448 3619 4502 iis

2025 4566 2159 4623 quos
2187 4551 2512 4622 deceperant
2539 4564 2659 4606 sese
2707 4549 2964 4605 ridiculos
3012 4543 3402 4617 praebuissent,
3435 4548 3620 4610 utpote

2025 4644 2115 4714 qui
2137 4659 2206 4698 ne
2230 4642 2538 4699 verisimilia
2565 4640 2780 4713 quidem
2812 4638 3022 4694 mentiri
3055 4645 3306 4708 possent:
3331 4634 3454 4689 talia
3475 4631 3619 4687 cnint

2024 4736 2321 4808 praedicere
2363 4744 2526 4805 atque
2580 4741 2837 4804 praestare
2862 4730 2929 4786 ad
2959 4730 3169 4786 beatam
3201 4728 3343 4782 illam
3370 4725 3620 4781 virtutem

2026 4830 2195 4886 solam
2224 4828 2475 4900 pertinet.

2101 4922 2358 4979 Humana:
2401 4919 2677 4977 Gentilium
2729 4918 2963 4973 victimae.
2994 4945 3065 4957 —-
3090 4912 3343 4982 Quod'si
3402 4921 3626 4983 potuere

2026 5016 2155 5072 olim
2182 5016 2457 5072 daemones
2489 5012 2587 5079 iis,
2628 5025 2762 5082 quos
2791 5009 3147 5079 dcccpcrant,
3188 5004 3432 5061 nonnihil
3458 5003 3626 5075 phan-

3664 3428 3691 3447 Χ

2030 5111 2271 5167 tasmatis
2292 5108 2545 5164 exhibere
2566 5146 2584 5174 ,
2630 5105 2683 5161 id
2715 5113 2839 5159 tunc
2862 5101 3079 5167 evenit,
3108 5114 3231 5156 cum
3260 5096 3476 5153 luminis
3502 5095 3626 5150 fons
3680 5147 3687 5158 ,

2029 5203 2189 5274 vulgo
2232 5200 2471 5258 nondum
2519 5192 2762 5271 cognitus
2805 5204 2971 5252 esset.
3023 5193 3118 5249 illo
3157 5193 3355 5264 quippe
3385 5198 3627 5257 tempore

2030 5306 2142 5353 tum
2169 5311 2235 5352 ex
2263 5294 2383 5350 aliis
2403 5290 2646 5359 fallaciis,
2674 5299 2786 5346 tum
2810 5303 2876 5345 ex
2903 5285 3033 5359 ipsis
3053 5284 3331 5342 sacrificiis
3350 5288 3624 5336 ostensum
3660 5322 3664 5333 .

2028 5398 2113 5448 est
2135 5404 2228 5454 ea,
2261 5403 2381 5461 quae
2406 5385 2726 5459 gerebantur
2745 5424 2761 5449 ,
2786 5382 3090 5438 daemonum
3130 5392 3292 5449 opera
3321 5389 3461 5431 esse.
3489 5372 3624 5428 Nam

2030 5482 2175 5555 quod
2202 5480 2439 5536 humano
2458 5476 2719 5549 sanguine
2742 5489 2867 5531 aras
2894 5486 3018 5529 snas
3047 5468 3315 5528 cruentari
3337 5467 3623 5538 juberent,

2030 5585 2087 5631 et
2121 5589 2153 5630 a
2182 5570 2559 5644 generantibus
2584 5568 2720 5624 tales
2744 5565 2846 5622 sibi
2877 5563 3052 5635 parari
3091 5558 3336 5616 victimas
3370 5556 3629 5628 przccipe-

2031 5676 2171 5731 rent,
2198 5665 2250 5722 id
2276 5678 2435 5736 quam
2456 5661 2678 5719 insania:
2703 5657 2936 5728 speciem
2966 5669 3072 5710 non
3097 5649 3331 5707 obruat?
3355 5649 3457 5718 Qui
3482 5648 3627 5704 enim

2029 5758 2426 5817 calamitatibus
2482 5754 2683 5809 nostris
2739 5762 3030 5820 numquam
3084 5746 3347 5802 satiantur
3378 5784 3395 5812 ,
3452 5755 3629 5810 neque

2034 5857 2194 5911 ullum
2250 5852 2411 5907 finem
2455 5847 2809 5904 terminumvc
2855 5849 3060 5914 ponunt
3107 5840 3249 5897 bello
3299 5844 3486 5894 contra
3529 5848 3629 5888 nos

2035 5950 2265 6017 indicto,
2292 5945 2387 6004 sed
2414 5940 2703 6002 immortali
2735 5953 2947 6008 semper
2978 5936 3125 5993 rabie
3154 5933 3328 6003 ducti,
3358 5945 3419 5987 ac
3449 5927 3493 5983 si
3521 5940 3629 5982 non
