4032 6446
539 453 644 513 535

536 567 668 620 satis
694 567 763 622 sit
785 565 858 623 ad
874 583 1057 625 eorum
1082 571 1397 642 explendum
1418 577 1669 642 animum,
1697 581 1833 650 quod
1868 582 2116 640 mulieres

533 668 589 713 rt
620 660 821 729 parvuli
860 663 1037 717 ovium
1080 665 1341 738 boumque
1386 669 1514 742 loco.
1532 671 1597 724 ad
1629 686 1748 726 aras
1775 688 1899 729 suas
1936 676 2114 729 inunc-

538 748 744 816 lentnr,
790 767 984 807 novam
1033 754 1303 811 homicidii
1352 758 1679 828 iniquitatem
1725 764 2121 833 excogitarunt.

543 839 945 914 inauditumque
996 846 1310 902 calamitatis
1364 848 1627 906 induxere
1679 853 1918 908 modum.
1978 854 2123 922 Quos

537 932 679 985 enim
712 948 807 1002 par
824 945 942 989 erat
972 947 1364 1010 peremptorum
1391 940 1565 995 caedes
1588 941 1790 1013 lugere,
1814 944 1878 1001 iis
1906 960 2126 1015 persua-

535 1031 657 1073 sere
701 1030 757 1075 ut
792 1023 859 1077 ad
905 1025 1149 1081 miseram
1195 1026 1335 1083 illam
1379 1030 1707 1085 Subcundam
1759 1033 1959 1088 credem
2004 1049 2124 1090 sese

539 1108 826 1177 ollerrent;
858 1122 1018 1184 utque
1040 1131 1144 1169 non
1170 1115 1315 1189 leges
1339 1118 1496 1195 modo
1517 1120 1584 1174 ab
1609 1120 1912 1177 hominibus
1935 1125 2122 1193 positae

538 1200 902 1268 violarentur,
963 1204 1107 1273 ipsas
1173 1221 1386 1281 quoque
1444 1218 1648 1265 natura:
1695 1210 1837 1281 leges
1888 1211 2125 1269 funditus

535 1291 954 1361 destruxeruut,
997 1295 1166 1365 ipsam
1216 1297 1497 1357 adversum
1528 1314 1588 1355 se
1617 1309 1857 1356 naturam
1896 1306 2123 1373 grassari

540 1394 788 1437 curantes
809 1423 825 1448 ,
868 1384 1217 1456 omniumque
1261 1387 1689 1443 scelestissimam
1717 1390 1915 1448 caedem
1945 1392 1998 1447 in
2029 1393 2124 1446 ho-

540 1470 741 1525 minum
773 1471 938 1528 vitam
983 1473 1315 1531 inducentes.
1338 1475 1519 1532 Nullos
1556 1479 1699 1536 enim
1740 1479 1981 1536 inimicos
2005 1496 2125 1552 per-

537 1561 663 1617 inde
709 1570 869 1634 atque
911 1574 1162 1634 parentes
1203 1576 1326 1623 tunc
1370 1566 1724 1625 formidabant
1766 1585 1954 1627 omnes
1998 1588 2012 1626 :
2059 1586 2123 1629 ac

540 1654 733 1723 quibus
760 1656 989 1711 maxime
1029 1657 1302 1714 fidentium
1331 1668 1478 1725 erat,
1521 1676 1614 1717 eos
1640 1664 1691 1716 in
1721 1663 1907 1735 primis
1929 1679 2121 1734 suSpe-

539 1754 656 1799 ctos
686 1745 952 1801 habebant
982 1756 1036 1802 et
1062 1750 1464 1806 aversabantur.
1494 1751 1767 1823 Siquidem
1794 1753 1982 1809 nefarii
2012 1755 2124 1809 da:-

540 1850 728 1889 mones
751 1877 766 1900 ,
798 1851 896 1908 per
923 1852 1042 1906 qua:
1083 1838 1220 1894 Deus
1249 1840 1365 1895 illos
1390 1840 1457 1897 ad
1489 1841 1644 1913 hujus
1674 1843 1856 1903 mundi
1882 1854 2127 1903 eontem-

540 1924 830 1993 plationem
874 1926 1188 1998 induxerat,
1237 1944 1333 1999 per
1374 1931 1559 1986 eadem
1590 1933 1658 1987 ab
1685 1935 1946 2004 ejusmodi
1983 1936 2126 1992 dono

540 2014 774 2082 dejicere
811 2017 1146 2087 satagebant,
1189 2019 1314 2075 dum
1345 2036 1438 2076 eos
1466 2023 1553 2092 qui
1580 2024 1742 2078 vitam
1788 2025 2127 2083 ministrave-

540 2114 693 2171 rant,
740 2107 927 2162 mortis
969 2118 1215 2165 auctores
1256 2113 1679 2182 constituerent,
1730 2115 2006 2175 declarare
2034 2134 2122 2175 vo-

541 2194 734 2263 lentes,
766 2197 895 2251 nihil
923 2213 1016 2254 eos
1041 2201 1268 2271 amplius
1295 2220 1358 2258 ex
1385 2203 1474 2259 Dei
1503 2205 1738 2263 bonitate
1765 2222 2126 2281 consequutos

542 2298 664 2342 esse
692 2306 706 2340 :
735 2298 791 2341 ut
817 2290 904 2360 qui
936 2305 1039 2344 non
1071 2292 1190 2346 aliis
1214 2308 1349 2363 opus
1376 2292 1632 2351 halm-ent
1659 2297 2089 2356 interfectoribus
2109 2342 2124 2369 ,

541 2391 698 2457 quam
728 2381 1053 2449 parentibus.
1091 2382 1215 2438 llaec
1254 2386 1463 2441 etiamsi
1500 2401 1750 2459 maguum
1782 2391 1993 2463 aliquod
2026 2394 2127 2448 mi-

537 2454 780 2527 raculum
823 2472 1205 2543 subsequutmn
1253 2474 1442 2533 fuisset
1491 2454 1797 2550 (ne'dicam
1845 2454 2121 2539 ostensum

538 2559 705 2617 fuisse
725 2600 741 2626 ,
783 2576 897 2615 rem
929 2563 1171 2633 exiguam
1198 2580 1261 2620 ae
1290 2566 1439 2621 nihili
1485 2567 1780 2625 faciendam
1803 2610 1822 2641 ,
1859 2575 2127 2645 multaque

539 2652 749 2733 plenam
781 2652 984 2709 fallacia
1036 2657 1228 2729 esse);
1278 2658 1372 2713 sed
1411 2659 1617 2716 etiamsi
1654 2676 1782 2719 vere
1822 2680 2009 2735 magna
2037 2683 2129 2737 pa-

542 2752 676 2797 trata
719 2741 974 2810 fuissent,
1005 2759 1066 2800 ea
1098 2761 1226 2801 sane
1251 2763 1368 2817 qutc
1395 2750 1535 2815 dixi,
1579 2752 1642 2806 iis
1667 2754 1857 2810 saltem
1886 2757 1975 2825 qui
2017 2774 2123 2814 non

541 2843 723 2891 mente
760 2835 900 2904 capti
944 2846 1098 2903 sunt,
1129 2838 1496 2897 demonstrare
1525 2854 1769 2912 possunt,
1803 2848 2015 2917 quinam
2041 2865 2128 2905 es-

540 2934 661 2979 sent
688 2925 779 2995 qui
808 2927 928 2981 talia
956 2942 1195 2998 agerent,
1222 2946 1379 3001 quam
1409 2931 1676 3003 flagitiosi,
1699 2952 1858 3007 quam
1887 2941 2123 3007 scelesti,

538 3017 626 3083 qui
665 3016 794 3071 nihil
828 3034 929 3071 non
955 3020 1267 3077 molirentur
1290 3022 1356 3077 ad
1386 3010 1621 3081 nostram
1652 3036 1926 3100 statusque
1957 3033 2124 3087 nostri

541 3107 964 3183 subversiouem.

612 3198 667 3253 2.
695 3198 924 3257 Christus
952 3202 1104 3256 etiam
1134 3201 1413 3262 Gentilibus
1438 3206 1569 3262 bona
1589 3211 1821 3265 contulit.
1838 3242 1906 3251 â€”
1923 3212 1992 3267 At
2025 3213 2127 3267 Do-

544 3288 723 3343 minus
750 3300 930 3348 noster
967 3292 1124 3349 .fesns
1167 3297 1299 3350 nihil
1344 3298 1450 3353 tale
1493 3287 1776 3370 imperavit
1816 3302 1999 3371 nobis;
2030 3305 2125 3361 sed

543 3378 802 3436 mirabilis
830 3397 948 3438 cum
986 3384 1052 3439 sit
1078 3384 1146 3439 ob
1178 3387 1452 3458 prodigia,
1498 3404 1598 3445 nec
1641 3391 1819 3447 minus
1846 3395 2127 3464 praceptis

539 3486 696 3549 quam
729 3474 892 3543 signis
916 3474 1286 3544 admirandus,
1330 3478 1451 3549 jure
1475 3481 1543 3537 ab
1571 3482 1816 3539 omnibus
1843 3484 2124 3553 adoretur,

541 3578 603 3623 ac
628 3565 765 3620 Deus
781 3582 899 3622 esse
919 3567 1190 3624 credatur.
1222 3570 1367 3627 llanc
1387 3572 1528 3629 enim
1553 3573 1875 3645 impietatem
1897 3576 2125 3634 adventu

538 3662 654 3735 ipse
683 3678 780 3718 suo
805 3665 996 3719 solvit:
1020 3666 1267 3735 quodque
1294 3667 1591 3725 mirabilius
1614 3681 1717 3735 est,
1748 3685 1778 3724 a
1804 3670 1917 3726 fera
1946 3672 2037 3726 illa
2069 3681 2124 3727 et

544 3753 762 3806 immani
811 3755 1093 3825 tyrannide
1137 3770 1241 3809 non
1287 3772 1385 3813 nos
1433 3767 1657 3823 tantum,
1706 3761 1796 3830 qui
1841 3762 2128 3819 adoramus

540 3858 685 3906 eum,
715 3841 806 3896 sed
837 3844 995 3898 etiam
1021 3859 1135 3914 eos,
1163 3846 1251 3915 qui
1283 3847 1452 3917 ipsum
1481 3848 1808 3934 blaSpbenris
1835 3851 1991 3906 dictis
2018 3853 2122 3907 im-

542 3940 763 3999 petunt,
816 3934 1058 3989 liberavit
1085 3952 1097 3987 :
1124 3951 1296 4005 neque
1339 3937 1482 3992 enim
1526 3936 1813 3997 Gentilium
1848 3942 2125 4011 quisquam

542 4022 676 4076 tales
706 4024 905 4080 hostias
944 4025 1274 4081 diemonibus
1306 4028 1418 4082 suis
1448 4028 1667 4098 posthac
1699 4032 1975 4089 immolare
1999 4050 2125 4090 coa-

544 4122 661 4165 etus
706 4123 789 4167 est
812 4132 825 4167 :
850 4124 992 4172 tanta
1025 4131 1215 4187 nempe
1246 4133 1371 4173 usus
1414 4128 1495 4175 est
1537 4136 1661 4193 erga
1691 4138 1859 4194 genus
1883 4134 2126 4181 nostrum

542 4200 906 4283 benignitate;
935 4208 1242 4283 majoraque
1274 4211 1408 4266 bona
1447 4212 1585 4269 Deus
1613 4215 1840 4272 inimicis
1867 4217 1978 4274 suis
2000 4233 2129 4273 eou-

543 4279 881 4368 tulit,'quam
922 4279 1058 4356 mala
1087 4279 1359 4358 duimones
1389 4304 1593 4359 amicis.
1628 4306 1906 4363 Dicmones
1934 4309 2129 4380 quippe

540 4404 664 4453 eos,
697 4389 785 4459 qui
824 4404 881 4445 sc
921 4392 1158 4447 colerent
1188 4400 1239 4445 et
1265 4391 1610 4462 honorarent,
1642 4397 1706 4451 ad
1740 4399 1990 4467 proprios
2012 4416 2128 4455 mae

542 4479 766 4533 ctandos
806 4480 944 4536 filios
982 4491 1303 4555 coegerunt;
1349 4483 1594 4539 Christus
1628 4502 1755 4542 vero
1790 4488 2123 4548 adversarios

541 4585 669 4623 suos
691 4570 772 4625 his
793 4572 1073 4641 praeceptis
1098 4572 1294 4630 liberos
1317 4588 1437 4628 esse
1462 4577 1683 4642 curavit,
1711 4586 1767 4633 et
1792 4578 1940 4634 ferini
1964 4581 2121 4636 mini-

541 4661 686 4714 sterii
717 4661 1132 4726 immunitatem,
1166 4670 1220 4716 et
1249 4677 1433 4732 pacem
1480 4665 1616 4721 hanc
1646 4658 1941 4725 mirabilem
1968 4713 1983 4735 ,
2016 4688 2122 4726 non

543 4750 653 4803 suis
682 4752 837 4806 modo
857 4753 1104 4817 contulit,
1127 4753 1220 4809 sed
1244 4763 1296 4809 et
1316 4756 1502 4810 alienis
1518 4760 1764 4828 praistitit
1795 4779 1808 4815 :
1837 4762 2124 4819 ostendens

544 4842 666 4897 illos
704 4851 956 4913 tyrannos
1000 4851 1209 4917 generis
1260 4852 1422 4907 nostri
1470 4851 1651 4908 hostes
1688 4862 1744 4909 ct
1786 4842 2123 4925 corruptores

543 4946 693 4988 esse:
742 4944 1066 5004 quapropter
1093 4938 1251 4992 etiam
1282 4938 1365 5002 iis,
1398 4941 1485 5007 qui
1517 4940 1615 4993 sibi
1646 4942 1939 5008 haerebant,
1971 4950 2123 5013 quasi

543 5022 735 5078 alienis
786 5025 1104 5091 utebantur,
1143 5029 1299 5083 alieni
1342 5030 1535 5099 quippe
1589 5046 1774 5085 revera
1817 5043 1991 5092 erant.
2033 5034 2127 5089 Ille

542 5128 671 5167 vero
711 5129 804 5167 rex
847 5124 1057 5169 creator
1091 5125 1146 5171 et
1186 5129 1424 5172 servator
1454 5120 1615 5175 totius
1658 5123 1867 5191 generis
1909 5122 2127 5179 humani

541 5215 698 5271 erat;
749 5206 975 5276 ideoque
1015 5206 1081 5262 ab
1124 5221 1182 5263 se
1210 5209 1396 5264 alienis
1420 5212 1568 5281 quasi
1599 5214 1828 5283 propriis
1872 5218 2125 5284 pepercit.

543 5297 751 5353 Etenim
782 5299 1054 5368 preprium
1085 5299 1200 5369 ejus
1222 5301 1484 5368 Opificium
1517 5312 1633 5357 erat
1667 5304 1891 5358 humana
1918 5319 2123 5373 natura,

542 5389 989 5456 quemadmodum
1021 5390 1309 5458 discipulus
1334 5392 1449 5460 ejus
1478 5394 1586 5448 ait:
1620 5393 1686 5447 In
1716 5396 1922 5466 propria
1962 5399 2125 5460 venit,

542 5488 589 5532 et
615 5480 696 5532 sui
722 5495 837 5534 eum
865 5498 966 5536 non
996 5494 1292 5553 receperunt
1318 5483 1494 5557 (Joan.
1533 5487 1579 5539 f.
1612 5486 1720 5557 11).
1752 5487 1874 5556 Ejus
1898 5502 2022 5542 vero
2049 5497 2129 5542 toâ€”

544 5579 650 5623 tam
690 5571 743 5625 in
783 5586 880 5627 nos
907 5573 1243 5629 clementiam
1294 5590 1546 5631 enarrare
1593 5590 1697 5629 non
1739 5587 1820 5632 est
1850 5581 2128 5648 praâ€˜scntis

545 5661 837 5728 temporis;
869 5662 962 5717 sed
1002 5664 1208 5719 etiamsi
1235 5680 1330 5735 per
1357 5679 1542 5719 cuneta
1575 5667 1763 5721 srecula
1794 5669 1858 5723 de
1890 5668 1976 5722 illa
2011 5670 2128 5739 quis

482 5796 487 5801 .
543 5753 871 5820 quucretur,
892 5752 1097 5808 etiamsi
1122 5764 1320 5809 tantam
1347 5756 1561 5813 haberet
1587 5757 1858 5825 virtutem,
1877 5768 2126 5829 quantam

546 5858 641 5907 par
664 5850 745 5897 est
775 5842 1114 5913 incorporeas
1154 5845 1269 5897 illas
1298 5846 1493 5901 habere
1522 5848 1743 5903 virtutes
1766 5891 1778 5913 ,
1812 5865 1879 5904 ne
1909 5850 1985 5904 sie
2015 5851 2131 5917 qui-

540 5930 661 5989 dem
692 5933 834 5989 illam
857 5950 953 6006 pro
977 5932 1231 6008 dignitate
1258 5946 1435 6006 posset
1456 5941 1712 6011 attingere
1752 5943 1917 6010 Quam
1950 5942 2121 5999 bonus

1241 461 1299 518 S.
1338 460 1614 523 JOANNIS
1647 466 2123 528 CllRYSOSTOMl
2159 474 2477 535 ARClllEP.
2519 482 3051 550 CONSTANTINOP.

3704 515 3795 571 556

2234 589 2375 689 enim
2409 593 2507 657 sit,
2538 595 2649 664 ipse
2683 600 2827 654 solus
2868 608 3044 669 novit,
3075 611 3497 684 quandoquidem
3530 620 3641 691 ipse
3668 628 3799 684 Salus

2232 677 2303 733 ita
2334 681 2505 738 bonus
2533 697 2636 741 cst.
2672 689 2800 747 Vide
2846 695 3004 765 igitur
3040 677 3157 769 qtae
3196 677 3352 760 verba
3382 677 3661 780 discipulis
3690 734 3801 784 Î¹Î·Ï…Î¹

2230 770 2367 829 ferat
2394 795 2409 832 :
2441 778 2621 845 Amen,
2644 797 2790 838 amen
2810 787 2923 841 dico
2949 789 3104 860 vobis,
3130 797 3219 865 qui
3236 799 3390 851 credit
3419 800 3476 856 in
3504 804 3603 870 uie,
3633 823 3795 877 opera,

2229 882 2343 972 qam
2476 872 2630 972 facio,
2653 885 2699 929 et
2721 878 2829 948 ipse
2855 883 3026 951 faciet,
3058 896 3107 939 et
3132 887 3210 943 Itis
3237 893 3433 963 majora
3458 897 3613 966 faciet
3633 872 3797 972 (.loau;

2352 960 2464 1060 1-2).
2489 962 2672 1035 Neque
2696 971 2838 1024 enim
2871 982 3070 1030 tantum
3104 978 3205 1034 illis
3232 959 3793 1060 honoris-contuliSset,

2231 1050 2331 1105 nisi
2371 1052 2627 1111 immensa
2674 1058 2911 1117 bonitate
2950 1067 3199 1133 prmditus
3231 1085 3393 1128 esset.
3423 1074 3579 1142 Quod
3613 1079 3657 1134 si
3694 1050 3799 1148 quis

2230 1138 2522 1199 dubitando
2544 1157 2750 1216 quaerat
2772 1166 2803 1204 a
2825 1152 2997 1220 nobis,
3018 1155 3230 1213 ubinam
3263 1160 3418 1216 finem
3443 1138 3684 1222 babuenit
3711 1138 3801 1225 hoc

2229 1234 2535 1302 oraculum,
2564 1248 2785 1309 accepto
2813 1242 2981 1312 libro,
3018 1247 3103 1301 eui
3146 1265 3339 1307 nomen
3369 1246 3501 1309 Acta
3545 1262 3798 1328 apostolo-

2230 1339 2382 1392 rum,
2410 1327 2500 1397 qui
2530 1344 2635 1384 non
2679 1334 2918 1390 omnium
2938 1377 2955 1404 ,
2985 1339 3079 1394 sed
3107 1341 3263 1397 unius
3289 1345 3371 1400 vel
3398 1327 3631 1405 duorum
3656 1363 3762 1407 acta
3781 1395 3797 1418 ,

2228 1428 2399 1484 eaque
2427 1433 2533 1474 non
2566 1420 2638 1477 ita
2670 1424 2834 1480 multa
2862 1430 3137 1496 continet,
3171 1432 3369 1489 videbit
3392 1448 3627 1509 aegrotos
3653 1442 3700 1494 in
3730 1444 3796 1496 le-

2228 1504 2386 1559 ctulis
2409 1506 2809 1581 deeumbentes,
2840 1517 3161 1589 umbrasque
3188 1504 3469 1580 beatorum
3498 1528 3702 1585 illorum
3725 1534 3795 1587 vel

2230 1596 2348 1652 solo
2391 1605 2533 1653 tactu
2579 1602 2861 1659 sanitatem
2887 1607 3217 1675 restituisse;
3246 1614 3551 1685 multosque
3591 1619 3797 1675 furiosos

2230 1685 2378 1742 Pauli
2404 1697 2605 1745 tantum
2630 1695 2960 1753 vesdmentis
2978 1701 3045 1755 ab
3071 1703 3303 1772 agitante
3333 1720 3393 1762 se
3416 1709 3661 1767 diemone
3684 1713 3794 1767 libe-

2230 1791 2394 1835 ratos.
2419 1782 2571 1849 Quod
2603 1787 2648 1841 si
2674 1789 2793 1857 quis
2820 1788 2933 1845 haec
2957 1790 3130 1846 fucum
3157 1811 3275 1852 esse
3302 1797 3439 1854 dicat
3468 1815 3524 1856 et
3551 1813 3800 1872 portento-

2230 1884 2349 1924 rum
2379 1871 2631 1943 ï¬gmenta
2660 1891 2768 1932 non
2793 1880 3088 1949 credibilia,
3121 1884 3204 1939 vel
3228 1900 3289 1940 ea
3318 1904 3437 1958 quae
3461 1871 3604 1946 nunc
3633 1895 3797 1949 viden-

2233 1969 2319 2015 tur
2347 1964 2478 2017 satis
2503 1974 2627 2020 sunt
2653 1967 2720 2022 ad
2747 1968 3118 2040 blaSphemum
3144 1974 3261 2045 ejus
3286 1993 3349 2033 os
3378 1980 3728 2037 obturandum
3753 1995 3798 2038 ct

2229 2051 2679 2124 confundendum,
2706 2069 2761 2116 et
2784 2061 2851 2116 ad
2875 2062 3129 2120 etlâ€˜renem
3156 2069 3270 2137 ejus
3301 2069 3535 2142 linguam
3566 2077 3797 2131 cohiben-

2229 2140 2377 2200 dam.
2405 2145 2556 2203 Nulla
2580 2148 2724 2205 enim
2744 2151 2797 2206 in
2818 2152 2949 2207 orbe
2975 2167 3159 2211 nostro
3186 2170 3267 2213 est
3295 2140 3466 2231 regio,
3500 2166 3640 2220 nulla
3660 2182 3796 2238 gens.

2230 2235 2373 2291 nulla
2401 2238 2562 2306 urbs,
2608 2241 2696 2297 ubi
2736 2243 2850 2299 [nec
2877 2246 3131 2303 miracuta
3161 2265 3265 2305 non
3293 2254 3631 2312 celebrentur
3656 2235 3796 2328 :vqua:

2231 2326 2411 2397 utique
2445 2328 2491 2384 si
2521 2329 2769 2413 figmenta
2793 2345 3005 2402 essent,
3036 2354 3143 2393 non
3183 2341 3523 2400 admirationi
3564 2326 3799 2402 habereu-

2232 2422 2336 2472 tur.
2364 2417 2528 2489 Cujus
2572 2423 2650 2478 rei
2694 2425 3053 2483 testimonium
3084 2445 3179 2486 vos
3223 2432 3323 2502 ipsi
3366 2435 3627 2492 exhibere
3661 2447 3796 2507 pote-

2228 2509 2365 2563 stis:
2397 2524 2505 2566 non
2533 2512 2676 2567 enim
2709 2513 2865 2570 fidem
2904 2518 3119 2577 aliunde
3146 2523 3379 2578 mutuari
3414 2540 3556 2595 opus
3595 2527 3795 2581 habebi-

2231 2615 2351 2657 mus
2371 2641 2387 2667 ,
2417 2617 2538 2657 cum
2566 2618 2662 2659 vos
2707 2605 2901 2663 inimici
2931 2613 3095 2665 nostri
3126 2628 3243 2669 eam
3275 2615 3644 2673 exhibuerilis.
3673 2617 3792 2682 Cur,

2230 2706 2414 2763 qutcso
2436 2735 2451 2760 ,
2482 2694 2821 2753 Zoroastrem
2875 2698 2954 2774 (a)
2983 2703 3129 2758 illum
3157 2716 3211 2759 ct
3238 2706 3515 2765 Zamolxin
3555 2711 3697 2766 multi
3737 2727 3795 2765 ne

2231 2786 2448 2841 nomine
2475 2788 2687 2858 quidem
2716 2801 2952 2861 norunt,
2984 2795 3091 2851 imo
3120 2801 3328 2854 nonnisi
3358 2800 3644 2858 admodum
3663 2805 3792 2873 pauci

2231 2880 2465 2934 norunt?
2491 2897 2667 2938 nonne
2703 2885 2825 2955 quia
2868 2884 3115 2957 figmenta
3156 2904 3309 2946 erant
3352 2897 3570 2958 omnia,
3600 2912 3712 2966 quae
3737 2896 3796 2950 de

2231 2969 2336 3025 illis
2364 2972 2721 3031 dicebautur?
2749 2976 3079 3050 Quamquam
3109 2993 3217 3037 tum
3259 2984 3361 3049 illi,
3391 2995 3507 3042 tum
3541 2989 3578 3043 ii
3600 2988 3684 3058 qui
3720 2988 3795 3043 illa

2156 3133 2173 3149 Ï
2230 3063 2622 3133 confinxerunt,
2655 3067 2753 3122 viri
2782 3082 2972 3139 graves
2997 3070 3161 3127 fuisse
3198 3072 3470 3143 ferantur;
3504 3078 3576 3134 illi
3601 3078 3795 3149 quidem

2229 3155 2296 3211 ad
2327 3158 2621 3229 praestigias
2649 3160 2997 3219 inveniendus
3024 3166 3457 3239 exercendasque
3480 3212 3502 3237 ,
3527 3171 3585 3227 hi
3603 3186 3718 3226 vero
3737 3169 3793 3223 ad

2230 3249 2563 3305 mendacium
2605 3253 2890 3311 verborum
2930 3257 3049 3312 fuco
3092 3258 3539 3318 adutnbraudum.
3569 3264 3668 3319 Sed
3697 3262 3795 3316 inec

2229 3340 2423 3397 frustra
2453 3350 2507 3398 et
2550 3344 2814 3401 incassum
2872 3348 3214 3417 proferuntur
3242 3392 3257 3418 ,
3286 3354 3502 3421 quando
3533 3356 3697 3424 ipsum
3721 3369 3795 3407 ar-

2227 3444 2539 3504 gumentum
2571 3453 2789 3507 pravum
2811 3449 2864 3494 et
2887 3441 3040 3496 fallax
3068 3457 3186 3499 esse
3212 3449 3573 3514 comperitur;
3604 3456 3657 3502 ut
3677 3460 3788 3499 con-

2234 3534 2313 3581 tra
2344 3527 2557 3598 quando
2602 3540 2805 3585 certum
2838 3548 3127 3603 verumque
3149 3543 3231 3589 est
3253 3575 3268 3600 ,
3298 3534 3493 3591 frustra
3521 3537 3688 3595 omnia
3720 3549 3794 3588 ceâ€”

2230 3617 2391 3683 dunt,
2421 3635 2539 3690 quze
2570 3621 2636 3675 ad
2687 3622 2816 3677 illud
2865 3625 3211 3679 evertentlum
3241 3627 3307 3681 ab
3352 3626 3582 3684 inimicis
3605 3626 3793 3695 excogi-

2232 3716 2409 3763 tantur
2436 3727 2449 3763 :
2479 3711 2717 3766 veritatis
2742 3714 2937 3784 quippe
2963 3714 3123 3769 robur
3144 3716 3290 3771 nullo
3314 3726 3433 3785 eget
3455 3718 3681 3781 auxilio;
3711 3715 3794 3769 sed

2230 3801 2438 3856 etiamsi
2464 3802 2725 3859 innumeri
2751 3805 2857 3859 sint
2886 3806 2974 3875 qui
3002 3806 3143 3860 illam
3168 3809 3508 3879 exstinguere
3531 3816 3791 3870 conentur,

2231 3909 2336 3949 non
2365 3895 2536 3950 solum
2570 3913 2672 3951 non
2703 3897 2994 3953 destruitur
3014 3940 3029 3966 ,
3071 3899 3163 3953 sed
3191 3900 3349 3955 etiam
3393 3899 3791 3972 impnguantium

2230 4002 2389 4059 Opera
2412 3989 2738 4059 splendidior
2756 3992 3137 4063 sublimiorque
3156 3993 3349 4059 evadit,
3370 3994 3594 4067 illosque
3611 3991 3787 4052 irridet,

2230 4080 2320 4149 qui
2354 4078 2547 4134 frustra
2577 4094 2694 4135 sese
2720 4083 3024 4137 excruciant
3048 4091 3101 4137 et
3130 4084 3414 4139 insaniunt.

2305 4166 2379 4224 Re
2418 4186 2523 4235 um,
2557 4170 2993 4243 phil050phorum,
3017 4175 3272 4228 rhetorum
3301 4184 3474 4229 contra
3505 4171 3789 4230 Christianos

2230 4270 2438 4314 conatus
2464 4262 2597 4314 vani.
2628 4291 2698 4301 â€”
2725 4260 2914 4316 Nostra
2938 4264 3132 4333 quippe
3159 4265 3243 4319 illa
3264 4306 3279 4331 ,
3308 4282 3424 4335 qua:
3448 4282 3545 4321 vos
3570 4265 3787 4333 figmenta

2232 4363 2350 4404 esse
2373 4349 2572 4415 dicitis,
2604 4361 2658 4405 et
2686 4353 2891 4423 tyranni
2922 4362 2975 4408 et
3007 4368 3156 4423 reges
3181 4364 3233 4407 et
3262 4354 3487 4409 dicendo
3506 4353 3683 4409 invicti
3709 4364 3786 4403 soâ€”

2234 4440 2457 4510 phistie;
2490 4441 2724 4511 itemque
2750 4441 3049 4512 philosophi
3077 4453 3131 4498 et
3156 4445 3565 4515 prastigiatores
3589 4452 3642 4498 et
3668 4439 3785 4507 magi

2234 4544 2287 4590 et
2314 4534 2584 4589 darmones
2618 4534 2890 4590 destruere
2918 4546 3204 4601 curarunt;
3234 4536 3296 4589 Et
3319 4538 3573 4603 infirmata
3598 4543 3663 4589 est
3685 4547 3785 4584 corr

2235 4635 2312 4681 tra
2342 4626 2458 4681 illos
2488 4627 2661 4699 lingua
2687 4644 2858 4681 eorum
2883 4629 2901 4697 (
2931 4627 3076 4682 Paul.
3109 4629 3194 4683 65.
3228 4628 3304 4697 9),
3356 4629 3640 4684 secundum
3680 4637 3786 4696 pro-

2234 4720 2503 4790 pheticum
2553 4734 2895 4784 sermonem,
2940 4727 2994 4773 et
3042 4719 3255 4788 Sagittaâ€œ:
3300 4719 3621 4789 parvulorum
3659 4719 3786 4812 facta

2232 4821 2349 4863 sunt
2381 4810 2547 4880 plaga:
2575 4826 2747 4864 eorum
2773 4807 2933 4881 (Ibid.
2961 4824 3006 4862 Ï….
3043 4808 3117 4879 8).
3148 4809 3317 4879 [teges
3347 4810 3540 4879 quippe
3576 4823 3636 4862 ex
3674 4806 3784 4858 insi-

2232 4902 2334 4956 diis
2359 4909 2541 4955 coutra
2574 4915 2671 4954 nos
2698 4901 2912 4954 structis
2940 4908 3142 4954 tantum
3172 4900 3358 4955 lucrati
3389 4911 3535 4967 sunt,
3558 4908 3782 4969 quantum

2234 4995 2361 5048 satis
2387 5000 2502 5048 erat
2526 4991 2591 5046 ad
2620 4990 2773 5046 ferini
2799 4991 2961 5045 animi
2993 4992 3185 5045 famam
3214 4991 3353 5061 apud
3381 5005 3567 5046 omnes
3592 4988 3683 5044 sibi
3707 5000 3783 5053 pa-

2233 5083 2450 5137 randam
2483 5100 2498 5137 :
2528 5083 2599 5137 ob
2624 5084 2759 5139 iram
2797 5082 2936 5136 enim
2964 5092 3146 5136 contra
3178 5091 3441 5153 martyres
3482 5085 3780 5147 susceptam.

2234 5176 2284 5229 in
2308 5190 2642 5230 communem
2675 5183 2914 5229 naturam
2948 5172 3280 5237 ferocientes,
3308 5187 3427 5226 sese
3454 5169 3781 5242 imprudentes

2232 5265 2498 5321 sexcentis
2539 5264 2842 5336 opprobriis
2879 5264 3141 5319 obnoxios
3182 5252 3543 5317 reddiderunt.
3572 5258 3782 5350 Philoso:

2236 5360 2320 5429 phi
2352 5365 2529 5412 autem
2556 5365 2611 5411 et
2638 5355 2777 5409 acuti
2817 5353 3060 5409 rhetores
3087 5355 3391 5422 Opinionem
3420 5365 3683 5424 magnam,
3706 5343 3777 5396 alii

2237 5450 2531 5517 probitatis,
2554 5446 2642 5501 alii
2662 5444 2986 5517 eloquentia:
3010 5445 3151 5514 apud
3181 5445 3371 5498 multos
3396 5444 3658 5537 habentes,
3681 5440 3779 5537 post

2234 5542 2571 5594 eounnissam
2602 5539 2883 5594 adversum
2914 5549 3012 5590 nos
3041 5551 3267 5606 pugnam
3312 5536 3516 5590 ridiculi
3542 5532 3730 5622 effecti:
3760 5535 3781 5571 Ï„Î¹

2237 5634 2414 5703 pueris
2456 5632 2747 5702 uugacibus
2789 5628 2920 5685 nihil
2941 5626 3154 5682 ditlâ€˜erre
3174 5627 3270 5680 visi
3309 5635 3455 5681 sunt.
3482 5627 3523 5680 Î‘
3552 5629 3623 5678 tot
3659 5624 3778 5672 enlm

2298 5768 2371 5830 (Î±)
2397 5774 2646 5817 ÎºÎ¿Ï„Î¿ÎµÎµÎ¹Î¿Ï€
2665 5766 2864 5852 eisâ€œ?
2887 5766 3005 5836 Ï„Î´Î½Î¹á½·Îµ
3023 5764 3265 5852 iniamâ€œ,
3284 5747 3775 5852 9â€œif.â€˜Â§â€˜.â€˜..Â°?.i"p2Â£.'Â§â€˜

2234 5819 2330 5891 quo
2353 5819 2495 5878 natus
2529 5837 2621 5879 est.
2648 5819 2771 5876 Vide
2798 5826 2995 5875 Plinium
3019 5825 3053 5872 l.
3076 5825 3160 5896 Â¹50.
3197 5838 3241 5872 c.
3284 5819 3325 5871 l'.
3355 5819 3773 5913 Emeb._tlelfâ€˜rt!lâ€™aâ€˜.

2235 5900 2304 5913 ...,.
2366 5898 2377 5913 1
2401 5903 2524 5913 Î·Î¹Î¼...
2566 5898 2609 5913 Î‘.
2638 5890 2824 5913 vum...â€œ
2882 5886 3111 5913 Î½Î¹Î·Î·Î¹Î¹Î¹á½¶Î½Ï‰
3133 5886 3402 5913 Ï„Î¹Ï‰Î¹á½¶Ï…Ï€Î·Î·ÎµÏ‰
3426 5885 3604 5913 rimi-nm
3623 5885 3685 5913 us-
3708 5877 3775 5913 11111

2235 5875 2326 5939 iiut.
2358 5875 2620 5949 'is-â€˜aiigiÃ©i
2638 5875 2843 5937 suillam.
2882 5886 3114 5952 Zaqtolxis
3133 5886 3403 5952 Pythagora:
3426 5875 3687 5952 discipulus.
3708 5880 3760 5930 ou

2241 5968 2326 6015 [ro
2350 5941 2547 6002 Saturno
2570 5965 2596 6002 a
2621 5952 2875 6003 â€˜tâ€˜ltracibus
2897 5949 3087 5999 habitus
3112 5941 3201 5997 est.
3227 5941 3447 5995 ttet'odot.
3477 5941 3560 5993 lib;
3586 5941 3627 5990 4.
