4032 6472
198 446 308 505 εδδ

200 558 402 626 παῖδας
426 561 552 617 ἀντὶ
585 562 874 635 προϐάτων
909 565 1001 619 καὶ
1045 564 1182 635 βοῶν
1214 568 1293 629 είς
1329 566 1457 629 τοὺς
1502 561 1682 617 αὑτῶν
1714 577 1885 614 κατα⁶

203 650 545 720 σφάττεσθαι
568 651 807 723 βωμοὺς,
830 653 1129 724 ἐπενόησαν
1153 654 1312 723 ξένην
1331 652 1682 725 ἀνδροφονίας
1706 668 1884 722 παρα-

202 740 424 809 νομίαν,
456 739 551 792 καὶ
588 741 901 811 καινότερον
933 744 1219 813 συμφορᾶς
1266 742 1635 811 ἐπεισήγαγον
1660 740 1879 812 τρόπον.

204 827 319 891 Οὓς
364 826 474 899 γάρ
525 827 635 881 ἔδει
674 827 889 883 πενθεῖν
943 829 1041 892 τάς
1076 830 1184 882 τῶν
1239 829 1600 901 ἀνῃρημένων
1647 828 1882 896 σφαγὰς,

204 914 438 979 τούτους
464 915 692 970 ἔπεισαν
720 918 800 979 είς
832 915 932 988 τὴν
966 916 1156 970 ἀθλίαν
1178 917 1394 987 ἐκείνην
1422 914 1733 987 μιαιφονίαν
1760 932 1880 985 προ-

208 1018 370 1071 αγειν
401 1003 619 1067 αὐτούς.
644 1005 753 1059 Καὶ
779 1004 866 1058 ἵνα
895 1004 968 1076 μὴ
999 1006 1160 1075 μόνον
1185 1006 1233 1059 οί
1261 1004 1411 1077 παρά
1440 1004 1548 1058 τῶν
1582 1002 1888 1073 ἀνθρώπων

205 1090 463 1155 τεθέντες
499 1091 873 1162 ἀτιμάζωνται
903 1092 1078 1163 νόμοι,
1123 1092 1375 1156 καὶτοὺς
1409 1093 1510 1163 τῆς
1548 1090 1762 1160 φύσεως
1791 1089 1888 1141 αὑ-

202 1178 343 1242 τοὺς
367 1178 604 1249 θεσμοὺς
630 1181 696 1232 ἐκ
722 1178 937 1251 βάθρων
966 1180 1302 1244 ἀνέσπασαν,
1330 1180 1500 1250 αὐτὴν
1537 1179 1658 1233 καθ’
1686 1178 1887 1248 ἑαυτῆς
1914 1172 1917 1173 ν

203 1265 487 1336 ἐκϐακχεύ
498 1282 707 1331 σαντες,
730 1266 824 1320 καὶ
847 1267 937 1320 τὸν
965 1268 1220 1322 ἁπάντων
1248 1267 1599 1337 ἐναγέστερον
1628 1265 1785 1334 φόνον
1808 1266 1890 1328 είς

203 1357 302 1408 τὸν
326 1355 441 1409 τῶν
460 1356 763 1429 ἀνθρώπων
785 1358 1097 1427 εἰσάγοντες
1119 1359 1506 1430 βίον.’οὑδένας
1528 1359 1637 1430 γὰρ
1660 1357 1888 1429 ἐχθροὺς

204 1441 357 1496 οὕτω
387 1444 595 1510 λοιπὸν,
623 1446 700 1509 ὡς
730 1448 856 1511 τοὺς
892 1448 1290 1518 γεγεννηκότας
1321 1448 1559 1510 ἅπαντες
1602 1446 1809 1500 ἔδεισαν
1835 1458 1886 1513 τι,

206 1532 306 1585 καὶ
327 1529 410 1596 οἷς
440 1532 609 1602 ἐχρῆν
639 1534 873 1604 μάλιστα
901 1534 1118 1589 πάντων
1139 1535 1383 1606 θαρῥεῖν,
1400 1535 1622 1598 τούτους
1656 1534 1890 1605 μάλιστα

207 1620 436 1675 πάντων
456 1621 525 1674 δι’
553 1621 788 1691 ὑποψίας
806 1616 950 1691 εἶχον
979 1622 1075 1675 καὶ
1098 1623 1520 1693 ἀπεστρέφοντο.
1541 1624 1604 1675 Οί
1624 1623 1731 1695 γὰρ
1757 1621 1888 1675 ἀλά·

210 1725 409 1780 στορες
455 1709 674 1772 ἐκεῖνοι,
710 1708 777 1762 δι’
809 1702 884 1762 ὧν
927 1712 956 1763 6
987 1710 1121 1774 Θεὸς
1158 1711 1355 1774 αὐτοὺς
1392 1711 1485 1763 ἐπὶ
1513 1709 1609 1781 τὴν
1655 1709 1889 1780 θεωρίαν

206 1796 368 1851 τοῦδε
394 1796 487 1850 τοῦ
516 1797 722 1868 κόσμου
765 1799 1076 1869 παρήγαγε,
1106 1799 1193 1852 διά
1225 1798 1429 1852 τούτων
1457 1799 1655 1862 αὑτοὺς
1686 1797 1889 1868 ταύτης

207 1884 467 1938 ἐκϐαλεῖν
505 1884 917 1956 ἐφιλονείκησαν
949 1886 1049 1956 τῆς
1096 1887 1326 1958 δωρεᾶς,
1357 1888 1483 1950 τοὺς
1525 1886 1662 1958 πρὸς
1683 1884 1744 1939 τὸ
1788 1884 1889 1956 ζῇν

209 1972 764 2044 ὑπηρετησαμένους,
802 1970 1026 2036 τούτους
1080 1974 1176 2027 καὶ
1224 1972 1318 2026 τοῦ
1347 1972 1578 2026 θανάτου
1620 1974 1892 2042 καταστή-

210 2076 410 2122 σαντες
448 2059 674 2126 αἰτίους,
724 2060 913 2129 ῶσπερ
943 2061 1206 2127 ἐπιδεῖξαι
1239 2060 1574 2132 βουλόμενοι,
1607 2063 1690 2115 ὅτι
1731 2059 1890 2113 πλέον

208 2145 369 2199 οὑδέν
399 2146 583 2210 αὐτοῖς
615 2146 840 2215 γέγονεν
884 2148 949 2201 ἐκ
991 2148 1091 2217 τῆς
1118 2148 1459 2218 ἀγαθότητος
1486 2145 1582 2200 τοῦ
1615 2147 1782 2201 Θεοῦ’
1827 2146 1889 2200 ού

209 2234 329 2305 γὰρ
360 2234 562 2304 ἐτέρων
593 2235 873 2306 δεήσονται
905 2237 1156 2304 σφαγέων
1174 2236 1226 2301 ι),
1256 2235 1394 2289 ἀλλά
1425 2235 1533 2288 τῶν
1564 2234 1891 2305 φυσαμένων

162 2381 178 2392 ί
211 2322 419 2377 αὑτῶν.
444 2322 629 2378 Ταῦτα
658 2325 707 2378 εί
756 2323 849 2376 καὶ
896 2323 1080 2393 θαῦμά
1115 2342 1168 2376 τι
1219 2323 1698 2396 παρηκολούθησεν
1726 2322 1890 2394 μέγα,

216 2412 294 2482 μὴ
319 2412 401 2465 ὅτι
433 2408 485 2463 εἰ
512 2428 613 2465 που
647 2428 701 2464 τι
732 2411 827 2464 καὶ
858 2411 1072 2481 ἐδείχθη
1109 2413 1303 2482 μικρὸν
1345 2412 1441 2466 καὶ
1486 2411 1700 2475 οὐδενὸς
1742 2410 1893 2477 ἀξιον

210 2494 400 2563 λόγου,
433 2497 528 2550 καὶ
556 2496 758 2568 πολλῆς
785 2497 954 2568 γέμον
978 2498 1194 2569 ἀπάτης
1224 2494 1313 2570 ἦν,
1345 2498 1461 2552 ἀλλ’
1490 2499 1539 2551 εί
1563 2497 1659 2552 καὶ
1683 2496 1894 2568 μεγάλα

210 2580 283 2656 ἦν
310 2584 381 2637 τά
408 2585 667 2656 γινόμενα
695 2585 890 2651 ταῦτα,
922 2585 1067 2658 ἀπερ
1088 2582 1264 2654 εἷπον,
1278 2589 1391 2652 τοῖς
1422 2588 1496 2659 μὴ
1528 2586 1650 2641 λίαν
1672 2587 1894 2656 ἐξεστη-

211 2674 372 2745 κόσιν
425 2673 585 2727 ἱκανά
629 2673 822 2737 δεῖξαι,
861 2674 1001 2738 τίνες
1037 2671 1179 2746 ἦσαν
1214 2677 1264 2728 οἱ
1318 2676 1412 2728 καὶ
1441 2677 1624 2729 ἐκεῖνα
1661 2674 1891 2746 ἐργαζό-

214 2779 393 2831 μενοι,
434 2761 549 2826 πῶς
578 2760 727 2834 [558]
764 2764 951 2834 μιαροὶ
985 2762 1079 2816 καὶ
1117 2763 1448 2835 παμμίαροι,
1477 2763 1572 2815 καὶ
1602 2763 1780 2816 πάντα
1805 2762 1890 2814 ἐπ’

215 2847 500 2920 ἀνατροπῇ
529 2859 552 2887 ο
587 2849 682 2903 καὶ
707 2848 805 2919 τῆς
837 2848 984 2920 ζωῆς
1015 2850 1108 2903 καὶ
1137 2850 1234 2920 τῆς
1267 2849 1651 2912 καταστάσεως
1679 2848 1896 2903 τεκταί-

210 2951 402 2998 νοντες
430 2937 527 3007 τῆς
561 2936 857 3008 ἡμετέρας.

287 3023 358 3095 β’.
390 3023 530 3077 Ἀλλ’
555 3024 656 3097 οὐχ
687 3027 714 3078 6
730 3025 933 3096 Κύριος
962 3024 1120 3096 ἡμῶν
1149 3023 1355 3095 Ἰησοῦς
1369 3023 1609 3077 τοιοῦτον
1626 3024 1778 3077 οὐδὲν
1796 3026 1894 3078 ἐπ-

213 3111 406 3177 έταξεν
434 3114 587 3183 ἡμῖν,
604 3112 742 3167 ἀλλά
766 3112 1078 3183 θαυμαστὸς
1099 3111 1174 3166 ῶν
1200 3112 1287 3166 διὰ
1318 3113 1385 3166 τά
1416 3112 1693 3182 τεράστια,
1710 3112 1797 3165 διά
1827 3110 1897 3165 τά

213 3202 618 3272 προστάγματα
649 3200 1084 3277 τῶνιθαυμάτων
1127 3201 1225 3271 οὑχ
1261 3197 1445 3273 ἦττον,
1487 3199 1640 3272 παρὰ
1674 3201 1895 3254 πάντων

215 3290 285 3343 ἂν
325 3293 682 3361 προσκυνοῖτο
717 3290 941 3354 δικαίως
979 3290 1072 3343 καὶ
1106 3289 1415 3343 πιστεύοιτο
1441 3285 1577 3341 εἶναι
1605 3288 1756 3352 Θεός.
1783 3289 1896 3359 Τὴν

212 3377 327 3447 γάρ
350 3377 698 3448 παρανομίαν
717 3376 919 3448 ταύτην
947 3377 1110 3440 αὑτὸς
1139 3375 1308 3430 ἐλθὼν
1334 3376 1518 3429 ἐλυσεο
1553 3377 1648 3429 καὶ
1679 3376 1740 3429 τὸ
1765 3375 1887 3429 θαυ-

215 3463 576 3534 μαστότερον,
607 3464 689 3517 ὃτι
716 3464 817 3534 τῆς
851 3463 1048 3534 ἀγρίας
1079 3464 1172 3517 καὶ
1197 3462 1442 3533 ἀπηνοῦς
1472 3462 1805 3534 τυραννίδος,
1833 3462 1892 3515 οὑ

210 3557 345 3614 τοὺς
382 3550 822 3621 προσκυνοῦντας
862 3552 1020 3605 αὑτὸν
1055 3551 1215 3622 μόνον
1260 3553 1440 3621 ἡμᾶς,
1476 3550 1613 3605 ἀλλά
1644 3551 1740 3603 καὶ
1770 3551 1897 3613 τοὺς

215 3637 680 3709 βλασφημοῦντας
732 3639 894 3694 αὑτὸν
937 3638 1179 3702 ἐκείνους
1230 3631 1568 3708 ἀπήλλαξεν·
1623 3638 1745 3690 οὑδέ
1788 3636 1897 3707 γάρ

225 3726 499 3798 Ἑλλήνων
538 3744 621 3790 τις
658 3727 737 3780 ἔτι
780 3725 1034 3790 τοιαύτας
1068 3727 1260 3789 θυσίας
1299 3729 1410 3790 τοῖς
1445 3726 1636 3779 ἐαυτοῦ
1677 3726 1896 3796 δαίμοσι

220 3817 523 3886 προσάγειν
566 3816 929 3886 ἠνάγκασται.
959 3815 1210 3885 Τοσαύτῃ
1240 3813 1375 3884 πρὸς
1418 3814 1480 3866 τὸ
1517 3814 1784 3884 ἡμέτερον
1809 3814 1897 3868 ἀεὶ

216 3905 602 3975 φιλανθρωπίᾳ
644 3904 907 3975 κέχρηται
942 3904 1120 3973 γένος,
1164 3903 1255 3956 καὶ
1288 3895 1364 3955 ὧν
1399 3903 1447 3956 οί
1490 3902 1744 3972 δαίμονες
1771 3903 1899 3964 τοὺς

217 3992 429 4047 ἑαυτῶν
461 3992 647 4061 φίλους
681 3993 1009 4062 είργάσαντο
1042 3990 1247 4053 κακῶν,
1285 3990 1505 4060 μείζονα
1543 3991 1572 4042 6
1611 3988 1746 4052 Θεὸς
1772 3989 1899 4053 τοὺς

223 4080 455 4151 ἐχθροὺς
487 4078 513 4117 ά
549 4080 803 4151 ἐποίησεν
843 4078 1044 4147 ἀγαθά.
1076 4079 1141 4130 Οἱ
1188 4077 1288 4146 μὲν
1326 4079 1433 4147 γὰρ
1475 4076 1727 4145 δαίμονες
1772 4078 1898 4139 τοὺς

223 4168 629 4239 θεραπεύοντας
666 4168 863 4232 αὐτοὺς
883 4168 977 4222 καὶ
1013 4167 1304 4238 τιμῶντας,
1327 4167 1436 4221 τῶν
1455 4167 1671 4221 οἰκείων
1693 4166 1899 4221 παίδων

218 4256 482 4328 γενέσθαι
520 4259 764 4327 σφαγέας
797 4257 1146 4327 ἠνάγκασαν·
1173 4258 1201 4309 6
1237 4255 1295 4309 δὲ
1331 4254 1568 4327 Χριστὸς
1605 4256 1731 4317 τοὺς
1760 4255 1901 4311 ἀπο-

217 4345 622 4416 στρεφομένους
643 4346 805 4399 αύτὸν
828 4345 1031 4398 τούτων
1056 4345 1163 4397 τῶν
1190 4343 1577 4413 ἐπιταγμάτων
1602 4341 1899 4412 ἀπήλλαξε,

219 4433 320 4489 καὶ
356 4434 455 4503 τῆς
500 4433 795 4506 θηριώδους
827 4432 1167 4502 λειτουργίας
1216 4432 1313 4501 τὴν
1356 4431 1626 4493 ἀτέλειαν,
1662 4431 1757 4483 καὶ
1800 4430 1900 4500 τὴν

220 4521 543 4593 θαυμαστὴν
571 4520 775 4591 ταύτην
803 4522 1046 4592 είρὴνην,
1070 4520 1168 4572 οὑκ
1198 4522 1277 4583 εἰς
1302 4521 1426 4582 τοὺς
1445 4520 1678 4582 οἰκείους
1705 4519 1901 4588 μόνους

228 4610 588 4675 συνέκλεισεν,
619 4609 755 4663 ἀλλά
794 4609 889 4662 καὶ
922 4610 1002 4672 είς
1031 4609 1155 4673 τοὺς
1178 4608 1491 4679 ἀλλοτρίους
1514 4606 1768 4677 ἐξήγαγε,
1794 4607 1903 4660 δει-

227 4700 360 4761 κνὺς
386 4699 464 4751 ὅτι
490 4700 684 4752 ἐκεῖνοι
710 4698 807 4768 μὲν
829 4697 1080 4767 τύραννοί
1111 4713 1256 4758 τινες
1296 4695 1505 4749 καὶτοῦ
1530 4695 1723 4762 γένους
1746 4693 1901 4765 ἡμῶν

219 4788 408 4859 ἐχθροὶ
436 4788 527 4841 καὶ
562 4786 836 4858 λυμεῶνές
860 4789 986 4850 εἰσι,
1013 4768 1135 4840 δι”ὃ
1172 4787 1266 4839 καὶ
1294 4788 1406 4849 τοῖς
1429 4783 1796 4856 ᾠκειωμένοις
1825 4783 1902 4846 ὡς

221 4875 522 4947 ἀλλοτρίοις
556 4876 901 4947 ἐκέχρηντον
932 4874 1167 4944 καὶγὰρ
1211 4870 1351 4945 ἦσαν
1401 4872 1691 4944 ἀλλότριοι.
1735 4872 1793 4925 Ὀ
1843 4870 1902 4924 δέ

220 4963 476 5033 βασιλεὺς
511 4965 603 5017 καὶ
637 4963 965 5035 δημιουργὸς
1003 4964 1099 5016 καὶ
1132 4963 1314 5033 σωτὴρ
1347 4960 1440 5014 τοῦ
1485 4961 1686 5023 παντὸς
1712 4960 1900 5028 γένους

218 5049 527 5121 ἀνθρώπων
578 5052 741 5114 αὑτὸς
784 5048 886 5123 ἦν·
933 5051 1013 5104 διὸ
1046 5052 1141 5104 καῖ⁹
1189 5051 1297 5103 τῶν
1347 5048 1794 5119 ὴλλοτριωμένων
1824 5047 1900 5110 ὡς

222 5137 371 5191 ἰδίων
402 5140 655 5207 ἐφείδετο.
685 5140 798 5193 Καὶ
842 5139 952 5211 γὰρ
984 5135 1053 5211 ἦν
1099 5139 1229 5192 ἴδιον
1264 5138 1425 5208 ἔργον
1472 5136 1637 5191 αὑτοῦ
1678 5137 1826 5189 πᾶσα
1865 5138 1899 5207 ἡ

216 5226 333 5279 τῶν
369 5227 667 5299 ἀνθρώπων
706 5228 888 5296 φύσις,
924 5226 1109 5292 καθὼς
1138 5228 1232 5280 καὶ
1265 5227 1294 5278 6
1328 5224 1576 5297 μαθητὴς
1598 5224 1763 5277 αὑτοῦ
1793 5241 1901 5294 φη-

220 5331 327 5368 σιν·
358 5316 461 5380 Εἰς
493 5316 564 5369 τὰ
604 5316 726 5369 ἴδια
768 5313 936 5387 ἦλθε,
963 5316 1061 5369 καί
1102 5318 1156 5368 οἱ
1198 5314 1336 5367 ἴδιοι
1373 5313 1562 5367 αὐτὸν
1613 5315 1725 5367 οὐκ
1776 5313 1903 5366 ἐδέ-

218 5404 407 5466 ξαντο
436 5413 480 5455 ο.
522 5403 683 5456 Ἀλλά
710 5396 891 5458 πᾶσαν
928 5402 1028 5473 μὲν
1052 5401 1215 5456 αὑτοῦ
1247 5402 1569 5469 καταλέγειν
1595 5401 1692 5471 τὴν
1714 5401 1902 5470 φιλαν-

287 5526 317 5587 ἒ
337 5525 485 5575 Savil.
511 5528 562 5575 in
583 5539 736 5587 marg.
765 5531 819 5575 et
835 5525 989 5575 codex
1013 5539 1140 5574 unus
1161 5524 1417 5587 ἐδεδίεσαν.

276 5586 312 5655 ἐξ
338 5589 421 5637 Sic
441 5589 552 5655 δον.
578 5595 631 5655 e_t
653 5586 780 5655 unus
807 5588 983 5655 codex,
1022 5588 1263 5655 alquc__ita
1287 5586 1482 5655 legerat
1506 5586 1712 5655 iglefpr.
1737 5592 1899 5655 v_elu.~=2

219 5647 309 5717 ςιΊῇ
345 5652 552 5717 σφαγῶν.
590 5650 760 5717 Pa_u|9_
788 5658 901 5710 post
943 5651 1043 5717 (inp
1085 5647 1278 5717 Cogices
1301 5647 1475 5717 αὐτῶν
1521 5648 1902 5717 ’[ὀύτοιςᾲείηκαὶ

217 5709 878 5785 θαῦμάτίπαρηκολούθησε,
912 5712 976 5773 μὴ
1010 5712 1270 5774 θαυμάσῃς
1303 5710 1376 5756 ὅτι
1405 5710 1447 5757 ει
1479 5725 1573 5758 που
1593 5710 1673 5757 καὶ
1697 5711 1900 5773 ἐδείχθη,

262 5787 307 5816 ικ
340 5787 408 5820 ον.

220 5788 258 5833 μ
286 5787 450 5899 ῗρῼιιο
468 5846 588 5899 mg:
611 5839 665 5882 et
681 5833 831 5899 Savil.
860 5848 912 5884 In
932 5848 1079 5899 marg.
1104 5835 1175 5883 ἐπ’
1200 5833 1423 5896 ἐκτροπῇ.

281 5889 311 5958 (ἦ
341 5894 437 5958 Alii
456 5894 553 5950 τοῖς
572 5897 766 5958 ἐχθροῖς.

288 5956 316 5990 ⁸
328 5955 427 6008 Alii
447 5958 502 6007 ού
525 5955 807 6009 παρέλαϐον.

1060 466 1144 522 0E
1177 467 1234 522 ε.
1268 463 1863 531 BABYLA,!‘.ONTRA
1899 466 2242 525 JULIANUM
2272 469 2363 525 ET
2394 447 2754 527 GENTILES.

3548 449 3655 507 556

1991 560 2236 633 θρωπίαν
2257 566 2318 618 οὑ
2351 566 2446 621 τοῦ
2474 567 2736 639 παρόντος
2771 565 2984 638 καιροῦ,
3014 565 3148 620 ἀλλά
3169 566 3273 620 κᾶν
3298 566 3505 631 πάντας
3531 570 3660 633 τοὺς

1987 652 2190 715 αἰῶνας
2226 654 2361 723 περὶ
2402 638 2574 723 αὑτῆς
2602 638 2906 725 φθέγγηται
2956 671 3060 720 τις,
3095 653 3198 708 κᾶν
3246 653 3514 723 τοσαύτην
3557 654 3658 725 ἐχῃ

1986 740 2235 810 δύναμιν,
2254 741 2391 812 ὅσην
2410 740 2509 805 τὰς
2538 742 2861 812 ἀσωμάτους
2881 741 3139 813 δυνάμεις
3157 741 3321 806 εἰκὸς,
3344 741 3463 795 οὑδέ
3487 739 3659 805 οὕτως

1987 828 2252 896 ἐφάψεται
2280 827 2381 897 τῆς
2405 828 2561 895 ἀξίας
2581 829 2731 885 ποτέ.
2748 830 2910 885 Ὅσον
2935 829 3043 901 γάρ
3072 831 3218 883 ἐστιν
3248 829 3471 898 ἀγαθὸς,
3502 830 3660 901 μόνος

1985 912 2124 969 οἶδεν
2172 914 2354 980 αὑτὸς,
2390 916 2573 987 ἐπειδὴ
2608 918 2701 971 καὶ
2759 918 2918 989 μόνος
2962 920 3110 972 ἐστὶν
3150 917 3321 982 οὑτως
3372 916 3390 956 τ
3433 918 3654 985 ἀγαθός.

1998 1002 2132 1073 Ὀρα
2160 1002 2300 1070 γοῦν
2313 997 2401 1056 οἷα
2423 1006 2535 1067 τοῖς
2560 1004 2826 1075 μαθηταῖς
2856 1018 3040 1076 φησιν’
3079 1004 3276 1074 Ἀμὴν,
3311 1003 3476 1073 ἀμὴν
3503 1004 3660 1073 λέγω

1986 1090 2149 1157 ὑμῖν,
2184 1093 2217 1144 o'
2251 1092 2553 1145 πιστεύων
2589 1095 2677 1158 είς
2709 1092 2842 1162 ἐμὲ,
2899 1092 2973 1146 τὰ
3006 1095 3182 1162 ἔργα,
3231 1090 3273 1147 ἄ.
3320 1092 3434 1158 ἐγὼ
3487 1091 3655 1158 ποιῶ,

1988 1178 2268 1246 κάκεῖνος
2305 1178 2566 1246 ποιήσει,
2591 1181 2687 1234 καὶ
2716 1179 2956 1249 μείζονα
2986 1183 3211 1234 τούτων
3231 1179 3489 1246 ποιήσει.
3524 1180 3660 1232 υὺδέ

1989 1267 2097 1339 γὰρ
2129 1266 2195 1321 ἂν
2223 1268 2491 1339 τοσαύτης
2532 1269 2717 1331 αὑτοῖς
2758 1268 3027 1339 μετέδωκε
3064 1266 3165 1338 τῆς
3194 1268 3382 1338 τιμῆς,
3422 1268 3496 1338 μὴ
3538 1266 3659 1321 λίαν

1989 1355 2084 1407 καὶ
2115 1354 2359 1426 ἀπείρως
2395 1354 2471 1408 ὢν
2514 1355 2735 1425 ἀγαθός.
2787 1357 2849 1410 El
2879 1356 2937 1409 δέ
2976 1372 3060 1418 τις
3098 1356 3230 1424 ἡμῖν
3266 1353 3657 1426 ἀμφισϐητοίη,

1991 1441 2093 1495 ποῦ
2121 1443 2273 1506 τέλος
2301 1442 2459 1514 ἔσχεν
2484 1436 2640 1507 οὗτος
2657 1447 2685 1498 6
2706 1445 2971 1515 χρησμὸς.
2998 1443 3059 1497 τὸ
3081 1443 3281 1513 βιϐλίον
3308 1441 3445 1513 μετά
3472 1445 3659 1514 χεῖρας

1990 1529 2188 1594 λαϐὼν,
2210 1531 2238 1584 ὂ
2260 1528 2502 1585 καλεῖται
2536 1533 2634 1603 μὲν
2654 1532 2887 1603 Πράξεις
2911 1530 3241 1595 ἀποστόλων,
3262 1530 3375 1600 ἐχει
3408 1530 3464 1582 δέ
3492 1529 3663 1595 αὑτὰς

1990 1618 2051 1671 οὐ
2087 1620 2286 1684 πάσας,
2316 1619 2432 1673 ἀλλ’
2459 1620 2581 1673 οὐδὲ
2613 1621 2830 1674 πάντων
2859 1618 3057 1685 αὐτῶν,
3076 1619 3188 1673 ἀλλ’
3216 1618 3332 1682 ἐνὸς
3360 1618 3393 1690 ἢ
3425 1618 3536 1679 δύο,
3566 1619 3664 1671 καὶ

1990 1706 2193 1770 ταύτας
2237 1707 2664 1779 εὐαριθμήτους,
2714 1708 2904 1778 ὄψεται
2941 1709 3068 1771 τοὺς
3106 1708 3202 1778 μὲν
3250 1704 3662 1780 ἀρρωστοῦντας

1991 1797 2214 1851 ἐπὶτῶν
2251 1797 2518 1852 κλινιδίων
2565 1799 3016 1869 κατακειμένους,
3054 1797 3153 1860 τὰς
3202 1797 3259 1851 δέ
3306 1797 3462 1860 σκιὰς
3505 1797 3664 1868 μόνον

1991 1884 2101 1938 τῶν
2136 1886 2420 1957 μακαρίων
2456 1887 2681 1941 ἐκείνων
2715 1887 3095 1956 ἐφαπτομένας
3119 1903 3180 1938 τε
3211 1885 3391 1939 αὑτῶν
3417 1886 3530 1954 ἃμα
3570 1884 3663 1938 καὶ

1992 1972 2091 2044 τὴν
2124 1973 2334 2042 ὑγίειαν
2377 1974 2772 2044 ἐργαζομένας,
2809 1975 3024 2037 πολλοῖς
3063 1974 3120 2027 δὲ
3170 1972 3281 2027 τῶν
3329 1973 3663 2043 μαινομένων

1991 2061 2099 2114 τῶν
2131 2061 2364 2131 ἱματίων
2398 2062 2614 2115 Παύλου
2649 2061 2801 2115 οὐδὲν
2850 2061 3010 2115 πλέον
3042 2060 3229 2131 ἐδέησε
3277 2060 3413 2132 πρὸς
3444 2060 3541 2131 τὴν
3570 2058 3664 2113 τοῦ

1993 2150 2269 2214 κινοῦντος
2295 2151 2494 2213 αὐτοὺς
2525 2150 2779 2220 δαίμονος
2806 2150 3146 2220 ἀπαλλαγήν.
3185 2149 3247 2202 El
3285 2148 3342 2203 δέ
3371 2165 3456 2211 τις
3490 2147 3666 2202 ταῦτα

1991 2236 2162 2305 τῦφον
2190 2233 2333 2290 εἶναι
2367 2236 2536 2305 λέγοι,
2565 2237 2660 2291 καὶ
2689 2236 2976 2306 τερατείαν
3009 2235 3342 2306 πλασμάτων
3376 2233 3659 2301 ἀπίθανον,

1993 2326 2131 2380 ἀλλά
2157 2327 2226 2381 τά
2248 2344 2312 2395 γε
2348 2326 2445 2380 νῦν
2479 2325 2733 2397 ὁρώμενα
2764 2325 2923 2379 ἱκανά
2946 2324 3008 2378 τὸ
3032 2323 3371 2395 βλάσφημον
3389 2322 3665 2393 ἐμφράξαι

1996 2414 2170 2485 στόμα
2198 2415 2292 2469 καὶ
2338 2413 2732 2483 καταισχῦναι,
2767 2412 2864 2467 καὶ
2909 2411 3007 2483 τὴν
3054 2411 3386 2482 ἀχαλίνωτον
3422 2410 3668 2478 γλῶτταν

1994 2502 2257 2573 ἐπισχεῖν.
2290 2502 2365 2556 Οὐ
2402 2500 2511 2573 γάρ
2549 2503 2697 2554 ἐστιν
2727 2503 2786 2553 ἐν
2832 2502 2898 2573 τῇ
2935 2498 3055 2553 καθ’
3095 2500 3243 2570 ἡμᾶς
3284 2497 3578 2569 οἰκουμένῃ
3604 2497 3666 2550 οὑ

1996 2591 2168 2663 χώρα,
2197 2592 2298 2645 οὐκ
2323 2590 2494 2655 ἔθνος,
2520 2589 2672 2663 [559]
2702 2590 2764 2644 οὐ
2793 2590 2969 2654 πόλις,
3004 2589 3134 2643 ἔνθα
3160 2587 3331 2643 ταῦτα
3352 2589 3451 2642 οὑκ
3483 2588 3668 2660 ᾅδεται

1993 2678 2064 2731 τὰ
2088 2678 2391 2751 παράδοξα,
2413 2679 2475 2732 οὑ
2502 2677 2882 2749 θαυμασθέντα
2913 2677 3044 2731 ποτέ
3062 2680 3112 2731 εί
3133 2676 3425 2747 πλάσματα
3449 2671 3538 2747 ἦν.
3558 2677 3669 2728 Καὶ

1996 2766 2089 2820 τοῦ
2127 2766 2291 2834 λόγου
2322 2765 2419 2837 τὴν
2461 2764 2765 2836 μαρτυρίαν
2809 2765 2965 2836 ὑμεῖς
3011 2764 3077 2820 ἂν
3105 2765 3440 2835 παράσχοιτε
3465 2764 3671 2834 ταύτην

1995 2856 2158 2926 ἡμῖν’
2194 2855 2256 2908 οὐ
2310 2853 2418 2925 γάρ
2449 2852 2757 2925 δεησόμεθα
2791 2854 2921 2924 παρ’
2959 2852 3163 2923 ἐτέρων
3193 2851 3292 2923 τὴν
3341 2851 3523 2905 πίστιν
3562 2852 3671 2905 τῶν

1994 2941 2305 3014 λεγομένων
2330 2941 2536 3006 λαϐεῖν,
2564 2940 2719 3012 ὑμῶν
2746 2940 2855 2994 τῶν
2884 2940 3093 3012 ἐχθρῶν
3123 2939 3327 3010 ταύτην
3359 2938 3671 3011 παρεχομέ-

1997 3046 2104 3081 νων
2137 3032 2285 3100 ήμῖν.
2317 3029 2451 3083 Εἰπὲ
2479 3028 2587 3100 γάρ
2616 3046 2726 3099 μοι,
2753 3028 2841 3081 διά
2867 3027 2920 3080 τί
2948 3028 3040 3080 τὸν
3073 3028 3438 3099 Ζωροάστρην
3467 3028 3673 3079 ἐκεῖνον

1999 3118 2094 3170 καὶ
2134 3116 2227 3170 τόν
2278 3115 2543 3187 Ζάμολξιν
2575 3116 2696 3169 οὑδὲ
2736 3114 2795 3180 ἐξ
2837 3115 3100 3186 ὀνόματος
3150 3116 3329 3168 ἴσασιν
3375 3114 3426 3166 οί
3464 3113 3672 3178 πολλοὶ,

2000 3205 2200 3276 μᾶλλον
2231 3205 2290 3258 δέ
2323 3204 2446 3257 οὑδέ
2493 3220 2660 3267 τινες.
2702 3203 2843 3274 πλὴν
2887 3203 3084 3271 ὀλίγων
3107 3202 3299 3267 τινῶνς
3336 3197 3427 3274 ἆρ’
3454 3201 3552 3271 οὑχ
3589 3202 3673 3254 ὅτι

1996 3294 2293 3363 πλάσματα
2317 3288 2385 3363 ἦν
2414 3291 2485 3345 τά
2505 3309 2571 3345 πε
2582 3292 2633 3363 ρ“ι
2656 3291 2880 3345 ἐκείνων
2904 3290 3172 3360 λεγόμενα
3195 3291 3444 3354 ἅπαντας
3478 3289 3673 3342 Καίτοι

1996 3398 2060 3450 γε
2090 3382 2333 3434 κάκεῖνοι
2371 3380 2465 3432 καὶ
2494 3381 2542 3431 οἱ
2568 3380 2637 3432 τὰ
2663 3378 2889 3431 ἐκείνων
2916 3377 3200 3440 συνθέντες
3231 3376 3396 3429 δεινοὶ
3420 3374 3674 3445 γενέσθαι

1996 3473 2263 3541 λέγονται,
2294 3471 2342 3523 οί
2377 3469 2475 3540 μὲν
2505 3468 2759 3540 γοητείαν
2784 3469 2963 3540 εὑρεῖν
3006 3468 3098 3519 καὶ
3138 3464 3497 3535 ἐργάσασθαι,
3529 3464 3577 3515 οί
3614 3461 3672 3516 δὲ

1999 3559 2289 3613 συσκιάσαι
2314 3556 2507 3627 ψεῦδος
2526 3559 2594 3627 τῇ
2622 3556 2730 3608 τῶν
2756 3556 2927 3623 λόγων
2949 3553 3286 3623 πιθανότητι.
3317 3551 3477 3604 Ἀλλά
3500 3550 3678 3604 πάντα

2002 3649 2178 3719 μάτην
2199 3644 2407 3714 γίνεται
2436 3644 2530 3699 καὶ
2555 3645 2701 3714 είκῆ,
2734 3644 2861 3696 ὅταν
2891 3644 2924 3713 ἡ
2948 3640 3060 3693 τῶν
3087 3639 3394 3710 λεγομένων
3420 3638 3675 3703 ὑπόθεσις

2001 3735 2178 3807 σαθρά
2209 3735 2304 3788 καὶ
2330 3733 2531 3804 ψευδὴς
2572 3728 2705 3785 οὖσα
2745 3730 2900 3803 τύχῃ,
2934 3730 3124 3800 ῶσπερ
3168 3724 3282 3795 οὖν,
3321 3728 3449 3781 ὅταν
3480 3727 3676 3798 ίσχυρά

1999 3823 2092 3875 καὶ
2127 3821 2352 3892 ἀληθὴς,
2394 3819 2612 3873 ἅπαντα
2641 3819 2803 3873 πάλιν
2848 3817 3026 3889 μάτην
3055 3816 3268 3885 γίνεται
3318 3815 3414 3867 καὶ
3457 3815 3578 3884 είκῆ
3609 3815 3676 3868 τά

2001 3908 2137 3979 πρὸς
2168 3907 2480 3979 ἀνατροπὴν
2509 3904 2868 3976 ἐπινοούμενα
2914 3904 3067 3976 παρά
3104 3904 3213 3957 τῶν
3251 3902 3492 3973 ἐχθρῶν·
3529 3902 3677 3955 οὐδε-

2003 3997 2135 4068 μιᾶς
2169 3994 2277 4068 γάρ
2322 3994 2517 4048 δεῖται
2540 3993 2789 4063 βοηθείας
2817 3995 2851 4064 ἡ
2889 3992 2991 4061 τῆς
3025 3990 3282 4061 ἀληθείας
3335 3989 3515 4059 ἰσχύς·
3542 3988 3678 4043 ἀλλά

2001 4064 2103 4137 κᾶν
2132 4064 2357 4154 μυρίους
2400 4082 2498 4153 ἔχῃ
2529 4083 2655 4145 τοὺς
2699 4080 3024 4143 σϐεννύντας
3064 4078 3255 4149 αὑτὴν,
3290 4078 3350 4132 οὑ
3389 4078 3546 4147 μόνον
3577 4077 3678 4130 οὑκ

2000 4170 2339 4239 ἀφανίζεται,
2369 4170 2506 4223 ἀλλά
2547 4170 2642 4222 καὶ
2673 4168 2740 4222 δι’
2787 4166 2968 4221 αὑτῶν
3013 4165 3122 4220 τῶν
3173 4164 3505 4236 ἐπηρεάζειν
3551 4166 3676 4217 ἐπι-

2002 4256 2328 4329 χειρούντων
2351 4257 2683 4328 φαιδροτέρα
2717 4256 2808 4308 καὶ
2842 4254 3153 4326 ὑψηλοτέρα
3185 4255 3379 4319 ἄνεισι,
3412 4253 3520 4308 τῶν
3554 4252 3678 4322 είκῆ

2003 4345 2312 4399 κοπτόντων
2340 4344 2571 4407 ἐαυτοὺς
2600 4343 2695 4396 καὶ
2725 4343 3068 4413 μαινομένων
3094 4341 3474 4411 καταγελῶσα.

2075 4439 2156 4493 Τά
2191 4437 2291 4509 μὲν
2318 4437 2426 4506 γὰρ
2464 4437 2595 4505 παρ’
2630 4438 2783 4506 ἡμῖν,
2812 4435 2848 4488 ἀ
2887 4451 3024 4503 φατε
3065 4433 3361 4503 πλάσματα
3393 4428 3552 4495 εἶναι,
3586 4432 3679 4484 καὶ

2001 4526 2253 4599 τύραννοι
2281 4526 2375 4579 καὶ
2406 4523 2644 4594 βασιλεῖς
2677 4524 2771 4576 καὶ⁵
2802 4522 2978 4590 λόγων
3016 4521 3220 4591 ἄμαχοι
3265 4520 3536 4589 σοφισταὶ,
3577 4518 3679 4590 ἤδη

2001 4614 2059 4667 δὲ
2096 4615 2194 4667 καὶ
2235 4613 2514 4681 φιλόσοφοι
2557 4611 2654 4663 καὶ
2689 4610 2889 4680 γόητες
2942 4609 3036 4662 καὶ
3069 4610 3233 4679 μάγοι
3286 4608 3382 4661 καὶ
3425 4606 3683 4677 δαίμονες

2003 4701 2252 4757 καθελεῖν
2286 4698 2662 4763 ἐσπούδασαν,
2712 4697 2821 4751 Καὶ
2870 4696 3288 4764 ἐξησθένησεν
3335 4695 3429 4747 ἐπ’
3456 4694 3681 4761 αὐτοὺς

2003 4792 2042 4860 ἡ
2091 4789 2346 4860 γλῶσσα
2389 4785 2622 4848 αὐτῶν,
2656 4784 2795 4838 κατὰ
2826 4784 2917 4837 τὸν
2966 4782 3305 4855 προφητικὸν
3358 4781 3535 4851 λόγον,
3587 4783 3682 4836 καὶ

2002 4878 2160 4946 Βέλη
2186 4878 2213 4920 ⁸
2237 4876 2470 4944 νηπίων
2490 4873 2868 4943 ἐγενήθησαν
2895 4874 2956 4925 αἱ
2989 4871 3214 4940 πληγαὶ
3243 4869 3460 4925 αὐτῶν.
3485 4871 3549 4923 Ol
3581 4868 3681 4940 μὲν

2006 4968 2114 5037 γὰρ
2140 4966 2378 5037 βασιλεῖς
2399 4964 2651 5018 τοσοῦτον
2684 4961 2983 5035 ἐκέρδαναν
3002 4962 3066 5013 ἐκ
3089 4961 3189 5030 τῆς
3222 4959 3342 5012 καθ’
3367 4958 3527 5030 ἡμῶν
3561 4960 3682 5012 ἐπι-

2004 5056 2222 5125 ϐουλῆς,
2259 5056 2383 5107 ὅσον
2412 5050 2704 5124 θηριωδίας
2734 5048 2888 5114 δόξαν
2918 5049 3072 5120 παρά
3101 5050 3268 5102 πᾶσιν
3291 5048 3474 5101 λαϐεῖν
3498 5047 3547 5101 ιι.
3582 5045 3681 5099 Διά

2002 5147 2114 5217 γὰρ
2144 5145 2234 5197 τὸν
2266 5142 2408 5196 κατά
2442 5142 2552 5194 τῶν
2584 5138 2878 5211 μαρτύρων
2910 5136 3081 5207 θυμὸν
3114 5139 3196 5199 είς
3230 5137 3332 5207 τὴν
3366 5136 3469 5204 τῆς
3495 5133 3679 5204 κοινῆς

2003 5235 2218 5303 φύσεως
2248 5228 2617 5300 ἐξενεχθέντες
2638 5227 2927 5296 ἀπήνειαν,
2960 5224 3176 5297 μυρίοις
3209 5225 3434 5285 ἐαυτοὺς
3459 5222 3520 5274 οὑ
3554 5238 3678 5273 συν-

2002 5322 2138 5374 εῖδον
2171 5318 2555 5390 περιϐαλόντες
2590 5314 2869 5368 ὀνείδεσιν.
2896 5315 2959 5367 Ol
2996 5314 3052 5367 δὲ
3081 5313 3363 5382 φιλόσοφοι
3389 5310 3483 5363 καὶ
3515 5309 3680 5363 δεινοὶ

2003 5412 2232 5480 ῥήτορες
2258 5406 2415 5470 δόξαν
2446 5403 2668 5473 πολλὴν,
2689 5404 2753 5477 ,οἱ
2798 5404 2894 5473 μὲν
2921 5404 3014 5455 ἐπὶ
3058 5401 3370 5471 σεμνότητι,
3407 5399 3458 5452 οἱ
3496 5397 3555 5450 δὲ
3585 5398 3681 5453 ἐπὶ

2000 5496 2176 5565 λόγων
2218 5494 2451 5564 δυνάμει
2502 5491 2657 5564 παρά
2709 5494 2821 5554 τοῖς
2849 5490 3066 5553 πολλοῖς
3108 5489 3343 5559 ἔχοντες,
3389 5485 3530 5556 μετὰ
3581 5485 3682 5556 τὴν

2002 5582 2141 5651 πρὸς
2170 5580 2319 5650 ἡμᾶς
2363 5576 2544 5648 μάχην
2580 5577 2975 5644 καταγέλαστοι
3010 5574 3287 5643 γεγόνασι,
3333 5572 3430 5626 καὶ
3473 5570 3699 5624 παίδων

2001 5666 2312 5738 ληρούντων
2339 5665 2525 5728 ἀπλῶς
2546 5664 2697 5717 οὐδὲν
2719 5662 2993 5733 διαφέρειν
3014 5661 3219 5727 ἔδοξαν.
3238 5659 3371 5713 Ἀπὸ
3381 5658 3491 5731 γὰρ
3510 5657 3682 5713 ἐθνῶν

2070 5768 2091 5808 Ῑ
2116 5770 2214 5819 Alii
2237 5768 2390 5824 οὗτος.

2067 5834 2091 5870 ε
2114 5832 2213 5880 Alii
2236 5832 2317 5878 καὶ
2342 5832 2493 5892 βέλος.

2026 5893 2096 6003 6h
2118 5893 2200 6003 Ski‘c
2234 5905 2323 5941 nos
2342 5886 2377 5940 ἐ
2404 5890 2608 5951 Savilio,
2635 5890 2917 5951 postulante
2943 5901 3113 5940 sensu.
3148 5887 3348 5941 Edilum
3387 5887 3548 5938 fuem
3569 5886 3691 5966 iw'

2058 5972 2106 6002 οἰ
2158 5966 2267 6003 .Dﬂ'.

2058 5972 2106 6002 0v
2138 5966 2267 6003 hbﬂ'.
