4032 6432
381 432 486 490 857

383 550 478 604 καὶ
504 549 694 620 δήμων
742 547 1014 602 τοσιύτων
1046 545 1107 598 οὐ
1163 541 1323 610 σοφόν
1367 556 1510 602 τινα,
1551 536 1652 590 οὐκ
1690 536 1913 604 ἄσοφον,
1960 531 2062 584 οὐκ

382 637 575 707 ἄνδρα,
602 637 662 688 οὐ
697 638 954 702 γυναῖκα,
981 633 1093 686 ἀλλ’
1122 631 1242 684 οὐδὲ
1267 628 1476 681 παιδίον
1509 624 1701 696 μικρὸν
1736 622 2064 693 μεταπεῖσαι

385 706 634 792 ἴσχυσαν,
665 722 800 776 ἀλλά
842 719 1096 782 τοσοῦτός
1131 721 1245 770 ἐστι
1273 714 1382 767 τῶν
1411 713 1500 765 ὑπ’
1529 711 1710 765 αὐτῶν
1739 706 2062 780 γεγραμμέ-

388 829 495 863 νων
518 812 544 862 6
569 811 761 878 γέλως,
788 809 930 861 ῶστε
954 804 1315 876 ἀφανισθῆναι
1346 801 1439 855 καὶ
1463 799 1530 854 τά
1557 799 1734 870 βιϐλία
1759 797 1945 854 πάλαι,
1971 794 2064 846 καὶ

387 898 504 966 ἅμα
532 897 607 967 τῷ
636 895 942 964 δειχθῆναι,
979 893 1072 946 καὶ
1103 888 1400 944 ἀπολέσθαι
1431 887 1500 940 τά
1545 886 1734 940 πολλά.
1774 885 1837 936 Ei
1873 882 1930 935 δέ
1961 880 2063 934 πού

388 1003 438 1038 τι
465 985 561 1037 καὶ
599 983 850 1053 εὑρεθείη
885 979 1168 1041 διασωθέν,
1211 976 1362 1047 παρὰ
1393 974 1738 1044 Χριστιανοῖς
1770 969 1927 1023 τοῦτο
1955 985 2063 1021 σω-

389 1071 618 1141 ζόμενον
653 1069 803 1141 εὖροι
833 1087 917 1132 τις
956 1069 1021 1122 ἄν
1045 1083 1060 1097 °
1089 1064 1344 1118 τοσοῦτον
1383 1061 1661 1133 ἀπέχομεν
1705 1058 1906 1130 βλάϐην
1942 1053 2067 1109 τινὰ

391 1158 543 1226 παρὰ
580 1159 677 1228 τῆς
724 1159 946 1210 ἐκείνων
999 1151 1326 1206 ὑποπτεύειν
1360 1148 1680 1218 ἐπιϐουλῆςο
1717 1145 1860 1198 οῦτω
1901 1159 2068 1196 κατα-

390 1247 637 1316 γελῶμεν
672 1245 770 1314 τῆς
824 1242 1022 1311 πολλῆς
1069 1241 1178 1293 τῶν
1223 1236 1636 1309 μηχανημάτων
1679 1232 1856 1286 αὐτῶν
1907 1247 2063 1301 περι-

390 1333 598 1404 εργίας.
625 1330 760 1384 Ούτε
785 1329 892 1401 γάρ
915 1331 963 1382 εἱ
995 1328 1063 1382 τὰ
1089 1326 1320 1396 σώματα
1341 1323 1676 1393 ἀδαμάντινα
1699 1321 1793 1372 καὶ
1817 1317 2069 1388 ἄφθαρτα

389 1417 456 1491 ἦν
488 1422 651 1490 ἡμῖν,
695 1418 1024 1488 σκορπίους,
1060 1415 1154 1468 καὶ
1193 1413 1380 1481 ὄφεις,
1415 1411 1508 1464 καὶ
1557 1407 1669 1480 πῦρ
1699 1409 1838 1470 ’ταῖς
1885 1407 2070 1476 χερσὶν

391 1508 809 1576 ἐπισφίγγοντες
859 1505 1143 1573 ἐδείσαμεν
1189 1501 1288 1566 ἂν,
1326 1499 1462 1554 ἀλλά
1509 1499 1604 1552 καί⁵
1641 1494 2067 1564 ἐπεδειξάμεθα·

392 1597 516 1650 οὔτε
558 1595 748 1664 ἐπειδὴ
777 1594 875 1655 τὰς
910 1592 1088 1662 ψυχάς
1133 1591 1265 1660 ἡμῖν
1307 1589 1400 1642 καὶ
1442 1587 1541 1658 τὴν
1589 1586 1774 1638 πίστιν
1817 1582 2072 1651 τοιαύτην

393 1683 798 1736 κατεσκεύασεν
825 1685 853 1733 6
876 1678 1130 1750 Χριστὸς,
1154 1678 1222 1729 τά
1256 1677 1523 1748 φάρμακα
1559 1672 1668 1728 τῶν
1697 1671 1908 1742 ἐχθρῶν
1927 1669 2074 1740 ἕχον-

393 1790 484 1835 τες
528 1771 870 1838 δεδοίκαμεν.
909 1769 972 1820 Εί
1021 1765 1130 1836 γάρ
1170 1766 1354 1820 ἐπάνω
1394 1764 1604 1832 ὄφεων,
1639 1761 1736 1814 καὶ
1777 1759 2074 1828 σκορπίων,

396 1861 492 1913 καὶ
519 1858 716 1938 ⁵πάσης
757 1855 852 1908 τοῦ
897 1853 1150 1908 διαϐόλου
1180 1853 1278 1923 τῆς
1330 1850 1642 1928 τυραννίδος
1694 1851 1884 1902 πατεῖν
1926 1844 2074 1918 ιῦίθ]

397 1934 543 2016 ἡμῖν’
561 1943 942 2007 ἐπιτέτακται,
984 1939 1162 2010 πολλῷ
1202 1938 1402 2010 μᾶλλον
1435 1939 1620 1992 ἐπάνω
1650 1936 1948 2005 σκωλήκων
1985 1934 2079 1986 καὶ

401 2031 722 2100 κανθάρων·
763 2029 1016 2083 τοσοῦτον
1056 2029 1165 2099 γὰρ
1202 2027 1264 2080 τὸ
1306 2026 1469 2097 μέσον
1495 2025 1594 2096 τῆς
1639 2025 1837 2078 τούτων
1876 2021 2079 2093 βλάϐης

401 2124 537 2194 πρὸς
564 2123 661 2193 τὴν
690 2122 898 2175 ἐκείνου
921 2121 1016 2174 τοῦ
1047 2119 1283 2190 πονηροῦ
1309 2118 1559 2189 δαίμονος
1588 2116 1895 2186 ἐπιϐουλήν.

471 2213 542 2274 γ’.
566 2211 669 2265 Καὶ
692 2211 761 2264 τὰ
788 2213 889 2280 μὲν
916 2211 1161 2281 ἡμέτερα
1181 2207 1424 2274 τοιαῦτα,
1446 2207 1515 2260 τά
1530 2207 1585 2259 δέ
1606 2207 1872 2276 ὑμέτερα,
1891 2202 2080 2257 ἐπολέ-

406 2317 548 2370 μησε
589 2300 688 2370 μὲν
722 2300 909 2362 αὐτοῖς
937 2299 1114 2361 οὐδεὶς
1147 2297 1405 2350 οὐδέποτε
1427 2311 1441 2326 ·
1469 2295 1591 2349 οὐδέ
1627 2295 1735 2364 γὰρ
1766 2295 1925 2363 θέμις
1947 2293 2082 2362 Χριν

404 2390 659 2450 στιανοῖς,
715 2387 931 2458 ἀνάγκῃ
968 2387 1063 2440 καὶ
1119 2386 1210 2456 βία
1266 2385 1665 2456 καταστρέφειν
1704 2381 1802 2454 τὴν
1848 2380 2078 2450 πλάνην,

404 2474 540 2528 ἀλλά
567 2475 660 2528 καὶ
703 2474 1005 2527 πειθοῖκαὶ
1051 2473 1196 2542 λόγῳ
1237 2471 1334 2525 xal.
1371 2470 1671 2542 προσηνεία
1710 2470 1809 2540 τὴν
1841 2468 1949 2521 τῶν
1987 2469 2082 2521 ἀν-

405 2562 640 2632 θρώπων
674 2562 1005 2633 ἐργάζεσθαι
1035 2560 1336 2631 σωτηρίαν.
1369 2559 1532 2613 Ὅθεν
1561 2558 1738 2620 οὐδεὶς
1769 2556 1878 2610 τῶν
1900 2556 1969 2610 τὰ
1988 2555 2083 2608 τοῦ

405 2650 644 2721 Χριστοῦ
672 2651 1017 2721 φρονούντων
1042 2648 1297 2719 βασιλεὺς
1319 2647 1565 2716 δόγματα
1591 2645 1711 2698 καθ’
1740 2643 1893 2715 ὑμῶν
1918 2643 2084 2714 ἔθηκε

405 2737 652 2799 τοιαῦτα,
683 2733 772 2790 οἷα
809 2736 930 2790 καθ’
965 2736 1122 2807 ήμῶν
1167 2736 1216 2788 οἱ
1257 2735 1325 2788 τὰ
1373 2734 1478 2787 τῶν
1514 2732 1784 2802 δαιμόνων
1813 2731 2083 2801 θεραπεύ-

409 2841 602 2888 σαντες
628 2835 654 2864 ιι
678 2823 1004 2893 ἐπενόησαν.
1051 2822 1189 2874 Ἀλλ’
1225 2823 1377 2892 ὅμως
1415 2823 1683 2892 τοσαύτης
1730 2819 2086 2873 ἀπολαύσασα

407 2907 658 2977 ἡσυχίας,
683 2907 780 2961 καὶ
810 2907 901 2960 ὑπ’
929 2905 1142 2968 οὐδενὸς
1169 2904 1524 2975 ἐνοχληθεῖσά
1554 2921 1682 2957 ποτε
1709 2904 1809 2974 τῆς
1846 2902 2087 2973 Ἐλληνι-

411 2998 512 3066 κῆς
545 2994 970 3064 δεισιδαιμονίας
1001 2996 1035 3066 ή
1081 2994 1257 3065 πλάνη
1303 2995 1396 3063 ἀφ’
1429 2994 1627 3062 ἐαυτῆς
1671 2991 1902 3062 ἐσϐέσθη
1927 3031 1941 3055 ,
1994 2992 2089 3046 καὶ

409 3085 539 3155 περὶ
566 3082 763 3154 ἑαυτὴν
791 3083 1032 3146 διέπεσε,
1073 3081 1324 3152 καθάπερ
1367 3080 1477 3133 τῶν
1517 3081 1788 3150 σωμάτων
1821 3080 1891 3133 τὰ
1925 3097 2090 3150 τηκε-

410 3172 525 3225 δόνι
562 3169 938 3244 παραδοθέντα
966 3171 1174 3241 μακρᾷ,
1201 3169 1296 3222 καὶ
1319 3168 1544 3240 μηδενὸς
1571 3167 1710 3221 αὐτά
1738 3167 2084 3238 βλάπτοντος,

411 3261 697 3331 αὐτόματα
718 3259 1022 3331 φθείρεται,
1055 3259 1150 3312 καὶ
1179 3257 1499 3312 διαλυθέντα
1523 3258 1665 3310 κατά
1685 3257 1878 3328 μικρὸν
1898 3257 2093 3324 ἀφανί-

413 3349 585 3413 ζεται.
622 3349 786 3400 Ὥστε
821 3348 873 3399 εἰ
895 3347 990 3400 καὶ
1022 3347 1096 3418 μὴ
1118 3345 1305 3400 τέλεον
1335 3345 1364 3396 6
1395 3345 1683 3404 σατανικὸς
1708 3339 1862 3408 οὗτος
1883 3344 2086 3416 ἐξήλει-

414 3453 550 3489 πται
588 3435 762 3505 γέλως
791 3435 898 3489 ἀπὸ
931 3435 1031 3505 τῆς
1063 3435 1165 3505 γῆς
1187 3475 1201 3499 ,
1245 3433 1361 3487 ἀλλ’
1398 3433 1561 3487 ίκανά
1589 3450 1654 3502 γε
1699 3433 1769 3486 τὰ
1803 3433 1905 3503 ήδη
1937 3434 2096 3502 γενό-

417 3543 556 3598 μενα
587 3522 967 3579 πιστώσασθαι
995 3525 1090 3578 καὶ
1133 3525 1274 3595 ὑπὲρ
1306 3523 1415 3576 τῶν
1465 3521 1768 3594 μελλόντων
1792 3522 1954 3593 ὑμᾶς.
1986 3520 2095 3576 Τοῦ

415 3613 524 3685 γὰρ
547 3613 793 3677 πλείονος
817 3611 1237 3680 καθαιρεθέντος
1263 3612 1321 3662 ἐν
1340 3610 1482 3663 οὕτω
1511 3610 1686 3680 χρόνῳ
1723 3609 1935 3680 βραχεῖ,
1969 3608 2097 3680 περὶ

414 3702 510 3756 τοῦ
552 3703 874 3773 λειπομένου
923 3701 1101 3764 οὐδεὶς
1145 3699 1515 3770 φιλονεικήσει
1555 3698 1764 3752 λοιπόν.
1806 3698 1939 3751 Οὐδὲ
1987 3699 2098 3770 γὰρ

417 3790 628 3852 πόλεως
657 3789 912 3860 ἀλούσης,
954 3791 1048 3844 καὶ
1088 3787 1286 3858 τειχῶν
1323 3786 1784 3856 κατενεχθέντων,
1828 3786 1922 3840 καὶ
1976 3786 2100 3856 βου-

417 3878 741 3949 λευτηρίων,
775 3878 869 3930 καὶ
911 3877 1176 3947 θεάτρων,
1214 3875 1309 3928 καὶ
1356 3873 1675 3944 περιπάτων
1724 3874 2098 3927 κατακαυθέν-

419 3984 549 4030 των,
592 3967 682 4019 καὶ
709 3965 817 4019 τῶν
843 3967 900 4018 ἐν
934 3963 1125 4036 ἡλικίᾳ
1159 3963 1379 4017 πάντων
1424 3961 1788 4034 ἀνῃρημένων
1829 3963 1990 4024 στοάς
2016 3978 2102 4026 τις

425 4052 550 4108 ἰδὼν
584 4051 992 4123 ἡμικαύστους,
1039 4052 1135 4104 καὶ
1169 4051 1358 4104 οίκιῶν
1411 4049 1608 4118 ὀλίγων
1667 4049 1878 4102 ἑστῶτα
1920 4049 2098 4120 μέρη,

425 4142 566 4214 μετά
593 4140 850 4212 γραῖδίων
881 4140 908 4180 δ
931 4140 1025 4194 καὶ
1051 4139 1276 4194 παιδίων
1307 4139 1540 4210 μικρῶν,
1568 4139 2004 4210 ἀμφισϐητήσειε
2025 4137 2102 4209 τῷ

421 4232 734 4301 νικήσαντι,
757 4230 854 4283 καὶ
892 4228 1304 4300 περιγενομένῳ
1324 4225 1418 4280 τοῦ
1450 4226 1714 4293 πλείονος,
1746 4227 1822 4290 ὼς
1850 4227 1912 4279 οὑ
1943 4226 2104 4281 δυνα-

431 4321 577 4389 μένῳ
602 4317 1044 4388 κατεργάσασθαι
1075 4317 1136 4370 τὸ
1165 4315 1535 4385 περιλειφθέν.
1574 4315 1789 4368 Ἀλλ“οὑ
1821 4315 1892 4370 τά
1911 4332 1973 4384 γε
1993 4314 2104 4368 τῶν

427 4407 626 4461 ἀλιέων
658 4405 905 4469 τοιαῦτα,
947 4405 1082 4458 ἀλλά
1118 4403 1240 4458 καθ’
1287 4403 1525 4472 ἑκάστην
1553 4401 1703 4456 ἀνθεῖ
1735 4403 1834 4474 τῆν
1868 4403 2102 4474 ἡμέραν,

425 4495 714 4549 καὶταῦτα
737 4495 797 4546 οὐ
829 4493 894 4547 δι’
920 4493 1264 4565 εὐρυχωρίας
1299 4491 1444 4554 τινὸς
1483 4492 1577 4542 καὶ
1614 4489 1851 4552 ἀνέσεως
1891 4492 1971 4554 εἰς
2015 4490 2108 4544 τὸν

425 4585 698 4655 ἡμέτερον
733 4583 1058 4654 εἰσαχθέντα
1096 4581 1232 4652 βίον,
1269 4579 1405 4632 ἀλλά
1429 4578 1518 4632 διὰ
1552 4578 1784 4648 θλίψεως
1809 4590 1855 4643 ε,
1884 4579 1979 4634 καὶ
2011 4597 2109 4633 πο-

425 4672 628 4740 λέμων,
665 4672 758 4726 καὶ
793 4673 998 4743 μάχης.
1051 4669 1110 4723 Ὀ
1156 4669 1255 4739 μὲν
1297 4667 1407 4737 γὰρ
1449 4666 1800 4737 Ἑλληνισμὸς
1831 4666 2109 4738 πανταχοῦ

425 4760 526 4830 τῆς
552 4759 656 4828 γῆς
705 4759 978 4822 ἐκταθεὶς,
1023 4756 1120 4811 καὶ
1160 4755 1260 4820 τάς
1303 4757 1559 4810 ἁπάντων
1591 4753 1893 4826 ἀνθρώπων
1931 4753 2110 4826 ψυχὰς

429 4844 738 4916 κατασχὼν,
776 4845 949 4909 οὑτως
974 4844 1202 4915 ὓστερον
1233 4842 1374 4913 μετά
1404 4842 1500 4911 τὴν
1525 4841 1793 4912 τοσαύτην
1823 4843 1995 4912 ἰσχὺν,
2017 4842 2110 4896 καὶ

427 4935 527 5004 τὴν
565 4932 827 4992 ἐπίδοσιν.
859 4933 964 4986 ὑπὸ
989 4933 1090 5003 τῆς
1120 4931 1214 4986 τοῦ
1241 4929 1480 5002 Χριστοῦ
1512 4928 1782 5000 κατελύθη
1805 4929 2106 5000 δυνάμεως·

427 5020 488 5071 τὸ
515 5019 572 5072 δέ
604 5021 868 5090 κήρυγμα
899 5019 960 5072 τὸ
985 5021 1256 5091 ἡμέτερον
1275 5018 1336 5071 οὐ
1372 5017 1511 5088 μετά
1539 5017 1600 5070 τὸ
1627 5017 1937 5087 διαδοθῆναι
1968 5034 2108 5071 πανο

425 5106 617 5175 ταχοῦ,
643 5107 737 5159 καὶ
759 5106 950 5177 στῆναι
974 5106 1227 5176 βεϐαίως,
1259 5106 1385 5176 ἔσχε
1411 5108 1538 5170 τοὺς
1562 5106 1954 5176 πολεμοῦντας,
1972 5103 2109 5158 ἀλλά

427 5195 559 5263 πρὶν
616 5194 650 5262 ἢ
695 5193 941 5264 παγῆναι
977 5193 1074 5246 καὶ
1115 5193 1446 5264 φυτευθῆναι
1480 5195 1538 5248 ἐν
1575 5196 1696 5258 ταῖς
1737 5194 1846 5248 τῶν
1881 5193 2108 5247 ἀκουόν-

427 5297 539 5333 των
585 5282 808 5353 ψυχαῖς,
861 5281 923 5348 ἐξ
969 5281 1151 5336 αὐτῶν
1195 5281 1307 5336 τῶν
1357 5285 1661 5355 προοιμίων
1709 5283 1845 5354 πρὸς
1887 5284 2108 5337 ἃπασαν

429 5368 769 5437 ἠναγκάζετο
798 5369 1242 5442 παρατάττεσθαι
1268 5369 1366 5442 τὴν
1408 5371 1757 5442 οἰκουμένην,
1800 5371 1958 5439 Πρὸς
2002 5371 2111 5438 τὰς

431 5457 642 5526 ἀρχὰς,
677 5458 828 5526 πρὸς
872 5459 981 5525 τὰς
1037 5457 1357 5524 ἐξουσίας,
1401 5459 1552 5527 πρὸς
1595 5459 1738 5525 τοὺς
1772 5458 2104 5528 κοσμοκρά·

435 5559 612 5611 τορας
660 5545 766 5599 τοῦ
817 5548 1081 5614 σκότους
1128 5545 1236 5600 τοῦ
1289 5545 1502 5613 αἰῶνος
1550 5547 1795 5612 τούτου,
1849 5547 1999 5615 πρὸς
2038 5547 2110 5602 τὰ

434 5634 808 5700 πνευματικὰ
835 5632 946 5702 τῆς
973 5634 1265 5704 πονηρίας
1293 5653 1305 5665 ·
1335 5634 1488 5688 οὔπω
1522 5633 1633 5704 γὰρ
1674 5634 1769 5686 τοῦ
1815 5635 2108 5705 σπινθῆρος

433 5718 537 5788 τῆς
569 5718 803 5782 πίστεως
855 5720 1116 5790 ἀφθέντος
1159 5719 1374 5788 καλῶς,
1432 5721 1668 5791 ποταμοὶ
1728 5722 1821 5775 καὶ
1883 5721 2107 5776 ἄϐυσσοι

496 5805 522 5869 _‘
687 5807 1030 5869 θεραπεύοντες.

495 5864 524 5906 ⁵
548 5866 650 5939 ΑΙῙῇ
679 5864 872 5939 εοδίςθε
894 5871 1008 5939 μέρη
1032 5867 1380 5939 καὶςγραῖξὲων,
1404 5870 1707 5933 Μοτε1.μέρη
1730 5871 1849 5932 μετὰ
1865 5874 2108 5938 γραϊδίων,

438 5929 699 5994 nups‘ggpp
719 5932 811 5994 ﬁgi
826 5928 996 5994 ypdiSa
1021 5931 1141 5994 μετὰ
1166 5928 1382 5984 παιδίων.

499 5991 520 6020 ⁸
545 5989 653 6040 Alii
665 5991 739 6039 διὰ
764 5989 981 6040 θλίψεων.

1200 437 1258 492 S.
1297 431 1583 489 JUANNIS
1620 420 2115 483 CHRYSOSTUMI
2156 417 2472 476 ARCIIIEP.
2517 412 3065 472 CONSTANTINOP.

2164 527 2428 582 r‘woecc:
2457 529 2740 600 ἐπέρρεον.
2778 529 2921 581 Ἱστε
2947 527 3003 581 δέ
3033 528 3204 599 δήπου
3232 529 3307 592 ὡς
3329 530 3430 584 οὐκ
3456 530 3605 585 ἔστιν
3633 534 3801 589 τσοντὸ

2164 618 2376 686 μυρίοις
2420 617 2564 668 έτεσι
2606 615 2836 687 ῥιζωθὲν
2884 617 3198 670 ἀνασπάσαι
3242 619 3439 686 φυτὸν,
3494 606 3589 678 καὶ
3633 619 3690 673 τὸ
3727 624 3804 676 ἐπὶ

2161 705 2258 772 τῆς
2287 705 2389 774 γῆς
2421 705 2541 774 ἄρτι
2585 703 2738 755 τεθέν
2761 719 2772 730 ’
2821 702 2955 756 ἀλλά
2995 703 3087 756 καὶ
3128 704 3331 758 τούτων
3369 704 3546 769 οὕτως
3578 708 3802 777 ἐχόντων,

2168 791 2427 854 ἐπέκλυζε
2457 791 2555 860 μὲν
2586 791 2665 843 έτι
2711 792 2907 862 μικρὸν
2947 791 3074 844 ὄντα
3100 791 3191 844 τὸν
3232 793 3527 865 σπινθῆρα,
3570 794 3643 858 ὼς
3669 795 3802 866 ἔφην,

2165 881 2263 950 τῆς
2303 880 2584 942 εὐσεϐείας
2615 881 2676 932 τὸ
2705 881 2812 934 τῶν
2854 881 3112 934 ἐναντίων
3143 881 3397 949 πέλαγος·
3435 886 3464 936 ὀ
3497 884 3553 937 δὲ
3583 885 3642 937 οὐ
3674 886 3806 956 μόνον

2165 969 2266 1020 οὐκ
2297 967 2583 1021 ἐσϐέννυτο
2612 967 2814 1038 τούτῳ,
2854 967 2992 1022 ἀλλὰ
3028 969 3122 1022 καὶ
3169 968 3371 1039 μείζων
3413 971 3703 1042 γενόμενος
3731 978 3809 1028 καὶ

2167 1054 2519 1126 φαιδρότερος
2548 1056 2727 1110 πάντα
2752 1056 2908 1127 ἐπῄει
2937 1056 3143 1126 ταχέως
3171 1055 3221 1120 ἀ,
3249 1057 3318 1110 τὰ
3351 1057 3450 1128 μὲν
3479 1060 3594 1111 τῶν
3626 1061 3810 1132 ἐχθρῶν

2169 1142 2450 1196 καταλύων
2481 1143 2574 1196 καὶ
2604 1144 2907 1197 ἀναλίσκων
2949 1143 3184 1207 εὐκόλως
3207 1184 3223 1208 ,
3263 1146 3333 1198 τά
3375 1145 3431 1198 δὲ
3475 1146 3586 1198 τῶν
3625 1150 3812 1202 οἰκείων

2168 1229 2422 1295 ἀνιστῶν,
2447 1231 2540 1283 καὶ
2576 1231 2711 1300 πρὸς
2739 1231 2870 1300 ὐψος
2892 1231 3098 1300 ἄφατον
3123 1231 3316 1303 αἴρων,
3345 1233 3526 1286 καίτοι
3564 1233 3709 1306 [541]
3735 1236 3811 1288 ἀν-

2167 1316 2310 1388 δρῶν
2340 1319 2572 1371 εὐτελῶν
2609 1321 2704 1373 καὶ
2741 1320 2972 1390 ἀσήμων
3010 1320 3521 1391 ὐπηρετησαμένων
3560 1323 3719 1393 αὐτῷ.
3756 1324 3815 1376 T6

2169 1404 2226 1457 δὲ
2257 1406 2427 1458 αῖτιον
2465 1408 2566 1460 οὐκ
2592 1402 2659 1477 ῆν
2694 1407 2802 1459 τῶν
2840 1408 3038 1461 ἀλιέων
3065 1409 3294 1462 ἐκείνων
3329 1409 3454 1462 οὐτε
3495 1409 3566 1462 τὰ
3602 1413 3814 1480 ῥήματα,

2171 1491 2294 1545 οὐτε
2321 1493 2388 1546 τά
2413 1493 2688 1562 θαύματα,
2713 1493 2844 1548 ἀλλὰ
2869 1497 2967 1565 τῆς
2994 1497 3073 1559 εἱς
3098 1497 3297 1560 αὐτοὺς
3321 1499 3652 1568 ἐνεργούσης
3681 1498 3816 1550 δυνά-

2177 1597 2320 1650 μεως
2349 1581 2443 1634 τοῦ
2482 1581 2736 1650 Χριστοῦ.
2763 1581 2885 1634 Τῶν
2915 1583 3018 1653 γὰρ
3048 1583 3220 1638 ταῦτα
3251 1585 3665 1655 ἐργασαμένων,
3693 1585 3719 1636 6
3739 1584 3818 1654 μὲν

2177 1662 2246 1737 ἦν
2281 1670 2623 1738 σκηνοποιὸς,
2652 1671 2679 1722 ὀ
2708 1670 2938 1734 Παῦλος,
2973 1673 3001 1723 6
3034 1671 3240 1742 Πέτρος
3281 1672 3336 1724 δέ
3357 1671 3546 1735 ἁλιεὺς
3566 1713 3579 1730 ,
3619 1673 3707 1725 καὶ
3741 1673 3822 1726 οὐκ

2177 1755 2243 1808 ἂν
2277 1754 2452 1818 οὑτως
2489 1756 2731 1810 εὐτελέσι
2783 1759 2877 1810 καὶ
2921 1761 3198 1821 ταπεινοῖς
3251 1759 3455 1814 πλάσαι
3511 1777 3566 1813 τι
3613 1759 3822 1812 τοιοῦτον

2177 1843 2380 1913 ἐπῆλθέ
2422 1861 2590 1908 ποτε,
2621 1844 2760 1915 πλὴν
2805 1847 2854 1897 εἰ
2887 1845 3173 1916 μαίνεσθαί
3210 1863 3294 1910 τις
3334 1847 3536 1909 αὐτοὺς
3578 1847 3704 1917 φαίη
3748 1848 3824 1900 καί

2179 1933 2534 2003 παραπαίειν.
2561 1934 2684 1986 Ὀτι
2709 1935 2766 1987 δὲ
2790 1935 2890 1987 οὐκ
2913 1935 3201 2004 ἐμαίνοντο
3223 1936 3382 2006 δῆλον
3411 1935 3472 2000 ἐξ
3499 1929 3576 1990 ὧν
3607 1937 3824 1999 εἰπόντες

2180 2022 2575 2092 κατώρθωσαν,
2604 2025 2699 2077 καὶ
2723 2025 2788 2077 ἐκ
2808 2024 2917 2076 τῶν
2948 2024 3029 2076 ἔτι
3050 2025 3144 2077 καὶ
3169 2024 3265 2077 νῦν
3287 2024 3630 2096 πειθομένων
3649 2026 3822 2088 αὐτοῖς.

2181 2113 2296 2166 Οὐκ
2333 2111 2399 2166 ἂν
2435 2109 2527 2165 οῦν
2562 2129 2691 2166 ποτε
2732 2113 2960 2167 τοιαῦτα
3001 2112 3318 2182 ἐψεύσαντο,
3365 2114 3492 2166 οὐδὲ
3541 2115 3828 2184 ἐκόμπασαν

2180 2198 2390 2264 ἁπλῶς.
2441 2201 2550 2252 Καὶ
2582 2200 2710 2270 γάρ,
2743 2201 2881 2272 ὅπερ
2914 2201 3218 2271 ἀρχόμενος
3251 2201 3410 2273 ἔφην,
3447 2204 3475 2256 6
3519 2201 3720 2272 μέλλων
3751 2202 3823 2266 ἐξ·

2182 2288 2421 2358 απατᾷν,
2452 2287 2706 2357 ψεύδεται
2745 2289 2864 2359 μὲν,
2901 2289 3156 2360 ψεύδεται
3181 2289 3236 2342 δὲ
3270 2290 3370 2361 οὐχ
3410 2290 3584 2353 οὕτως
3618 2290 3689 2352 ὡς
3719 2291 3829 2342 πᾶσι

2182 2376 2438 2444 γενέσθαι
2465 2379 2805 2447 καταφανής.
2835 2377 2899 2431 Εἰ
2927 2377 3036 2448 γάρ
3065 2377 3291 2432 καὶτῶν
3333 2379 3676 2450 πραγμάτων
3701 2377 3831 2430 ἐκϐε-

2183 2464 2449 2535 ϐηκότων,
2477 2467 2572 2521 καὶ
2600 2467 2873 2521 τοσούτων
2904 2467 3328 2538 μαρτυρούντων
3353 2467 3434 2538 τῷ
3460 2468 3626 2530 τέλει,
3660 2467 3758 2519 τῶν
3783 2483 3830 2518 τε

2183 2553 2242 2605 ἐν
2273 2553 2500 2617 ἐκείνοις
2518 2554 2927 2608 πιστευσάντων
2944 2557 3056 2618 τοῖς
3080 2555 3294 2626 χρόνοις
3319 2555 3412 2608 καὶ
3435 2555 3551 2608 τῶν
3577 2554 3632 2620 ἐξ
3657 2553 3831 2607 ἐκείνου

2185 2642 2462 2713 πανταχοῦ
2501 2645 2674 2698 ταῦτα
2714 2644 2970 2715 ᾀδόντων,
3023 2643 3084 2697 οὐ
3135 2643 3269 2715 παρ’
3311 2645 3443 2715 ήμῖν
3501 2645 3680 2714 μόνον,
3719 2641 3832 2694 ἀλλὰ

2185 2731 2280 2782 καὶ
2303 2729 2456 2802 παρὰ
2489 2731 2807 2803 βαρϐάροις,
2849 2733 2942 2785 καὶ
2979 2734 3094 2796 τοῖς
3141 2732 3369 2786 ἐκείνων
3400 2733 3608 2803 μᾶλλον
3637 2728 3832 2796 ἐκτεθη-

2189 2818 2497 2889 ριωμένοις,
2533 2820 2682 2889 ὅμως
2707 2819 2814 2872 είσί
2836 2837 2982 2884 τινες
3010 2819 3152 2891 μετά
3177 2819 3416 2875 τοσαῦτα
3448 2822 3738 2892 τεκμήρια,
3760 2817 3834 2868 καί

2185 2905 2287 2976 τῆς
2318 2907 2647 2978 οἰκουμένης
2697 2907 2774 2971 ὡς
2819 2908 2993 2960 εἰπεῖν
3034 2909 3254 2982 ἀπάσης
3299 2908 3399 2980 τὴν
3456 2908 3770 2981 μαρτυρίαν,
3798 2906 3836 2957 οἳ

2186 2994 2528 3050 διαπιστοῦσι
2559 3000 2672 3061 τοῖς
2704 2997 3112 3069 γεγενημένοις,
3162 2999 3257 3052 καὶ⁷
3291 2998 3477 3052 πολλοὶ
3507 2998 3678 3060 οὕτως
3727 2994 3836 3048 ἀϐα-

2192 3082 2458 3147 σανίστως
2503 3084 2596 3137 καὶ
2621 3084 3010 3150 ἀνεξετάστως
3036 3085 3118 3150 τίς
3145 3085 3210 3140 ἂν
3235 3086 3386 3159 παρά
3411 3087 3513 3157 τὴν
3530 3085 3698 3156 ἀρχὴν
3727 3082 3839 3152 μήτε

2190 3173 2495 3242 πράγματα
2543 3172 2909 3244 θεασάμενος,
2974 3175 3111 3245 μήτε
3164 3173 3477 3246 μαρτυρίας
3529 3169 3837 3237 ἀξιοπίστους

2197 3259 2401 3312 τούτων
2441 3258 2612 3329 ἔχων,
2646 3260 2849 3331 ταύτην
2883 3262 2948 3315 ἀν
2977 3261 3075 3332 τὴν
3103 3256 3289 3314 πίστιν
3330 3261 3556 3326 ἐδέξατο
3587 3263 3650 3331 τῇ
3686 3257 3838 3327 ψυχῇἱ

2192 3345 2245 3398 τί
2275 3346 2331 3398 δὲ
2360 3346 2498 3410 ὅλως
2546 3347 2641 3400 καὶ
2675 3349 2851 3420 ἐπῆρε
2879 3359 2903 3388 °
2931 3348 3133 3402 πλάσαι
3164 3349 3262 3402 καὶ
3301 3347 3577 3403 συνθεῖναί
3619 3365 3666 3400 τι
3699 3342 3842 3397 τοιοῦ-

2189 3451 2284 3488 τον
2317 3434 2548 3500 αὐτούς;
2582 3433 2721 3489 Οὐτε
2758 3436 2868 3507 γὰρ
2911 3435 3085 3505 λόγων
3135 3437 3281 3506 ίσχύῖ
3325 3435 3468 3506 (πῶς
3508 3437 3637 3506 γὰρ,
3669 3428 3736 3486 ῶν
3766 3431 3842 3483 0i-

2192 3538 2350 3594 τερος
2381 3520 2507 3576 οὔτε
2533 3523 2838 3594 γράμματα
2871 3524 3008 3585 ὅλως
3043 3525 3314 3594 ἠπίστατο
3334 3526 3373 3594 ;)
3393 3525 3552 3591 ,οὐτε
3583 3521 3843 3595 χρημάτων

2193 3609 2460 3682 ἐθάρρουν
2492 3611 2798 3684 περιουσίᾳ·
2836 3612 2932 3666 καὶ
2974 3611 3082 3684 γὰρ
3117 3613 3220 3684 τῆς
3246 3613 3557 3682 ἀναγκαίας
3590 3612 3731 3684 μόλις
3770 3607 3842 3659 εύο

2196 3699 2399 3769 πόρουν
2426 3699 2634 3770 τροφῆς
2653 3738 2667 3760 ,
2719 3699 2828 3753 ἀπὸ
2860 3699 2959 3769 τῆς
2985 3698 3094 3753 τῶν
3120 3699 3322 3772 χειρῶν
3361 3699 3560 3772 τέχνης
3581 3696 3842 3761 διαζῶντες

2197 3786 2521 3858 ἀμφότεροι.
2569 3787 2707 3840 Ἀλλ’
2754 3787 2876 3840 οὐδέ
2933 3787 3025 3839 ἐπὶ
3073 3786 3651 3859 γένουςλαμπρότητι
3689 3780 3842 3852 παρῆν

2198 3875 2382 3937 αὐτοῖς
2409 3874 2552 3944 μέγα
2573 3877 2809 3945 φρονεῖν·
2833 3873 2928 3928 τοῦ
2956 3875 3056 3946 μὲν
3074 3874 3184 3946 γὰρ
3215 3871 3338 3928 οὐδὲ
3363 3875 3455 3928 τὸν
3484 3875 3690 3945 πατέρα
3711 3871 3843 3938 ἴσμεν

2199 3962 2349 4025 ὅστις
2373 3957 2461 4036 ἦν,
2496 3961 2670 4026 οὑτως
2694 3959 2762 4034 ἦν
2790 3963 3004 4034 ἄσημος
3038 3964 3132 4016 καὶ
3160 3964 3371 4034 ἀφανής
3391 3979 3407 3994 ο
3447 3963 3544 4017 τοῦ
3576 3965 3765 4034 Πέτρου
3794 3953 3842 4009 δδ

2199 4048 2357 4120 δῆλος
2384 4049 2480 4120 μέν
2508 4052 2656 4103 ἐστιν
2684 4052 2713 4104 ό
2735 4050 2936 4123 πατὴρ,
2955 4051 3209 4105 τοσοῦτον
3227 4052 3283 4105 δέ
3309 4052 3422 4122 ἔχει
3445 4051 3670 4124 θατέρου
3688 4046 3842 4111 πλέον,

2199 4137 2324 4191 ὅσον
2352 4139 2451 4208 τὴν
2495 4139 2868 4210 προσηγορίαν
2915 4138 3082 4192 αὐτοῦ
3125 4140 3404 4212 γνώριμον
3449 4143 3584 4212 ἡμῖν
3615 4138 3843 4206 ἐποίησαν

2201 4227 2260 4280 αἱ
2284 4227 2500 4298 Γραφαὶ
2534 4229 2716 4298 μόνον,
2745 4229 2840 4281 καὶ
2869 4227 3027 4282 τοῦτο
3051 4228 3138 4282 διά
3172 4229 3264 4283 τὸν
3293 4230 3426 4283 υἱόν.
3461 4229 3529 4284 El
3559 4229 3614 4284 δὲ
3647 4226 3732 4281 καὶ
3756 4221 3845 4293 χὼ·
3872 4279 3882 4288 _
3915 4225 3921 4230 ’

2210 4331 2309 4386 ραν
2333 4331 2420 4378 τις
2448 4317 2542 4368 καὶ
2565 4315 2716 4379 ἔθνος
2758 4315 3032 4382 ἐξετάζειν
3085 4317 3346 4387 βούλοιτο,
3391 4317 3482 4371 τὸν
3527 4318 3624 4386 μὲν
3676 4313 3844 4367 Κίλικα

2208 4403 2456 4474 εὑρήσει,
2491 4404 2582 4456 τὸν
2613 4403 2670 4456 δέ
2700 4403 2906 4467 πόλεως
2939 4407 3154 4476 ἀσήμου
3178 4405 3423 4474 πολίτην,
3456 4406 3654 4476 μᾶλλον
3675 4402 3724 4456 δὲ
3737 4395 3845 4452 ὀὐδὲ

2207 4492 2438 4556 πόλεως,
2469 4492 2605 4546 ἀλλά
2634 4493 2826 4564 κώμης
2845 4494 2944 4563 τῆς
2978 4494 3234 4564 ἐσχάτης
3271 4493 3380 4547 ἀπὸ
3412 4493 3686 4564 Βηθσαῖδά
3725 4488 3841 4556 γάρ·

2203 4579 2307 4649 τῆς
2330 4578 2618 4642 Γαλιλαίας
2645 4580 2701 4632 δέ
2735 4582 2850 4634 ἐστι
2886 4581 3087 4652 χωρίον
3131 4581 3273 4634 οὑτω
3303 4581 3657 4653 καλούμενον,
3699 4576 3751 4639 ἐξ
3791 4567 3846 4642 ἧς

2208 4670 2240 4720 6
2268 4667 2538 4737 μακάριος
2575 4669 2780 4733 ἐκεῖνος
2817 4663 2907 4738 ἦν.
2958 4669 3066 4722 Καὶ
3110 4668 3210 4732 τὰς
3255 4669 3454 4738 τέχνας
3486 4669 3544 4722 δέ
3576 4687 3659 4731 τις
3699 4660 3847 4718 αὐτῶν

2211 4755 2480 4818 ἀκούσας,
2517 4754 2706 4824 ὄψεται
2743 4756 2896 4811 οὐδὲν
2933 4757 3079 4827 μέγα
3116 4757 3348 4826 ἐχούσας
3386 4758 3479 4810 καὶ
3527 4756 3734 4827 σεμνόν·
3770 4745 3847 4801 τοῦ

2218 4843 2315 4914 μὲν
2350 4844 2458 4915 γάρ
2487 4844 2680 4906 ἁλιέως
2705 4845 2734 4896 6
2763 4846 3088 4914 σκηνοποιὸς
3116 4845 3464 4916 τιμιώτερος,
3489 4846 3598 4900 τῶν
3627 4845 3678 4898 δέ
3703 4839 3848 4895 ἄλλων

2215 4932 2578 5006 χειροτεχνῶν
2611 4933 3012 5006 εὐτελέστερος.
3051 4934 3222 4987 Πόθεν
3268 4931 3382 4997 οῦν,
3413 4935 3534 4986 εἰπέ
3565 4951 3671 5005 μοι,
3712 4926 3847 4980 πόθεν

2209 5023 2443 5091 πρᾶγμα
2473 5019 2730 5074 τοσοῦτον
2746 5021 3141 5092 ὑποκρίνασθαι
3165 5022 3499 5093 ἐτόλμησαν;
3521 5023 3692 5083 ποίαις
3711 5019 3846 5083 ἐπαρ

2209 5109 2395 5166 θέντες
2441 5110 2653 5174 ἐλπίσι;
2697 5109 2803 5163 τίνι
2839 5109 3242 5181 θαρρήσαντες
3279 5107 3389 5181 ἆρα
3417 5109 3494 5181 τῷ
3528 5109 3743 5178 καλάμῳ
3772 5097 3846 5153 κειὶ

2207 5197 2287 5266 τῷ
2311 5197 2614 5268 ἀγκίστρῳ,
2645 5198 2677 5269 ἢ
2707 5199 2773 5268 τῇ
2811 5196 2978 5267 σμίλῃ
3014 5187 3108 5250 καὶ
3133 5197 3210 5268 τῷ
3239 5199 3537 5270 τρυπάνῳ;
3573 5196 3680 5250 Οὐκ
3706 5185 3845 5242 ἀπελυ

2208 5285 2394 5349 θόντες
2417 5284 2733 5354 ἀπάγξεσθέ
2761 5301 2887 5351 που,
2925 5283 2958 5354 ἢ
3004 5285 3098 5338 καὶ
3139 5285 3614 5358 κατακρημνίσετε
3658 5275 3847 5340 ἑαυτοὺς

2207 5374 2481 5442 τοσαύτην
2511 5371 2932 5440 ὀφλισκάνοντες
2958 5372 3182 5433 ἀνοιαν;

2280 5460 2342 5514 δ’.
2375 5460 2570 5531 Θῶμεν
2604 5459 2680 5522 δέ,
2705 5461 2754 5512 εί
2781 5458 3055 5530 βούλεσθε.
3095 5459 3216 5512 καθ’
3252 5460 3397 5530 ὑμᾶς
3426 5463 3522 5516 καὶ
3549 5463 3606 5516 τὸ
3628 5457 3848 5514 ἀδύνατον

2206 5549 2364 5604 τοῦτο
2395 5547 2647 5618 γενέσθαι
2694 5547 2939 5608 δυνατὸν,
2993 5547 3088 5601 καὶ
3134 5547 3226 5600 τὸν
3276 5548 3376 5617 μὲν
3409 5550 3517 5602 ἀπὸ
3551 5552 3645 5620 τῆς
3687 5544 3847 5620 λίμνης

2205 5636 2494 5691 ἀνελθόντα
2537 5635 2736 5704 λέγειν,
2772 5634 2852 5686 ὅτι
2899 5634 2964 5692 Ἦ
3006 5634 3134 5687 σκιά
3181 5633 3273 5688 τοῦ
3322 5635 3573 5706 σώματος
3615 5633 3701 5688 τεῦ
3738 5617 3847 5695 ἐμοῦ

2271 5749 2476 5813 (ξδανὶι.
2511 5754 2564 5796 et
2588 5762 2715 5813 unu_s
2741 5747 2868 5813 βοᾷ.
2915 5747 3067 5813 πάντα
3107 5747 3240 5807 ἐπῄει
3284 5750 3484 5813 ταχέως,
3531 5749 3692 5798 Morel.
3718 5736 3846 5792 eum

2206 5808 2358 5861 πάντα
2386 5812 2511 5859 ἔπνει
2532 5827 2639 5871 ταχ.
2669 5810 2810 5857 Prior
2835 5808 2986 5857 lectio
3013 5813 3246 5869 praestare
3281 5808 3493 5858 videtur.

2279 5877 2302 5903 ε
2327 5871 2423 5921 Alii
2448 5874 2569 5927 ὅλως
2595 5859 2756 5933 ἐπῇρε,
2780 5872 2995 5918 SaviHn
3015 5859 3161 5918 'lexlu
3185 5879 3237 5920 οι
3257 5871 3334 5919 alii
3361 5873 3480 5926 ὅλως
3502 5875 3578 5920 καὶ
3602 5873 3742 5931 ἐπῇρε.
3763 5859 3844 5910 ὶίο¹

2214 5935 2307 6043 rel).
2337 5939 2389 5980 et
2412 5935 2560 6003 Sa_vil.
2589 5932 2639 5981 in
2665 5932 2813 5996 marg.
2844 5934 2963 5988 ὅλως
2989 5933 3196 5996 ἐξεπῇρε.
3227 5933 3351 5982 infra
3373 5933 3523 5982 Savil.
3547 5937 3595 5984 in
3639 5936 3759 5982 textu
3779 5937 3840 5983 μῖ-

2218 6013 2271 6043 γα
2296 6011 2530 6043 οωονειν.

2218 6011 2530 6060 γαλοφρονειν.
