4032 6490
223 476 328 537 55⁸1

223 579 446 667 populis
477 597 840 669 gentibusque
891 614 994 652 non
1025 599 1317 669 sapientem
1364 597 1666 668 quempiam
1687 634 1703 659 ,
1734 608 1838 648 non

225 690 626 760 msipientem,
655 706 758 743 non
784 690 953 744 virum
974 731 990 757 ,
1019 706 1122 745 non
1155 689 1467 752 mulierem,
1498 703 1601 742 non
1647 699 1840 755 parvu-

226 782 338 834 lum
381 780 454 834 ad
487 796 650 835 suam
683 780 989 850 pertrahere
1033 781 1350 835 sententiam
1394 785 1714 848 potuerunt;
1745 772 1840 828 sed

227 886 420 926 eorum
455 871 665 940 scripta
693 886 860 940 usque
900 871 1036 926 adeo
1074 872 1184 926 risu
1214 871 1367 940 digna
1412 877 1557 932 sunt,
1586 878 1642 921 ut
1662 882 1725 920 ex
1753 879 1844 919 eo-

232 979 348 1017 rmn
379 963 540 1017 libris
573 963 662 1018 alii
685 963 890 1033 jamdiu
923 964 1195 1032 perierint,
1222 962 1311 1015 alii
1342 961 1519 1015 statim
1559 969 1716 1027 atque
1745 956 1842 1012 visi

232 1061 357 1106 sunt
378 1053 745 1108 exoleveriut.
777 1053 931 1120 Quod
969 1054 1013 1108 si
1053 1054 1178 1124 quid
1201 1069 1266 1108 ex
1295 1053 1360 1107 iis
1403 1051 1671 1120 supersit,
1703 1049 1843 1118 apud

234 1144 588 1200 Christianos
627 1145 826 1199 servari
873 1147 1240 1214 comperitur:
1275 1153 1476 1198 tantum
1504 1143 1656 1197 abest
1681 1150 1737 1196 ut
1777 1158 1844 1196 ex

233 1251 424 1290 eorum
453 1236 673 1293 insidiis
702 1235 881 1291 damni
923 1237 1194 1306 quidpiam
1233 1235 1385 1290 nobis
1413 1234 1706 1290 timendmn
1751 1249 1842 1290 su-

236 1328 559 1396 spicemur;
607 1329 676 1382 ita
725 1329 962 1384 ridemus
1010 1341 1254 1383 versutos
1295 1329 1506 1384 illorum
1561 1327 1844 1382 adversum

236 1435 334 1474 nos
358 1430 618 1476 conatus.
642 1421 827 1491 Neque
851 1421 995 1477 enim
1016 1421 1062 1476 si
1080 1422 1307 1492 corpora
1330 1421 1482 1476 nobis
1508 1420 1846 1474 adamantina

238 1523 423 1568 essent
471 1523 530 1569 et
579 1514 1038 1583 incorruptibilia,
1078 1515 1424 1585 scorpiones,
1470 1523 1748 1582 serpentes
1794 1518 1849 1566 et

239 1605 417 1673 ignem
449 1621 619 1660 manu
667 1607 930 1676 stringere
973 1605 1386 1660 formidaremus
1405 1647 1420 1671 ,
1447 1619 1634 1660 verum
1665 1612 1850 1657 osten-

243 1697 387 1751 tandi
415 1713 585 1751 causa
612 1697 940 1763 faceremus;
968 1699 1045 1753 sic
1070 1715 1242 1768 neque
1267 1699 1480 1768 quando
1510 1697 1664 1752 nobis
1689 1696 1846 1751 Chri-

241 1797 354 1843 stus
373 1789 651 1858 ejusmodi
673 1790 882 1845 animos
907 1802 1066 1860 atque
1092 1791 1248 1844 [idem
1276 1790 1501 1860 paravit,
1520 1803 1723 1843 venena
1747 1787 1848 1840 hn-

242 1881 399 1936 stium
456 1896 630 1949 penes
678 1897 778 1936 nos
823 1881 1080 1937 habentes
1128 1882 1571 1950 pertimescimus.
1618 1879 1753 1934 Nam
1802 1879 1846 1934 si

242 1973 400 2028 nobis
437 1973 659 2043 jussum
716 1983 800 2030 est
848 1991 1007 2045 supra
1057 1986 1373 2044 serpentes,
1427 1974 1738 2043 scorpiones
1793 1982 1848 2027 et

247 2078 464 2120 onmem
499 2066 706 2121 diaboli
745 2067 1078 2138 tyrannidem
1117 2067 1392 2121 ambulare
1421 2064 1580 2136 (Luc.
1609 2062 1695 2119 10.
1730 2064 1845 2133 19),

243 2156 410 2217 multo
435 2158 616 2228 magis
637 2173 796 2226 supra
822 2173 1032 2213 vermes
1053 2168 1108 2214 et
1127 2158 1450 2214 lumbricos:
1477 2164 1678 2212 tantum
1704 2157 1848 2210 enim

245 2257 324 2302 est
351 2249 702 2306 intervallum
735 2250 872 2304 inter
900 2250 1112 2306 illorutn
1143 2258 1524 2306 nocumentum
1551 2257 1605 2304 et
1631 2247 1847 2317 maligni

245 2335 435 2393 diaboli
459 2338 710 2394 insidias.

309 2432 366 2496 '5,
398 2432 466 2486 Et
497 2443 808 2488 nostrarum
833 2435 1048 2505 quidem
1077 2451 1252 2490 rerum
1297 2437 1383 2490 illa
1418 2446 1502 2491 est
1542 2437 1679 2492 ratio
1707 2479 1725 2505 ,
1757 2453 1849 2492 ve-

249 2533 384 2579 stras
421 2535 613 2588 autem
657 2542 746 2584 res
783 2528 1108 2597 oppugnavit
1148 2543 1306 2583 nemo
1341 2545 1592 2599 umquam
1627 2549 1640 2585 :
1675 2546 1848 2600 neque

249 2616 383 2670 enim
417 2617 496 2674 fas
517 2627 610 2674 est
644 2618 960 2674 Christianis
988 2620 1305 2676 necessitate
1328 2635 1391 2676 ac
1419 2623 1667 2678 violentia
1697 2640 1851 2679 erro-

249 2724 357 2764 rem
382 2711 724 2776 subvertere,
752 2713 844 2767 scd
873 2714 1109 2778 suadela,
1136 2725 1462 2769 sermone’et
1485 2718 1848 2774 mansuetudi-

251 2817 316 2858 ne
342 2803 630 2860 hominum
656 2806 802 2862 salus
829 2807 1062 2865 curanda
1085 2817 1188 2863 est.
1214 2807 1572 2874 Quamobrem
1599 2825 1758 2866 nemo
1779 2829 1844 2867 ex

251 2893 570 2954 Christianis
604 2895 1017 2966 lmperatorihus
1050 2899 1170 2954 talia
1199 2908 1383 2952 contra
1413 2915 1508 2955 vos
1537 2902 1714 2970 posuit
1751 2902 1848 2958 dc-

252 2994 412 3050 creta,
435 2987 621 3057 qualia
643 2996 834 3042 contra
857 3003 954 3044 nos
981 2989 1015 3044 ii
1037 2989 1126 3058 qui
1156 2988 1429 3047 (immanes
1456 2990 1722 3046 colebant.
1747 2994 1845 3046 At-

254 3082 421 3131 tamen
444 3093 609 3133 error
638 3078 727 3132 ille
754 3078 1052 3147 gentilium,
1081 3087 1279 3139 tantam
1309 3090 1672 3150 consequutus
1691 3084 1846 3152 quie-

255 3173 353 3223 tem
382 3182 435 3225 et
464 3186 496 3224 a
530 3172 748 3226 nemine
774 3173 1012 3227 turbatus
1043 3187 1317 3241 umquam,
1345 3190 1439 3243 per
1464 3187 1525 3228 se
1548 3184 1722 3229 tamen
1750 3190 1847 3230 ex-

255 3261 470 3318 stinctus
498 3272 586 3318 est
607 3305 623 3330 ,
645 3271 700 3318 et
737 3263 790 3318 in
819 3279 880 3320 se
922 3265 1034 3335 ipse
1078 3266 1314 3333 corruit,
1359 3282 1508 3322 more
1537 3281 1843 3337 corporum,

255 3366 366 3421 qua:
393 3355 652 3410 diuturna
674 3357 794 3411 tabe
831 3355 1046 3423 infecta,
1078 3357 1292 3412 nemine
1323 3359 1570 3422 ltedente,
1606 3374 1700 3428 per
1726 3375 1847 3415 sese

257 3457 686 3520 corrumpuntur,
716 3457 771 3504 et
808 3450 1062 3519 paulatim
1089 3449 1346 3505 dissoluta
1385 3443 1629 3521 pereunt.
1664 3451 1845 3521 Itaque

258 3537 350 3592 etsi
387 3541 664 3595 satanicus
691 3541 791 3596 iste
819 3542 958 3597 risus
991 3556 1098 3597 non
1137 3558 1356 3611 prorsus
1386 3543 1438 3598 in
1471 3551 1612 3599 terra
1641 3543 1846 3600 deletus

259 3637 352 3693 est,
379 3639 430 3685 at
453 3648 581 3702 qua:
623 3631 731 3700 jam
758 3632 1093 3702 contigerunt
1121 3635 1251 3689 satis
1292 3643 1418 3689 sunt
1443 3635 1509 3689 ad
1547 3635 1845 3691 futurorum

260 3720 672 3778 conﬁrmandam
721 3724 902 3778 lidem.
933 3724 1066 3780 Cum
1112 3726 1254 3779 enim
1301 3727 1368 3780 ita
1413 3727 1562 3783 brevi
1607 3738 1848 3798 tempore

261 3812 474 3867 maxima
502 3829 630 3884 pars
649 3831 834 3871 eversa
858 3816 967 3885 jam
994 3816 1172 3885 fuerit,
1203 3818 1269 3872 de
1289 3820 1494 3889 reliquo
1516 3835 1674 3875 nemo
1704 3830 1850 3890 post-

263 3914 318 3954 ea
345 3908 766 3960 controversiam
791 3909 1052 3964 movebit.
1081 3911 1290 3965 Etenim
1324 3913 1456 3967 urbe
1475 3921 1649 3983 capta,
1680 3914 1846 3969 muris

262 3993 454 4064 dirutis,
481 3999 772 4069 prmtoriis,
798 4001 1038 4068 theatris,
1068 4002 1389 4058 ambulacris
1413 4006 1635 4069 exustis,
1662 4005 1846 4059 «esis-

261 4097 356 4153 que
397 4089 648 4144 omnibus
681 4091 770 4159 qui
809 4089 994 4146 ﬂorida
1021 4102 1175 4146 erant
1212 4104 1398 4161 aetate,
1432 4095 1476 4149 si
1525 4096 1642 4164 quis
1683 4096 1848 4150 semi-

265 4184 398 4231 ustas
419 4179 658 4248 porticus
681 4181 877 4246 videat,
903 4196 1194 4251 paucarum
1221 4185 1416 4240 :edium
1443 4194 1645 4241 stantes
1672 4187 1846 4242 adhuc

266 4277 450 4336 partes,
483 4287 609 4326 cum
635 4273 860 4327 aniculis
886 4284 940 4329 et
970 4277 1226 4344 puerulis,
1271 4294 1602 4347 nequaquam
1633 4279 1841 4346 victori,

265 4359 344 4424 qui
370 4378 630 4417 summam
660 4367 735 4425 rei
757 4367 1009 4433 confecit,
1043 4369 1299 4436 timuerit,
1325 4386 1390 4425 ne
1412 4372 1552 4440 quod
1572 4373 1844 4427 residuum

265 4461 340 4506 est
367 4461 622 4523 perlicere
653 4474 759 4516 non
793 4460 984 4516 valeat.
1016 4461 1344 4516 Piscatorum
1389 4473 1564 4518 autem
1608 4479 1694 4518 res
1738 4481 1845 4519 non

267 4541 330 4596 ita
357 4561 413 4602 se
442 4549 676 4616 habent,
725 4551 820 4605 sed
850 4553 1087 4621 quotidie
1119 4555 1588 4625 magis'magisque
1616 4556 1805 4612 florent
1825 4598 1843 4626 ,

271 4648 363 4690 non
385 4655 474 4708 per
495 4653 733 4711 apertam
764 4645 1032 4712 planitiem
1055 4661 1119 4700 ac
1147 4662 1239 4715 per
1253 4648 1487 4717 quietem
1514 4649 1580 4703 ad
1609 4661 1846 4705 nostram

271 4739 422 4795 usque
454 4741 668 4787 nitatem
705 4734 982 4802 deductte,
1013 4736 1106 4791 sed
1137 4753 1232 4807 per
1266 4732 1532 4793 mrumnas
1552 4780 1567 4806 ,
1611 4741 1749 4795 bella
1792 4749 1848 4797 et

271 4821 452 4886 pra-lia.
487 4823 768 4879 Gentilitas
791 4827 990 4896 quippe
1019 4843 1140 4882 cum
1167 4830 1360 4900 ubique
1383 4839 1640 4886 terrarmn
1671 4833 1847 4901 prola-

272 4913 316 4961 ta
339 4916 572 4970 omnium
609 4917 820 4976 animos
847 4930 1183 4989 occupasset,
1215 4923 1284 4977 ita
1310 4923 1548 4988 demum,
1581 4935 1702 4994 post
1730 4935 1847 4980 tan-

273 5008 370 5057 tmn
395 5009 556 5063 robur
578 5020 738 5080 atque
775 5011 1162 5076 incrementum
1183 5059 1198 5080 ,
1243 5031 1273 5070 a
1300 5015 1498 5072 Christi
1529 5019 1725 5074 virtute
1757 5000 1872 5074 50-.

273 5087 368 5146 luta
386 5106 498 5164 est;
522 5101 830 5170 pra-dicatio
852 5112 1030 5160 autem
1061 5117 1239 5164 nostra
1266 5125 1371 5162 non
1397 5117 1520 5171 tunc
1541 5109 1723 5175 hostes
1749 5107 1847 5166 ha-

275 5178 387 5240 bere
407 5192 586 5261 coepit,
606 5207 727 5246 cum
749 5194 943 5265 ubique
972 5210 1258 5268 propagata
1287 5200 1511 5256 ﬁrmiter
1539 5209 1727 5269 staret,
1752 5205 1846 5258 sed

277 5275 561 5350 priusquam
590 5284 642 5338 in
671 5286 976 5350 auditorum
1007 5292 1199 5346 animis
1229 5291 1548 5363 deligeretur
1577 5303 1631 5350 et
1661 5295 1850 5348 funda-

277 5375 426 5434 retur,
453 5373 519 5426 ab
543 5375 659 5444 ipso
688 5377 764 5432 rei
788 5378 1103 5448 primordio,
1127 5392 1312 5444 contra
1343 5385 1652 5446 universum
1679 5395 1848 5440 terra-

275 5466 379 5510 rum
407 5464 585 5520 orbem
609 5469 776 5523 aciem
809 5470 1073 5530 inStruere
1093 5474 1402 5545 cogebatur,
1436 5477 1622 5531 Contra
1658 5479 1847 5547 princi-

277 5558 409 5641 P‘llus
427 5567 471 5607 et
501 5567 790 5628 potestates,
813 5573 860 5616 et
888 5574 1104 5622 rectores
1126 5567 1445 5622 tenebrarum
1464 5573 1638 5624 sa’culi
1668 5573 1842 5641 hujus,

276 5639 490 5737 aduersus
507 5653 795 5720 spiritualia
820 5657 1051 5726 nequitia:
1076 5657 1294 5728 (Ep/tes.
1320 5660 1372 5714 6.
1403 5661 1528 5732 19.):
1554 5679 1674 5716 cum
1701 5639 1842 5717 enim

279 5734 485 5826 Scintilla
525 5739 646 5796 lidei
677 5743 912 5799 nondum
951 5747 1087 5802 bene
1126 5764 1352 5805 accensa
1384 5760 1559 5818 esset,
1605 5761 1714 5807 tum
1747 5754 1819 5808 llu

280 5827 403 5874 "ulla
434 5837 497 5882 et
535 5831 710 5902 abyssi
742 5835 975 5904 undique
1003 5837 1315 5894 induebant.
1349 5841 1508 5896 Scitis
1537 5858 1697 5910 porro
1737 5860 1841 5898 non

283 5912 477 5987 llclitttlc
513 5937 629 5980 esse
663 5924 893 5996 plantam
922 5927 991 5984 ab
1029 5928 1504 5988 innumerabilibus
1531 5933 1639 6004 jam
1683 5940 1834 5994 annis

999 485 1085 540 DE
1123 485 1180 541 S.
1224 483 1524 549 BABYLA,
1564 478 1841 538 CONTRA
1877 474 2220 536 JULIANUM
2260 482 2349 536 ΕΤ
2389 481 2746 540 GENTILES.

3423 470 3529 529 5'58

1952 594 2162 648 radices
2181 604 2422 665 agentem
2449 597 2699 662 evellere,
2726 606 2886 666 atque
2907 611 3025 651 eam
3049 609 3169 667 qua:
3191 613 3359 667 nuper
3379 597 3538 653 insita

1949 686 2128 742 fuerit.
2175 689 2281 744 Sed
2327 690 2379 744 in
2419 705 2485 745 eo
2526 691 2601 744 rei
2630 698 2768 745 statu
2802 690 3010 760 pietatis
3051 691 3335 745 scintillam
3365 691 3540 745 adhuc

1953 779 2234 844 modicam,
2271 791 2328 834 ut
2355 781 2488 846 dixi,
2531 782 2808 836 inundavit
2832 782 3262 836 adversariorum
3297 783 3536 852 pelagus,

1950 886 2070 940 qua:
2119 881 2294 926 tamen
2351 872 2542 926 nedum
2589 875 3043 944 exstingueretur,
3088 873 3259 942 niajor
3287 874 3446 927 etiam
3478 887 3541 925 ac

1951 961 2284 1030 splendidior
2315 964 2504 1018 effecta
2525 1005 2540 1027 ,
2574 964 2751 1018 omnia
2793 966 2898 1018 cito
2931 965 3286 1034 pervadebat,
3321 981 3408 1018 res
3448 964 3542 1016 ad-

1951 1053 2306 1106 versariorum
2357 1053 2510 1108 facile
2556 1054 2845 1109 devastatus
2883 1070 2948 1110 ac
2993 1071 3335 1119 consumens,
3389 1071 3538 1107 suam

1951 1158 2082 1198 vero
2103 1159 2213 1198 rem
2239 1145 2449 1214 erigens
2474 1156 2632 1214 atque
2660 1146 2712 1200 in
2744 1146 3058 1200 immensam
3089 1147 3282 1200 tollens
3307 1145 3542 1198 altitudi-

1953 1249 2097 1300 nem,
2135 1237 2343 1290 etiamsi
2372 1236 2470 1290 viri
2511 1246 2699 1292 tenues
2727 1246 2886 1308 atque
2915 1238 3127 1293 obscuri
3162 1255 3281 1293 eam
3311 1238 3542 1292 admini-

1952 1337 2205 1382 strarcnl.

2037 1417 2160 1471 Vilis
2187 1420 2488 1474 conditionis
2524 1421 2752 1475 homines
2790 1439 2896 1474 rem
2921 1421 3262 1476 (Iltrz'slianam
3289 1440 3544 1494 propaga-

1953 1526 2089 1569 ruut.
2117 1516 2323 1571 —Nec
2368 1517 2421 1571 in
2463 1531 2622 1572 causa
2677 1527 2830 1572 erant
2876 1518 3194 1587 piscatorum
3241 1517 3541 1587 bujusmodi

1953 1608 2116 1662 verba
2157 1607 2241 1661 vel
2281 1607 2536 1663 miracula
2557 1649 2572 1672 ,
2613 1607 2708 1663 sed
2733 1607 2930 1662 Christi
2956 1609 3123 1662 virtus
3167 1609 3218 1661 in
3249 1609 3376 1677 ipsis
3406 1623 3538 1677 opc~

1953 1714 2099 1756 rans.
2133 1700 2210 1756 Ex
2243 1699 2346 1754 illis
2375 1701 2542 1765 enim,
2575 1701 2665 1770 qui
2697 1701 2816 1754 talia
2845 1701 3142 1776 patrabant,
3180 1700 3318 1752 alter
3348 1699 3544 1754 l‘aulus

1954 1799 2088 1856 erat,
2123 1790 2474 1844 tentoriorum
2513 1791 2735 1856 artifex;
2763 1792 2898 1846 alter
2925 1793 3116 1846 Petrus
3146 1793 3377 1861 piscator
3404 1807 3417 1843 :
3453 1807 3545 1845 ne-

1954 1899 2057 1953 que
2083 1893 2189 1938 tam
2221 1884 2465 1939 tenuibus
2493 1883 2798 1940 hominibus
2823 1886 2875 1940 in
2905 1896 3138 1941 mentem
3169 1886 3406 1940 venisset
3431 1901 3547 1938 um-

1953 1991 2112 2044 quam
2143 1989 2261 2030 rem
2293 1975 2451 2030 talem
2493 1957 2821 2045 conﬁngere,
2864 1976 2966 2030 nisi
2989 1977 3108 2046 quis
3135 1991 3232 2030 eos
3263 1975 3548 2030 insaniisse

1954 2077 2008 2122 et
2031 2077 2210 2124 mente
2229 2080 2415 2139 captos
2444 2071 2611 2126 fuisse
2633 2071 2796 2126 dicat.
2823 2071 2978 2139 Quod
3005 2081 3181 2126 autem
3213 2088 3319 2125 non
3347 2071 3544 2125 insani-

1955 2168 2103 2227 rent,
2139 2162 2309 2230 palam
2337 2171 2422 2217 est
2447 2172 2558 2216 tum
2588 2179 2652 2217 ex
2683 2163 2764 2227 iis,
2810 2180 2929 2234 qua:
2971 2177 3221 2217 sermone
3251 2163 3547 2231 perfecero,

1953 2259 2065 2329 tum
2087 2267 2152 2307 ex
2179 2253 2262 2321 iis,
2286 2254 2375 2324 qui
2401 2254 2691 2309 etiamnum
2715 2254 2818 2308 illis
2838 2254 3228 2322 obtemperant.
3249 2253 3546 2323 Numquam

1955 2346 2112 2416 igitur
2139 2347 2258 2401 talia
2288 2347 2362 2402 illi
2390 2348 2630 2403 ementiti
2658 2347 2902 2412 fuissent,
2930 2348 3009 2402 vel
3038 2347 3372 2417 gloriabundi
3391 2347 3547 2415 jacti-

1954 2443 2175 2492 tassent.
2205 2438 2445 2503 Etenim,
2473 2447 2530 2493 ut
2553 2439 2816 2508 principio
2857 2439 3096 2494 dicebam
3116 2480 3130 2504 ,
3161 2439 3254 2508 qui
3297 2437 3547 2508 decipere

1953 2530 2064 2583 vult
2085 2571 2100 2595 ,
2145 2530 2402 2586 mentitur
2445 2531 2660 2602 quidem
2682 2575 2697 2598 ,
2728 2531 2822 2586 scd
2854 2548 2958 2585 non
2992 2531 3063 2586 ita
3099 2531 3372 2595 mentitur,
3397 2539 3454 2584 ιιι
3476 2529 3546 2584 ab

1952 2621 2202 2677 omnibus
2240 2621 2572 2692 deprehendi
2617 2623 2804 2692 possit.
2835 2623 2967 2678 Nam
3013 2623 3080 2686 si,
3130 2632 3408 2691 postquam
3457 2635 3546 2676 res

1952 2715 2289 2783 contigerunt
2324 2721 2379 2768 et
2407 2722 2511 2767 tam
2558 2713 2712 2768 multi
2755 2729 2938 2768 earum
2983 2723 3231 2768 eventum
3281 2713 3544 2768 testiﬁcati

1950 2813 2105 2871 sunt,
2139 2813 2250 2859 tum
2289 2821 2355 2859 ex
2401 2805 2466 2860 iis
2489 2845 2505 2872 ,
2538 2804 2628 2875 qui
2660 2805 2763 2858 illis
2798 2805 3127 2874 temporibus
3155 2805 3497 2859 crediderunt
3529 2844 3545 2869 ,

1954 2904 2062 2952 tum
2113 2910 2180 2950 ex
2232 2895 2331 2960 iis,
2380 2897 2469 2966 qui
2518 2904 2703 2966 postea
2760 2896 2876 2951 haec
2927 2896 3122 2965 ubique
3171 2894 3545 2962 celebrarunt,

1951 3000 2052 3042 nec
2073 2986 2214 3056 apud
2241 3002 2339 3042 nos
2365 2996 2592 3053 tantum,
2622 2987 2715 3041 Sed
2744 2987 2885 3056 apud
2912 2987 3188 3052 barbaros,
3215 2995 3268 3041 et
3287 2987 3426 3056 apud
3451 3003 3547 3043 eos

1950 3078 2040 3148 qui
2072 3078 2201 3149 ipsis
2229 3079 2473 3134 barbaris
2499 3078 2836 3135 eﬁ'eratiores
2874 3090 3016 3145 sunt,
3049 3089 3337 3148 supersunt
3367 3087 3544 3133 tamen

1949 3171 2165 3242 quidam
2187 3212 2200 3237 ,
2232 3171 2323 3242 qui
2363 3181 2483 3242 post
2529 3181 2606 3226 tot
2635 3173 2782 3242 signa
2802 3214 2818 3240 ,
2851 3180 2900 3227 et
2935 3172 3117 3242 totius,
3148 3177 3206 3224 ut
3230 3171 3301 3225 ita
3329 3170 3503 3224 dicam
3528 3210 3545 3236 ,

1950 3265 2095 3319 orbis
2121 3265 2505 3331 testimonium,
2532 3265 2695 3320 rebus
2719 3266 2883 3335 gestis
2905 3280 3009 3320 non
3026 3270 3276 3331 credunt,
3299 3278 3362 3319 ac
3391 3263 3547 3318 multi

1953 3357 2100 3412 nullo
2125 3357 2371 3412 examine
2392 3397 2408 3423 ,
2461 3357 2606 3412 nulla
2651 3357 3033 3428 perquisitione
3075 3357 3350 3428 prmmissa
3383 3374 3395 3409 :
3427 3355 3550 3425 quis

1950 3449 2018 3502 ab
2044 3449 2231 3516 initio,
2277 3435 2438 3502 nullis
2469 3449 2762 3519 perspectis
2808 3448 3004 3514 rebus,
3053 3448 3198 3503 nullo
3237 3447 3343 3502 ﬁde
3386 3447 3548 3516 digno

1954 3539 2259 3595 testimonio
2302 3539 2559 3605 munitus,
2617 3538 2757 3593 hanc
2807 3538 2966 3592 ﬁdem
3011 3537 3190 3591 animo
3236 3536 3548 3605 exceperit?

1950 3632 2078 3702 quid
2119 3631 2330 3690 tandem
2360 3631 2480 3686 illos
2509 3631 2779 3686 induxerit
2807 3630 2872 3684 ad
2906 3631 3008 3684 tale
3043 3629 3314 3699 quidpiam
3339 3629 3546 3696 ﬁngen-

1951 3724 2078 3779 dum
2106 3733 2158 3778 et
2186 3723 2738 3778 comminiscendum?
2766 3722 2948 3793 Neque
2974 3723 3117 3776 enim
3157 3721 3370 3776 dicendi
3399 3721 3448 3774 vi
3483 3721 3543 3773 li-

1953 3814 2187 3880 debant;
2216 3813 2328 3884 (qui
2358 3815 2501 3869 enim
2527 3814 2579 3868 id
2603 3813 2718 3869 ﬁeri
2749 3813 2938 3884 possit,
2959 3828 3081 3867 cum
3107 3813 3246 3866 alter
3261 3827 3329 3866 ne
3368 3812 3550 3867 literas

1951 3908 2165 3979 quidem
2196 3907 2452 3978 nosset?)
2482 3923 2654 3978 neque
2683 3907 2987 3962 divitiarum
3015 3905 3205 3976 cepitc,
3234 3904 3426 3974 quibus
3455 3903 3550 3958 ali-

1953 4009 2134 4056 menta
2163 3999 2462 4055 necessaria
2488 3999 2575 4054 vix
2609 4007 2954 4068 suppeterent
2976 4039 2990 4063 ,
3018 4007 3072 4053 et
3099 3997 3188 4067 qui
3219 3995 3411 4050 diurno
3434 3995 3551 4064 Opi-

1953 4092 2074 4147 ﬁcio
2095 4092 2432 4156 victitarent;
2467 4107 2638 4162 neque
2663 4091 2731 4146 de
2779 4090 2993 4161 generis
3019 4087 3304 4158 splendore
3333 4087 3550 4157 gloriari

1953 4192 2200 4253 poterant
2231 4201 2246 4237 :
2276 4183 2498 4238 alterius
2527 4183 2668 4238 enim
2699 4197 2764 4236 ne
2792 4191 2993 4252 patrem
3022 4180 3236 4251 quidem
3268 4179 3546 4242 novimus,

1953 4278 2025 4331 ita
2051 4287 2166 4332 erat
2185 4276 2448 4332 obscurus
2476 4285 2634 4344 atque
2663 4275 2910 4346 ignotus;
2939 4274 3081 4329 Petri
3104 4289 3233 4328 vero
3253 4280 3404 4343 pater
3428 4271 3548 4341 qui-

1952 4367 2074 4422 dem
2105 4376 2264 4421 notus
2292 4374 2405 4432 est,
2433 4366 2528 4422 sed
2568 4365 2621 4420 id
2661 4374 2865 4420 tantum
2905 4365 3134 4434 amplius
3171 4363 3352 4428 habet,
3384 4377 3544 4428 quam

1951 4460 2110 4526 alter,
2141 4457 2284 4528 quod
2314 4459 2481 4512 solam
2527 4457 2694 4527 patris
2728 4457 3141 4526 appellationem
3161 4495 3176 4518 ,
3217 4453 3377 4522 idque
3422 4466 3548 4521 pro-

1952 4561 2071 4620 pter
2097 4550 2284 4615 ﬁlium,
2314 4548 2588 4619 Scriptura
2613 4554 3018 4602 commemoret.
3043 4544 3098 4601 Si
3127 4545 3398 4614 regionem
3422 4542 3544 4611 quis

1952 4653 2004 4698 et
2028 4652 2240 4712 gentem
2257 4641 2536 4711 explorare
2558 4641 2704 4704 velit,
2728 4639 2892 4694 alium
2913 4637 3130 4691 Cilicem
3155 4634 3543 4705 deprehendet,

1952 4735 2114 4788 alium
2140 4734 2383 4802 ignobilis
2411 4734 2558 4787 urbis
2583 4733 2753 4786 civem
2780 4749 2795 4798 ;
2823 4732 2929 4784 imo
2951 4745 3076 4783 vero
3102 4745 3207 4784 non
3242 4729 3386 4784 urbis
3406 4770 3420 4795 ,
3448 4728 3544 4783 sed

1953 4826 2053 4878 vici
2085 4823 2250 4878 infimi
2277 4823 2507 4878 incolam
2537 4840 2551 4876 :
2590 4821 2892 4876 Bethsaidte
2935 4820 3108 4885 enim,
3137 4819 3239 4873 vici
3271 4831 3462 4888 nempe
3494 4819 3546 4872 in

1951 4917 2170 4973 Galilma
2199 4917 2277 4970 sic
2302 4915 2510 4981 vocati,
2552 4914 2740 4970 beatus
2769 4915 2859 4968 ille
2889 4917 2967 4967 vir
3013 4913 3184 4967 ineola
3224 4922 3359 4967 erat.
3393 4913 3550 4966 Artes

1953 5025 2080 5064 Vero
2106 5023 2293 5064 eorum
2321 5009 2365 5062 si
2391 5008 2510 5077 quis
2538 5007 2736 5074 audiat,
2764 5005 2894 5059 nihil
2929 5019 3179 5074 magnum
3209 5005 3296 5060 vel
3317 5003 3549 5057 honora»

1954 5105 2059 5160 bile
2088 5101 2382 5172 comperiet
2412 5118 2428 5154 :
2461 5116 2583 5172 nam
2613 5101 2878 5170 piscatore
2903 5097 3122 5168 quidem
3167 5097 3442 5151 honestior
3463 5103 3549 5150 est

1952 5196 2308 5251 tentoriorqu
2330 5192 2555 5258 artifex;
2584 5192 2797 5247 exteris
2822 5201 3000 5246 autem
3046 5189 3341 5245 artiﬁcibus
3367 5188 3542 5242 vilior.

1953 5288 2266 5355 Undenam,
2311 5302 2530 5357 quaeso,
2566 5287 2704 5341 unde
2749 5302 2862 5341 rem
2903 5295 3103 5340 tantam
3134 5284 3388 5338 simulare
3426 5281 3545 5336 ausi

1952 5379 2217 5434 fuissent?
2247 5394 2351 5449 qua
2392 5394 2490 5449 spe
2529 5379 2700 5435 elati?
2729 5380 2814 5433 cui
2846 5377 3108 5434 ﬁdentes?
3154 5391 3222 5430 an
3252 5376 3458 5430 calamo
3487 5384 3542 5430 et

1952 5471 2152 5526 hamo?
2188 5487 2256 5526 an
2280 5471 2454 5526 cultro
2479 5479 2534 5526 et
2559 5469 2825 5526 terebrae?
2858 5469 3116 5524 Homines
3138 5466 3334 5528 insani,
3359 5480 3539 5519 annon

1951 5563 2302 5619 abscedentes
2327 5577 2423 5618 vos
2445 5562 2868 5633 strangulabitis,
2894 5570 2984 5615 aut
3003 5557 3306 5629 praecipites
3323 5557 3542 5612 dabitis?

2020 5657 2076 5708 4.
2116 5654 2402 5724 Fingamus
2428 5662 2604 5706 autem
2631 5694 2646 5718 ,
2675 5652 2718 5706 si
2749 5651 2962 5720 placet,
2995 5665 3108 5704 rem
3136 5664 3255 5718 qua:
3288 5648 3400 5703 ﬁeri
3437 5662 3537 5702 ne-

1949 5759 2107 5820 queat
2135 5791 2151 5816 ,
2180 5749 2291 5802 ﬁeri
2319 5763 2504 5802 revera
2537 5760 2693 5816 posse
2718 5786 2732 5809 ,
2762 5753 2816 5798 et
2839 5758 2959 5798 eum
2989 5743 3077 5812 qui
3104 5758 3134 5797 e
3163 5751 3350 5811 stagno
3379 5740 3539 5810 prod-

1951 5845 2012 5898 iit
2055 5842 2238 5897 dicere
2265 5859 2277 5895 :
2309 5840 2507 5896 Umbra
2552 5838 2793 5907 corporis
2821 5837 2922 5892 mei
2956 5845 3197 5891 mortuos
3223 5833 3539 5898 suscitavit;

1953 5951 2073 5991 eum
2123 5946 2248 5989 vero
2297 5932 2383 6007 qui
2431 5946 2494 5986 ex
2549 5929 2892 6000 pelliceorum
2937 5925 3289 5985 tentoriorum
3330 5921 3541 5990 ofﬁcina
