4032 6440
575 450 679 507 5'59

572 566 701 620 exiit
730 606 747 635 ,
779 569 923 638 paria
956 568 1023 626 de
1050 572 1377 629 vestimentis
1401 576 1511 630 suis
1532 576 1779 645 jactitare
1810 594 1823 631 :
1854 578 1973 646 quis
2010 575 2162 630 audi-

572 666 747 714 torum
776 677 946 731 usque
982 664 1118 719 adeo
1157 674 1337 721 mente
1370 676 1556 736 captus
1599 677 1753 731 erat,
1794 681 1852 723 ut
1892 669 2031 724 circa
2073 683 2160 724 res

566 758 744 806 tantas
785 753 943 809 nudis
970 756 1147 811 verbis
1191 756 1348 812 ﬁdem
1394 757 1659 814 haberet?
1703 760 1813 816 Cur
1846 762 2022 817 nullus
2067 762 2158 815 illo

566 851 809 913 tempore
833 846 1020 902 artifex
1048 849 1316 919 quidpiam
1358 852 1532 907 simile
1557 853 1625 908 de
1652 854 1831 921 seipse
1856 894 1872 919 ,
1899 864 1993 907 aut
2020 853 2156 909 alius

564 936 632 989 de
662 936 755 994 illo
782 938 1144 1010 dixittmqui
1183 943 1227 997 si
1273 959 1359 999 res
1405 953 1604 999 nostrae
1651 945 1900 1015 ﬁgmenta
1930 955 2113 1001 essent
2135 986 2150 1011 ,

560 1044 655 1083 eos
684 1031 774 1100 qui
821 1041 1002 1100 postea
1046 1034 1297 1099 fuerunt,
1344 1033 1553 1091 facilius
1599 1036 1791 1090 similia
1835 1038 2153 1092 mentituros

562 1119 726 1175 fuisse
755 1116 1041 1178 verisimile
1068 1133 1201 1180 erat.
1236 1124 1314 1180 llli
1340 1128 1482 1181 enim
1515 1127 1720 1195 priores
1759 1143 1863 1182 non
1903 1138 2150 1198 poterant
2177 1118 2215 1143 “

563 1211 810 1280 exemplo
838 1211 1058 1267 aliorum
1088 1257 1104 1279 ,
1144 1215 1232 1281 qui
1278 1217 1713 1284 prmcessissent,
1756 1232 1905 1287 spem
1950 1218 2149 1274 habere

554 1300 695 1354 circa
740 1301 973 1371 ﬁgmenti
1005 1319 1345 1370 successum;
1384 1306 1435 1361 hi
1468 1322 1595 1362 vero
1624 1309 1980 1377 posteriores,
2027 1310 2146 1365 illos

556 1388 730 1446 iutu‘iti
756 1435 771 1458 ,
795 1406 1157 1450 commentum
1184 1396 1391 1453 facilius
1420 1401 1534 1453 ausi
1561 1398 1819 1465 fuissent,
1849 1416 1968 1457 cum
2000 1402 2143 1471 prio-

522 1496 670 1536 ‘rum
719 1486 1022 1554 exemplum
1089 1489 1475 1557 posterioribus
1530 1491 1776 1546 ﬁduciam
1835 1492 2137 1563 praeberet,

552 1574 703 1641 quasi
732 1576 909 1630 nullus
936 1578 987 1630 in
1019 1586 1158 1632 terra
1189 1589 1366 1635 mente
1404 1582 1656 1650 praeditus
1685 1593 1829 1639 esset
1853 1625 1868 1649 ,
1896 1585 1992 1640 sed
2018 1600 2137 1640 om-

550 1681 648 1721 nes
674 1675 853 1722 mente
880 1670 1019 1738 capti
1046 1679 1100 1725 et
1127 1671 1295 1727 insani
1322 1683 1505 1728 essent
1524 1717 1539 1741 ,
1570 1675 1638 1729 ita
1666 1688 1723 1731 ut
1746 1676 1914 1733 cuivis
1948 1677 2138 1735 liceret

546 1775 898 1833 quaecumque
926 1764 1087 1820 vellet
1120 1765 1187 1821 de
1219 1767 1396 1837 seipse
1435 1767 1614 1825 dicere
1649 1771 1874 1842 aliisque
1911 1788 2134 1843 persua-

547 1849 697 1907 dere.
728 1852 888 1923 Nugre
919 1856 1072 1925 plane
1094 1898 1109 1923 ,
1139 1867 1194 1912 et
1219 1860 1328 1913 risu
1361 1860 1516 1932 digna
1547 1872 1671 1917 sunt
1698 1863 1971 1935 gentilitize
1994 1867 2131 1925 Stul-

545 1940 675 1996 titia:
704 1945 884 1998 verba.
907 1946 1364 2013 Quemadmodum
1393 1953 1534 2007 enim
1575 1954 1618 2007 si
1658 1955 1778 2025 quis
1819 1957 2008 2012 ca‘lum
2046 1973 2133 2013 sa-

546 2031 691 2100 gittis
722 2035 977 2106 impetere
1002 2040 1166 2107 velit,
1197 2043 1348 2111 quasi
1396 2044 1517 2099 telis
1556 2046 1728 2116 ipsum
1775 2049 2127 2121 dirupturus;

542 2135 636 2181 aut
680 2126 948 2186 Oceanum
997 2133 1248 2202 haurire,
1295 2139 1446 2207 quasi
1491 2142 1737 2199 manibus
1774 2156 2127 2203 evacuaturus

539 2215 686 2271 illum
710 2258 726 2284 ,
764 2234 829 2275 ex
876 2222 1248 2281 urbanioribus
1292 2244 1449 2283 nemo
1485 2231 1620 2299 erit,
1656 2233 1782 2303 quin
1818 2236 2028 2303 rideat,
2059 2253 2127 2294 ex

536 2309 873 2376 gravioribus
896 2330 1056 2371 nemo
1083 2332 1187 2373 non
1220 2319 1271 2375 id
1297 2320 1479 2378 effusis
1506 2324 1754 2396 lacrymis
1778 2327 2079 2399 deplorabit
2106 2348 2121 2385 :

537 2398 616 2453 sic
656 2415 779 2456 cum
818 2404 971 2471 nobis
1011 2409 1239 2478 gentiles
1274 2414 1695 2471 contradixerint
1718 2459 1732 2483 ,
1776 2398 1872 2489 par
1908 2430 1993 2475 est
2029 2437 2123 2477 eos

532 2489 763 2549 irridere
786 2508 851 2549 ac
869 2495 1148 2566 deplorare
1176 2517 1190 2555 :
1221 2515 1335 2557 rem
1357 2504 1498 2559 enim
1521 2506 1690 2577 magis
1711 2508 1932 2564 arduam
1953 2512 2122 2568 susci-

529 2581 715 2651 piunt,
749 2599 907 2656 quam
933 2588 1024 2659 qui
1052 2590 1134 2646 vel
1175 2592 1364 2647 czelum
1408 2595 1698 2654 confodere
1740 2599 1823 2655 vel
1868 2601 2118 2673 abyssum

529 2687 792 2732 evacuare
829 2692 890 2733 se
923 2694 1084 2749 posse
1115 2684 1429 2752 speraverit.
1470 2685 1653 2757 Neque
1695 2689 1836 2744 enim
1875 2691 1963 2746 lux
2002 2708 2120 2748 um-

528 2781 688 2835 quam
719 2768 945 2824 obscura
973 2769 1075 2826 erit
1097 2815 1111 2839 ,
1143 2775 1317 2831 donec
1342 2777 1427 2832 lux
1451 2779 1554 2834 erit
1574 2820 1592 2847 ,
1614 2796 1789 2853 neque
1813 2793 2116 2842 nostrarum

524 2874 704 2915 rerum
739 2863 936 2918 veritas
964 2867 1329 2926 confutabitur
1359 2890 1373 2924 :
1404 2875 1603 2930 veritas
1628 2879 1823 2949 quippe
1848 2889 1968 2950 est,
2011 2897 2115 2954 qua

527 2953 661 3010 nihil
687 2956 933 3014 validius.
963 2960 1116 3029 Quod
1145 2963 1303 3034 igitur
1326 2976 1504 3023 vetera
1536 2969 1623 3025 illa
1646 3012 1663 3038 ,
1689 2987 1808 3043 quae
1832 2989 1962 3031 aure
1986 2953 2113 3047 per-

522 3045 788 3116 cipimus,
822 3065 929 3105 non
970 3052 1148 3109 minus
1186 3057 1460 3114 credibilia
1500 3061 1640 3127 sint,
1688 3079 1846 3135 quam
1888 3080 1951 3122 ea
1987 3045 2112 3138 quae

521 3152 664 3196 nunc
688 3145 970 3209 prmsentia
1000 3148 1272 3205 cernimus
1299 3189 1315 3216 ,
1347 3152 1520 3221 quivis
1560 3170 1666 3210 non
1699 3169 1881 3219 mente
1923 3172 2111 3230 captus

520 3237 576 3282 et
592 3229 810 3288 insanus
830 3237 1186 3307 conﬁteatur;
1212 3250 1269 3296 ut
1293 3253 1470 3299 autem
1496 3247 1770 3304 victoriam
1792 3229 2110 3313 cumulatius

516 3319 812 3379 referamus
836 3366 852 3391 ,
878 3341 991 3383 rem
1018 3329 1384 3389 admirandam
1409 3376 1425 3402 ,
1456 3346 1613 3393 aetate
1654 3351 1832 3396 nostra
1860 3353 2064 3413 gestam
2085 3388 2101 3414 ,

518 3413 770 3469 referam.
790 3417 860 3472 At
880 3434 946 3475 ne
973 3422 1256 3479 turbemini
1282 3467 1296 3492 ,
1329 3427 1373 3481 si
1401 3429 1711 3486 miraculum
1738 3440 1921 3490 nostra
1948 3413 2106 3495 actate

516 3504 717 3561 editum
747 3521 1086 3569 narraturum
1115 3532 1200 3571 me
1226 3519 1495 3589 pollicitus
1520 3565 1536 3590 ,
1574 3540 1641 3580 ex
1675 3527 1844 3582 veteri
1880 3523 2103 3586 historia

508 3598 874 3655 narrationem
902 3603 1124 3661 ordiar:
1157 3622 1331 3678 neque
1356 3612 1498 3665 enim
1541 3615 1593 3668 in
1630 3614 1714 3669 his
1758 3617 1930 3673 solum
1968 3622 2101 3675 cnn-

510 3684 695 3740 sistam
716 3728 732 3753 ,
753 3703 924 3759 neque
946 3709 1086 3750 novo
1105 3710 1420 3767 argumento
1438 3703 1612 3760 aliena
1629 3717 1807 3762 vetera
1830 3709 2057 3767 referam
2082 3729 2098 3768 :

512 3789 635 3829 nam
665 3787 889 3850 utraque
919 3787 1334 3845 mutumhaerent
1358 3832 1374 3857 ,
1408 3807 1508 3849 nec
1534 3795 1656 3850 licet
1688 3812 1875 3853 eorum
1902 3802 2095 3857 seriem

512 3864 821 3938 disjttngere
848 3917 864 3942 ,
896 3886 956 3931 ut
980 3880 1174 3937 auditis
1201 3883 1364 3941 rebus
1391 3889 1751 3959 compcrietis.

580 3960 636 4013 5.
680 3960 907 4020 Historia
932 3968 1267 4042 Imperatoris
1293 3978 1557 4048 cujusdam
1588 3981 1840 4050 fabulosa.
1871 4014 1944 4026 -—
1967 3985 2097 4044 Erat

507 4051 628 4118 quis
673 4051 966 4124 imperator
1020 4062 1095 4135 (α)
1141 4066 1403 4137 majorum
1448 4079 1755 4128 nostrorum
1800 4092 1954 4143 aevo,
2002 4080 2092 4150 qui

503 4142 679 4211 qualis
727 4148 782 4202 in
825 4155 1033 4209 caeteris
1084 4150 1263 4226 fuerit,
1314 4161 1495 4220 dicere
1537 4181 1788 4238 nequeo:
1820 4179 1875 4227 at
1910 4174 2093 4230 audito

501 4235 708 4291 scelere
732 4280 747 4305 ,
780 4243 921 4327 quod
950 4250 1168 4318 aggredi
1207 4263 1291 4308 est
1331 4269 1495 4311 ausus
1517 4298 1532 4322 ,
1577 4260 1836 4332 reliquam
1877 4281 2088 4323 morum

506 4318 891 4386 immanitatem
926 4341 1300 4407 cognoscetis.
1360 4345 1640 4411 Quodnam
1696 4318 1859 4422 igitur
1911 4358 2088 4414 scelus

500 4416 865 4478 illudicenti
903 4441 1024 4481 cum
1070 4431 1167 4487 illo
1211 4433 1403 4490 bellum
1452 4443 1656 4509 gerenti
1704 4416 1873 4501 visum
1917 4448 2089 4507 fuerat

501 4505 695 4565 bellum
727 4514 937 4573 solvere
968 4530 1377 4596 mutuarumque
1405 4531 1626 4586 cmdium
1670 4534 1829 4590 ﬁnem
1868 4538 2044 4597 facere
2066 4584 2082 4610 ,

497 4613 583 4653 res
607 4616 934 4674 componere
958 4651 973 4676 ,
1001 4614 1237 4678 pericula
1276 4628 1330 4672 et
1362 4619 1670 4678 formidines
1711 4627 1902 4686 sedare
1923 4673 1938 4697 ,
1971 4634 2084 4689 suis

496 4702 555 4744 se
583 4693 741 4748 rebus
767 4700 1042 4758 continere
1064 4744 1081 4771 ,
1109 4721 1282 4776 neque
1329 4709 1411 4764 his
1450 4713 1738 4783 ampliores
1779 4728 2031 4789 expetere
2062 4731 2083 4775 τ

494 4792 752 4849 prmstare
819 4792 962 4846 enim
1024 4797 1384 4855 mediocribus
1430 4802 1547 4859 sine
1598 4804 1883 4866 formidine
1934 4812 2074 4879 frui,

493 4888 654 4940 quam
682 4877 972 4947 majoribus
1001 4885 1268 4945 inhiantes
1299 4891 1350 4944 in
1381 4900 1525 4948 metu
1559 4911 1623 4951 ac
1657 4899 1849 4957 timore
1884 4903 2079 4973 degere

492 4978 709 5037 semper
730 5010 745 5035 ,
776 4973 1018 5044 malaque
1040 4983 1250 5038 caeteris
1286 4983 1574 5043 inferentes
1599 5030 1614 5056 ,
1656 4992 1723 5048 ab
1768 4995 1874 5051 illis
1916 4999 2078 5052 vicis—

490 5058 591 5112 sim
638 5061 902 5131 accipere.
950 5068 1085 5126 Cum
1128 5082 1307 5131 autem
1352 5082 1700 5138 constitutum
1745 5086 1848 5143 illis
1890 5100 2073 5157 esset,

490 5147 633 5205 bello
680 5166 897 5222 prorsus
940 5158 1214 5232 deposito,
1258 5169 1490 5237 quietam
1527 5174 1821 5247 transigere
1864 5181 2025 5234 vitam
2056 5225 2072 5238 .

491 5241 662 5297 visum
703 5253 788 5299 est
832 5246 983 5305 ﬁrma
1035 5255 1278 5320 pactione
1311 5259 1606 5332 validisque
1641 5241 2032 5326 conditionibus
2054 5273 2070 5304 ί

487 5347 674 5402 pacem
701 5340 963 5397 stabilire.
993 5344 1126 5400 Tum
1154 5348 1358 5407 fmdere
1390 5352 1528 5409 facto
1554 5397 1567 5418 ,
1595 5358 1721 5414 dato
1745 5373 2072 5434 acceptoque

478 5422 783 5491 juramento
805 5470 821 5497 ,
852 5435 961 5505 regi
993 5446 1252 5505 prasterea
1291 5456 1390 5498 suo
1424 5447 1648 5503 suadere
1673 5464 1935 5508 conantur
1959 5495 1974 5521 ,
2005 5455 2070 5509 ﬁ-

486 5515 615 5571 lium
639 5535 792 5615 suum
821 5524 1109 5584 admodum
1136 5546 1358 5602 puerum
1381 5576 1397 5603 ,
1430 5538 1481 5593 in
1526 5540 1755 5597 solidum
1800 5515 2036 5615 pacis'pi

487 5622 627 5678 gnus
670 5612 921 5673 traditum
965 5621 1050 5688 iis,
1081 5625 1170 5693 qui
1199 5628 1345 5695 prius
1387 5630 1571 5688 hostes
1599 5644 1751 5690 erant
1773 5612 2068 5702 ,ﬁduciam

547 5742 963 5825 :“yuums‘e‘cunda
986 5758 1470 5825 mantnjuramentis,
1496 5778 1601 5825 pro,
1626 5765 1988 5823 conditionibus.

542 5802 1508 5896 «ﬂammam.seriam
1518 5802 2058 5896 mai-é.,“:vo'~3'{£2;?£$o';.

479 5878 576 5927 qua
599 5863 665 5914 de
686 5878 745 5916 re
764 5868 942 5923 dictum
966 5863 1016 5923 id
1039 5863 1228 5929 ιιιόἠίιᾷ

1276 459 1330 514 S.
1373 458 1653 516 JOANNIS
1690 454 2171 515 CIIRYSOSTOMI
2204 456 2527 514 ARCIIIEP.
2569 457 3099 521 CONSTANTII‘OP.

3742 478 3829 535 διο

2271 580 2529 641 przestare
2566 587 2723 643 posse
2742 615 2758 640 ,
2805 575 3070 648 simulque
3098 582 3352 650 prepositi
3382 586 3462 639 sui
3492 587 3829 652 testimonium

2265 663 2547 733 exhibere,
2571 667 2712 736 quod
2743 683 2936 739 nempe
2969 671 3084 726 sine
3109 673 3234 729 dolo
3255 690 3438 744 pacem
3464 666 3590 736 cum
3620 683 3739 755 ipsis
3764 688 3817 743 fe

2264 759 2420 810 cerit.
2445 757 2558 825 Qua
2588 760 2833 815 oratione
2864 776 2955 815 rex
2978 762 3240 821 adductus
3264 765 3428 824 ﬁlium
3450 770 3617 839 dedit,
3647 785 3703 831 ut
3728 780 3827 848 qui-

2261 846 2384 902 dem
2411 851 2751 906 existimabat
2771 853 2878 920 ille,
2902 856 3090 911 amicis
3113 867 3166 913 et
3187 861 3375 929 sociis;
3405 874 3462 919 ut
3485 882 3612 922 vero
3635 846 3822 928 rei

2262 945 2347 992 tus
2377 941 2654 1009 probavit,
2684 942 2814 999 fera:
2843 947 3080 1002 omnium
3112 950 3532 1011 immanissimas.
3562 960 3689 1016 Nam
3716 979 3821 1020 cum

2259 1031 2511 1085 amicitia:
2539 1042 2595 1088 et
2621 1034 2847 1090 foederis
2880 1036 2998 1107 lege
3028 1055 3249 1109 puerum
3282 1045 3483 1114 regium
3520 1053 3821 1122 accepisset,

2257 1121 2436 1174 omnia
2464 1123 2623 1178 simul
2652 1128 2985 1183 conculcavit
3009 1139 3064 1185 et
3095 1135 3309 1199 evertit,
3327 1135 3646 1209 jurameuta,

2253 1224 2335 1276 ra,
2366 1211 2640 1270 hominum
2664 1220 3042 1289 reverentiam,
3067 1222 3316 1293 pietatem
3345 1243 3470 1300 erga
3496 1230 3682 1300 Deum,
3710 1246 3820 1293 acta-

2252 1302 2321 1358 tis
2362 1308 2883 1366 commiserationem
2917 1330 2931 1366 :
2960 1329 3070 1369 non
3120 1314 3354 1373 belluam
3400 1321 3546 1377 illaut
3587 1325 3817 1394 juventus

2249 1395 2419 1466 flexit,
2449 1416 2554 1455 non
2579 1417 2642 1457 ea
2664 1418 2785 1473 qua:
2811 1404 3118 1474 bujnsmodi
3143 1412 3347 1468 scelera
3373 1418 3523 1486 sequi
3549 1420 3680 1475 solet
3702 1422 3815 1477 ultio

2251 1497 2453 1547 trucem
2496 1492 2767 1559 hominem
2792 1497 3087 1566 deterruit;
3121 1518 3226 1557 non
3259 1508 3426 1574 patris
3465 1508 3632 1565 ﬁlium
3662 1511 3811 1582 depo-

2246 1584 2423 1640 nentis
2451 1588 2612 1643 verba
2641 1588 2878 1644 animum
2906 1591 3151 1661 subiere,
3197 1611 3318 1667 qua:
3347 1598 3475 1654 dum
3509 1603 3562 1655 in
3593 1606 3811 1660 manibus

2248 1674 2483 1731 traderet
2510 1679 2736 1745 fecerat,
2767 1695 2963 1752 rogans
2990 1697 3112 1738 eum
3134 1724 3151 1751 ,
3188 1695 3247 1741 ut
3275 1689 3327 1741 in
3371 1704 3561 1761 magna
3585 1708 3703 1748 cura
3731 1695 3812 1749 ha-

2242 1765 2395 1822 beret
2413 1809 2429 1834 ,
2455 1783 2515 1825 se
2547 1769 2659 1825 ﬁlio
2695 1772 2868 1841 ipsum
2898 1776 3226 1835 constituere
3253 1791 3459 1850 patrem
3489 1787 3639 1854 quasi
3673 1786 3736 1841 ab
3757 1802 3809 1843 se

2236 1862 2497 1931 genitum,
2515 1865 2805 1923 obsecrans
2831 1876 2890 1923 ut
2912 1884 3036 1925 eum
3062 1872 3136 1928 ita
3158 1878 3422 1932 enutriret
3447 1880 3802 1951 edncaretque,

2236 1960 2291 2005 ct
2318 1953 2582 2022 majorum
2620 1970 2840 2012 suorum
2871 1959 3149 2017 nobilitate
3180 1963 3399 2034 dignum
3430 1968 3707 2037 redderet;
3737 1973 3805 2027 in-

2237 2052 2319 2099 ter
2343 2045 2461 2102 haec
2482 2048 2645 2103 verba
2671 2048 2914 2107 dextram
2933 2056 3081 2123 pueri
3102 2054 3385 2115 homicida:
3408 2059 3612 2117 dextra:
3625 2063 3799 2133 juuxit,

2233 2143 2289 2192 et
2317 2137 2565 2207 perfusus
2583 2142 2835 2214 lacrymis
2854 2145 3135 2202 abscessit.
3166 2149 3366 2206 [lorum
3392 2154 3487 2209 ille
3510 2156 3803 2211 scelestissi-

2230 2240 2353 2281 mus
2369 2229 2500 2283 nihil
2514 2231 2567 2285 in
2583 2233 2764 2289 animo
2779 2237 3003 2304 recepit,
3018 2238 3112 2293 sed
3131 2239 3195 2294 iis
3211 2242 3461 2299 omnibus
3472 2245 3629 2302 simul
3639 2262 3801 2303 excus-

2228 2318 2326 2386 sis,
2344 2320 2544 2376 cmdem
2566 2325 2802 2379 omnium
2819 2327 3045 2383 caedium
3067 2329 3509 2390 immanissimam
3528 2344 3795 2407 perpetrat.

2229 2410 2342 2466 Hoc
2370 2414 2513 2468 enim
2545 2414 2803 2486 ﬂagitium
2826 2421 3023 2490 proprii
3044 2420 3140 2476 ﬁlii
3157 2422 3306 2479 caede
3329 2428 3572 2484 atrocius
3594 2439 3698 2484 est:
3716 2445 3796 2486 vos

2227 2508 2391 2558 testes
2420 2506 2650 2576 appello,
2672 2508 2761 2578 qui
2805 2525 2912 2565 non
2942 2512 3012 2567 ita
3042 2511 3385 2586 doluissetis,
3414 2521 3460 2573 si
3507 2521 3714 2591 quidem
3736 2537 3795 2578 ex

2224 2608 2347 2649 meo
2371 2594 2566 2652 aﬁ‘ectu
2595 2609 2833 2655 vestrum
2864 2604 3037 2659 metiri
3065 2605 3243 2674 liceat,
3261 2609 3306 2663 si
3332 2610 3621 2669 audissetis
3639 2613 3795 2682 ipsum

2223 2682 2389 2740 ﬁlium
2416 2688 2675 2745 occidisse
2695 2705 2849 2746 suam
2877 2711 2892 2749 :
2923 2701 3049 2750 tunc
3081 2697 3224 2752 enim
3249 2714 3372 2754 cum
3399 2704 3675 2759 communi
3694 2706 3794 2775 lege

2223 2779 2484 2835 naturalis
2514 2796 2727 2853 quoque
2771 2784 2859 2840 lex
2901 2786 3138 2843 subverti
3179 2790 3453 2849 videretur
3478 2814 3496 2851 :
3528 2798 3612 2851 hic
3634 2807 3792 2852 autern

2220 2866 2445 2936 plurima
2488 2870 2648 2928 simul
2692 2888 3113 2946 concurrerunt,
3139 2896 3258 2950 qua:
3312 2899 3422 2951 prae
3473 2888 3788 2943 multitudine

2217 2959 2445 3015 naturali
2467 2964 2784 3020 necessitate
2807 2964 3027 3023 fortiora
3052 2970 3181 3026 sint.
3201 2972 3421 3040 Quoties
3434 2978 3581 3032 enim
3601 2993 3791 3034 mecum

2213 3058 2405 3118 reputo
2444 3052 2741 3120 puerulum,
2770 3057 2860 3126 qui
2904 3057 3037 3114 nihil
3078 3061 3286 3131 injuria:
3332 3065 3557 3136 fecerat,
3585 3084 3615 3123 s
3655 3080 3788 3139 patre

2216 3139 2489 3206 traditum,
2532 3156 2565 3197 a
2613 3144 2876 3216 majorum
2927 3163 3148 3206 suorum
3189 3158 3335 3224 regia
3377 3157 3683 3226 abductum,
3708 3159 3789 3229 qui

2210 3226 2535 3288 domesticas
2561 3233 2803 3302 delicias,
2826 3237 3073 3308 gloriam,
3097 3240 3379 3313 honorem,
3398 3262 3527 3303 cum
3551 3259 3786 3305 extranea

2204 3320 2537 3399 educatione
2552 3336 2997 3399 commutavcrat,
3025 3342 3086 3387 ut
3114 3335 3448 3403 pactionibus
3469 3338 3614 3395 initis
3631 3339 3782 3395 scele-

2208 3422 2323 3470 stus
2349 3417 2438 3473 ille
2468 3419 2636 3476 ﬁdere
2662 3434 2844 3493 posset
2869 3442 2883 3478 :
2912 3425 2982 3481 ab
3011 3428 3125 3496 ipso
3151 3439 3335 3500 postea
3365 3433 3507 3489 male
3529 3436 3777 3503 allectum,

2206 3506 2492 3575 Splendore
2532 3519 2769 3580 pateram
2808 3514 3002 3571 domus
3029 3518 3148 3588 ejus
3185 3522 3356 3590 gratia
3399 3525 3682 3594 privatum,
3721 3525 3783 3581 ab

2205 3597 2507 3670 eodemque
2533 3602 2750 3659 demum
2796 3606 3158 3677 interfectum,
3185 3617 3455 3671 contraria
3497 3619 3684 3689 patior,
3711 3619 3778 3671 si-

2203 3688 2319 3744 mul
2342 3691 2528 3748 animo
2554 3696 2941 3754 contabescens
2968 3711 3023 3756 et
3051 3713 3374 3775 exmstuans,
3400 3688 3627 3779 quorum
3651 3707 3776 3764 aliud

2202 3779 2302 3849 ira,
2328 3783 2470 3839 aliud
2502 3788 2757 3844 mtestitia
2786 3791 2943 3863 parit.
2974 3792 3107 3849 Cum
3155 3798 3297 3852 enim
3340 3801 3521 3870 cogito
3564 3802 3772 3857 scelera-

2202 3879 2311 3926 tum
2359 3873 2507 3930 illum
2554 3892 2842 3950 armatum,
2886 3883 3228 3957 gladiumque
3276 3889 3592 3960 vibrantem,
3639 3891 3773 3963 pueri

2198 3965 2395 4022 collum
2446 3970 2963 4041 apprehendentem,
2993 3984 3049 4030 et
3088 3994 3194 4046 qua
3238 3979 3460 4037 dextera
3491 3985 3767 4056 depositum

2198 4067 2493 4126 receperat,
2520 4059 2709 4116 eadem
2732 4063 2967 4133 gladium
3007 4067 3059 4120 in
3090 4068 3222 4123 illud
3263 4071 3642 4139 intendentem,
3669 4072 3768 4127 dis-

2194 4161 2417 4219 rumpor
2461 4161 2623 4222 atque
2671 4153 2748 4210 ira
2803 4158 3098 4226 prmfocor;
3145 4176 3331 4219 rursus
3371 4179 3495 4220 cum
3534 4168 3764 4237 juvenem

2193 4241 2470 4310 conspicio
2497 4241 2894 4312 formidantem,
2927 4257 3265 4321 trementem,
3293 4258 3648 4328 extremisque
3679 4269 3765 4325 ge-

2192 4332 2413 4390 mitibus
2451 4336 2761 4405 ejulantem,
2810 4348 3017 4410 patrem
3063 4343 3438 4402 inclamantem
3486 4346 3763 4416 horumque

2190 4437 2404 4479 causam
2453 4442 2573 4483 esse
2616 4429 2905 4497 dicentem,
2933 4447 2998 4489 ac
3044 4434 3248 4491 caedem
3296 4453 3400 4492 non
3442 4439 3515 4505 ei,
3546 4440 3630 4509 qui
3656 4438 3759 4509 gla-

2190 4514 2337 4571 dium
2382 4518 2435 4573 in
2483 4528 2668 4590 guttur
2716 4522 2980 4593 inﬁgeret,
3007 4525 3101 4580 sed
3153 4529 3357 4597 parenti
3407 4528 3757 4600 imputautem.

2188 4620 2363 4676 neque
2386 4607 2568 4679 fugere
2609 4625 2782 4681 neque
2819 4628 2880 4668 se
2905 4614 3086 4670 ulcisci
3115 4631 3292 4686 posse,
3318 4618 3415 4674 sed
3454 4619 3644 4676 frustra
3670 4631 3756 4688 pa-

2185 4712 2395 4754 rentem
2416 4702 2681 4768 incusare,
2704 4704 2909 4775 plagam
2941 4707 3207 4779 excipere,
3237 4709 3515 4779 palpitare,
3542 4710 3758 4767 calcibus

2183 4791 2546 4859 pavimentum
2591 4792 2789 4862 ferire,
2840 4806 3039 4854 terram
3079 4801 3387 4871 sanguineis
3431 4801 3560 4871 rivis
3598 4799 3754 4870 inqui-

2182 4896 2346 4936 nare:
2376 4883 2488 4953 ipsa
2515 4885 2644 4940 mihi
2671 4887 2877 4944 viscera
2911 4889 3593 4964 discerpuntur,‘cogitatio
3613 4893 3744 4949 obtc~

2179 4973 2454 5040 nebratur,
2482 4990 2547 5031 ac
2573 4979 2842 5035 maestitiae
2866 4982 3038 5053 caligo
3060 4984 3303 5054 quredam
3346 4988 3515 5044 oculis
3539 4985 3748 5043 oﬁundi-
3806 4978 3815 4983 “

2179 5073 2283 5118 tur.
2303 5065 2374 5120 At
2393 5065 2506 5122 fera
2528 5068 2617 5124 illa
2638 5070 2769 5124 nihil
2800 5071 2975 5129 simile
3003 5089 3156 5143 passa
3177 5085 3294 5142 est;
3321 5077 3414 5132 sed
3441 5093 3505 5133 ac
3530 5080 3573 5133 si
3599 5086 3753 5147 agnus

2175 5156 2259 5211 vel
2285 5156 2482 5215 vitulus
2508 5159 2607 5216 sibi
2635 5162 2949 5219 mactandas
2964 5173 3128 5233 esset,
3141 5166 3220 5222 sic
3244 5166 3314 5222 ad
3339 5170 3593 5225 nefariam
3619 5168 3745 5223 illam

2175 5246 2376 5303 caedem
2401 5250 2622 5308 affectus
2652 5263 2789 5308 erat.
2837 5253 2905 5309 Et
2950 5270 3084 5325 puer
3110 5257 3325 5326 quidem
3372 5259 3523 5331 plaga
3552 5267 3746 5326 recepta

2169 5336 2385 5406 jacebat
2412 5350 2653 5399 mortuus
2679 5362 2694 5398 :
2723 5343 2989 5401 homicida
3018 5363 3147 5403 vero
3180 5349 3371 5405 sceleri
3398 5348 3741 5422 patrocinaba—

2174 5438 2280 5497 tur,
2313 5435 2699 5502 posterioribus
2731 5438 2913 5507 priora
2945 5439 3199 5511 obtegere
3223 5457 3439 5500 curans.
3470 5446 3620 5502 Putat
3643 5442 3739 5497 for-

2174 5531 2316 5579 tasse
2357 5526 2620 5596 quiSpiam
2669 5544 2758 5584 me
2786 5528 2855 5586 de
2903 5532 3179 5600 sepultura
3224 5532 3564 5609 loquuturum
3611 5545 3734 5595 esse,

2170 5614 2557 5689 dicturumque,
2588 5618 2842 5676 defuncto
2866 5637 2935 5677 ne
2964 5622 3225 5679 tantillum
3255 5626 3472 5695 quidem
3500 5638 3642 5684 terra!
3663 5624 3734 5679 itt-

2172 5707 2509 5764 terfectorem
2535 5709 2750 5767 dedisse
2779 5730 2792 5767 :
2824 5729 2925 5783 ego
2963 5730 3090 5770 vero
3116 5718 3351 5772 atrocius
3386 5720 3529 5775 aliud
3558 5720 3726 5775 dicam-

2169 5796 2300 5852 Nam
2331 5787 2452 5855 cum
2483 5800 2694 5872 iniquas
2720 5820 2910 5860 manus
2938 5806 3026 5860 tali
3069 5809 3326 5877 sanguine
3353 5809 3618 5874 ftedasset,
3642 5820 3728 5862 no-

2169 5905 2395 5964 vamque
2420 5893 2726 5965 tragmdiam
2754 5896 3106 5965 exhibuisset,
3135 5914 3197 5955 ac
3222 5900 3266 5954 si
3294 5900 3422 5956 nihil
3451 5910 3726 5974 perpetras-
