4032 6450
147 351 302 410 539

119 465 427 537 νεκροὺς
452 462 718 534 ἀνέστησε
742 478 756 493 ⁸
786 461 876 515 τὸν
898 460 954 514 δέ
983 454 1372 532 ἐκπηδήσαντά
1393 462 1501 516 τῶν
1527 460 1623 514 τοῦ
1647 460 1878 530 σκηνορ-

129 553 424 622 ραφείου
467 550 723 621 δέρρεων,
767 548 835 601 τὰ
862 548 1001 602 αὐτὰ
1029 548 1095 618 δὴ
1133 548 1307 602 ταῦτα
1340 549 1644 619 κομπάζειν
1686 546 1880 617 ἐκείνῳ

129 639 313 709 περὶ
368 639 485 691 τῶν
541 637 770 707 ἱματίων
828 636 991 690 αὺτοῦ
1018 653 1032 666 ·
1077 636 1160 700 τίς
1219 635 1394 700 οὕτως
1449 637 1713 706 ἐμεμήνει
1769 634 1880 687 τῶν

133 726 366 780 ταῦτα
427 725 753 788 ἀκουόντων,
803 724 878 786 ὡς
934 723 1110 794 ψιλοῖς
1169 725 1377 795 ῥήμασι
1424 723 1702 776 τιστεῦσαι
1752 722 1881 793 περί⁸

140 814 543 886 πραγμάτων
596 812 883 879 τοιούτων;
908 809 1060 864 Διατί
1102 811 1159 864 δέ
1198 810 1386 881 μηδεὶς
1420 809 1570 882 [542]
1603 809 1713 862 τῶν
1761 810 1879 861 κατ’

144 902 406 957 ἐκεῖνον
434 903 525 956 τὸν
548 903 737 975 χρόνον
768 901 1112 972 χειροτέχνης
1140 900 1277 971 ἀνὴρ
1309 895 1431 953 εῖπέ
1452 917 1503 952 τι
1535 899 1663 968 περὶ
1686 896 1877 951 ἐαυτοῦ

146 988 439 1043 τοιοῦτόν
471 1006 621 1052 ποτε,
664 988 696 1059 ἢ
740 988 924 1058 ἕτερός
963 1005 1047 1051 τις
1079 987 1206 1058 περὶ
1240 984 1441 1055 αὐτοῦς
1478 987 1672 1039 Καίτοι
1721 986 1770 1038 εἰ
1810 985 1882 1039 τά

154 1080 450 1150 ἡμέτερα
485 1076 771 1147 πλάσματα
807 1072 893 1147 ἦν,
928 1079 1054 1139 τοὺς
1089 1076 1205 1147 μετ’
1242 1075 1480 1139 ἐκείνους
1517 1073 1880 1145 εὐκολώτερον

151 1167 247 1219 τὰ
292 1164 530 1218 τοιαῦτα
563 1163 849 1233 ψεύδεσθαι
895 1163 1043 1227 εἰκὸς
1084 1159 1174 1235 ἦν.
1226 1164 1451 1216 Ἐκεῖνοι
1493 1164 1590 1234 μὲν
1631 1162 1741 1232 γὰρ
1780 1163 1879 1215 οὐκ

155 1250 341 1322 εἶχον
370 1255 452 1314 εἰς
485 1251 702 1322 ἐτέρους
727 1250 1105 1319 ἀνενεγκόντες
1135 1251 1271 1322 ὑήρ
1292 1249 1517 1315 τούτων,
1542 1250 1760 1303 ἐλπίσαι
1785 1247 1878 1304 τοῦ

160 1341 523 1404 πλάσματος
541 1351 566 1378 ιι
602 1337 989 1408 περιέσεσθαι·
1025 1339 1074 1390 οί
1103 1337 1160 1391 δὲ
1195 1337 1309 1408 μετ’
1338 1337 1597 1400 ἐκείνους,
1625 1339 1705 1409 εἰς
1737 1336 1881 1389 ἐκεί-

161 1443 318 1487 νους
353 1424 614 1495 ὁρῶντες,
668 1424 1079 1494 προχειρότερον
1129 1422 1195 1476 ἂν
1230 1423 1324 1475 τοῦ
1376 1423 1692 1493 πλάσματος
1746 1438 1880 1475 κατ-

167 1513 510 1582 ετόλμησαν
535 1511 627 1565 τοῦ
662 1511 1099 1583 παραδείγματος
1117 1510 1226 1564 τῶν
1256 1511 1534 1583 προτέρων
1560 1513 1671 1570 τοῖς
1698 1510 1880 1563 δευτέ-

171 1618 313 1672 ροις
368 1598 882 1671 παρακελευομένου
930 1599 1173 1671 θαρρεῖν,
1215 1599 1290 1662 ὼς
1341 1599 1553 1662 οὐδενὸς
1596 1600 1653 1651 ἐν
1697 1600 1763 1669 τῇ
1810 1599 1879 1669 γῇ

170 1690 320 1745 νοῦν
347 1690 586 1760 ἔχοντος,
617 1689 752 1743 ἀλλά
781 1690 995 1744 πάντων
1019 1688 1385 1758 ἐξεστηκότων
1411 1689 1503 1742 καὶ¹
1540 1686 1878 1758 μεμηνότων,

172 1785 289 1836 καὶ
323 1785 442 1844 τοῖς
476 1780 816 1851 βουλομένοις
855 1779 973 1846 ἐξὸν
1007 1779 1229 1842 ἅπασιν,
1263 1779 1405 1849 άπερ
1433 1777 1499 1831 ἂν
1534 1776 1726 1829 θέλωσι
1753 1778 1881 1846 περὶ

175 1869 416 1924 ἑαυτῶν
463 1870 741 1941 λέγεινιτε
786 1868 882 1921 καὶ
931 1865 1302 1920 πιστεύεσθαι.
1334 1867 1511 1938 Λῆρος
1558 1862 1734 1917 ταῦτα
1784 1865 1883 1918 καὶ

177 1958 401 2027 γέλως,
446 1957 540 2010 καί
584 1956 792 2027 μωρίας
829 1954 1144 2025 Ἑλληνικῆς
1179 1955 1415 2025 ῥήματα.
1466 1951 1732 2020 Καθάπερ
1773 1952 1883 2023 γάρ

184 2046 262 2099 ἂν
296 2045 353 2097 εἰ
376 2061 464 2107 τις
492 2044 790 2116 προαχθείη
820 2042 1056 2106 τοξεύειν
1084 2042 1175 2095 τὸν
1201 2042 1447 2113 οὐρανὸν,
1477 2040 1551 2104 ὡς
1579 2039 1883 2111 διαρρήξων

184 2133 373 2186 αὐτόν
410 2135 520 2196 τοῖς
553 2130 717 2183 αὑτοῦ
754 2129 982 2200 βέλεσιν,
1013 2128 1046 2197 ἢ
1076 2128 1166 2182 τὸν
1202 2127 1453 2180 Ὠκεανὸν
1486 2126 1776 2193 ἐξαντλεῖν,
1808 2127 1884 2190 ὡς

186 2221 466 2273 κενώσων
511 2218 672 2272 αὑτὸν
719 2219 838 2279 ταῖς
886 2214 1080 2269 ἐαυτοῦ
1129 2214 1338 2287 χερσὶν,
1397 2214 1572 2277 οὐδεὶς
1624 2214 1771 2277 ὅστις
1821 2214 1883 2266 οὐ

183 2308 495 2377 γελάσεται
532 2304 1035 2377 τῶνίάστειοτέρων
1064 2303 1245 2367 αὑτὸν,
1279 2303 1327 2355 οἱ
1357 2301 1413 2355 δέ
1449 2301 1761 2372 σεμνότεροι
1792 2301 1886 2355 καὶ

186 2394 567 2466 δακρύσονται
587 2393 817 2464 δάκρυσι
845 2391 1058 2455 πολλοῖς
1079 2408 1091 2422 ·
1120 2389 1291 2453 οὕτως
1319 2390 1446 2443 ὅταν
1467 2390 1595 2460 ἡμῖν
1628 2389 1885 2460 ’Έλληνες

190 2483 552 2551 ἀντιλέγωσε,
592 2481 755 2558 γελᾷν
796 2481 993 2543 αὐτοὺς
1034 2478 1128 2533 καὶ
1163 2477 1415 2550 δακρύειν
1459 2477 1621 2530 καλόν
1652 2493 1666 2508 ’
1706 2475 1886 2547 πολλῷ

192 2572 314 2643 γάρ
334 2571 432 2623 τοῦ
462 2571 551 2623 τὸν
579 2569 806 2639 οὐρανὸν
833 2567 1063 2637 τρώσειν
1101 2567 1193 2621 καὶ
1235 2567 1332 2634 τὴν
1366 2565 1599 2620 ἄϐυσσον
1628 2563 1885 2619 κενώσειν

195 2658 517 2722 ἐλπίζοντος
567 2656 937 2729 ἀπορωτέροις
977 2654 1312 2725 ἐπιχειροῦσι
1355 2656 1693 2724 πράγμασιν.
1744 2650 1886 2707 Οὔτε

194 2745 317 2816 γάρ
357 2745 422 2797 τὺ
458 2744 573 2813 φῶς
613 2744 764 2797 ἐσται
801 2743 992 2807 σκότος
1027 2741 1176 2805 ποτὲ,
1214 2740 1318 2805 ἓως
1342 2739 1408 2794 ἂν
1524 2740 1660 2810 φῶς,
1691 2737 1817 2793 οὔτε
1853 2739 1886 2810 ἡ

197 2832 315 2885 τῶν
372 2832 503 2902 παρ’
553 2834 687 2902 ἡμῖν
734 2831 1073 2902 πραγμάτων
1120 2829 1346 2900 ἀλήθεια
1398 2828 1838 2899 διελεγχθήσεται
1869 2843 1884 2858 ο

203 2919 438 2989 ἀλήθεια
485 2918 594 2990 γάρ
628 2918 782 2971 ἐστι·
830 2917 1033 2987 ταύτης
1075 2917 1132 2971 δὲ
1172 2916 1514 2989 ἰσχυρότερον
1558 2916 1730 2970 οὐδέν.
1769 2915 1889 2970 Ὅτι

208 3007 313 3077 μὲν
342 3002 438 3060 οὖν
464 3006 557 3059 καὶ
587 3005 658 3059 τά
686 3005 886 3075 ἀρχαῖα
913 3004 949 3059 ἀ
974 3005 1110 3075 ἀκοῇ
1139 3005 1318 3075 ῐσμεν,
1351 3007 1458 3057 τῶν
1487 3004 1769 3075 παρόντων
1794 3004 1889 3057 καὶ

205 3093 503 3165 ὁρκιμένων
526 3093 625 3162 οὐχ
650 3087 811 3164 ἧττόν
830 3094 946 3146 ἐστι
976 3092 1161 3153 πιστά,
1195 3092 1303 3155 πᾶς
1330 3090 1576 3145 ὁστισοῦν
1608 3091 1682 3163 μὴ
1713 3108 1891 3164 παρα-

209 3198 388 3236 πα.ων
421 3181 514 3234 καὶ
558 3178 864 3251 ἐξεστηκὼς
908 3179 1286 3251 ὁμολογήσειεν
1319 3178 1383 3234 ἀν
1407 3196 1420 3211 ·
1455 3179 1541 3233 ἵνα
1577 3178 1635 3232 δὲ
1686 3181 1778 3234 καὶ
1824 3182 1891 3234 ἐκ

211 3268 531 3341 περιουσίας
564 3269 663 3339 τὴν
698 3268 854 3338 νίκην
893 3266 1187 3338 ἀρώμεθα,
1231 3266 1489 3338 βούλομαι
1529 3268 1625 3320 καὶ
1662 3268 1753 3322 ἐπὶ
1793 3269 1890 3339 τῆς

212 3357 488 3429 ⁴ἡμετέρας
521 3357 713 3424 γενεᾶς
751 3354 1040 3426 γενόμενόν
1081 3372 1133 3408 τι
1176 3354 1470 3426 παράδοξον
1499 3356 1691 3409 εἰπεῖν.
1729 3344 1893 3410 Ἀλλά

217 3446 297 3516 μὴ
336 3443 671 3516 θορυϐηθῆτε
701 3444 752 3497 εἰ
795 3442 980 3513 θαῦμα
1025 3443 1392 3514 ὑποσχόμενος
1429 3443 1577 3514 ἐρεῖν
1616 3442 1703 3514 ἐφ’
1731 3444 1894 3516 ήμῶν

215 3532 455 3602 γεγονὸς,
495 3527 617 3586 εἶτα
656 3532 721 3586 ἐκ
751 3532 986 3595 παλαιᾶς
1023 3530 1265 3602 ἱστορίας
1299 3530 1539 3603 ἄρχομαι
1568 3530 1665 3584 τοῦ
1697 3530 1890 3603 διηγή⁴

221 3639 387 3692 ματος
431 3620 674 3689 ὑφαίνειν
716 3619 814 3691 τὴν
854 3620 1046 3691 ἀρχήν.
1100 3618 1236 3673 Οὔτε
1277 3619 1385 3690 γὰρ
1430 3620 1621 3691 μέχρις
1669 3618 1893 3673 ἐκείνων

219 3710 489 3780 στήσομαι
521 3707 699 3779 μόνον,
730 3706 854 3761 οὔτε
878 3707 1135 3779 ἀλλότρια
1166 3707 1268 3777 τῆς
1291 3706 1417 3771 νέας
1447 3706 1764 3776 ὑποθέσεως
1782 3706 1890 3777 ἐρῶ

217 3796 288 3849 τὰ
315 3797 550 3850 παλαιά·
577 3795 817 3867 ἀλλήλων
840 3794 947 3864 γάρ
968 3795 1202 3866 ἑκάτερα
1229 3795 1427 3865 ἔχεται,
1452 3798 1546 3849 καὶ
1572 3794 1892 3865 διαζευχθῆ-

222 3902 310 3937 ναι
332 3884 428 3954 τὴν
454 3883 772 3936 ἀκολουθίαν
796 3882 975 3935 αὐτῶν
1003 3883 1103 3935 οὐκ
1130 3882 1208 3937 ένι
1227 3898 1240 3911 ·
1269 3881 1480 3936 εἴσεσθε
1507 3883 1563 3936 δὲ
1586 3882 1767 3947 καλῶς
1791 3881 1893 3936 αύ-

221 3971 327 4025 τῶν
355 3971 460 4023 τῶν
492 3970 831 4041 πραγμάτων
860 3969 1212 4032 ἀκούσαντες.

291 4057 347 4111 ε’.
386 4057 630 4123 Ἐγένετό
658 4075 738 4120 τις
756 4057 1004 4126 βασιλεὺς
1022 4056 1114 4111 ἐπὶ
1137 4055 1245 4110 τῶν
1276 4055 1554 4127 προγόνων
1566 4055 1674 4109 τῶν
1696 4054 1895 4126 ἡμετέ-

228 4162 360 4216 ρων,
386 4145 480 4198 καὶ
507 4143 576 4197 τά
612 4143 710 4214 μὲν
752 4143 885 4197 ἀλλα
929 4144 1111 4207 ὁποῖός
1148 4161 1231 4206 τις
1269 4139 1337 4214 ἦν
1368 4136 1520 4205 οὗτος
1548 4143 1577 4194 0
1619 4141 1891 4212 βασιλεὺς,

225 4234 321 4286 οὐκ
347 4232 452 4303 ἔχω
477 4232 690 4300 λέγειν’
715 4234 778 4285 τὸ
821 4233 876 4286 δὲ
907 4234 1038 4301 ἄγος
1067 4233 1200 4305 ὅπερ
1229 4233 1526 4303 ἐτόλμησεν
1563 4231 1894 4295 ἀκούσαντες

227 4319 426 4373 εἴσεσθε
455 4321 548 4373 καὶ
578 4320 707 4391 περὶ
739 4320 838 4390 τῆς
871 4320 1065 4389 λοιπῆς
1096 4320 1204 4373 τῶν
1234 4319 1450 4390 τρόπων
1488 4320 1786 4390 ὠμότητος.
1829 4318 1894 4372 Τί

227 4402 317 4460 οὖν
342 4406 400 4460 τὸ
417 4407 549 4476 ἄγος
570 4403 670 4478 ἦν;
704 4407 920 4471 Ἔδοξεν
950 4407 1089 4460 ἐθνει
1109 4406 1217 4459 τινὶ
1244 4407 1352 4460 τῶν
1389 4406 1581 4477 ἐκείνῳ
1606 4406 1898 4476 πολεμούν-

230 4511 333 4546 των
349 4493 424 4564 τῷ
447 4494 656 4564 βασιλεῖ
675 4493 978 4548 καταλῦσαι
1000 4494 1090 4548 τὸν
1112 4495 1366 4566 πόλεμον,
1392 4496 1486 4549 καὶ⁸
1511 4496 1649 4565 μήτε
1673 4494 1894 4565 ἐτέρους

232 4581 459 4644 κόπτειν,
495 4582 632 4652 μήτε
661 4581 857 4644 αὐτοὺς
884 4581 988 4635 ὑπὸ
1015 4582 1216 4654 ἐτέρων
1245 4582 1539 4636 κόπτεσθαι
1565 4582 1660 4635 τοῦ
1681 4580 1892 4648 λοιποῦ,

230 4666 357 4721 ἀλλά
383 4669 720 4739 πραγμάτων
747 4669 844 4738 μὲν
869 4668 1231 4741 ἀπηλλάχθαι,
1253 4670 1346 4723 καὶ
1373 4669 1653 4735 κινδύνων,
1684 4670 1778 4723 καὶ
1801 4670 1896 4738 φό-

235 4754 355 4817 ϐων,
393 4756 640 4826 στέργειν
678 4756 736 4809 δέ
767 4760 878 4820 τοῖς
907 4756 1230 4828 ὑπάρχουσι,
1267 4757 1359 4811 καί⁸
1394 4756 1558 4827 μηδὲν
1594 4757 1757 4811 πλέον
1786 4757 1894 4813 τῶν

236 4841 387 4895 ὅντων
410 4841 689 4914 ἐπιζητεῖν
711 4861 725 4875 ·
762 4847 1012 4916 κρεῖττον
1043 4844 1150 4918 γάρ
1179 4842 1317 4899 εἷναι
1347 4842 1482 4915 μετά
1510 4844 1739 4913 ἀφοϐίας
1768 4847 1898 4900 ἀπο⁶

236 4927 402 4980 λαύειν
438 4931 706 5001 μετρίων,
745 4933 778 5003 ἢ
808 4931 903 4987 τοῦ
935 4931 1176 4996 πλείονος
1217 4932 1536 5002 ἐφιεμένους
1576 4932 1893 4999 δεδοικέναι,

237 5018 323 5069 καὶ
348 5017 565 5087 τρέμειν
606 5019 714 5085 ἀεὶ,
754 5020 848 5073 καὶ
879 5020 1024 5074 κακά
1059 5022 1241 5084 αὐτοῖς
1267 5038 1326 5072 τε
1362 5021 1454 5074 καὶ
1490 5020 1696 5092 ἐτέροις
1724 5021 1894 5076 διδόν-

238 5118 327 5164 τας
351 5104 440 5157 καὶ
469 5106 600 5177 παρ’
631 5106 834 5178 ἐτέρων
867 5106 1241 5177 λαμϐάνοντας
1270 5107 1388 5177 ζῇν.
1431 5107 1599 5174 Δόξαν
1632 5107 1695 5179 δὴ
1726 5125 1895 5161 κατα-

238 5189 407 5245 θέσθαι
431 5193 521 5246 τὸν
539 5194 794 5265 πόλεμον,
825 5196 921 5248 καὶ
947 5196 1036 5249 τὸν
1065 5196 1395 5267 ἀπράγμονα
1424 5194 1536 5265 βίον
1565 5194 1684 5266 ζῇν,
1718 5195 1894 5261 ἔδοξεν

242 5271 425 5342 ἰσχυρῷ
447 5290 552 5326 τινι
582 5272 768 5345 θεσμῷ
789 5276 1048 5347 καὶιόροις
1069 5276 1096 5315 δ
1120 5273 1384 5343 ἀσφαλέσι
1408 5273 1568 5328 τοῦτο
1589 5275 1892 5345 καταδῆσαι

239 5347 298 5399 τὸ
343 5349 495 5402 καλόν
517 5367 531 5380 ·
586 5353 681 5405 καὶ
731 5355 1088 5423 ποιησάμενοι
1144 5353 1436 5422 συνθήκας,
1489 5354 1582 5406 καὶ
1642 5353 1895 5418 λαϐόντες

241 5427 434 5496 ὅρκους,
460 5432 553 5483 καὶ
584 5431 784 5496 δόντες,
810 5432 961 5504 [545]
991 5436 1054 5486 ἐκ
1082 5433 1397 5504 περιουσίας
1428 5432 1747 5503 ἐπεχείρουν
1776 5432 1897 5485 πεί-

243 5504 341 5582 θειν
366 5506 454 5560 τδν
483 5507 703 5578 βασιλέα
730 5512 821 5564 τὸν
852 5512 1051 5575 αὐτῶν,
1082 5512 1174 5564 τὸν
1223 5512 1319 5565 υἱὸν
1347 5512 1438 5565 τὸν
1466 5512 1628 5565 αὑτοῦ
1660 5512 1894 5582 (παιδίον

241 5578 366 5653 δὲῆν
392 5589 606 5659 κομιδῇ)
629 5590 727 5661 τῆς
762 5592 983 5663 εἰρήνης
1017 5592 1267 5661 ἐνέχυρον
1300 5591 1601 5645 καταθέντα
1630 5578 1888 5661 ἀσφαλὲς,

241 5664 339 5725 τοῖς
354 5680 411 5717 τε
435 5667 695 5738 πρότερον
719 5671 994 5741 πολεμίοις
1015 5667 1073 5722 οῦ
1084 5688 1134 5723 σι
1158 5670 1415 5740 παρέχειν
1445 5670 1685 5741 θαρρεῖν,
1713 5672 1811 5743 τῆς
1830 5687 1890 5723 τε

243 5745 424 5811 οἰκείας
462 5750 688 5821 γνώμης
735 5754 1031 5823 μαρτύριον
1064 5752 1385 5821 ἐξενμγκεῖν,
1419 5754 1494 5817 ὼς
1547 5753 1749 5819 ἀδόλως
1792 5755 1889 5826 τῆν

298 5877 320 5944 ξ
338 5875 428 5944 ᾼιὶιί
447 5877 533 5927 τοῦ
556 5882 846 5944 πράγματος.

298 5934 322 5975 δ
345 5936 470 5988 laus
489 5934 702 5993 sccdndé
726 5934 865 5993 math:
886 5948 1059 6002 ὅρκοις.

1078 368 1165 424 DE
1198 367 1255 425 S.
1291 364 1588 432 BABYLA,
1630 358 1909 420 CONTRA
1936 358 2280 417 JULIANUM
2311 358 2404 417 ET
2440 359 2789 422 GENTILES
2841 334 2851 341 ⁵

3551 359 3658 419 540

1983 460 2207 532 εἰρήνην
2238 465 2607 534 πεποιημένου
2642 467 2778 537 πρὸς
2814 467 3030 531 αὐτούς.
3062 468 3171 523 Καὶ
3202 469 3376 525 ταῦτα
3411 471 3660 543 λέγοντες

1984 542 2228 605 ἔπεισαν,
2256 546 2350 599 καὶ
2387 546 2615 611 ἐξέδωκε
2642 549 2733 601 τὸν
2757 549 2872 603 υἱὸν
2895 551 2924 603 0
2955 550 3228 620 βασιλεὺς,
3256 553 3332 616 ὡς
3372 554 3470 623 μὲν
3497 555 3659 619 αὐτὸς

1982 622 2138 694 ᾤετο,
2175 628 2289 689 τοῖς
2326 628 2502 695 φίλοις
2537 629 2632 682 καὶ
2662 631 2994 702 συμμάχοις,
3023 632 3098 695 ὡς
3126 633 3182 686 δὲ
3207 634 3269 687 τὸ
3295 622 3444 699 τέλος
3470 634 3658 701 ἔδειξε,

1983 705 2060 777 τῷ
2085 706 2302 761 πάντων
2331 710 2688 782 ἀπηνεστάτῳ
2717 711 2910 785 θηρίῳ.
2938 715 3134 770 Λαϐὼν
3163 717 3270 788 γὰρ
3299 718 3449 788 νόμῳ
3478 720 3662 789 φιλίας

1987 789 2080 842 καὶ
2104 789 2387 873 συνθηκῶν
2405 792 2468 844 τὸ
2490 794 2699 847 παιδίον
2719 795 2893 850 ἐκεῖνο
2915 798 2977 851 τὸ
3003 799 3301 868 βασιλικὸν,
3328 802 3504 855 πάντα
3524 802 3659 873 ὁμοῦ

1990 871 2333 955 κατεπάτησε
2367 873 2463 955 καὶ
2496 874 2756 945 ἀνέτρεψε
2815 877 2941 943 τοὺς
2972 880 3190 950 ὅρκους,
3228 881 3326 947 τὰς
3367 871 3659 955 συνθήκας,

1983 951 2083 1023 τὴν
2107 953 2244 1024 πρὸς
2270 954 2590 1026 ἀνθρώπους
2619 958 2773 1021 αἰδῶ,
2803 959 2903 1031 τὴν
2933 962 3069 1034 πρὸς
3091 966 3150 1017 τὸ
3171 964 3325 1019 Θεῖον
3353 951 3660 1033 εὐλάϐειαν,

1984 1035 2083 1120 τὸν.
2105 1036 2342 1120 ἀπὸγτῆς
2365 1039 2583 1109 ἡλικίας
2613 1041 2762 1097 ἔλεον
2790 1059 2804 1073 ⁸
2832 1044 2926 1097 καὶ
2959 1044 3081 1098 ούτε
3111 1048 3143 1117 ἡ
3175 1048 3364 1118 νεότης
3390 1048 3450 1101 τὸ
3476 1050 3664 1120 θηρίον

1984 1117 2323 1202 ἐπέκαμψεν,
2354 1120 2478 1174 οὗτε
2513 1124 2546 1194 ή
2574 1126 2929 1199 παρεπομένη
2958 1131 3070 1192 τοῖς
3094 1117 3355 1194 τοιούτοις
3386 1117 3663 1202 μιάσμασι

1984 1199 2105 1285 δίκη
2142 1202 2231 1285 τὸν
2262 1204 2451 1274 ἄγριον
2477 1206 2683 1260 ἐκεῖνον
2712 1208 3001 1278 ἐφόϐησεν,
3033 1210 3157 1263 οὔτε
3189 1212 3257 1265 τά
3283 1199 3663 1285 τοῦήπαρακα-

1984 1284 2280 1355 ταθεμένου
2321 1287 2526 1358 πατρὸς
2554 1288 2715 1343 αὐτὸν
2750 1290 2966 1359 εἰσῆλθε
3012 1294 3249 1362 ῥήματα,
3273 1290 3418 1364 άπερ
3456 1284 3662 1359 ἐκεῖνος

1984 1367 2075 1421 τὸν
2104 1368 2216 1421 υἱὸν
2248 1369 2569 1441 ἐγχειρίζων
2602 1372 2731 1435 ἴσως
2774 1373 3137 1445 ἐπέσκηπτεν,
3178 1377 3236 1429 ἐν
3272 1377 3562 1447 ἐπιμελείᾳ.
3604 1394 3661 1430 τε

1986 1453 2146 1504 αὑτὸν
2172 1452 2315 1521 ἐχειν
2344 1454 2508 1518 ἀξιῶν
2536 1454 2729 1527 πολλῇ,
2759 1456 2852 1509 καὶ
2886 1458 3096 1528 πατέρα
3126 1459 3287 1512 αὑτὸν
3311 1460 3663 1530 ἐπιφημίζων

1984 1533 2062 1605 τῷ
2096 1536 2265 1601 παιδὶ,
2302 1536 2396 1589 καὶ
2419 1537 2494 1600 ὡς
2525 1537 2686 1591 αὐτὸν
2717 1540 3102 1610 γεγεννηκότα,
3143 1540 3285 1594 οὕτω
3314 1541 3536 1613 τρέφειν
3570 1542 3665 1594 καὶ

1987 1617 2260 1671 παιδεύειν
2298 1620 2649 1690 παρακαλῶν,
2697 1623 2790 1674 καὶ
2831 1623 2927 1693 τῆς
2968 1623 3075 1675 τῶν
3124 1625 3338 1679 οἰκείων
3384 1626 3665 1695 προγόνων

1987 1701 2262 1771 εὐγενείας
2314 1702 2463 1769 ἀξιον
2516 1705 2877 1773 ἀποφαίνειν⁸
2941 1708 3037 1762 καὶ
3096 1708 3236 1776 μετά
3289 1707 3494 1761 τούτων
3556 1708 3665 1761 τῶν

1989 1783 2249 1853 ῥημάτων
2284 1783 2384 1855 τὴν
2406 1783 2588 1849 δεξιὰν
2635 1785 2729 1839 τοῦ
2786 1787 2973 1851 παιδὸς
3016 1792 3084 1860 τῇ
3135 1788 3285 1860 δεξιᾷ
3329 1790 3423 1842 τοῦ
3462 1792 3667 1859 φονέως

1988 1864 2235 1928 ἐντιθεὶς,
2271 1868 2367 1919 καὶ
2409 1868 2546 1935 μετά
2578 1867 2829 1938 δακρύων
2862 1869 3211 1940 διαλυόμενος
3237 1888 3250 1901 ·
3282 1871 3485 1924 τούτων
3512 1872 3667 1926 οὐδὲν

1988 1948 2069 2010 εἰς
2114 1948 2235 2001 νοῦν
2267 1950 2296 2000 0
2332 1950 2527 2021 μιαρὸς
2566 1949 2771 2014 ἐκεῖνος
2802 1950 3046 2015 ἐϐάλετο,
3093 1952 3230 2005 ἀλλά
3272 1953 3455 2007 πάντα
3506 1954 3666 2024 ῥίψας

1988 2025 2199 2096 ἀθρόως
2237 2028 2345 2080 ἀπὸ
2376 2030 2474 2099 τῆς
2510 2029 2707 2100 ψυχῆς,
2742 2030 2832 2083 τὸν
2874 2031 3032 2098 φόνον
3066 2033 3274 2086 ἐκεῖνον
3314 2031 3407 2085 τὸν
3448 2033 3666 2085 πάντων

1990 2108 2346 2175 ἐναγέστατον
2382 2112 2489 2163 τῶν
2520 2112 2695 2180 φόνων
2723 2113 3034 2183 ἐργάζεται.
3069 2116 3112 2166 Τ
3115 2115 3241 2168 οῦτο
3277 2116 3387 2187 γὰρ
3416 2116 3512 2168 καὶ
3540 2132 3668 2167 παι-

1988 2190 2266 2254 δοκτονίας
2305 2195 2485 2264 χεῖρον
2539 2196 2600 2248 τὸ
2651 2196 2900 2267 μίασμα⁹
2943 2198 3039 2250 καὶ
3072 2197 3351 2268 μάρτυρες
3401 2199 3579 2269 ὑμεῖς,
3618 2200 3667 2252 οἱ

1989 2276 2090 2328 οὐκ
2139 2275 2206 2329 ἂν
2253 2275 2425 2339 οὕτως
2469 2277 2806 2347 ἀλγήσαντες
2837 2289 2884 2344 ο,
2921 2282 3077 2351 εἰπερ
3128 2283 3240 2344 τοῖς
3283 2283 3438 2349 ἐμοῖς
3471 2282 3667 2334 πάθεσι

1991 2358 2086 2410 καὶ
2144 2359 2214 2411 τὰ
2271 2359 2513 2430 ὑμέτερα
2573 2361 2931 2432 στοχάζεσθαι
2988 2364 3115 2434 χρὴ,
3174 2366 3222 2417 εἰ
3274 2364 3366 2416 τὸν
3419 2363 3533 2417 υἰὸν
3585 2366 3667 2418 ὅτι

1990 2441 2326 2510 κατέσφαξεν
2352 2442 2619 2512 ἠκούσατε
2657 2446 2747 2497 τὸν
2784 2445 2978 2499 ἑαυτοῦ
3002 2464 3016 2477 ’
3046 2447 3162 2500 τότε
3223 2447 3321 2518 μὲν
3369 2447 3477 2518 γὰρ
3529 2449 3668 2519 μετά

1990 2523 2099 2576 τῶν
2128 2524 2317 2576 κοινῶν
2344 2526 2523 2596 νόμων
2556 2527 2653 2578 καί⁸
2683 2528 2732 2579 οἱ
2762 2527 2861 2597 τῆς
2888 2529 3101 2596 φύσεως
3128 2529 3343 2583 ἐδόκουν
3372 2532 3669 2603 ἀνατετρά-

1993 2608 2124 2675 φθαι
2164 2606 2352 2677 θεσμοί
2375 2624 2388 2636 ·
2426 2608 2659 2663 ἐνταῦθα
2685 2609 2743 2662 δὲ
2774 2610 2944 2664 πολλὰ
2971 2610 3105 2681 ὁμοῦ
3140 2612 3598 2685 συνδεδράμηκεν,
3633 2615 3670 2670 ἃ

1992 2687 2088 2740 καὶ
2112 2689 2209 2759 τῆς
2237 2690 2471 2760 φυσικῆς
2496 2692 2739 2764 ἀνάγκης
2767 2693 3091 2765 ἰσχυρότερα
3115 2689 3193 2761 τῷ
3222 2695 3414 2766 πλήθει
3436 2697 3667 2766 γίνεται.

1995 2770 2163 2824 Ὅταν
2191 2773 2300 2843 γὰρ
2328 2775 2564 2844 ἐννοήσω
2594 2774 2656 2827 τὸ
2688 2778 2978 2850 μειράκιον
2999 2776 3059 2829 τὸ
3098 2778 3265 2848 μηδὲν
3298 2778 3577 2850 ήδικηκὸς,
3610 2778 3672 2832 τδ

1993 2855 2146 2927 παρά
2171 2856 2265 2910 τοῦ
2296 2857 2499 2928 πατρὸς
2528 2857 2764 2922 ἐκδοθὲν,
2790 2858 2852 2912 τὸ
2883 2859 2993 2913 τῶν
3021 2862 3361 2931 προγονικῶν
3388 2862 3672 2933 βασιλείων

1946 2966 1951 2973 ~
1993 2938 2369 3004 ἀποσπασθὲν,
2414 2942 2508 2995 καὶ
2543 2942 2644 3013 τῆς
2682 2943 2889 3007 οἰκείας
2935 2943 3171 3014 τρυφῆς,
3214 2945 3312 2999 καὶ
3355 2945 3533 3016 δόξης,
3581 2947 3673 2998 καὶ

1994 3022 2181 3093 τιμῆς,
2241 3022 2607 3095 ἀλλαξάμενον
2658 3026 2757 3098 τὴν
2815 3030 2872 3080 ἐν
2929 3027 3188 3099 ἀλλοτρίᾳ
3237 3028 3533 3100 διαγωγὴν,
3587 3031 3674 3082 ἵνα

1995 3106 2089 3176 ἐξῇ
2144 3105 2223 3176 τῷ
2276 3108 2456 3179 μιαρῷ
2503 3108 2723 3182 θαρρεῖν
2774 3109 2967 3183 ἐκείνῳ
3026 3112 3150 3183 περὶ
3206 3111 3314 3165 τῶν
3367 3113 3670 3183 συνθηκῶν,

1996 3187 2115 3244 εἶτα
2156 3192 2249 3245 ὑπ’
2298 3192 2463 3245 αὑτοῦ
2510 3195 2902 3266 κατεργασθὲν,
2949 3195 3045 3249 καὶ
3084 3195 3193 3249 τῶν
3225 3194 3360 3248 οἱκοι
3405 3196 3673 3268 λαμπρῶν

1997 3272 2064 3329 δι’
2083 3276 2244 3331 αὐτὸν
2268 3277 2765 3349 ἀποστερηθέν,καί
2791 3279 2881 3331 ὑπ’
2899 3278 3063 3332 αὐτοῦ
3086 3278 3244 3332 πάλιν
3262 3279 3583 3347 ἀποσφαγὲν
3618 3279 3671 3346 ἀ,

1997 3360 2239 3414 ἐναντίον
2252 3378 2303 3413 τι
2318 3360 2514 3431 πάσχω
2530 3360 2720 3426 πάθος,
2739 3362 3034 3431 τηκόμενός
3048 3377 3106 3412 τε
3120 3361 3254 3430 ὁμοῦ
3269 3361 3367 3431 τὴν
3384 3361 3559 3432 ψυχὴν
3580 3362 3676 3415 καὶ

1996 3443 2236 3510 ἐξοιδῶν,
2278 3443 2340 3497 τὸ
2380 3445 2476 3516 μὲν
2507 3443 2601 3497 τοῦ
2633 3444 2826 3514 θυμοῦ,
2855 3446 2917 3497 τὸ
2952 3445 3009 3498 δὲ
3041 3443 3143 3512 τῆς
3178 3444 3416 3517 ἀθυμίας
3443 3446 3671 3515 ἐργαζο-

2001 3526 2188 3597 μένης.
2218 3525 2387 3581 Ὃταν
2420 3526 2520 3597 μὲν
2544 3525 2652 3598 γὰρ
2678 3529 2916 3599 ἐννοήσω
2943 3528 3036 3581 τὸν
3060 3526 3257 3600 μιαρὸν
3286 3528 3492 3582 ἐκεῖνον
3516 3529 3684 3581 ὁπλι-’

1995 3609 2245 3681 ζόμενον,
2302 3611 2397 3663 καὶ¹
2448 3609 2511 3663 τὸ
2568 3610 2718 3679 ξίφος
2766 3611 3133 3677 ἀνατείνοντα,
3190 3611 3285 3665 καὶ
3333 3612 3432 3682 τὴν
3493 3612 3673 3685 δειρὴν

1999 3694 2300 3763 κατέχοντα
2324 3692 2418 3747 τοῦ
2445 3692 2654 3758 παιδὸς,
2689 3695 2784 3747 καὶ
2810 3694 2908 3765 τὴν
2933 3693 3134 3759 δεξιὰν,
3227 3696 3326 3767 τὴν
3357 3712 3672 3765 παρακατα-

2000 3775 2176 3846 θήκην
2220 3774 2456 3841 ὲδέξατο,
2494 3773 2668 3848 ταύτῃ
2721 3777 2839 3829 κατ’
2888 3778 3058 3848 αὐτῆς
3109 3777 3353 3833 ὠθοῦντα
3398 3779 3459 3832 τὸ
3499 3778 3669 3848 ξίφος,

1998 3859 2398 3932 διαρρηγνυμαι
2428 3859 2521 3911 καὶ
2542 3859 2915 3930 ἀποπνίγομαι
2941 3860 3017 3930 τῷ
3046 3860 3204 3933 θυμῷ
3226 3875 3243 3894 ο
3276 3861 3405 3915 ὅταν
3432 3861 3489 3915 δὲ
3511 3863 3673 3917 πάλιν

2001 3939 2096 3993 ῐδω
2135 3941 2227 3994 τὸν
2268 3942 2387 3995 νέον
2430 3940 2723 4008 δεδοικότα,
2767 3942 2863 3995 καὶ
2903 3944 3192 4015 τρέμοντα,
3233 3946 3327 3999 καὶ
3372 3943 3671 4015 οἰμώζοντα

1997 4022 2099 4087 τὰς
2125 4023 2359 4094 ἐσχάτας
2380 4023 2646 4094 οἰμωγὰς,
2672 4026 2765 4079 καὶ
2791 4026 2882 4080 τὸν
2912 4027 3124 4097 πατέρα
3156 4026 3551 4095 ἀνακαλοῦντα,
3579 4029 3675 4083 καὶ

1998 4107 2203 4162 τούτων
2257 4111 2429 4163 αἱτιον
2490 4110 2652 4162 αὑτὸν
2710 4110 3039 4181 γεγενῆσθαι
3098 4112 3327 4181 λέγοντα
3351 4154 3366 4179 ,
3430 4116 3524 4170 καὶ
3575 4120 3675 4189 τὴν

1996 4191 2216 4262 σφαγὴν
2246 4193 2307 4245 οὐ
2338 4191 2417 4262 τῷ
2453 4192 2767 4262 βαπτίζοντι
2793 4193 2854 4246 τὸ
2885 4192 3038 4264 ξίφος
3069 4197 3150 4259 εἰς
3180 4196 3273 4249 τὸν
3302 4196 3515 4268 λαιμὸν,
3540 4200 3676 4255 ἀλλά

1999 4276 2078 4348 τῷ
2104 4276 2454 4346 γεγεννηκότι
2474 4276 2839 4348 λογιζόμενον,
2856 4280 2947 4332 καὶ
2972 4279 3048 4351 μὴ
3075 4279 3367 4351 δυνάμενον
3391 4285 3672 4353 ἐκφυγεῖν,

2004 4365 2140 4436 μηδέ
2175 4365 2451 4436 ἐπαμῦναι
2491 4365 2690 4437 ἐαυτῷ,
2727 4366 2841 4420 ἀλλ’
2880 4369 3119 4439 ἀνήνυτα
3168 4369 3352 4424 λοιπὸν
3389 4373 3467 4444 τῷ
3504 4390 3676 4443 φυσα-

2005 4449 2151 4520 μένῳ
2206 4449 2572 4520 μεμφόμενον,
2628 4451 2723 4502 καὶ
2775 4451 3065 4521 δεχόμενον
3120 4453 3219 4525 τὴν
3278 4454 3514 4527 πληγὴν,
3581 4459 3677 4511 καὶ

2002 4532 2339 4603 ἀσπαίροντα
2365 4544 2411 4597 θ,
2453 4534 2548 4587 καὶ
2590 4532 2911 4598 λακτίζοντα
2960 4535 3242 4605 τοῦδαφος,
3287 4539 3381 4590 καὶ
3422 4540 3521 4609 τὴν
3572 4543 3675 4609 γῆν

2000 4619 2113 4677 τοῖς
2142 4616 2249 4668 τῶν
2292 4616 2540 4687 αἱμάτων
2582 4617 2878 4685 μολύνοντα
2914 4623 3178 4690 κρουνοῖς,
3214 4621 3575 4693 διακόπτομαι
3608 4624 3675 4680 τὰ

2004 4697 2153 4772 [544]
2190 4698 2490 4771 σπλάγχνα,
2527 4701 2622 4753 καὶ
2654 4701 2953 4770 σκοτοῦμαι
2992 4702 3083 4755 τὸν
3131 4702 3407 4773 λογισμὸν,
3443 4704 3536 4759 καί
3573 4706 3673 4776 μού

2000 4797 2085 4843 τις
2111 4782 2277 4853 ἀχλὺς
2305 4782 2539 4853 ἀθυμίας
2567 4789 2883 4858 καταχεῖται
2912 4790 3023 4850 τοῖς
3050 4787 3367 4859 ὀφθαλμοῖς.
3412 4789 3550 4843 Ἀλλ’
3578 4790 3675 4860 οὐχ

2000 4870 2029 4921 0
2061 4869 2164 4939 θὴρ
2195 4870 2400 4932 ἐκεῖνος
2437 4867 2606 4922 ἐπαθέ
2645 4886 2698 4921 τι
2729 4870 2968 4924 τοιοῦτον
2999 4871 3169 4938 οὐδὲν,
3201 4873 3315 4926 ἀλλ’
3343 4873 3531 4946 ὥσπερ
3557 4875 3681 4929 τινὰ.

2001 4949 2206 5021 ἀρνὸνί
2244 4951 2532 5006 καταθύειν
2565 4952 2773 5024 μέλλων
2800 4954 2833 5024 ἢ
2872 4954 3093 5026 μόσχον,
3121 4956 3264 5011 οὕτω
3289 4957 3498 5029 διετέθη
3538 4960 3673 5030 πρὸς

1998 5039 2099 5108 τὴν
2151 5036 2353 5109 μιαράν
2403 5036 2617 5108 ἐκείνην
2656 5040 2891 5108 σφαγήν.
2944 5040 3053 5093 Καὶ
3095 5041 3123 5093 0
3176 5042 3273 5112 μὲν
3315 5045 3445 5107 παῖς
3496 5041 3674 5095 ἐκειτο

1999 5120 2194 5192 νεκρὸς
2217 5121 2507 5192 δεξάμενος
2528 5122 2628 5192 τὴν
2654 5122 2889 5195 πληγὴν,
2918 5124 2946 5177 0
2966 5124 3023 5178 δέ
3046 5127 3285 5195 σφαγεὺς
3308 5126 3675 5198 ἐπηγωνίζετο

2008 5203 2078 5275 τῷ
2108 5203 2395 5275 μιάσματι,
2431 5206 2544 5267 τοῖς
2575 5205 2845 5276 δευτέροις
2875 5209 2945 5262 τά
2977 5209 3217 5282 πρότερα
3244 5211 3555 5281 ἀποκρύψαι
3586 5228 3676 5279 φιε

2001 5290 2276 5344 λονεικῶν.
2321 5289 2474 5359 Τάχα
2510 5292 2578 5361 μέ
2606 5307 2691 5354 τις
2725 5291 2892 5344 οἴεταί
2929 5310 2983 5347 τι
3018 5295 3147 5366 περὶ
3176 5296 3275 5366 τῆς
3302 5295 3481 5364 ταφῆς
3507 5297 3674 5367 ἐρεῖν,

2001 5376 2097 5429 καὶ
2134 5376 2216 5427 ὅτι
2261 5374 2399 5445 μετά
2427 5377 2526 5443 τὴν
2558 5375 2771 5446 σφαγὴν
2806 5377 2927 5430 οὐδὲ
2973 5377 3232 5449 βραχείας
3260 5377 3338 5448 τῷ
3366 5378 3675 5447 φονευθέντι

2005 5458 2275 5530 μετέδωκε
2304 5458 2405 5526 γῆς
2430 5474 2443 5487 ³
2481 5456 2592 5526 ἐγὼ
2635 5459 2690 5512 δέ
2736 5476 2789 5513 τι
2830 5461 3022 5513 τούτου
3050 5460 3447 5531 τολμηρότερον
3492 5461 3677 5533 ἕτερον

2002 5541 2132 5612 ἐρῶ.
2166 5540 2276 5603 Τὰς
2308 5540 2418 5612 γὰρ
2445 5541 2680 5612 ἀνόμους
2713 5545 2901 5613 χεῖρας
2939 5543 3150 5606 ἐκείνας
3188 5543 3414 5615 τοιούτῳ
3443 5545 3676 5616 μολύνας

2001 5625 2216 5694 αἵματι,
2272 5623 2367 5677 καὶ
2416 5622 2511 5694 τὴν
2565 5623 2757 5695 καινὴν
2808 5626 3180 5698 ἐργασάμενος
3227 5631 3550 5702 τραγῳδίαν,
3600 5632 3678 5700 ὡς

2066 5757 2089 5820 ς
2112 5754 2206 5820 Λὶξὶ
2234 5756 2278 5820 οἳ
2304 5755 2391 5803 οὐκ
2412 5756 2468 5803 ἂν
2489 5758 2639 5814 οὕτως
2656 5759 2914 5820 ἡλγήσατε.

2063 5815 2091 5855 ἀ
2116 5818 2149 5865 Α
2164 5817 2217 5880 |i_i_
2230 5817 2546 5880 ἅποσφαχθέν.

2074 5881 2098 5940 ξ’
2124 5877 2220 5926 Alii
2247 5874 2520 5940 σπαίροντα.

2066 5932 2083 5970 ί
2120 5941 2269 5990 Savil.
2295 5946 2346 5989 el
2368 5932 2449 5989 'aiii
2476 5942 2637 6005 ὥσπερ
2652 5958 2696 5989 τι
2720 5941 2895 6005 ἀρνίον.
