4032 6448
273 323 379 381 5H

266 451 354 496 set
385 437 666 509 impudens
712 438 821 504 ille,
867 437 997 509 ipsis
1042 438 1209 507 petris
1235 437 1441 502 durior,
1483 439 1551 493 ad
1579 440 1864 496 ecclesiam

271 536 369 590 Dei
401 533 688 590 concessit.
727 532 888 588 Forte
931 532 1195 587 mirantur
1218 532 1456 601 quidam,
1487 547 1583 587 cur
1630 549 1737 588 non
1767 534 1870 587 im-

265 629 437 683 missa
461 627 528 681 de
555 627 688 682 ca-lo
717 626 866 695 plaga
896 639 1180 694 percussus
1225 623 1386 678 fuerit
1415 624 1505 693 qui
1543 625 1665 678 talia
1707 639 1869 681 ausus

264 728 438 784 esset,
466 726 559 773 aut
579 733 676 773 cur
701 732 809 771 non
842 717 982 771 Deus
1005 731 1125 770 eum
1154 715 1374 770 fulmine
1407 713 1633 782 ferierit,
1662 726 1717 770 ut
1743 726 1868 772 ante

267 812 575 881 ingressum
614 823 677 863 os
708 806 835 862 illud
866 806 1146 876 impudens
1174 806 1331 877 igneo
1356 806 1462 861 ictu
1491 806 1864 878 conﬂagraret.

268 905 387 974 Ego
417 917 547 958 vero
593 902 639 956 si
682 900 874 971 quibus
927 898 1044 954 haec
1091 899 1342 969 cogitatio
1389 899 1626 953 animum
1680 899 1863 965 subiit,

264 995 438 1050 laudo
462 1009 556 1050 eos
593 1003 648 1050 et
675 1002 866 1048 azstum
895 1007 1082 1047 eorum
1108 991 1376 1057 admiror;
1415 999 1651 1046 attamen
1679 1006 1865 1046 eorum

264 1089 515 1145 laudibus
550 1096 606 1143 et
634 1084 971 1142 admirationi
1011 1099 1120 1138 non
1156 1084 1433 1138 minimum
1469 1082 1739 1153 quidpiam
1766 1083 1862 1138 deo

261 1195 391 1236 esse
418 1189 562 1250 puto.
589 1178 740 1233 .lusta
778 1177 975 1248 quippe
1021 1174 1387 1245 indignatione
1423 1173 1678 1228 commoti
1713 1183 1860 1240 sunt,

262 1281 383 1327 tum
407 1285 566 1340 super
591 1269 788 1339 injuste
811 1282 954 1322 caeso
976 1280 1163 1336 puero,
1204 1275 1314 1318 tum
1354 1280 1518 1334 super
1541 1265 1632 1319 Dei
1658 1265 1862 1334 legibus

260 1367 341 1421 ita
373 1376 574 1420 temere
621 1361 864 1427 violatis;
908 1359 1003 1416 sed
1034 1360 1110 1414 ira
1161 1357 1430 1414 ferventes
1472 1372 1576 1412 non
1603 1367 1859 1427 quantum

262 1474 404 1527 opus
433 1466 550 1511 erat
574 1461 998 1525 perspexcrunt:
1028 1451 1244 1523 iustitiae
1273 1451 1417 1505 enim
1458 1449 1616 1520 hujus
1644 1451 1726 1504 lex
1756 1451 1858 1504 alia

259 1548 424 1617 longe
443 1547 684 1617 superior
704 1548 754 1600 in
775 1545 922 1600 caelis
939 1552 1040 1600 est.
1056 1543 1313 1611 Qumnam
1335 1543 1494 1613 igitur
1516 1542 1629 1596 haec
1647 1542 1728 1596 lex
1741 1543 1765 1596 ?
1780 1541 1860 1596 Ne

260 1639 633 1709 peccatoribus
667 1637 911 1707 protinus
936 1636 1068 1690 ultio
1095 1633 1373 1701 inferatur,
1403 1634 1508 1689 sed-
1527 1634 1856 1704 delinquenti

260 1740 476 1799 tempus
519 1729 676 1784 detur
718 1737 772 1784 et
815 1727 1064 1793 induciae,
1111 1735 1169 1780 ut
1205 1726 1454 1780 delictum
1485 1728 1656 1796 possit
1691 1741 1856 1781 excu-

257 1833 397 1888 tere,
426 1834 479 1877 et
506 1839 599 1892 per
621 1821 986 1892 paenitentiam
1013 1819 1079 1874 iis
1101 1820 1189 1890 qui
1219 1819 1351 1874 nihil
1380 1820 1504 1874 mali
1524 1819 1858 1876 admiserunt

253 1915 460 1985 :equari
491 1932 506 1968 :
537 1913 681 1985 quod
709 1923 835 1968 tunc
855 1914 908 1966 in
937 1911 1143 1967 nefario
1169 1911 1262 1965 illo
1289 1910 1712 1966 demonstratum
1740 1920 1852 1978 est;

252 2007 392 2062 nihil
437 2007 578 2060 enim
630 2004 875 2076 profecit,
903 2003 1001 2059 sed
1047 2004 1166 2059 sine
1212 2003 1588 2058 emendatione
1634 2004 1850 2058 mansit.

258 2101 403 2155 Deus
429 2109 576 2155 certe
605 2098 866 2170 benignus
892 2112 1014 2153 eum
1043 2099 1132 2163 sit,
1165 2096 1269 2152 hoc
1300 2097 1653 2167 prospiciens,
1683 2112 1750 2152 ne
1781 2097 1852 2151 ita

249 2193 473 2266 quidem
499 2191 823 2261 contempsit
850 2191 1023 2255 illum,
1050 2204 1151 2245 nec
1175 2205 1294 2260 qua:
1332 2205 1364 2244 a
1394 2204 1456 2245 se
1496 2198 1651 2244 erant
1675 2189 1852 2245 facere

247 2285 448 2349 desiit;
479 2282 574 2339 sed
619 2284 768 2338 illum
797 2291 852 2337 et
876 2296 1079 2353 aegrum
1121 2281 1376 2348 visitavit,
1403 2288 1458 2336 et
1483 2280 1601 2351 ejus
1638 2289 1850 2336 restau-

249 2377 443 2431 rauda:
478 2375 692 2430 sanitati
723 2374 944 2430 studuit.
975 2374 1070 2429 llle
1105 2388 1233 2429 vero
1267 2373 1561 2428 remedium
1606 2373 1850 2442 accipere

246 2469 457 2536 noluit;
484 2469 594 2524 imo
618 2469 685 2524 ad
726 2469 829 2524 hoc
855 2469 1077 2523 missum
1104 2467 1372 2523 medicum
1400 2467 1653 2522 concidit.
1677 2467 1848 2524 Medi-

243 2564 368 2618 cina
398 2578 560 2632 porro
597 2571 652 2618 et
694 2562 973 2618 medicinae
997 2561 1190 2616 modus
1229 2559 1534 2630 hujusmodi
1563 2568 1697 2614 erat.

321 2656 375 2711 6.
417 2654 640 2727 Babylas
668 2653 1038 2725 Imperatorem
1066 2654 1291 2708 ecclesia:
1315 2653 1459 2706 aditu
1488 2662 1642 2707 arcet.
1665 2683 1738 2694 —
1767 2652 1845 2708 Eo

242 2756 492 2816 tempore
519 2762 624 2817 quo
646 2746 833 2801 drama
860 2746 990 2800 illud
1013 2755 1069 2800 et
1093 2746 1301 2801 facinus
1326 2745 1558 2800 immane
1584 2744 1842 2800 miseran-

238 2840 481 2909 dumque
522 2840 798 2908 agebatur,
843 2838 943 2894 fuit
982 2839 1067 2893 vir
1115 2853 1340 2910 magnus
1367 2849 1423 2894 et
1464 2838 1745 2906 mirabilis,
1796 2839 1841 2894 si

240 2941 424 2986 tamen
450 2931 526 2987 fas
556 2935 627 2986 sit
666 2933 817 2987 illum
841 2932 1110 3002 appellare
1134 2933 1330 2998 virum,
1359 2932 1450 3003 qui
1477 2933 1634 3004 hujus
1665 2935 1841 3005 gregis

237 3041 427 3078 curam
458 3026 700 3096 gerebat,
727 3027 943 3080 nomine
966 3025 1213 3098 Babylas.
1254 3026 1351 3081 llic
1379 3027 1578 3097 itaque,
1613 3029 1701 3082 cui
1724 3029 1839 3084 haec

235 3116 440 3170 Christi
469 3117 711 3172 Ecclesia
755 3133 784 3171 a
828 3116 1064 3188 Spiritus
1093 3116 1264 3188 gratia
1289 3118 1597 3173 concredita
1642 3118 1834 3186 fuerat,

235 3209 383 3278 quod
424 3209 629 3264 lleliam
659 3209 884 3279 ejusque
919 3210 1169 3264 aimnlum
1197 3209 1458 3265 Joannem
1489 3212 1839 3267 antecelleret

237 3316 346 3354 non
398 3301 647 3368 dixerim,
681 3316 748 3355 ne
795 3300 923 3370 quid
973 3301 1251 3356 molestius
1302 3300 1596 3370 proferam,
1636 3301 1731 3358 sed
1764 3301 1834 3356 ita

232 3392 444 3461 attigit,
479 3405 536 3445 ut
581 3408 648 3447 ne
690 3393 952 3446 tantillum
1001 3392 1215 3461 quidem
1265 3393 1543 3462 generesis
1573 3391 1835 3462 ejusmodi

232 3484 367 3537 viris
411 3483 635 3538 inferior
664 3494 829 3540 esset.
859 3483 1044 3554 Neque
1097 3486 1239 3540 enim
1285 3499 1572 3554 paucarum
1619 3483 1833 3540 urbium

232 3577 585 3642 tetrarcham,
630 3593 806 3648 neque
856 3579 1030 3649 gentis
1083 3578 1239 3632 unius
1287 3593 1489 3648 regem,
1531 3577 1626 3633 sed
1683 3593 1830 3644 eum,

229 3670 324 3739 qui
375 3672 662 3725 maximam
707 3670 854 3725 orbis
907 3680 1114 3740 partem
1182 3679 1424 3736 teneret,
1465 3669 1608 3724 hunc
1655 3669 1829 3739 ipsum

155 3755 160 3758 ’
233 3761 446 3818 scilicet
489 3762 910 3830 sanguinarium,
941 3763 1030 3832 qui
1072 3762 1336 3833 plurimas
1383 3771 1590 3831 gentes,
1635 3762 1830 3817 multas

234 3852 435 3918 urbes,
495 3853 816 3908 immensum
867 3855 1159 3908 exercitum
1217 3852 1618 3920 moderabatur,
1667 3860 1830 3922 atque

231 3944 380 3998 onmi
411 3959 478 3998 ex
526 3955 676 4013 parte
704 3943 1058 3999 formidabilis
1083 3952 1221 4010 erat,
1253 3942 1322 3997 ab
1365 3943 1575 4012 imperii
1618 3942 1828 4013 magni-

232 4038 451 4102 tudine,
492 4053 524 4090 a
573 4052 782 4092 morum
836 4036 1148 4103 ferocitate,
1189 4035 1344 4106 quasi
1383 4035 1490 4090 vile
1526 4049 1590 4088 ac
1628 4035 1828 4089 nullius

235 4129 389 4198 pretii
445 4129 802 4199 mancipium,
851 4129 919 4183 ab
970 4129 1199 4183 ecclesia
1251 4127 1456 4196 expulit
1505 4142 1628 4182 cum
1683 4135 1827 4183 tanta

230 4224 487 4278 firmitate
533 4223 804 4294 animique
842 4221 1177 4288 constantia,
1218 4229 1418 4292 quanta
1472 4231 1653 4290 pastor
1703 4235 1826 4275 sca-

229 4316 439 4370 biosam
478 4325 534 4370 et
569 4315 869 4369 morbidam
906 4329 1061 4368 ovem
1091 4329 1119 4367 a
1148 4327 1308 4385 grege
1345 4321 1546 4378 arceat,
1571 4310 1826 4366 cohibens

230 4425 299 4464 ne
336 4408 556 4463 morbus
584 4410 701 4480 ejus
743 4417 966 4463 crateras
995 4423 1124 4462 oves
1161 4406 1382 4461 alliciat.
1431 4405 1485 4460 ld
1524 4420 1654 4460 vero
1703 4404 1828 4459 fecit

226 4501 530 4557 Servatoris
556 4501 780 4556 verbum
829 4502 1182 4565 confirmans,
1224 4514 1421 4568 nempe
1460 4514 1674 4552 servum
1705 4512 1826 4554 esse

228 4594 408 4647 solum
443 4607 588 4660 eum,
623 4593 711 4663 qui
743 4600 1018 4662 peccatum
1051 4591 1230 4655 faciat,
1258 4591 1502 4661 quamvis
1542 4599 1824 4645 sexcentas

228 4687 409 4756 capite
433 4701 660 4742 coronas
683 4694 877 4757 gestet,
911 4687 1154 4756 quamvis
1183 4685 1451 4739 universis
1481 4686 1646 4739 totius
1679 4685 1824 4739 orbis

230 4778 538 4833 hominibus
567 4779 834 4849 imperare
863 4777 1104 4832 videatur
1133 4795 1145 4831 :
1177 4777 1323 4832 illum
1351 4792 1482 4830 vero
1509 4777 1599 4847 qui
1623 4775 1824 4830 nullius

231 4874 436 4944 peccati
477 4875 575 4928 sibi
622 4875 870 4928 conscius
909 4874 1011 4941 sit,
1040 4873 1139 4928 etsi
1184 4873 1321 4927 inter
1362 4871 1606 4926 subditos
1645 4872 1820 4926 locum

232 4967 440 5031 habeat,
461 4967 579 5036 plus
598 4981 754 5036 quam
778 4981 931 5037 reges
951 4981 1138 5020 omnes
1161 4979 1383 5035 regnare
1400 4963 1822 5020 existimandum

226 5075 370 5115 esse.
401 5058 590 5113 Statim
618 5074 746 5129 ergo
773 5058 1054 5128 imperanti
1081 5057 1332 5128 pra-cepit
1359 5056 1605 5111 subditus
1633 5098 1646 5120 ,
1674 5066 1728 5111 et
1751 5055 1821 5111 de

224 5154 466 5208 omnium
507 5153 844 5208 moderatore
868 5151 1126 5222 judicium
1158 5151 1310 5218 tulit,
1336 5159 1494 5220 atque
1522 5150 1824 5205 damnatio—

225 5247 310 5300 nis
337 5245 656 5300 sententiam
681 5244 880 5300 emisit.
919 5243 1002 5299 Tu
1033 5260 1162 5299 vero
1207 5244 1331 5298 dum
1376 5243 1493 5298 haec
1530 5243 1683 5298 audis
1707 5285 1722 5308 ,
1752 5258 1822 5298 ne

222 5341 426 5392 dictum
470 5335 643 5392 obiter
690 5345 996 5407 prmtereas.
1024 5335 1156 5390 Nam
1183 5335 1268 5390 vel
1297 5335 1400 5390 hoc
1441 5334 1612 5388 solum
1636 5375 1652 5401 ,
1678 5332 1820 5404 quod

223 5429 605 5500 Imperatorem
631 5428 874 5484 subditus
903 5427 1166 5498 quiSpiam
1192 5427 1260 5482 ab
1284 5426 1525 5481 ecclesia
1557 5425 1818 5481 vestibulo

220 5524 464 5593 ejeccrit,
494 5521 691 5578 sufficit
711 5522 778 5576 ad
803 5521 1106 5576 auditorum
1129 5522 1335 5576 animos
1359 5519 1670 5575 excitandos
1694 5535 1819 5591 per-

219 5616 621 5686 cellendosque.
667 5615 724 5670 Si
769 5615 851 5669 vis
900 5623 1078 5668 autem
1133 5622 1300 5667 totum
1350 5611 1663 5666 miraculum
1693 5611 1818 5666 dili-

212 5719 409 5783 genter
453 5709 731 5776 ediscere,
756 5722 825 5762 ne
868 5705 1094 5776 simplici
1141 5693 1360 5760 dictioni
1402 5704 1644 5758 attendas
1672 5745 1688 5771 ,
1720 5702 1817 5760 sed

223 5820 396 5867 tecum
425 5811 616 5876 reputa
645 5802 921 5868 satellites,
955 5807 1187 5873 scutatos
1206 5841 1219 5866 ,
1248 5797 1510 5866 tribunos,
1533 5796 1700 5852 duces
1725 5796 1816 5868 qui

1045 321 1133 378 DE
1163 323 1220 380 S.
1262 322 1559 390 BABYLA,
1598 325 1873 382 CONTRA
1913 327 2254 393 JULIANUM
2292 330 2383 390 ET
2421 332 2783 395 GENTILES.

1981 443 2033 496 iu
2079 444 2222 514 regia
2266 445 2522 514 aluntur,
2554 464 2648 504 eos
2690 448 2779 520 qui
2824 449 3130 510 civitatibus
3177 457 3563 530 przellciuntur,

1975 536 2322 603 pra-euntium
2351 536 2568 604 fastum,
2595 542 2933 611 sequentium
2961 554 3015 599 et
3035 545 3358 618 abigentium
3389 553 3571 608 nmlti-

1973 629 2243 695 tudinem,
2272 631 2541 702 aliumque
2580 633 2890 689 famulatum
2920 646 3112 692 totum.
3150 640 3350 696 Deinde
3393 644 3566 713 ipsum

1973 718 2352 789 Imperatorem
2379 724 2431 778 in
2464 726 2641 780 medio
2665 768 2678 791 ,
2711 727 2911 797 ingenti
2943 747 3063 785 cum
3092 733 3230 787 fastu
3263 734 3568 805 ingredien-

1974 819 2080 865 tem
2101 854 2116 876 ,
2144 813 2234 883 qui
2261 813 2622 872 honorabilior
2652 818 2898 874 videatur
2935 836 2999 876 ex
3032 825 3270 880 vestibus
3295 869 3310 890 ,
3335 842 3402 882 ex
3435 843 3566 898 pur-

1974 917 2098 972 pura
2120 945 2135 968 ,
2165 922 2230 960 ex
2258 909 2482 976 gemmis
2516 918 2623 962 tum
2652 911 2884 982 undique
2912 916 3112 982 sparsis
3142 916 3195 971 in
3235 917 3419 973 dextra
3447 963 3462 986 ,
3495 922 3562 976 ad

1969 999 2372 1053 commissuram
2398 1001 2754 1070 paludamenti
2777 1045 2790 1069 ,
2820 1015 2929 1058 tum
2955 1022 3021 1061 ex
3043 1007 3342 1065 diademate
3365 1013 3416 1065 in
3445 1015 3562 1081 ejus

1969 1089 2141 1156 capite
2161 1088 2504 1158 fulgentibus.
2533 1091 2713 1163 Neque
2738 1093 2840 1148 huc
2870 1083 3036 1167 usque
3064 1099 3346 1168 imaginem
3379 1103 3559 1164 sistas.

1967 1179 2064 1233 sed
2091 1195 2206 1233 eam
2231 1196 2396 1250 usque
2419 1182 2484 1236 ad
2511 1199 2722 1238 servum
2749 1186 2841 1240 Dei
2863 1187 3074 1242 beatum
3097 1189 3349 1261 Babylam
3372 1204 3558 1248 exten-

1967 1270 2088 1336 das,
2123 1273 2342 1342 ejusque
2376 1274 2626 1331 humilem
2687 1277 2947 1347 habitum,
2979 1282 3230 1338 amictum
3263 1287 3556 1356 vulgarem,

1966 1364 2200 1418 animum
2226 1368 2534 1436 contritum,
2555 1383 2770 1423 sensum
2797 1371 2865 1426 ab
2885 1373 3030 1426 omni
3058 1374 3275 1430 audacia
3301 1378 3554 1443 alienum;

1965 1464 2021 1512 et
2048 1473 2168 1511 cum
2198 1459 2383 1514 ambos
2413 1460 2761 1532 descripseris
2786 1474 3074 1536 mutuoque
3093 1470 3402 1534 contuleris,
3430 1481 3556 1526 tunc

1963 1562 2075 1602 rem
2125 1549 2268 1604 illam
2307 1551 2602 1608 mirabilem
2649 1555 2815 1624 probe
2857 1572 3186 1626 cognosces;
3224 1562 3332 1616 imo
3373 1579 3440 1618 ne
3478 1565 3556 1618 sic

1962 1641 2174 1710 quidem
2197 1656 2442 1700 accurate
2462 1662 2578 1701 com
2587 1649 2885 1716 prehendes
2903 1668 2916 1704 :
2933 1651 3075 1706 illam
3093 1654 3288 1726 quippe
3309 1656 3554 1726 loquendi

1963 1733 2262 1791 libertatem
2303 1754 2402 1793 nec
2441 1755 2619 1795 sermo
2655 1757 2756 1796 nec
2782 1744 2890 1798 oris
2921 1746 3128 1815 species
3172 1761 3556 1819 repraesentare

1960 1835 2170 1895 potest,
2199 1829 2292 1883 sed
2322 1829 2434 1884 Sola
2462 1834 2789 1901 experientia
2818 1845 2872 1890 et
2896 1852 3040 1892 usus.
3065 1838 3235 1894 Porro
3267 1841 3555 1912 impertur-

1959 1919 2140 1974 batum
2167 1921 2282 1991 ejus
2302 1923 2538 1978 animum
2568 1925 2658 1980 ille
2683 1928 2830 1982 solus
2861 1930 3027 1998 probe
3057 1947 3216 1988 nosse
3245 1935 3432 2003 possit,
3462 1938 3555 2007 qui

1960 2009 2186 2080 idipsum
2237 2027 2357 2066 cum
2405 2014 2495 2068 illo
2543 2015 2750 2073 fiducia:
2788 2020 2998 2074 culmen
3046 2023 3310 2093 attingere
3355 2027 3550 2080 valeat.

1956 2099 2236 2166 Quomodo
2263 2103 2404 2158 enim
2425 2119 2587 2160 senex
2615 2107 2702 2162 ille
2728 2111 2991 2164 accessit?
3011 2116 3279 2183 quomodo
3296 2117 3554 2173 satellites

1957 2195 2200 2264 trajecit?
2221 2199 2488 2268 quomodo
2512 2215 2573 2255 os
2601 2203 2848 2272 aperuit?
2869 2207 3136 2275 quomodo
3162 2208 3410 2279 loquutus
3429 2221 3512 2266 est
3527 2212 3553 2266 ?

1955 2288 2222 2357 quomodo
2255 2291 2550 2362 corripuit?
2573 2295 2842 2364 quomodo
2888 2295 3132 2354 dextram
3180 2301 3433 2370 imposuit
3459 2320 3552 2372 pe-

1953 2382 2088 2434 ctori
2135 2379 2210 2434 illi
2247 2380 2423 2437 adhuc
2461 2384 2836 2440 intumescenti
2876 2395 3036 2458 atque
3087 2390 3236 2446 crede
3286 2391 3550 2450 ferventi?

1952 2471 2221 2540 quomodo
2264 2472 2582 2530 homicidam
2614 2476 2842 2546 repulit?
2868 2478 3008 2533 Nihil
3051 2495 3230 2536 rerum
3273 2493 3547 2554 gestarum

1951 2563 2210 2618 exterruit
2251 2571 2306 2618 et
2345 2580 2375 2619 a
2408 2568 2680 2637 praposito
2711 2567 2951 2626 deduxit.
2981 2570 3024 2626 Ο
3053 2573 3291 2630 animum
3343 2577 3548 2647 imper-

1951 2655 2229 2721 territum,
2260 2668 2600 2730 mentemque
2630 2660 2914 2718 sublimem
2939 2665 2953 2717 !
2978 2679 3010 2717 ο
3039 2665 3255 2721 etnleste
3283 2677 3466 2737 pectus
3491 2680 3548 2724 et

1948 2748 2300 2803 constantiam
2329 2751 2658 2821 angelicam!
2691 2755 2767 2808 Ac
2788 2754 2832 2808 si
2864 2755 3006 2810 enim
3037 2771 3285 2827 pompam
3316 2759 3458 2816 illam
3491 2763 3545 2818 in

1947 2854 2104 2894 muro
2141 2839 2404 2911 depictam
2441 2845 2778 2912 constiieeret
2798 2886 2811 2909 ,
2836 2847 2914 2901 sic
2961 2846 3224 2918 intrepide
3253 2853 3429 2905 omnia
3454 2866 3548 2922 ge-

1946 2948 2170 2988 nerosus
2198 2935 2280 2990 vir
2302 2935 2539 3005 perfecit.
2568 2937 2695 2992 Erat
2721 2939 2864 2993 enim
2889 2939 3083 2995 divinis
3110 2940 3192 2994 his
3211 2941 3548 3014 dogmatibus

1946 3025 2216 3080 institutus
2237 3068 2252 3093 ,
2282 3027 2424 3097 quod
2471 3029 2709 3096 scilicet,
2743 3030 2933 3086 umbra
2961 3040 3016 3086 et
3045 3033 3310 3088 somnium
3355 3034 3546 3106 hisque

1944 3116 2184 3172 inaniora
2220 3119 2328 3174 sint
2369 3120 2524 3190 hujus
2564 3122 2747 3176 mundi
2786 3125 3018 3194 negotia.
3045 3125 3169 3180 Ideo
3195 3128 3325 3181 nihil
3356 3143 3542 3185 eorum

1943 3210 2117 3280 ipsum
2148 3210 2439 3278 exterruit,
2471 3212 2579 3267 imo
2609 3211 2852 3269 fiduciam
2892 3216 3070 3271 omnia
3109 3217 3352 3274 indidere
3377 3236 3391 3272 :
3420 3220 3542 3274 illa-

1943 3319 2062 3357 rum
2093 3305 2291 3373 quippe
2319 3321 2496 3360 rerum
2527 3316 2776 3376 aspectus
2806 3309 2920 3378 ejus
2951 3319 3183 3364 mentem
3213 3313 3541 3369 transmitte-

1940 3386 2032 3441 bat
2068 3387 2133 3441 ad
2177 3403 2465 3458 supernum
2498 3406 2674 3460 regem
2700 3432 2716 3456 ,
2745 3393 2832 3461 qui
2861 3393 3009 3447 sedet
3042 3409 3204 3463 super
3245 3396 3536 3452 Cherubim

1939 3485 1995 3531 et
2021 3478 2253 3532 intuetur
2281 3478 2504 3550 abyssos
2524 3521 2539 3548 ,
2567 3481 2634 3535 ad
2667 3481 2914 3536 thronum
2944 3483 3235 3552 gloriosum
3275 3495 3326 3540 et
3355 3488 3537 3541 excel-

1937 3581 2077 3634 sum,
2107 3568 2172 3623 ad
2198 3570 2463 3644 cmlestem
2495 3572 2810 3637 exercitum,
2833 3571 2898 3626 ad
2917 3573 3182 3645 myriadas
3203 3576 3535 3646 angelorum,

1937 3659 2005 3713 ad
2033 3661 2196 3715 millia
2224 3662 2663 3731 archangelorum
2691 3705 2706 3730 ,
2734 3663 2799 3718 ad
2835 3665 3069 3720 terribile
3113 3665 3240 3721 illud
3268 3667 3495 3722 tribunal
3518 3711 3535 3735 ,

1936 3750 2002 3805 ad
2046 3751 2302 3822 judicium
2351 3754 2476 3807 illud
2522 3754 2640 3810 sine
2682 3757 2994 3825 acceptione
3045 3773 3432 3826 personarum,
3466 3760 3534 3814 ad

1933 3845 2150 3902 ﬂuvium
2180 3847 2334 3917 ignis,
2360 3847 2425 3901 ad
2449 3847 2691 3903 Judicem
2715 3849 2905 3919 ipsum.
2925 3850 3261 3920 Quapropter
3281 3865 3341 3907 se
3367 3861 3534 3907 totum

1933 3953 1964 3993 a
1989 3949 2128 3994 terra
2161 3940 2213 3994 in
2243 3940 2432 3996 caelum
2461 3941 2787 3996 transferens
2809 3983 2824 4008 ,
2858 3943 3007 4011 quasi
3042 3942 3114 3996 illi
3143 3942 3314 3998 .ludici
3356 3944 3538 3998 adsta-

1933 4040 2036 4096 ret,
2066 4031 2344 4103 ipsumque
2368 4035 2717 4104 imperantem
2739 4033 2974 4100 audiret,
3009 4045 3066 4090 ut
3095 4034 3354 4089 nefarium
3384 4038 3532 4093 illum

1933 4137 1996 4177 ac
2021 4124 2305 4178 scelestum
2330 4139 2392 4178 ex
2425 4139 2579 4178 sacro
2605 4125 2730 4178 ovili
2762 4125 3092 4194 expelleret,
3123 4125 3201 4181 sic
3224 4128 3385 4198 ejecit
3414 4141 3468 4183 et
3501 4144 3533 4183 a

1933 4214 2154 4284 reliquis
2198 4214 2388 4269 ovibus
2431 4215 2823 4285 sequestravit,
2863 4215 2928 4269 ad
2971 4215 3102 4270 nihil
3131 4231 3317 4272 eorum
3360 4221 3532 4289 respi-

1932 4311 2080 4364 ciens
2102 4351 2118 4377 ,
2151 4325 2273 4380 qum
2311 4309 2625 4365 videbantur
2666 4309 2926 4365 terribilia
2978 4325 3099 4366 esse
3120 4353 3135 4375 ,
3168 4311 3264 4368 sed
3309 4313 3533 4368 viriliter

1931 4405 2080 4460 illum
2100 4420 2159 4459 ac.
2176 4418 2440 4475 generose
2457 4404 2744 4459 admodum
2772 4405 3036 4474 repellens
3061 4405 3273 4460 violatis
3291 4405 3385 4461 Dei
3403 4406 3532 4476 legi-

1930 4495 2031 4551 bus
2047 4511 2204 4566 opem
2228 4497 2366 4551 tulit.
2381 4497 2538 4566 Atqui
2566 4507 2763 4567 quanta
2784 4512 2909 4567 erga
2927 4505 3150 4552 caeteros
3166 4497 3357 4552 ﬁducia
3374 4513 3530 4553 usum

1931 4591 2080 4647 illum
2099 4607 2218 4646 esse
2240 4607 2334 4662 par
2350 4592 2465 4646 est?
2486 4592 2584 4659 Qui
2602 4592 2744 4647 enim
2769 4591 3117 4660 imperantem
3140 4599 3279 4644 tanta
3294 4605 3413 4644 cum
3436 4605 3531 4660 po-

1929 4690 2124 4737 testate
2145 4697 2429 4753 aggressus
2453 4692 2555 4747 est,
2585 4696 2743 4751 quem
2774 4681 3101 4750 reliquorum
3129 4681 3531 4736 formidaverit?

1931 4773 2188 4844 Equidem
2202 4773 2410 4842 opinor,
2431 4773 2538 4827 imo
2552 4787 2655 4826 non
2667 4773 2876 4841 Opinor,
2893 4771 2984 4827 sed
3001 4771 3185 4840 credo,
3198 4773 3368 4827 virum
3382 4772 3530 4828 illum

1931 4883 2032 4922 nec
2069 4867 2136 4922 ad
2178 4867 2402 4938 gratiam
2435 4882 2534 4921 nec
2563 4865 2630 4920 ad
2669 4866 2850 4919 odium
2895 4864 3166 4936 quidpiam
3205 4864 3401 4921 fecisse
3444 4866 3529 4920 vel

1929 4960 2130 5015 dixisse
2155 4974 2445 5030 umquam;
2474 4957 2568 5013 sed
2591 4958 2849 5012 adversus
2880 4957 3124 5011 timorem
3150 4999 3167 5025 ,
3195 4965 3249 5012 et
3273 4957 3532 5013 adversus

1931 5054 2124 5108 timore
2151 5053 2506 5124 potentiorem
2531 5050 2893 5106 adulationem
2918 5090 2935 5116 ,
2963 5059 3018 5105 et
3041 5050 3143 5104 alia
3167 5050 3382 5115 similia,
3410 5066 3531 5120 qua:

1928 5146 2071 5216 apud
2113 5144 2359 5201 homines
2391 5144 2555 5198 multa
2585 5143 2816 5209 adsunt,
2849 5143 3049 5198 utiliter
3075 5142 3390 5214 fortiterque
3419 5152 3531 5198 ste-

1929 5239 2077 5306 tisse,
2101 5253 2166 5292 ac
2187 5252 2254 5292 ne
2285 5237 2550 5291 tantillum
2575 5235 2787 5307 quidem
2810 5237 2941 5291 recti
2967 5236 3151 5307 judicii
3173 5237 3526 5293 adulterasse.

1935 5326 1994 5386 Si
2024 5331 2166 5386 enim
2193 5330 2421 5384 amictus
2446 5329 2566 5392 viri,
2597 5329 2836 5383 dentium
2860 5329 2999 5384 risus
3022 5371 3038 5396 ,
3062 5329 3262 5399 pedum
3289 5327 3530 5382 incessus

1927 5424 2044 5492 ejus
2055 5436 2234 5477 mores
2250 5429 2479 5491 arguunt
2493 5418 2684 5491 (.Eccti.
2715 5420 2804 5476 l9.
2822 5420 2936 5491 26),
2956 5421 3122 5475 multo
3139 5420 3306 5489 magis
3321 5428 3522 5476 czctera

1925 5514 1994 5569 ab
2013 5529 2080 5570 eo
2102 5514 2356 5583 praeclare
2371 5521 2519 5583 gesta
2547 5512 2831 5568 ostendere
2850 5521 3073 5583 possunt
3093 5520 3306 5582 quantm
3321 5511 3374 5565 in
3403 5511 3527 5568 reli-

1925 5622 2030 5678 qua
2045 5607 2150 5662 vita
2175 5607 2386 5662 virtutis
2408 5605 2570 5661 fuerit
2592 5623 2605 5660 :
2631 5592 2807 5677 neque
2826 5606 2968 5661 enim
2990 5606 3060 5660 ob
3077 5605 3329 5660 fiduciam
3348 5606 3523 5663 solum

1924 5700 2375 5758 admirandusille
2398 5707 2502 5766 est,
2525 5699 2620 5756 sed
2637 5699 2779 5769 quod
2810 5698 3056 5753 fiduciam
3095 5698 3238 5753 illam
3256 5713 3322 5755 eo
3351 5715 3522 5772 usque

1924 5793 2258 5866 produxerit,
2281 5801 2391 5849 tum
2413 5793 2574 5850 etiam
2594 5791 2738 5863 quod
2764 5791 2812 5848 ei
2841 5789 2972 5845 nihil
2998 5790 3220 5848 ulterius
3237 5792 3522 5852 addiderit.

3467 348 3664 407 51‘2-
