4032 6478
553 349 660 405 545

622 478 675 532 7.
707 476 851 532 Talis
872 478 1070 548 quippe
1093 486 1175 533 est
1200 477 1396 533 Christi
1422 478 1678 549 sapientia
1698 517 1714 542 ,
1744 492 1863 548 quae
1892 492 1992 534 nec
2012 476 2137 548 plus

544 568 694 641 justo
721 568 1003 625 decertare
1031 571 1303 640 permittat
1328 612 1342 637 ,
1366 571 1461 625 sed
1490 570 1683 639 ubique
1711 565 2137 626 moderationem

546 670 746 717 servet.
772 662 933 733 Atqui
955 662 1053 732 ipsi
1080 662 1294 729 licebat,
1324 664 1367 717 si
1396 659 1674 729 voluisset,
1697 663 1834 717 ultra
1861 661 2133 733 progredi.

546 753 608 808 Ei
639 753 780 808 enim
807 754 898 823 qui
924 754 1045 808 vita:
1075 768 1256 808 curam
1283 752 1565 824 abjecisset
1590 752 1718 826 (non
1748 753 1890 808 enim
1918 765 2137 825 prorsus

541 846 881 911 accessisset,
912 845 1013 900 nisi
1039 861 1097 900 se
1126 844 1425 915 hujusmodi
1446 844 1855 916 cogitationibus
1880 844 2135 899 armavis-

540 936 682 1007 set),
711 952 832 992 cum
861 945 1123 1006 potestate
1143 936 1320 991 omnia
1354 935 1529 991 facere
1553 936 1787 1002 licebat,
1815 947 1869 991 et
1897 936 2131 1007 impera-

539 1037 715 1083 torem
749 1024 1415 1108 contumelusaspergere
1440 1068 1454 1092 ,
1486 1036 1542 1082 et
1565 1027 1809 1082 diadema
1854 1025 1925 1082 de
1958 1027 2133 1097 capite

535 1121 845 1188 detrahere,
874 1130 928 1176 et
954 1120 1147 1191 pugnis
1174 1135 1237 1175 os
1259 1118 1609 1184 contundere,
1636 1117 1851 1190 quando
1883 1117 2128 1173 dextram

522 1211 589 1266 .in
622 1222 806 1282 pectus
845 1213 1083 1282 impegit.
1114 1210 1227 1283 Sed
1264 1212 1397 1267 nihil
1441 1211 1630 1267 borum
1671 1212 1796 1267 fecit
1824 1230 1837 1267 :
1869 1211 2130 1281 spirituali

537 1318 766 1373 namque
791 1303 903 1359 sale
929 1304 1199 1359 conditam
1225 1303 1456 1359 habebat
1480 1304 1713 1358 animam
1739 1321 1754 1358 :
1777 1304 2127 1374 quamobrem

536 1393 665 1447 nihil
685 1376 900 1450 'temere
925 1394 1011 1450 vel
1033 1392 1230 1449 frustra
1252 1394 1376 1465 egit,
1406 1393 1501 1450 sed
1529 1394 1706 1448 omnia
1737 1402 1885 1450 recto
1905 1394 2127 1449 rationis

530 1484 731 1554 judicio
747 1495 801 1541 et
816 1487 1017 1541 saniori
1041 1486 1201 1540 modo
1225 1504 1237 1539 :
1264 1501 1368 1540 non
1389 1485 1833 1556 quemadmodum
1852 1485 2125 1555 gentilium

529 1578 799 1646 sapientes
825 1619 838 1644 ,
872 1579 959 1648 qui
1005 1577 1281 1632 moderate
1313 1592 1603 1647 numquam
1630 1618 1647 1644 ,
1673 1576 1768 1631 sed
1801 1576 1997 1646 ubique
2018 1617 2032 1642 ,
2068 1586 2125 1632 ut

528 1669 600 1724 ita
639 1669 812 1724 dicam
833 1711 848 1737 ,
879 1678 971 1723 aut
998 1669 1115 1739 plus
1143 1677 1235 1724 aut
1262 1669 1439 1724 minus
1463 1711 1478 1736 ,
1506 1684 1663 1740 quam
1694 1684 1791 1739 par
1815 1676 1925 1735 est,
1954 1668 2124 1724 conii-

531 1763 768 1817 dentiam
798 1762 1053 1818 exhibent
1079 1779 1254 1827 suam,
1283 1763 1356 1817 ita
1383 1771 1442 1817 ut
1468 1777 1729 1832 nusquam
1756 1761 2119 1830 fortitudinis,

528 1854 623 1909 sed
649 1855 1087 1911 irrationabilium
1116 1855 1401 1911 affectuum
1436 1856 1741 1926 opinionem
1788 1855 1983 1926 ubique
2018 1856 2120 1912 sibi

526 1946 850 2010 concilient;
878 1945 964 2000 ubi
996 1950 1170 2011 minus
1200 1946 1519 2016 praestitere,
1552 1945 1886 2012 formidinis;
1912 1946 2001 2002 ubi
2024 1961 2119 2001 ex-

523 2051 757 2097 cessere,
784 2037 1098 2107 arrogantiae
1123 2046 1178 2092 et
1202 2051 1352 2092 vanze
1378 2036 1564 2107 gloria:
1590 2036 1730 2107 apud
1769 2052 1958 2093 omnes
1982 2051 2115 2093 con-

526 2128 671 2183 victi.
693 2129 762 2182 At
783 2144 887 2183 non
914 2130 1040 2183 item
1073 2129 1260 2185 beatus
1288 2129 1376 2185 ille
1402 2148 1415 2184 :
1444 2144 1547 2185 non
1574 2130 1717 2185 enim
1747 2139 1949 2186 temere
1972 2129 2115 2201 quod

520 2220 573 2274 in
605 2229 837 2275 mentem
866 2222 1070 2277 subiret
1098 2223 1309 2293 agebat,
1337 2222 1431 2277 sed
1459 2224 1669 2279 cunctis
1692 2232 1942 2280 accurate
1981 2238 2115 2278 exa-

518 2312 755 2380 minatis,
779 2314 1218 2385 concinnatisque
1242 2314 1536 2371 secundum
1562 2316 1767 2371 divinas
1788 2316 1934 2388 leges
1958 2318 2111 2388 cogi-

516 2403 807 2460 tationibus
824 2447 838 2471 ,
862 2406 940 2461 sic
965 2406 1030 2461 ad
1049 2421 1182 2477 epus
1203 2421 1294 2462 eas
1325 2406 1529 2463 eduxit.
1552 2406 1782 2479 Ideoque
1818 2409 2109 2465 sectionem

513 2512 621 2552 nou
655 2499 707 2552 in
739 2498 1026 2569 superficie
1056 2508 1263 2554 tantum
1291 2499 1455 2566 fecit,
1486 2515 1554 2556 ne
1575 2501 1749 2571 major
1775 2516 1898 2572 pars
1930 2500 2108 2557 affecti

512 2591 737 2647 membri
775 2603 1113 2659 remaneret;
1139 2576 1311 2665 neque
1348 2592 1754 2664 profundiorem
1776 2637 1791 2663 ,
1818 2609 1981 2665 quam
2010 2611 2110 2667 par

506 2692 660 2751 erat,
688 2698 757 2740 ne
795 2684 963 2755 plagae
989 2699 1220 2740 excessu
1264 2686 1547 2741 sanitatem
1572 2695 1982 2756 corrumperet;
2006 2686 2103 2743 sed

511 2777 662 2848 plaga
691 2777 758 2831 ad
788 2777 1032 2833 morbum
1063 2786 1411 2848 attemperata
1436 2819 1451 2844 ,
1481 2779 1560 2834 sic
1581 2779 1835 2850 optimam
1865 2779 2106 2835 adhibuit

512 2867 855 2923 medicinam.
892 2868 1029 2923 iiine
1058 2869 1207 2923 illum
1239 2869 1336 2936 ira,
1370 2869 1597 2939 ignavia,
1630 2869 1934 2940 arrogantia
1962 2911 1979 2938 ,
2007 2886 2102 2925 va-

506 2973 589 3013 nae
630 2959 814 3030 glorias
854 2958 1136 3028 cupidine,
1161 2958 1319 3028 odio,
1343 2968 1524 3026 metu,
1560 2960 1864 3017 adulatione
1904 2974 2099 3031 purum

504 3068 629 3109 esse
651 3052 873 3108 fidenter
903 3042 1316 3123 pronuntiarint.

573 3143 761 3199 Modus
788 3145 840 3199 in
869 3146 1034 3199 rebus.
1057 3174 1129 3184 -
1155 3143 1305 3212 Quod
1336 3143 1380 3200 si
1406 3142 1529 3215 quid
1553 3143 1974 3214 inexspectatum
1999 3143 2085 3199 di-

499 3250 625 3292 cere
650 3253 786 3308 opus
814 3238 903 3305 sit,
933 3253 1039 3293 non
1068 3244 1176 3293 tam
1199 3239 1366 3292 miror
1402 3236 1615 3293 beatum
1647 3237 1795 3292 illum
1821 3236 1963 3307 quod
1989 3236 2098 3292 lm-

501 3328 761 3397 peratoris
804 3327 1043 3383 furorem
1089 3328 1382 3398 reprimere
1422 3343 1582 3383 ausus
1622 3328 1712 3396 sit,
1759 3343 1916 3400 quam
1954 3329 2097 3400 quod

497 3421 817 3476 intellexerit
857 3430 1117 3491 quatenus
1145 3421 1247 3477 hoc
1272 3421 1444 3492 ipsum
1473 3421 1648 3477 facere
1673 3429 1965 3492 oporteret,
1997 3436 2099 3479 nec

493 3513 779 3583 quidquam
806 3513 1028 3569 ulterius
1055 3514 1139 3568 vel
1166 3513 1352 3570 fecerit
1376 3513 1461 3569 vel
1488 3512 1702 3569 dixerit.
1730 3513 1884 3581 Quod
1911 3524 2092 3569 autem

498 3605 605 3662 hoc
627 3606 697 3659 sit
723 3605 814 3662 illo
839 3606 1135 3662 mirabilius
1158 3647 1174 3675 ,
1202 3607 1400 3662 multos
1444 3606 1684 3662 invenire
1725 3614 1827 3672 est,
1855 3605 1945 3677 qui
1970 3620 2093 3661 cum

491 3695 620 3751 illud
651 3695 893 3764 fecerint,
921 3696 1026 3753 hoc
1050 3706 1305 3766 praestare
1329 3712 1437 3754 non
1463 3705 1767 3768 potuerunt.
1799 3697 1933 3753 Nam
1961 3714 2085 3755 cum

494 3786 741 3843 libertate
764 3788 909 3859 loqui
938 3788 1161 3859 quilth
1184 3804 1329 3859 saepe
1366 3798 1630 3861 possunt;
1658 3790 1885 3861 idipsum
1912 3802 2090 3848 autem

494 3889 758 3949 tempore,
781 3878 964 3946 modo,
995 3879 1365 3935 moderatione
1386 3894 1450 3935 ac
1474 3880 1751 3950 prudentia
1778 3883 2090 3953 congruenti

488 3980 776 4041 prtestare,
807 3974 985 4044 magni
1012 3972 1419 4044 admirandique
1441 3975 1603 4028 animi
1623 3983 1726 4029 est.
1748 3973 2090 4045 Quandoqui-

494 4062 619 4147 dem
637 4062 853 4119 beatum
877 4063 1044 4121 David
1066 4080 1256 4136 magna
1278 4081 1398 4119 eum
1415 4064 1733 4121 confidentia
1753 4065 2088 4122 contumeliis

490 4156 712 4213 incessit
739 4158 937 4225 Semei,
965 4158 1250 4229 virumque
1276 4158 1590 4229 sanguinum
1618 4158 1824 4213 vocavit
1849 4155 1926 4229 (2.
1955 4157 2084 4230 Reg.

494 4249 584 4303 i6.
611 4249 666 4320 5)
696 4265 711 4315 ;
743 4256 798 4304 at
838 4265 945 4304 non
986 4248 1040 4305 id
1065 4264 1166 4320 ego
1208 4249 1457 4303 duciam
1500 4249 1585 4305 vel
1614 4249 1910 4305 libertatem
1938 4248 2088 4304 dixe-

492 4337 637 4403 rim,
689 4339 784 4394 sed
836 4337 1027 4408 lingua:
1085 4339 1260 4407 potius
1309 4338 1767 4407 intemperantiam
1815 4337 2086 4407 animique

491 4429 790 4497 audaciam,
818 4428 1232 4493 contumaciam,
1260 4426 1641 4499 arrogantiam,
1670 4437 1725 4484 et
1751 4429 1962 4499 quidvis
1985 4443 2086 4498 po-

487 4521 614 4589 tius,
644 4537 802 4592 quam
849 4521 1167 4576 libertatem.
1196 4521 1303 4576 Par
1331 4530 1415 4576 est
1442 4521 1607 4588 enim,
1634 4529 1694 4575 ut
1735 4529 1889 4592 puto,
1920 4536 2041 4576 eum
2066 4562 2083 4587 ,

489 4614 581 4683 qui
610 4613 991 4684 redargutnrus
1017 4622 1122 4681 est,
1153 4612 1221 4668 ab
1247 4613 1466 4669 audacia
1497 4613 1727 4667 maxime
1755 4621 1914 4683 atque
1938 4628 2089 4667 arro-

486 4704 665 4772 gantia
708 4704 997 4771 abstinere,
1025 4696 1239 4774 vimque
1264 4718 1413 4757 suam
1440 4688 1491 4757 in
1519 4711 1705 4757 natura
1733 4711 1933 4756 tantum
1960 4718 2086 4757 ver-

488 4793 679 4847 borum
727 4778 1108 4863 gestorumque
1167 4794 1558 4849 demonstrare.
1611 4791 1803 4849 Medici
1858 4807 2088 4862 namque

485 4900 607 4940 cum
640 4886 847 4954 putrida
876 4887 1115 4942 membra
1160 4902 1406 4942 resecare
1448 4892 1505 4940 et
1530 4886 1807 4941 aestuantia
1847 4886 2085 4955 compri-

486 4995 639 5036 mere
675 4994 810 5050 orus
853 4990 956 5049 est,
985 4996 1092 5036 non
1124 4980 1217 5036 iraa
1247 4980 1388 5051 pleni
1419 4980 1734 5034 medicinam
1762 4979 2084 5049 aggrediun-

484 5086 602 5129 tur:
623 5071 720 5128 sed
744 5089 862 5128 .unc
884 5074 1111 5129 maxime
1129 5075 1182 5129 in
1199 5073 1533 5130 convenieuti
1549 5081 1687 5127 statu
1706 5073 2081 5142 cogitationem

442 5174 459 5189 '
483 5168 760 5222 continere
808 5165 1044 5234 student,
1076 5181 1143 5221 ne
1168 5154 1498 5236 perturbatio
1534 5164 1699 5220 animi
1742 5173 1933 5219 noceat
1957 5162 2078 5217 arti.

485 5257 638 5327 Quod
665 5261 708 5311 si
741 5258 807 5324 is,
836 5257 924 5328 qui
951 5272 1147 5329 corpus
1177 5272 1369 5312 sanare
1394 5256 1559 5326 cupit,
1592 5262 1736 5310 tanta
1765 5269 1899 5325 opus
1925 5254 2082 5309 habet

486 5350 648 5404 animi
681 5349 1083 5420 tranquillitate,
1111 5348 1409 5403 animarum
1440 5348 1654 5402 medico
1695 5346 1843 5417 quid,
1873 5362 2078 5416 quaeso,

490 5438 788 5494 faciendum
817 5450 1131 5506 statuemus,
1160 5452 1215 5494 et
1241 5448 1495 5509 quantam
1524 5439 1575 5492 in
1692 5436 2080 5508 phi|050phiam

489 5530 863 5599 requiremus?
892 5530 1072 5600 Longe
1098 5529 1353 5599 majorem
1377 5529 1596 5594 scilicet,
1618 5536 1672 5583 et
1696 5537 1892 5583 tantam
1915 5543 2083 5598 quan-

493 5626 603 5672 tam
649 5618 738 5674 ille
779 5629 981 5691 martyr
1016 5620 1274 5674 exhibuit.
1321 5618 1483 5675 Nobis
1509 5620 1649 5673 enim
1695 5617 1952 5688 quosdam
1983 5633 2081 5674 cett

484 5709 739 5763 terminos
769 5721 822 5765 et
842 5711 1052 5779 regulas
1078 5726 1303 5782 ponens,
1322 5720 1378 5765 ut
1407 5710 1528 5764 inde
1553 5709 1767 5763 modmn
1797 5709 1987 5778 agendi
2017 5710 2072 5765 in

486 5800 692 5855 caeteris
722 5801 1067 5872 proportione
1104 5801 1329 5872 quadam
1357 5808 1687 5871 mutuemur,
1715 5800 1793 5856 sic
1819 5800 2074 5856 miserum

1299 345 1356 402 S.
1398 344 1678 403 JOANNIS
1713 343 2200 401 Cii\SOSTOlii
2240 308 2558 407 ARCililZP.
2599 350 3137 415 CONSTANTINOP.

2566 195 2614 208 .

2256 478 2402 534 illum
2430 495 2461 536 a
2481 495 2636 539 sacro
2662 484 2844 543 limine
2868 488 3083 557 repulit.
3114 489 3433 562 \ideturque
3455 510 3612 551 unum
3630 505 3807 557 tantum

2250 578 2377 625 tunc
2403 573 2571 643 probe
2596 586 2803 645 gestum
2829 593 2965 649 opus
2994 578 3159 636 fuisse
3183 597 3199 646 ;
3222 582 3319 638 Sed
3343 584 3387 638 si
3412 586 3531 654 quis
3554 587 3674 644 illud
3695 605 3807 647 exa-

2247 662 2412 718 minet
2439 672 2493 719 et
2519 667 2751 738 undique
2765 682 3012 726 accurate
3037 673 3346 743 perpendat,
3368 686 3421 731 et
3445 679 3741 746 secundum,
3760 693 3806 738 et

2246 753 2461 810 tertium
2495 754 2625 812 huic
2663 759 2900 827 insitum,
2934 777 3297 836 magnuman
3334 767 3572 825 utilitatis
3615 770 3804 826 thesau-

2243 860 2363 900 rum
2414 849 2663 917 reperiet.
2690 849 2822 905 Nam
2867 853 2957 922 qui
2989 861 3114 908 tunc
3151 854 3508 926 rejiciehatur,
3540 876 3670 915 unus
3708 874 3805 920 tan-

2244 944 2357 990 tum
2386 948 2543 1005 erat;
2593 942 2683 1009 qui
2736 941 2940 997 lucrum
2991 942 3116 1001 inde
3169 956 3526 1019 reportarunt,
3580 952 3800 1022 plurimi:

2240 1027 2507 1095 siquidem
2539 1030 2591 1083 in
2619 1031 2845 1102 imperio
2870 1033 3005 1103 ejus,
3034 1037 3176 1106 quod
3213 1040 3498 1095 maximam
3524 1042 3664 1098 orbis
3699 1060 3802 1114 paro

2238 1124 2343 1171 tem
2373 1120 2856 1189 complectebatur,
2887 1135 3145 1195 quotquot
3168 1126 3426 1185 increduli
3451 1140 3621 1201 erant,
3642 1135 3801 1191 obstu-

2237 1207 2432 1277 pefacti
2458 1212 2737 1283 miratique
2761 1224 2905 1283 sunt,
2933 1216 3024 1270 ubi
3058 1216 3357 1274 didicerunt
3383 1232 3628 1292 quantam
3653 1226 3799 1282 servis

2234 1301 2348 1358 suis
2373 1301 2615 1360 Christus
2641 1305 2889 1377 loquendi
2917 1308 3160 1364 fiduciam
3185 1310 3483 1382 indidisset,
3505 1330 3650 1370 suam
3677 1318 3798 1387 ipso-

2232 1408 2350 1447 rum
2380 1394 2693 1450 illiberalem
2737 1407 2793 1453 et
2838 1399 3098 1469 abjectam
3128 1404 3437 1459 servitutem
3486 1406 3794 1477 deriserunt,

2233 1483 2482 1540 viderunt
2507 1495 2761 1557 quantum
2791 1489 2933 1545 inter
2960 1492 3380 1551 Christianorum
3412 1498 3729 1555 nobilitatem
3750 1510 3795 1557 et

2229 1576 2508 1645 gentilium
2550 1579 2931 1647 turpitudinem
2975 1583 3296 1640 discriminis
3339 1598 3503 1643 esset.
3548 1589 3741 1645 Etenim
3763 1592 3793 1646 ii

2238 1665 2379 1735 apud
2407 1667 2547 1734 illos,
2574 1669 3063 1739 quibussacrorum
3090 1690 3218 1730 cura
3242 1679 3549 1734 concredita
3572 1691 3670 1748 est,
3693 1682 3794 1751 plus

2227 1770 2388 1826 quam
2437 1758 2702 1827 dominos,
2755 1762 2874 1832 plus
2922 1780 3080 1835 quam
3132 1767 3272 1821 idola
3321 1784 3418 1824 sua
3466 1770 3794 1843 imperatores

2227 1850 2432 1916 colunt,
2466 1850 2783 1925 illorumque
2808 1865 2955 1911 metu
2988 1859 3425 1917 simulaerissuis
3462 1864 3708 1934 assident,
3731 1867 3792 1922 ita

2225 1948 2284 1994 ut
2307 1941 2523 2011 maligni
2543 1943 2817 2000 daemones
2837 1945 3251 2016 imperatoribus
3273 1951 3374 2007 sibi
3400 1954 3580 2009 collati
3601 1955 3792 2011 honoris

2221 2032 2450 2100 gratiam
2481 2033 2732 2089 habeant.
2779 2036 2963 2108 itaque
2987 2022 3075 2094 ubi
3100 2042 3360 2112 contingit
3382 2047 3677 2115 quempiam
3701 2045 3792 2101 im-

2221 2133 2521 2191 peratorem
2550 2126 2739 2191 creari,
2768 2128 2859 2197 qui
2888 2143 3009 2184 cum
3037 2130 3143 2209 illis
3170 2131 3430 2203 religione
3459 2151 3564 2190 non
3591 2150 3793 2191 consen-

2225 2214 2344 2280 tiat,
2376 2215 2419 2270 si
2449 2216 2573 2286 quis
2613 2218 2877 2274 idolorum
2924 2223 3118 2293 templa
3162 2223 3527 2295 ingrediatur,
3555 2228 3606 2282 in
3645 2229 3790 2283 muris

2217 2310 2417 2377 passim
2462 2308 2661 2366 videbit
2705 2322 2956 2370 extensas
3002 2308 3327 2374 aranearum
3362 2322 3520 2389 telas,
3566 2329 3791 2392 tantoque

2218 2401 2436 2470 pulvere
2459 2417 2805 2474 conspersam
2833 2415 3084 2476 statuam,
3130 2418 3189 2464 ut
3228 2426 3401 2482 neque
3429 2428 3613 2479 nasus,
3637 2427 3789 2483 neque

2222 2496 2431 2565 oculus,
2458 2512 2630 2568 neque
2658 2499 2759 2554 alia
2788 2502 2992 2571 qumvis
3016 2516 3142 2573 pars
3168 2504 3347 2560 vultus
3375 2515 3645 2576 appareat,
3670 2506 3787 2560 alta-

2217 2589 2358 2645 rium
2384 2605 2515 2647 vero
2539 2591 2777 2663 reliquis:
2807 2593 3003 2662 solum,
3046 2595 3234 2667 majori
3261 2596 3489 2668 abrupta
3519 2608 3679 2668 parte,
3705 2613 3785 2652 sa-

2213 2691 2456 2751 persunt,
2493 2691 2549 2738 et
2573 2684 2771 2755 alioqui
2802 2694 2908 2741 tam
2932 2686 3097 2743 densa
3130 2689 3362 2759 undique
3386 2690 3555 2747 herba
3579 2692 3785 2746 cireum-

2211 2774 2335 2830 data
2366 2785 2511 2842 sunt,
2543 2785 2602 2832 ut
2630 2779 2719 2848 qui
2764 2779 2955 2835 altaria
2982 2795 3103 2837 esse
3134 2782 3359 2851 ignoret,
3391 2798 3640 2839 acervum

2209 2867 2417 2937 quilinii
2461 2882 2585 2924 esse
2632 2879 2798 2939 putet.
2852 2871 3021 2942 Hujus
3060 2873 3137 2927 rei
3165 2888 3323 2929 causa
3348 2885 3455 2941 est,
3499 2877 3637 2946 quod
3672 2876 3783 2930 olim

2208 2957 2314 3012 illis
2341 2957 2533 3014 liceret
2558 2974 2911 3031 quazcumque
2939 2962 3138 3018 vellent
3177 2962 3424 3020 sufiurari
3473 2976 3531 3021 et
3571 2982 3662 3036 per
3686 2974 3782 3020 sta-

2206 3057 2416 3105 tuarum
2446 3051 2648 3106 cultum
2678 3054 2850 3109 ventri
2893 3053 3171 3126 indulgere
3197 3073 3210 3110 :
3241 3070 3383 3111 nunc
3424 3066 3607 3113 autem
3641 3070 3781 3127 quam

2202 3140 2274 3197 ob
2294 3156 2507 3197 causam
2534 3157 2654 3199 sese
2671 3144 3066 3200 crueiaverintl
3091 3146 3401 3203 Assidentes
3418 3150 3568 3203 enim
3588 3162 3649 3203 ac
3671 3160 3777 3202 sese

2203 3230 2548 3290 conficientes
2586 3234 2787 3290 abillis
2811 3251 2879 3291 ne
2918 3236 3197 3292 minimum
3222 3237 3433 3308 quidem
3469 3239 3671 3310 praemii
3697 3252 3781 3292 ex-

2202 3333 2447 3396 spectant
2475 3344 2489 3381 :
2519 3335 2644 3382 sunt
2683 3328 2835 3383 enim
2872 3329 3016 3399 ligna
3063 3341 3118 3385 et
3160 3330 3406 3401 lapides:
3436 3333 3582 3403 quod
3621 3340 3780 3386 autem

2201 3416 2323 3472 illos
2349 3417 2416 3473 ad
2445 3414 2799 3476 siinuiandum
2837 3422 3036 3477 cultum
3078 3422 3299 3492 inducit,
3327 3433 3410 3480 est
3439 3424 3614 3481 honor
3638 3436 3778 3494 quem

2199 3508 2304 3565 illis
2347 3510 2602 3567 exhibent
2649 3511 3048 3583 Imperatores;
3091 3529 3281 3570 verum
3319 3523 3374 3571 et
3420 3516 3517 3572 ille
3558 3515 3779 3571 sublatus

2198 3608 2316 3668 est,
2345 3602 2558 3672 quando
2586 3602 2939 3675 imperatores
2966 3604 3214 3676 sapiunt,
3256 3613 3311 3662 et
3336 3606 3430 3662 Dei
3476 3607 3668 3664 Filium
3691 3603 3778 3658 ad-

2197 3700 2376 3747 orant.

2267 3784 2323 3839 8.
2352 3783 2457 3839 Res
2481 3784 2885 3841 Christianorum
2908 3787 2962 3842 in
2988 3788 3374 3860 persequutione
3395 3789 3583 3859 orent
3610 3787 3775 3858 magis.

2193 3905 2267 3917 -
2286 3877 2354 3931 At
2380 3884 2563 3932 nostra
2592 3892 2696 3932 non
2727 3878 2828 3934 hoc
2849 3894 2909 3935 se
2942 3879 3146 3935 habent
3166 3878 3347 3945 modo,
3368 3879 3464 3935 sed
3493 3881 3646 3951 plane
3662 3893 3778 3933 cou-

2194 3969 2378 4025 trario.
2396 3966 2530 4024 Cum
2556 3971 2698 4026 enim
2725 3972 2844 4042 quis
2868 3972 3126 4043 religione
3151 3972 3428 4028 nobiscum
3447 3970 3777 4029 consentiens

2194 4060 2596 4129 imperatorium
2642 4060 2754 4116 adit
2798 4061 3072 4130 thronum,
3101 4062 3528 4119 Christianorum
3575 4076 3660 4117 res
3699 4074 3777 4114 se-

2192 4151 2406 4220 gniores
2434 4150 2672 4205 evadunt
2703 4168 2719 4206 :
2750 4159 2957 4208 tantum
2978 4152 3131 4208 abest
3151 4160 3208 4207 ut
3228 4151 3477 4207 humanis
3501 4150 3775 4209 honoribus

2193 4241 2504 4311 erigantur;
2535 4256 2657 4296 cum
2700 4250 2879 4298 autem
2908 4243 3030 4313 quis
3060 4242 3256 4314 impius
3285 4243 3439 4299 nobis
3476 4244 3630 4314 plane
3655 4241 3776 4298 infe-

2191 4343 2308 4388 stus
2333 4334 2733 4403 innumerisque
2757 4349 2856 4390 nos
2877 4336 3030 4391 malis
3049 4336 3288 4391 afficiens
3314 4335 3595 4405 imperium
3620 4339 3770 4397 tenet,

2191 4435 2319 4481 tunc
2363 4427 2555 4481 florent
2582 4434 2762 4481 nostra
2801 4441 2865 4483 ac
2900 4428 3261 4498 splendidiora
3299 4428 3629 4492 efciuntur,
3661 4437 3772 4480 tunc

2191 4517 2533 4587 pratmiorum
2559 4527 2615 4573 et
2635 4525 2958 4588 tropaeorum
3002 4527 3234 4592 tempus,
3263 4529 3388 4574 tunc
3422 4532 3734 4575 coronarum
3753 4555 3769 4579 ,

2190 4609 2598 4680 prmconiorum,
2622 4625 2685 4665 ac
2700 4610 3027 4666 fortitudinis
3046 4610 3363 4667 exhibenda:
3376 4613 3609 4667 occasio.
3630 4606 3772 4676 Quod

2189 4706 2232 4759 si
2260 4703 2382 4773 quis
2411 4701 2555 4758 dicat
2596 4703 2756 4758 etiam
2788 4719 2930 4759 nunc
2973 4718 3257 4774 superesse
3298 4703 3457 4759 urbes
3493 4717 3613 4774 qua:
3640 4702 3771 4757 circa

2189 4795 2453 4848 idolorum
2498 4794 2757 4849 insaniam
2803 4810 2986 4864 parem
3030 4794 3284 4851 exhibent
3324 4795 3564 4860 cultum,
3611 4793 3771 4863 primo

2188 4883 2405 4951 quidem
2447 4899 2644 4953 paucas
2672 4885 2992 4950 numerabit,
3024 4895 3392 4940 verumtamen
3430 4901 3496 4941 ue
3537 4884 3636 4939 hac
3659 4882 3768 4953 qui-

2188 4975 2309 5033 dem
2341 4978 2551 5032 ratione
2575 4977 2754 5033 verbis
2781 4977 2915 5032 meis
2941 4977 3144 5032 officiet
3176 4995 3190 5031 :
3222 4986 3402 5033 manet
3425 4977 3567 5032 enim
3592 4974 3767 5031 eadem

2189 5069 2520 5138 hypothesis,
2550 5083 2614 5122 ac
2639 5082 2736 5138 pro
2761 5067 3087 5139 imperatore
3125 5069 3270 5123 cives
3299 5068 3515 5133 habent,
3547 5067 3636 5136 qui
3682 5081 3767 5135 pa-

2188 5177 2303 5217 rem
2331 5162 2435 5216 illis
2457 5170 2710 5231 praestent
2736 5161 3015 5216 honorem.
3038 5162 3213 5232 Atque
3233 5162 3386 5228 hujus
3409 5160 3583 5215 cultus
3603 5170 3768 5212 causa:

2188 5261 2314 5309 sunt
2341 5254 2571 5323 crapulae
2615 5260 2673 5308 et
2709 5251 3128 5309 comessationes
3173 5263 3282 5307 tum
3311 5252 3512 5306 diurnae
3540 5259 3647 5303 tum
3677 5260 3768 5299 uo-

2188 5355 2413 5410 cturnte,
2461 5345 2622 5410 tibiae,
2656 5355 2929 5415 tympana,
2958 5344 3176 5398 libertas
3216 5339 3671 5413 impudentissime
3699 5337 3768 5389 lu-

2187 5435 2383 5506 quendi
2411 5435 2605 5505 turpia,
2633 5435 2828 5505 agendi
2856 5435 3113 5504 turpiora,
3136 5448 3253 5489 sese
3269 5434 3402 5487 cibis
3424 5423 3767 5501 ingurgitamli

2187 5528 2359 5583 donec
2405 5527 2778 5597 dirumpantur
2827 5542 2937 5596 prce
2979 5526 3256 5591 ebrietate,
3299 5519 3680 5581 debacchandi,
3719 5526 3766 5568 et

2189 5618 2241 5673 in
2290 5617 2641 5673 foedissimam
2685 5617 2944 5671 insaniam
2998 5616 3279 5672 delabendi
3330 5632 3343 5670 :
3387 5614 3438 5668 hi
3487 5604 3765 5679 turpissimi

2188 5718 2428 5777 sumptus
2466 5708 2575 5777 jam
2614 5708 2879 5762 labentem
2924 5724 3161 5762 errorem
3211 5707 3452 5762 detinent
3488 5712 3539 5758 et
3566 5702 3763 5768 foveat-

2188 5799 2567 5871 Opuleutiores
2610 5798 2754 5854 enim
2799 5813 2894 5854 eos
2936 5799 3024 5869 qui
3072 5799 3141 5855 ob
3189 5798 3447 5875 ignaviam
3471 5793 3611 5850 fame
3635 5806 3788 5885 per-l
