4032 6444
237 399 352 462 5.53
906 363 933 402 ⁸

302 518 364 581 3.".
388 521 622 594 Τοιαύτη
643 518 919 592 γάρὴ-τοῦ
957 518 1194 590 Χριστοῦ
1245 520 1436 592 σοφία,
1490 523 1627 596 μήτε
1676 523 1909 588 ἐλλιπῶς

234 610 380 681 μήτε
417 609 687 680 περιττῶς
731 605 1096 676 ἀγωνίζεσθαι
1148 599 1538 682 συγχωροῦσα,
1584 612 1721 667 ἀλλά
1772 629 1910 665 παν-

230 696 404 767 ταχοῦ
439 697 537 767 τὴν
577 694 916 768 συμμετρίαν
947 695 1308 764 φυλάττουσα.
1347 698 1535 752 Καίτοι
1577 717 1638 768 γε
1665 699 1794 771 ἐνῆν
1836 698 1914 754 εῖ-

231 801 344 855 περ
376 783 626 836 ἐϐούλετο
657 784 750 836 καὶ
781 783 1088 855 περαιτέρω
1117 783 1420 855 προελθεῖν.
1451 787 1494 838 Τ
1498 785 1542 856 ᾠ
1573 787 1682 856 γάρ
1704 788 1910 854 ἀπαγο-

232 872 493 942 ρεύσαντι
532 872 591 924 τὸ
644 869 744 942 ζῇν
771 884 796 911 ιι
847 871 978 941 (οὐδ’
1021 870 1088 924 ἂν
1129 873 1229 942 τὴν
1273 873 1448 942 ἀρχὴν
1499 873 1822 944 προσῆλθεν,
1862 875 1910 926 εἰ

233 960 312 1030 μὴ
356 958 618 1022 τοιούτοις
667 959 830 1012 αὐτὸν
885 959 1091 1013 ὥπλισε
1147 959 1444 1031 λογισμοῖς)
1501 961 1619 1031 μετ’
1663 960 1910 1026 ἐξουσίας

229 1049 452 1102 ἅπαντα
482 1047 742 1120 πράττειν
770 1047 918 1115 ἐξῆν,
947 1048 1042 1101 καὶ
1071 1047 1262 1118 ὕϐρεσι
1308 1048 1501 1101 πλῦναι
1529 1049 1620 1102 τὸν
1652 1047 1905 1118 βασιλέα,

230 1138 329 1190 καὶ
355 1136 416 1188 τὸ
443 1135 680 1206 διάδημα
726 1134 972 1188 καθελεῖν
1013 1135 1113 1206 τῆς
1149 1135 1408 1204 κεφαλῆς,
1440 1135 1534 1188 καὶ
1583 1134 1796 1203 πληγάς
1831 1137 1910 1199 είς

228 1226 291 1277 τὸ
336 1225 625 1294 πρόσωπον
671 1225 938 1289 ἐντείναι,
983 1224 1072 1276 ὅτε
1107 1223 1204 1295 τὴν
1254 1223 1434 1290 δεξιάν
1482 1226 1561 1287 είς
1606 1225 1667 1277 τὸ
1716 1223 1909 1294 στῆθος

227 1313 556 1386 ἀπήρεισεν.
596 1311 734 1364 Ἀλλ’
773 1311 924 1365 οὐδὲν
953 1311 1157 1365 τούτων
1204 1313 1428 1384 ἐποίησε
1449 1329 1463 1342 ·
1500 1309 1580 1382 τῷ
1612 1311 1721 1382 γάρ
1751 1311 1908 1364 ἀλατι

226 1399 309 1470 τῷ
346 1398 700 1469 πνευματικῷ
727 1400 824 1470 τὴν
853 1398 1029 1470 ψυχὴν
1071 1398 1375 1470 ἠρτυμένος
1407 1394 1474 1470 ἦν
1495 1416 1507 1428 ·
1546 1399 1613 1450 δι’
1646 1400 1782 1470 ὅπερ
1815 1399 1905 1450 οὐ-

225 1487 317 1538 δὲν
349 1487 619 1558 ἔπραττεν
656 1487 778 1556 εἰκῆ
812 1487 906 1540 καὶ
943 1487 1140 1557 μάτην,
1183 1486 1316 1540 ἀλλά
1365 1487 1544 1540 πάντα
1587 1485 1767 1557 κρίσει
1816 1485 1906 1538 λο-

226 1576 445 1645 γισμῶν
488 1574 644 1647 ὀρθῇ,
675 1577 769 1628 καὶ
805 1577 944 1645 μετά
976 1574 1366 1637 καταστάσεως
1395 1573 1608 1644 ὑγιοῦς·
1639 1575 1698 1627 οὑ
1727 1573 1906 1627 καθά-

223 1680 337 1736 περ
377 1667 428 1716 οἰ
476 1663 606 1734 παρτ
639 1662 863 1732 Ἕλλησι
912 1663 1088 1731 σοφοὶ,
1129 1661 1178 1714 οἳ
1231 1662 1560 1732 συμμέτρως
1615 1661 1715 1732 μὲν
1759 1661 1908 1714 οὐδέ-

223 1768 380 1814 ποτε,
425 1739 703 1820 πανταχοῦ
734 1750 810 1813 δὲ,
861 1749 937 1812 ὡς
969 1751 1164 1816 εἰπεῖν,
1197 1748 1229 1818 ἢ
1275 1748 1436 1801 πλέον
1484 1749 1517 1818 ἢ
1559 1747 1780 1802 έλαττον
1811 1747 1905 1801 τοῦ

220 1838 442 1909 δέοντος
464 1838 489 1876 b
527 1836 1019 1908 παρρησιάζονται,
1063 1835 1150 1890 ῖνα
1201 1835 1454 1908 ἀνδρείας
1489 1835 1605 1906 ’μὲν
1641 1832 1903 1906 οὐδαμοῦ,

223 1927 423 1979 παθῶν
465 1927 522 1979 δὲ
556 1926 856 1993 ἀλογίστων
904 1924 1063 1991 δόξαν
1113 1923 1325 1978 λάϐωσι
1371 1922 1673 1994 πανταχοῦ,
1723 1923 1782 1978 ἐν
1823 1917 1904 1988 οἷς

225 2017 328 2086 μὲν
359 2015 693 2086 ὑστέρησαν,
727 2013 948 2078 δειλίας,
991 2016 1051 2067 ἐν
1087 2007 1169 2077 οἷς
1202 2013 1261 2066 δὲ
1311 2011 1682 2082 ὑπερέϐησαν,
1715 2011 1904 2076 ἀλαζος

220 2104 372 2168 νείας
399 2105 493 2157 καὶ
512 2101 982 2174 φιλοδοξίας[547]
1003 2101 1156 2173 παρὰ
1179 2102 1347 2155 πᾶσιν
1363 2100 1728 2171 ἁλισκόμενοι.
1765 2100 1905 2153 Ἀλλ’
1950 2126 1957 2135 -

215 2193 320 2262 οὐχ
363 2195 392 2244 6
445 2190 714 2262 μακάριος
769 2190 1011 2253 ἐκεῖνος·
1059 2189 1122 2242 οὐ
1175 2187 1285 2261 γάρ
1336 2187 1524 2251 ἁπλῶς
1575 2187 1639 2240 τὸ
1680 2186 1907 2242 ἐπελθὸν

217 2279 517 2350 ἱπραττεν,
561 2276 701 2331 ἀλλά
750 2277 931 2331 πάντα
978 2275 1290 2346 βασανίζων
1321 2274 1590 2347 ἀκριϐῶς,
1647 2275 1735 2330 καί
1773 2275 1908 2346 πρὸς

220 2368 350 2429 τοὺς
380 2366 557 2430 θείους
598 2365 800 2436 νόμους
833 2366 958 2428 τοὺς
990 2363 1290 2434 λογισμοὺς
1332 2362 1592 2436 ἁρμόζων
1621 2365 1748 2426 τοὺς
1782 2365 1908 2416 ἐαυ-

218 2456 342 2518 τοῦ,
367 2451 541 2516 οῦτως
572 2453 664 2506 ἐπὶΙ
689 2453 750 2505 τὸ
781 2451 1046 2524 πράττειν
1075 2451 1345 2523 ἐξήγαγεν
1377 2449 1596 2514 αὐτούς.
1623 2452 1719 2504 Διά
1748 2451 1907 2505 τοῦτο

219 2545 317 2598 καὶ
355 2543 453 2613 τὴν
482 2541 655 2613 τομὴν
680 2539 803 2595 οὐτε
832 2541 1154 2594 ἐπιπόλαιον
1189 2540 1415 2605 ἔδωκεν,
1444 2539 1586 2593 ὥστε
1624 2539 1700 2611 μὴ
1738 2539 1900 2592 πλέον

214 2628 314 2682 τοῦ
359 2628 712 2701 νενοσηκότος
758 2630 1110 2700 ἐναπομεῖναι
1161 2629 1358 2700 μέρος,
1401 2625 1526 2681 οὔτε
1601 2625 1904 2698 βαθυτέραν

214 2714 311 2768 τοῦ
351 2715 580 2780 δέοντος,
626 2713 768 2768 ὥστε
806 2715 880 2786 μὴ
921 2714 998 2786 τῷ
1033 2713 1277 2786 περιττῴ
1308 2715 1408 2784 τῆς
1453 2713 1669 2784 πληγῆς
1718 2711 1899 2784 λυμή-

215 2800 415 2854 νασθαι
451 2802 550 2873 τὴν
585 2801 796 2870 ὑγίειαν
835 2801 1017 2868 πάλιν,
1065 2800 1205 2854 ἀλλά
1247 2802 1641 2872 συμμετρήσας
1689 2796 1768 2868 τῷ
1817 2815 1903 2850 νο-

217 2893 425 2961 σήματι
460 2890 559 2960 τὴν
610 2888 840 2960 πληγὴν,
873 2887 1018 2942 οὕτω
1061 2890 1160 2958 τὴν
1195 2887 1428 2958 ἀρίστην
1481 2885 1726 2955 ἰατρείαν
1783 2886 1900 2957 εἰρ-

215 2981 445 3045 γάσατο.
484 2974 766 3029 Ἐντεῦθεν
803 2976 965 3029 αὑτὸν
1003 2977 1100 3029 καὶ
1147 2973 1346 3045 θυμοῦ,
1399 2975 1494 3028 καί
1541 2973 1767 3040 δειλίας,
1800 2974 1897 3028 καὶ

217 3065 564 3131 ἀλαζονείας,
601 3064 696 3118 καὶ
743 3063 1097 3136 δοξομανίας,
1139 3063 1235 3117 καὶ
1278 3061 1611 3133 ἀπεχθείας,
1659 3063 1756 3117 καὶ
1802 3062 1897 3130 φό-

219 3154 350 3220 ϐων,
402 3154 499 3206 καὶ
554 3152 844 3216 κολακείας
918 3149 1268 3223 θαρρούντως
1327 3149 1701 3222 ἀπεφηνάμην
1754 3143 1894 3203 εἶναι

216 3245 480 3316 καθαρόν.
1799 3232 1808 3240 ’

285 3334 350 3386 EE
390 3332 448 3386 δὲ
489 3333 570 3386 δεῖ
596 3349 650 3384 τι
693 3331 789 3384 καί
837 3326 1142 3401 παράδοξον
1188 3329 1384 3393 εἰπεῖν,
1434 3329 1534 3398 οὐχ
1583 3326 1726 3381 οῦτω
1759 3327 1892 3380 θαυ-

217 3420 378 3491 μάζω
421 3420 516 3473 τοῦ
569 3418 842 3490 μακαρίου
891 3418 952 3470 τὸ
992 3417 1407 3487 κατατολμῆσαι
1454 3415 1557 3485 τῆς
1605 3415 1700 3468 τοῦ
1753 3431 1892 3486 κρα-

210 3508 436 3570 τοῦντος
470 3509 689 3578 μανίας,
713 3505 790 3570 ὡς
818 3505 880 3558 τὸ
914 3505 1145 3558 συνιδεῖν
1171 3504 1332 3575 μέχρι
1361 3503 1505 3566 τίνος
1536 3502 1697 3555 τοῦτο
1737 3503 1895 3573 ποιῆ-

214 3614 308 3649 σαι
341 3595 530 3667 ἐχρῆν,
581 3596 678 3648 καί⁸
723 3593 889 3664 μηδὲν
941 3591 1254 3662 περαιτέρω
1295 3592 1431 3663 μήτε
1480 3589 1714 3662 πρᾶξαι,
1756 3594 1892 3662 μήτε

212 3685 412 3737 εἰπεῖν.
455 3684 566 3737 Καὶ
595 3684 678 3735 δτι
711 3681 868 3735 τοῦτο
913 3680 1118 3734 ἐκείνου
1153 3679 1614 3751 θαυμαστότερον,
1660 3679 1889 3744 πολλοὺς

217 3772 287 3826 ἂν
321 3771 470 3842 εὖροι
499 3788 584 3834 τις
613 3769 805 3822 τούτου
842 3770 940 3840 μὲν
983 3771 1426 3840 περιγεγονότας,
1471 3769 1563 3821 ὑπ’
1590 3769 1801 3822 ἐκείνου
1835 3769 1894 3822 δέ

212 3860 582 3932 ἡττηθέντας·
625 3859 686 3911 τὸ
723 3857 819 3928 μὲν
855 3857 965 3927 γάρ
1004 3857 1190 3922 ἁπλῶς
1245 3858 1765 3929 παρρησιάσασθαι,
1801 3857 1895 3912 καὶ

212 3949 324 4002 τῶν
361 3947 632 4019 τυχόντων
667 3944 927 4008 πολλάκις
973 3945 1110 4005 ἐστὶ,
1142 3945 1202 3998 τὸ
1233 3945 1290 3997 δέ
1318 3945 1398 4008 εἰς
1446 3944 1562 3999 δέον
1596 3946 1690 3998 καὶ
1719 3945 1897 4018 καιρῷ

213 4037 292 4107 τῷ
328 4038 676 4108 προσήκοντι,
708 4034 804 4088 καὶ
852 4033 992 4104 μετά
1017 4033 1117 4101 τῆς
1147 4030 1497 4105 ἁρμοζούσης
1556 4033 1896 4104 συμμετρίας

217 4129 312 4179 καὶ
355 4126 624 4188 συνέσεως
670 4123 748 4193 τῷ
798 4124 1086 4193 πράγματι
1133 4121 1463 4194 χρήσασθαι,
1503 4122 1746 4193 μεγάλης
1775 4124 1896 4177 λίαν

216 4217 310 4267 καὶ
340 4213 662 4284 θαυμαστῆς
707 4212 878 4265 δεῖται
928 4211 1138 4282 ψυχῆς·
1187 4212 1310 4263 ἐπεὶ
1354 4211 1448 4264 καὶ
1488 4211 1578 4264 τὸν
1629 4213 1896 4284 μακάριον

213 4300 402 4361 Δαυῒδ,
439 4299 578 4372 μετά
607 4299 812 4368 πολλῆς
859 4298 954 4369 τῆς
987 4297 1234 4362 ἐξουσίας
1266 4296 1487 4369 ῦϐρισεν
1515 4299 1542 4350 6
1582 4297 1766 4370 Σεμεῒ,
1800 4301 1897 4353 καί

212 4390 385 4460 ἀνδρα
421 4389 668 4459 αἱμάτων
713 4386 1008 4440 ἐκάλεσεν·
1059 4385 1172 4439 ἀλλ’
1203 4387 1303 4440 οὐκ
1353 4386 1420 4439 ἂν
1471 4386 1683 4457 εἴποιμι
1738 4387 1897 4442 τοῦτο

211 4477 530 4551 παρρησίαν
574 4475 706 4544 ἐγὼ,
760 4475 897 4530 ἀλλά
935 4472 1184 4545 γλώττης
1229 4473 1525 4528 ἀκολασίαν
1565 4475 1657 4527 καὶ
1689 4475 1893 4546 θρασύ-

214 4577 356 4631 τητα
377 4565 637 4630 διανοίας,
669 4565 763 4617 καὶ
791 4563 1126 4631 ἀναγωγίαν,
1158 4562 1252 4616 καὶ
1281 4562 1562 4628 ἀπόνοιαν,
1591 4561 1686 4616 καὶ
1718 4563 1898 4618 πάντα

215 4647 424 4719 μᾶλλον
454 4653 492 4718 ἢ
530 4651 864 4725 παρρησίαν.
893 4653 986 4703 Δεῖ
1014 4649 1145 4721 γὰρ,
1188 4645 1364 4719 οἶμαι,
1395 4649 1488 4704 τὸν
1533 4650 1794 4721 μέλλοντα
1821 4647 1898 4704 εἴ·

213 4753 308 4791 ναι
355 4735 688 4804 ἐλεγκτικὸν,
735 4739 1074 4811 θρασύτητος
1119 4738 1354 4810 μάλιστα
1394 4739 1486 4792 καὶ
1522 4739 1777 4803 ἀπονοίας
1822 4740 1898 4806 ὼς

215 4823 560 4894 πορρωτάτω
601 4823 701 4896 τὴν
733 4826 928 4880 ἐαυτοῦ
959 4825 1136 4897 ψυχὴν
1178 4827 1508 4894 ἀπαγαγεῖν,
1550 4827 1643 4878 καί
1675 4826 1735 4880 τὸ
1771 4826 1900 4897 δραι

217 4911 438 4982 πήριον
479 4915 537 4966 ἐν
569 4915 636 4984 τῇ
677 4913 836 4982 φύσει
861 4914 970 4968 τῶν
997 4914 1258 4986 ῥημάτων
1293 4914 1387 4966 καὶ
1419 4913 1525 4966 τῶν
1558 4915 1897 4985 πραγμάτων

217 4997 618 5051 ἐπιδείκνυσθαι
686 5002 869 5072 μόνον,
918 5003 1030 5056 Καὶ
1079 5000 1188 5073 γάρ
1240 4999 1442 5073 ἰατρῶν
1494 5001 1715 5068 παῖδες,
1770 5003 1897 5057 ὅταν

213 5087 433 5157 τέμνειν
481 5084 550 5138 τά
595 5090 868 5154 σεσηπότα
914 5090 1011 5162 δέη
1052 5090 1162 5143 τῶν
1198 5089 1394 5160 μελῶν,
1438 5089 1471 5161 ἢ
1510 5089 1578 5143 τὰ
1625 5089 1894 5162 φλεγμαί-

213 5192 376 5228 νοντα
415 5171 840 5238 καταστέλλειν,
889 5172 990 5225 οὐκ
1039 5179 1206 5245 ὀργῆς
1264 5179 1527 5249 πρότερον
1572 5177 1897 5247 γεμίσαντες

213 5263 464 5326 ἐαυτοὺς,
507 5259 678 5325 οὕτως
731 5259 824 5313 ἐπὶ
860 5259 958 5330 τὴν
1001 5260 1242 5332 ἰατρείαν
1283 5265 1558 5333 ἔρχονται,
1609 5265 1744 5317 ἀλλά
1775 5265 1894 5318 τότε

217 5345 456 5418 μάλιστα
505 5346 562 5398 ἐν
613 5343 949 5398 καταστάσει
1000 5347 1068 5415 τῇ
1124 5346 1476 5420 προσηκούσῃ
1532 5347 1893 5412 σπουδάζουσι

213 5430 505 5500 φυλάττειν
545 5429 636 5484 τὸν
679 5429 960 5500 λογισμὸν,
993 5427 1133 5482 ὥστε
1167 5429 1242 5500 μὴ
1268 5433 1334 5501 τῇ
1361 5431 1526 5502 τέχνῃ
1553 5431 1893 5504 λυμήνασθαι

210 5511 316 5582 τὴν
349 5511 558 5565 ἐκείνου
588 5514 857 5584 ταραχήν.
889 5513 951 5565 Εἰ
982 5511 1038 5565 δέ
1083 5511 1245 5584 σῶμά
1281 5529 1363 5575 τις
1404 5512 1728 5585 θεραπεύειν
1767 5515 1894 5586 μέλ-

279 5618 309 5683 F
341 5616 516 5683 MoreL
543 5619 700 5683 καίτοι
719 5635 770 5680 γε
790 5619 914 5683 ἐνῆν,
933 5619 1064 5683 εἴπερ
1087 5617 1324 5683 ἐϐούλετο,
1345 5617 1426 5665 καὶ
1446 5617 1708 5683 περαιτέρω
1727 5621 1891 5683 προελο

212 5681 329 5744 θεῖν·
351 5683 420 5742 τῷ
446 5681 536 5744 γὰρ
564 5679 1019 5744 ἀπαγορεύσαντι-τὸ
1043 5679 1147 5744 ζῇν.
1180 5681 1299 5740 Reg.
1329 5692 1469 5744 unus_
1482 5679 1703 5744 ἐϐούλετο
1723 5679 1891 5744 περαι-

211 5739 611 5809 τέρω-πρὲοελθεῖνῙ
774 5743 880 5809 γάρ.
925 5742 1030 5809 Μρι
1061 5739 1183 5809 Βεε.
1208 5739 1334 5809 ιιῐὶυξ
1365 5739 1703 5809 ςιὸανίί.τῂν
1742 5739 1888 5809 ἀρχὴν

210 5802 450 5922 προελθεῖν
474 5805 742 5876 ἐπῆλθενηεί
759 5802 1081 5880 μὴ’τοιούτοις
1103 5803 1266 5875 ἑαυτὸν
1292 5804 1473 5850 ὥπλισε
1493 5803 1597 5875 λογ.
1624 5802 1738 5864 Heg.
1764 5802 1890 5876 ἑίῐιιε

272 5882 299 5912 ν
321 5865 470 5922 ἀρχὴν
491 5867 731 5922 προελθειν
754 5883 831 5922 ην,
867 5866 965 5914 οὐδ’
987 5866 1026 5913 εἰ
1051 5866 1114 5922 μὴ
1125 5880 1358 5919 τοιουτοις
1376 5865 1558 5911 έαυτον.
1586 5864 1710 5914 Infra
1734 5867 1882 5915 Sawl.

272 5882 299 5912 ν
321 5865 470 5929 ἀρχὴν
491 5866 731 5928 προελθεῖν
750 5864 831 5929 ἦν,
867 5866 965 5914 οὐδ’
987 5866 1026 5913 εἰ
1051 5866 1114 5926 μὴ
1125 5864 1358 5919 τοιούτοις
1376 5864 1558 5911 ἑαυτόν.
1586 5864 1710 5914 Infra
1734 5867 1882 5915 Savil.

209 5928 410 5988 etiunus
440 5929 551 5978 cod.
570 5928 782 5988 καθελεῖν
816 5929 869 5975 ἐκ
890 5934 974 5984 τῆς
1003 5943 1107 5988 κεφ.

273 5987 306 6027 δ
342 5989 476 6038 Unus
507 5986 594 6038 τοῦ
619 5990 812 6052 εἰκότος.
841 5989 994 6037 Paulo
1015 5985 1124 6050 ροει
1147 5985 1296 6037 Savil.
1329 5991 1380 6034 el
1420 5998 1546 6036 unus
1567 5986 1752 6052 Regius
1774 5989 1860 6036 ἀ)υ

209 6049 387 6116 γίστων
411 6051 701 6115 (ἀλόγιστον)
722 6051 874 6106 δόξαν.

587 6141 860 6200 ΡΑτιιοι..
894 6135 1013 6197 Gn.
1063 6137 1132 6202 L.

1059 413 1157 467 ,ΟΕ
1198 414 1254 466 S.
1297 409 1593 476 BABYLA,
1624 404 1900 465 CONTRA
1931 405 2279 468 IULIANUM
2315 411 2403 467 ET
2460 413 2821 472 GENTlLES.

3600 421 3702 479 ’.ἱὖεῦ

2023 523 2133 579 λων
2173 525 2446 598 τοσαύτης
2487 527 2658 582 δεῖται
2707 527 2986 599 γαλήνης,
3027 528 3118 584 τὸν
3169 529 3347 602 ψυχάς
3388 530 3701 605 ἰατρεύοντα

2023 607 2128 662 ποῦ
2160 610 2419 679 τάξομεν,
2453 611 2574 664 εἰπέ
2618 629 2731 682 μοι,
2788 611 2884 664 καὶ
2930 610 3106 683 πόσην
3135 615 3513 686 ἀπαιτήσομεν
3551 617 3701 686 φιλο-

2023 692 2247 761 σοφίαν;
2293 693 2480 764 Πολλῷ
2519 695 2740 765 μείζονα
2784 695 2942 766 δῆλον
2975 697 3078 763 ὅτι,
3119 699 3215 752 καὶ
3246 699 3537 770 τοσαύτην,
3567 702 3702 772 ὅσην

2020 777 2048 828 ὀ
2077 777 2281 845 ἀγαθὸς
2310 779 2518 842 ἐκεῖνος
2549 779 2862 846 ἐπεδείξατο
2893 781 3124 854 μάρτυς.
3156 783 3424 856 Καθάπερ
3469 785 3578 856 γάρ
3619 803 3703 839 τι-

2020 877 2116 924 νας
2155 861 2316 932 ὅρους
2356 861 2448 915 καὶ
2491 863 2722 927 κανόνας
2771 865 2904 935 ἡμῖν
2949 866 3140 930 τιθεὶς,
3182 867 3249 920 ἵν’
3278 868 3338 932 ἐξ
3370 869 3597 921 ἐκείνων
3627 868 3698 922 τά

2022 944 2216 1016 μέτρα,
2252 947 2346 1000 καὶ
2374 947 2468 1001 ἐπὶ
2496 947 2603 1000 τῶν
2632 947 2838 1000 λοιπῶν
2872 947 3012 1001 κατὰ
3048 949 3146 1020 τὴν
3176 949 3464 1019 ἀναλογίαν
3493 950 3704 1021 λαμϐά-

2017 1045 2221 1097 νωμεν,
2254 1027 2398 1083 οὑτω
2431 1029 2521 1084 τὸν
2549 1029 2784 1084 δείλαιον
2815 1028 3022 1083 ἐκεῖνον
3050 1031 3160 1085 ἀπὸ
3201 1031 3311 1086 τῶν
3346 1032 3508 1104 ἱερῶν
3545 1050 3702 1105 περι-

2019 1109 2190 1164 ϐόλων
2218 1111 2494 1166 ἀπώσατο.
2531 1115 2639 1168 Καὶ
2675 1113 2826 1167 δοκεῖ
2852 1115 2951 1184 μὲν
2985 1115 3046 1168 ἒν
3081 1117 3417 1189 κατόρθωμα
3451 1114 3590 1170 εἶναι
3634 1116 3698 1169 τὸ

2016 1193 2271 1263 γεγονὸς,
2317 1198 2365 1249 εἰ
2411 1196 2468 1250 δέ
2511 1213 2595 1261 τις
2660 1197 2792 1250 αὐτὸ
2844 1199 3196 1270 διασκέψαιτο
3233 1199 3338 1256 καὶ
3386 1198 3701 1264 ἀναπτύξας

2016 1277 2281 1332 πάντοθεν
2333 1281 2753 1334 κατοπτεύσειεν
2800 1282 3083 1353 ἀκριϐῶς,
3134 1285 3229 1338 καὶ
3276 1283 3552 1355 δεύτερον,
3603 1283 3700 1336 καὶ

2015 1361 2196 1433 τρίτον
2223 1365 2579 1435 συμπεφυκὸς
2604 1365 2826 1437 εὑρήσει
2857 1366 3042 1432 καλὸν,
3085 1369 3178 1422 καὶ
3213 1370 3383 1422 πολὺν
3421 1371 3522 1440 τῆς
3553 1366 3700 1436 ώςρε⁸

2014 1443 2165 1510 λείας
2188 1445 2280 1500 τὸν
2308 1446 2601 1518 θησαυρόν.
2635 1449 2693 1501 '0
2725 1450 2823 1524 μὲν
2853 1450 2962 1523 γάρ
2994 1452 3431 1523 ἀπελαυνόμενος
3463 1451 3587 1505 τότε
3617 1444 3700 1511 εἷς

2019 1529 2179 1598 μόνος
2224 1525 2313 1602 ἦν,
2353 1532 2402 1584 οἰ
2451 1531 2506 1585 δὲ
2544 1531 2610 1585 δι’
2659 1532 2870 1586 ἐκείνου
2921 1534 3298 1606 κερδαίνοντες
3350 1533 3549 1588 πολλοί.
3585 1535 3700 1604 Τῆς

2014 1613 2124 1684 γάρ
2152 1614 2327 1685 ἀρχῆς
2371 1615 2471 1685 τῆς
2501 1613 2606 1668 ὑπὸ
2636 1615 2715 1686 τῷ
2748 1616 2998 1689 τυράννῳ
3034 1617 3294 1688 κειμένης
3350 1615 3511 1689 (αὐτη
3540 1615 3598 1671 δέ
3629 1611 3698 1687 ἦν

2013 1696 2074 1750 τὸ
2127 1697 2375 1750 πλεῖστον
2405 1697 2507 1768 τῆς
2540 1700 2867 1771 οἰκουμένης
2923 1700 3148 1772 μέρος),
3189 1702 3413 1770 ὅσοιπερ
3442 1700 3510 1754 ἂν
3555 1690 3697 1771 ἦσαν

2014 1777 2252 1845 ἄπιστοι,
2281 1779 2732 1850 κατεπλάγησαν,
2777 1781 2873 1835 καὶ
2915 1781 3237 1852 ἐθαύμασαν
3272 1781 3538 1852 μαθόντες
3563 1781 3698 1852 ὅσης

2013 1862 2126 1922 τοῖς
2155 1861 2350 1915 ἐαυτοῦ
2377 1861 2584 1927 δούλοις
2606 1865 2634 1917 6
2666 1864 2902 1936 Χριστὸς
2925 1865 3026 1937 τῆς
3060 1866 3372 1937 παρρησίας
3400 1864 3695 1936 μετέδωκε,

2014 1943 2388 2012 κατεγέλασαν
2417 1941 2514 2015 τῆς
2554 1944 2681 2017 παρ’
2727 1947 2914 2010 αὐτοῖς
2959 1946 3410 2017 δουλοπρεπείας,
3463 1947 3556 2002 καὶ
3607 1945 3698 1998 άν-

2015 2025 2350 2097 ελευθερίας,
2381 2026 2534 2099 [548]
2565 2029 2660 2082 καί
2688 2029 3092 2099 ταπεινότητος,
3122 2023 3261 2082 εἶδον
3291 2029 3414 2082 ὅσον
3440 2031 3538 2099 τῆς
3565 2029 3700 2100 Χρι-

2015 2107 2250 2160 στιανῶν
2283 2106 2562 2175 εὐγενείας
2591 2107 2728 2178 πρὸς
2764 2108 2863 2178 τὴν
2898 2107 3169 2179 Ἑλλήνων
3205 2107 3467 2178 αἰσχύνην
3503 2107 3564 2159 τὸ
3605 2105 3700 2174 μέ-

2017 2207 2129 2243 σον.
2157 2191 2218 2243 Οἰ
2251 2190 2349 2260 μὲν
2385 2189 2496 2261 γὰρ
2525 2192 2656 2262 παρ’
2684 2192 2872 2254 αὐτοῖς
2900 2191 2998 2262 τὴν
3032 2191 3142 2244 τῶν
3176 2191 3338 2262 ἱερῶν
3376 2191 3705 2260 ἐπιμέλειαν

2015 2271 2518 2343 ἐγκεχειρισμένοι,
2563 2272 2763 2343 μᾶλλον
2811 2273 3122 2338 δεσποτῶν,
3173 2274 3268 2327 καὶ
3302 2273 3411 2327 τῶν
3461 2272 3698 2327 εἰδώλων

2015 2350 2072 2403 δέ
2101 2351 2282 2405 αὐτῶν
2317 2352 2445 2414 τοὺς
2476 2350 2715 2422 βασιλεῖς
2745 2351 3132 2423 θεραπεύουσι,
3169 2353 3264 2406 καὶ
3303 2352 3393 2406 διά
3433 2352 3524 2404 τὸν
3553 2352 3697 2404 ἐκεί-

2015 2448 2120 2484 νων
2151 2429 2336 2499 φόϐον,
2364 2432 2461 2484 καί⁸
2489 2434 2603 2494 τοῖς
2651 2429 2859 2496 ξοάνοις
2903 2433 3089 2495 αὐτοῖς
3137 2429 3589 2503 παρεδρεύουσιν,
3619 2431 3698 2495 ὡς

2014 2513 2141 2569 τοὺς
2179 2513 2450 2583 πονηροὺς
2480 2511 2740 2583 δαίμονας
2772 2514 2887 2575 τοῖς
2917 2510 3198 2582 βασιλεῦσι
3233 2512 3392 2581 χάριν
3423 2510 3567 2581 ἔχειν
3596 2511 3697 2581 τῆς
3726 2575 3735 2592 Ι

2014 2592 2094 2654 εἰς
2129 2591 2328 2655 αὐτοὺς
2360 2591 2548 2662 τιμῆς.
2589 2591 2798 2645 Αὐτίκα
2827 2592 2960 2659 γοῦν
2989 2592 3117 2644 ὅταν
3149 2591 3272 2644 τινὰ
3307 2591 3485 2661 συμϐῇ
3526 2590 3598 2661 μὴ
3629 2591 3698 2644 τὰ

2013 2669 2236 2724 ἐκείνων
2279 2669 2583 2744 φρονοῦντα
2620 2672 2714 2725 ἐπὶ
2744 2670 2948 2742 ταύτην
2989 2671 3164 2724 ἐλθεῖν
3206 2672 3303 2741 τὴν
3341 2673 3537 2744 ἀρχὴν,
3581 2675 3697 2724 εἰσ-

2015 2749 2110 2805 ιών
2151 2769 2236 2815 τις
2283 2753 2362 2815 είς
2414 2752 2541 2815 τοὺς
2586 2751 2696 2805 τῶν
2745 2750 2980 2805 εἰδώλων
3029 2751 3225 2819 ναοὺς,
3269 2750 3542 2822 πανταχοῦ
3587 2751 3697 2804 τῶν

2009 2831 2204 2902 τοίχων
2228 2831 2418 2900 ὄψεται
2446 2831 2807 2902 διατεταμένα
2833 2831 2902 2885 τά
2930 2830 3041 2883 τῶν
3069 2831 3347 2901 ἀραχνίων
3377 2831 3694 2902 ὑφάσματα,

2009 2912 2102 2963 καὶ
2159 2910 2428 2981 τοσαύτην
2480 2911 2836 2982 ἐπικειμένην
2885 2910 2964 2982 τῷ
3017 2908 3190 2982 ξοάνῳ
3241 2910 3339 2982 τὴν
3395 2911 3572 2978 κόνιν,
3621 2910 3694 2975 ὡς

2009 2991 2148 3060 μήτε
2202 2991 2347 3061 ῥῖνα,
2398 2991 2537 3061 μήτε
2578 2990 2881 3061 ὀφθαλμὸν,
2935 2991 3075 3060 μήτε
3129 2989 3256 3045 ἄλλο
3287 3007 3341 3043 τι
3392 2989 3486 3044 τοῦ
3523 3007 3696 3060 προσ-

2005 3069 2190 3136 ώπου,
2237 3070 2523 3140 φαίνεσθαι
2566 3072 2763 3143 μέρος·
2814 3069 2923 3124 τῶν
2968 3069 3038 3144 δέ.
3079 3069 3279 3140 βωμῶν
3323 3069 3431 3122 τῶν
3480 3070 3580 3141 μὲν
3627 3071 3696 3122 τά

2003 3149 2233 3221 λείψανα
2285 3150 2448 3222 μόνον
2499 3151 2729 3222 ἕστηκε,
2775 3151 2872 3204 τοῦ
2925 3150 3172 3214 πλείονος
3223 3149 3697 3220 ἀποθραυσθέντος

2007 3229 2229 3302 μέρους,
2257 3232 2384 3296 τοὺς
2414 3231 2469 3284 δέ
2501 3229 2647 3284 οὑτω
2679 3228 2872 3301 βαθεῖα
2905 3228 3171 3282 πάντοθεν
3211 3228 3530 3300 περιϐάλλει
3564 3228 3689 3292 πόα,

2001 3311 2076 3374 ὡς
2107 3311 2197 3363 τὸν
2234 3308 2538 3379 ἀγνοοῦντα
2583 3308 2822 3377 κοπρίας
2869 3308 3016 3370 τινὸς
3068 3307 3305 3379 σωρείαν
3347 3303 3485 3360 εἶναι
3533 3309 3692 3378 νομί-

2003 3389 2116 3456 ζειν
2144 3390 2206 3444 τὸ
2235 3389 2580 3460 φαινόμενον.
2627 3387 2701 3439 Τὸ
2728 3388 2784 3440 δὲ
2815 3389 3006 3452 αῖτιον,
3037 3388 3120 3440 ὃτι
3165 3388 3339 3441 πάλαι
3376 3387 3474 3458 μὲν
3507 3387 3698 3452 αὐτοῖς

2003 3469 2260 3523 κλέπτειν
2290 3468 2420 3540 ἐξῆν
2450 3469 2551 3521 ὅσα
2573 3465 2880 3528 ἐϐούλοντο,
2912 3468 3006 3522 καί
3039 3466 3438 3537 γαστρίζεσθαι
3472 3467 3560 3522 διά
3593 3471 3692 3537 τῆς

2003 3549 2112 3603 τῶν
2147 3548 2352 3616 ξοάνων
2381 3547 2700 3620 θεραπείας,
2741 3547 2837 3600 νῦν
2881 3547 2939 3599 δέ
2973 3547 3112 3619 ὑπὲρ
3156 3546 3302 3610 τίνος
3335 3547 3562 3610 ἑαυτοὺς
3601 3547 3694 3601 κό-

2003 3631 2204 3700 ιίουση
2262 3629 2725 3702 Ιῐροσεδρεύοντες
2779 3628 2889 3700 γὰρ
2945 3627 3040 3682 καὶ
3088 3626 3506 3697 δαπανώμενοι,
3559 3627 3688 3698 παρ’

2006 3710 2229 3764 ἐκείνων
2263 3710 2361 3781 μέν
2390 3709 2644 3778 οὐδεμίαν
2689 3707 3062 3779 προσδοκῶσιν
3113 3705 3385 3777 ἀμοιϐήν·
3440 3707 3531 3759 καὶ
3583 3706 3691 3778 γάρ

2006 3796 2112 3848 εἰσι
2155 3793 2290 3859 ξύλα
2322 3795 2417 3847 καὶ
2446 3790 2621 3847 λίθοι·
2653 3791 2714 3845 τὸ
2740 3791 2797 3844 δὲ
2830 3791 3018 3844 πεῖθον
3054 3792 3254 3854 αὐτοὺς
3291 3789 3689 3862 ὑποκρίνεσθαι

2004 3873 2103 3945 τὴν
2133 3873 2452 3944 θεραπείαν,
2481 3874 2514 3941 ἡ
2545 3872 2696 3944 παρά
2723 3871 2832 3924 τῶν
2861 3870 3214 3943 κρατούντων
3240 3869 3395 3941 τιμὴ,
3427 3869 3522 3923 καὶ
3551 3869 3689 3940 αῦτη

2005 3955 2298 4027 ἀνῄρηται,
2344 3953 2456 4007 τῶν
2494 3952 2888 4023 βασιλευόντων
2937 3951 3247 4023 γενομένων
3295 3949 3553 4016 συνετῶν,
3595 3952 3691 4004 καὶ

2005 4034 2098 4087 τὸν
2135 4033 2229 4086 τοῦ
2263 4033 2398 4086 Θεοῦ
2429 4031 2885 4101 προσκυνούντων
2916 4029 3066 4083 Υίόν.

2077 4111 2148 4186 η’.
2187 4112 2324 4166 Ἀλλ’
2347 4113 2407 4165 οὐ
2429 4113 2499 4165 τά
2524 4128 2588 4181 γε
2619 4111 2866 4182 ἡμέτερα
2891 4107 3139 4174 τοιαῦτα,
3173 4106 3310 4161 ἀλλά
3329 4110 3436 4162 πᾶν
3469 4109 3691 4163 τούναν-

2005 4195 2140 4250 τίον.
2178 4192 2350 4246 Ὅταν
2409 4190 2506 4262 μέν
2552 4191 2663 4262 γάρ
2713 4208 2796 4254 τις
2841 4188 3122 4258 ὁμολογῶν
3175 4189 3306 4258 ἡμῖν
3343 4189 3402 4241 ἐν
3448 4191 3513 4258 τῇ
3561 4192 3690 4262 περὶ

2005 4275 2099 4328 τοῦ
2161 4272 2316 4326 Θείου
2389 4271 2515 4342 δόξῃ
2575 4271 2668 4322 ἐπὶ
2729 4269 2820 4322 τὸν
2881 4267 3157 4339 βασιλικὸν
3196 4267 3369 4338 ἀναϐῇ
3411 4267 3598 4338 θρόνον
3635 4280 3688 4335 ε,

2008 4351 2361 4425 ῥαθυμότερα
2416 4350 2625 4419 γίνεται
2678 4347 2747 4401 τά
2807 4346 3193 4420 Χριστιανῶν·
3255 4346 3509 4401 τοσοῦτον
3576 4347 3687 4400 ἀπο

2006 4434 2119 4502 έχει
2156 4434 2276 4494 ταῖς
2321 4429 2690 4500 ἀνθρωπίναις
2732 4427 3023 4498 ὀρθοῦσθαι
3063 4428 3252 4496 τιμαῖς
3278 4443 3292 4458 ·
3341 4426 3468 4479 ὃταν
3505 4426 3560 4480 δέ
3603 4444 3688 4492 τις

2005 4514 2254 4586 κρατήσῃ
2306 4509 2575 4580 δυσσεϐὴς
2624 4511 2718 4564 καὶ
2775 4507 3040 4563 πάντοθεν
3087 4508 3239 4577 ἡμᾶς
3286 4505 3551 4586 ἐλαύνων,
3595 4509 3688 4561 καὶ

2009 4585 2235 4666 μυρίοις
2262 4589 2602 4662 περιϐάλλων
2631 4591 2853 4651 κακοῖς,
2900 4586 3021 4640 τότε
3075 4586 3352 4666 εὐδοκιμεῖ
3403 4586 3497 4666 καὶ.
3543 4585 3686 4658 λαμ-

2006 4675 2251 4746 πρότερα
2297 4671 2508 4739 γίνεται
2564 4668 2632 4720 τά
2667 4667 2788 4721 καθ’
2835 4669 3021 4737 ἡμᾶς,
3070 4665 3193 4718 τότε
3238 4665 3533 4746 ἀριστείων
3591 4671 3686 4722 καὶ

2006 4745 2282 4825 τροπαίων
2339 4749 2565 4819 καιρὸς,
2626 4747 2748 4799 τότε
2824 4747 3104 4815 στεφάνων
3172 4745 3266 4797 καὶ
3331 4746 3686 4816 ἀναρρήσεων

2006 4823 2101 4889 καὶ
2141 4831 2321 4898 πάσης
2365 4825 2731 4898 ἀνδραγαθίας
2781 4825 3026 4896 ἀφορμή.
3077 4825 3140 4877 Εἰ
3184 4823 3240 4876 δὲ
3278 4823 3432 4894 λέγοι
3481 4842 3566 4889 τις
3600 4827 3686 4880 ὅτι

2007 4915 2101 4969 καὶ
2128 4910 2222 4964 νῦν
2264 4909 2371 4960 εἰσὶ
2409 4907 2590 4971 πόλεις
2623 4906 2720 4977 τὴν
2753 4905 2876 4976 ίσην
2917 4903 3342 4974 δεισιδαιμονίαν
3373 4906 3683 4960 ἐπιδεικνύ-

2010 5008 2165 5064 μεναι
2212 4986 2340 5059 περὶ
2373 4985 2470 5056 τὴν
2501 4984 2610 5037 τῶν
2645 4982 2879 5036 εἰδώλων
2920 4983 3142 5054 μανίαν,
3179 4982 3398 5055 πρῶτον
3447 4984 3545 5054 μὲν
3590 4985 3682 5036 εὑ-

2005 5062 2344 5144 αριθμήτους
2386 5065 2480 5144 καὶ
2516 5063 2703 5144 ὀλίγας
2741 5063 2875 5144 ἐρεῖ,
2906 5062 3054 5144 ’πλὴν
3097 5062 3211 5144 ἀλλ’
3242 5062 3364 5116 οὐδὲ
3405 5063 3546 5144 οὕτω
3593 5064 3683 5116 τὸν

2003 5141 2273 5223 ἡμέτερον
2305 5143 2498 5216 βλάψει
2543 5143 2722 5210 λόγον.
2759 5141 2968 5213 Ἢνγάρ
3010 5141 3332 5214 ὐπόθεσιςὴ
3379 5143 3540 5214 αὐτὴ,
3586 5146 3682 5196 καὶ

2003 5231 2125 5286 ἀντί
2157 5228 2250 5282 τοῦ
2281 5224 2630 5297 κρατοῦντος,
2679 5224 2805 5285 τοὺς
2852 5224 2953 5293 τὴν
2985 5223 3141 5277 πόλιν
3171 5224 3456 5286 οἰκοῦντας
3495 5224 3679 5293 ἔχουσι

2001 5312 2099 5383 τὴν
2131 5310 2254 5380 ίσην
2292 5306 2476 5368 αὐτοῖς
2509 5303 2920 5374 παρεχομένους
2949 5304 3114 5374 τιμήν
3134 5317 3147 5333 ⁸
3186 5303 3280 5355 καὶ
3319 5302 3475 5356 τοῦτο
3504 5303 3677 5355 αῖτιον

2000 5381 2102 5463 τῆς
2133 5385 2459 5458 θεραπείας,
2504 5385 2562 5436 αἱ
2591 5382 2927 5454 κραιπάλαι,
2972 5383 3066 5434 καί
3105 5383 3154 5434 οἱ
3205 5381 3415 5463 κῶμοι,
3440 5381 3516 5463 Αοί
3558 5384 3680 5452 μεθ’

2003 5458 2238 5544 ἡμέραν,
2270 5467 2318 5518 οἱ
2346 5464 2436 5517 διὰ
2467 5463 2644 5533 πάσης
2677 5461 2891 5525 νυκτὸς,
2923 5463 2970 5513 οἱ
3001 5461 3152 5514 αὐλοὶ
3180 5459 3272 5513 καὶ
3300 5459 3367 5512 τά
3391 5458 3677 5532 τύμπανα,

1999 5539 2060 5604 τὸ
2096 5539 2236 5620 μετά
2270 5545 2452 5615 πάσης
2488 5541 2877 5612 ἀναισχυντίας
2920 5539 3120 5610 αἰσχρά
3154 5539 3252 5620 μὲν
3304 5541 3498 5615 εἰπεῖν,
3538 5545 3680 5613 πρά-

2001 5612 2185 5695 ξαίδέ
2213 5612 2572 5694 αἰσχρότερα·
2607 5621 2668 5674 τὸ
2709 5620 3071 5692 διαρραγῆναι
3118 5612 3363 5688 μένὺπὺ
3400 5612 3499 5690 τῆς
3549 5612 3679 5694 ἀεη-

2001 5707 2224 5780 φαγίας,
2269 5701 2707 5774 ἐκϐακχευθῆναι
2737 5699 2794 5752 δέ
2825 5699 2947 5780 ὑπὸ-
2962 5699 3060 5769 τῆς
3097 5699 3299 5780 μέθης,
3327 5700 3421 5754 καὶ
3459 5703 3541 5764 εἰς
3577 5701 3680 5772 τὴν

2000 5774 2288 5858 αἰσχίστην
2334 5783 2532 5854 μανίαν
2562 5781 2817 5834 ἐκπεσεῖν
2838 5795 2854 5810 ·
2885 5774 3044 5832 αὗται
3080 5781 3135 5832 αἱ
3170 5779 3479 5850 ἀσχήμονες
3506 5780 3679 5835 δαπά-

1998 5885 2085 5921 ναι
2133 5866 2447 5934 συνέχουσιν
2481 5861 2560 5914 ετι
2604 5861 2698 5914 καὶ
2735 5859 3088 5931 διακρατοῦσι
3133 5859 3529 5914 διαπίπτουσαν
3577 5859 3678 5930 τὴν

1999 5948 2228 6018 πλάνην.
2274 5945 2338 5996 υἱ
2376 5941 2482 6014 γάρ
2510 5939 2878 6012 εὐπορώτεροι
2917 5940 3044 6004 τοὺς
3088 5940 3176 5994 διά
3201 5939 3301 6013 τὴν
3336 5940 3537 6012 ἀργίαν
3570 5944 3675 5996 ὑπὸ
3784 5993 3786 5996 ,
3819 5953 3831 5960 “

2060 6055 2082 6082 ε
2107 6049 2256 6100 Savil.
2281 6055 2333 6098 et
2353 6061 2482 6098 unus
2499 6046 2604 6098 cod.
2631 6046 2857 6106 ἀναϐῆναι
2881 6045 3041 6110 θρόνον
3061 6045 3214 6112 τύχοι.

3200 6130 3239 6191 9
