4032 6436
358 425 465 479 ωε

362 543 522 597 eunt,
556 533 608 588 in
685 532 926 592 ordinem
975 535 1326 604 parasitorum
1377 532 1630 599 adscitos,
1685 543 1950 603 tamquam

357 640 520 680 canes
556 627 699 681 circa
747 642 959 682 mensas
1011 628 1306 682 victitantes
1348 629 1638 690 enutriunt,
1671 627 1954 698 impuden-

358 729 444 773 tes
474 726 686 773 ventres
710 719 1008 790 iniquarum
1040 723 1315 791 epularum
1346 725 1584 794 reliquiis
1619 723 1948 791 distendunt,

356 821 414 866 et
457 826 554 880 pro
604 811 772 865 lubito
822 814 888 867 iis
931 823 1170 868 utuntur.
1229 815 1338 869 Nos
1385 832 1511 870 vero
1555 817 1645 887 qui
1692 818 1950 885 insipien-

357 902 489 957 tiam
547 903 984 974 iniquitatemque
1043 917 1272 961 vestram
1320 925 1666 976 aversantur,
1716 925 1810 966 eos
1860 915 1949 984 qui

358 1007 472 1063 pro:
517 993 721 1064 ignavia
754 994 894 1049 fame
942 996 1206 1065 laborant,
1251 1015 1354 1053 non
1399 1001 1626 1068 alimus,
1674 1003 1768 1058 sed
1821 1005 1951 1075 ipsis

352 1082 666 1149 suademus,
693 1093 750 1138 ut
771 1085 1078 1140 laborantes
1099 1098 1152 1142 et
1177 1089 1275 1142 sibi
1298 1101 1348 1143 et
1375 1091 1494 1144 aliis
1514 1093 1710 1147 victum
1741 1109 1946 1164 parcnt;

351 1189 450 1228 eos
475 1183 674 1242 autem,
706 1179 794 1246 qui
838 1180 1026 1234 mutilo
1051 1191 1174 1236 sunt
1202 1198 1426 1251 corpore
1445 1226 1458 1248 ,
1487 1186 1556 1240 ab
1600 1188 1664 1241 iis
1689 1189 1776 1258 qui
1821 1192 1950 1248 suh-

351 1266 662 1321 ministrare
680 1279 920 1337 possunt,
945 1274 1296 1327 necessariam
1316 1278 1486 1332 solum
1509 1293 1683 1334 escam
1707 1284 1949 1352 accipere

351 1358 701 1414 concedimus
736 1379 750 1416 :
777 1365 1190 1421 comesmtiones
1216 1409 1230 1433 ,
1263 1369 1548 1425 ebrietates
1572 1415 1586 1439 ,
1642 1389 1704 1429 ac
1744 1377 1948 1448 reliqua

349 1452 534 1504 omnis
562 1450 765 1506 insania
789 1463 843 1507 et
874 1456 1142 1523 turpitudo
1169 1473 1196 1511 a
1229 1460 1382 1515 nobis
1407 1462 1676 1518 eliminata
1707 1477 1808 1534 est,
1855 1485 1950 1524 co-

351 1543 580 1610 rumquc
619 1542 738 1598 loco
782 1543 992 1599 inducta
1023 1557 1147 1601 sunt
1173 1560 1521 1623 quaecumque
1558 1556 1738 1625 gravia
1759 1599 1772 1623 ,
1802 1575 1949 1629 qua:-

347 1644 583 1700 cumque
608 1642 774 1701 casta,
806 1651 1154 1708 quaecumque
1195 1640 1360 1710 justa,
1389 1659 1738 1718 qumcumque
1767 1650 1950 1705 lauda-

348 1719 502 1789 bilia,
532 1723 575 1777 si
601 1740 705 1794 qua
737 1726 924 1793 virtus,
957 1730 1000 1782 si
1049 1746 1150 1799 qua
1200 1732 1333 1788 laus.
1357 1735 1557 1791 Cetera
1599 1755 1778 1809 porro,
1826 1758 1947 1813 quae

347 1816 417 1870 de
469 1816 802 1887 philosophis
831 1820 942 1874 suis
980 1820 1290 1889 jactabundi
1328 1824 1590 1892 dictitant,
1626 1846 1814 1886 vanam
1839 1834 1948 1902 glo-

349 1909 511 1976 riam,
555 1909 826 1964 audaciam
857 1921 907 1966 ct
935 1914 1153 1982 puerilis
1183 1916 1344 1970 animi
1365 1931 1528 1988 opera
1554 1920 1942 1979 demonstrant.

345 1998 466 2056 Non
503 2002 609 2056 illic
640 2001 818 2075 (apud
847 2004 1210 2078 Christianos)
1240 2008 1384 2063 dolio
1411 2011 1530 2081 quis
1559 2025 1778 2084 accepto
1826 2032 1946 2072 sese

347 2093 569 2149 inclusit
598 2098 697 2166 (a),
725 2114 830 2152 non
859 2099 1048 2154 laceris
1095 2103 1284 2170 pannis
1311 2105 1535 2162 vestitus
1561 2105 1734 2162 forum
1772 2110 1948 2166 circu-

347 2185 461 2240 ivit.
523 2187 645 2241 llaec
672 2188 864 2259 quippe
892 2190 1013 2246 licet
1037 2193 1296 2248 mirabilia
1326 2210 1446 2252 esse
1485 2197 1780 2266 videantur,
1810 2204 1948 2257 mni;-

349 2283 572 2346 tumquc
599 2278 800 2334 laboris
829 2287 884 2335 et
912 2297 1164 2338 aerumnae
1215 2286 1467 2356 habeant,
1527 2289 1743 2362 indigna
1789 2294 1945 2350 laude

347 2378 496 2421 sunt.
530 2368 624 2424 Est
652 2379 828 2425 autem
886 2371 1081 2436 diaboli
1126 2377 1337 2432 astutia:
1384 2393 1514 2446 eos,
1559 2383 1647 2452 qui
1700 2384 1800 2439 sibi
1831 2399 1945 2441 ser-

347 2458 522 2525 viunt,
561 2459 831 2542 laboribus
869 2462 1174 2533 hujusmodi
1204 2468 1473 2538 addicere,
1519 2473 1608 2542 qui
1635 2483 1688 2529 et
1711 2490 1741 2530 a
1769 2491 1827 2531 se
1852 2476 1948 2532 de-

343 2558 536 2618 ceptos
578 2541 939 2621 discrucicnt,
1003 2567 1059 2610 et
1119 2559 1350 2615 maxime
1396 2563 1633 2618 omnium
1693 2566 1945 2625 ridiculos

346 2642 658 2698 exhibeant.
689 2643 863 2701 Labor
891 2649 1030 2702 enim
1059 2650 1122 2715 is,
1150 2667 1216 2706 ex
1239 2669 1345 2722 quo
1373 2655 1576 2711 nullum
1600 2658 1805 2714 lucrum
1833 2677 1947 2717 ma-

347 2740 458 2800 nat,
489 2735 636 2788 on‘nii
669 2751 889 2804 prorsus
935 2740 1092 2796 laude
1111 2753 1276 2797 caret.

416 2826 793 2882 Circulatorum
824 2833 1162 2902 quorumdam
1200 2846 1450 2907 gesta.-—-
1479 2839 1750 2912 Siquidem
1780 2846 1942 2901 etiam

347 2926 490 2973 none
519 2929 643 2973 sunt
674 2921 918 2977 homines
950 2925 1161 2992 perditi,
1199 2927 1496 2987 innumeris
1528 2934 1668 3004 pleni
1709 2935 1941 3008 flagitiis,

345 3009 431 3077 qui
457 3009 636 3079 plura,
656 3026 813 3080 quam
841 3013 1185 3084 philosophus
1212 3019 1321 3085 ille,
1339 3023 1657 3091 exhibuere;
1690 3027 1778 3083 alii
1801 3031 1942 3084 enim

347 3099 534 3155 clavos
556 3103 894 3160 acutissiinos
923 3107 1252 3180 deglutiunt,
1303 3116 1389 3169 alii
1435 3117 1643 3174 calceos
1687 3121 1944 3178 mandunt

347 3197 399 3247 et
421 3193 718 3263 devorant,
746 3198 832 3252 alii
855 3199 920 3253 ad
951 3201 1051 3257 alia
1085 3204 1426 3261 sceleratiora
1458 3210 1594 3264 male
1631 3214 1857 3268 consulti
1885 3229 1944 3270 se

346 3285 836 3359 conferuntzatqui
880 3290 994 3346 haec
1034 3294 1190 3365 longe
1242 3308 1367 3352 sunt
1405 3300 1750 3368 mirabiliora,
1783 3322 1941 3376 quam

347 3375 551 3432 dolium
577 3386 632 3433 et
660 3382 818 3449 panni
847 3399 860 3437 :
894 3399 1076 3439 verum
1124 3403 1298 3458 neque
1329 3389 1442 3445 inec
1481 3407 1656 3462 neque
1703 3375 1946 3467 illapro-

347 3465 560 3533 bamus,
593 3471 686 3526 sed
713 3473 931 3542 perinde
954 3475 1349 3548 philosophum,
1379 3490 1536 3552 atque
1566 3484 1661 3540 hos
1683 3495 1737 3542 et
1757 3465 1944 3545 omnes

349 3570 615 3631 quotquot
666 3576 975 3632 portentosa
1025 3568 1328 3640 hujusmodi
1382 3573 1672 3642 exhibent,
1719 3581 1946 3637 miseros

347 3651 703 3719 praedicamus
745 3667 794 3710 et
827 3657 1186 3727 deploramus.
1234 3663 1339 3718 Sed
1385 3667 1573 3734 multa,
1619 3668 1786 3738 diees,
1818 3688 1945 3730 usus

348 3751 426 3796 est
454 3745 603 3814 apud
634 3763 814 3817 regem
845 3749 1090 3820 loquendi
1137 3754 1401 3813 libertate.
1434 3758 1724 3819 Videamus
1767 3765 1947 3837 itaque

347 3839 617 3908 egregiam
661 3840 908 3909 loquendi
959 3845 1278 3916 libertatem,
1334 3868 1464 3906 num
1493 3864 1546 3909 et
1590 3856 1703 3926 ipsa
1751 3859 1820 3913 sit
1862 3862 1945 3916 vel

349 3937 664 3998 portentosa
693 3932 836 3988 dolio
866 3935 1110 4004 ineptior.
1136 3940 1385 4007 Quaenam
1411 3945 1496 3999 illa
1525 3946 1786 4004 libertas?
1809 3950 1944 4006 Cum

349 4018 412 4072 ad
439 4021 635 4075 Persas
662 4036 899 4080 moveret
927 4021 1166 4096 Macedo,
1199 4031 1324 4085 dum
1356 4035 1453 4104 ipsi
1483 4036 1738 4104 adstaret,
1791 4057 1944 4110 roga-

350 4121 541 4182 retque
567 4129 633 4168 an
663 4118 910 4185 quapiam
955 4136 1012 4173 re
1039 4137 1170 4192 opus
1199 4123 1452 4192 haberet,
1501 4129 1675 4196 Nulla,
1729 4133 1900 4202 inquit
1927 4154 1941 4190 :

351 4206 528 4261 solum
553 4223 621 4264 ne
646 4206 774 4263 mihi
818 4227 910 4266 rex
942 4214 1180 4268 umbram
1208 4214 1363 4272 faciat
1397 4237 1408 4270 :
1441 4230 1562 4275 tunc
1588 4224 1729 4278 enim
1773 4227 1948 4295 philo-

353 4297 555 4366 sophus
608 4300 965 4371 apricabatur.
1019 4306 1211 4360 Annon
1271 4308 1475 4376 pudore
1525 4313 1945 4372 summdemini?

355 4400 529 4444 annon
569 4406 666 4446 vos
713 4391 1017 4463 oblegetis?
1045 4411 1224 4452 annon
1267 4398 1390 4454 hinc
1435 4401 1758 4459 facessentes
1805 4415 1944 4462 terra

357 4489 449 4532 vos
470 4479 731 4548 obruetis,
761 4482 828 4537 de
875 4483 939 4537 iis
968 4485 1131 4539 altum
1177 4489 1464 4558 sapientes,
1514 4491 1581 4547 de
1609 4495 1800 4562 quibus
1844 4512 1945 4568 pu-

356 4567 482 4624 dore
505 4570 641 4625 affici
669 4575 985 4642 oporteret?
1012 4577 1219 4640 Quanto
1240 4580 1380 4634 enim
1403 4583 1569 4636 satius
1597 4583 1781 4640 fuisset
1799 4567 1947 4642 veste

358 4660 595 4718 indutum
622 4666 997 4732 crassiuscula,
1033 4670 1182 4740 operi
1224 4685 1524 4739 vacantem,
1554 4676 1772 4746 aliquid,
1804 4681 1943 4747 quod

359 4753 469 4806 usui
498 4753 656 4822 foret,
687 4772 715 4810 a
746 4772 874 4827 rege
898 4759 1132 4828 petiisse,
1174 4777 1332 4832 quam
1365 4763 1541 4819 lacero
1581 4767 1740 4836 pallio
1783 4770 1944 4824 vesti-

360 4851 464 4898 tum
493 4845 699 4903 sedisse
728 4850 1074 4919 apricantem,
1107 4851 1274 4905 instar
1297 4853 1608 4910 lactentiuin
1638 4874 1943 4927 puerorum,

357 4939 486 4997 quos
530 4936 670 4994 lotos
695 4948 749 4992 et
779 4949 966 4995 unctos
995 4944 1226 4998 nutrices
1255 4943 1380 4999 inibi
1404 4947 1467 5000 ad
1499 4962 1618 5002 eam
1649 4965 1759 5004 rem
1782 4951 1947 5006 collo—

360 5034 500 5090 cant,
529 5029 600 5082 ob
628 5043 788 5100 quam
818 5042 943 5088 tunc
967 5028 1317 5105 philosophus
1344 5038 1565 5094 sedebat
1591 5041 1812 5097 infelicis
1832 5045 1946 5099 ani-

360 5110 490 5169 cuia“:
517 5116 742 5186 gratiam
782 5121 1061 5191 flagitans?
1093 5125 1198 5180 Sed
1243 5127 1554 5184 admiranda
1595 5131 1822 5188 fortasse
1862 5143 1946 5190 est

363 5199 445 5258 illa
490 5206 742 5277 loquendi
787 5209 1048 5268 libertas?
1079 5217 1192 5273 lino
1220 5235 1346 5276 vero
1383 5221 1513 5277 nihil
1562 5223 1649 5278 illa
1678 5225 1944 5296 prodigio-

363 5293 489 5351 sius.
543 5298 747 5353 Bonum
794 5301 937 5355 enim
971 5305 1139 5361 virum
1186 5320 1398 5379 oportet
1449 5312 1585 5368 facta
1625 5331 1717 5371 sua
1767 5319 1969 5384 omnia_

364 5383 562 5451 publica
594 5391 821 5447 utilitate
849 5394 1046 5462 metiri,
1075 5398 1408 5472 aliorumque
1431 5405 1588 5460 vitam
1619 5408 1939 5476 emendare;

363 5483 624 5544 postulare
653 5493 827 5541 autem
862 5501 927 5542 ne
968 5490 1068 5544 sibi
1099 5493 1339 5548 umbram
1388 5497 1602 5563 faceret,
1649 5515 1806 5570 quam
1847 5517 1938 5556 ur-

365 5569 501 5643 bem,
544 5592 700 5649 quam
730 5578 969 5647 domum,
1004 5599 1158 5652 quem
1203 5587 1393 5654 virum,
1451 5605 1606 5659 quam
1661 5594 1938 5651 mulierem

418 5845 487 5917 (a)
523 5857 582 5907 Ad
606 5863 872 5922 Diogenem
893 5861 1114 5924 Cynicum
1137 5862 1323 5916 alludit.

1143 417 1232 472 DE
1271 417 1329 473 S.
1373 415 1666 484 BABYLA,
1709 412 1981 471 CONTRA
2013 405 2354 473 JULiANUM
2396 417 2485 475 ET
2524 421 2893 487 GENTILEB.

3535 433 3643 489 530

2062 535 2442 590 conservavit?
2487 535 2664 593 ludica
2708 539 2850 607 quod
2893 555 2958 595 ex
3006 540 3259 613 loquendi
3289 543 3532 605 libertate
3559 552 3645 605 lu-

2058 638 2206 678 crum
2237 641 2251 680 :
2283 639 2402 679 nam
2432 625 2636 681 lucrum
2659 643 2688 682 a
2711 629 2876 685 libera
2909 634 3160 704 martyris
3183 651 3314 691 voce
3343 646 3524 694 natum
3546 656 3647 695 nos

2059 717 2430 786 ostendimus,
2486 730 2541 776 et
2595 724 2817 780 ulterius
2883 729 3148 799 progressi
3198 730 3392 788 clarius
3437 736 3646 804 aperies

2058 822 2196 864 mus.

2129 900 2182 954 9.
2226 899 2437 956 Interim
2480 903 2569 958 ille
2616 905 2864 974 injurium
2911 909 3055 964 illum
3103 913 3344 981 punivit,
3380 924 3642 986 quatenus

2057 989 2320 1044 sacerdoti
2353 991 2431 1045 fas
2457 1003 2572 1049 erat
2592 1037 2606 1061 ,
2642 997 2938 1067 principum
2969 1001 3110 1056 altos
3139 1005 3358 1071 spiritus
3384 1010 3642 1076 coercuit,

2058 1080 2265 1135 violatis
2297 1083 2387 1136 Dei
2419 1086 2622 1156 legibus
2647 1103 2803 1158 opem
2832 1092 2985 1159 tulit,
3024 1096 3346 1165 supplicium
3377 1113 3477 1168 pro
3503 1116 3647 1157 cmso

2050 1173 2248 1244 juvene
2287 1181 2504 1247 exegit,
2534 1183 2770 1236 omnium
2814 1187 3197 1254 suppliciorum
3227 1192 3598 1261 gravissimum
3625 1228 3641 1258 δ

2058 1267 2119 1321 iis
2145 1276 2292 1323 certe
2316 1271 2402 1340 qui
2436 1281 2613 1328 mente
2639 1275 2836 1330 valent.
2860 1277 3173 1334 Meministis
3198 1282 3355 1350 plane
3375 1326 3389 1350 ,
3422 1299 3542 1339 cum
3576 1285 3645 1342 de

2056 1359 2202 1415 crede
2229 1363 2386 1416 verba
2431 1361 2764 1434 faceremus,
2795 1373 3062 1438 quomodo
3106 1375 3298 1445 singuli
3338 1378 3641 1436 auditorum

2055 1449 2539 1520 inﬂammarentur,
2571 1467 2622 1511 et
2653 1459 2945 1529 principem
2974 1466 3218 1520 manibus
3256 1476 3438 1523 tenere
3475 1485 3641 1541 cupe-

2054 1550 2210 1607 rent,
2248 1554 2408 1614 atque
2452 1547 2678 1603 ultorem
2721 1551 2964 1608 alicunde
3008 1556 3169 1611 ctedis
3210 1573 3489 1629 apparere.
3531 1563 3642 1618 Hoc

2054 1628 2231 1700 itaque
2259 1631 2443 1688 beatus
2471 1635 2562 1691 ille
2595 1638 2676 1692 vir
2701 1637 2843 1708 fecit,
2872 1656 3190 1715 primamque
3211 1628 3311 1717 ipsi
3338 1664 3640 1721 congruens

2054 1728 2158 1774 tem
2187 1723 2476 1792 imposuit,
2505 1745 2623 1797 qute
2652 1741 2833 1800 posset
2857 1734 3001 1789 illum
3032 1748 3382 1806 convertere,
3409 1743 3454 1796 si
3483 1743 3644 1798 modo

2051 1813 2296 1882 stupidus
2332 1817 2618 1875 admodum
2665 1839 2770 1878 non
2807 1824 3032 1893 fuisset,
3064 1845 3168 1884 non
3209 1832 3278 1886 ab
3317 1833 3643 1904 Imperatore

2053 1909 2328 1976 postulans
2369 1921 2426 1966 ut
2463 1929 2492 1967 a
2536 1916 2650 1971 sole
2693 1932 2752 1973 se
2791 1919 3136 1979 calefaciente
3175 1923 3516 1997 deflecteret,
3548 1931 3642 1986 sed

2053 1999 2389 2069 impudenter
2445 2005 2499 2059 in
2553 2023 2704 2063 sacra
2765 2020 2915 2080 septa
2977 2013 3297 2073 insilientem
3357 2023 3640 2094 omniaque

2051 2093 2506 2162 confundentem,
2559 2113 2658 2154 ceu
2717 2116 2903 2158 canem
2961 2115 3052 2159 aut
3107 2107 3413 2176 improbum
3473 2093 3644 2169 famu‘

2053 2189 2162 2236 tum
2192 2199 2220 2238 a
2249 2185 2530 2242 dominicis
2563 2190 2716 2245 atriis
2738 2232 2751 2257 ,
2785 2192 3079 2262 depelleus.
3111 2199 3268 2254 Vides
3309 2217 3394 2256 me
3425 2218 3529 2259 non
3554 2205 3642 2274 jae

2051 2274 2313 2331 ctabunde
2348 2277 2580 2346 dixisse,
2614 2283 2834 2350 puerilis
2877 2287 3070 2342 animae
3110 2299 3260 2358 gesta
3291 2307 3410 2349 esse
3434 2307 3643 2350 vestros-

2051 2382 2170 2422 rum
2191 2369 2632 2441 philosophorum
2659 2376 2912 2432 miracula
2947 2395 2977 2433 a
3014 2379 3211 2454 Babyla
3247 2383 3643 2450 demonstrari?

2049 2457 2120 2512 At
2149 2469 2450 2529 temperans
2491 2462 2621 2530 fuit,
2659 2469 3127 2542 continentemque
3153 2475 3314 2531 vitam
3344 2480 3452 2548 egit
3486 2481 3644 2537 Sino-

2051 2551 2231 2619 pensis
2257 2551 2362 2618 ille,
2398 2555 2486 2624 qui
2509 2571 2576 2610 ne
2599 2556 2865 2627 legitimas
2885 2561 3099 2630 quidem
3127 2569 3337 2637 nuptias
3357 2582 3642 2629 contraxe-

2050 2638 2140 2694 rit.
2169 2639 2274 2697 Sed
2299 2643 2438 2699 addc
2462 2648 2730 2716 quomodo
2764 2658 2818 2704 et
2857 2667 2960 2722 qua
2999 2657 3225 2711 ratione.
3270 2659 3348 2714 Tu
3379 2677 3506 2717 vero
3535 2678 3640 2720 non

2050 2732 2236 2801 addes,
2260 2735 2387 2804 quin
2416 2737 2667 2794 libentius
2687 2757 2808 2796 cum
2838 2745 3180 2802 continentite
3199 2749 3443 2808 laudibus
3470 2757 3645 2824 priva-

2051 2824 2154 2891 bis,
2172 2841 2328 2895 quam
2358 2833 2725 2899 temperantite
2751 2835 2966 2890 modum
2988 2838 3200 2906 efferas,
3222 2841 3292 2896 ita
3316 2859 3507 2914 nempe
3529 2856 3643 2904 tura-

2052 2918 2135 2986 pis
2152 2933 2218 2973 ac
2241 2919 2508 2978 dedecore
2529 2924 2717 2993 plenus
2733 2936 2833 2983 est.
2865 2930 2946 2984 Ad
2964 2931 3188 2988 aliorum
3212 2952 3424 3008 quoque
3446 2956 3640 3012 nugas.

2051 3024 2244 3064 vanum
2283 3014 2514 3070 studium
2562 3027 2616 3072 et
2663 3022 3042 3091 turpitudinem
3066 3027 3295 3085 libenter
3316 3034 3638 3090 transirem:

2051 3115 2174 3155 nam
2203 3103 2311 3169 ubi,
2341 3120 2523 3175 qua‘so
2543 3148 2556 3172 ,
2583 3111 2709 3165 utile
2737 3122 2819 3167 est
2866 3113 3154 3171 humanum
3192 3134 3374 3176 semen
3402 3135 3636 3194 gustare.

2051 3202 2106 3246 ut
2137 3193 2364 3250 faciebat
2408 3197 2687 3270 Stagirites
2713 3202 2790 3273 (a)
2814 3204 2837 3258 ?
2864 3221 2984 3276 qua:
3011 3209 3209 3264 utilitas
3233 3218 3644 3273 cttm'matribns

2050 3294 2105 3339 et
2130 3288 2404 3343 sororibus
2430 3294 2664 3361 misceri,
2692 3303 2750 3350 ut
2771 3296 2934 3364 Stom,
2953 3301 3066 3354 sive
3088 3305 3342 3374 porticus,
3363 3309 3646 3377 praefectus

2053 3374 2403 3447 philosophus
2428 3382 2748 3451 legetsanxit
2779 3387 2894 3457 (b)?
2921 3389 3221 3450 Academiae
3249 3374 3462 3469 quoque
3493 3401 3641 3469 prino

2050 3468 2246 3538 cipem,
2279 3471 2500 3542 ejusque
2529 3476 2858 3546 magistrum,
2895 3480 3127 3552 itemque
3151 3486 3306 3553 alios,
3339 3468 3427 3557 qui
3453 3468 3641 3562 majori

2050 3561 2387 3617 admirationi
2418 3564 2713 3634 habentur,
2748 3570 2832 3626 his
2871 3573 3232 3632 obscoeniores
3268 3581 3431 3638 fuisse
3455 3561 3640 3638 osten-

2050 3652 2252 3719 derem,
2283 3655 2643 3730 infamemque
2678 3679 2966 3731 puerorum
3004 3683 3260 3736 amorem,
3289 3687 3446 3743 quem
3476 3675 3646 3733 hone-

2051 3753 2191 3797 stum
2221 3757 2272 3800 et
2310 3759 2511 3816 partem
2542 3751 2895 3823 phil050phiae
2925 3773 3044 3814 esse
3085 3770 3357 3832 statuunt,
3383 3768 3527 3822 omni
3553 3785 3641 3824 re-

2052 3843 2188 3890 tecta
2215 3838 2466 3909 allegoria
2497 3841 2824 3900 denudarent
2852 3889 2866 3910 ,
2897 3849 2998 3904 nisi
3045 3853 3196 3908 nobis
3223 3855 3289 3909 ad
3319 3858 3418 3912 alia
3450 3873 3644 3931 prope-

2052 3928 2292 3983 rantibus
2323 3932 2492 3985 oratio
2523 3933 2731 4003 longius
2761 3940 3186 4011 protraheretur,
3217 3960 3281 4000 ac
3310 3947 3409 4003 nisi
3441 3928 3506 4005 ex
3538 3928 3644 4006 uno

2051 4037 2207 4091 quam
2239 4023 2450 4079 ridiculi
2482 4030 2664 4082 cmtcri
2694 4030 2802 4085 sint
2831 4033 2962 4088 satis
2990 4047 3318 4104 argueretur.

2123 4111 2309 4166 Contra
2348 4113 2638 4171 Platonem.
2675 4150 2745 4160 —
2785 4122 3008 4188 Quando
3052 4129 3194 4183 enim
3229 4132 3524 4202 praecipuus
3550 4138 3639 4204 qni

2052 4205 2378 4260 severiorem
2410 4208 2758 4280 philosophia:
2791 4223 2994 4282 partem
3021 4220 3170 4287 sequi
3201 4221 3499 4289 videbatur,
3532 4235 3640 4281 tum

2051 4311 2116 4350 ex
2147 4297 2400 4367 loquendi
2429 4299 2638 4366 fiducia,
2672 4312 2780 4358 tum
2805 4321 2868 4362 ex
2899 4312 3269 4378 temperantia,
3292 4314 3426 4370 adeo
3449 4319 3641 4387 turpis,

2052 4391 2186 4446 adeo
2207 4393 2473 4450 absurdus
2493 4405 2547 4451 et
2568 4397 2778 4468 ineptus
2804 4415 2920 4455 esse
2940 4401 3308 4472 deprehensus
3325 4418 3427 4475 est,
3449 4411 3647 4480 quippe

2052 4483 2143 4552 qui
2190 4483 2436 4539 humanis
2460 4488 2602 4542 vesci
2643 4489 2890 4546 carnibus
2930 4492 3238 4550 indifferens
3270 4509 3389 4551 eSSe
3413 4499 3641 4565 dixerit,

2051 4589 2309 4643 quorsum
2334 4578 2526 4635 attinet
2546 4589 2732 4635 contra
2755 4592 2984 4638 caeteros
3005 4586 3161 4641 verba
3191 4587 3386 4656 facere,
3410 4605 3530 4644 eum
3555 4593 3645 4647 ille

2052 4667 2143 4735 qui
2171 4666 2236 4720 ad
2278 4667 2541 4738 fastigium
2582 4672 2807 4728 instituti
2853 4677 3056 4744 positus
3089 4693 3198 4748 prae
3227 4679 3345 4735 aliis
3373 4680 3640 4753 fulgebat,

2054 4769 2159 4814 tam
2183 4760 2459 4830 ridiculus,
2485 4765 2701 4834 puerilis
2726 4775 2781 4821 et
2809 4767 3006 4823 stultus
3031 4774 3336 4841 apparuerit
3357 4776 3642 4832 omnibus?

2052 4852 2410 4920 Quamobrem
2440 4872 2506 4912 eo
2535 4857 2817 4914 redeamus
2838 4899 2854 4926 ,
2897 4862 3038 4917 unde
3061 4864 3126 4918 ad
3156 4863 3270 4921 htec
3306 4866 3529 4924 dicenda
3556 4869 3644 4924 di-
3669 4875 3675 4882 '

2051 4946 2220 5014 gressi
2261 4961 2466 5002 sumus.
2512 4949 2822 5006 lncredulos
2862 4952 3041 5023 itaque
3070 4954 3258 5011 beatus
3287 4945 3374 5014 ille
3401 4958 3468 5014 ita
3497 4971 3648 5015 com-

2051 5038 2280 5107 pescuit,
2308 5036 2493 5094 fideles
2513 5048 2689 5095 autem
2715 5041 3077 5112 religiosiores
3104 5047 3373 5105 reddidit:
3400 5065 3503 5104 non
3531 5050 3646 5120 pri—

2053 5137 2205 5194 vates
2234 5129 2415 5192 modo,
2446 5131 2542 5187 sed
2568 5133 2728 5188 etiam
2755 5134 2955 5191 milites
2977 5171 2994 5205 -,
3027 5139 3291 5207 tribunos,
3322 5141 3640 5212 prmfectos.

2050 5219 2340 5278 ostendens
2366 5222 2744 5293 imperatorem
2774 5235 2828 5283 et
2851 5229 3088 5286 omnium
3128 5234 3474 5290 novissimum
3502 5236 3642 5308 apud

2051 5311 2321 5368 Christum
2347 5329 2494 5369 mera
2526 5317 2740 5372 nomina
2767 5333 2904 5385 esse,
2935 5331 2990 5376 et
3008 5321 3311 5380 diademate
3333 5324 3640 5382 redimitum

2052 5417 2160 5457 non
2184 5404 2373 5473 potiori
2395 5419 2517 5461 esse
2546 5406 2683 5475 loco,
2707 5409 2920 5478 quando
2944 5412 3215 5482 punitione
3234 5422 3291 5468 et
3307 5415 3644 5472 correctione

2051 5496 2307 5552 utendum
2340 5507 2442 5553 est.
2483 5499 2562 5554 Ad
2593 5499 2708 5556 haec
2733 5517 2862 5557 vero
2893 5503 3232 5574 impudentes
3261 5505 3413 5572 illos,
3446 5510 3533 5579 qui
3563 5510 3636 5566 di-

2051 5598 2234 5643 cerent
2267 5600 2448 5644 nostra
2479 5607 2586 5648 non
2613 5591 2755 5648 aliud
2787 5607 2907 5649 esse
2933 5610 3089 5664 quam
3120 5594 3300 5652 fucum
3336 5607 3391 5654 et
3415 5600 3640 5670 figmen-

2113 5750 2771 5830 isteristotslssz-
3148 5827 3159 5830 ,
3232 5829 3239 5830 ί
3321 5818 3456 5830 .,
3527 5816 3624 5830 .....

2114 5813 2347 5883 (b).2eno
2388 5815 2569 5863 Citieus
2590 5825 2774 5865 uxores
2805 5826 3090 5865 communes
3137 5827 3249 5866 esse
3293 5818 3474 5869 statuit.
3527 5816 3654 5869 Υἱῖίε

2050 5881 2166 5923 Lacr
2169 5882 2184 5922 ι
2189 5881 2286 5922 ιωη
2294 5911 2304 5923 .
