4032 6446
362 417 464 472 5·ιῖ

363 541 497 595 tum,
522 523 836 590 reirenavit,
865 521 1227 593 apostolorum
1258 519 1499 575 ﬁduciam
1524 517 1773 587 operibus
1795 532 1942 572 com-

363 621 625 691 probans,
655 616 960 684 docensque
1003 612 1194 668 talibus
1230 610 1358 666 olim
1395 610 1521 664 viris
1563 623 1699 678 opus
1744 607 1905 662 fuisse
1929 647 1944 670 ,

362 710 581 785 quando
619 711 894 780 signorum
937 703 1172 760 ostensio
1215 701 1472 771 majorem
1507 700 1634 769 ipsis
1675 698 1948 769 praebebat

364 811 703 876 potestatem.
733 797 972 853 Tertium
1009 808 1217 866 quoque
1256 792 1568 862 prteclarum
1605 790 1807 844 facinus
1843 803 1950 844 non

365 901 485 956 leve
508 894 944 968 deprehenditur,
976 891 1273 946 futurorum
1314 887 1508 957 quippe
1534 887 1868 942 sacerdotum
1897 892 1954 940 et

364 1004 548 1059 regum
576 986 802 1048 animos,
827 983 1016 1037 horum
1039 978 1250 1050 quidem
1277 976 1560 1047 depressit,
1586 975 1799 1030 illorum
1824 988 1952 1029 vero

364 1080 591 1144 extulit,
619 1076 898 1132 declarans
925 1069 1255 1127 sacerdotem
1283 1082 1404 1122 cum
1438 1078 1592 1122 terra:
1627 1076 1736 1120 tum
1766 1079 1951 1120 eorum

363 1187 485 1243 qum
512 1171 562 1224 in
595 1177 737 1223 terra
761 1171 1046 1236 geruntur,
1077 1161 1255 1216 verius
1284 1161 1592 1230 prtelectum
1620 1173 1758 1221 esse,
1793 1172 1952 1227 quam

337 1242 486 1318 'eum
527 1259 615 1330 qui
660 1271 887 1328 purpura
937 1253 1204 1318 induitur,
1236 1261 1594 1322 oportereque
1637 1259 1954 1320 potestatem

367 1357 510 1411 illam
543 1368 646 1407 non
678 1351 938 1413 minuere,
966 1345 1058 1402 sed
1087 1345 1320 1399 animam
1350 1343 1524 1413 potius
1554 1356 1772 1406 exuere,
1796 1355 1954 1409 quam

369 1425 686 1520 potestatem
710 1485 726 1512 ,
759 1457 917 1514 quam
949 1441 1090 1496 Dens
1117 1452 1350 1509 superne
1388 1437 1486 1506 ipsi
1524 1435 1790 1538 attribuit.
1823 1434 1955 1489 Nam

364 1541 435 1606 is,
465 1538 552 1608 qni
594 1536 672 1591 sic
709 1534 1001 1596 moriatur,
1042 1529 1202 1584 etiam
1232 1537 1351 1598 post
1391 1535 1614 1583 mortem
1651 1529 1817 1598 possit
1843 1543 1959 1582 om-

371 1644 466 1688 nes
493 1629 715 1698 juvare;
747 1623 836 1694 qui
870 1638 1000 1678 vero
1042 1620 1182 1675 hunc
1220 1619 1458 1674 ordinem
1497 1618 1809 1721 dereliquit,
1850 1633 1956 1721 non

371 1723 532 1780 modo
577 1729 699 1792 post
746 1727 972 1773 mortem
1015 1715 1212 1770 nemini
1254 1713 1483 1784 profuit,
1529 1712 1622 1768 sed
1678 1713 1836 1768 etiam
1877 1712 1958 1764 vi-

369 1831 504 1874 vens
547 1814 741 1870 multos
785 1827 853 1867 cx
892 1809 1116 1864 subditis
1160 1806 1433 1862 molliores
1476 1804 1683 1871 etfacit,
1727 1814 1780 1858 et
1819 1801 1958 1872 apud

371 1917 586 1963 exteros
648 1902 1016 1973 vituperabilis
1061 1899 1420 1966 ridiculusque
1461 1905 1584 1952 est:
1637 1896 1960 1965 insnperque

372 2000 500 2056 hinc
538 1995 832 2052 abscedens
869 1992 1038 2047 multo
1077 2005 1198 2045 cum
1249 1987 1510 2043 dedecore
1534 2001 1596 2042 ac
1625 2001 1855 2042 mmrorc
1892 1984 1959 2039 ad

371 2089 568 2147 Christi
621 2085 850 2142 tribunal
897 2084 1143 2147 sistetur,
1177 2079 1316 2134 unde
1367 2079 1537 2147 ipsum
1593 2079 1644 2131 in
1691 2079 1960 2131 fornacem

371 2182 638 2239 abducant
666 2187 956 2249 potestates
984 2174 1050 2229 ad
1082 2175 1132 2229 id
1163 2173 1448 2242 deputatte.
1481 2170 1840 2238 Quamobrem
1870 2183 1960 2224 sa-

374 2276 530 2346 piens
557 2272 770 2344 quidam
814 2276 1022 2334 monet,
1054 2266 1136 2321 Ne
1161 2266 1381 2335 accipias
1410 2265 1590 2336 {aciem
1615 2274 1792 2318 contra
1820 2274 1962 2319 tuam

371 2370 593 2426 animam
628 2367 824 2440 (Ecdi.
857 2366 910 2420 4.
952 2364 1024 2419 26
1047 2363 1088 2433 ).
1131 2362 1283 2430 Quod
1314 2363 1358 2416 si
1386 2363 1502 2417 viro
1543 2361 1734 2432 injuria
1770 2359 1964 2415 aﬂ‘ecto

374 2479 480 2518 non
512 2469 680 2516 tutum
715 2467 799 2515 est
827 2456 1196 2520 dissimulare,
1227 2453 1339 2523 qui,
1368 2453 1577 2508 violatis
1616 2452 1704 2506 Dei
1735 2451 1960 2520 legibus,

371 2563 512 2611 tacet.
537 2568 598 2609 ac
630 2551 865 2622 negligit,
887 2564 992 2619 quo
1017 2547 1277 2617 supplicio
1307 2545 1498 2615 dignus
1528 2559 1635 2599 non
1665 2545 1800 2600 erit?
1830 2542 1962 2598 Cum

374 2646 459 2702 his
486 2647 645 2702 etiam
675 2641 818 2698 aliud
843 2682 857 2706 ,
887 2641 972 2696 his
1011 2655 1117 2694 non
1157 2638 1332 2692 minus
1362 2636 1559 2691 bonum
1583 2677 1598 2701 ,
1627 2651 1725 2690 nos
1749 2635 1961 2702 docuit,

372 2746 622 2808 oportere
654 2735 857 2790 scilicet
900 2744 1165 2802 quemque
1208 2744 1304 2783 suo
1345 2727 1488 2798 fungi
1531 2728 1727 2790 cilicio,
1756 2727 1964 2781 etiamsi

373 2830 577 2886 nullum
602 2827 725 2882 inde
747 2827 952 2880 lucrum
981 2822 1046 2877 ad
1076 2823 1207 2876 alios
1229 2829 1444 2876 emanet
1475 2838 1488 2874 :
1520 2835 1690 2888 neque
1710 2820 1853 2874 enim
1877 2820 1966 2874 ille

372 2919 644 2992 quidpiam
665 2932 730 2973 ex
760 2915 1010 2986 loquendi
1036 2913 1286 2968 libertate
1312 2912 1378 2966 ad
1409 2910 1748 2980 Imperatoris
1771 2911 1966 2964 utilita-

373 3025 480 3072 tem
508 3014 743 3068 lucratus
771 3018 890 3074 est;
920 3017 1150 3062 attamen
1181 3005 1324 3076 quod
1365 3019 1530 3076 penes
1557 3019 1616 3060 se
1641 3012 1758 3058 erat
1797 3011 1964 3058 totum

374 3104 632 3176 implevit,
656 3117 719 3157 ac
742 3100 872 3156 nihil
899 3100 1162 3169 reliquum
1192 3097 1336 3152 fecit.

443 3195 752 3266 Martyrium
776 3194 938 3248 sancti
964 3191 1192 3262 Babylae.
1226 3220 1300 3230 —
1332 3191 1432 3256 Qui
1461 3199 1636 3243 autem
1673 3187 1860 3241 morbo
1889 3185 1968 3240 la-

372 3288 613 3353 borabat,
640 3285 939 3356 arrogantia
959 3299 1052 3338 sua
1074 3283 1290 3338 artiﬁcis
1316 3281 1557 3352 peritiam
1581 3279 1818 3334 inutilem
1846 3279 1968 3334 red-

371 3380 542 3444 didit,
571 3377 768 3448 ingenti
806 3391 926 3430 cum
975 3374 1154 3428 furore
1197 3372 1646 3428 medicamentum
1685 3385 1716 3426 e
1747 3370 1966 3426 vulnere

373 3484 676 3528 removens.
707 3471 782 3524 Ac
803 3469 846 3524 si
870 3467 1012 3524 enim
1041 3482 1144 3522 non
1168 3466 1297 3520 satis
1323 3472 1464 3520 esset
1491 3478 1676 3520 necem
1703 3471 1962 3533 patrasse,

373 3566 504 3619 etin
533 3563 788 3631 templum
820 3561 909 3615 Dei
939 3557 1277 3627 impudenter
1303 3556 1574 3623 insiliisse,
1603 3554 1737 3610 caedi
1762 3555 1966 3609 caedem

372 3655 594 3709 alteram
636 3651 864 3721 adjecit,
898 3658 953 3704 et
995 3664 1057 3703 ac
1099 3649 1142 3702 si
1186 3647 1537 3702 contenderet
1577 3646 1966 3718 posterioribus

375 3746 552 3816 priora
577 3757 830 3811 superare
853 3783 866 3805 ,
897 3756 961 3796 ac
999 3739 1365 3808 praecedentes
1396 3737 1610 3792 morbos
1637 3737 1968 3808 subsequen-

373 3841 505 3894 tium
541 3835 903 3907 magnitudine
930 3833 1218 3888 obscurare
1245 3833 1261 3900 (
1287 3831 1406 3886 talis
1432 3831 1629 3900 quippe
1650 3839 1734 3885 εει
1769 3829 1965 3884 diaboli

373 3930 601 3995 insania,
628 3937 686 3982 ut
719 3926 990 3981 contraria
1019 3924 1176 3978 simul
1220 3925 1406 3993 paret)
1440 3939 1453 3975 :
1488 3923 1566 3978 sic
1593 3924 1807 3993 utrique
1831 3922 1960 3977 caedi

376 4021 428 4076 id
451 4019 704 4075 eximium
734 4016 878 4072 dedit
902 4058 916 4081 ,
950 4024 1006 4069 ut
1043 4014 1446 4084 congruentiam
1471 4013 1756 4084 quamdam
1785 4024 1966 4067 mutuo

375 4113 654 4168 haberent.
687 4110 752 4164 Et
787 4117 904 4166 erat
929 4108 1145 4178 quidem
1177 4107 1322 4176 prior
1351 4109 1499 4177 pueri
1526 4105 1700 4161 caedes
1739 4105 1964 4160 misera-

375 4206 532 4260 bilior
551 4201 808 4265 secunda,
832 4201 1067 4257 secunda
1091 4216 1216 4256 vero
1234 4200 1541 4255 sceleratior
1559 4200 1753 4269 priore,
1775 4215 1967 4268 nempe

373 4297 542 4353 sancti
573 4293 810 4365 Babylac.
851 4292 1041 4348 Anima
1084 4292 1280 4362 quippe
1321 4308 1439 4360 qua:
1483 4293 1646 4345 semel
1690 4301 1964 4361 peccatum

371 4387 672 4459 degustavit
702 4386 716 4417 ί
743 4400 807 4440 ac
829 4399 987 4440 sensu
1019 4391 1187 4449 caret,
1217 4385 1439 4438 nmltum
1465 4383 1645 4452 adjicit
1672 4383 1858 4439 morbo
1888 4384 1969 4438 in-

373 4488 726 4534 crementum.
753 4475 821 4531 Et
849 4473 1301 4548 quemadmodum
1325 4475 1553 4532 scintilla
1577 4475 1629 4528 in
1651 4475 1964 4530 immensam

373 4573 656 4628 materiam
689 4570 930 4626 incidens
960 4569 1100 4639 quod
1128 4569 1359 4624 occurrit
1381 4569 1560 4624 statim
1588 4569 1839 4635 incendit,
1872 4585 1968 4625 ne-

375 4679 479 4733 que
499 4663 582 4718 hic
607 4673 784 4718 tamen
809 4661 1076 4727 consistit,
1101 4661 1193 4718 sed
1224 4661 1364 4731 quod
1392 4661 1657 4732 reliquum
1681 4671 1759 4716 est
1784 4662 1963 4716 statim

281 4795 286 4800 ι
375 4756 678 4822 consumit,
718 4763 773 4809 et
818 4764 1017 4825 quanto
1055 4754 1207 4824 plura
1253 4755 1464 4809 ﬂamma
1509 4754 1962 4824 apprehenderit,

374 4855 526 4901 tanto
551 4844 808 4914 majorem
842 4846 946 4901 vim
984 4847 1177 4916 accipit
1201 4845 1268 4900 ad
1296 4846 1622 4916 reliquorum
1650 4847 1962 4915 perniciem,

374 4936 936 5005 deprehensorumque
977 4935 1241 5006 lignorum
1281 4935 1434 5006 cepia
1474 4936 1540 4991 iis
1583 4951 1702 5007 quae
1731 4951 1854 4991 mox
1886 4936 1966 4991 in-

376 5028 696 5085 ﬂammanda
723 5037 848 5084 sunt
877 5027 1130 5084 insidiosa
1151 5029 1347 5098 evadit,
1380 5028 1594 5084 ﬂamma
1623 5029 1688 5084 iis
1713 5045 1830 5099 qua:
1852 5029 1962 5099 jam

370 5130 619 5192 correpta
649 5128 774 5175 sunt
799 5133 1012 5190 semper
1035 5135 1093 5175 se
1108 5131 1348 5176 arntante
1377 5130 1561 5176 contra
1593 5136 1656 5177 ea
1693 5137 1812 5193 quae
1841 5137 1965 5178 mox

371 5213 732 5283 corripientur
753 5229 765 5264 :
790 5213 868 5267 sic
891 5228 950 5266 se
970 5211 1129 5267 habet
1147 5222 1202 5268 et
1223 5214 1425 5282 peccati
1448 5223 1658 5278 natura,
1677 5213 1766 5268 ubi
1789 5227 1964 5285 qnam-

371 5305 493 5359 dam
525 5305 716 5359 anima:
746 5306 1124 5375 cogitationem
1154 5306 1532 5375 occupaverit,
1560 5321 1658 5362 nec
1684 5312 1962 5376 quisquam

318 5427 320 5429 ›
371 5403 456 5449 est
484 5397 575 5466 qui
605 5397 802 5452 malum
833 5397 1135 5466 exatinguat
1154 5437 1168 5462 ,
1201 5395 1421 5452 ulterius
1449 5413 1726 5468 progressa
1753 5396 1965 5466 gravior

371 5495 424 5540 et
457 5486 626 5555 magis
667 5487 920 5542 indomita
965 5485 1195 5542 efﬁcitur
1225 5503 1237 5540 :
1268 5486 1495 5557 ideoque
1525 5487 1815 5556 posteriora
1849 5489 1963 5556 ple-

373 5592 598 5645 rumque
621 5586 837 5645 peccata
860 5577 1118 5634 validiora
1139 5578 1288 5634 luere
1309 5579 1599 5649 prioribus,
1619 5578 1793 5632 anima
1817 5592 1962 5632 sem-

379 5683 473 5739 per
497 5669 850 5736 posteriorum
880 5672 1185 5728 accessione
1211 5672 1276 5728 ad
1316 5673 1574 5744 majorem
1604 5672 1960 5739 arrogantiam

441 5780 458 5808 ί
495 5779 766 5848 ιξιῃιεμοοςί.
795 5788 849 5831 et
868 5779 1008 5830 savil.
1030 5783 1076 5832 in
1113 5798 1288 5848 marg,
1313 5786 1474 5836 anima
1492 5782 1668 5848 quippe
1693 5783 1757 5832 ml
1776 5782 1959 5835 malum

371 5837 521 5888 semel
542 5837 784 5892 inclinata.

1105 407 1161 463 S.
1202 405 1478 464 JOANNIS
1501 404 1977 462 CHRYSOSTOMI
2015 405 2333 462 ARCHIEP.
2375 409 2918 470 CONSTANTINOP.

3533 427 3638 483 548

2055 527 2108 573 et
2136 529 2499 592 contemptum
2540 525 2675 580 elata
2700 567 2714 592 ,
2745 541 2809 581 ac
2850 544 2944 599 per
2975 529 3088 586 haec
3119 532 3221 587 vim
3261 550 3412 592 suam
3444 540 3642 596 dissolo

2053 619 2212 665 vente
2236 652 2250 675 ,
2281 615 2484 683 peccati
2511 630 2637 671 vero
2663 618 2828 674 robur
2851 621 3049 677 alente.
3079 623 3168 678 Sic
3195 629 3372 696 itaque
3400 633 3558 687 multi
3592 635 3643 689 in

2055 719 2214 759 omne
2264 717 2598 775 peccatorum
2649 725 2816 781 genus
2869 731 2973 770 non
3017 717 3356 776 advertentes
3405 724 3643 796 prolapsi

2056 807 2200 863 sunt,
2225 801 2344 867 quia
2373 801 2637 858 ﬂammam
2664 805 2813 861 initio
2839 824 2942 863 non
2969 814 3325 869 restinxerunt
3348 835 3361 870 :
3383 818 3455 872 ita
3485 821 3646 876 miser

2058 887 2149 943 ille
2174 892 2416 958 graviora
2443 894 2710 962 prioribus
2738 901 3030 968 posteriora
3059 903 3319 974 adjunxit.
3350 909 3643 981 Postquam

2057 981 2197 1036 enim
2221 982 2472 1051 juvenem
2504 987 2649 1042 illum
2690 1001 3023 1060 peremerat,
3057 1009 3085 1048 a
3116 998 3263 1052 caede
3304 1000 3370 1055 ad
3400 1001 3646 1058 inferen-

2057 1072 2178 1126 dam
2209 1075 2406 1144 templo
2433 1075 2679 1147 injuriam
2722 1097 3034 1152 progressus
3073 1098 3152 1141 est
3179 1131 3192 1153 ,
3223 1105 3288 1145 ac
3325 1107 3515 1149 rursus
3548 1095 3648 1151 hac

2060 1164 2142 1217 via
2185 1167 2511 1234 procedens,
2558 1169 2624 1224 ad
2657 1177 3014 1244 arrogantiam
3057 1187 3243 1234 contra
3283 1183 3647 1242 sacerdotium

2059 1253 2414 1312 exhibendam
2442 1274 2500 1315 se
2526 1263 2760 1319 accinxit
2790 1268 2828 1332 ¹,
2859 1279 3207 1341 sanctumque
3237 1274 3380 1331 ferro
3409 1280 3647 1336 vinctum

2059 1354 2112 1400 et
2131 1345 2181 1400 in
2203 1361 2471 1406 carcerem
2489 1354 2787 1424 conjectum
2809 1358 2888 1414 sic
2914 1361 3054 1416 ultus
3073 1373 3174 1429 est,
3195 1364 3438 1424 beneficii
3460 1386 3649 1443 pmnas

2062 1445 2308 1503 repetens
2331 1481 2346 1504 ,
2375 1455 2606 1512 cumque
2641 1460 2762 1500 eum
2811 1449 2933 1504 ideo
2972 1452 3260 1521 admirari,
3293 1472 3560 1516 coronare
3597 1473 3650 1518 et

2063 1524 2181 1592 plus
2203 1568 2218 1594 ,
2245 1544 2402 1598 quam
2449 1544 2724 1606 parentes,
2765 1537 3029 1598 honorare
3049 1540 3338 1614 oport'eret,
3374 1553 3649 1608 malclico-

2062 1631 2180 1670 rum
2231 1636 2352 1675 eum
2413 1625 2595 1682 subire
2646 1629 2852 1688 vincula
2909 1635 3348 1712 vinculorumque
3404 1645 3652 1702 miserias

2061 1712 2252 1781 coegit.

2139 1805 2224 1862 lO.
2258 1809 2346 1866 Sic
2369 1853 2384 1875 ,
2424 1815 2872 1882 quemadmodum
2902 1821 3177 1893 dicebam,
3206 1829 3487 1887 subortnm
3521 1849 3650 1903 pec-

2065 1910 2275 1969 catum,
2310 1907 2520 1962 nemine
2545 1909 2859 1976 prohibente
2890 1930 2956 1969 ne
2985 1917 3050 1970 ad
3079 1921 3325 1977 ulteriora
3359 1927 3652 1996 progrede—

2065 2001 2231 2059 retur,
2253 1994 2490 2054 cohiberi
2533 2010 2714 2068 postea
2740 2009 3106 2080 continerique
3136 2030 3240 2069 non
3271 2027 3448 2086 potest
3469 1994 3496 2073 ⁷ε
3530 2035 3652 2089 per-

2067 2083 2190 2141 inde
2225 2097 2384 2157 atque
2427 2093 2546 2162 equi
2577 2093 2852 2163 furentes,
2887 2101 3098 2169 rejectis
3134 2120 3164 2158 e
3192 2121 3422 2176 corpore
3451 2110 3616 2166 frenis
3636 2155 3651 2178 ,

2066 2177 2411 2248 excussisque
2439 2185 2739 2241 sessoribus
2769 2203 2831 2244 ac
2858 2193 3060 2260 supinis
3097 2195 3242 2250 lmmi
3283 2201 3488 2256 relictis
3508 2244 3523 2268 ,
3562 2221 3653 2259 oc-
3715 2206 3718 2210 ’

2065 2273 2400 2327 currentibus
2426 2277 2710 2333 admodum
2739 2283 2944 2338 molesti
2975 2297 3095 2341 sunt
3117 2331 3130 2352 ,
3161 2291 3484 2363 nemineque
3511 2296 3655 2350 cohi-

2068 2359 2262 2429 bente,
2298 2365 2494 2435 impetu
2520 2385 2640 2426 sese
2662 2374 2711 2427 in
2742 2376 3027 2446 praecipitia
3052 2383 3360 2450 conjiciunt.
3394 2359 3523 2442 ideo
3544 2390 3655 2442 ani-

2067 2469 2184 2509 mas
2221 2455 2523 2526 hujusmodi
2551 2465 2740 2521 salutis
2767 2477 2963 2524 nostra:
3001 2472 3248 2531 inimicus
3293 2479 3343 2532 in
3391 2479 3653 2538 insaniam

2067 2547 2302 2618 conjicit,
2333 2567 2389 2608 ut
2411 2569 2503 2610 eas
2531 2556 2772 2615 desertas
2793 2604 2806 2626 ,
2837 2566 3047 2621 nemine
3071 2580 3291 2626 curante
3312 2613 3329 2638 ,
3359 2577 3656 2645 corripiens

2067 2637 2373 2710 disperdat,
2399 2655 2453 2701 et
2477 2648 2773 2707 innumeris
2794 2655 3090 2714 circumdet
3117 2662 3287 2716 malis.
3322 2665 3537 2722 Etenim
3567 2669 3654 2738 qui

2067 2745 2294 2802 corpore
2321 2736 2594 2808 laborant,
2627 2745 2795 2800 donec
2828 2749 3062 2804 medicos
3093 2767 3151 2808 se
3177 2755 3324 2811 adire
3349 2761 3653 2830 patiuntur,

2067 2839 2312 2895 magnam
2339 2829 2524 2887 salutis
2548 2849 2694 2904 spem
2723 2835 2952 2907 habent;
2986 2858 3106 2898 cum
3141 2863 3265 2902 vero
3294 2851 3344 2904 in
3370 2854 3657 2921 phrenesin

2071 2914 2206 2984 lapsi
2247 2920 2483 2977 calcibus
2523 2924 2784 2995 impetunt
2828 2933 3182 3006 mordentque
3221 2955 3312 2994 eos
3341 2914 3492 3014 ,-qui
3535 2963 3592 3000 se
3627 2963 3658 3001 a

2069 3007 2258 3063 morbo
2297 3025 2485 3067 eruere
2513 3019 2722 3083 volunt,
2765 3030 2874 3076 tum
2920 3040 3048 3082 sane
3087 3029 3453 3090 incurabiliter
3488 3054 3657 3107 aegro-

2070 3103 2218 3164 tant,
2247 3115 2351 3156 non
2377 3113 2482 3159 tam
2511 3107 2581 3161 ob
2606 3111 2779 3166 morbi
2809 3126 3054 3172 naturam
3080 3162 3094 3184 ,
3123 3137 3279 3191 quam
3308 3127 3431 3195 quia
3460 3103 3658 3184 deserti

2069 3183 2287 3245 fuerunt
2308 3191 2376 3247 ab
2406 3194 2470 3249 iis
2489 3237 2504 3258 ,
2533 3198 2621 3266 qui
2653 3199 2796 3268 ipsos
2821 3219 2849 3256 a
2875 3203 3054 3263 furore
3085 3183 3311 3269 liberare
3325 3183 3655 3285 potuissent.

2069 3277 2126 3332 In
2167 3296 2328 3350 quem
2371 3284 2607 3344 furorem
2647 3290 2769 3359 hic,
2811 3297 2878 3350 de
2902 3313 3007 3368 quo
3047 3301 3348 3373 loquimur,
3384 3324 3445 3364 se
3476 3313 3657 3380 cenje-

2069 3371 2141 3426 cit
2166 3389 2180 3427 :
2204 3379 2591 3445 comprehenso
2611 3398 2841 3456 namque
2861 3391 3068 3447 medico
3083 3437 3097 3461 ,
3125 3395 3250 3452 dum
3274 3401 3468 3458 vulnus
3489 3405 3659 3459 adlmc

2071 3488 2315 3546 secaret,
2346 3496 2467 3536 eum
2497 3486 2674 3541 statim
2715 3490 2955 3558 expulit,
2988 3502 3042 3548 et
3067 3510 3095 3548 a
3126 3497 3284 3552 domo
3305 3516 3463 3571 quam
3495 3505 3660 3574 potuit

2071 3569 2380 3643 longissime
2409 3582 2604 3650 exegit.
2634 3581 2957 3657 Licebatque
2977 3588 3065 3644 hic
3093 3569 3530 3652 Herodis‘dram-a
3556 3615 3655 3652 non

2071 3668 2272 3720 tantum
2303 3669 2520 3724 auribus
2547 3673 2844 3743 percipere,
2875 3679 2968 3733 sed
2990 3695 3171 3737 coram
3201 3685 3386 3754 majori
3417 3704 3537 3742 cum
3563 3705 3654 3758 pe-

2073 3753 2292 3810 tulantia
2347 3770 2555 3827 gestum
2607 3776 2898 3834 spectare:
2933 3771 3052 3840 quia
3109 3773 3240 3828 illud
3288 3753 3486 3846 majori
3538 3753 3654 3833 eum

2070 3851 2431 3908 ostentatione
2460 3865 2515 3908 et
2539 3870 2796 3926 apparatu
2823 3861 3068 3918 diabolus
3099 3865 3149 3919 in
3177 3869 3359 3923 mundi
3393 3870 3654 3926 theatrum

2072 3941 2261 3996 iterum
2293 3944 2534 4012 induxit,
2564 3965 2660 4018 pro
2687 3955 2955 4008 tetrareha
2984 3951 3266 4024 personam
3308 3959 3647 4030 imperatoris

2069 4035 2421 4104 constituens,
2447 4050 2501 4094 et
2525 4056 2621 4110 pro
2644 4059 2745 4097 una
2767 4059 2926 4100 causa
2946 4047 3140 4116 duplex
3168 4052 3244 4106 rei
3263 4064 3652 4124 argumentum,

2070 4125 2162 4180 illo
2189 4127 2345 4198 longe
2376 4133 2580 4200 turpius
2603 4175 2617 4198 ,
2649 4135 2923 4204 praebens;
2963 4139 3032 4192 ita
3063 4149 3248 4196 utnon
3281 4160 3505 4202 numero
3537 4156 3650 4199 tan-

2073 4227 2182 4272 tum
2210 4261 2225 4285 ,
2259 4220 2353 4275 sed
2379 4221 2491 4291 ipsa
2522 4239 2736 4295 quoque
2761 4243 2941 4283 rerum
2973 4240 3160 4286 natura
3194 4236 3448 4305 tragmdia
3493 4236 3654 4292 multo

2071 4310 2328 4381 insignior
2357 4324 2521 4368 esset.
2542 4314 2657 4370 Non
2687 4318 2828 4372 enim
2859 4318 2944 4375 hic
2963 4323 3102 4377 sicut
3128 4323 3236 4380 illic
3265 4327 3463 4396 nuptize
3490 4326 3653 4382 viola-

2071 4403 2265 4460 bantur
2285 4447 2300 4470 ,
2331 4421 2502 4476 neque
2526 4425 2591 4462 ex
2619 4407 2894 4480 illegitimo
2915 4413 3057 4468 coitu
3083 4455 3097 4479 ,
3127 4415 3222 4470 sed
3261 4432 3326 4471 ex
3364 4417 3652 4474 scelestiori

2071 4499 2290 4566 puerilis
2323 4499 2485 4554 caedis
2516 4500 2920 4570 inquinamento
2945 4545 2959 4568 ,
2988 4521 3052 4560 cx
3085 4507 3364 4578 tyrannide
3393 4509 3652 4598 crudelis-

2072 4589 2228 4655 sima,
2258 4599 2314 4644 et
2341 4605 2408 4645 ex
2444 4592 2746 4661 iniquitate,
2781 4609 2886 4648 non
2927 4596 2978 4649 in
3010 4611 3257 4666 uxorem,
3285 4598 3380 4655 sed
3411 4599 3464 4656 in
3490 4589 3651 4671 ipsam

2071 4683 2474 4737 sanctimoniam
2508 4685 2770 4752 exhibita,
2799 4684 2936 4742 hanc
2962 4688 3240 4744 historiam
3278 4691 3542 4763 malignus
3566 4689 3650 4742 ille

2073 4773 2267 4826 texuit.
2296 4773 2587 4844 Conjectus
2613 4791 2742 4845 ergo
2769 4777 2820 4830 in
2849 4791 3122 4833 carcerem
3154 4779 3343 4836 beatus
3374 4781 3462 4836 ille
3485 4822 3499 4846 ,
3529 4793 3649 4850 gau-

2070 4864 2230 4920 debat
2258 4867 2470 4935 quidem
2496 4867 2563 4922 de
2598 4868 2841 4934 vinculis,
2875 4869 2971 4924 sed
2993 4870 3205 4926 dolebat
3231 4873 3296 4928 de
3328 4873 3649 4929 vinculorum

2070 4959 2305 5014 auctoris
2353 4960 2588 5030 pernicie
2619 4979 2633 5016 :
2677 4977 2850 5032 neque
2884 4963 3025 5018 enim
3065 4973 3244 5034 pater,
3276 4981 3447 5036 neque
3473 4961 3645 5036 ptedo-

2073 5049 2230 5118 triha,
2255 5066 2375 5106 cum
2405 5052 2492 5106 ille
2513 5052 2579 5107 de
2607 5053 2696 5106 filii
2718 5093 2732 5120 ,
2764 5052 2851 5109 hic
2879 5053 2946 5110 de
2973 5054 3215 5126 discipuli
3240 5054 3438 5126 ﬂagitio
3459 5050 3539 5106 vel
3562 5063 3647 5104 ca-

2073 5142 2308 5198 lamitate
2333 5143 2588 5198 clariores
2619 5145 2872 5212 evadunt,
2904 5160 3136 5201 mairum
3162 5156 3381 5197 vacuam
3410 5142 3644 5210 volupta-

2073 5244 2178 5288 tcm
2206 5250 2270 5289 ex
2295 5235 2379 5288 illa
2403 5233 2640 5290 claritate
2661 5236 2894 5304 capiunt.
2919 5233 3275 5302 Quamobrem
3303 5233 3489 5290 beatus
3515 5233 3642 5288 Pauo

2073 5324 2155 5379 lus
2191 5325 2481 5380 Corinthiis
2521 5325 2733 5381 dicebat
2762 5345 2775 5381 :
2807 5325 3026 5380 Oramus
3071 5335 3240 5379 autem
3273 5335 3328 5379 ut
3371 5326 3498 5380 nilu'l
3528 5322 3641 5377 ntali

2071 5417 2291 5489 faciatis,
2339 5436 2436 5472 non
2467 5428 2520 5473 ut
2561 5436 2653 5474 nos
2694 5420 2892 5489 probati
2932 5435 3304 5490 appareamus,
3349 5419 3438 5473 sed
3477 5429 3530 5472 ut
3563 5431 3640 5470 vos

2070 5509 2204 5577 quod
2235 5510 2426 5564 bonum
2453 5519 2526 5563 est
2556 5511 2754 5580 faciatis
2783 5525 2802 5563 :
2831 5526 2923 5564 nos
2965 5519 3135 5562 autem
3159 5519 3214 5563 ut
3253 5510 3450 5580 reprobi
3489 5509 3638 5564 simus

2072 5604 2146 5676 (ἓ.
2175 5602 2300 5660 Cor.
2322 5605 2406 5659 15.
2438 5602 2515 5675 7).
2540 5604 2628 5660 Sic
2649 5604 2826 5674 itaque
2845 5602 3160 5659 admirando
3191 5603 3266 5658 illi
3289 5604 3403 5659 viro
3424 5601 3638 5674 optatior

2134 5783 2151 5813 ι
2188 5788 2313 5830 Unus
2335 5781 2442 5832 cod.
2481 5788 2607 5843 post,
2647 5781 2876 5841 accinxit,
2902 5781 3061 5841 addit,
3107 5773 3258 5844 neque
3287 5794 3343 5832 eo
3369 5780 3517 5842 stetit,
3554 5777 3632 5829 sed

2068 5851 2284 5896 metum
2305 5843 2461 5908 ferro,
2479 5853 2573 5892 etc.
