4032 6440
348 429 460 486 δᾶτ

338 538 459 600 ilva
468 558 486 594 ι
498 540 751 609 λέγοντας
770 538 1117 611 ἐπεστόμισε,
1132 538 1233 611 τὴν
1249 537 1360 594 τῶν
1374 537 1690 594 ἀποστόλων
1703 537 1814 608 παρ
1824 533 2019 608 ρησίαν

336 629 431 683 διὰ
476 629 589 682 τῶν
639 628 817 700 ἐργων
860 628 1160 695 ἐπιδείξας,
1190 626 1345 699 [551]
1374 626 1472 681 καὶ
1513 624 1756 689 διδάξας,
1803 625 1887 676 δτι
1925 623 2021 674 καὶ

340 716 513 770 πάλαι
542 716 819 780 τοιούτους
871 716 1071 788 ἀνδρας
1120 715 1378 785 γενέσθαι
1433 714 1582 777 εἰκὸς
1627 708 1719 783 ἦν,
1778 711 1868 764 ὅτε
1928 708 2022 762 καὶ

338 802 568 856 πλείονα
592 803 625 873 ἠ
651 801 760 856 τῶν
785 802 1027 873 σημείων
1061 801 1322 867 ἐπίδειξις
1374 802 1604 871 παρεῖχε
1630 797 1731 869 τὴν
1771 796 2022 863 ἐξουσίαν

338 889 553 951 αὐτοῖς.
587 889 746 942 Ἔστι
778 906 830 942 τι
864 889 957 942 καὶ
1004 881 1189 958 τρίτον
1244 886 1580 959 κατόρθωμα
1612 885 1676 938 οὑ
1723 883 1785 936 τὸ
1824 882 2020 952 τυχὸν,

340 977 454 1031 τῶν
474 975 582 1049 γὰρ
602 976 738 1047 μετά
751 976 924 1031 ταῦτα
951 976 1200 1048 ἱερᾶσθαι
1223 976 1317 1030 καὶ
1340 972 1644 1046 βασιλεύειν
1674 970 1974 1043 μελλόντων
1992 980 2021 1010 ει

338 1066 414 1121 τὰ
464 1066 812 1136 φρονήματα,
848 1064 956 1118 τῶν
1016 1065 1114 1134 μὲν
1147 1062 1483 1128 κατέστειλε,
1533 1059 1645 1115 τῶν
1691 1059 1749 1113 δέ
1795 1058 2021 1128 ἐπῆρεν,

338 1154 656 1224 ἀποφήνας,
679 1153 762 1206 ὅτι
787 1152 888 1221 τῆς
918 1152 1021 1221 γῆς
1055 1151 1151 1205 καὶ
1178 1151 1286 1205 τῶν
1318 1152 1377 1204 ἐν
1424 1151 1492 1221 τῇ
1521 1150 1592 1221 γῇ
1628 1146 2022 1218 πραττομένων

341 1240 683 1314 κυριώτερος
711 1240 1011 1310 ἐπίτροπος
1044 1240 1072 1291 6
1098 1240 1198 1311 τὴν
1247 1237 1554 1310 ἱερωσύνην
1592 1233 1773 1307 λαχὼν
1798 1233 1893 1288 τοῦ
1923 1232 2023 1305 τὴν

340 1329 640 1401 ἁλουργίδα
671 1328 886 1399 ἔχοντός
912 1329 1053 1390 ἐστι,
1087 1327 1179 1381 καὶ
1213 1325 1319 1399 χρὴ
1367 1326 1471 1397 τῆς
1518 1323 1770 1389 ἐξουσίας
1816 1320 2025 1393 ταύτης

337 1417 408 1470 τὸ
460 1415 692 1488 μέγεθος
745 1414 821 1486 μὴ
879 1414 1159 1479 ἐλαττοῦν,
1192 1414 1328 1467 άλλά
1358 1412 1459 1483 τῆς
1486 1410 1666 1482 ψυχῆς
1707 1408 2023 1475 ἐξίστασθαι

340 1505 635 1576 πρότερον,
679 1505 713 1575 ἦ
763 1505 865 1574 τῆς
894 1502 1213 1569 αὑθεντίας,
1249 1504 1315 1573 ἢν
1365 1503 1393 1555 6
1440 1500 1573 1563 Θεὸς
1609 1498 1816 1554 ἀνωθεν
1850 1495 2026 1570 ταύτῃ

343 1593 582 1664 συνεκλή
593 1609 734 1660 ρωσε
763 1594 829 1663 τῇ
860 1593 1025 1663 ἀρχῇ.
1059 1591 1118 1644 '0
1144 1592 1241 1662 μὲν
1267 1591 1375 1662 γάρ
1402 1588 1574 1653 οὕτως
1601 1586 1907 1651 ἀποθανὼν,
1932 1586 2025 1639 καί

344 1680 490 1752 μετά
508 1681 604 1751 τὴν
624 1680 878 1751 τελευτὴν
894 1678 1098 1733 δύναιτ’
1125 1678 1191 1733 ἂν
1215 1678 1457 1741 ἅπαντας
1488 1677 1717 1745 ὠφελεῖν
1740 1696 1747 1703 ’
1767 1679 1793 1729 6
1813 1675 1869 1728 δέ
1896 1674 2025 1729 ταύ-

339 1787 447 1839 την
473 1769 572 1840 τὴν
595 1767 748 1832 τάξιν
773 1766 967 1830 λιπὼν,
998 1767 1060 1820 ού
1093 1767 1253 1837 μόνον
1294 1765 1433 1836 μετά
1459 1765 1549 1818 τὸν
1580 1764 1812 1819 θάνατον
1834 1763 2025 1817 οὑδένα

341 1856 576 1926 ὤνησεν,
611 1855 750 1910 ἀλλά
783 1856 879 1909 καὶ
913 1853 1022 1919 ζῶν
1063 1854 1172 1907 τῶν
1202 1870 1259 1906 τε
1290 1853 1382 1906 ὑπ’
1417 1851 1568 1923 αὑτῷ
1606 1852 1957 1922 ταττομένων
1996 1850 2024 1890 δ

339 1948 474 2010 τοὺς
503 1946 753 2009 πλείονας
784 1945 1204 2017 μαλακωτέρους
1243 1936 1573 2017 ἐίργάσατο,
1605 1942 1701 1996 καὶ
1735 1941 1884 2014 παρά
1912 1944 2027 2007 τοῖς

350 2033 550 2101 ἔξωθεν
597 2034 960 2098 ἐπονείδιστος
1013 2034 1108 2087 καὶ
1177 2032 1583 2101 καταγέλαστος
1632 2031 1863 2100 γίνεται.
1916 2030 2027 2084 Kal

343 2120 600 2175 ἀπελθὼν
652 2122 711 2176 δὲ
759 2122 1034 2188 ἐντεῦθεν,
1070 2121 1208 2193 μετά
1246 2120 1452 2191 πολλῆς
1502 2118 1766 2192 αἰσχύνης
1803 2120 1897 2173 καὶ
1923 2135 2025 2173 κα-

343 2209 580 2280 τηφείας
604 2211 1021 2281 παραστήσεται
1044 2209 1123 2282 τῷ
1151 2209 1360 2282 βήματι
1394 2207 1489 2263 τοῦ
1518 2207 1781 2280 Χριστοῦ,
1813 2206 2027 2261 ἐκεῖθέν

341 2315 408 2351 τε
428 2298 593 2352 αὑτὸν
624 2299 787 2353 πάλιν
818 2300 900 2363 εἰς
928 2299 1029 2371 τὴν
1063 2300 1294 2369 κάμινον
1326 2296 1632 2363 ἀπάξουσιν
1684 2296 1940 2350 ἕλκουσαι
1968 2295 2027 2348 at

343 2389 489 2460 πρὸς
511 2388 669 2442 τοῦτο
689 2387 971 2461 ταχθεῖσαι
1004 2388 1284 2460 δυνάμεις.
1319 2389 1421 2441 Διά
1449 2405 1531 2441 τοι
1560 2386 1741 2440 τοῦτο*
1754 2385 1917 2454 σοφός
1941 2401 2029 2448 τις

343 2477 608 2549 παραινεῖ
634 2474 812 2546 λόγος·
827 2479 885 2531 Μ
892 2475 924 2545 ὴ
951 2474 1142 2545 λάϐῃς
1168 2477 1496 2544 πρόσωπον
1519 2472 1671 2527 κατὰ
1691 2470 1803 2540 τῆς
1822 2468 2031 2541 ψυχῆς

342 2580 488 2621 σου.
521 2567 587 2621 Εἰ
625 2566 708 2626 δέ,
728 2564 921 2637 ἀνδρός
942 2563 1325 2636 ἀδικουμένου,
1346 2563 1449 2617 οὑκ
1472 2561 1716 2631 ἀσφαλὲς
1736 2559 2030 2633 ὑποκρίνε-

348 2656 509 2720 σθαι,
556 2656 666 2710 τῶν
710 2654 871 2709 θείων
921 2654 1101 2725 νόμων
1144 2653 1537 2726 ὑϐριζομένων,
1572 2654 1602 2705 6
1647 2651 1880 2722 σιγήσας
1933 2649 2029 2703 καὶ

349 2742 594 2815 παριδὼν
615 2742 758 2806 τίνος
791 2744 891 2796 οὑκ
917 2742 1071 2796 ἐσται
1103 2741 1381 2804 κολάσεως
1418 2739 1600 2805 ἀξιος;
1628 2737 1785 2792 Μετά
1822 2737 1879 2791 δὲ
1900 2735 2026 2790 τού-

347 2849 460 2884 των
483 2831 580 2903 οὑχ
601 2826 766 2904 ἦττον
794 2829 999 2895 ἐδίδαξε
1025 2829 1207 2895 καλὸν,
1235 2829 1317 2883 ὅτι
1342 2827 1412 2882 τά
1426 2826 1590 2881 αὑτοῦ
1610 2828 1782 2880 ποιεῖν
1799 2826 2029 2879 ἕκαστον

349 2917 478 2990 χρὴ.
506 2918 610 2973 κᾶν
633 2919 822 2990 μηδεὶς
844 2920 873 2973 6
902 2918 1192 2990 δεχόμενος
1214 2914 1380 2991 τῶν
1399 2914 1701 2988 γινομένων
1725 2913 1786 2967 τὸ
1814 2912 2027 2985 κέρδος.

349 3006 488 3060 Οὑδέ
502 3006 614 3078 γάρ
637 3006 800 3071 αὑτός
833 3023 886 3060 τι
918 3005 1039 3060 τότε
1065 3005 1167 3077 τῆς
1196 3003 1514 3079 παρρησίας
1544 3004 1625 3067 εἰς
1642 3002 1741 3071 τὴν
1760 3000 2030 3071 ὠφέλειαν

349 3094 608 3149 ἀπώνατο
640 3093 736 3148 τοῦ
783 3094 1073 3165 βασιλέως,
1104 3093 1221 3148 ἀλλ’
1252 3094 1403 3165 ὅμως
1435 3091 1499 3145 τὸ
1527 3090 1693 3147 αὑτοῦ
1725 3090 1834 3146 πᾶν
1864 3089 2031 3160 ἐπλή-

353 3199 517 3253 ρωσε,
554 3182 649 3235 καί⁸
673 3182 924 3238 ἐνέλιπεν
948 3180 1132 3237 οὐδέν.
1534 3167 1540 3174 ’

434 3270 492 3324 Ὀ
513 3270 570 3323 δὲ
598 3270 822 3340 κάμνων
848 3269 935 3324 διὰ
960 3269 1061 3342 τῆς
1081 3268 1290 3335 οἰκείας
1312 3268 1572 3334 ἀπονοίας
1602 3267 1909 3340 ἐλυμήνατο
1934 3264 2029 3319 τοῦ

350 3358 595 3429 τεχνίτου
653 3358 753 3428 τὴν
801 3359 1135 3429 ἐπιστήμην,
1174 3357 1314 3429 μετά
1358 3356 1555 3410 πολλοῦ
1611 3354 1708 3409 τοῦ
1744 3354 1920 3426 θυμοῦ
1968 3353 2031 3407 τὸ

353 3448 642 3518 φάρμακον
674 3445 784 3499 ἀπὸ
810 3444 906 3500 τοῦ
931 3445 1248 3519 τραύματος
1275 3444 1509 3516 ἀφελών.
1542 3444 1753 3517 Ὥσπερ
1786 3444 1896 3514 γάρ
1929 3441 2032 3497 οὑκ

352 3534 555 3605 ἀρκοῦν
580 3535 661 3597 είς
691 3532 949 3588 ἀσέϐειαν
980 3532 1042 3586 τὸ
1068 3532 1351 3603 φονεῦσαι,
1381 3533 1474 3586 καί
1512 3530 1883 3604 ἀναισχύντως
1914 3534 2032 3584 ἐπι-

353 3623 596 3694 πηδῆσαι
622 3622 699 3694 τῷ
730 3621 843 3694 ναῷ
874 3620 971 3676 τοῦ
1004 3621 1164 3686 Θεοῦ,
1196 3621 1504 3694 προσετίθει
1540 3620 1685 3691 φόνῳ
1716 3621 1875 3689 φόνον
1923 3620 2033 3672 ἓτε-

358 3728 470 3778 ρον,
503 3711 600 3765 καὶ
659 3710 912 3783 καθάπερ
968 3709 1291 3780 φιλονεικῶν
1342 3708 1478 3780 ὁμοῦ
1519 3708 1613 3761 καὶ
1643 3708 1867 3778 νικῆσαι
1916 3709 2032 3770 τοῖς

414 3798 625 3871 υτέροις
654 3798 725 3853 τά
776 3799 1039 3871 πρότερα,
1092 3798 1190 3853 καὶ
1239 3798 1307 3853 τά
1336 3797 1445 3851 τῶν
1500 3796 1824 3865 φθασάντων
1882 3796 2029 3867 πάθη

394 3885 681 3957 μαυρῶσαι
722 3887 789 3957 τῇ
834 3886 944 3940 τῶν
1004 3886 1247 3959 ὑστέρων
1298 3886 1571 3958 ὑπερϐολῇ
1617 3884 1878 3955 (τοιαύτη
1922 3884 2032 3956 γὰρ

351 3976 387 4044 ή
417 3975 512 4028 τοῦ
541 3974 789 4028 διαϐόλου
819 3974 1005 4046 μανία,
1032 3976 1103 4029 τά
1127 3976 1349 4030 ἐναντία
1385 3973 1818 4039 κατασκευάζειν
1866 3973 2029 4044 ἅμα),

348 4061 524 4127 οὕτως
572 4063 911 4134 ἀμφοτέραις
967 4066 1089 4128 ταῖς
1148 4066 1386 4134 σφαγαῖς
1437 4063 1582 4134 ἔχειν
1634 4080 1687 4116 τι
1753 4063 2030 4135 κατάλλη-

349 4150 465 4212 λον,
492 4151 768 4222 ἐξαίρετον
788 4152 1006 4207 ἔδωκεν.
1024 4152 1134 4207 Kal
1154 4147 1223 4224 ἦν
1243 4154 1276 4222 ή
1310 4152 1411 4223 μὲν
1429 4151 1669 4225 προτέρα
1695 4152 2032 4223 ἐλεεινοτέρα

349 4240 451 4309 τῆς
482 4239 761 4309 δευτέρας,
802 4240 836 4311 ἡ
877 4239 972 4293 τοῦ
1011 4239 1235 4303 παιδός·
1269 4241 1303 4310 ή
1341 4239 1402 4293 δέ
1432 4239 1663 4310 δευτέρα
1687 4239 2032 4311 ἐναγεστέρα

348 4324 453 4395 τῆς
483 4328 772 4397 προτέρας,
803 4327 837 4398 ἡ
868 4325 964 4380 τοῦ
998 4327 1269 4400 μακαρίου
1296 4327 1532 4382 Βαϐύλα.
1562 4328 1726 4400 Ψυχὴ
1752 4328 1859 4401 γὰρ
1884 4327 2032 4392 ἅπαξ

354 4420 381 4451 ο
424 4414 700 4485 ἁμαρτίας
754 4416 1101 4486 γευσαμένη,
1152 4416 1249 4469 καί
1298 4416 1626 4487 ἀναλγήτως
1682 4417 2028 4479 διατεθεῖσα,

351 4500 552 4571 πολλὴν
587 4502 818 4573 παρέχει
857 4502 937 4572 τῷ
960 4503 1231 4574 νοσήματι
1260 4503 1357 4575 τὴν
1389 4504 1730 4576 προσθήκην.
1775 4505 1888 4559 Kal
1918 4500 2030 4559 οἷον

351 4587 434 4650 εἰς
468 4587 599 4660 ὕλην
627 4588 832 4658 ἄφατον
862 4589 1095 4661 σπινθὴρ
1122 4589 1402 4661 ἐμπεσὼν,
1436 4591 1582 4644 καίει
1610 4591 1711 4663 μὲν
1738 4590 1943 4656 εὑθέως
1969 4592 2031 4645 τὸ

353 4672 784 4742 προστυγχάνον,
819 4673 920 4745 οὑχ
951 4673 1166 4726 ἵσταται
1200 4672 1257 4726 δὲ
1318 4674 1512 4745 μέχρις
1560 4675 1769 4728 ἐκείνου
1835 4676 2027 4746 μόνον,

352 4755 489 4811 ἀλλά
523 4762 632 4813 πᾶν
665 4760 990 4832 ἐπινέμεται
1008 4762 1068 4815 τὸ
1092 4762 1300 4826 λοιπὸν,
1326 4763 1420 4816 καί⁵
1448 4764 1558 4834 ὅσῳ
1584 4780 1690 4836 περ
1714 4763 1779 4817 ἂν
1808 4763 2031 4818 πλείονα

353 4842 493 4919 λάϐῃ
534 4850 602 4920 τῇ
656 4848 853 4918 φλογὶ,
904 4850 1145 4922 τοσούτῳ
1195 4850 1416 4904 πλείονα
1463 4851 1878 4923 προσλαμϐάνει
1929 4851 2030 4924 τὴν

356 4931 510 5003 ἰσχὺν
543 4935 679 5007 πρὸς
702 4936 806 5007 τὴν
839 4936 947 4991 τῶν
975 4936 1179 4991 λοιπῶν
1209 4937 1507 5003 ἀπώλειαν,
1535 4941 1632 4993 καὶ
1675 4940 1886 5009 γίνεται
1918 4940 2029 4994 τῶν

353 5017 590 5073 ἀλόντων
622 5021 797 5088 ξύλων
812 5023 874 5077 τὸ
896 5023 1099 5096 πλῆθος
1126 5026 1239 5089 τοῖς
1262 5024 1576 5078 ἁλίσκεσθαι
1607 5025 1888 5096 μέλλουσιν
1909 5028 2030 5080 ἐπι-

354 5105 542 5177 ϐουλή,
570 5111 683 5173 τοῖς
710 5110 963 5182 ληφθεῖσι
998 5113 1140 5167 κατά
1166 5113 1274 5167 τῶν
1308 5112 1614 5184 μελλόντων
1659 5113 2028 5189 όπλιζομένης

352 5195 441 5248 ἀεὶ
472 5196 570 5266 τῆς
592 5196 816 5267 φλογός’
845 5198 1004 5253 οὕτω
1028 5201 1119 5254 καὶ
1148 5202 1181 5272 ἡ
1208 5201 1308 5272 τῆς
1346 5200 1620 5273 ἁμαρτίας
1651 5201 1836 5272 φύσις,
1872 5205 2027 5257 ἐπει-

352 5283 448 5336 δάν
470 5300 614 5350 τινος
661 5285 896 5357 λάϐηται
938 5288 1044 5342 τῶν
1083 5289 1181 5361 τῆς
1206 5289 1386 5360 ψυχῆς
1410 5289 1711 5362 λογισμῶν,
1738 5291 1834 5345 καὶ
1871 5290 2023 5365 {552]

356 5367 545 5437 μηδεὶς
591 5371 620 5423 6
654 5370 928 5426 σϐεννύων
1040 5373 1102 5425 τὸ
1145 5374 1353 5437 κακὸν,
1399 5373 1671 5446 προϊοῦσα
1710 5376 2026 5449 περαιτέρω

353 5455 708 5530 χαλεπωτέρα
741 5457 950 5528 γίνεται
979 5460 1072 5515 κα)⁴
1100 5460 1489 5533 δυσχείρωτος’
1519 5462 1615 5516 καὶ
1644 5462 1733 5517 διά
1768 5463 1926 5518 τοῦτο
1957 5464 2027 5519 τὰ

356 5541 493 5611 μετά
519 5544 692 5598 ταῦτα
720 5546 979 5613 πολλάκις
998 5548 1109 5603 τῶν
1134 5550 1416 5621 προτέρων
1448 5551 1773 5625 ἰσχυρότερα
1799 5552 2026 5622 γέγονεν

351 5628 747 5702 ἁμαρτήματα,
765 5636 864 5706 τῆς
883 5635 1063 5707 ψυχῆς
1088 5638 1175 5691 ἀεὶ
1200 5640 1267 5709 τῇ
1289 5640 1398 5691 τῶν
1427 5638 1698 5715 δευτέρων
1731 5641 2024 5715 προσθήκῃ

352 5717 487 5788 πρὸς
535 5719 758 5790 μείζονα
806 5724 1065 5780 ἀπόνοιαν
1101 5727 1197 5781 καὶ
1243 5728 1653 5803 καταφρόνησιν
1696 5730 2025 5803 αἰρομένης,

412 5840 430 5861 ⁸
450 5840 546 5891 Alii
582 5845 847 5906 βασιλεύειν
872 5847 1131 5911 λαχόντων.
1462 5878 1467 5883 ~

396 5902 560 5976 .b_Sic
599 5904 752 5956 Sam.
787 5916 840 5958 el
859 5909 957 5959 duo
992 5924 1113 5960 mss.
1155 5911 1326 5961 Morei.
1363 5925 1483 5962 vero
1503 5913 1583 5961 καὶ
1623 5913 1808 5968 ζώντων
1832 5915 1926 5961 τῶν
1947 5914 2027 5962 ὑπ’

354 5981 485 6013 αυτω
507 5983 639 6015 ταττ.

406 6030 432 6057 ε
448 6028 602 6102 'Unqs
623 6030 729 6102 eqd:
753 6032 975 6102 el_Savil.
1000 6034 1052 6085 in
1075 6048 1225 6101 marg.
1253 6034 1460 6088 Βαϐύλα·
1487 6039 1517 6095 ἡ
1539 6036 1625 6099 γὰρ
1652 6036 1900 6102 ἐπιῤῥεπῆς
1910 6049 2025 6102 προς

347 6093 517 6140 πανίαν
549 6094 675 6156 ψυχὴ
700 6093 840 6152 ἅπαξ.

1187 428 1277 485 DE
1306 427 1365 484 Β.
1399 425 1696 491 BABYLA,
1732 420 2015 479 CONTRA
2050 418 2402 478 JULIANUM
2441 419 2527 475 ET
2559 420 2925 478 GENTILES.

3697 422 3803 479 548

2134 530 2229 586 καὶ
2255 532 2343 588 διά
2368 532 2574 587 τούτων
2595 533 2694 605 τὴν
2709 532 2825 605 ’μὲν
2856 532 3063 587 οἰκείαν
3088 531 3412 607 διαλυούσης
3426 534 3675 608 δύναμιν,
3702 536 3803 607 τὴν

2128 622 2186 676 δὲ
2223 623 2322 693 τῆς
2350 623 2628 696 ἀμαρτίας
2660 623 2972 695 τρεφούσης
2993 640 3007 653 ·
3038 623 3182 678 οὕτω
3210 625 3346 693 γοῦν
3369 624 3555 679 πολλοὶ
3583 626 3664 689 εἰς
3692 627 3802 679 πᾶν

2130 706 2271 775 εἶδος
2304 711 2722 783 ἁμαρτημάτων
2751 710 3002 775 ἐλθόντες
3033 710 3245 778 ἔλαθον,
3289 711 3479 783 ἐπειδὴ
3505 714 3605 784 τὴν
3633 711 3808 783 φλόγα

2130 798 2442 869 ἀρχομένην
2484 799 2587 852 οὑκ
2632 797 2898 851 ἔσϐεσαν·
2940 796 3085 852 οὕτω
3123 801 3213 854 καὶ
3248 800 3275 854 ό
3320 799 3555 863 δείλαιος
3599 801 3807 864 ἐκεῖνος

2131 885 2486 958 χαλεπώτερα
2544 888 2659 950 τοῖς
2719 886 3009 958 προτέροις
3057 887 3370 959 προσετίθει
3429 887 3500 942 τὰ
3551 886 3804 960 δεύτερα.
3896 921 3901 925 -

2145 974 2364 1043 Ἐπειδὴ
2389 974 2497 1046 γὰρ
2520 974 2612 1028 τὸν
2636 974 2755 1029 νέον
2781 976 2989 1029 ἐκεῖνον
3018 975 3324 1041 ἀπώλεσεν,
3376 976 3487 1032 ἀπὸ
3512 976 3606 1030 τοῦ
3638 977 3805 1047 φόνου

2132 1062 2267 1133 πρὸς
2298 1061 2394 1134 τὴν
2424 1061 2582 1135 ὕϐριν
2606 1062 2704 1135 τὴν
2734 1064 2815 1127 είς
2857 1062 2948 1117 τὸν
2977 1062 3114 1118 νεὼν
3142 1063 3395 1136 ὥρμησε,
3420 1064 3518 1120 καὶ
3548 1065 3712 1119 πάλιν
3745 1069 3810 1121 ἐκ

2130 1151 2336 1221 ταύτης
2386 1150 2492 1222 ὁδῷ
2544 1151 2865 1223 προϐαίνων,
2907 1154 2988 1217 εἰς
3028 1151 3127 1224 τὴν
3180 1154 3324 1207 κατά
3369 1153 3468 1226 τῆς
3509 1154 3810 1227 ἱερωσύνης

2132 1237 2393 1291 ἀπόνοιαν
2439 1238 2844 1302 ἐπαπεδύσατο,
2875 1240 2972 1295 καὶ
3002 1242 3094 1295 τὸν
3120 1237 3147 1278 ἀ
3176 1242 3331 1310 ἀγιον
3366 1242 3570 1313 σιδήρῳ
3606 1238 3806 1316 δήσᾶς,

2133 1326 2225 1379 καὶ
2246 1327 2325 1389 εἰς
2355 1326 2730 1399 δεσμωτήριον
2752 1327 3025 1400 ἐμϐαλὼν,
3057 1328 3202 1386 οὕτω
3228 1330 3366 1394 τέως
3388 1329 3809 1403 ἐκόλαζε,δίκην

2132 1412 2296 1465 αὑτὸν
2317 1412 2416 1484 τῆς
2444 1414 2765 1485 εὐεργεσίας
2801 1416 3072 1481 ἀπαιτῶν,
3105 1417 3202 1470 καὶ
3227 1417 3370 1491 ὑπὲρ
3398 1411 3475 1472 ὧν
3506 1418 3812 1492 θαυμάζειν

2134 1499 2260 1562 ἔδει,
2284 1501 2377 1554 καὶ
2394 1502 2712 1572 στεφανοῦν,
2735 1504 2949 1559 καὶτῶν
2968 1506 3377 1576 γεγεννηκότων
3402 1506 3605 1578 μᾶλλον
3622 1509 3812 1581 τιμᾷν,

2134 1588 2275 1660 ὑπὲρ
2308 1588 2513 1642 τούτων
2562 1589 2631 1644 τὰ
2675 1590 2785 1645 τῶν
2822 1592 3151 1664 κακούργων
3188 1593 3482 1665 ὑπομένειν
3530 1595 3813 1667 ἠνάγκαζε

2133 1675 2308 1746 δεσμά
2330 1719 2345 1744 ,
2387 1676 2480 1731 καὶ
2504 1676 2602 1749 τὴν
2631 1678 2740 1732 ἀπὸ
2763 1678 2870 1733 τῶν
2898 1679 3114 1752 δεσμῶν
3139 1681 3516 1754 ταλαιπωρίαν
3544 1683 3810 1755 περιθείς.

2210 1770 2261 1817 ι’.
2292 1763 2504 1830 Οὕτως,
2549 1767 2701 1838 ὅπερ
2755 1766 2914 1839 ἔφην,
2940 1768 3115 1841 ἀρχὴν
3150 1770 3395 1841 ἁμαρτία
3417 1770 3682 1834 λαϐοῦσα,
3719 1773 3839 1843 καὶ,

2139 1852 2343 1925 μηδένα
2400 1855 2494 1911 τὸν
2527 1857 2608 1919 εἰς
2650 1856 2711 1910 τὸ
2755 1857 2943 1929 πρόσω
2990 1857 3264 1931 προϐῆναι
3288 1859 3567 1914 κωλύοντα
3593 1861 3812 1932 ἔχουσα,

2135 1940 2537 2013 δυσανάσχετος
2584 1943 2680 1997 καὶ
2715 1942 3022 2009 ἀκάθεκτος
3062 1945 3307 2015 γίνεται,
3353 1948 3498 2003 κατά
3538 1950 3667 2012 τοὺς
3718 1967 3818 2021 με·

2138 2030 2376 2101 μηνότας
2420 2031 2531 2085 τῶν
2576 2032 2782 2097 ῐππων,
2830 2032 2880 2087 οἳ
2924 2034 3147 2090 ἐπειδὰν
3186 2035 3278 2089 τὸν
3315 2036 3535 2107 χαλινὸν
3580 2037 3689 2091 ἀπὸ
3720 2037 3812 2091 τοῦ

2138 2117 2407 2189 στόματος
2453 2119 2794 2185 ἐκϐαλόντες,
2830 2122 2927 2174 καὶ
2971 2120 3065 2176 τὸν
3100 2123 3367 2195 ἐπιϐάτην
3400 2124 3661 2197 ῥίψαντες
3705 2127 3812 2180 ἀπὲ

2134 2204 2246 2259 τῶν
2264 2204 2450 2259 νώτων
2482 2206 2690 2275 ὕπτιον,
2721 2210 2834 2273 τοῖς
2863 2209 3178 2264 ἀπαντῶσιν
3212 2211 3476 2284 ἀφόρητοι
3522 2212 3812 2283 γένωνται,

2140 2293 2367 2365 μηδενὸς
2414 2295 2613 2359 αὑτοὺς
2659 2295 2992 2362 κωλύοντος,
3040 2298 3147 2355 ὑπὸ
3184 2299 3287 2370 τῆς
3346 2300 3587 2356 ἀτάκτου
3633 2300 3816 2375 ῥύμης

2137 2382 2397 2453 φέροντες
2436 2384 2665 2447 ἐαυτοὺς
2708 2388 3182 2457 κατεκρήμνισαν.
3236 2388 3338 2442 Διά
3372 2406 3457 2442 τοι
3513 2387 3674 2444 τοῦτο
3732 2393 3814 2455 είς

2140 2472 2335 2543 μανίαν
2364 2472 2462 2537 τὰς
2500 2473 2761 2539 τοιαύτας
2799 2475 3021 2547 ἐκφέρει
3077 2476 3259 2549 ψυχὰς
3302 2479 3331 2532 6
3383 2478 3487 2550 τῆς
3526 2479 3807 2551 σωτηρίας

2137 2558 2295 2631 ήμῶν
2332 2559 2545 2633 ἐχθρὸς,
2572 2560 2662 2616 ἵνα
2693 2561 2868 2627 αὑτάς
2900 2564 2959 2617 ἐν
3005 2564 3213 2637 ἐρημίᾳ
3231 2564 3341 2619 τῶν
3361 2564 3816 2636 θεραπευσόντων

2144 2654 2168 2683 ο
2195 2644 2489 2698 ἀπολαϐὼν
2528 2644 2839 2719 κατακόψῃ,
2881 2648 2977 2701 καὶ
3027 2648 3243 2719 μυρίοις
3271 2649 3544 2724 περιϐάλῃ
3595 2653 3811 2716 κακοῖς.

2139 2730 2243 2785 Kal
2274 2731 2382 2804 γάρ
2414 2734 2462 2786 οί
2484 2732 2554 2787 τὰ
2574 2733 2803 2805 σώματα
2830 2735 3261 2807 ἀρρωστοῦντες,
3288 2737 3392 2802 ἓως
3425 2739 3526 2810 μὲν
3550 2739 3619 2793 ἂν
3645 2757 3817 2812 προσ-

2149 2819 2330 2884 ιόντας
2401 2821 2529 2884 τοὺς
2586 2819 2990 2893 θεραπεύοντας
3041 2822 3344 2894 ἀνέχωνται
3372 2864 3387 2891 ,
3434 2825 3637 2899 πολλὴν
3670 2826 3815 2899 ⁸τὴν

2138 2910 2332 2966 ἐλπίδα
2356 2910 2459 2982 τῆς
2498 2910 2712 2980 ὑγιείας
2758 2909 2976 2982 ἔχουσιν
3006 2927 3020 2943 ο
3076 2912 3298 2967 ἐπειδάν
3343 2914 3401 2969 δὲ
3439 2917 3521 2980 εἰς
3570 2918 3815 2988 φρενῖτιν

2139 2998 2466 3064 ἐκπεσόντες
2511 2997 2833 3063 λακτίζωσι,
2864 2999 2959 3053 καὶ
3006 2998 3244 3054 δάκνωσι
3282 3002 3410 3066 τοὺς
3455 3001 3818 3074 βουλομένους

2140 3084 2451 3150 ἀπαλλάξαι
2479 3086 2578 3156 τῆς
2594 3084 2908 3158 ἀρρωστίας
2926 3085 3147 3151 αὐτοὺς,
3176 3087 3297 3141 τότε
3325 3088 3576 3143 νοσοῦσιν
3597 3090 3815 3155 ἀνίατα,

2138 3173 2201 3226 οὑ
2230 3171 2320 3225 διά
2359 3172 2457 3244 τήν
2489 3173 2585 3244 τῆς
2611 3172 2767 3226 νόσου
2796 3174 2980 3243 φύσιν,
3010 3174 3147 3229 ἀλλά
3168 3175 3259 3229 διά
3292 3176 3392 3249 τὴν
3438 3178 3677 3249 ἐρημίαν
3710 3178 3817 3232 τῶν

2140 3261 2450 3328 ἀπαλλάξαι
2472 3261 2789 3333 δυναμένων
2835 3261 2938 3333 τῆς
2991 3263 3189 3334 μανίας
3234 3265 3469 3330 αὑτούςο
3515 3268 3597 3330 είς
3625 3268 3695 3338 ἢν
3724 3268 3818 3322 καί

2139 3343 2294 3415 οὕτος
2322 3352 2512 3406 ἐαυτὸν
2535 3351 2839 3423 κατέστησε
2857 3369 2872 3383 ·
2892 3352 3071 3406 λαϐὼν
3095 3353 3205 3426 γὰρ
3220 3354 3311 3407 τὸν
3330 3356 3533 3429 ἰατρὸν,
3551 3356 3817 3429 τέμνοντα

2139 3441 2309 3496 ἔτιτὸ
2336 3441 2579 3514 τραῦμα,
2629 3442 2911 3514 ἀπήλασεν
2954 3444 3176 3507 εὐθέως,
3209 3444 3304 3498 καὶ
3345 3445 3422 3508 ὡς
3479 3447 3819 3519 πορρωτάτω

2140 3532 2239 3603 τῆς
2276 3532 2454 3595 οἰκίας
2493 3533 2772 3600 ἀπήγαγε.
2799 3532 2909 3585 Kal
2935 3527 3004 3602 ἦν
3029 3531 3089 3584 τὸ
3131 3532 3373 3602 Ἡρώδου
3404 3532 3591 3605 δρᾶμα
3619 3536 3818 3607 μηκέτι

2145 3621 2305 3692 μόνον
2347 3622 2483 3692 ἀκοῇ
2536 3619 2849 3692 μανθάνειν,
2897 3620 3033 3674 ἀλλά
3064 3622 3157 3675 καὶ
3200 3621 3357 3692 ὕψεσι
3407 3623 3544 3694 μετά
3574 3624 3822 3691 πλείονος

2140 3709 2239 3780 τῆς
2289 3710 2644 3782 περιπετείας
2691 3708 2954 3781 θεωρεῖν·
3014 3710 3204 3781 ἐπειδὴ
3239 3710 3336 3764 καὶ
3384 3711 3522 3783 μετά
3573 3712 3820 3781 πλείονος

2144 3797 2276 3851 αὑτὸ
2316 3797 2415 3867 τῆς
2449 3796 2762 3860 ἐπιδείξεως
2794 3797 2889 3851 καὶ
2926 3799 3287 3870 παρασκευῆς
3315 3799 3345 3851 6
3383 3798 3629 3865 διάϐολος
3655 3800 3820 3855 πάλιν

2141 3887 2224 3949 εἰς
2259 3885 2320 3939 τὸ
2351 3885 2444 3938 τοῦ
2479 3884 2593 3955 βίου
2623 3884 2851 3955 θέατρον
2878 3886 3199 3957 είσήγαγεν,
3242 3886 3365 3941 ἀντὶ
3390 3888 3692 3961 τετράρχου
3717 3889 3818 3961 βα-

2142 3973 2294 4027 σιλέα
2310 3976 2660 4044 καταστήσας
2686 3975 2733 4037 ⁸,
2753 3972 2846 4026 καὶ
2866 3973 2986 4026 ἀντὶ
3005 3976 3132 4044 μιᾶς
3156 3973 3334 4039 αἰτίας
3349 3974 3544 4048 διπλῆν
3563 3976 3821 4033 ὑπόθεσιν

2139 4059 2219 4132 τῷ
2253 4060 2542 4132 πράγματι
2570 4059 2714 4123 δοὺς,
2740 4059 2837 4114 καὶ
2867 4060 2999 4116 πολὺ
3022 4060 3123 4131 τῆς
3153 4062 3427 4134 προτέρας
3447 4064 3817 4138 μιαρωτέραν,

2140 4149 2217 4212 ὡς
2240 4147 2316 4220 μὴ
2347 4147 2425 4218 τῷ
2452 4146 2673 4220 ἀριθμῷ
2704 4147 2886 4220 μόνον,
2921 4148 3057 4203 ἀλλά
3082 4149 3179 4204 καὶ
3228 4150 3368 4223 αὑτῇ
3398 4151 3509 4205 τῶν
3548 4153 3819 4225 πραγμά-

2139 4253 2247 4289 των
2274 4238 2340 4307 τῇ
2369 4234 2527 4304 φύσει
2566 4234 2950 4308 λαμπροτέραν
2994 4236 3200 4308 ταύτην
3225 4237 3481 4307 γενέσθαι
3507 4241 3609 4311 τὴν
3638 4258 3814 4314 τραγ-

2139 4323 2324 4394 ῳδίαν.
2377 4324 2451 4376 Οὑ
2492 4323 2604 4406 γὰρ
2632 4323 2808 4394 γάμος
2825 4323 3059 4377 ἐνταῦθα
3099 4324 3353 4397 ὑϐρίζετο
3396 4326 3652 4398 καθάπερ
3678 4332 3817 4399 ἐκεῖ,

2138 4409 2261 4464 οὑδέ
2297 4409 2406 4463 ἀπὸ
2431 4411 2752 4483 παρανόμου
2779 4409 3003 4481 μίξεως,
3040 4410 3157 4465 ἀλλ’
3176 4411 3287 4467 ἀπὸ
3320 4411 3600 4485 μολυσμοῦ
3628 4416 3819 4471 παιδο-

2140 4495 2359 4558 κτονίας
2388 4495 2772 4566 ἐναγεστέρου,
2802 4495 2898 4550 καὶ
2925 4496 3245 4567 τυραννίδος
3279 4497 3686 4570 ἀπηνεστάτης,
3720 4503 3819 4557 xal

2140 4578 2485 4648 παρανομίας
2512 4577 2613 4631 οὑκ
2645 4579 2726 4640 εἰς
2755 4579 2994 4645 γυναῖκα
3020 4578 3342 4649 γενομένης,
3388 4579 3504 4634 ἀλλ’
3537 4582 3621 4646 είς
3645 4583 3818 4656 αὑτὴν

2138 4664 2235 4735 τὴν
2265 4664 2565 4734 ἀγιστείαν,
2594 4664 2798 4735 ταύτην
2828 4666 2929 4736 τὴν
2965 4665 3207 4735 ἱστορίαν
3233 4664 3460 4733 έπλεξεν
3485 4670 3515 4723 6
3554 4672 3813 4744 πονηρός.

2152 4751 2477 4825 Ἐμϐληθείς
2522 4752 2703 4807 τοίνυν
2742 4754 2818 4817 εἰς
2856 4753 2918 4807 τὸ
2948 4753 3325 4826 δεσμωτήριον
3358 4756 3389 4796 h
3433 4757 3462 4810 6
3509 4760 3814 4833 μακάριος,

2138 4839 2329 4912 ἔχαιρε
2356 4840 2455 4911 μὲν
2484 4840 2578 4894 ἐπὶ
2608 4843 2721 4904 τοῖς
2746 4840 2989 4913 δεσμοῖς,
3013 4840 3169 4912 ήλγει
3203 4842 3262 4897 δέ
3299 4843 3395 4897 ἐπὶ
3421 4846 3488 4917 τῇ
3524 4844 3678 4926 [555]
3719 4849 3817 4904 τοῦ

2139 4928 2407 4999 δήσαντος
2448 4927 2717 4999 ἀπωλείᾳ.
2751 4927 2890 4983 Οὕτε
2920 4928 3030 5002 γάρ
3074 4930 3258 5003 πατὴρ
3285 4931 3407 4985 οὑδὲ
3435 4933 3814 5007 παιδοτρίϐης,

2137 5014 2267 5070 ὅταν
2293 5016 2322 5068 6
2351 5016 2451 5086 μὲν
2480 5016 2545 5068 ἐκ
2571 5016 2673 5086 τῆς
2700 5015 2794 5070 τοῦ
2818 5015 3031 5082 παιδὸς,
3057 5019 3087 5071 6
3123 5016 3182 5071 δὲ
3208 5019 3274 5072 ἐκ
3314 5019 3415 5090 τῆς
3446 5019 3539 5074 τοῦ
3567 5021 3815 5094 μαθητοῦ

2141 5102 2447 5175 μοχθηρίας
2470 5102 2566 5158 καὶ
2597 5102 2941 5175 δυσπραγίας
2988 5104 3361 5179 λαμπρότεροι
3400 5107 3680 5177 γίνωνται,
3713 5129 3816 5167 κα-

2138 5190 2312 5263 θαράν
2332 5191 2574 5262 ἀθυμίας
2597 5193 2696 5262 τὴν
2724 5194 2789 5246 ἐκ
2813 5193 2912 5264 τῆς
2933 5193 3340 5267 εὑδοκιμήσεως
3359 5195 3575 5266 ἔχουσιν
3593 5197 3811 5272 ἡδονήν.

2138 5279 2237 5333 Διά
2288 5277 2446 5332 τοῦτο
2473 5280 2566 5332 καὶ
2596 5281 2626 5332 ό
2662 5280 2936 5352 μακάριος
2992 5282 3205 5346 Παῦλος
3251 5283 3562 5352 Κορινθίοις
3586 5285 3774 5358 ἔλεγεν
3795 5307 3811 5322 ’

2137 5368 2451 5436 Εὺχόμεθα
2499 5366 2568 5420 δὲ
2594 5367 2794 5437 μηδὲν
2824 5370 3016 5425 κακὸν
3048 5368 3295 5438 ποιῆσαι
3321 5370 3502 5440 ὑμᾶς,
3555 5376 3670 5444 οὐχ
3715 5377 3817 5435 ἵνα

2136 5450 2308 5519 ἡμεῖς
2365 5448 2597 5520 δόκιμοι
2642 5450 2948 5522 φανῶμεν,
2995 5453 3134 5508 ἀλλ’
3172 5453 3272 5507 ἵνα
3304 5454 3476 5525 ὑμεῖς
3515 5458 3582 5513 τὸ
3621 5461 3817 5516 καλὸν

2136 5537 2368 5607 ποιῆτε,
2405 5538 2581 5609 ἡμεῖς
2622 5538 2692 5592 δὲ
2719 5540 2802 5607 ὡς
2842 5539 3116 5609 ἀδόκιμοι
3142 5534 3323 5611 ὦμεν.
3368 5542 3528 5600 Οὕτω
3558 5547 3691 5616 γοῦν
3720 5552 3815 5605 καὶ

2138 5725 2391 5806 “3‘0an
2420 5725 2541 5799 Icod.
2588 5688 2934 5776 έπαπεὸύσατο.
2973 5723 3078 5787 Οὑχ
3116 5725 3307 5774 ἵσταται
3332 5727 3384 5776 δὲ
3411 5728 3571 5793 μέχρις
3612 5731 3810 5792 ἐκείνης·

2131 5787 2647 5917 αλὶέαῷῇι.ἓέἆλωσιη
2672 5846 2891 5917 ῥίψωρι.;
2908 5847 3138 5917 ἀφόρητοι
3156 5848 3419 5917 γίνονταιςη
3443 5853 3807 5917 θεραπευόντων.

2204 5908 2239 5985 f‘
2263 5910 2416 5985 §a\'il.
2459 5917 2512 5958 et
2554 5908 2683 5957 unus‘
2716 5908 2824 5959 (50d.
2867 5911 2925 5958 ἂν
2954 5908 3260 5974 προσίωνται
3300 5914 3409 5970 τοὺς
3452 5908 3812 5979 θεραπεύοντας,

2129 5972 2325 6028 πολλήν.

2197 6036 2221 6073 5
2244 6030 2340 6084 Alii
2365 6029 2749 6089 κατασκευάσας.

2193 6090 2220 6132 ⁸³
2246 6092 2347 6148 Alii
2371 6095 2417 6144 ἐν
2437 6096 2506 6163 τῷ
2542 6092 2872 6159 δεσμωτηρίῳ.
