4032 6442
285 456 397 516 549

288 575 409 624 erat
437 557 678 631 discipuli
707 559 879 629 salus,
914 570 1074 631 quam
1104 553 1337 612 carceris
1372 565 1615 617 merces;
1644 540 1876 621 Optatius

288 659 443 722 item,
472 663 528 711 ut
556 652 849 724 discipulus
877 651 1199 721 resipiscens
1225 647 1309 702 his
1343 661 1465 702 eum
1499 643 1744 700 laudibus
1772 642 1882 714 pri-

286 757 501 812 vasset;
529 747 637 800 imo
666 745 862 813 potius,
893 752 953 797 ut
982 754 1201 812 prorsus
1228 738 1282 793 in
1311 740 1449 792 hanc
1475 734 1878 806 perversitatem

289 842 475 909 lapsus
522 852 626 891 non
676 842 838 890 esset.
881 833 1079 888 Nolunt
1115 831 1258 886 enim
1302 828 1471 883 sancti
1510 840 1737 881 coronas
1778 825 1877 881 sibi

289 933 435 987 necti
455 946 518 986 ex
546 929 734 982 alienis
758 925 1153 982 calamitatibus
1185 942 1199 978 :
1232 922 1372 993 quod
1399 921 1444 975 si
1470 920 1537 975 ab
1563 920 1752 974 alienis
1779 934 1879 973 no-

286 1023 406 1081 lint,
435 1019 605 1075 multo
628 1032 757 1073 sane
779 1017 953 1071 minus
972 1032 1002 1071 a
1025 1014 1443 1070 domesticorum
1470 1012 1741 1065 aerumnis.
1768 1008 1883 1077 Qua

290 1113 358 1167 de
380 1126 543 1166 causa
566 1111 753 1166 beatus
784 1108 948 1163 David
975 1119 1095 1178 post
1122 1118 1319 1176 tropica
1353 1113 1407 1160 et
1438 1103 1711 1158 victoriam
1744 1103 1884 1179 luge-

287 1203 381 1259 bat
400 1212 456 1258 ct
475 1202 888 1273 lacrymabatur,
911 1201 1052 1272 quod
1078 1215 1139 1255 ea
1160 1215 1282 1255 cum
1306 1198 1397 1252 ﬁlii
1424 1197 1728 1253 calamitate
1752 1214 1884 1252 con-

286 1298 473 1368 juncta
511 1304 655 1351 esset
687 1313 702 1351 :
733 1296 859 1365 quin
889 1305 945 1350 et
971 1294 1288 1350 exeuntibus
1326 1292 1551 1348 ducibus
1590 1293 1752 1347 multa
1789 1308 1883 1362 pro

293 1390 505 1462 tyranni
527 1389 696 1444 salute
723 1388 1085 1459 praecipiebat,
1109 1396 1162 1443 et
1190 1402 1302 1453 eos,
1327 1386 1413 1454 qui
1440 1386 1611 1452 ipsum
1639 1385 1884 1441 occidere

289 1482 616 1550 cupiebant,
648 1481 728 1535 his
757 1480 935 1535 verbis
959 1479 1240 1535 cohibebat
1276 1496 1288 1532 :
1321 1477 1527 1533 Parcite
1555 1495 1709 1548 puero
1731 1478 1884 1533 Abes-

291 1572 454 1627 salom
503 1570 576 1643 (Ξ.
612 1571 740 1642 Reg.
773 1571 860 1626 18.
889 1569 945 1642 5)
976 1587 990 1624 :
1018 1579 1072 1625 et
1097 1579 1419 1638 prostratum
1444 1570 1675 1641 lugebat,
1702 1570 1883 1626 inimi-

290 1674 524 1731 cumque
560 1676 682 1716 cum
723 1660 1009 1733 gemitibus
1045 1671 1097 1715 et
1126 1660 1323 1715 amaris
1360 1660 1610 1731 lacrymis
1641 1661 1883 1732 compcl-

292 1750 454 1806 labat.
786 1818 805 1831 κ

332 1840 497 1897 Pater
507 1843 786 1913 spiritualis
797 1843 1051 1897 amantior
1067 1842 1399 1912 prolis,quam
1419 1841 1883 1911 carnalis—Quod

292 1932 335 1986 si
361 1932 624 1987 naturalis
652 1942 807 2003 pater
831 1932 902 1987 ita
940 1933 1109 2004 prolis
1135 1948 1321 1987 amans
1352 1943 1433 1989 est
1459 1975 1474 1999 ,
1521 1932 1687 1987 multo
1718 1934 1885 2004 magis

291 2024 584 2093 spiritualis
616 2042 630 2078 :
658 2024 800 2095 quod
842 2026 985 2080 enim
1026 2024 1322 2080 secundum
1350 2025 1598 2097 Spiritum
1636 2035 1885 2095 parentes

292 2116 497 2186 prolem
521 2116 687 2187 magis
714 2124 921 2181 curent,
947 2131 1106 2186 quam
1133 2116 1167 2170 ii
1193 2116 1281 2185 qui
1304 2115 1597 2171 secundum
1629 2130 1875 2183 carnem,

292 2208 409 2263 audi
433 2209 657 2263 Paulum
681 2208 970 2275 dicentem,
1004 2209 1129 2273 Quis
1153 2209 1463 2277 inﬁrmatur,
1490 2218 1536 2262 et
1563 2224 1653 2279 ego
1682 2224 1783 2262 non
1803 2207 1886 2261 in-

292 2300 509 2369 ﬁrmor?
527 2301 638 2371 quis
666 2300 1065 2367 scandalizatur,
1096 2309 1144 2354 et
1169 2316 1260 2371 ego
1289 2316 1390 2353 non
1419 2316 1541 2353 uror
1565 2299 1642 2370 (2.
1668 2299 1880 2355 CorJl.

291 2394 421 2463 ρων
446 2393 559 2448 Sed
602 2393 705 2448 hoc
743 2393 956 2463 quidem
998 2394 1355 2463 mqualitatem
1393 2393 1548 2448 nobis
1587 2408 1885 2460 repraesen-

293 2494 402 2538 tat:
435 2485 586 2555 atqui
621 2484 704 2538 vix
736 2493 915 2554 patres
942 2483 1079 2539 hanc
1104 2499 1291 2539 vocem
1327 2470 1603 2549 emittant',
1636 2484 1731 2540 sed
1757 2499 1885 2539 con-

291 2576 513 2633 cedatur
556 2585 735 2631 tamen
790 2591 1028 2647 eousque
1071 2576 1191 2631 illos
1239 2576 1497 2631 accedere
1540 2593 1554 2629 :
1590 2575 1701 2645 jam
1741 2576 1883 2648 quod

292 2670 457 2738 majus
486 2677 574 2723 cst
596 2669 853 2725 exhibere
871 2678 955 2724 est
980 2683 1135 2738 opus.
1164 2667 1445 2723 Undenam
1476 2666 1885 2723 exhibebimus?

293 2758 375 2817 Ex.
395 2761 531 2831 ipsis
562 2762 757 2816 iterum
784 2760 1099 2827 visceribus,
1133 2768 1293 2829 atque
1319 2775 1383 2816 ex
1413 2760 1732 2832 legislatoris
1759 2775 1883 2815 ver-

294 2852 388 2908 bis.
412 2854 513 2910 ille
532 2869 661 2908 vero
688 2853 814 2925 quid
839 2853 1014 2909 dicit?
1041 2852 1103 2908 Si
1130 2854 1358 2907 remittas
1389 2853 1460 2908 eis
1490 2862 1771 2919 peccatum.
1799 2868 1882 2908 re-

294 2948 460 3013 mitte;
514 2949 594 3002 sin
647 2948 835 3013 minus,
886 2947 998 3002 dele
1044 2963 1126 3001 me
1168 2948 1231 3001 de
1270 2947 1398 3002 libro
1445 2965 1593 3019 quem
1639 2948 1885 3011 scripsisti

294 3038 478 3107 (Exod.
522 3039 611 3095 ΒΞ..
632 3041 721 3094 51.
749 3040 864 3112 52).
894 3039 1085 3095 Nullus
1117 3055 1244 3096 vero
1276 3050 1445 3109 pater,
1477 3042 1562 3096 cui
1589 3041 1885 3097 innumeris

293 3128 386 3185 irui
415 3131 579 3185 bonis
608 3131 839 3187 liberum
866 3131 935 3185 sit
953 3171 969 3195 ,
1002 3145 1122 3185 cum
1152 3131 1333 3186 liberis
1362 3133 1678 3201 supplicium
1705 3132 1886 3190 subire

293 3222 524 3278 voluerit
546 3241 560 3278 :
581 3224 869 3293 Apostolus
896 3239 1026 3278 vero
1046 3265 1060 3289 ,
1089 3232 1275 3293 utpote
1316 3224 1367 3278 in
1398 3226 1569 3295 gratia
1602 3234 1844 3280 versatus
1869 3268 1882 3290 ,

294 3323 572 3384 paternum
597 3316 899 3385 hujusmodi
924 3316 1193 3378 aﬂ‘ectum,
1222 3326 1439 3386 propter
1459 3318 1751 3380 Christum,
1774 3334 1886 3373 ma-

294 3402 451 3474 jorem
471 3406 716 3462 exhibet.
747 3407 862 3462 Non
895 3408 1038 3461 enim
1064 3422 1185 3461 cum
1209 3408 1339 3477 ipsis
1366 3423 1551 3478 pinnas
1580 3410 1708 3465 dare
1740 3413 1884 3467 vole-

295 3496 379 3556 bat
398 3510 452 3555 ut
478 3502 490 3555 i
514 3500 611 3565 Ile;
642 3500 735 3555 sed
764 3508 823 3555 ut
848 3500 936 3554 alii
960 3501 1187 3554 salutem
1218 3502 1473 3571 consequi
1503 3512 1742 3571 possent,
1773 3504 1886 3574 ipse

296 3593 389 3648 sibi
428 3594 736 3665 perniciem
764 3594 1082 3664 precabatur
1118 3594 1199 3647 his
1230 3594 1405 3648 verbis
1435 3613 1445 3647 :
1480 3595 1731 3665 Optabam
1756 3613 1886 3649 ana-

301 3689 459 3740 thema
483 3702 602 3743 esse
637 3703 670 3739 a
700 3686 901 3740 Christo
924 3702 1016 3756 pro
1039 3688 1283 3758 fratribus
1314 3688 1437 3740 meis
1459 3729 1473 3751 ,
1505 3690 1733 3759 cognatis
1766 3690 1887 3743 meis

305 3780 573 3834 secundum
615 3796 816 3834 carnem
846 3778 1023 3851 (Rom.
1067 3779 1118 3834 9.
1156 3778 1232 3849 5t).
1279 3779 1446 3833 Tanta
1480 3781 1884 3848 misericordia,

306 3878 472 3928 tantus
511 3871 742 3928 affectus
782 3887 946 3941 penes
980 3881 1196 3925 sanctos
1232 3882 1332 3927 est.
1375 3872 1552 3940 Quare
1591 3883 1645 3928 et
1674 3874 1887 3945 Bahylae

305 3963 494 4019 viscera
522 3965 696 4036 magis
718 3966 1194 4029 excruciabautur,
1227 3966 1367 4036 quod
1400 3967 1741 4036 Imperatoris
1771 3969 1886 4022 cxi-

306 4053 424 4109 tium
452 4058 590 4112 ultra
614 4072 829 4127 semper
852 4057 1053 4112 intendi
1078 4067 1342 4112 cerneret.
1372 4055 1555 4125 Neque
1574 4060 1716 4111 enim
1752 4067 1887 4112 tem-

306 4146 371 4214 pli
395 4149 565 4204 solum
595 4163 753 4203 causa
779 4148 969 4204 dolens
998 4149 1113 4203 huic
1137 4148 1356 4216 agebat;
1391 4147 1484 4202 sed
1514 4148 1671 4201 etiam
1696 4148 1888 4203 aiTectu

309 4254 421 4312 erga
456 4243 836 4314 Imperatorem
866 4244 1131 4297 inductus.
1163 4241 1295 4296 Nam
1327 4240 1416 4312 qui
1454 4241 1690 4296 divinum
1736 4243 1891 4297 ruini-

308 4335 516 4390 sterium
549 4335 870 4391 contumelia
894 4335 1077 4399 al'iicit,
1107 4335 1278 4405 ipsum
1308 4333 1524 4405 quidem
1555 4333 1686 4387 nihil
1710 4333 1887 4402 hedit,

309 4426 531 4495 seipsum
563 4442 695 4482 vero
723 4427 1017 4482 innumeris
1044 4426 1331 4494 complicat
1357 4424 1533 4481 malis.

375 4520 456 4574 Η.
469 4517 691 4591 Babylas
708 4520 1055 4585 obtruncatur;
1071 4516 1214 4589 jubet
1226 4528 1426 4571 catenas
1446 4533 1559 4569 cum
1572 4532 1780 4586 corpore
1800 4530 1892 4571 suo

318 4609 541 4680 sepeliri:
578 4612 908 4681 reliquiarum
934 4612 1118 4664 cultus.
1150 4639 1222 4650 —
1245 4609 1583 4678 Quapropter
1626 4618 1776 4678 pater
1805 4610 1893 4663 ille

316 4704 471 4770 proiis
489 4721 695 4767 amans,
715 4703 1162 4760 contumeliosum
1187 4703 1332 4757 illum
1366 4704 1556 4756 iratum
1588 4718 1681 4769 per
1702 4703 1892 4772 pra-ci-

317 4796 431 4862 pitia
468 4798 593 4854 ferri
620 4813 866 4864 cernens,
899 4797 1113 4852 brutqu
1158 4796 1413 4866 impetum
1455 4811 1706 4851 coercere
1746 4810 1895 4849 cura-

316 4882 418 4950 bat,
448 4904 545 4944 ceu
570 4889 856 4961 quemdam
887 4889 1140 4944 ell'renem
1164 4904 1357 4958 equum
1386 4904 1415 4941 a
1445 4904 1594 4955 tergo
1620 4888 1894 4942 deterrere

318 4983 672 5047 satagens.At
700 4996 805 5036 non
852 4981 1106 5035 sustinuit
1144 4980 1323 5035 infelix
1373 4980 1496 5044 ille,
1543 4980 1636 5034 Sed
1684 4978 1894 5034 frenum

318 5073 593 5138 mordens,
635 5082 691 5129 ct
719 5073 1021 5138 obsistens,
1055 5088 1284 5143 seseque
1336 5073 1501 5128 furori
1548 5083 1603 5127 et
1639 5074 1893 5139 insaniae,

320 5161 474 5215 misso
495 5174 658 5219 recta:
688 5164 927 5219 rationis‘
935 5164 1137 5235 judicio
1156 5205 1172 5229 ,
1196 5163 1422 5228 dedens,
1448 5163 1498 5216 in
1524 5163 1775 5219 barathro
1799 5180 1897 5217 ex-

327 5266 501 5309 trema:
531 5257 785 5327 perniciei
816 5273 937 5313 sese
965 5257 1215 5325 conjecit,
1248 5250 1602 5325 sanctumque
1630 5270 1661 5310 e
1684 5270 1898 5310 carcere

322 5343 595 5413 eductum,
624 5349 689 5403 ad
721 5348 922 5403 caedem
972 5349 1207 5403 vinctum
1252 5346 1412 5416 jussit
1459 5346 1671 5400 abduci.
1728 5347 1900 5417 Atque

324 5432 404 5488 hic
428 5453 507 5501 ea,
539 5455 655 5509 qua:
682 5441 1040 5503 cernebantur
1066 5482 1082 5506 ,
1129 5440 1193 5496 iis
1239 5456 1361 5510 qua:
1401 5438 1596 5494 ﬁebant
1633 5440 1900 5496 contraria

325 5538 485 5589 erant.
515 5530 604 5588 ille
633 5533 845 5604 quidem
875 5533 1084 5590 vinctus
1112 5533 1361 5589 omnibus
1385 5533 1540 5587 simul
1569 5533 1795 5587 vinculis
1815 5548 1903 5587 so-

326 5616 458 5676 lutus
483 5633 593 5680 erat
616 5668 633 5692 ,
677 5637 782 5681 tam
810 5625 1206 5696 ferreis,,quam
1243 5626 1361 5680 aliis
1409 5626 1767 5695 gravioribus,
1796 5625 1902 5681 Sol-

326 5708 672 5775 liritutlinibus
699 5720 902 5775 scilicet
929 5730 1090 5789 atque
1114 5719 1388 5775 laboribus
1411 5760 1426 5785 ,
1470 5719 1696 5789 aliisque
1725 5720 1902 5773 omni-

329 5799 440 5867 bus,
461 5821 577 5876 qua:
605 5824 704 5865 nos
723 5810 774 5864 in
806 5809 905 5865 hac
935 5811 1143 5865 mortali
1170 5810 1276 5863 vita
1308 5810 1743 5874 circumsistunt;
1777 5823 1906 5866 con-

331 5900 404 5947 ιη
448 5898 532 5968 qui
574 5903 781 5960 solutus
832 5903 974 5959 ferro
1022 5914 1074 5958 et
1125 5902 1406 5959 adamante
1436 5901 1713 5959 videbatur
1741 5941 1760 5972 ,
1787 5901 1908 5959 aliis

1111 440 1196 498 DE
1231 440 1290 498 S.
1322 436 1616 507 BABYLA,
1654 433 1929 494 CONTRA
1968 428 2308 492 JULIANUM
2348 433 2439 492 ΕΤ
2475 431 2831 492 GENTILES.

3471 415 3598 472 550.

1994 548 2151 621 longe
2192 550 2525 620 gravioribus
2570 550 2800 607 vinculis
2839 552 3162 607 constrictus
3197 562 3348 622 erat,
3375 555 3593 611 catenis.

1990 650 2330 711 peccatorum
2356 642 2584 698 vinctus.
2611 642 2757 698 Credi
2803 642 3074 713 proximus
3120 644 3202 699 vir
3245 644 3431 717 beatus
3455 661 3578 718 cum

1989 732 2134 787 ferro
2155 746 2350 802 corpus
2379 747 2533 787 suum
2563 732 2777 802 sepeliri
2804 732 3093 801 mandavit,
3122 734 3427 805 docensca,
3460 751 3582 807 qua:

1993 821 2340 892 ignominiosa
2365 822 2645 891 videntur,
2674 839 2795 879 cum
2841 834 3059 895 propter
3097 823 3366 882 Christum
3413 827 3575 891 nutu,

1994 912 2288 969 liciioriiica
2329 922 2386 969 et
2436 914 2712 986 splendida
2745 929 2866 983 esse
2888 957 2902 980 ,
2934 917 3331 988 patientemqne
3383 920 3579 985 nedum

1988 1003 2270 1075 pudorem,
2297 1003 2421 1061 hinc
2447 1005 2670 1076 gloriam
2701 992 3018 1077 reportare:
3046 1009 3145 1063 hac
3179 1009 3304 1064 item
3343 1009 3397 1065 in
3431 1020 3581 1080 parte

1989 1095 2204 1150 beatum
2244 1095 2464 1152 Paulum
2501 1097 2759 1163 imitatus,
2783 1081 2883 1168 qui
2902 1098 3039 1163 ultro
3056 1099 3296 1175 citroque
3311 1103 3579 1172 stigmata,

1990 1186 2205 1241 vincula
2233 1229 2249 1253 ,
2298 1197 2541 1244 catenam
2574 1190 2858 1258 versabat,
2886 1190 3268 1261 gloriabundus
3310 1193 3579 1265 altumque

1989 1281 2202 1350 sapiens
2233 1283 2285 1335 in
2323 1283 2408 1349 iis,
2438 1298 2663 1353 quorum
2690 1283 2824 1339 alios
2855 1284 3093 1353 puderet.
3129 1285 3279 1355 Quod
3314 1298 3493 1345 autem
3521 1306 3585 1344 a-

1990 1374 2091 1430 lios
2123 1376 2385 1446 puderet,
2442 1378 2613 1448 palam
2672 1378 2825 1434 nobis
2866 1378 2986 1434 fecit
3027 1395 3088 1434 ea
3116 1380 3449 1451 defensione,
3480 1399 3581 1455 qua

1988 1468 2127 1538 apud
2158 1470 2447 1541 Agrippam
2477 1486 2604 1526 usus
2645 1481 2747 1527 est.
2795 1470 2890 1525 lllo
2932 1487 3162 1545 namque
3207 1473 3459 1541 dicente,
3514 1476 3582 1531 In

1993 1563 2192 1617 modico
2242 1565 2425 1620 suades
2468 1581 2548 1620 me
2577 1564 2923 1623 Christianum
2960 1568 3074 1637 ﬁeri
3102 1609 3117 1634 ,
3171 1569 3364 1626 Paulus
3406 1570 3580 1637 dixit,

1994 1653 2129 1725 Opto
2150 1656 2290 1727 apud
2312 1640 2475 1711 Deum
2501 1666 2547 1711 et
2572 1658 2623 1712 in
2644 1658 2841 1714 modico
2865 1670 2912 1716 et
2938 1661 2990 1715 in
3018 1678 3225 1733 magno,
3261 1679 3360 1716 non
3384 1671 3580 1716 tantum

1991 1756 2056 1813 te,
2089 1748 2180 1802 sed
2225 1750 2372 1803 etiam
2411 1766 2494 1805 eos
2541 1752 2627 1820 qui
2659 1752 2846 1807 adsunt
2875 1771 3047 1809 omnes
3096 1755 3208 1824 ﬁeri
3249 1754 3581 1823 Christianos,

1991 1841 2209 1910 acceptis
2248 1841 2461 1897 vinculis
2482 1843 2559 1897 liis
2583 1844 2602 1916 (
2623 1843 2735 1898 Act.
2768 1844 2858 1900 26.
2890 1843 2980 1899 28.
3011 1844 3142 1917 9.9);
3184 1846 3323 1917 quod
3354 1862 3457 1902 non
3480 1848 3581 1904 ad-

1988 1931 2230 2000 jecisset,
2281 1933 2383 1989 nisi
2424 1934 2478 1989 id
2515 1935 2925 2006 ignominiosum
2971 1937 3153 1992 multis
3178 1936 3347 1993 visum
3378 1939 3578 1995 inisset.

2001 2022 2189 2079 Sancti
2220 2024 2363 2079 enim
2396 2025 2678 2081 Dominum
2730 2038 2971 2082 amantes
2994 2070 3008 2095 ,
3041 2044 3304 2085 mrumnas
3346 2046 3445 2102 pro
3490 2030 3584 2086 illo

1991 2128 2182 2185 magna
2212 2129 2332 2168 cum
2361 2115 2636 2172 alacritate
2678 2117 3042 2187 suscipiebant
3075 2162 3089 2187 ,
3124 2136 3218 2188 per
3244 2136 3377 2192 quas
3421 2122 3582 2178 etiam

1989 2205 2222 2261 laetiores
2263 2207 2580 2263 evadebant.
2639 2209 2793 2265 Unde
2824 2210 2910 2264 hic
2954 2212 3168 2281 quidem
3229 2213 3337 2279 ait,
3370 2211 3580 2268 Gaudeo

1987 2297 2043 2351 in
2075 2298 2423 2369 afﬂictionibus
2459 2302 2581 2355 meis
2609 2299 2629 2371 ί
2657 2300 2768 2355 Col.
2798 2303 2850 2357 l.
2880 2302 2950 2357 24
2972 2301 3028 2373 );
3056 2302 3227 2358 Lucas
3250 2306 3380 2360 veio
3404 2305 3472 2361 de
3497 2322 3584 2361 re-

1988 2392 2134 2463 liquo
2214 2394 2576 2463 apostolorum
2652 2403 2794 2451 cmtu
2859 2396 3045 2451 eadem
3109 2396 3221 2467 ipsa
3288 2396 3580 2469 loquitur:

1990 2501 2110 2539 nam
2139 2495 2257 2555 post
2284 2488 2447 2541 multa
2476 2486 2679 2559 ﬂagella
2699 2487 3246 2559 reccdebant,inquit,
3269 2489 3581 2560 gaudentes,

1988 2579 2241 2648 quoniam
2271 2579 2417 2649 digni
2448 2580 2612 2635 habiti
2641 2589 2823 2635 essent
2850 2596 2945 2651 pro
2972 2580 3192 2636 nomine
3216 2580 3422 2637 Christi
3448 2598 3581 2639 con-

1991 2673 2260 2727 tumeliam
2290 2674 2398 2744 pati
2428 2674 2447 2745 (
2483 2674 2595 2727 Act.
2624 2674 2677 2730 5.
2709 2674 2771 2729 41
2809 2673 2852 2745 ).
2884 2673 2960 2728 Ne
2988 2673 3109 2745 quis
3143 2688 3273 2745 ergo
3298 2674 3575 2744 gentilium

1990 2775 2222 2834 putaret,
2245 2767 2541 2822 certamina
2572 2784 2667 2839 per
2686 2768 2793 2823 vim
2817 2784 2879 2823 ac
2903 2768 3272 2824 necessitatem
3294 2768 3578 2835 committi,

1989 2861 2105 2929 ipsa
2147 2859 2502 2915 certaminum
2555 2860 2797 2933 symbola
2835 2876 2954 2913 cum
2996 2874 3220 2930 corpore
3249 2874 3347 2916 suo
3370 2860 3583 2931 sepeliri

1986 2951 2167 3023 jussit,
2201 2952 2497 3009 ostendens
2521 2967 2583 3008 ea
2622 2952 2722 3007 sibi
2750 2950 3037 3007 admodum
3076 2961 3225 3024 grata
3257 2963 3311 3008 et
3336 2951 3583 3009 amabilia

1990 3057 2134 3109 esse,
2163 3044 2307 3113 quod
2354 3052 2500 3099 totus
2530 3043 2791 3114 penderet
2824 3058 2853 3097 a
2902 3044 3125 3099 caritate
3153 3042 3373 3100 Christi.
3407 3044 3476 3100 Et
3504 3044 3585 3115 ja-

1988 3145 2115 3191 cent
2161 3137 2323 3192 etiam
2366 3153 2505 3192 nunc
2528 3152 2651 3192 cum
2701 3138 2971 3192 cineribus
3008 3137 3334 3209 compedes,
3385 3147 3442 3192 ut
3472 3155 3583 3192 mo-

1991 3239 2152 3312 neant
2182 3244 2370 3285 omnes
2423 3228 2787 3285 Ecclesiarnm
2842 3228 3126 3305 praefectos
3153 3270 3169 3295 ,
3200 3229 3299 3283 etsi
3327 3229 3533 3283 vincula
3564 3271 3581 3296 ,

1989 3320 2192 3374 caedem
2222 3329 2276 3375 et
2314 3320 2570 3391 qumlibct
2598 3320 2699 3375 alia
2727 3320 2835 3390 pati
2862 3329 3108 3389 oporteat
3137 3361 3151 3387 ,
3184 3320 3361 3374 omnia
3392 3319 3583 3374 alacri-

1993 3420 2074 3465 ter
2099 3425 2161 3466 ac
2190 3427 2309 3466 cum
2342 3412 2617 3481 voluptate
2656 3411 2820 3466 multa
2871 3411 3178 3466 sustinemla
3218 3426 3338 3466 esse
3368 3453 3383 3476 ,
3427 3411 3497 3466 ita
3528 3419 3583 3466 ut

1992 3504 2358 3559 concreditum
2401 3506 2555 3560 nobis
2587 3504 2889 3560 libertatem
2936 3519 3004 3559 ne
3053 3504 3332 3560 minimum
3363 3505 3578 3576 quidem

1994 3597 2280 3665 prodamus
2306 3606 2393 3650 aut
2425 3596 2833 3652 dcilecorcmus.
2858 3596 2924 3650 Et
2948 3594 3159 3666 quidem
3185 3595 3273 3651 ille
3289 3595 3370 3650 vir
3396 3595 3585 3652 beatus

1993 3687 2062 3742 ita
2084 3687 2363 3756 splendide
2388 3688 2549 3741 vitam
2580 3687 2789 3742 clausit.
2828 3687 2983 3742 Putat
3030 3686 3167 3743 forte
3199 3687 3460 3758 quispiam
3486 3705 3585 3747 nos

1996 3780 2078 3832 his
2108 3779 2296 3835 orandi
2338 3781 2495 3834 linem
2543 3778 2776 3833 facturos
2806 3794 2948 3845 esse,
2977 3780 3096 3833 cum
3126 3789 3246 3850 post
3272 3779 3394 3835 vitae
3425 3780 3583 3835 tinem

1996 3871 2134 3923 milia
2161 3871 2231 3925 sit
2262 3871 2460 3940 reliqua
2480 3870 2689 3924 virtutis
2719 3885 3050 3940 operumque
3077 3870 3308 3938 occasio,
3328 3871 3583 3941 quemad-
3644 3852 3651 3869 ’

1995 3960 2211 4014 modum
2240 3975 2338 4015 nec
2366 3961 2583 4016 athletis
2626 3970 2815 4017 exacto
2844 3963 3197 4017 certaminum
3234 3971 3475 4033 tempore
3491 3980 3586 4020 co-

1993 4066 2156 4107 ronas
2185 4064 2399 4107 nectere
2431 4053 2570 4107 licet.
2618 4052 2810 4107 Verum
2871 4053 2922 4107 id
2952 4053 3179 4122 gentiles
3224 4054 3438 4124 quidem
3478 4071 3586 4111 non

1995 4143 2093 4196 alis
2118 4158 2176 4197 re
2209 4142 2567 4208 arbitrantur,
2595 4140 2718 4212 quia
2764 4157 2914 4212 spem
2947 4157 3098 4197 suam
3146 4143 3220 4197 illi
3267 4143 3406 4199 intra
3429 4144 3589 4215 hujus

1998 4235 2118 4287 vita:
2148 4235 2406 4288 terminos
2451 4235 2782 4289 incluserunt
2818 4255 2830 4288 :
2863 4249 2961 4289 nos
2994 4252 3125 4292 vero
3155 4278 3168 4301 ,
3197 4237 3390 4308 quibus
3413 4232 3590 4296 obitus

1996 4328 2219 4382 alterius
2268 4327 2681 4398 illustriorisque
2718 4328 2841 4381 vita:
2872 4328 3081 4383 initium
3108 4339 3214 4396 est,
3248 4328 3319 4403 ab
3344 4329 3446 4386 hac
3475 4332 3589 4404 opi-

1997 4420 2161 4475 nione
2188 4429 2347 4488 atque
2388 4421 2652 4476 sententia
2690 4421 2846 4491 longe
2889 4421 3145 4477 absumus
3174 4441 3189 4487 ;
3218 4422 3359 4493 quod
3407 4434 3587 4480 autem

1996 4514 2049 4569 id
2077 4514 2197 4583 jure
2238 4529 2301 4569 ac
2346 4516 2562 4580 merito,
2593 4516 2643 4568 in
2673 4516 2774 4569 alia
2806 4500 3054 4570 bratione
3103 4513 3416 4584 probabitur
3452 4534 3466 4572 :
3500 4518 3580 4573 in-

1999 4606 2152 4659 terim
2201 4618 2332 4658 vero
2382 4620 2442 4658 ea
2474 4647 2489 4672 ,
2540 4620 2660 4674 qua":
2705 4613 2825 4675 post
2855 4614 3082 4660 mortem
3126 4620 3156 4660 a
3194 4619 3458 4675 generoso
3498 4607 3593 4661 illo

2000 4695 2197 4767 Babyla
2254 4697 2512 4767 praeclare
2542 4705 2694 4765 gesta
2743 4705 2904 4759 sunt,
2937 4711 3186 4767 magnam
3230 4695 3380 4751 verbi
3433 4697 3592 4753 iidem

2000 4797 2261 4858 praestare
2329 4797 2572 4857 possunt.
2625 4788 2757 4856 Quia
2820 4788 2961 4842 enim
3007 4803 3178 4857 usque
3234 4788 3301 4844 ad
3364 4800 3593 4846 mortem

2000 4897 2098 4952 pro
2128 4880 2353 4936 veritate
2393 4881 2663 4946 certavit,
2713 4891 2768 4936 et
2809 4896 2977 4952 usque
3023 4881 3090 4935 ad
3142 4882 3455 4953 sanguinem
3505 4900 3593 4939 re-

1999 4974 2134 5029 stitit
2182 4982 2368 5027 contra
2416 4982 2688 5042 peccatum
2737 4973 3083 5043 depugnans,
3120 4982 3175 5030 et
3224 4983 3281 5030 ut
3327 4975 3587 5041 ordinem,

2000 5083 2161 5139 quem
2179 5069 2276 5139 ipsi
2299 5068 2647 5123 constituerat
2669 5066 2776 5121 Rex
2797 5067 2885 5121 ille
2907 5082 3151 5137 magnus,
3174 5083 3279 5123 non
3297 5067 3591 5130 desereret,

2001 5160 2233 5216 animam
2267 5162 2433 5231 ipsam
2462 5159 2730 5230 deposuit,
2764 5161 3016 5230 omnique
3042 5160 3239 5214 athleta
3268 5160 3599 5232 splendidius

2003 5244 2252 5310 occubuit
2282 5274 2295 5309 ε
2327 5254 2472 5308 illum
2500 5253 2713 5322 quidem
2744 5252 2998 5324 deinceps
3016 5253 3206 5309 caelum
3233 5252 3436 5321 habuit,
3472 5268 3599 5308 cor-

2006 5365 2105 5418 pus
2158 5356 2359 5410 autem,
2393 5346 2535 5417 quod
2587 5346 2652 5401 ad
2684 5355 2958 5403 certamen
3009 5345 3428 5411 ministraverat,
3458 5353 3599 5402 terra

2005 5449 2252 5510 occupat,
2283 5441 2351 5494 ita
2376 5449 2433 5493 ut
2464 5450 2712 5493 creatura
2738 5439 2994 5493 athletam
3022 5437 3282 5493 diviserit.
3319 5438 3478 5510 Atqui
3508 5456 3599 5510 po-

2009 5544 2145 5590 terat
2171 5535 2261 5590 ille
2276 5543 2329 5589 et
2357 5532 2636 5588 transferri
2660 5541 2716 5588 ut
2745 5530 2951 5597 Euoch,
2983 5540 3036 5587 et
3057 5531 3170 5601 rapi
3196 5542 3254 5586 nt
3282 5530 3482 5597 Helias,
3509 5537 3599 5606 qui

2009 5627 2286 5695 utriusque
2312 5624 2591 5680 :emulator
2618 5623 2828 5678 fuerat:
2858 5633 2913 5677 at
2946 5622 3084 5677 Deus
3111 5622 3199 5679 ille
3224 5624 3482 5691 clemens,
3512 5628 3600 5697 qui

2010 5718 2246 5773 inﬁnitas
2266 5718 2423 5773 nobis
2440 5716 2626 5772 salutis
2641 5714 2953 5770 occasiones
2974 5715 3220 5783 contulit,
3245 5714 3381 5773 hanc
3393 5732 3604 5788 quoque

2012 5811 2166 5867 nobis
2192 5824 2311 5866 cum
2343 5809 2462 5865 aliis
2496 5807 2705 5877 aperuit
2734 5820 2903 5873 vtam,
2951 5821 3070 5878 qua:
3097 5822 3198 5863 nos
3222 5810 3390 5878 possit
3415 5809 3478 5862 ad
3503 5810 3598 5863 vir-

2015 5911 2183 5959 tutem
2214 5916 2458 5967 evocare,
2492 5908 2798 5955 sanetorum
2820 5894 3071 5972 reliquias
3092 5899 3230 5973 apud
3265 5915 3363 5958 nos
3388 5897 3603 5958 interim
