4032 6444
478 397 573 452 551

479 514 812 584 relinquens.
840 506 975 565 Nam
1019 513 1141 577 post
1170 500 1436 559 sermonis
1475 500 1726 554 virtutem
1777 493 2072 552 secundum

479 601 936 662 tenentordincm
964 607 1267 654 sanctorum
1321 593 1589 664 sepulcra,
1640 589 1708 646 ad
1735 590 1943 644 animos
1993 587 2075 643 in-

479 697 740 754 tuentium
780 692 1056 748 hominum
1088 687 1154 743 ad
1200 685 1548 742 imitationem
1577 681 1950 738 concitandos.
1995 679 2076 735 Ac

475 788 645 844 sicubi
667 786 785 858 quis
805 781 1066 854 ejusmodi
1095 793 1269 850 capsae
1296 777 1492 843 adstet,
1525 775 1704 830 statim
1750 773 1867 844 ejus
1895 771 2076 829 efﬁca-

478 879 617 934 ciam
646 891 807 932 sensu
838 873 1082 946 percipit.
1116 869 1324 926 Etenim
1354 882 1527 938 capsae
1555 874 1806 936 aspectus
1835 863 2072 918 animum

476 985 766 1040 occupans,
803 967 980 1038 ipsum
1023 962 1265 1036 percellit
1287 970 1341 1017 et
1367 961 1586 1025 excitat,
1618 967 1778 1029 atque
1817 957 1966 1013 illum
1995 957 2075 1012 sic

474 1063 660 1129 aflicit,
686 1077 751 1118 ac
775 1061 821 1116 si
855 1060 942 1115 ille
967 1058 1058 1130 qui
1102 1058 1247 1124 jacet
1285 1054 1444 1110 simul
1479 1060 1809 1124 precaretur,
1836 1049 2070 1114 adesset,

475 1154 763 1210 videretur.
797 1151 935 1206 llinc
962 1148 1240 1204 alacritate
1273 1145 1461 1216 plenus
1481 1143 1594 1209 ille,
1622 1143 1711 1214 qui
1744 1143 1822 1198 sic
1848 1141 2074 1196 aﬂ'ectus

475 1255 595 1312 est,
643 1245 697 1300 in
751 1244 1092 1312 alterumque
1137 1240 1314 1296 virum
1368 1245 1604 1293 mutatus
1633 1279 1648 1304 ,
1703 1237 1774 1291 ita
1824 1233 2070 1292 discedit.

473 1340 647 1397 Probe
673 1349 850 1394 autem
877 1337 1274 1394 animadvertct
1317 1334 1690 1392 defunctorum
1738 1331 2072 1404 phantasiam

473 1447 540 1488 ex
571 1432 702 1503 ipsis
747 1431 882 1489 locis
925 1431 980 1486 in
1010 1429 1306 1486 viventium
1353 1429 1546 1484 animis
1585 1427 1806 1483 excitari
1837 1469 1852 1493 ,
1882 1426 1927 1482 si
1953 1425 2074 1496 quis

476 1523 690 1594 cogitet,
715 1521 990 1592 quomodo
1017 1521 1050 1575 ii
1093 1521 1182 1591 qui
1221 1519 1436 1589 lugendi
1470 1533 1630 1575 causa
1663 1517 1925 1584 veniunt,
1957 1526 2070 1571 sta-

477 1615 572 1668 tim
597 1623 758 1685 atque
786 1610 853 1666 ad
901 1611 1146 1684 sepulcra
1191 1619 1529 1665 accesserunt
1552 1651 1569 1678 ,
1600 1625 1662 1666 ac
1691 1609 1737 1665 si
1780 1609 1895 1665 vice
1923 1624 2073 1666 urna:

472 1718 570 1759 eos
600 1704 688 1774 qui
723 1702 776 1756 in
807 1716 940 1756 urna
962 1706 1143 1772 jaccnt
1163 1709 1367 1756 stantes
1396 1700 1658 1767 viderent,
1692 1701 1768 1755 sic
1795 1700 1919 1755 illos
1949 1715 1980 1754 e
2011 1699 2073 1753 li-

471 1796 618 1850 mine
644 1797 821 1850 statim
844 1794 1190 1865 compellent.
1220 1793 1364 1849 Multi
1383 1792 1859 1859 vero,iutolerabili
1893 1791 2072 1848 affecti

471 1888 693 1955 dolore,
724 1903 889 1959 prope
911 1889 1153 1958 sepulcra
1207 1895 1540 1942 mortuorum
1593 1885 1923 1941 domicilium
1970 1883 2072 1939 sibi

473 1995 708 2050 perenne
727 1979 1120 2034 constituerunt
1145 2020 1161 2048 ,
1191 1978 1244 2034 id
1268 1993 1602 2050 nequaquam
1627 1977 1848 2045 facturi,
1877 1976 1981 2032 nisi
2005 1991 2072 2031 ex

473 2074 577 2130 locl
620 2083 915 2145 conspectu
951 2073 1221 2145 quidpiam
1273 2071 1657 2128 consolationis
1683 2071 2070 2142 percepissent.

473 2165 678 2238 Ecquid
707 2166 773 2222 de
801 2167 919 2222 loco
944 2175 998 2222 et
1027 2167 1278 2237 sepulcro
1306 2163 1536 2237 loquor?
1563 2181 1684 2221 cum
1713 2164 1881 2221 vestis
1928 2179 2074 2234 saepe

477 2259 591 2314 sola
634 2268 966 2316 mortuorum
992 2259 1128 2326 visa,
1161 2268 1253 2315 aut
1295 2259 1513 2315 verbum
1533 2274 1696 2314 unum
1727 2265 1907 2314 mente
1927 2272 2074 2328 repe-

471 2351 648 2415 titum,
678 2353 914 2407 animum
942 2352 1212 2422 excitarit,
1242 2363 1297 2408 et
1327 2351 1595 2408 labentem
1635 2351 1950 2408 memoriam
1984 2366 2071 2405 re-

469 2441 698 2498 duxerit.
726 2442 850 2499 Ideo
898 2444 1153 2515 reliquias
1179 2452 1484 2500 sanctorum
1507 2443 1662 2499 nobis
1677 2443 1819 2500 Deus
1844 2443 2070 2499 dimisit.

544 2535 630 2589 12.
655 2535 762 2591 SS.
783 2535 1072 2608 Martyrum
1091 2535 1512 2592 miracula.—Mc
1527 2547 1705 2592 autem
1721 2551 1824 2591 non
1845 2535 1958 2591 haec
1973 2535 2074 2590 fru-

470 2634 578 2680 stra
601 2625 848 2696 jactitare
869 2669 884 2694 ,
912 2627 1005 2682 sed
1027 2627 1094 2682 ad
1125 2628 1404 2683 utilitatem
1437 2636 1674 2684 nostram
1705 2627 1774 2683 ita
1799 2628 2071 2700 provisum

471 2732 592 2774 esse
615 2759 630 2784 ,
681 2717 838 2773 ﬁdem
870 2717 1049 2774 facere
1082 2728 1307 2788 possunt
1335 2719 1590 2774 miracula
1618 2761 1633 2786 ,
1660 2733 1780 2790 qua:
1811 2735 1843 2773 a
1873 2718 2072 2772 sanctis

470 2809 708 2882 quotidie
748 2811 1071 2882 martyribus
1113 2810 1346 2867 eduntur
1377 2853 1392 2878 ,
1423 2825 1633 2866 necnon
1674 2810 1959 2866 multitudo
2001 2810 2072 2866 ita

471 2902 907 2957 concurrentium
938 2903 1198 2970 virorum,
1227 2917 1326 2958 nec
1351 2903 1526 2958 minus
1555 2945 1570 2968 ,
1593 2918 1753 2973 quam
1783 2902 1868 2957 illa
1891 2943 1906 2968 ,
1930 2901 2072 2958 beati

474 2992 632 3063 hujus
661 2993 760 3049 viri
791 2994 952 3048 etiam
998 3003 1120 3065 post
1156 2993 1360 3049 obitum
1412 2995 1667 3066 prmelara
1711 3003 1881 3066 gesta.
1915 2994 2070 3049 Post-

470 3101 630 3154 quam
661 3086 804 3140 enim
832 3085 900 3140 ita
931 3094 987 3140 ut
1025 3085 1372 3142 mandaverat
1402 3088 1642 3158 sepultus
1670 3095 1752 3144 est
1774 3130 1788 3152 ,
1823 3087 2074 3158 longum-

470 3194 575 3248 que
633 3188 842 3249 tempus
899 3187 1021 3249 post
1070 3179 1396 3250 sepulturam
1447 3180 1696 3246 efﬂuxit,
1731 3180 1801 3236 ita
1852 3189 1910 3236 ut
1949 3194 2072 3236 ossa

473 3281 676 3327 tantum
708 3282 760 3327 et
781 3273 953 3343 pulvis
976 3272 1027 3327 in
1052 3272 1254 3327 tumulo
1284 3281 1615 3341 remaneant,
1647 3273 1820 3328 visum
1851 3282 1936 3329 est
1961 3274 2074 3329 eui-

470 3362 592 3416 darn
621 3378 685 3418 ex
717 3363 780 3417 iis
801 3405 814 3429 ,
847 3365 936 3433 qui
969 3377 1154 3434 postea
1185 3363 1580 3434 imperaverunt
1613 3407 1628 3429 ,
1665 3365 1717 3420 in
1747 3365 1849 3422 hoc
1874 3365 2071 3422 subur-

471 3452 616 3508 bium
648 3454 908 3524 Daphnen
933 3470 1150 3527 capsam
1178 3455 1371 3512 adduci
1392 3475 1404 3510 :
1428 3457 1587 3529 idque
1613 3458 1788 3514 visum
1817 3467 1932 3524 est,
1959 3458 2070 3514 Deo

472 3541 812 3615 Imperatoris
839 3547 1074 3602 animum
1105 3547 1172 3603 ad
1204 3563 1320 3605 eam
1349 3564 1464 3603 rem
1487 3557 1761 3605 movente.
1782 3549 1913 3606 Cum
1928 3550 2070 3606 enim

471 3637 678 3694 videret
709 3639 886 3695 locum
929 3639 1352 3696 adolescentium
1384 3643 1596 3698 lascivia
1627 3684 1642 3710 ,
1695 3659 1796 3698 ceu
1842 3643 2072 3714 quadam

473 3728 754 3800 tyrannide
780 3771 794 3795 ,
818 3731 1100 3785 obsessum
1131 3771 1148 3796 ,
1181 3730 1253 3786 ita
1277 3741 1334 3786 ut
1365 3731 1658 3801 periculum
1689 3742 1870 3800 esset,
1899 3749 1968 3789 ne
2003 3733 2074 3790 ab

473 3817 894 3883 lronestioribus,
925 3820 1095 3890 iisque
1115 3820 1202 3890 qui
1233 3820 1399 3890 probe
1425 3820 1608 3877 vivere
1637 3823 1835 3878 vellent
1865 3865 1881 3892 ,
1916 3839 2070 3894 pror-

473 3924 564 3964 sus
584 3910 927 3966 dcserorctur
953 3953 966 3976 ,
1000 3912 1366 3968 misericordia
1389 3923 1565 3970 motus
1585 3929 1747 3986 super
1772 3915 2074 3986 hujusmodi

472 4004 690 4068 damno,
726 4003 869 4058 misit
896 4005 987 4076 qui
1013 4006 1390 4061 contumeliam
1419 4007 1732 4064 vindicaret.
1761 4008 1902 4065 Deus
1930 4010 2072 4066 enim

473 4094 650 4149 locum
675 4094 823 4149 illum
845 4111 1115 4150 amoenum
1146 4107 1201 4153 et
1226 4098 1506 4154 amabilem
1533 4099 1763 4156 reddidit
1786 4143 1801 4164 ,
1830 4110 1884 4157 et
1904 4116 2074 4172 aqua-

474 4204 590 4243 rum
625 4189 778 4258 cepia
805 4205 868 4244 ac
897 4190 1080 4260 specie
1104 4233 1118 4256 ,
1167 4201 1223 4248 et
1252 4201 1443 4249 natura
1470 4194 1567 4248 soli
1594 4203 1754 4266 atque
1784 4204 2073 4266 tempesta-

475 4287 586 4334 tum
615 4283 892 4350 temperie,
913 4299 1017 4337 non
1049 4283 1220 4338 solum
1249 4293 1306 4338 ut
1328 4284 1450 4340 inde
1479 4301 1864 4351 recreareruur,
1891 4288 1984 4342 sed
2020 4297 2077 4344 ut

474 4375 634 4430 etiam
666 4391 726 4431 ea
755 4374 823 4432 de
849 4394 907 4432 re
937 4379 1192 4448 optimum
1220 4379 1478 4448 Opificem
1523 4380 1942 4438 celebrarernus.
1975 4382 2076 4438 Sa-

475 4466 602 4522 lutis
629 4483 792 4539 porro
825 4479 1027 4524 nostra:
1049 4470 1297 4525 inimicus
1318 4514 1332 4535 ,
1356 4471 1445 4543 qui
1476 4471 1566 4527 Dei
1593 4471 1750 4526 donis
1781 4488 1996 4543 semper
2021 4477 2075 4530 in

474 4563 804 4618 contrarium
862 4563 1106 4619 abutitur
1141 4606 1154 4629 ,
1211 4575 1585 4640 corruptorum
1611 4565 1868 4635 juvcnuru
1909 4569 2078 4624 turbat

476 4652 888 4726 daamonumque
931 4655 1219 4711 domiciliis
1248 4641 1566 4728 occupatum
1597 4658 1665 4712 ab
1690 4674 1749 4713 se
1778 4659 1952 4714 locum
1984 4659 2081 4714 ad-

477 4746 663 4802 dicens
691 4789 705 4813 ,
731 4749 871 4820 turpi
927 4750 1102 4805 fabula
1148 4749 1344 4806 famam
1377 4751 1494 4820 ejus
1533 4750 1905 4807 delroncstavit
1927 4793 1942 4816 ,
1974 4767 2078 4821 qua

478 4837 656 4892 fabula
687 4840 924 4896 suburbii
951 4844 1121 4912 gratia
1151 4843 1380 4902 daemoni
1411 4846 1843 4901 consecrabatur.
1877 4846 2078 4902 Fabula

473 4939 660 4985 autem
693 4931 996 5000 hujusmodi
1027 4944 1129 4990 est.

551 5019 799 5092 Daphnes
851 5023 1078 5079 historia.
1146 5057 1214 5068 —-
1267 5027 1491 5098 Daphne
1537 5029 1710 5099 puella
1761 5039 1919 5094 erat,
1973 5031 2078 5084 filia

479 5113 717 5171 Ladonis
742 5113 886 5170 ﬂuvii
921 5132 1080 5171 :nam
1126 5121 1411 5176 erronibus
1451 5121 1553 5176 illis
1601 5138 1716 5176 mos
1740 5139 1954 5194 semper
1984 5124 2082 5178 fuit

477 5207 673 5263 ﬂuvios
710 5209 990 5280 gignentes
1018 5209 1290 5276 inducere,
1321 5213 1524 5283 prolem
1549 5229 1735 5268 eorum
1760 5215 1810 5267 in
1841 5231 1927 5270 res
1953 5232 2082 5270 scn-

481 5322 544 5360 su
592 5314 842 5362 carentes
869 5313 1080 5360 mutare
1113 5346 1128 5370 ,
1160 5314 1216 5360 et
1244 5307 1409 5360 multa
1440 5307 1745 5377 ltujusrnodi
1776 5320 2080 5379 portentosa

482 5402 705 5471 lingere.
760 5401 910 5456 llane
957 5414 1119 5471 porro
1174 5400 1406 5469 puellam
1451 5401 1739 5457 admodum
1791 5402 2082 5460 formosam

489 5495 785 5563 Apollinem
815 5494 1085 5566 quondam
1115 5492 1313 5547 vidisse
1358 5503 1610 5560 narrant,
1643 5495 1868 5566 ejusque
1897 5511 2083 5552 amore

484 5596 698 5657 captum
723 5588 885 5644 fuisse
911 5606 924 5656 ;
955 5589 1328 5659 insequentem
1354 5596 1413 5642 ut
1437 5597 1674 5657 caperet,
1703 5588 1902 5658 fugisse
1929 5591 2084 5661 pucl-

486 5677 611 5740 lam.
641 5687 694 5733 et
715 5678 766 5733 iu
796 5678 900 5734 hoc
919 5680 1178 5739 suburbio
1201 5679 1526 5735 substitisse.
1555 5678 1689 5733 Tum
1717 5691 1942 5736 matrem
1965 5683 2084 5751 ejus

487 5787 644 5842 opem
675 5773 859 5829 tulisse
881 5772 1024 5839 ﬁliae,
1054 5789 1125 5829 ne
1154 5773 1399 5842 injuriam
1425 5782 1724 5844 pateretur,
1746 5782 1905 5843 atque
1926 5791 2084 5845 aper-

487 5873 540 5920 to
575 5864 753 5920 statim
806 5864 1010 5940 gremio
1041 5865 1302 5936 virginem
1330 5865 1604 5936 excepisse
1633 5909 1649 5940 ,
1680 5883 1740 5925 ac
1771 5883 1866 5940 pro
1902 5869 2075 5939 puclla

1202 385 1260 441 S.
1301 381 1580 440 JOANNIS
1607 374 2086 436 CHRYSOSTOMI
2124 373 2440 433 ARCIIIEP.
2479 377 3018 438 CONSTANTINOP.

3671 390 3767 445 53!

2185 493 2419 564 plantam
2443 493 2682 565 ejusdem
2707 499 2938 553 nominis
2950 498 3217 566 edidisse;
3246 501 3617 569 lascivumotte
3635 521 3767 564 arua-

2183 597 2352 643 torem
2378 587 2651 644 amoribus
2681 589 2791 644 suis
2818 588 3136 654 fraudatum,
3166 596 3414 648 arborem
3438 596 3766 665 complexum

2180 695 2299 736 esse
2321 723 2337 744 ,
2367 696 2431 736 ac
2460 691 2571 737 tum
2608 682 2842 752 plantam
2867 723 2883 748 ,
2917 691 3028 738 tum
3076 684 3249 739 locum
3297 686 3476 755 ipsum
3521 686 3620 742 sibi
3652 703 3766 759 pro-

2181 775 2355 844 prium
2387 774 2663 832 cﬂ'ecisse:
2697 776 2820 831 hinc
2846 776 3194 834 considerein
3221 779 3339 834 loco
3354 796 3596 852 semper,
3623 797 3766 837 eum-

2179 883 2282 938 que
2309 868 2540 934 cteteris,
2569 885 2688 940 qua:
2711 884 2806 939 per
2831 869 3016 925 orbem
3044 880 3204 937 sunt,
3235 870 3513 927 anteferre
3539 914 3554 936 ,
3579 887 3642 927 ac
3667 889 3766 942 prta

2179 960 2428 1016 omnibus
2457 961 2702 1031 diligere.
2755 963 2920 1018 Aiunt
2965 963 3094 1019 item
3125 979 3307 1035 regem
3337 966 3430 1036 qui
3461 975 3590 1020 tunc
3615 968 3766 1037 impe-

2179 1054 2332 1110 rabat
2358 1095 2375 1121 ,
2424 1055 2682 1126 templum
2727 1064 2782 1110 et
2809 1071 2959 1111 aram
3004 1059 3370 1114 construxisse
3399 1100 3416 1126 ,
3463 1074 3573 1128 quo
3601 1070 3765 1128 possa-t

2179 1147 2390 1204 da‘mon
2423 1148 2682 1204 insaniam
2704 1164 2856 1204 suam
2879 1166 2972 1220 per
2987 1166 3108 1205 eum
3135 1151 3308 1206 locum
3331 1152 3625 1206 consolari.
3655 1152 3765 1208 Haec

2179 1249 2260 1295 est
2287 1239 2485 1305 fabula,
2517 1241 2772 1295 damnum
2805 1257 2932 1296 vero
2961 1258 3028 1297 ex
3061 1243 3230 1297 fabula
3258 1253 3510 1299 exortum
3540 1259 3642 1298 non
3664 1245 3763 1314 jam

2178 1329 2356 1387 fabula
2407 1331 2526 1387 fuit.
2579 1333 2868 1406 Postquam
2897 1336 3040 1390 enim
3062 1335 3290 1405 juvenes
3319 1338 3509 1391 lascivi
3537 1338 3762 1393 suburbii

2180 1425 2626 1496 pulchritudinem
2655 1428 3111 1493 contaminaruut,
3133 1437 3190 1483 ut
3213 1431 3417 1484 dictum
3446 1442 3552 1497 est,
3581 1431 3762 1485 ibidem

2181 1519 2236 1572 in
2272 1518 2759 1573 comessationibus
2800 1528 2855 1574 ct
2897 1519 3156 1575 ebrietate
3186 1521 3495 1575 victitantes
3527 1564 3542 1586 ,
3577 1531 3632 1576 ut
3673 1523 3763 1577 hoc

2177 1609 2376 1664 malum
2419 1611 2470 1665 in
2509 1610 2624 1666 dies
2665 1623 3049 1682 prepagarctur
3079 1655 3094 1680 ,
3133 1613 3381 1668 diabolus
3429 1615 3666 1669 fabulam
3694 1615 3763 1669 ef-

2177 1700 2330 1756 ﬂuxit
2361 1744 2375 1764 ,
2404 1702 2811 1774 dazmouemque
2859 1704 2931 1758 ibi
2972 1707 3244 1760 constituit
3275 1746 3290 1770 ,
3324 1716 3382 1760 ut
3414 1705 3532 1761 haec
3560 1706 3762 1762 historia

2177 1791 2351 1862 majus
2390 1792 2496 1848 illis
2520 1793 2751 1848 lascivize
2778 1803 2834 1849 et
2854 1795 3141 1866 impietatis
3203 1797 3514 1852 incendium
3547 1807 3760 1867 pararet.

2176 1881 2259 1938 Ad
2288 1891 2430 1938 tanta
2487 1883 2649 1954 igitur
2699 1885 2933 1941 tollenda
2971 1887 3109 1942 mala
3139 1887 3281 1943 hunc
3312 1889 3758 1960 sapientissimum

2177 1973 2395 2030 modum
2447 1977 2768 2046 excogitavit
2817 1977 3108 2048 Imperator
3138 2021 3154 2047 ,
3208 1963 3266 2034 ut
3325 1989 3578 2034 sanctum
3627 1981 3762 2034 illum

2179 2065 2532 2132 transferret,
2559 2077 2614 2123 et
2640 2069 2908 2124 medicum
2939 2070 3098 2141 trgi-is
3127 2072 3381 2126 mitteret.
3428 2072 3563 2126 Nam
3594 2073 3636 2126 si
3661 2074 3762 2140 jus-

2177 2158 2331 2214 sione
2357 2169 2409 2215 et
2437 2161 2755 2216 auctoritate
2803 2161 3146 2231 imperatoria
3176 2163 3389 2217 civibus
3424 2164 3528 2218 iter
3555 2163 3618 2216 ad
3646 2163 3762 2217 sub-

2178 2253 2390 2308 urbium
2423 2253 2811 2321 interdixisset,
2841 2255 2890 2309 id
2921 2258 3276 2327 tyrannicum,
3311 2258 3422 2312 imo
3448 2257 3761 2313 crudelitatis

2177 2345 2508 2417 feritatisqrte
2535 2348 2750 2417 plenum
2799 2349 2972 2404 visum
3004 2359 3150 2406 esset
3179 2368 3193 2418 ;
3241 2353 3322 2407 sin
3360 2355 3559 2423 probos
3591 2353 3760 2408 mode-

2177 2448 2394 2511 stosque
2434 2441 2604 2496 solum
2643 2442 2791 2498 adire
2821 2445 3190 2514 permisisset,
3235 2447 3453 2503 lascivis
3497 2458 3670 2504 autem
3693 2449 3763 2502 in-

2176 2523 2708 2606 temperantibusque
2732 2536 2935 2592 aditum
2963 2539 3356 2595 interclusisset
3382 2581 3398 2606 ,
3445 2539 3762 2595 difficultatis

2178 2625 2394 2695 plenum
2418 2625 2604 2683 fuisset
2632 2627 2907 2684 decretum
2933 2671 2949 2696 ,
2984 2631 3124 2688 unde
3145 2632 3388 2702 quotidie
3427 2633 3550 2689 lites
3579 2633 3760 2688 oboriri

2176 2734 2402 2776 necesse
2425 2730 2560 2788 erat,
2583 2721 2711 2776 dum
2746 2723 3079 2792 singulorum
3108 2725 3214 2779 vita
3241 2725 3648 2797 disquireretur.
3678 2725 3763 2779 lta-

2177 2827 2282 2883 que
2311 2814 2481 2869 sancti
2505 2813 2607 2869 viri
2627 2817 2967 2884 praesentiam
2990 2817 3138 2874 hisce
3157 2819 3316 2875 malis
3355 2821 3620 2892 optimum
3657 2819 3760 2874 exi-

2177 2913 2289 2960 tum
2340 2908 2622 2963 allaturam
2667 2924 2789 2966 esse
2814 2912 3045 2980 putavit:
3079 2922 3370 2986 martyrem
3413 2917 3610 2986 quippe
3662 2915 3761 2968 sol-

2176 2998 2366 3056 venda:
2391 3000 2650 3056 dzcruonis
2675 3003 2930 3072 potentia:
2953 3003 3480 3076 juvenumqueluxui
3497 3006 3759 3063 emendan-

2176 3091 2247 3148 do
2295 3109 2476 3165 parem
2523 3109 2647 3151 esse
2700 3096 3064 3168 iutclligebat:
3117 3115 3290 3170 neque
3337 3117 3436 3171 spe
3469 3103 3644 3171 lapsus
3669 3109 3758 3153 est.

2177 3185 2368 3242 Statim
2395 3189 2538 3244 enim
2563 3197 2724 3259 atque
2743 3190 3000 3259 Daphnen
3026 3192 3145 3262 quis
3171 3193 3423 3260 advenit,
3453 3205 3505 3250 et
3532 3210 3560 3248 a
3587 3193 3760 3250 subur-

2175 3277 2250 3334 bii
2277 3279 2460 3334 limiue
2480 3281 2792 3353 martyrium
2815 3285 3077 3353 conspicit
3108 3326 3122 3348 .
3152 3286 3230 3341 sic
3266 3288 3578 3356 reprimitur
3605 3329 3620 3352 ,
3646 3300 3704 3339 ac
3721 3283 3761 3338 si

2176 3373 2297 3444 quis
2321 3374 2534 3444 juvenis
2580 3376 2632 3430 in
2685 3376 2931 3432 convivio
2983 3380 3328 3450 ptedagogum
3359 3380 3655 3436 adstantem
3691 3378 3764 3432 iu-

2179 3471 2366 3532 tuens,
2395 3475 2553 3537 atque
2577 3468 2732 3522 oculo
2762 3470 3161 3539 prmcipientem
3191 3513 3206 3536 ,
3237 3480 3294 3526 ιιι
3319 3471 3520 3527 decore
3566 3478 3759 3526 servato

2177 3555 2346 3624 bibat,
2380 3558 2646 3624 comedat,
2678 3559 2927 3631 loquatur
2957 3603 2972 3630 ,
3013 3562 3186 3618 rideat
3217 3604 3233 3630 ,
3261 3575 3556 3634 caveatque
3582 3579 3646 3620 ue
3661 3577 3762 3616 mo-

2177 3649 2306 3707 dum
2383 3654 2652 3710 excedens
2704 3655 3154 3711 existimationem
3225 3673 3378 3712 suam
3427 3659 3758 3714 dehonestct:

2178 3758 2506 3820 aspectuque
2545 3751 2636 3805 tali
2683 3751 2985 3822 religiosior
3022 3752 3192 3808 factus
3215 3797 3229 3820 ,
3263 3755 3584 3826 beatumque
3626 3751 3757 3806 illum

2179 3838 2360 3894 animo
2382 3841 2482 3896 sibi
2509 3852 2901 3911 reprmseutans
2929 3885 2943 3908 ,
2968 3844 3036 3899 ad
3067 3860 3283 3916 capsam
3303 3847 3485 3902 statim
3506 3849 3755 3917 properat;

2179 3949 2287 4004 quo
2329 3951 2452 3991 cum
2508 3937 2812 4005 pervenerit
2842 3978 2856 4002 ,
2887 3937 3092 4008 majore
3147 3939 3381 3995 afficitur
3422 3951 3604 4003 metu;
3651 3948 3759 3990 mox

2181 4025 2390 4096 ignavia
2417 4025 2603 4096 procul
2626 4027 2815 4082 abacta
2837 4068 2852 4093 ,
2901 4044 3002 4084 ceu
3030 4029 3262 4086 volatilis
3296 4031 3528 4099 factus',
3573 4031 3638 4085 ita
3662 4026 3761 4081 dis-

2180 4118 2342 4173 cedit.
2367 4120 2542 4190 Atque
2572 4135 2687 4188 eos,
2714 4135 2851 4191 quos
2881 4139 2946 4177 ex
2977 4123 3108 4178 urbe
3130 4124 3483 4181 ascendentes
3506 4125 3557 4180 in
3584 4123 3661 4176 via
3685 4119 3758 4172 of-

2181 4209 2370 4279 fendit,
2398 4212 2510 4282 pari
2545 4227 2668 4267 cum
2698 4215 3049 4284 temperantia
3077 4214 3335 4285 Daphnen
3363 4224 3651 4271 recreatum
3681 4223 3757 4263 re-

2181 4305 2365 4371 mittit,
2401 4315 2605 4360 tantum
2635 4322 2738 4359 non
2768 4321 2953 4361 vocem
2984 4307 3125 4361 illam
3150 4308 3466 4373 inclamans,
3510 4304 3757 4362 Exsultate

2184 4395 2404 4450 Domino
2431 4397 2483 4450 in
2511 4396 2910 4470 tremore(Psal.
2941 4398 2996 4452 2.
3024 4397 3133 4470 il),
3164 4399 3404 4470 illudque
3422 4397 3756 4470 apostolicum

2182 4488 2460 4559 adjiciens,
2482 4485 2604 4546 Sive
2631 4491 2949 4544 manducatis
2970 4533 2984 4555 ,
3013 4492 3115 4546 sive
3141 4492 3333 4557 bibitis,
3367 4493 3472 4547 sive
3493 4491 3631 4546 aliud
3650 4483 3758 4557 quid

2186 4580 2552 4652 facitis,onmia
2581 4581 2649 4634 ad
2675 4582 2891 4651 gloriam
2913 4581 3009 4636 Dei
3034 4583 3187 4653 facile
3207 4584 3283 4652 (l.
3317 4579 3640 4650 Cor.10.5l).
3665 4576 3758 4632 Eos

2183 4683 2362 4728 autem
2389 4675 2478 4745 qui
2508 4683 2721 4744 sumpto
2744 4677 2868 4731 cibo
2903 4676 2955 4729 in
2989 4677 3176 4731 urbem
3211 4677 3562 4739 descendunt,
3581 4674 3622 4729 si
3642 4685 3756 4725 con-

2186 4767 2352 4838 tingat
2377 4783 2604 4823 excusso
2633 4767 2784 4824 freno
2805 4770 3022 4840 segnius
3035 4771 3229 4841 egisse,
3258 4772 3484 4842 atquein
3509 4763 3757 4838 crapulam

2186 4861 2553 4931 absurdasquc
2571 4861 2792 4917 delicias
2809 4863 3059 4933 delapsos
3079 4877 3220 4928 esse,
3241 4878 3356 4930 eos,
3386 4865 3612 4934 inquam,
3632 4853 3758 4910 ebri-

2186 4969 2249 5009 os
2270 4955 2320 5008 in
2339 4954 2636 5010 diversorio
2655 4970 2754 5009 suo
2765 4966 3017 5026 exceptos
3033 4971 3138 5010 non
3157 4957 3284 5009 sinit
3302 4950 3757 5010 ebrietatisdamno

2187 5047 2410 5104 alfectos
2444 5047 2660 5103 domum
2692 5047 2860 5111 abire,
2883 5048 2977 5104 sed
3014 5049 3228 5103 incusso
3254 5047 3521 5102 timoread
3535 5039 3755 5100 eamdem

2191 5139 2605 5208 temperantiam
2635 5139 2886 5205 adducit,
2919 5155 3076 5209 quam
3106 5141 3676 5206 servabantantequalll
3709 5127 3753 5180 in

2189 5232 2503 5287 ebrietatem
2535 5232 2996 5303 demergereutur.
3022 5232 3233 5286 Etenim
3264 5231 3415 5302 quasi
3443 5229 3610 5286 tenuis
3627 5235 3754 5293 qu:e-

2188 5324 2312 5379 dam
2341 5340 2469 5378 aura
2487 5324 2702 5394 cos,qui
2732 5326 2781 5378 in
2806 5327 3064 5396 martyrio
3079 5324 3313 5389 fuerunt,
3331 5325 3556 5393 undique
3571 5313 3753 5390 perﬂat;

2137 5453 2144 5458 ε
2201 5433 2353 5485 aura,
2389 5419 2603 5488 inquam
2627 5459 2642 5481 ,
2674 5435 2778 5472 uou
2802 5419 3072 5472 sensibilis
3112 5460 3127 5484 ,
3183 5434 3281 5472 nec
3305 5417 3544 5486 augendo
3565 5401 3754 5476 corpori

2194 5521 2314 5581 apta
2351 5552 2364 5576 ,
2417 5510 2511 5566 scd
2564 5527 2684 5582 qua:
2712 5511 2762 5564 in
2798 5511 2965 5581 ipsam
2983 5511 3215 5564 animam
3250 5517 3534 5580 penetret,
3556 5506 3753 5564 ealmlue

2195 5603 2429 5673 undique
2457 5605 2710 5660 decenter
2727 5614 3047 5673 componat,
3068 5619 3281 5658 onmem
3305 5612 3566 5657 terrenam
3585 5591 3752 5649 molem

2194 5696 2515 5767 przcsciudat
2545 5739 2556 5761 ,
2587 5712 2811 5765 eamque
2842 5706 3183 5766 aggravatam
3215 5704 3267 5751 ct
3290 5695 3552 5751 labentem
3573 5680 3752 5743 recreet

2194 5801 2254 5837 ac
2282 5783 2540 5839 leviorem
2571 5783 2784 5838 reddat.

2265 5875 2280 5906 t
2319 5869 2470 5934 Aliqui
2495 5870 2552 5921 ad
2573 5883 2748 5933 ωδε-ε..
2773 5867 2966 5920 humilis
2986 5870 3167 5933 factus.
