4032 6430
140 366 247 421 551

136 481 411 554 δευτέραν
457 478 641 551 ἔχουσι
688 476 840 543 τάξιν
888 478 938 531 οί
984 476 1090 531 τῶν
1127 479 1299 547 ἁγίων
1342 479 1526 549 τάφοι,
1586 480 1723 552 πρὸς
1764 480 1830 535 τδ

138 570 450 642 διεγείρειν
468 570 549 631 εἰς
569 566 659 621 τὸν
680 567 795 620 ῖσον
824 563 986 636 ζῆλον
1009 578 1035 606 ι
1070 564 1169 629 τὰς
1181 565 1290 618 τῶν
1318 566 1607 637 θεωμένων
1635 569 1832 633 αὐτοὺς

137 659 350 729 ψυχάς·
370 656 467 710 καὶ
494 656 550 710 εῖ
567 653 672 709 πού
684 671 770 718 τις
786 655 982 725 ἐπιστῇ
1013 653 1156 725 θήκῃ
1189 654 1434 725 τοιαύτῃ,
1454 655 1551 707 καὶ
1566 656 1666 725 τῆς
1679 659 1832 728 ἐνερ-

139 747 306 814 γείας
336 743 539 806 εὐθέως
565 741 771 812 ταύτης
808 741 957 812 σαφῆ
1010 740 1278 812 λαμϐάνει
1304 741 1403 813 τὴν
1428 742 1702 815 αἴσθησιν.
1765 745 1831 798 Ἠ
1858 801 1877 817 κ

142 832 259 902 γὰρ
290 830 416 901 δψις
443 830 543 901 τῆς
565 829 835 900 λάρνακος
852 831 931 894 είς
956 829 1056 899 τὴν
1094 828 1273 900 ψυχὴν
1300 828 1648 898 ἐμπίπτουσα
1663 848 1833 885 κατα-

146 922 384 991 πλήττει
407 935 469 971 τε
496 916 667 989 αὐτὴν
697 917 791 970 καὶ
821 916 1148 988 διανίστησι,
1173 917 1269 971 καὶ
1294 916 1370 981 ώς
1401 916 1566 971 αὑτοῦ
1593 916 1687 971 τοῦ
1715 934 1830 970 κει-

150 1010 323 1078 μένου
376 1004 794 1076 συνευχομένου,
842 1004 938 1057 καὶ
980 1003 1347 1075 παρεστῶτος,
1380 1005 1476 1058 καὶ
1524 1002 1826 1076 ὁρωμένου,

146 1096 330 1159 οὕτως
358 1095 530 1165 αὐτὴν
551 1093 854 1147 διακεῖσθαι
879 1094 1041 1147 ποιεῖ.
1074 1089 1208 1147 Εἶτα
1247 1092 1557 1166 προθυμίας
1582 1092 1782 1162 πολλῆς
1804 1093 1833 1146 ό

146 1184 316 1237 τιιῦτο
350 1181 541 1238 παθὼν
573 1180 907 1253 πληρωθεὶς,
946 1182 1042 1235 καὶ
1084 1182 1273 1254 ἕτερος
1300 1180 1417 1235 ἀνθ’
1456 1182 1646 1254 ἐτέρου
1678 1180 1831 1249 γενό-

150 1287 337 1340 μενος,
362 1268 536 1333 οὕτως
568 1268 779 1322 ἐκεῖθεν
806 1268 1131 1340 ἀπέρχεται.
1163 1268 1401 1324 Μάθοιδ¹
1424 1269 1489 1324 ἀν
1518 1285 1602 1332 τις
1626 1267 1829 1333 καλῶς,

145 1358 223 1423 ὡς
252 1359 288 1429 ή
326 1355 598 1427 φαντασία
629 1358 740 1411 τῶν
761 1355 1103 1411 ἀπελθόντων
1136 1357 1244 1410 ἀπὸ
1273 1356 1383 1410 τῶν
1407 1356 1590 1410 τόπων
1614 1355 1831 1425 ἐγγίνε-

148 1463 244 1498 ται
279 1448 399 1509 ταῖς
421 1445 530 1499 τῶν
556 1444 773 1511 ζώντων
796 1444 1016 1517 ψυχαῖς,
1065 1447 1146 1511 εἰς
1182 1445 1308 1500 νοῦν
1341 1446 1467 1510 τοὺς
1501 1444 1832 1509 πενθοῦντας

152 1532 358 1591 λαϐὼν.
375 1533 425 1586 οῖ
451 1532 569 1604 ἀμα
593 1550 654 1586 τε
675 1535 787 1597 τοῖς
807 1532 916 1587 τῶν
929 1533 1270 1606 τεθνηκότων
1280 1533 1474 1602 τάφοις
1490 1534 1829 1603 ἐφίστανται,

152 1622 251 1675 καὶ
279 1621 470 1693 ὥσπερ
501 1622 622 1675 ἀντὶ
666 1622 764 1691 τῆς
802 1622 977 1694 θήκης
1022 1622 1148 1685 τοὺς
1187 1623 1246 1677 ἐν
1277 1624 1344 1693 τῇ
1374 1622 1516 1693 θήκῃ
1545 1621 1832 1691 κειμένους

154 1710 402 1774 ἑστῶτας
426 1710 646 1776 ἰδόντες,
677 1710 853 1775 οὕτως
889 1710 1087 1774 αὐτοὺς
1117 1710 1226 1764 ἀπὸ
1266 1711 1377 1766 τῶν
1421 1710 1709 1784 προθύρων
1739 1714 1831 1766 εὑ-

154 1798 295 1864 θέως
326 1798 680 1854 ἀνακαλοῦσι.
721 1798 915 1853 Πολλοί
945 1799 1003 1852 δὲ
1030 1798 1138 1852 τῶν
1166 1799 1455 1872 ἁφορήτως
1471 1800 1608 1870 πρὸς
1642 1801 1711 1855 τά
1728 1802 1833 1856 πά-

153 1886 223 1957 θη
238 1886 617 1954 διατεθέντων,
650 1885 803 1958 παρὰ
825 1889 936 1950 τοῖς
956 1887 1204 1958 μνήμασι
1231 1887 1338 1940 τῶν
1370 1886 1715 1943 ἀπελθόντων
1742 1890 1833 1943 τὸν

148 1974 368 2030 ἅπαντα
395 1973 712 2045 κατῴκισαν
744 1974 971 2037 ἑαυτοὺς
1001 1974 1214 2044 χρόνον,
1244 1975 1345 2028 οὐκ
1382 1974 1449 2029 ἀν
1485 1974 1644 2029 τοῦτο
1675 1979 1833 2049 ποιή-

151 2079 371 2128 σαντες,
404 2064 453 2117 εί
488 2065 562 2136 μή
578 2079 704 2117 τινα
723 2062 1078 2136 παραμυθίαν
1095 2062 1200 2116 ὑπὸ
1214 2066 1313 2135 τῆς
1334 2063 1441 2117 τῶν
1462 2065 1644 2119 τόπων
1664 2065 1832 2137 ἐλάμ-

147 2152 315 2206 ϐανον
344 2151 540 2221 ὅψεως.
594 2152 706 2206 Kal
745 2150 800 2204 τί
831 2151 974 2221 λέγω
1004 2150 1169 2204 τόπον
1202 2152 1297 2206 καὶ
1323 2151 1527 2222 τάφον;
1565 2154 1661 2207 καὶ
1714 2153 1824 2226 γὰρ

152 2239 374 2309 ἱμάτιον
403 2238 565 2309 μόνον
587 2238 848 2303 πολλάκις
890 2238 1000 2291 τῶν
1021 2237 1368 2293 ἀπελθόντων
1399 2239 1694 2309 όφθὲν,καὶ
1735 2242 1833 2314 ῥῆ-

154 2346 233 2399 μα
255 2328 337 2389 εἰς
369 2326 613 2382 διάνοιαν
642 2326 816 2392 ἐλθὸν,
851 2326 1096 2398 διήγειρε
1125 2326 1229 2398 τὴν
1252 2326 1429 2400 ψυχὴν
1458 2328 1554 2383 καὶ
1576 2330 1675 2400 τὴν
1701 2330 1834 2402 μνή-

158 2432 274 2486 μην
304 2415 569 2486 ἀνέστησε
590 2415 1011 2470 διαπίπτουσαν.
1041 2414 1141 2469 Διά
1166 2414 1339 2470 ταῦτα
1363 2415 1575 2488 ήμῖντά
1603 2416 1834 2489 λείψανα

155 2504 264 2557 τῶν
295 2503 469 2573 ἀγίων
490 2503 703 2574 ἀφῆκεν
734 2506 763 2557 ό
783 2502 934 2568 Θεός.

222 2608 312 2680 ιβ’.
333 2610 445 2663 K'al
466 2609 548 2662 ὅτι
575 2609 672 2679 οὐχ
686 2608 872 2672 ἁπλῶς
890 2610 1192 2681 κομπάζων
1207 2610 1377 2665 ταῦτα
1405 2610 1550 2681 λέγω
1565 2610 1680 2678 νῦν,
1698 2612 1835 2667 ἀλλά

143 2696 290 2769 πρὸς
317 2695 587 2765 ὠφέλειαν
603 2695 702 2767 τὴν
728 2697 1001 2768 ἡμετέραν
1027 2697 1183 2751 τοῦτο
1209 2698 1523 2769 γεγένηται,
1547 2700 1707 2753 ίκανά
1734 2700 1834 2770 μὲν

141 2785 243 2840 τὸν
262 2784 421 2854 λόγον
450 2782 829 2837 πιστώσασθαι
853 2785 948 2838 καί⁹
977 2784 1047 2838 τά
1079 2785 1203 2840 καθ’
1236 2787 1476 2858 ἐκάστην
1496 2787 1710 2859 ἡμέραν
1728 2788 1835 2843 ὑπὸ

141 2873 261 2926 τῶν
292 2871 590 2944 μαρτύρων
636 2871 899 2943 γινόμενα
941 2872 1218 2944 θαύματα,
1251 2876 1347 2928 καὶ
1375 2874 1438 2928 τὸ
1470 2875 1673 2947 πλῆθος
1723 2876 1834 2929 τῶν

145 2960 325 3023 οὕτως
350 2959 750 3031 ἐπιτρεχόντων
778 2960 1006 3031 ἀνδρῶν·
1043 2962 1142 3032 οὐχ
1176 2956 1340 3034 ἦττον
1368 2962 1425 3017 δὲ
1466 2963 1712 3028 ἐκείνων,
1738 2964 1834 3018 καὶ

145 3049 219 3103 τά
244 3048 339 3102 τοῦ
368 3048 643 3119 μακαρίου
678 3046 870 3102 τούτου
906 3048 1310 3121 κατορθώματα
1340 3050 1409 3104 τά
1436 3051 1575 3122 μετά
1608 3051 1708 3123 τὴν
1739 3070 1833 3106 τε-

146 3137 370 3208 λευτήν.
410 3136 630 3208 Ἐπειδὴ
674 3134 785 3207 γὰρ
809 3137 984 3208 ἐτάφη
1015 3136 1198 3202 καθὼς
1241 3139 1544 3210 ἐπέσκηψε,
1573 3141 1668 3194 καὶ
1702 3142 1833 3212 χρό-

147 3242 244 3290 νος
299 3224 547 3297 παρῆλθε
596 3225 807 3297 μακρὸς
843 3225 982 3296 μετά
1013 3225 1113 3297 τήν
1137 3226 1338 3298 ταφὴν,
1371 3226 1448 3291 ὡς
1491 3229 1626 3282 ὀστᾶ
1653 3228 1835 3282 λείπε-

148 3312 352 3367 mdia:
384 3312 545 3383 μόνον
570 3306 664 3365 οἷαὶ
688 3312 835 3366 κόνιν
866 3313 924 3365 ἐν
958 3314 1025 3383 τῇ
1059 3311 1225 3384 σορῷ,
1254 3312 1402 3379 ἔδοξέ
1428 3332 1535 3368 τινι
1557 3315 1668 3369 τῶν
1696 3314 1835 3386 μετά

143 3400 328 3455 ταῦτα
363 3399 822 3471 βασιλευσάντων,
862 3401 941 3463 είς
971 3401 1033 3454 τὸ
1068 3400 1393 3472 προάστειον
1420 3402 1582 3456 τοῦτο
1607 3403 1707 3474 τὴν
1726 3404 1833 3457 Δά-

146 3505 294 3561 φνην
316 3486 686 3558 ἀπενεχθῆναι
709 3487 807 3559 τὴν
827 3487 1096 3560 λάρνακα,
1124 3488 1271 3557 εδοξε
1304 3489 1363 3543 δὲ
1394 3490 1491 3543 τοῦ
1519 3490 1657 3545 Θεοῦ
1696 3491 1834 3564 πρὸς

145 3579 314 3632 τοῦτο
334 3577 657 3648 κινήσαντος
687 3576 789 3647 τὴν
820 3574 915 3630 τοῦ
945 3575 1210 3647 βασιλέως
1222 3576 1424 3649 ψυχήν.
1468 3579 1559 3643 Ὠς
1583 3580 1693 3652 γὰρ
1724 3578 1833 3635 είδε

148 3669 215 3722 τὸ
255 3668 455 3739 χωρίον
480 3666 590 3720 ὑπὸ
617 3666 716 3736 τῆς
744 3665 854 3720 τῶν
890 3666 1027 3720 νέων
1060 3665 1351 3736 ἀσελγείας
1379 3669 1832 3741 τυραννούμενον,

150 3758 254 3810 καὶ
290 3754 599 3809 κινδυνεῦον
632 3752 833 3809 ἄϐατον
858 3753 1000 3807 εἰναι
1029 3756 1143 3819 τοῖς
1167 3754 1540 3828 σεμνοτέροις,
1560 3759 1655 3811 καὶ
1670 3760 1837 3813 ἐπιει-

150 3842 447 3918 κῶς
497 3842 845 3914 βουλομένοις
894 3841 1068 3913 βιοῦν,
1112 3843 1345 3915 ἐλεήσας
1390 3845 1525 3899 αύτδ
1562 3847 1663 3917 τῆς
1696 3849 1834 3920 ἐπη-

154 3935 335 4006 ρείας,
367 3932 585 4004 ἔπεμψε
632 3931 723 3985 τὸν
762 3932 1074 4003 ἀμυνοῦντα
1114 3934 1213 4005 τὴν
1251 3933 1429 4007 ὓϐριν.
1496 3936 1553 3990 '0
1584 3937 1685 4009 μὲν
1725 3939 1837 4011 γὰρ

154 4021 292 4084 θεὸς
322 4020 456 4075 αὐτὸ
482 4019 648 4074 καλόν
692 4037 754 4073 τε
798 4020 891 4073 καὶ
931 4021 1235 4093 ἐπέραστον
1269 4023 1588 4095 εἰργάσατο,
1637 4026 1733 4080 καὶ
1768 4029 1834 4099 τῇ

155 4109 266 4162 τῶν
325 4107 536 4161 ὑδάτων
564 4105 815 4178 ἀφθονίᾳ,
839 4108 934 4161 καί
960 4108 1100 4179 ὥρᾳ,
1129 4111 1224 4163 καὶ
1270 4113 1337 4182 τῇ
1369 4110 1529 4180 φύσει
1560 4114 1675 4187 τῆς,
1707 4112 1834 4183 γῆς,

155 4196 255 4250 καὶ
281 4197 351 4267 τῇ
375 4194 483 4250 τῶν
498 4194 657 4266 ώρῶν
682 4196 956 4267 εὐμοιρίᾳ,
971 4197 1068 4267 οὐχ
1086 4197 1172 4251 ῖνα
1198 4197 1385 4262 ἀπλῶς
1400 4200 1834 4273 ἀναπαυώμεθα,

151 4283 274 4338 ἀλλ’
310 4283 398 4337 ἴνα
430 4283 526 4337 καὶ
558 4282 698 4355 ὑπὲρ
741 4283 932 4339 τούτου
963 4285 1053 4339 τὸν
1091 4286 1479 4359 ἀριστοτέχνην
1500 4288 1833 4362 δοξάζωμεν

152 4376 179 4426 ὁ
205 4372 268 4425 δέ
285 4370 389 4441 τῆς
428 4371 700 4444 σωτηρίας
723 4372 883 4444 ήμῶν
908 4373 1123 4445 ἐχθρὸς,
1168 4376 1262 4428 καὶ
1290 4376 1370 4439 εἰς
1406 4377 1716 4434 τούναντίον
1749 4381 1839 4435 ἀεὶ

153 4458 586 4530 καταχρώμενος
616 4463 734 4524 ταῖς
772 4460 866 4515 τοῦ
895 4460 1031 4514 Θεοῦ
1074 4461 1326 4535 δωρεαῖς,
1375 4463 1454 4537 τῷ
1482 4465 1675 4537 πλήθει
1727 4468 1838 4523 τῶν

152 4546 573 4619 διεφθαρμένων
601 4549 737 4603 νέων
766 4551 861 4604 καὶ
890 4554 1010 4614 ταῖς
1036 4550 1149 4604 τῶν
1193 4551 1462 4624 δαιμόνων
1501 4556 1748 4627 οἰκήσεσι
1777 4557 1838 4611 τὸ

158 4636 365 4707 χωρίον
396 4636 853 4708 προκαταλαϐὼν,
906 4641 1245 4712 ἐπεφήμισεν
1277 4641 1427 4714 αὐτῷ
1454 4660 1575 4698 τινα
1609 4646 1704 4698 καὶ
1736 4645 1839 4717 μῦ-

158 4724 256 4778 θον
288 4724 534 4796 αἰσχρὸν,
566 4724 711 4779 ὥστε
740 4726 1018 4782 ἀναθεῖναι
1048 4727 1135 4783 διά
1171 4730 1362 4782 τούτου
1398 4730 1476 4802 τῷ
1505 4731 1717 4804 δαίμονι
1741 4734 1835 4788 τοῦ

158 4813 486 4886 προαστείου
510 4813 608 4885 τὴν
635 4815 814 4885 χάριν·
849 4816 879 4869 ὁ
897 4816 953 4872 δὲ
985 4816 1153 4889 μῦθος
1182 4818 1425 4883 τοιοῦτος
1461 4814 1551 4892 ἦν·

232 4901 347 4972 Τὴν
370 4901 586 4973 Δάφνην
615 4902 785 4974 κόρην
809 4898 974 4958 οὖσάν
1004 4922 1159 4979 φησι,
1183 4908 1280 4961 καὶ
1305 4906 1582 4980 θυγατέρα
1612 4909 1705 4964 τοῦ
1730 4911 1839 4965 Λά-

161 4989 330 5052 δωνος
365 4987 634 5061 ποταμοῦ·
665 4992 759 5045 καὶ
785 4992 896 5064 γάρ
929 4996 1212 5066 ποταμοὺς
1238 4995 1543 5064 γεννῶντας
1570 4999 1835 5068 εἰσάγειν,

160 5076 260 5131 καὶ
311 5076 380 5129 τὰ
426 5076 743 5148 γεννώμενα
798 5081 879 5143 είς
940 5080 1242 5152 ἀναίσθητα
1310 5085 1690 5153 μεταϐάλλειν,
1744 5090 1839 5142 καὶ

162 5162 338 5217 πολλά
366 5164 590 5219 τοιαῦτα
622 5165 772 5237 αὐτῷ
794 5168 1184 5239 τερατεύεσθαι
1219 5170 1339 5233 ἔθος
1372 5171 1459 5224 ἀεὶ
1488 5175 1600 5237 τοῖς
1625 5174 1840 5228 πλανω-

160 5251 369 5320 μένοις.
402 5252 622 5324 Ταύτην
676 5250 770 5308 οῦν
817 5257 919 5325 τὴν
954 5256 1121 5328 κόρην
1170 5257 1446 5330 εὔμορφον
1487 5256 1655 5314 οὖσαν
1710 5262 1838 5315 ἰδεῖν

157 5355 297 5391 ποτε
320 5338 412 5395 τὸν
461 5340 703 5394 Ἀπόλλω
727 5342 883 5411 φασὶ,
932 5344 1027 5396 καὶ
1059 5344 1233 5399 ἰδόντα
1261 5345 1454 5399 παθεῖν
1493 5365 1545 5401 τι
1574 5351 1710 5421 πρὸς
1736 5351 1836 5404 αύ-

155 5426 281 5496 τὴν,
318 5428 412 5480 καὶ
439 5428 683 5482 παθόντα
724 5429 942 5483 διώκειν
972 5430 1114 5485 ὥστε
1149 5432 1309 5487 ἑλεῖν·
1358 5436 1456 5505 τὴν
1495 5436 1554 5489 δὲ
1588 5437 1835 5508 φεύγειν,

155 5512 255 5567 καὶ
289 5514 596 5583 φεύγουσαν
641 5517 930 5589 ἐπιστῆναί
974 5537 1034 5573 τε
1081 5519 1161 5591 τῷ
1224 5523 1554 5595 προαστείῳ·
1590 5528 1687 5581 καὶ
1736 5529 1836 5599 τήν

162 5601 374 5674 μητέρα
402 5594 501 5676 τήν
554 5603 713 5676 ῦϐριν
756 5606 961 5676 ἀμῦναι
1009 5608 1214 5680 ταύτην
1264 5611 1425 5683 αὐτῇ,
1465 5612 1748 5685 διαστῆναί
1777 5633 1836 5669 τε

160 5689 267 5761 γὰρ
298 5691 504 5757 εὐθέως
552 5694 648 5749 καὶ
694 5695 952 5762 δέξασθαι
984 5697 1083 5769 τὴν
1127 5698 1420 5770 παρθένον,
1456 5702 1550 5757 καὶ
1588 5703 1709 5757 ἀντὶ
1738 5705 1837 5776 τῆς

216 5841 244 5870 ⁸
268 5840 422 5904 Savil.
457 5843 538 5891 τὸν
560 5846 656 5893 τῶν
674 5845 796 5896 ἴσων
818 5846 973 5904 ζῆλον.

221 5908 247 5948 b
271 5902 351 5953 Sic
378 5905 511 5956 δεινὴ
558 5914 611 5955 ει
633 5921 745 5958 mss.
792 5902 965 5959 Mdrel.
998 5922 1114 5960 vero
1138 5911 1403 5975 ὁμώνυμον.

991 374 1079 430 DE
1120 376 1178 431 S.
1220 375 1517 441 BABYLA,
1559 328 1844 429 C(lNTRA
1882 368 2233 431 JULIANUM
2273 374 2361 429 ET
2402 372 2765 430 GENTILES.

3505 365 3612 423 55$

1941 478 2132 543 παιδὸς
2188 478 2479 535 ἀναδοῦναι
2516 478 2682 549 φυτὸν
2721 477 3005 548 ἐπώνυμον
3048 478 3075 519 b
3127 481 3194 551 τῇ
3235 479 3401 533 παιδί·
3432 478 3522 534 τὸν
3554 481 3611 537 δέ

1938 569 2238 624 ἀκόλαστον
2269 570 2503 644 ἐραστὴν
2536 567 2877 638 ἀποτυχόντα
2906 566 3016 621 τῶν
3037 568 3321 633 παιδικῶν,
3347 570 3615 640 περιπλα-

1937 656 2102 728 κῆναί
2130 674 2191 710 τε
2216 656 2295 729 τῷ
2323 657 2545 729 δένδρῳ,
2573 658 2668 712 καὶ
2696 655 3082 711 οἰκειώσασθαι
3109 658 3205 711 καὶ
3232 658 3293 711 τὸ
3314 658 3500 728 φυτὸν,
3518 659 3615 715 καί

1936 744 2030 798 τὸν
2054 744 2238 810 τόπον,
2261 744 2358 798 καὶ
2391 743 2778 817 προσεδρεύειν
2802 744 2881 816 τῷ
2909 746 3092 817 χωρίῳ
3119 745 3328 807 λοιπὸν,
3372 748 3467 800 καὶ
3494 747 3617 801 τοῦ·

1935 848 1998 885 το
2030 832 2212 902 πάσης
2243 832 2342 903 τῆς
2372 832 2479 903 γῆς
2510 832 2744 903 μάλιστα
2787 832 3129 897 ἀσπάζεσθαι
3162 834 3257 888 καὶ
3300 834 3494 905 φιλεῖν·
3522 851 3613 889 κε-

1936 914 2129 972 λεῦσαί
2158 934 2219 971 τε
2249 918 2343 972 τὸν
2390 918 2743 989 βασιλεύοντα
2787 918 2932 986 τότε,
2962 918 3097 973 νεὼν
3126 920 3275 992 αύτῷ
3318 921 3618 993 δείμασθαι

1938 1004 2033 1058 καὶ
2064 1004 2267 1076 βωμὸν,
2309 1004 2376 1058 ἶν’
2406 1005 2506 1079 ἔχῃ
2534 1005 2981 1077 παραμυθεῖσθαι
3029 1007 3118 1061 διά
3161 1008 3257 1061 τοῦ
3305 1009 3473 1063 τόπου
3518 1009 3619 1080 τὴν

1939 1091 2137 1162 μανίαν
2159 1093 2189 1144 ὁ
2222 1091 2451 1163 δαίμων.
2485 1093 2594 1146 Kal
2618 1095 2646 1147 0
2673 1092 2774 1163 μὲν
2805 1092 2976 1163 μῦθος
3008 1090 3186 1161 οὗτος,
3212 1099 3245 1167 ή
3278 1097 3337 1150 δέ
3372 1097 3481 1150 ἀπὸ
3521 1097 3618 1151 τοῦ

1941 1178 2111 1250 μύθου
2136 1181 2403 1251 γενομένη
2434 1179 2604 1251 βλάϐη
2629 1181 2814 1234 οὐκέτι
2865 1181 3033 1253 μῦθος
3062 1179 3151 1255 ῆν.
3199 1185 3417 1255 Ἐπειδὴ
3438 1185 3548 1255 γὰρ
3569 1188 3620 1239 οἰ

1937 1266 2047 1320 τῶν
2071 1267 2210 1322 νέων
2232 1266 2521 1321 ἀκόλαστοι
2558 1267 2885 1336 φθάσαντες,
2937 1270 3078 1341 ὅπερ
3121 1270 3280 1342 ἔφην,
3326 1272 3620 1343 ἐξύϐρισαν

1938 1356 2019 1417 είς
2051 1353 2114 1406 τὸ
2158 1353 2253 1407 τοῦ
2284 1370 2607 1424 προαστειου
2662 1354 2878 1420 κάλλος,
2915 1356 3009 1409 ἐπὶ
3047 1355 3255 1428 κώμοις
3296 1358 3391 1411 καὶ
3427 1358 3618 1428 μέθαις

1938 1440 2038 1505 τὰς
2072 1442 2189 1495 ἐκεῖ
2236 1441 2553 1513 ποιούμενοι
2582 1442 2888 1513 διατριϐάς,
2947 1442 3271 1515 βουλόμενος
3313 1445 3474 1498 τοῦτο
3500 1447 3621 1499 ἐπι-

1936 1527 2160 1599 δοθῆναι
2191 1528 2254 1583 τὸ
2284 1530 2454 1584 κακὸν
2486 1532 2514 1584 ό
2544 1530 2811 1596 διάϐολος,
2844 1531 2936 1585 τόν
2982 1549 3042 1586 τε
3076 1532 3242 1604 μῦθον
3271 1532 3493 1596 ἔπλασε,
3523 1535 3619 1585 καὶ

1936 1617 2031 1670 τὸν
2051 1617 2284 1687 δαίμονα
2344 1617 2673 1687 κατῴκισεν,
2700 1618 2776 1682 ώς
2806 1619 2900 1673 καὶ
2928 1619 3215 1688 ἀσελγείας
3244 1621 3339 1673 καὶ
3364 1620 3621 1684 ἀσεϐείας

1940 1704 2277 1776 ὑπέκκαυμα
2293 1705 2548 1774 γενέσθαι
2578 1705 2763 1778 μεῖζον
2787 1707 2886 1779 τὴν
2910 1706 3151 1779 ἱστορίαν
3180 1706 3384 1779 ταύτην
3414 1709 3618 1771 αὐτοῖς.

1939 1793 2084 1865 Πρὸς
2109 1793 2165 1848 δὲ
2190 1795 2289 1865 τὴν
2316 1792 2472 1848 λύσιν
2489 1794 2600 1848 τῶν
2630 1794 2901 1850 τοσούτων
2927 1796 3118 1871 κακῶν
3141 1789 3267 1869 εὗρε
3295 1796 3498 1869 ταύτην
3522 1797 3623 1868 τὴν

1939 1882 2258 1953 σοφωτάτην
2314 1884 2563 1955 μηχανὴν
2609 1886 2637 1937 ὁ
2666 1883 2940 1955 βασιλεὺς,
2974 1885 3034 1939 τὸ
3096 1885 3403 1956 μετοικίσαι
3444 1903 3504 1938 τε
3530 1885 3621 1939 τὸν

1938 1968 2115 2038 άγιον,
2150 1970 2243 2024 καί¹
2291 1970 2502 2041 πέμψαι
2558 1972 2650 2026 τὸν
2691 1972 2877 2045 {az-90v
2927 1973 3065 2045 πρὸς
3115 1973 3243 2038 τοὺς
3287 1973 3620 2045 κάμνοντας.

1939 2056 2190 2123 Διατάξει
2242 2057 2341 2129 μὲν
2396 2053 2491 2112 οὖν
2535 2060 2630 2113 καὶ
2682 2061 2941 2133 αύθεντία
2989 2060 3243 2133 βασιλικῇ
3278 2061 3379 2134 τῆν
3433 2063 3513 2126 είς
3560 2062 3623 2116 τὸ

1939 2144 2263 2215 προάστειον
2294 2147 2582 2214 ἐγκόπτειν
2608 2148 2727 2202 ὁδὸν
2758 2152 2871 2214 τοῖς
2921 2150 3020 2222 τὴν
3081 2150 3237 2203 πόλιν
3280 2161 3303 2188 ο
3354 2149 3619 2213 οἰκοῦσιν,

1938 2232 2110 2286 ἐδόκει
2140 2234 2451 2305 τυραννίδος
2500 2234 2661 2306 ἔργον
2688 2233 2824 2290 εἶναι
2859 2237 3058 2309 μᾶλλον
3089 2238 3184 2291 καὶ¹
3209 2238 3490 2309 ὠμότητος
3528 2239 3624 2292 καὶ

1938 2319 2225 2390 ἀγροικίας
2254 2321 2480 2392 πολλῆς·
2516 2325 2565 2376 εί
2590 2323 2648 2376 δὲ
2678 2311 2993 2395 προέθηκεν
3015 2325 3118 2389 ὅτι,
3144 2326 3208 2378 Οἱ
3237 2324 3337 2396 μὲν
3380 2326 3623 2380 ἐπιεικέ-

1940 2423 2120 2479 στεροι
2168 2408 2264 2463 καί⁵
2289 2408 2646 2483 μετριώτεροι
2696 2412 3156 2475 ἀναϐαινέτωσαν,
3192 2414 3241 2466 οί
3272 2411 3331 2466 δὲ
3372 2412 3621 2482 ἀσελγεῖς

1940 2494 2035 2547 καὶ
2060 2494 2350 2550 ἀκόλαστοι
2390 2495 2812 2564 κωλυέσθωσαν,
2846 2500 3051 2571 ἀπορον
3088 2495 3157 2572 ἦν
3208 2500 3271 2554 τὸ
3312 2499 3618 2572 ἐπίταγμα,

1940 2582 2036 2635 καὶ
2056 2581 2212 2646 δίκας
2246 2584 2415 2655 ἐχρῆν
2447 2584 2570 2639 καθ’
2598 2588 2837 2658 ἑκάστην
2864 2587 3108 2657 γίνεσθαι
3135 2587 3235 2660 τὴν
3258 2589 3492 2659 ἡμέραν,
3519 2589 3623 2659 τῆς

1940 2670 2172 2724 ἐκάστου
2203 2672 2531 2744 κρινομένης
2565 2672 2730 2745 ζωῆς·
2760 2674 2925 2746 μόνην
2940 2676 2997 2728 δέ
3016 2675 3127 2730 τῶν
3145 2677 3412 2731 τοσούτων
3433 2676 3623 2731 δεινῶν

1938 2756 2169 2823 διέξοδον
2192 2759 2444 2832 ἀρίστην,
2468 2762 2570 2831 τὴν
2594 2762 2689 2815 τοῦ
2722 2764 2996 2836 μακαρίου
3018 2763 3273 2833 γενέσθαι
3297 2764 3620 2837 παρουσίαν·

1940 2846 2043 2915 τήν
2076 2863 2136 2900 τε
2171 2847 2282 2919 γάρ
2313 2847 2407 2900 τοῦ
2433 2849 2684 2920 δαίμονος
2714 2850 2964 2905 διαλῦσαι
2988 2851 3240 2923 δύναμιν,
3272 2853 3369 2907 καὶ
3391 2851 3489 2922 τὴν
3517 2852 3625 2907 τῶν

1941 2934 2079 2988 νέων
2108 2936 2434 3007 ἐπιπρέψαι
2470 2938 2741 3009 διάχυσιν,
2801 2940 2986 2993 ἰκανὸν
3028 2939 3169 2995 εἶναι
3215 2942 3308 2995 τὸν
3347 2944 3622 3013 μάρτυρα·

1941 3023 2036 3076 καὶ
2058 3024 2160 3078 οὐκ
2191 3025 2401 3096 ἐσφάλη
2432 3025 2530 3096 τῆς
2564 3026 2801 3091 ἐλπίδος.
2836 3028 2987 3099 ’Ἀμα
3014 3046 3073 3082 τε
3094 3030 3202 3100 γὰρ
3228 3030 3516 3098 ἐφίσταταί
3542 3045 3626 3091 τις

1941 3112 2006 3180 τῇ
2034 3111 2242 3181 Δάφνῃ,
2276 3110 2429 3184 [557]
2458 3113 2552 3166 καὶ
2576 3113 2638 3167 τὸ
2675 3114 2976 3187 μαρτύριον
3001 3116 3205 3180 εὐθέως
3234 3117 3343 3170 ἀπὸ
3384 3116 3494 3169 τῶν
3531 3116 3623 3169 τοῦ

1942 3199 2269 3269 προαστείου
2305 3200 2596 3271 προθύρων
2640 3201 2786 3265 ίδὼν,
2834 3203 3202 3271 συστέλλεται,
3246 3204 3498 3276 καθάπερ
3540 3221 3627 3267 τις

1940 3284 2061 3347 νέος
2082 3285 2139 3336 ἐν
2163 3286 2453 3357 συμποσίῳ
2484 3286 2831 3357 παιδαγωγὸν
2855 3287 3193 3360 θεασάμενος
3228 3289 3510 3359 ἐφεστῶτα
3531 3290 3627 3343 καὶ

1942 3373 2452 3444 παρακελευόμενον
2485 3374 2575 3427 διὰ
2610 3375 2710 3447 τῆς
2742 3376 2920 3446 ὅψεως
2956 3377 3015 3441 ἐν
3037 3376 3188 3441 τάξει
3216 3381 3282 3449 τῇ
3320 3378 3629 3449 προσηκού-
3655 3415 3663 3423 -

1944 3475 2013 3531 σῃ
2051 3460 2229 3513 πίνειν
2256 3478 2317 3513 τε
2347 3462 2443 3514 καὶ
2492 3461 2716 3529 ἐσθίειν,
2763 3464 2858 3517 καὶ
2901 3464 3253 3533 φθέγγεσθαι,
3305 3466 3399 3519 καὶ
3437 3465 3625 3537 γελᾷν,

1942 3546 2341 3619 φυλαττόμενον
2371 3551 2444 3620 μή
2477 3566 2581 3603 που
2604 3550 2666 3603 τὺ
2703 3550 2902 3622 μέτρον
2939 3551 3185 3623 ὑπερϐὰς
3224 3554 3322 3625 τὴν
3360 3553 3515 3617 δόξαν
3544 3557 3630 3607 αἰ-

1944 3633 2112 3706 σχύνῃ
2143 3635 2239 3707 τὴν
2269 3635 2487 3690 ἐαυτοῦ·
2510 3637 2801 3709 γενόμενος
2833 3638 2890 3691 δὲ
2916 3639 3021 3693 ὑπὸ
3045 3639 3148 3710 τῆς
3187 3640 3364 3711 ὅψεως
3394 3642 3627 3696 εὐλαϐέ-

1944 3737 2155 3792 στερος,
2186 3723 2388 3778 καὶτὸν
2420 3727 2687 3798 μακάριον
2719 3726 3067 3796 φαντασθεὶς,
3096 3729 3233 3801 πρὸς
3262 3728 3359 3800 τὴν
3383 3729 3628 3800 λάρνακα

1942 3809 2147 3875 εὐθέως
2177 3812 2479 3882 ἐπείγεται,
2507 3815 2603 3869 καὶ
2635 3814 2807 3869 ἐλθὼν
2838 3818 2975 3882 ἐκεῖ,
3009 3816 3234 3888 μείζονά
3257 3836 3316 3872 τε
3342 3821 3629 3892 προσλαμ-

1945 3897 2096 3952 ϐάνει
2125 3899 2311 3969 φόϐον,
2348 3903 2439 3955 καὶ
2462 3904 2642 3957 πᾶσαν
2664 3903 2955 3976 ὀλιγωρίαν
2985 3907 3251 3974 ἐκϐαλὼν,
3280 3910 3374 3962 καὶ
3404 3911 3630 3981 γενόμε-

1944 4001 2033 4049 νος
2064 3984 2092 4026 ἃ
2124 3987 2349 4057 πτηνὸς,
2400 3988 2574 4054 οὕτως
2602 3991 2811 4046 ἄπεισι.
2854 3994 2965 4047 Kal
3000 3996 3125 4058 τοὺς
3158 3996 3255 4066 μὲν
3283 3998 3346 4049 ἐκ
3377 3997 3477 4068 τῆς
3526 3998 3629 4051 πό-

1943 4072 2083 4137 λεως
2112 4076 2360 4141 ἀνιόντας
2381 4076 2671 4149 δεχόμενος
2710 4079 2819 4133 ἀπὸ
2854 4081 2954 4152 τῆς
2991 4080 3135 4146 ὁδοῦ,
3194 4083 3334 4153 μετά
3369 4084 3630 4157 τοιαύτης

1946 4162 2305 4233 σωφροσύνης
2331 4165 2697 4237 παραπέμπει
2725 4167 2863 4239 πρὸς
2890 4168 2989 4241 τὴν
3013 4171 3112 4240 τῆς
3140 4171 3357 4242 Δάφνης
3382 4172 3631 4227 ἀνάπαυ-

1947 4266 2052 4315 σιν,
2100 4251 2261 4321 μόνον
2308 4252 2410 4305 οὐκ
2464 4254 2685 4324 ἐκείνην
2743 4257 2930 4320 αὐτοῖς
2982 4258 3219 4312 ἐπιϐοῶν
3264 4259 3366 4330 τὴν
3420 4262 3624 4332 φωνήν·

1957 4336 2357 4407 Ἀγαλλιᾶσθε
2384 4338 2466 4405 τῷ
2496 4344 2695 4410 Κυρίῳ
2722 4343 2793 4397 ἐν
2818 4346 3032 4413 τρόμῳ·
3065 4345 3160 4400 καὶ
3182 4347 3242 4400 τὸ
3271 4348 3629 4405 ἀποστολικὺν

1945 4425 2277 4494 προστιθείς·
2304 4428 2443 4483 Εἴτε
2462 4429 2714 4496 ἐσθίετε,
2760 4431 2882 4486 εἴτε
2903 4435 3127 4501 πίνετε,
3164 4435 3285 4489 εἴτε
3302 4453 3355 4489 τι
3383 4437 3626 4503 ποιεῖτε,

1945 4511 2143 4566 πάντα
2158 4516 2244 4580 είς
2257 4513 2446 4580 δόξαν
2461 4517 2611 4572 Θεοῦ
2633 4515 2875 4574 ποιεῖτε·
2897 4521 3022 4586 τοὺς
3036 4522 3093 4576 δὲ
3114 4524 3190 4587 εἰ.⁸
3202 4524 3302 4595 τὴν
3316 4523 3467 4578 πόλιν
3486 4542 3632 4581 κατι-

1945 4600 2104 4665 όντας
2135 4602 2273 4672 μετά
2298 4603 2399 4675 τὴν
2418 4606 2624 4677 τροφὴν
2654 4618 2699 4667 ο.
2716 4595 2764 4661 εἰ
2789 4610 3028 4681 συμϐαίη
3062 4611 3432 4683 ῥᾳθυμότερον
3457 4615 3633 4669 διατε-

1949 4683 2144 4769 θέντας
2165 4688 2467 4769 ἀπορρῖψαι
2489 4691 2581 4744 τὸν
2603 4692 2842 4762 χαλινὸν,
2862 4694 2955 4746 καὶ
2978 4696 3059 4758 είς
3087 4696 3398 4769 κραιπάλην
3425 4700 3521 4752 καὶ
3550 4702 3631 4764 είς

1942 4767 2145 4823 ἄτοπον
2185 4768 2534 4842 ἐξενεχθῆναι
2561 4776 2796 4848 τρυφὴν,
2814 4775 3106 4847 δεξάμενος
3132 4767 3312 4833 πάλιν
3335 4767 3631 4851 μεθύοντας

1946 4856 2027 4942 εἰς
2062 4855 2124 4909 τό
2166 4857 2333 4911 αὑτοῦ
2364 4860 2731 4931 καταγώγιον,
2755 4864 2857 4917 οὐκ
2888 4865 3082 4936 ἀφίησι
3098 4866 3315 4939 τὴνάπὺ
3334 4868 3436 4939 τῆς
3464 4871 3634 4942 μέθης

1950 4941 2155 5016 βλάϐην
2186 4945 2408 5016 ἔχοντας
2442 4949 2627 5004 οἴκαδε
2676 4952 2955 5017 ἀπελθεῖν,
2988 4954 3127 5010 ἀλλά
3156 4941 3503 5030 σωφρονίσας
3553 4941 3633 5030 τῷ

1949 5029 2120 5101 φόϐῳ,
2150 5033 2286 5105 πρὸς
2311 5035 2410 5106 τὴν
2449 5038 2621 5110 αὐτὴν
2649 5039 2916 5109 ἐπανάγει
2945 5044 3131 5113 νῆψιν,
3161 5045 3231 5117 ἢν
3273 5029 3369 5100 καὶ
3400 5046 3508 5118 πρὸ
3535 5046 3631 5100 τοῦ

1947 5122 2014 5191 τῇ
2071 5122 2211 5196 μέθῃ
2255 5123 2621 5198 βαπτισθῆναι
2660 5130 2981 5199 ἐφύλαττον.
3031 5135 3140 5188 Καὶ
3190 5134 3300 5207 γάρ
3327 5135 3514 5206 ὥσπερ
3547 5152 3633 5199 τις

1947 5206 2091 5279 αὔρα
2126 5209 2297 5281 λεπτὴ
2332 5214 2458 5277 τοὺς
2484 5215 2544 5267 ὲν
2567 5215 2645 5287 τῷ
2695 5221 2987 5293 μαρτυρίῳ
3014 5206 3343 5293 γενομένους
3378 5224 3635 5294 περιπνεῖ

1948 5296 2231 5363 πάντοθεν,
2263 5297 2535 5383 αύραίούκ
2558 5304 2792 5378 αἰσθητή
2826 5325 2932 5373 τις,
2967 5310 3087 5363 οὐδὲ
3110 5311 3379 5380 σωμάτων
3408 5311 3633 5380 αὐξητι-

1945 5383 2035 5454 κὴ,
2068 5384 2184 5438 ἀλλ’
2219 5389 2299 5451 εἰς
2327 5388 2498 5460 αὐτὴν
2523 5392 2682 5464 ίκανη
2704 5393 2951 5451 διαδῦναι
2976 5396 3077 5468 τὴν
3103 5396 3302 5468 ψυχὴν,
3333 5397 3425 5451 καὶ
3459 5414 3633 5451 κατα-

1948 5471 2242 5528 στέλλουσα
2276 5475 2544 5532 πάντοθεν
2573 5480 2744 5551 αὐτὴν
2774 5483 3148 5555 εὐσχημόνως,
3185 5484 3281 5538 καὶ
3308 5485 3416 5538 πᾶν
3444 5486 3633 5557 γήϊνον

1948 5562 2358 5645 περικόπτουσα
2383 5565 2568 5639 βάρος.
2594 5570 2865 5625 ἀναπαύει
2888 5589 2947 5625 τε
2976 5572 3073 5625 καὶ
3107 5572 3446 5646 κουφοτέραν
3474 5572 3634 5646 ἐργά-

1948 5646 2099 5711 ζεται
2119 5651 2217 5721 τὴν
2241 5652 2626 5727 βεϐαρημένην
2657 5658 2751 5711 καὶ
2768 5659 3240 5742 καταπίπτουσαν.

2009 5800 2032 5873 ξ
2058 5797 2209 5873 ξείνηἶ
2237 5805 2294 5849 ει
2307 5815 2428 5873 ῃιεειΣ
2457 5805 2543 5873 τὴν
2560 5806 2718 5873 πόλιν,
2745 5807 2917 5873 Morel.
2941 5821 3208 5873 perperam
3228 5810 3315 5867 τὴν
3334 5809 3639 5873 οἰκουμένην.

2006 5858 2037 5936 (ξ
2059 5861 2255 5936 [In-mvéc,
2276 5858 2679 5936 a'liquigd'marg.
2708 5869 2890 5921 habent
2910 5858 3622 5936 ranaivéggloss'emalis‘niorél

2017 5922 2037 5943 '
2050 5922 2146 5972 Alii
2170 5922 2373 5987 τροφήν,
2384 5927 2466 5976 alii
2479 5922 2670 5988 τρυφήν.
