4032 6444
75 430 208 487 553

166 561 276 616 13.
309 555 385 612 Εῑ
409 554 628 628 quidem
659 551 909 623 Daphnes
949 546 1290 621 pulchritudo
1309 544 1395 602 vel
1438 543 1717 617 segniores

79 651 164 707 ad
216 666 289 707 se
333 647 537 705 illicit:
581 655 783 716 martyr
826 656 957 698 vero
1003 656 1102 698 ceu
1140 640 1193 695 in
1241 639 1446 709 piscatu
1488 635 1718 706 quodam

87 741 340 803 sedens,
372 753 436 794 ac
471 734 893 807 ingredientibus
934 731 1153 787 insidias
1200 743 1414 801 parans,
1442 742 1537 783 eos
1579 726 1721 781 inte-

91 839 214 892 rim
258 836 494 895 detinet,
522 833 642 885 illos
663 829 811 899 prius
836 827 1088 882 decenter
1112 824 1349 891 aﬂ‘ectos,
1371 823 1449 878 sic
1476 820 1719 884 remittit,

97 941 164 983 ut
190 939 387 983 amata
406 939 511 979 non
543 921 949 983 contumeliose,
973 918 1067 973 sed
1092 924 1450 986 temperanter
1466 915 1517 968 in
1541 921 1722 984 poste-

98 1037 241 1077 rum
273 1028 515 1074 utantur.
546 1016 677 1083 Quia
693 1014 833 1069 enim
852 1029 916 1069 ex
941 1012 1241 1066 hominibus
1260 1008 1346 1063 alii
1364 1007 1607 1078 segnitie,
1634 1006 1725 1060 alii

102 1110 484 1166 smeularibus
527 1109 672 1162 curis
719 1105 953 1168 abducti,
998 1102 1189 1157 nolunt
1231 1110 1522 1172 martyrum
1545 1098 1726 1152 thecas

106 1204 304 1269 adire,
336 1202 458 1257 ideo
496 1199 721 1271 providit
770 1198 910 1252 Deus
937 1206 994 1251 ut
1019 1197 1123 1251 hoc
1167 1195 1504 1249 irretirentur
1543 1191 1723 1256 modo,

111 1305 168 1351 et
202 1296 410 1349 animae
433 1293 707 1348 curatione
733 1289 1045 1359 medelaque
1071 1287 1395 1342 fruerentur.
1414 1285 1484 1339 Et
1509 1282 1729 1354 perinde

114 1386 333 1442 accidit
363 1400 425 1440 ac
449 1385 490 1439 si
521 1384 637 1454 quis
658 1398 858 1452 aegrum
906 1378 1251 1451 congruentia
1271 1376 1505 1433 remedia
1532 1375 1727 1430 admit-

121 1491 251 1534 tere
284 1478 556 1533 nolentem
589 1517 605 1543 ,
636 1476 983 1544 pharmacum
1014 1472 1153 1526 dulci
1180 1470 1521 1525 condimento
1565 1468 1734 1523 obdu-

126 1585 283 1628 ctum
312 1571 565 1635 offerens,
598 1569 888 1639 deciperet.
916 1567 1006 1622 Sic
1032 1567 1188 1636 igitur
1214 1564 1462 1634 paulatim
1490 1562 1556 1617 ad
1587 1563 1734 1617 sani-

129 1674 306 1718 tatem
330 1663 559 1727 reducti,
591 1677 656 1716 eo
683 1661 1017 1731 perveniunt,
1050 1667 1231 1712 utnon
1269 1657 1378 1727 jam
1407 1656 1614 1712 deliciae
1643 1670 1731 1723 so-

129 1758 275 1822 lum,
310 1756 407 1810 sed
435 1756 593 1811 etiam
617 1755 784 1808 sancti
813 1752 1134 1808 desiderium
1160 1751 1479 1807 suburbium.
1507 1748 1736 1804 adeundi

130 1849 361 1904 occasio
386 1849 455 1903 sit
484 1846 693 1909 multis;
719 1846 827 1900 imo
849 1860 974 1899 vero
995 1843 1085 1915 qni
1108 1842 1457 1897 modestiores
1472 1852 1614 1906 sunt,
1639 1840 1741 1895 hac

134 1956 251 1995 una
270 1939 344 1994 de
364 1953 522 1993 causa
552 1938 643 1992 illo
670 1937 957 2001 accedunt;
986 1935 1074 2006 qui
1103 1936 1155 1989 in
1186 1933 1375 1988 minori
1397 1932 1585 2003 gradu,
1606 1932 1741 1987 utri—

134 2045 318 2101 usque
340 2029 416 2083 rei
437 2041 592 2083 causa
610 2045 624 2093 ;
642 2028 729 2097 qui
750 2042 877 2081 vero
892 2027 972 2080 his
984 2027 1141 2081 etiam
1164 2023 1581 2095 imperfectiores
1597 2030 1743 2094 sunt,

136 2123 212 2177 ob
240 2121 466 2176 delicias
503 2118 707 2173 tantum
732 2134 797 2173 eo
826 2118 1120 2173 ascendunt
1151 2135 1163 2169 :
1197 2132 1317 2171 cum
1352 2125 1529 2170 autem
1560 2131 1624 2171 eo
1651 2115 1744 2169 ad-

138 2214 418 2277 venerint,
444 2212 645 2267 accitos
682 2219 885 2282 martyr
926 2224 1048 2265 cum
1089 2210 1200 2263 suis
1238 2208 1408 2278 epulis
1450 2208 1742 2278 exceperit,

142 2306 353 2375 optima
381 2304 617 2358 munitos
662 2312 955 2370 armatura,
978 2318 1084 2357 non
1134 2302 1258 2356 sinit
1296 2300 1568 2371 quidpiam
1620 2300 1746 2356 mali

146 2398 259 2467 pati
292 2415 307 2452 :
332 2396 661 2467 perindeque
706 2396 899 2450 mirum
954 2402 1069 2461 est,
1115 2396 1329 2450 mollem
1372 2402 1427 2450 et
1464 2392 1745 2451 socordem

145 2491 394 2559 aliquem‘
428 2497 811 2558 temperantem
858 2487 1115 2551 reddere,
1167 2496 1222 2542 et
1265 2487 1419 2557 quasi
1459 2502 1523 2542 cx
1572 2486 1747 2542 media

149 2580 361 2634 insania
386 2578 663 2645 reducere,
696 2589 751 2634 ut
774 2579 882 2634 illic
901 2578 1153 2645 efﬁcitur,
1182 2594 1245 2633 ac
1266 2580 1308 2632 si
1332 2580 1451 2649 quis
1482 2579 1532 2632 in
1574 2577 1751 2632 forna-

148 2689 271 2730 cem
295 2673 516 2743 illapsus
538 2673 667 2727 nihil
697 2688 760 2727 ex
792 2673 912 2742 igne
935 2672 1114 2726 damni
1151 2680 1440 2741 pateretur.
1465 2670 1597 2725 Nam
1623 2671 1747 2726 dum

147 2766 429 2835 juventus,
458 2764 705 2833 petulans
747 2763 987 2829 audacia,
1017 2763 1221 2830 vinum,
1259 2765 1478 2818 satietas
1515 2762 1752 2834 qualibet

153 2859 372 2914 llamma
416 2857 788 2913 vehementius
834 2857 1209 2927 cogitationem
1257 2856 1543 2923 invadunt,
1584 2873 1674 2912 ros
1719 2873 1750 2912 a

156 2954 323 3009 beato
368 2953 484 3007 viro
530 2952 820 3019 immissus,
857 2967 954 3022 per
991 2952 1175 3007 oculos
1215 2952 1268 3006 in
1310 2952 1480 3022 ipsam
1521 2950 1751 3006 descen-

156 3046 295 3102 dens
323 3043 579 3109 animam,
603 3042 874 3097 ﬂammam
913 3042 1073 3112 sopit,
1104 3042 1410 3098 incendium
1440 3042 1749 3113 exstinguit,

160 3151 514 3208 magnamque
559 3136 812 3205 pietatem
843 3136 896 3190 in
920 3135 1155 3191 animum
1201 3136 1439 3191 instillat.
1463 3134 1555 3192 Sic
1596 3137 1755 3206 igitur

159 3236 373 3283 sanctus
415 3227 505 3282 illc
543 3226 778 3281 lasciviae
818 3226 1155 3299 tyrannidem
1200 3227 1375 3282 solvit.
1417 3226 1535 3295 Quo
1572 3236 1752 3282 autem

164 3329 321 3390 pacto
345 3318 608 3375 daemonis
633 3327 949 3387 potestatem
977 3318 1272 3375 exstinxit?
1314 3319 1494 3374 Primo
1533 3319 1751 3390 quidem

163 3421 274 3466 tum
301 3411 487 3468 sedem
514 3426 700 3467 eorum
730 3411 898 3479 illam,
939 3421 1048 3467 tum
1071 3411 1265 3468 fabula:
1290 3428 1483 3467 noxam
1511 3412 1752 3468 inutilem

162 3503 410 3568 reddidit,
438 3503 737 3574 deindeque
757 3503 1058 3560 datmonem
1089 3520 1308 3574 prorsus
1335 3505 1528 3575 exegit.
1551 3505 1750 3561 Verum

162 3603 446 3665 antequam
473 3595 753 3664 ejectiouis
779 3595 995 3651 modum
1020 3596 1214 3662 dicam,
1235 3595 1363 3651 illud
1392 3611 1486 3651 vos
1515 3597 1757 3652 animad-

161 3695 372 3741 vertere
398 3701 548 3757 rogo,
578 3701 702 3741 eum
731 3687 929 3742 scilicet
971 3703 1078 3742 non
1117 3688 1299 3742 statim
1342 3698 1503 3759 atque
1539 3688 1757 3744 advenit

165 3778 462 3833 dmmonem
504 3778 808 3849 expulisse,
850 3779 946 3834 sed
984 3788 1292 3837 manentem
1342 3781 1489 3835 illum
1536 3781 1756 3853 agendis

166 3870 325 3925 rebus
355 3870 593 3939 ineptum
626 3870 943 3936 reddidisse,
974 3884 1142 3942 osque
1162 3870 1239 3925 illi
1269 3872 1573 3941 obturasse,
1603 3873 1674 3928 ita
1697 3882 1757 3928 ut

168 3964 439 4033 plusquam
470 3962 672 4033 lapides
694 3973 897 4018 mutum
930 3964 1102 4035 ipsum
1131 3964 1382 4021 redderet
1413 3984 1425 4018 :
1454 3981 1554 4021 nec
1580 3967 1756 4022 minus

170 4067 283 4111 erat
325 4067 628 4113 manentem
675 4072 954 4130 superare,
1000 4073 1159 4129 quam
1200 4058 1493 4128 expellere.
1545 4060 1624 4114 Ac
1665 4060 1755 4129 qui

173 4148 314 4217 prius
343 4163 531 4204 omnes
560 4149 755 4219 ubique
784 4149 1030 4205 homines
1075 4149 1394 4220 decipiebat,
1424 4165 1493 4205 ne
1518 4150 1755 4206 cinerem

170 4240 379 4313 quidem
423 4240 561 4296 beati
609 4242 824 4313 Babyla:
873 4241 1145 4312 respicere
1185 4241 1458 4298 audebat:
1488 4250 1630 4296 tanta
1675 4248 1760 4296 est

168 4343 469 4391 sanctomm
510 4344 785 4405 potestas,
834 4351 1061 4405 quorum
1102 4335 1390 4390 viventium
1432 4349 1500 4390 ne
1543 4334 1759 4390 umbras

170 4428 382 4498 quidem
408 4442 580 4497 neque
621 4427 939 4482 vestimenta
987 4425 1198 4494 ferunt,
1242 4435 1574 4481 mortuorum
1629 4441 1760 4482 vero

172 4532 355 4589 capsas
400 4527 653 4572 tremunt.
682 4518 864 4589 Itaque
885 4519 932 4573 si
958 4520 1079 4589 quis
1118 4520 1484 4589 apostolorum
1510 4519 1677 4588 gestis
1697 4518 1761 4573 fl-

173 4607 292 4661 dem
323 4624 426 4661 non
460 4608 637 4675 habet,
669 4608 752 4664 his
793 4610 982 4665 saltem
1027 4611 1328 4681 conspectis
1370 4610 1756 4682 impudentiam

174 4701 383 4756 tandem
428 4713 607 4771 ponat.
637 4701 768 4756 Nam
796 4703 884 4771 qui
907 4703 1105 4769 omnia,
1135 4718 1254 4773 quae
1278 4704 1553 4773 gentilium
1579 4712 1755 4767 erant,

173 4794 296 4847 olim
342 4793 557 4857 vicerat,
586 4809 614 4846 a
644 4805 876 4865 martyre
918 4802 1166 4864 tanquam
1189 4794 1257 4850 ab
1283 4793 1416 4850 hero
1458 4795 1761 4864 increpatus

177 4884 397 4938 Iatrandi
425 4882 587 4938 linem
621 4884 765 4949 fecit,
799 4898 899 4939 nec
921 4886 1056 4939 ultra
1102 4884 1351 4954 loquutus
1377 4892 1477 4940 est.
1511 4887 1556 4940 A
1587 4886 1761 4955 primo

175 4975 382 5047 quidem
410 4975 706 5041 videbatur,
727 4975 869 5046 quod
902 4976 1284 5031 sacrificiorum
1330 4977 1616 5047 cacteriqne
1643 4976 1759 5031 cul.

175 5078 262 5121 tus
304 5066 569 5137 particeps
615 5083 723 5121 non
760 5076 923 5131 esset,
957 5068 1009 5122 id
1035 5067 1232 5124 facere.
1267 5069 1363 5123 llic
1388 5069 1531 5123 enim
1561 5068 1762 5125 daemo-

177 5174 299 5212 num
326 5173 442 5213 mos
465 5166 549 5213 est
578 5176 592 5212 :
623 5174 743 5215 cum
777 5159 1021 5216 homines
1049 5161 1256 5227 nidore,
1288 5161 1434 5217 fumo
1476 5162 1763 5233 sanguine-

176 5265 279 5318 que
307 5250 447 5319 ipsos
468 5252 672 5316 colunt,
706 5260 956 5321 tanquam
982 5266 1144 5307 canes
1171 5254 1496 5324 sanguinarii
1523 5264 1577 5309 et
1603 5269 1762 5310 vora-

177 5356 267 5398 ces
292 5341 550 5397 lambendi
581 5356 740 5398 causa
774 5343 997 5408 adsunt;
1027 5359 1147 5398 cum
1178 5356 1361 5399 autem
1386 5361 1571 5402 rursus
1603 5362 1763 5403 nemo

179 5431 458 5503 quidquam
509 5434 709 5503 prmbet
753 5433 1057 5503 hujusmodi
1084 5476 1099 5502 ,
1148 5437 1298 5507 quasi
1336 5435 1474 5491 fame
1511 5448 1756 5507 pereunt.

184 5526 309 5579 Dum
330 5524 582 5579 sacrificia
604 5523 920 5590 offeruntur,
938 5525 1064 5580 dum
1094 5528 1264 5596 turpia
1285 5528 1628 5585 celebrantur
1648 5546 1764 5602 my-

184 5619 368 5685 sueria;
417 5619 549 5676 nihil
596 5618 739 5673 enim
783 5619 926 5674 aliud
971 5629 1096 5676 sunt
1142 5623 1419 5692 gentilium
1463 5628 1714 5697 mysteria
1740 5670 1756 5693 ,

182 5726 330 5783 quam
367 5710 608 5767 obsceni
638 5725 871 5777 amores,
902 5725 1184 5780 puerorum
1213 5716 1573 5785 contumeliae,
1601 5720 1759 5776 adui-

186 5808 325 5874 teria,
352 5804 639 5862 domorum
681 5803 1094 5862 subversiones:
1136 5806 1290 5863 mitto
1338 5823 1480 5867 nunc
1527 5814 1756 5871 etodium

948 418 1036 475 DE
1072 417 1130 475 S.
1173 416 1474 484 BABYLA,
1509 412 1782 473 CONTRA
1822 410 2165 470 JULIANUM
2204 414 2296 471 ET
2335 416 2683 477 GENTILES

3309 423 3413 480 εει

1825 524 2072 585 sinistros
2101 545 2279 588 mores
2301 531 2341 601 ί,
2365 547 2428 588 ac
2452 532 2583 603 ipsis
2609 532 2844 591 etedibus
2873 535 3166 609 iniquiores
3190 554 3413 601 canas:

1824 617 1953 673 dum
1977 618 2114 689 haec,
2144 622 2380 691 inquam,
2423 623 2781 691 celebrantur,
2827 613 3022 686 ailsunt
3044 640 3099 688 et
3124 632 3372 692 laetantur
3400 655 3416 692 :

1825 712 2032 767 etiamsi
2061 712 2310 782 maleﬁci,
2342 716 2548 771 etiamsi
2595 718 3031 789 praestigiatores,
3067 722 3277 781 etiamsi
3317 743 3418 800 pe.

1825 815 1933 859 Stes
1956 806 2082 873 sint,
2106 808 2193 876 qui
2221 808 2344 863 talia
2387 822 2646 881 peragunt
2683 813 2967 884 mysteria;
2995 818 3103 871 imo
3140 833 3270 874 vero
3310 837 3418 876 non

1826 898 1915 951 alii
1963 908 2088 952 sunt
2122 901 2211 969 qui
2259 899 2374 955 haec
2415 902 2811 959 administrant.
2860 904 3087 977 Sapiens
3124 909 3268 965 enim
3312 913 3415 978 vir,

1827 990 2028 1060 probus
2053 1003 2215 1064 atque
2241 998 2516 1056 modesms
2540 1016 2640 1057 nec
2662 1003 3104 1059 comessationem
3127 1020 3227 1061 nec
3244 1006 3421 1064 ebrie-

1829 1091 1989 1138 tatem
2018 1085 2267 1156 admittit,
2297 1107 2397 1147 nec
2424 1093 2736 1149 obscmnum
2761 1096 2983 1152 verbum
3002 1099 3217 1161 emittit.
3244 1116 3421 1171 neque

1829 1174 1990 1229 alium
2019 1178 2141 1233 talia
2170 1180 2526 1248 proferentem
2551 1184 2737 1241 audire
2760 1187 2894 1242 vult.
2925 1190 3084 1260 Atqui
3107 1192 3414 1260 Oportebat,

1831 1267 1968 1324 side
2008 1272 2282 1327 hominum
2329 1277 2525 1332 virtute
2563 1278 2830 1335 sollicitus
2875 1290 3040 1350 esset,
3074 1283 3202 1339 etsi
3228 1300 3420 1356 sequa-

1830 1360 1972 1415 cium
2003 1377 2221 1418 suorum
2267 1365 2573 1425 felicitatem
2606 1372 2689 1426 vel
2713 1373 2976 1428 tantillum
3017 1384 3253 1441 curaret,
3285 1378 3420 1432 nihil

1833 1455 2011 1525 potius
2047 1458 2339 1528 requirere,
2385 1476 2544 1531 quam
2588 1464 2751 1519 vitam
2804 1468 3062 1537 optimam
3108 1484 3426 1542 morumque

1837 1547 2177 1615 probitatem,
2204 1558 2367 1620 atque
2401 1553 2517 1609 illas
2543 1569 2732 1611 omnes
2752 1558 3109 1628 ,turpissimas
3153 1561 3317 1632 dapes
3338 1579 3426 1617 re—

1800 1700 1807 1701 ,
1836 1638 2095 1710 linquere.
2128 1641 2236 1697 Sed
2257 1644 2380 1715 quia
2413 1644 2687 1702 hominum
2711 1649 2944 1718 pernicie
2972 1652 3101 1705 nihil
3125 1653 3254 1722 ipsis
3275 1668 3427 1725 opta-

1838 1731 1946 1787 tius
1970 1741 2070 1799 est,
2105 1734 2169 1789 iis
2207 1735 2458 1791 lmtantur
2503 1752 2728 1809 seseque
2775 1739 3026 1795 honorari
3073 1742 3277 1810 dicunt,
3307 1762 3427 1817 quae

1838 1825 2000 1878 vitam
2026 1834 2262 1882 nostram
2308 1829 2644 1898 subvertere,
2671 1834 2958 1903 omniaque
3006 1833 3145 1889 bona
3190 1835 3430 1903 funditus

1839 1916 2069 1973 evellere
2091 1920 2282 1974 solent.
2433 1996 2440 2001 _

1914 2011 2002 2065 Η.
2044 2010 2256 2067 Dwmon
2282 2015 2385 2069 sive
2406 2018 2668 2099 oraculum
2695 2018 2948 2089 Apollinis
2974 2032 3104 2078 tacet
3132 2024 3194 2079 ob
3219 2042 3434 2099 prman-

1842 2102 1966 2156 tiam
1992 2099 2339 2174 Reliquiarum
2362 2106 2425 2162 S.
2443 2096 2674 2181 Babylaz.
2703 2111 2943 2169 Julianus
2971 2096 3435 2186 Aposlatavcultum

1844 2194 2051 2247 deorum
2079 2196 2344 2251 instaurat.
2361 2228 2435 2238 -—
2449 2199 2628 2254 Primo
2655 2203 2868 2273 quidem
2896 2205 3173 2263 videbatur
3191 2208 3280 2265 hic
3301 2186 3436 2281 quo-

1844 2303 1949 2356 que
1977 2286 2190 2343 daemon
2219 2290 2339 2345 ideo
2375 2301 2584 2358 tacere;
2613 2297 2705 2350 sed
2739 2305 2797 2351 ut
2824 2306 3006 2367 postea
3035 2301 3209 2372 palam
3236 2303 3434 2359 factum

1845 2387 1930 2434 est
1952 2421 1966 2441 ,
1996 2380 2225 2435 violenta
2246 2385 2561 2440 necessitate
2582 2389 2905 2458 przrpediltts
2925 2402 3039 2446 erat
3062 2409 3076 2446 :
3099 2401 3274 2448 metus
3294 2396 3435 2451 enim

1848 2472 2134 2527 imminens
2160 2475 2327 2529 instar
2352 2476 2509 2541 freni,
2536 2494 2604 2533 ne
2629 2481 2788 2536 solita
2811 2492 2996 2537 contra
3025 2483 3270 2541 homines
3295 2486 3432 2549 fran.

1846 2564 1915 2620 de
1946 2576 2222 2635 uteretur,
2252 2568 2592 2639 impediebat.
2646 2572 2797 2629 Unde
2837 2574 2938 2630 hoc
2979 2576 3179 2648 liquet?
3227 2579 3331 2635 Sed
3371 2596 3437 2635 ne

1853 2658 2171 2728 turbemini;
2212 2678 2331 2716 nam
2361 2663 2427 2717 ad
2461 2663 2510 2717 id
2540 2664 3011 2722 demonstrandum
3030 2682 3284 2739 propero,
3300 2681 3442 2739 post-

1850 2765 1914 2804 ea
1953 2766 2082 2806 vero
2145 2768 2211 2808 ne
2238 2754 2303 2810 iis
2332 2755 2568 2824 quidem,
2601 2756 2689 2825 qui
2719 2757 3059 2827 impudenter
3083 2776 3243 2831 agerc
3273 2763 3435 2818 meo‘i-
3512 2758 3513 2761 “

1850 2852 2033 2901 tantur
2055 2886 2071 2912 ,
2111 2845 2165 2901 id
2207 2847 2425 2915 licebit;
2460 2864 2564 2903 non
2601 2850 2741 2906 circa
2774 2861 2953 2907 vetera
2984 2853 3071 2908 illa
3101 2853 3155 2909 id
3186 2864 3441 2926 przestare

1851 2944 2131 3006 poterunt,
2164 2954 2267 2993 non
2308 2939 2451 2995 circa
2483 2942 2732 3013 martyris
2771 2953 3088 3013 potestatem
3115 2987 3129 3013 ,
3163 2961 3269 3001 non
3301 2948 3442 3003 circa

1848 3027 2152 3084 dmmouum
2185 3030 2568 3087 infirmitatem.
2604 3033 2719 3089 Non
2750 3035 3092 3106 conjecturis,
3120 3051 3225 3093 non
3253 3039 3435 3094 verisi-

1851 3121 2150 3179 militudine
2192 3124 2258 3178 ad
2304 3123 2357 3179 id
2401 3125 2877 3182 demonstrandum
2924 3144 3056 3199 opus
3102 3129 3311 3199 habeo,
3347 3114 3442 3187 sed

1826 3210 2026 3283 ,ipsum
2051 3212 2311 3270 dmmonis
2332 3230 2494 3286 super
2513 3216 2596 3273 his
2621 3218 2985 3273 testimonium
3008 3220 3297 3276 exhibebo.
3326 3222 3445 3292 Ipse

1824 3305 1994 3385 'cnim
2023 3305 2273 3362 lethalem
2306 3309 2456 3365 vobis
2482 3310 2689 3381 plagam
2718 3310 2930 3379 inﬂixit,
2955 3321 3294 3386 vestramque
3328 3331 3441 3372 om-

1828 3412 1975 3453 nem
2013 3399 2259 3455 ﬁduciam
2288 3403 2547 3471 prmeidit.
2584 3404 2649 3460 At
2692 3420 2788 3460 vos
2822 3420 2891 3460 ne
2921 3406 2996 3460 illi
3035 3410 3436 3465 suecenseatis:

1855 3505 1960 3543 non
1990 3492 2133 3545 enim
2164 3501 2354 3561 sponte
2383 3506 2470 3548 res
2494 3508 2621 3550 suas
2651 3499 2954 3565 prostravit,
2983 3500 3075 3554 sed
3104 3499 3291 3569 majori
3322 3517 3450 3556 eoa-

1851 3592 1969 3638 ctus
1994 3585 2189 3638 virtute
2214 3584 2265 3639 id
2286 3584 2480 3641 effecit.
2511 3586 2568 3642 ld
2592 3603 2717 3643 vero
2736 3604 2843 3659 quo
2863 3590 3020 3644 modo
3042 3602 3092 3646 et
3114 3606 3218 3663 qua
3238 3593 3447 3648 ratione
3492 3590 3497 3593 ⁷

1854 3673 2050 3730 factum
2092 3675 2212 3731 est?
2259 3677 2467 3733 Mortuo
2510 3695 2576 3734 eo
2616 3679 2974 3751 lmpcratore,
3017 3684 3106 3753 qui
3155 3694 3444 3758 martyrem

1855 3768 2236 3839 transtulerat,
2267 3770 2483 3827 fratrem
2518 3771 2634 3842 ejus
2671 3774 2952 3844 imperium
2992 3786 3363 3847 suscepturum
3393 3780 3446 3834 in

1854 3859 2088 3915 medium
2115 3861 2363 3931 produxit
2384 3864 2445 3929 is,
2471 3865 2563 3935 qui
2586 3865 2658 3920 illi
2678 3866 2817 3921 hunc
2834 3866 3091 3923 honorem
3114 3871 3444 3925 contulerat:

1853 3955 1999 4023 atqui
2027 3955 2115 4011 hic
2141 3956 2259 4012 sine
2282 3956 2583 4014 diademate
2609 3958 2888 4030 imperium
2916 3962 3109 4032 accipit
3128 3955 3150 4033 ,ἐ
3180 3977 3273 4032 par
3302 3965 3445 4019 enim

1853 4056 1970 4102 erat
1996 4048 2157 4103 etiam
2198 4048 2448 4105 defuncto
2491 4051 2642 4106 fratri
2683 4052 2957 4122 dignitatis
2994 4070 3262 4110 mensura.
3311 4054 3447 4111 Cum

1853 4150 2030 4196 autem
2058 4140 2145 4198 hic
2172 4140 2528 4214 prmstigiator
2556 4160 2619 4200 ac
2647 4146 2904 4202 scelestus
2934 4157 3098 4215 esset,
3128 4150 3300 4218 primo
3328 4150 3450 4221 qui-

1852 4232 1977 4288 dem
2007 4233 2122 4304 ejus
2148 4235 2316 4304 gratia
2347 4238 2438 4305 qui
2479 4237 2577 4291 sibi
2611 4238 2962 4307 principatum
2993 4239 3253 4305 dederat,
3284 4238 3413 4294 Cbri
3439 4270 3453 4283 -

1854 4325 2087 4379 stianum
2128 4341 2188 4381 se
2226 4340 2344 4381 esse
2377 4327 2676 4394 simulavit;
2732 4330 2822 4384 illo
2869 4339 3046 4386 autem
3093 4331 3201 4386 vita
3245 4331 3445 4403 functo,

1855 4416 2061 4487 abjecta
2088 4418 2229 4472 larva
2249 4461 2265 4484 ,
2297 4418 2546 4489 perfricta
2575 4420 2747 4476 fronte
2767 4465 2780 4487 ,
2812 4438 2973 4493 quam
3005 4430 3163 4478 antea
3191 4423 3333 4479 intus
3362 4439 3446 4480 ccc

1856 4510 2061 4566 laverat
2089 4514 2525 4583 superstitionem
2558 4516 2609 4570 in
2641 4517 2871 4571 medium
2905 4520 3215 4587 productam
3247 4520 3449 4574 nemini

1856 4618 1962 4658 non
1989 4605 2322 4659 manifestam
2355 4605 2478 4661 fecit
2506 4625 2519 4659 ε
2550 4616 2658 4661 tum
2688 4607 2934 4662 mandata
2964 4609 3155 4680 ubique
3184 4616 3449 4666 terrarum

1854 4695 2220 4761 mittebantur,
2256 4708 2310 4751 ut
2341 4698 2602 4752 idolorum
2629 4700 2823 4767 templa
2858 4701 3306 4770 instaurarentur,
3341 4720 3452 4760 ara:

1856 4774 2235 4855 excitarentur,
2253 4790 2457 4859 priStini
2473 4790 2806 4846 daemonibus
2825 4793 3053 4849 honores
3076 4794 3448 4865 redderentur,

1856 4880 2007 4934 multi
2034 4879 2102 4935 ad
2131 4880 2252 4936 illos
2276 4896 2570 4938 concursus
2599 4884 2758 4939 variis
2779 4901 2843 4941 ex
2872 4886 3003 4943 locis
3034 4886 3280 4944 ﬁerent”.
3314 4889 3451 4945 [liud

1857 4974 2016 5043 magi,
2035 4974 2464 5044 prmstigiatores,
2479 4986 2648 5043 vates,
2667 4980 2996 5049 haruspices,
3017 4986 3445 5057 meuagyrtze(a),

1857 5082 2149 5136 omnesque
2172 5068 2559 5138 prmstigiarum
2585 5072 2815 5128 officinae
2843 5074 3074 5145 undique
3096 5093 3160 5132 ex
3188 5087 3301 5132 toto
3321 5080 3453 5135 orbe

1857 5158 2284 5221 concurrebant;
2312 5160 2597 5232 videreque
2618 5172 2733 5217 erat
2751 5165 2952 5235 regiam
2975 5166 3143 5238 ipsam
3168 5168 3452 5226 infamibus

1859 5246 2197 5319 fugitivisque
2227 5249 2353 5305 viris
2382 5251 2651 5308 refertam.
2680 5255 2812 5310 Nam
2851 5259 2940 5328 qui
2981 5260 3120 5316 fame
3152 5262 3278 5315 olim
3311 5262 3455 5332 peri-

1859 5340 1985 5394 bant
2008 5382 2023 5403 ,
2051 5343 2139 5411 qui
2172 5343 2221 5397 in
2261 5345 2538 5400 maleﬁciis
2567 5350 2947 5420 vcneﬁciisque
2974 5353 3333 5424 deprehensi.
3362 5358 3453 5428 qui

1858 5432 2060 5487 carceri
2098 5437 2425 5507 mancipati,
2460 5439 2548 5508 qui
2578 5441 2645 5495 ad
2682 5443 2895 5499 metalla
2934 5444 3170 5500 damnati
3203 5445 3451 5514 fuerant;

1858 5523 1943 5576 alii
1965 5540 2176 5597 quoque
2195 5527 2284 5597 qui
2304 5528 2535 5586 sordidis
2553 5532 2759 5589 artibus
2778 5535 2976 5590 vietum
2996 5552 3184 5606 parare
3206 5539 3291 5594 vix
3313 5551 3457 5612 pote.

1924 5656 1942 5724 ξ
1976 5656 2117 5707 sani.
2144 5658 2194 5708 in
2218 5667 2359 5724 textu
2384 5668 2436 5712 et
2457 5663 2597 5724 alius,
2625 5667 2833 5717 aeditui:
2856 5681 3014 5721 mores
3034 5668 3266 5724 insolitos.

1923 5718 1946 5789 ξ
1977 5725 2118 5789 forte
2137 5719 2328 5782 melius,
2354 5725 2495 5775 multi
2516 5718 2613 5776 illis
2631 5736 2886 5789 proventus
2908 5718 3253 5786 tribum-“crine:

1924 5778 2325 5865 {ﬁlmhggamﬁé
2349 5795 2499 5865 erant,
2509 5790 2591 5865 qui
2600 5778 2822 5865 singulis
2833 5778 3259 5865 'iiiensiisiis'iiiiii
3271 5814 3466 5865 magna

1859 5843 2036 5952 ἓξ),εὲ
2062 5843 2322 5907 cogebant.
2350 5856 2416 5898 De
2440 5843 2616 5914 quibus
2641 5843 2776 5915 plura
2810 5855 2861 5909 in
2904 5843 3461 5926 coiiééiish'é'ltﬁhaiia:
