4032 6448
627 394 728 451 555

629 539 768 594 rant,
788 527 1095 584 sacerdotes
1120 537 1175 584 et
1199 529 1336 585 sacri
1364 539 1513 585 vates
1540 529 1925 601 statimell‘ecti
1953 546 2147 603 magno
2172 533 2223 587 in

630 622 833 677 honore
849 629 1021 676 erant.
1047 619 1115 675 Et
1139 619 1435 690 Imperator
1456 621 1671 691 quidem
1689 622 1851 677 duces
1869 638 1930 677 ac
1948 625 2227 693 prmfectos

629 714 822 767 missos
842 710 1089 773 faciebat.
1104 710 1344 781 nihilque
1364 710 1609 779 ducebat,
1625 715 1857 767 amasios
1868 723 2045 769 autem
2058 715 2222 780 viros,

627 804 1046 872 meretricesque
1065 815 1095 857 e
1117 801 1407 857 fornicibus
1431 803 1517 857 ubi
1543 804 1858 873 prostabant
1877 805 2119 869 eductas,
2139 821 2225 860 se-

626 909 747 949 cum
770 909 866 965 per
887 895 1072 948 urbem
1094 902 1259 949 totam
1278 902 1332 947 et
1368 893 1575 949 viculos
1615 894 2085 961 circumducebat;
2120 895 2223 948 im-

628 988 929 1058 peratorias
949 997 1128 1042 autem
1157 1001 1349 1056 equus,
1381 997 1435 1042 et
1463 987 1770 1057 praetoriani
1798 1002 1986 1042 omnes
2011 1001 2041 1042 a
2074 996 2224 1057 tergo

628 1078 807 1147 procul
837 1079 1225 1148 sequebantur;
1248 1078 1470 1134 lenones
1489 1088 1544 1133 et
1565 1079 1701 1135 lente
1725 1088 1972 1149 totusque
1992 1080 2226 1134 amasio-

625 1186 743 1225 rum
757 1179 928 1225 cadus
941 1170 1319 1241 Imperatorem
1331 1172 1386 1229 in
1400 1172 1576 1227 medio
1589 1174 1818 1243 positum
1831 1173 2223 1229 circumdantes

626 1278 721 1332 per
749 1261 923 1316 forum
946 1262 1315 1330 ambulabant,
1350 1263 1473 1317 talia
1498 1264 1660 1319 verba
1683 1264 1967 1334 jactantcs,
1988 1264 2122 1319 tales
2140 1280 2221 1319 ca-

626 1354 849 1409 chinnos
860 1353 1219 1421 eﬂ'undentes,
1233 1354 1419 1425 quales
1435 1369 1531 1425 par
1545 1364 1661 1410 erat
1675 1355 1977 1426 huiusmodi
1991 1356 2221 1411 ofﬁcina:

624 1444 891 1502 homines.
915 1446 1125 1503 Scimus
1144 1461 1307 1519 porro
1326 1448 1439 1503 haec
1461 1456 1706 1519 posteros
1726 1448 2054 1505 incredibilia
2074 1459 2216 1519 puta-

621 1547 773 1593 turos
790 1553 933 1605 esse,
953 1539 1024 1593 ob
1043 1538 1385 1593 absurditatis
1406 1539 1825 1611 magnitudinem
1846 1558 1859 1594 :
1881 1556 2054 1611 neque
2074 1543 2216 1597 enim

622 1628 707 1683 vel
740 1629 977 1698 privatus
1008 1628 1170 1683 homo
1199 1644 1262 1683 ex
1301 1630 1363 1683 iis
1392 1630 1481 1698 qui
1512 1630 1667 1684 vilem
1709 1639 2025 1701 turpemque
2054 1632 2215 1685 vitam

615 1720 909 1786 duxerunt,
936 1730 1041 1775 tam
1066 1704 1317 1777 indecore
1342 1723 1511 1791 palam
1536 1739 1693 1794 agere
1717 1724 1861 1778 velit.
1886 1723 1991 1779 Sed
2013 1723 2079 1778 ad
2099 1740 2213 1791 eos,

617 1813 705 1881 qui
737 1813 1029 1868 etiamnum
1056 1815 1373 1883 superstites
1402 1824 1559 1875 sunt.
1588 1816 1731 1870 nulla
1764 1832 1899 1887 Opus
1927 1817 2170 1873 oratione
2199 1836 2213 1874 :

616 1920 741 1958 nam
770 1906 859 1975 qui
895 1915 1186 1975 praesentes
1226 1907 1347 1960 talia
1377 1907 1663 1975 viderunt,
1696 1911 1810 1963 haec
1844 1908 1954 1979 jam
1986 1909 2216 1965 audituri

616 1988 767 2052 suntf
808 1996 935 2053 Itlco
958 1999 1099 2053 enim
1130 1999 1264 2053 vivis
1288 2000 1579 2054 etiamnum
1612 2000 1835 2055 testilms
1862 1999 1977 2055 lucc
2005 2002 2214 2069 scribo,

619 2107 688 2146 ne
716 2092 835 2161 quis
878 2107 965 2147 me
1004 2102 1189 2147 vetera
1226 2091 1469 2162 quaedam
1511 2092 1878 2160 ignorantibus
1908 2106 2213 2149 narrantem

615 2199 807 2254 magna
836 2184 1050 2239 licentia
1078 2185 1291 2240 mentiri
1318 2185 1607 2241 existimet.
1655 2187 1730 2241 Ex
1764 2186 1829 2240 iis
1863 2186 2006 2241 enim
2033 2188 2121 2257 qui
2149 2203 2211 2243 ea

614 2276 862 2330 viderunt
900 2284 954 2331 et
994 2291 1153 2332 senes
1189 2286 1244 2332 et
1267 2275 1493 2347 juvenes
1516 2276 1691 2332 adhuc
1721 2288 2046 2347 supersunt,
2077 2294 2215 2349 quos

614 2383 745 2438 rogo
774 2382 983 2435 omnes,
1013 2377 1071 2421 ut
1100 2369 1144 2422 si
1170 2367 1296 2439 quid
1322 2384 1351 2422 a
1378 2384 1465 2424 me
1491 2368 1727 2424 additum
1756 2368 1934 2438 fuerit,
1957 2370 2215 2426 accedant

612 2476 806 2531 meque
835 2458 1159 2532 rcdargua‘nt
1187 2480 1200 2515 :
1231 2461 1329 2518 sed
1359 2461 1500 2532 quod
1530 2463 1729 2533 aliquid
1756 2462 2053 2519 addiderim
2075 2507 2090 2532 ,
2122 2480 2212 2521 me

611 2566 839 2623 arguere
869 2567 976 2608 non
1019 2562 1276 2623 possunt;
1306 2554 1448 2624 quod
1480 2554 1785 2622 omiserim,
1815 2567 2038 2626 possunt
2067 2576 2080 2611 :
2111 2574 2209 2612 ne-

610 2660 716 2714 que
742 2644 884 2699 cnim
912 2644 1249 2717 turpitudinis
1271 2659 1525 2701 excessus
1553 2655 1729 2716 potest
1748 2649 1990 2704 oratione
2010 2665 2212 2719 reprm-

611 2738 832 2792 sentari.
876 2736 1114 2793 Posteris
1157 2751 1285 2792 vero
1326 2752 1433 2793 non
1473 2736 1756 2793 credituris
1795 2738 1899 2795 hoc
1939 2740 2165 2796 dixerim
2190 2784 2205 2810 ,

612 2832 913 2886 dirmonem
945 2830 1090 2884 illum
1127 2828 1268 2900 apud
1296 2843 1396 2885 vos
1416 2872 1432 2897 ,
1460 2845 1619 2900 quem
1658 2832 1922 2887 Venerem
1960 2833 2159 2889 vocatis
2189 2877 2204 2902 ,

611 2938 716 2975 non
748 2920 949 2992 pudere
979 2921 1172 2976 talibus
1201 2922 1276 2975 uti
1306 2922 1585 2978 ministris.
1616 2922 1759 2977 Nihil
1793 2924 1974 2994 itaque
2013 2926 2205 2981 mirum

612 3023 696 3069 est
724 3013 769 3068 si
797 3014 962 3069 miser
981 3013 1070 3069 ille
1090 3055 1104 3079 ,
1132 3014 1220 3084 qni
1247 3012 1549 3069 dannonum
1576 3014 1809 3070 ludibrio
1836 3031 1956 3072 sese
1986 3032 2207 3086 prorsus

609 3105 891 3160 addixerat
915 3146 929 3171 ,
953 3121 1058 3159 non
1097 3104 1297 3175 pudore
1325 3105 1635 3161 afﬁceretur
1659 3104 1726 3161 de
1746 3105 1939 3176 quibus
1965 3108 2063 3176 ipsi
2093 3106 2201 3174 dii,

607 3212 741 3269 quos
759 3197 874 3268 ipse
893 3197 1115 3263 coleret,
1137 3196 1518 3267 gloriabantur.
1542 3196 1659 3253 Iam
1680 3199 1800 3268 quis
1817 3208 2097 3255 recenseat
2119 3216 2203 3256 ne-

604 3291 928 3346 cromantias
943 3303 1336 3360 puerorumque
1347 3289 1558 3346 ca-des‘!
1572 3290 1698 3345 Ηειθε
1709 3291 1904 3362 quippe
1919 3293 2201 3362 sacriﬁcia,

605 3397 726 3454 qua
746 3393 870 3439 ante
884 3381 1386 3439 Christiadventum
1405 3382 1650 3438 homines
1678 3382 1874 3439 offerre
1900 3384 2016 3438 ausi
2042 3394 2199 3450 sunt,

604 3488 831 3547 postque
865 3476 982 3546 ejus
1015 3475 1303 3533 adventum
1334 3486 1683 3532 cessaverunt
1707 3518 1724 3544 ,
1754 3492 1971 3532 rursum
2008 3477 2203 3534 instau-

605 3583 726 3624 rare
751 3584 1036 3639 aggressus
1061 3578 1143 3622 est
1160 3611 1175 3635 ,
1200 3585 1305 3624 non
1331 3568 1548 3639 quidem
1577 3567 1752 3638 palam
1780 3585 1793 3622 :
1818 3569 2026 3624 etiamsi
2055 3570 2198 3624 enim

604 3663 897 3730 Imperator
911 3672 1056 3717 esset
1071 3671 1125 3715 et
1140 3663 1399 3716 arbitratu
1418 3676 1516 3716 suo
1534 3659 1712 3715 omnia
1730 3659 1948 3727 faceret,
1963 3669 2200 3717 attamen

604 3753 857 3808 facinoris
894 3753 1140 3823 impietas
1171 3754 1583 3823 humanitasque
1623 3753 1741 3822 ejus
1767 3753 2043 3823 potestatis
2080 3769 2198 3809 ma-

601 3843 932 3912 gnitudinem
963 3845 1269 3913 superabat.
1301 3844 1429 3898 Illud
1459 3854 1633 3898 tamen
1664 3844 1841 3898 facere
1862 3845 1978 3899 ausi
2008 3854 2153 3899 sunt.

673 3935 763 3990 15.
806 3933 1125 4005 Responsum
1170 3935 1415 3989 damonis
1453 3932 1744 3988 ridiculum.
1790 3964 1860 3975 --
1899 3935 1996 4007 Hic
2037 3935 2197 4006 igitur

606 4026 907 4097 Imperator
950 4026 1207 4096 Daphnen
1254 4027 1560 4098 frequenter
1595 4043 1717 4082 cum
1748 4027 1929 4083 multis
1956 4028 2197 4085 donariis

600 4118 930 4187 ascendens,
961 4119 1202 4190 plurimis
1241 4120 1434 4175 oblatis
1477 4119 1790 4187 sacriﬁciis,
1824 4130 2196 4193 torrentesque

599 4210 874 4280 sanguinis
891 4227 955 4267 ex
977 4212 1239 4283 pecudum
1263 4213 1587 4269 mactatione
1609 4211 1831 4277 faciens,
1850 4214 2195 4270 vehementer

604 4303 836 4358 instabat
861 4304 1134 4359 oraculum
1165 4320 1194 4359 a
1223 4304 1468 4360 dremone
1491 4321 1757 4375 qumrens,
1791 4321 2089 4377 rogansque
2108 4323 2195 4363 re-

600 4396 726 4453 ferri
748 4398 888 4453 circa
909 4413 993 4465 ea,
1017 4414 1137 4469 qua:
1161 4398 1212 4452 in
1235 4407 1414 4453 mente
1430 4399 1696 4454 versabat.
1715 4402 1786 4454 At
1810 4409 2062 4457 strenuus
2080 4400 2188 4468 ille,

721 4511 804 4570 Qui
822 4523 989 4561 arente
1011 4523 1269 4574 numerum
1292 4512 1425 4559 novit
1444 4521 1824 4574 mensuramque
1842 4513 2005 4573 maris,

723 4579 779 4624 Et
809 4574 1012 4623 surdum
1033 4572 1286 4636 intelligit,
1313 4581 1365 4623 et
1387 4582 1574 4625 mutum
1604 4572 1754 4634 audit,

600 4688 662 4733 ut
700 4678 815 4749 ipse
855 4679 969 4744 ait,
1004 4677 1175 4732 noluit
1200 4677 1414 4748 quidem
1443 4685 1627 4747 aperte
1657 4678 1940 4748 palamque
1968 4677 2149 4734 dicere
2172 4720 2188 4745 ,

598 4789 660 4827 se
684 4774 754 4827 ob
782 4774 997 4828 beatum
1028 4772 1280 4843 Babylam
1301 4813 1316 4836 ,
1351 4771 1689 4842 vicinamque
1720 4772 1865 4826 illam
1896 4773 2146 4826 virtutem
2171 4812 2188 4839 ,

599 4863 873 4917 obstructo
905 4878 1027 4918 esse
1055 4878 1150 4918 ore
1171 4904 1188 4929 ,
1220 4878 1282 4918 ac
1319 4862 1466 4932 loqui
1508 4878 1617 4917 non
1663 4877 1819 4931 posse
1842 4904 1857 4927 ,
1887 4864 2087 4918 veritus
2123 4880 2191 4918 ne

601 4955 894 5010 cultoribus
919 4957 1032 5012 suis
1057 4956 1222 5011 risum
1252 4964 1494 5010 moveret
1518 4995 1533 5020 ,
1562 4969 1665 5008 neu
1695 4954 1866 5009 victus
1891 4955 2062 5024 palam
2092 4954 2190 5009 dc-

592 5046 1063 5124 prchenderetur,
1109 5062 1326 5103 causam
1375 5045 1574 5102 silentii
1618 5045 1831 5115 aperuit
1870 5062 1885 5099 :
1919 5046 2025 5100 imo
2069 5061 2191 5102 sese

588 5138 769 5210 magis
796 5136 1101 5204 ridiculum,
1133 5153 1290 5207 quam
1317 5138 1490 5208 ipsum
1520 5136 1820 5200 silentium,
1851 5136 2142 5214 declaravit
2171 5155 2185 5191 :

598 5247 720 5287 nam
758 5229 976 5287 silentio
1007 5228 1224 5299 quidem
1267 5229 1631 5284 infirmitatem
1676 5238 1877 5283 tantum
1909 5243 2060 5284 suam
2090 5228 2188 5283 de-

593 5321 958 5386 monstrabat,
990 5328 1103 5374 tum
1131 5334 1261 5375 vero
1288 5319 1652 5375 inﬁrmitatem
1681 5320 1878 5387 simul,
1910 5319 2188 5389 turpitudi-

595 5430 717 5470 nem
738 5423 793 5469 et
808 5411 1190 5483 impudentiam
1213 5428 1323 5483 pra:
1344 5427 1403 5467 se
1429 5412 1654 5479 ferebat,
1673 5411 1799 5468 dum
1815 5428 1878 5468 ea
1894 5412 2183 5480 occultare,

596 5521 716 5574 qute
735 5506 989 5564 occultari
1013 5521 1118 5560 non
1140 5514 1407 5575 poterant,
1428 5514 1731 5561 conaretur.
1751 5504 2004 5571 Quaenam
2028 5504 2191 5575 igitur

596 5594 713 5650 hare
748 5595 945 5651 silentii
974 5594 1177 5650 causa?
1206 5596 1426 5667 Daphne
1450 5634 1466 5661 ,
1499 5594 1707 5665 inquit,
1737 5594 1885 5648 locus
1915 5602 2000 5650 est
2026 5595 2188 5649 cada-

598 5683 813 5740 veribus
841 5685 1029 5755 plenus
1056 5727 1072 5753 ,
1102 5685 1258 5756 idque
1298 5686 1578 5741 oraculum
1609 5684 1847 5755 impedit.
1896 5688 1966 5739 At
1993 5696 2190 5755 quanto

600 5773 789 5829 melius
839 5773 1047 5841 fuisset,
1089 5776 1288 5844 miser,
1319 5776 1574 5848 martyris
1607 5775 1858 5829 virtutem
1898 5776 2185 5845 conﬁteri,

599 5879 759 5941 quam
796 5866 913 5921 hmo
952 5866 1286 5934 impudenter
1312 5869 1646 5941 prtetcxere?
1695 5866 1820 5945 Ilaec
1858 5868 2067 5926 daemon
2100 5887 2185 5928 rc-

1415 393 1469 451 S.
1510 394 1789 453 JOANNIS
1824 395 2301 454 CIIRYSOSTOMI
2341 401 2660 461 ARCIIIEP.
2703 401 3239 463 CONSTANTINOP.
3764 404 3877 475 '556

2337 517 2584 586 spondit,
2615 518 2809 575 stultus
2837 530 3014 578 autem
3043 522 3338 595 Imperator
3358 565 3375 593 ,
3399 528 3553 598 quasi
3578 529 3632 587 in
3652 545 3792 590 scena
3815 536 3872 591 lu-

2334 610 2469 667 dens
2510 610 2848 684 fabulamque
2886 629 3048 685 agens
3071 655 3088 684 ,
3116 615 3184 672 ad
3210 618 3426 674 beatum
3457 624 3631 676 statim
3667 624 3873 697 Babylam

2333 705 2579 758 accessit.
2608 706 2790 775 Atqui,
2820 722 2853 762 o
2877 708 3122 764 scelerati
3148 724 3213 765 ac
3237 710 3634 770 sceleratissimi
3653 758 3668 784 ,
3693 718 3778 774 nisi
3803 737 3873 776 vos

2332 803 2518 849 mutuo
2542 806 2840 867 sponteque
2865 797 3185 869 deciperetis
3209 809 3264 857 et
3286 801 3351 857 ad
3378 802 3607 859 aliorum
3631 809 3872 876 perniciem

2331 886 2672 944 simulatione
2706 891 2988 945 uteremini
3013 931 3029 957 ,
3059 906 3226 962 quare
3254 900 3310 947 tu
3340 893 3778 953 indiscriminatim
3803 917 3871 955 ca-

2328 976 2526 1033 davera
2546 994 2834 1047 memoras,
2855 989 2910 1035 tu
2934 996 3083 1047 vero,
3101 983 3253 1053 quasi
3274 984 3590 1041 nominatim
3606 994 3657 1042 et
3670 987 3872 1045 distincte

2328 1071 2590 1139 audisses,
2614 1073 2817 1128 relictis
2840 1074 2958 1129 aliis
2981 1085 3224 1130 sanctum
3250 1076 3427 1132 solum
3451 1081 3716 1137 removes?
3736 1080 3871 1152 Oporo

2328 1163 2473 1219 tcbat
2518 1164 2661 1220 enim
2715 1167 3010 1221 secundum
3055 1165 3317 1224 daemonis
3350 1172 3667 1225 sententiam
3722 1187 3870 1227 omnes

2327 1254 2380 1309 in
2424 1255 2646 1326 Daphne
2690 1257 2922 1314 tumulos
2966 1257 3241 1328 effodere,
3269 1267 3327 1317 et
3371 1261 3675 1317 terriculum
3713 1263 3817 1318 illud
3844 1280 3867 1319 a

2326 1346 2549 1403 deorum
2579 1357 2795 1417 aspectu
2822 1364 2984 1419 quam
3014 1349 3325 1421 longissime
3365 1369 3661 1410 removere.
3704 1357 3763 1410 At
3785 1372 3864 1409 nou

2324 1440 2393 1496 de
2418 1440 2666 1496 omnibus
2686 1482 2702 1508 ,
2731 1442 2938 1512 inquies
2957 1485 2973 1506 .
3003 1444 3352 1503 cadaveribus
3384 1452 3634 1516 loquutus
3658 1457 3747 1503 est.
3783 1448 3866 1502 Cur

2324 1549 2452 1603 ergo
2483 1534 2532 1588 id
2565 1550 2668 1588 non
2699 1535 2969 1604 professus
2997 1545 3079 1592 est
3107 1537 3252 1592 clare
3273 1539 3296 1592 ἲ
3320 1539 3467 1594 Sane
3494 1538 3586 1593 tibi
3612 1539 3733 1595 hanc
3749 1556 3863 1595 erm-

2325 1627 2401 1682 ris
2445 1626 2674 1683 fabulam
2707 1630 2882 1699 agenti
2913 1631 3013 1686 hoc
3038 1632 3264 1703 aenigma
3291 1634 3527 1707 reliquit.
3569 1634 3676 1705 Ego
3695 1676 3709 1699 ,
3732 1636 3861 1705 inquit

2323 1718 2554 1784 da-mon,
2581 1719 2843 1776 cadavera
2871 1721 2992 1777 dico
3011 1764 3027 1786 ,
3060 1738 3129 1778 ne
3158 1739 3247 1780 me
3273 1725 3478 1780 victum
3506 1736 3679 1797 aperte
3700 1730 3857 1790 fatear,

2322 1820 2376 1867 et
2404 1812 2636 1883 alioquin
2680 1814 2843 1870 timeo
2876 1828 3114 1871 sanctum
3160 1820 3479 1873 nominatim
3528 1818 3788 1889 proferre:
3820 1830 3858 1873 tu

2321 1902 2460 1972 quod
2487 1903 2685 1958 dictum
2713 1915 2794 1959 est
2821 1905 3056 1977 intellige
3076 1948 3093 1973 ,
3123 1918 3173 1963 et
3201 1918 3447 1965 sanctum
3476 1912 3641 1967 solum
3663 1928 3816 1966 amove
3845 1929 3856 1965 :

2322 1995 2410 2051 ille
2440 1997 2636 2066 quippe
2662 2011 2724 2051 os
2749 1997 2902 2054 nobis
2928 1998 3220 2055 obstruxit.
3271 2001 3499 2058 Tantam
3531 2019 3707 2073 nempe
3727 2004 3859 2059 culto-

2318 2103 2436 2141 rum
2482 2103 2702 2143 suorum
2744 2088 3065 2145 dementiam
3109 2096 3363 2163 agnovit,
3416 2106 3476 2149 ut
3523 2104 3625 2149 tam
3665 2107 3854 2165 apertam

2318 2177 2557 2233 fraudem
2603 2179 2887 2236 advertere
2935 2196 3041 2236 non
3089 2193 3308 2252 possent
3341 2203 3356 2240 :
3393 2185 3498 2240 etsi
3538 2186 3672 2240 enim
3710 2202 3856 2242 omnes

2320 2281 2498 2326 mente
2538 2271 2678 2340 capti
2715 2272 2997 2345 insanique
3035 2283 3254 2344 essent,
3286 2292 3355 2333 ne
3385 2278 3466 2333 sic
3503 2278 3703 2350 quidem
3726 2277 3854 2333 cladis

2315 2376 2427 2416 sua:
2460 2362 2705 2418 notitiam
2745 2363 2998 2436 obtegere
3036 2374 3323 2435 poterant:
3355 2369 3431 2425 ita
3467 2383 3653 2439 nempe
3678 2368 3796 2423 clara
3815 2375 3855 2421 et

2315 2465 2498 2525 aperta
2522 2456 2769 2512 omnibus
2798 2467 2934 2514 erat.
2981 2458 3113 2516 Nam
3143 2460 3186 2514 si
3218 2460 3422 2531 polluta
3452 2462 3683 2533 quaedam
3712 2470 3758 2516 et
3778 2474 3851 2514 ex-

2313 2548 2570 2604 secranda
2588 2564 2675 2605 res
2695 2558 2841 2617 sunt,
2860 2563 2919 2606 ut
2938 2551 3086 2614 dicis,
3116 2553 3394 2610 hominum
3415 2555 3682 2622 cadavera,
3698 2561 3851 2624 quanto

2315 2642 2483 2711 magis
2512 2642 2814 2710 brutorum,
2846 2652 2996 2700 tanto
3024 2646 3228 2701 scilicet
3255 2656 3458 2717 quanto
3487 2647 3586 2703 hoc
3614 2660 3759 2717 genus
3782 2644 3848 2697 illo

2314 2734 2469 2787 vilius
2495 2742 2578 2789 est
2612 2751 2625 2788 :
2658 2735 2823 2791 multa
2857 2751 2989 2792 vero
3021 2753 3213 2793 canum
3237 2779 3252 2804 ,
3285 2739 3563 2795 simiarum
3586 2781 3600 2805 ,
3627 2739 3846 2793 asinorum

2310 2827 2566 2882 cadavera
2597 2828 2841 2898 proxime
2866 2829 3120 2900 templum
3149 2829 3364 2886 defossa
3393 2841 3555 2896 sunt,
3581 2846 3689 2901 qua:
3710 2827 3847 2899 potius

2312 2930 2676 2977 transmovere
2715 2922 3031 2991 oportebat,
3060 2922 3159 2976 nisi
3196 2923 3429 2981 fortasse
3456 2924 3689 2979 homines
3712 2918 3845 2975 simiis

2308 3026 2498 3067 censes
2518 3026 2639 3068 esse
2666 3012 2900 3068 viliores.
2933 3012 3032 3069 Ubi
3065 3029 3207 3068 nunc
3233 3024 3380 3083 sunt,
3412 3017 3499 3087 qui
3526 3013 3772 3086 pulchrum
3795 3009 3843 3062 il-

2310 3101 2400 3158 lud
2425 3102 2520 3159 Dei
2545 3103 2835 3174 opiﬁcium,
2868 3103 2935 3158 ad
2966 3105 3320 3161 ministerium
3346 3117 3589 3162 nostrum
3616 3113 3841 3163 creatum.

2308 3210 2503 3265 nempe
2522 3196 2713 3263 solem,
2729 3196 3050 3251 contumelia
3071 3196 3309 3252 afﬁciunt
3330 3240 3345 3262 ,
3372 3208 3429 3255 et
3446 3197 3664 3254 dmmoni
3684 3201 3840 3249 astrum

2311 3289 2441 3344 illud
2468 3289 2799 3353 adscribunt,
2826 3299 2988 3360 atque
3013 3291 3157 3351 hunc
3181 3291 3307 3371 illud
3330 3308 3454 3348 esse
3479 3286 3753 3347 afﬁrmant?
3773 3282 3841 3337 Sol

2308 3384 2450 3440 enim
2472 3426 2486 3449 ,
2514 3384 2863 3439 cadaveribus
2888 3383 3181 3439 innumeris
3207 3385 3260 3439 in
3288 3393 3430 3441 terra
3445 3383 3750 3455 jacentibus,
3773 3390 3843 3444 per

2307 3477 2611 3531 universum
2641 3476 2826 3531 orbem
2855 3477 3167 3532 dilfunditur
3187 3519 3204 3539 .
3236 3492 3336 3534 nec
3376 3479 3580 3549 uspiam
3607 3472 3759 3528 radios
3779 3464 3839 3518 \‘cl

2305 3568 2573 3623 radiorum
2601 3567 2894 3624 efficaciam
2922 3570 3233 3639 pollutionis
3262 3579 3410 3626 metu
3432 3566 3686 3626 contrahit
3705 3581 3718 3618 :
3739 3560 3839 3614 deus

2304 3672 2485 3718 autem
2515 3671 2693 3718 vester
2716 3677 2817 3718 nec
2845 3671 3051 3733 turpem
3081 3664 3241 3717 vitam
3262 3705 3278 3731 ,
3311 3679 3414 3720 nec
3439 3659 3741 3734 praestigias,
3765 3663 3841 3704 nec
3933 3716 3942 3725 _

2302 3755 2484 3812 caedes
2512 3765 2790 3811 aversatur
2813 3758 2897 3812 vel
2922 3757 3046 3812 odio
3071 3757 3265 3824 habet;
3291 3757 3386 3813 sed
3416 3756 3600 3825 diligit,
3624 3742 3841 3817 amplecti-

2301 3856 2391 3905 tur
2415 3857 2470 3904 et
2493 3856 2669 3915 amat;
2702 3864 2886 3903 verum
2913 3863 3136 3919 corpora
3165 3859 3341 3904 tamen
3368 3859 3550 3904 nostra
3575 3846 3835 3899 aversatur:

2306 3954 2624 4011 quamquam
2657 3939 2872 3993 malitia:
2899 3940 3126 4010 species,
3153 3941 3313 3995 etiam
3343 3941 3489 3996 illam
3521 3926 3837 4009 peragentilms

2300 4045 2507 4086 summa
2525 4030 2943 4101 reprehensione
2957 4030 3117 4102 digna
3131 4045 3251 4087 esse
3262 4031 3505 4087 videatur
3521 4046 3534 4095 ;
3553 4036 3605 4082 at
3616 4027 3835 4114 mortuunt

2301 4123 2681 4192 immobileque
2726 4138 2920 4193 corpus
2966 4139 3065 4179 nec
3107 4124 3279 4195 culpa:
3330 4139 3432 4180 nec
3487 4111 3835 4207 reprehensioai

2298 4216 2588 4272 obnoxium
2618 4225 2720 4271 est.
2772 4216 2877 4271 Sed
2908 4217 3008 4272 hoc
3041 4225 3127 4273 est
3153 4216 3375 4273 deorum
3409 4224 3686 4272 vestrorum
3712 4207 3832 4257 insti-

2299 4317 2467 4364 tutum
2491 4350 2507 4373 ,
2538 4305 2992 4388 ut'abominentur
3011 4350 3027 4376 ,
3059 4324 3177 4379 qua:
3204 4323 3309 4363 non
3342 4300 3677 4363 abominanda
3703 4297 3831 4388 sunt.

2296 4400 2479 4458 colant
2514 4381 2693 4455 a’utetn
2732 4408 2789 4455 et
2827 4401 3126 4471 approbent
3166 4416 3228 4456 ea
3254 4441 3271 4468 ,
3302 4417 3422 4471 qua:
3445 4396 3583 4455 omni
3609 4381 3832 4446 suutodio

2298 4502 2353 4549 et
2376 4492 2744 4549 exsecratione
2772 4491 2951 4561 digna.
3000 4493 3066 4547 Et
3102 4492 3273 4548 bonus
3301 4493 3511 4563 quidem
3540 4489 3614 4542 vir
3648 4484 3830 4547 nequeI

2295 4599 2429 4639 sano
2452 4583 2700 4649 consilio,
2723 4598 2896 4653 neque
2919 4583 2987 4639 ab
3013 4583 3236 4638 honesta
3264 4586 3473 4640 actione
3500 4595 3588 4652 per
3610 4576 3827 4666 mortuunt

2295 4691 2490 4746 corpus
2526 4675 2917 4741 deterrebitur;
2965 4674 3062 4730 sed
3099 4676 3146 4731 si
3188 4676 3368 4731 animo
3398 4678 3466 4730 sit
3493 4683 3647 4731 sano,
3675 4658 3758 4717 etsi
3781 4651 3827 4705 ad
3858 4718 3862 4737 ‘

2294 4768 2407 4839 ipsa
2438 4768 2683 4837 sepulcra
2723 4767 3048 4823 domicilium
3079 4767 3273 4823 habeat
3298 4808 3314 4833 ,
3346 4777 3402 4824 et
3439 4754 3825 4846 tentperantianl'.

2293 4873 2349 4917 et
2385 4862 2644 4929 justitiam
2669 4903 2685 4927 ,
2716 4870 2771 4916 et
2812 4862 3063 4916 virtutem
3105 4877 3319 4916 omnem
3360 4856 3638 4917 exhibebit.
3682 4842 3828 4938 Qui)“

2295 4953 2421 5008 item
2443 4953 2652 5017 artifex,
2677 4968 2797 5022 qua:
2821 4952 2886 5007 ad
2912 4961 3080 5007 artem
3107 4960 3353 5022 speetant
3373 4965 3540 5015 suam,
3561 4940 3715 5000 omnia
3736 4938 3826 5022 suae

2292 5044 2446 5098 obice
2486 5015 2666 5109 faciet,
2695 5015 2767 5098 et
2806 5043 3118 5113 rogantibus
3138 5015 3219 5099 —se
3261 5041 3551 5113 praebebit,
3581 5044 3675 5088 non
3700 5015 3825 5077 modo

2293 5151 2460 5208 prope
2485 5136 2744 5190 cadavera
2775 5135 2990 5200 sedens,
3021 5134 3116 5190 sed
3139 5135 3348 5190 etiamsi
3374 5135 3483 5204 ipsa
3508 5119 3821 5185 defunctorum

2291 5229 2533 5297 sepulcra
2555 5235 2869 5283 construere
2893 5241 3030 5297 opus
3053 5226 3235 5294 fuerit,
3256 5235 3311 5283 et
3331 5228 3519 5298 pictor,
3547 5227 3598 5276 ct
3614 5213 3823 5269 latemus,

2292 5329 2348 5375 et
2381 5319 2527 5374 faber
2549 5361 2565 5386 ,
2596 5328 2652 5375 et
2686 5318 2908 5375 aerarius
2943 5320 3181 5389 sculptor
3203 5360 3219 5387 ,
3245 5318 3477 5390 denique
3509 5318 3678 5370 omnes
3701 5304 3819 5352 suam

2292 5425 2510 5491 operam
2536 5410 2850 5478 conferunt;
2879 5426 3019 5465 unus
3045 5422 3224 5467 autem
3255 5413 3491 5466 omnium
3514 5397 3685 5474 ΑΡ⁰¹¹⁰

2291 5479 2575 5557 daveribus
2599 5502 2844 5572 impediri
2873 5518 2933 5558 se
2952 5501 3045 5568 ait,
3068 5506 3352 5575 quominus
3372 5503 3538 5557 futura
3559 5479 3813 5568 prO-‘Pim‘j

2293 5594 2453 5665 Atqui
2480 5603 2534 5649 et
2557 5594 2699 5665 apud
2728 5610 2826 5650 nos
2853 5595 2952 5650 viri
2980 5594 3131 5651 fuere
3160 5596 3337 5666 magni
3365 5606 3421 5651 et
3448 5582 3693 5649 mirabiles
3711 5612 3724 5636 .
3746 5576 3813 5666 ill“

2292 5657 2416 5742 ante
2444 5657 2672 5743 mille-et
2697 5687 3112 5759 quadringentos
3142 5657 3310 5745 annos
3336 5705 3424 5744 res
3452 5688 3636 5743 futuras
3660 5657 3813 5740 ﬁmi"

2293 5787 2506 5843 xerunt,
2531 5787 2586 5833 et
2612 5779 2961 5858 vaticinantes
2990 5781 3119 5835 nihil
3149 5787 3337 5837 horum
3366 5770 3707 5858 requisiernnt,
3728 5760 3809 5858 tI't"

2295 5870 2573 5942 conquesti
2598 5882 2758 5941 sunt,
2791 5853 2896 5928 non
2926 5871 3297 5931 defunctorum
3338 5875 3567 5946 sepulcra
3589 5853 3807 5919 diruijus'
