  <div class='ocr_page' id='page_1' title='image "/cluster/home/n/w/nwhite01/storage/ocr_20150623/50:no.2:pt.2/coo.31924054869494/152.png"; bbox 0 0 4032 6436; ppageno 0'>
   <div class='ocr_carea' id='block_1_1' title="bbox 29 370 2643 451">
    <p class='ocr_par' dir='ltr' id='par_1_1' title="bbox 29 370 2643 451">
     <span class='ocr_line' id='line_1_1' title="bbox 29 370 2643 451; baseline 0.003 -18"><span class='ocrx_word' id='word_1_1' title='bbox 867 384 955 441; x_wconf 78' lang='lat' dir='ltr'>m-z</span> <span class='ocrx_word' id='word_1_2' title='bbox 994 382 1052 443; x_wconf 92' lang='lat' dir='ltr'>s.</span> <span class='ocrx_word' id='word_1_3' title='bbox 1095 385 1389 451; x_wconf 61' lang='lat' dir='ltr'>11mm,</span> <span class='ocrx_word' id='word_1_4' title='bbox 1428 381 1708 439; x_wconf 68' lang='lat' dir='ltr'>comm</span> <span class='ocrx_word' id='word_1_5' title='bbox 1748 379 2103 439; x_wconf 74' lang='lat' dir='ltr'>JULIANUM</span> <span class='ocrx_word' id='word_1_6' title='bbox 2146 381 2236 440; x_wconf 84' lang='lat' dir='ltr'>ET</span> <span class='ocrx_word' id='word_1_7' title='bbox 2271 380 2643 441; x_wconf 76' lang='lat' dir='ltr'>GENTILES;</span> 
     </span>
    </p>
   </div>
   <div class='ocr_carea' id='block_1_2' title="bbox 36 476 1705 557">
    <p class='ocr_par' dir='ltr' id='par_1_2' title="bbox 36 476 1705 557">
     <span class='ocr_line' id='line_1_2' title="bbox 36 476 1705 557; baseline 0.001 -20"><span class='ocrx_word' id='word_1_8' title='bbox 36 483 218 555; x_wconf 78' lang='grc' dir='ltr'>αζῇν.</span> <span class='ocrx_word' id='word_1_9' title='bbox 259 484 442 554; x_wconf 77' lang='grc' dir='ltr'>ἱερεῖς</span> <span class='ocrx_word' id='word_1_10' title='bbox 465 486 559 538; x_wconf 79' lang='grc' dir='ltr'>καὶ</span> <span class='ocrx_word' id='word_1_11' title='bbox 579 476 904 554; x_wconf 69' lang='grc' dir='ltr'>ἱεροφάνται</span> <span class='ocrx_word' id='word_1_12' title='bbox 929 482 1300 553; x_wconf 83' lang='grc' dir='ltr'>ἀναφανέντες</span> <span class='ocrx_word' id='word_1_13' title='bbox 1337 484 1619 557; x_wconf 72' lang='grc' dir='ltr'>ἐξαίφνης,</span> <span class='ocrx_word' id='word_1_14' title='bbox 1646 486 1705 539; x_wconf 93' lang='grc' dir='ltr'>ἐν</span> 
     </span>
    </p>
   </div>
   <div class='ocr_carea' id='block_1_3' title="bbox 30 559 1708 645">
    <p class='ocr_par' dir='ltr' id='par_1_3' title="bbox 30 559 1708 645">
     <span class='ocr_line' id='line_1_3' title="bbox 30 559 1708 645; baseline 0.004 -26"><span class='ocrx_word' id='word_1_15' title='bbox 30 573 173 641; x_wconf 53' lang='lat' dir='ltr'>una</span> <span class='ocrx_word' id='word_1_16' title='bbox 215 568 384 643; x_wconf 81' lang='grc' dir='ltr'>ἦσαν</span> <span class='ocrx_word' id='word_1_17' title='bbox 435 573 683 642; x_wconf 72' lang='grc' dir='ltr'>τῇτιμῇ.</span> <span class='ocrx_word' id='word_1_18' title='bbox 717 570 829 625; x_wconf 78' lang='grc' dir='ltr'>Καὶ</span> <span class='ocrx_word' id='word_1_19' title='bbox 871 572 899 624; x_wconf 99' lang='lat'>6</span> <span class='ocrx_word' id='word_1_20' title='bbox 934 559 1199 640; x_wconf 60' lang='grc' dir='ltr'>’βασιλεὺς</span> <span class='ocrx_word' id='word_1_21' title='bbox 1230 574 1565 645; x_wconf 79' lang='grc' dir='ltr'>στρατηγοὺς</span> <span class='ocrx_word' id='word_1_22' title='bbox 1610 573 1708 640; x_wconf 83' lang='grc' dir='ltr'>μὲν</span> 
     </span>
    </p>
   </div>
   <div class='ocr_carea' id='block_1_4' title="bbox 30 653 1705 724">
    <p class='ocr_par' dir='ltr' id='par_1_4' title="bbox 30 653 1705 724">
     <span class='ocr_line' id='line_1_4' title="bbox 30 653 1705 724; baseline -0.002 -15"><span class='ocrx_word' id='word_1_23' title='bbox 30 656 88 709; x_wconf 78' lang='grc' dir='ltr'>αὶ</span> <span class='ocrx_word' id='word_1_24' title='bbox 135 656 445 724; x_wconf 79' lang='grc' dir='ltr'>ἄρχοντας</span> <span class='ocrx_word' id='word_1_25' title='bbox 488 653 887 724; x_wconf 79' lang='grc' dir='ltr'>παρεπέμπετο</span> <span class='ocrx_word' id='word_1_26' title='bbox 926 655 1021 707; x_wconf 73' lang='grc' dir='ltr'>καὶ</span> <span class='ocrx_word' id='word_1_27' title='bbox 1067 655 1281 718; x_wconf 75' lang='grc' dir='ltr'>οὐδενὸς</span> <span class='ocrx_word' id='word_1_28' title='bbox 1326 656 1480 724; x_wconf 69' lang='grc' dir='ltr'>ἠξίου</span> <span class='ocrx_word' id='word_1_29' title='bbox 1526 655 1705 724; x_wconf 81' lang='grc' dir='ltr'>λόγου,</span> 
     </span>
    </p>
   </div>
   <div class='ocr_carea' id='block_1_5' title="bbox 30 736 1709 809">
    <p class='ocr_par' dir='ltr' id='par_1_5' title="bbox 30 736 1709 809">
     <span class='ocr_line' id='line_1_5' title="bbox 30 736 1709 809; baseline 0.002 -23"><span class='ocrx_word' id='word_1_30' title='bbox 30 739 209 809; x_wconf 46' lang='grc' dir='ltr'>ηνδρας</span> <span class='ocrx_word' id='word_1_31' title='bbox 244 738 317 791; x_wconf 80' lang='grc' dir='ltr'>δὲ</span> <span class='ocrx_word' id='word_1_32' title='bbox 361 737 760 807; x_wconf 79' lang='grc' dir='ltr'>ἡταιρηκότας,</span> <span class='ocrx_word' id='word_1_33' title='bbox 790 736 884 789; x_wconf 72' lang='grc' dir='ltr'>καὶ</span> <span class='ocrx_word' id='word_1_34' title='bbox 922 736 1020 799; x_wconf 88' lang='grc' dir='ltr'>τάς</span> <span class='ocrx_word' id='word_1_35' title='bbox 1049 737 1157 790; x_wconf 76' lang='grc' dir='ltr'>ἀπὸ</span> <span class='ocrx_word' id='word_1_36' title='bbox 1182 738 1275 790; x_wconf 89' lang='grc' dir='ltr'>τοῦ</span> <span class='ocrx_word' id='word_1_37' title='bbox 1309 739 1501 806; x_wconf 79' lang='grc' dir='ltr'>τέγους</span> <span class='ocrx_word' id='word_1_38' title='bbox 1523 741 1709 807; x_wconf 85' lang='grc' dir='ltr'>γυναῖ-</span> 
     </span>
    </p>
   </div>
   <div class='ocr_carea' id='block_1_6' title="bbox 29 819 1711 896">
    <p class='ocr_par' dir='ltr' id='par_1_6' title="bbox 29 819 1711 896">
     <span class='ocr_line' id='line_1_6' title="bbox 29 819 1711 896; baseline 0.001 -21"><span class='ocrx_word' id='word_1_39' title='bbox 29 842 98 887; x_wconf 86' lang='grc' dir='ltr'>;α;</span> <span class='ocrx_word' id='word_1_40' title='bbox 127 825 483 893; x_wconf 78' lang='grc' dir='ltr'>ἀναστήσας</span> <span class='ocrx_word' id='word_1_41' title='bbox 516 823 623 875; x_wconf 86' lang='grc' dir='ltr'>ἀπὸ</span> <span class='ocrx_word' id='word_1_42' title='bbox 656 822 765 874; x_wconf 87' lang='grc' dir='ltr'>τῶν</span> <span class='ocrx_word' id='word_1_43' title='bbox 790 823 1107 893; x_wconf 81' lang='grc' dir='ltr'>οἰκημάτων</span> <span class='ocrx_word' id='word_1_44' title='bbox 1127 866 1142 890; x_wconf 92' lang='grc'>,</span> <span class='ocrx_word' id='word_1_45' title='bbox 1181 824 1241 878; x_wconf 88' lang='grc' dir='ltr'>ἐν</span> <span class='ocrx_word' id='word_1_46' title='bbox 1271 819 1351 888; x_wconf 77' lang='grc' dir='ltr'>οἷς</span> <span class='ocrx_word' id='word_1_47' title='bbox 1380 829 1711 896; x_wconf 76' lang='grc' dir='ltr'>προεστήκε-</span> 
     </span>
    </p>
   </div>
   <div class='ocr_carea' id='block_1_7' title="bbox 29 909 1713 983">
    <p class='ocr_par' dir='ltr' id='par_1_7' title="bbox 29 909 1713 983">
     <span class='ocr_line' id='line_1_7' title="bbox 29 909 1713 983; baseline -0.001 -20"><span class='ocrx_word' id='word_1_48' title='bbox 29 929 133 975; x_wconf 58' lang='grc' dir='ltr'>δαν,</span> <span class='ocrx_word' id='word_1_49' title='bbox 170 910 313 982; x_wconf 78' lang='grc' dir='ltr'>μεθ’</span> <span class='ocrx_word' id='word_1_50' title='bbox 352 909 551 963; x_wconf 86' lang='grc' dir='ltr'>ἐαυτοῦ</span> <span class='ocrx_word' id='word_1_51' title='bbox 582 909 679 980; x_wconf 85' lang='grc' dir='ltr'>τὴν</span> <span class='ocrx_word' id='word_1_52' title='bbox 712 909 868 964; x_wconf 88' lang='grc' dir='ltr'>πόλιν</span> <span class='ocrx_word' id='word_1_53' title='bbox 911 911 1131 964; x_wconf 79' lang='grc' dir='ltr'>ἃπασαν</span> <span class='ocrx_word' id='word_1_54' title='bbox 1180 911 1412 983; x_wconf 79' lang='grc' dir='ltr'>περιῆγε</span> <span class='ocrx_word' id='word_1_55' title='bbox 1456 911 1549 965; x_wconf 75' lang='grc' dir='ltr'>καὶ</span> <span class='ocrx_word' id='word_1_56' title='bbox 1587 911 1713 974; x_wconf 71' lang='grc' dir='ltr'>τοὺς</span> 
     </span>
    </p>
   </div>
   <div class='ocr_carea' id='block_1_8' title="bbox 29 992 1712 1065">
    <p class='ocr_par' dir='ltr' id='par_1_8' title="bbox 29 992 1712 1065">
     <span class='ocr_line' id='line_1_8' title="bbox 29 992 1712 1065; baseline -0.002 -16"><span class='ocrx_word' id='word_1_57' title='bbox 29 994 365 1059; x_wconf 83' lang='grc' dir='ltr'>τενωπούς.</span> <span class='ocrx_word' id='word_1_58' title='bbox 397 994 506 1049; x_wconf 75' lang='grc' dir='ltr'>Καὶ</span> <span class='ocrx_word' id='word_1_59' title='bbox 533 994 562 1045; x_wconf 91' lang='lat'>6</span> <span class='ocrx_word' id='word_1_60' title='bbox 590 994 689 1065; x_wconf 84' lang='grc' dir='ltr'>μὲν</span> <span class='ocrx_word' id='word_1_61' title='bbox 719 992 886 1056; x_wconf 80' lang='grc' dir='ltr'>ἵππος</span> <span class='ocrx_word' id='word_1_62' title='bbox 910 995 938 1046; x_wconf 93' lang='lat'>6</span> <span class='ocrx_word' id='word_1_63' title='bbox 975 993 1271 1064; x_wconf 75' lang='grc' dir='ltr'>βασιλικὸς,</span> <span class='ocrx_word' id='word_1_64' title='bbox 1300 995 1395 1048; x_wconf 76' lang='grc' dir='ltr'>καὶ</span> <span class='ocrx_word' id='word_1_65' title='bbox 1417 996 1465 1048; x_wconf 89' lang='grc' dir='ltr'>οἰ</span> <span class='ocrx_word' id='word_1_66' title='bbox 1488 992 1712 1065; x_wconf 80' lang='grc' dir='ltr'>δορυφό-</span> 
     </span>
    </p>
   </div>
   <div class='ocr_carea' id='block_1_9' title="bbox 29 1080 1709 1152">
    <p class='ocr_par' dir='ltr' id='par_1_9' title="bbox 29 1080 1709 1152">
     <span class='ocr_line' id='line_1_9' title="bbox 29 1080 1709 1152; baseline 0.001 -19"><span class='ocrx_word' id='word_1_67' title='bbox 29 1100 89 1136; x_wconf 68' lang='grc' dir='ltr'>ροι</span> <span class='ocrx_word' id='word_1_68' title='bbox 120 1083 376 1145; x_wconf 85' lang='grc' dir='ltr'>πάντες,</span> <span class='ocrx_word' id='word_1_69' title='bbox 396 1081 622 1135; x_wconf 71' lang='grc' dir='ltr'>ὄπισθεν</span> <span class='ocrx_word' id='word_1_70' title='bbox 642 1082 706 1134; x_wconf 90' lang='grc' dir='ltr'>ἐκ</span> <span class='ocrx_word' id='word_1_71' title='bbox 734 1080 931 1135; x_wconf 88' lang='grc' dir='ltr'>πολλοῦ</span> <span class='ocrx_word' id='word_1_72' title='bbox 953 1081 1046 1136; x_wconf 87' lang='grc' dir='ltr'>τοῦ</span> <span class='ocrx_word' id='word_1_73' title='bbox 1077 1082 1441 1152; x_wconf 84' lang='grc' dir='ltr'>διαστήματος</span> <span class='ocrx_word' id='word_1_74' title='bbox 1463 1082 1676 1135; x_wconf 74' lang='grc' dir='ltr'>εἵποντο</span> <span class='ocrx_word' id='word_1_75' title='bbox 1696 1096 1709 1110; x_wconf 91' lang='grc'><strong>·</strong></span> 
     </span>
    </p>
   </div>
   <div class='ocr_carea' id='block_1_10' title="bbox 29 1170 1715 1245">
    <p class='ocr_par' dir='ltr' id='par_1_10' title="bbox 29 1170 1715 1245">
     <span class='ocr_line' id='line_1_10' title="bbox 29 1170 1715 1245; baseline -0.001 -21"><span class='ocrx_word' id='word_1_76' title='bbox 29 1173 395 1245; x_wconf 77' lang='grc' dir='ltr'>εορνοϐόσκοι</span> <span class='ocrx_word' id='word_1_77' title='bbox 446 1172 502 1225; x_wconf 88' lang='grc' dir='ltr'>δέ</span> <span class='ocrx_word' id='word_1_78' title='bbox 536 1171 748 1245; x_wconf 79' lang='grc' dir='ltr'>ἄνδρες,</span> <span class='ocrx_word' id='word_1_79' title='bbox 787 1172 882 1225; x_wconf 74' lang='grc' dir='ltr'>καὶ</span> <span class='ocrx_word' id='word_1_80' title='bbox 921 1174 1179 1240; x_wconf 83' lang='grc' dir='ltr'>γυναῖκες</span> <span class='ocrx_word' id='word_1_81' title='bbox 1220 1171 1574 1243; x_wconf 70' lang='grc' dir='ltr'>προαγωγοὶ,</span> <span class='ocrx_word' id='word_1_82' title='bbox 1620 1170 1715 1224; x_wconf 69' lang='grc' dir='ltr'>καὶ</span> 
     </span>
    </p>
   </div>
   <div class='ocr_carea' id='block_1_11' title="bbox 29 1258 1714 1330">
    <p class='ocr_par' dir='ltr' id='par_1_11' title="bbox 29 1258 1714 1330">
     <span class='ocr_line' id='line_1_11' title="bbox 29 1258 1714 1330; baseline -0.003 -17"><span class='ocrx_word' id='word_1_83' title='bbox 29 1262 114 1323; x_wconf 73' lang='grc' dir='ltr'>τᾶς</span> <span class='ocrx_word' id='word_1_84' title='bbox 150 1261 183 1312; x_wconf 93' lang='lat'>6</span> <span class='ocrx_word' id='word_1_85' title='bbox 214 1259 343 1314; x_wconf 83' lang='grc' dir='ltr'>τῶν</span> <span class='ocrx_word' id='word_1_86' title='bbox 367 1259 751 1330; x_wconf 86' lang='grc' dir='ltr'>ήταιρηκότων</span> <span class='ocrx_word' id='word_1_87' title='bbox 780 1259 938 1330; x_wconf 85' lang='grc' dir='ltr'>χορὸς</span> <span class='ocrx_word' id='word_1_88' title='bbox 964 1259 1054 1313; x_wconf 82' lang='grc' dir='ltr'>τὸν</span> <span class='ocrx_word' id='word_1_89' title='bbox 1082 1259 1306 1330; x_wconf 81' lang='grc' dir='ltr'>βασιλέα</span> <span class='ocrx_word' id='word_1_90' title='bbox 1335 1258 1714 1320; x_wconf 83' lang='grc' dir='ltr'>κυκλώσαντες</span> 
     </span>
    </p>
   </div>
   <div class='ocr_carea' id='block_1_12' title="bbox 29 1343 1717 1418">
    <p class='ocr_par' dir='ltr' id='par_1_12' title="bbox 29 1343 1717 1418">
     <span class='ocr_line' id='line_1_12' title="bbox 29 1343 1717 1418; baseline -0.001 -19"><span class='ocrx_word' id='word_1_91' title='bbox 29 1344 158 1417; x_wconf 78' lang='grc' dir='ltr'>.ἷχον</span> <span class='ocrx_word' id='word_1_92' title='bbox 194 1348 262 1399; x_wconf 86' lang='grc' dir='ltr'>ἐν</span> <span class='ocrx_word' id='word_1_93' title='bbox 310 1346 472 1418; x_wconf 85' lang='grc' dir='ltr'>μέσῳ</span> <span class='ocrx_word' id='word_1_94' title='bbox 515 1346 603 1400; x_wconf 79' lang='grc' dir='ltr'>διὰ</span> <span class='ocrx_word' id='word_1_95' title='bbox 642 1349 742 1418; x_wconf 82' lang='grc' dir='ltr'>τῆς</span> <span class='ocrx_word' id='word_1_96' title='bbox 770 1347 975 1417; x_wconf 79' lang='grc' dir='ltr'>ἀγορᾶς</span> <span class='ocrx_word' id='word_1_97' title='bbox 1017 1344 1343 1415; x_wconf 76' lang='grc' dir='ltr'>βαδίζοντες,</span> <span class='ocrx_word' id='word_1_98' title='bbox 1376 1345 1471 1399; x_wconf 78' lang='grc' dir='ltr'>καὶ</span> <span class='ocrx_word' id='word_1_99' title='bbox 1493 1343 1717 1398; x_wconf 87' lang='grc' dir='ltr'>τοιαῦτα</span> 
     </span>
    </p>
   </div>
   <div class='ocr_carea' id='block_1_13' title="bbox 29 1433 1717 1506">
    <p class='ocr_par' dir='ltr' id='par_1_13' title="bbox 29 1433 1717 1506">
     <span class='ocr_line' id='line_1_13' title="bbox 29 1433 1717 1506; baseline -0.002 -18"><span class='ocrx_word' id='word_1_100' title='bbox 29 1436 403 1506; x_wconf 60' lang='grc' dir='ltr'>φθεγγόμενοι</span> <span class='ocrx_word' id='word_1_101' title='bbox 425 1474 444 1501; x_wconf 91' lang='grc'>,</span> <span class='ocrx_word' id='word_1_102' title='bbox 480 1435 574 1488; x_wconf 76' lang='grc' dir='ltr'>καὶ</span> <span class='ocrx_word' id='word_1_103' title='bbox 606 1433 779 1498; x_wconf 69' lang='grc' dir='ltr'>οὕτως</span> <span class='ocrx_word' id='word_1_104' title='bbox 830 1433 1338 1504; x_wconf 73' lang='grc' dir='ltr'>ἀνακαγχάζοντες,</span> <span class='ocrx_word' id='word_1_105' title='bbox 1374 1433 1449 1497; x_wconf 86' lang='grc' dir='ltr'>ὡς</span> <span class='ocrx_word' id='word_1_106' title='bbox 1488 1433 1611 1495; x_wconf 77' lang='grc' dir='ltr'>τοὺς</span> <span class='ocrx_word' id='word_1_107' title='bbox 1652 1433 1717 1485; x_wconf 84' lang='grc' dir='ltr'>ἐκ</span> 
     </span>
    </p>
   </div>
   <div class='ocr_carea' id='block_1_14' title="bbox 29 1512 1717 1590">
    <p class='ocr_par' dir='ltr' id='par_1_14' title="bbox 29 1512 1717 1590">
     <span class='ocr_line' id='line_1_14' title="bbox 29 1512 1717 1590; baseline -0.002 -18"><span class='ocrx_word' id='word_1_108' title='bbox 29 1519 115 1588; x_wconf 76' lang='grc' dir='ltr'>τῆς</span> <span class='ocrx_word' id='word_1_109' title='bbox 162 1518 457 1590; x_wconf 74' lang='grc' dir='ltr'>ἐργασίας</span> <span class='ocrx_word' id='word_1_110' title='bbox 486 1518 704 1588; x_wconf 78' lang='grc' dir='ltr'>ἐκείνης</span> <span class='ocrx_word' id='word_1_111' title='bbox 746 1517 891 1581; x_wconf 79' lang='grc' dir='ltr'>εἰκὸς</span> <span class='ocrx_word' id='word_1_112' title='bbox 918 1512 1009 1588; x_wconf 79' lang='grc' dir='ltr'>ἦν.</span> <span class='ocrx_word' id='word_1_113' title='bbox 1054 1517 1239 1571; x_wconf 90' lang='grc' dir='ltr'>Ταῦτα</span> <span class='ocrx_word' id='word_1_114' title='bbox 1271 1518 1329 1570; x_wconf 86' lang='grc' dir='ltr'>δὲ</span> <span class='ocrx_word' id='word_1_115' title='bbox 1361 1516 1602 1587; x_wconf 72' lang='grc' dir='ltr'>οἴδαμεν,</span> <span class='ocrx_word' id='word_1_116' title='bbox 1636 1516 1717 1569; x_wconf 86' lang='grc' dir='ltr'>ὃτι</span> 
     </span>
    </p>
   </div>
   <div class='ocr_carea' id='block_1_15' title="bbox 29 1594 1717 1672">
    <p class='ocr_par' dir='ltr' id='par_1_15' title="bbox 29 1594 1717 1672">
     <span class='ocr_line' id='line_1_15' title="bbox 29 1594 1717 1672; baseline -0.001 -19"><span class='ocrx_word' id='word_1_117' title='bbox 29 1605 125 1665; x_wconf 78' lang='grc' dir='ltr'>τοῖς</span> <span class='ocrx_word' id='word_1_118' title='bbox 156 1600 289 1671; x_wconf 80' lang='grc' dir='ltr'>μεθ’</span> <span class='ocrx_word' id='word_1_119' title='bbox 320 1602 480 1671; x_wconf 81' lang='grc' dir='ltr'>ἡμᾶς</span> <span class='ocrx_word' id='word_1_120' title='bbox 509 1600 900 1672; x_wconf 79' lang='grc' dir='ltr'>γενησομένοις</span> <span class='ocrx_word' id='word_1_121' title='bbox 922 1600 1131 1654; x_wconf 78' lang='grc' dir='ltr'>ἄπιστα</span> <span class='ocrx_word' id='word_1_122' title='bbox 1157 1594 1297 1654; x_wconf 83' lang='grc' dir='ltr'>εἶναι</span> <span class='ocrx_word' id='word_1_123' title='bbox 1323 1599 1484 1664; x_wconf 81' lang='grc' dir='ltr'>δόξει,</span> <span class='ocrx_word' id='word_1_124' title='bbox 1510 1598 1598 1652; x_wconf 84' lang='grc' dir='ltr'>διὰ</span> <span class='ocrx_word' id='word_1_125' title='bbox 1618 1599 1717 1670; x_wconf 81' lang='grc' dir='ltr'>τὴν</span> 
     </span>
    </p>
   </div>
   <div class='ocr_carea' id='block_1_16' title="bbox 29 1681 1717 1756">
    <p class='ocr_par' dir='ltr' id='par_1_16' title="bbox 29 1681 1717 1756">
     <span class='ocr_line' id='line_1_16' title="bbox 29 1681 1717 1756; baseline -0.003 -17"><span class='ocrx_word' id='word_1_126' title='bbox 29 1685 118 1754; x_wconf 80' lang='grc' dir='ltr'>τῆς</span> <span class='ocrx_word' id='word_1_127' title='bbox 160 1684 416 1749; x_wconf 79' lang='grc' dir='ltr'>ἀτοπίας</span> <span class='ocrx_word' id='word_1_128' title='bbox 459 1683 795 1756; x_wconf 80' lang='grc' dir='ltr'>ὑπερϐολήν·</span> <span class='ocrx_word' id='word_1_129' title='bbox 832 1682 951 1737; x_wconf 83' lang='grc' dir='ltr'>οὐδὲ</span> <span class='ocrx_word' id='word_1_130' title='bbox 990 1683 1098 1755; x_wconf 99' lang='lat'>7&amp;9</span> <span class='ocrx_word' id='word_1_131' title='bbox 1130 1682 1196 1736; x_wconf 86' lang='grc' dir='ltr'>ἂν</span> <span class='ocrx_word' id='word_1_132' title='bbox 1235 1682 1449 1754; x_wconf 83' lang='grc' dir='ltr'>ἰδιώτην</span> <span class='ocrx_word' id='word_1_133' title='bbox 1477 1681 1585 1736; x_wconf 88' lang='grc' dir='ltr'>τῶν</span> <span class='ocrx_word' id='word_1_134' title='bbox 1628 1684 1717 1735; x_wconf 84' lang='grc' dir='ltr'>εὑ-</span> 
     </span>
    </p>
   </div>
   <div class='ocr_carea' id='block_1_17' title="bbox 29 1772 1717 1854">
    <p class='ocr_par' dir='ltr' id='par_1_17' title="bbox 29 1772 1717 1854">
     <span class='ocr_line' id='line_1_17' title="bbox 29 1772 1717 1854; baseline 0.001 -28"><span class='ocrx_word' id='word_1_135' title='bbox 29 1774 193 1837; x_wconf 80' lang='grc' dir='ltr'>τελῶς</span> <span class='ocrx_word' id='word_1_136' title='bbox 237 1791 346 1828; x_wconf 90' lang='grc' dir='ltr'>και</span> <span class='ocrx_word' id='word_1_137' title='bbox 380 1774 629 1846; x_wconf 76' lang='grc' dir='ltr'>αἰσχρῶς</span> <span class='ocrx_word' id='word_1_138' title='bbox 667 1772 1009 1845; x_wconf 79' lang='grc' dir='ltr'>βεϐιωκότων</span> <span class='ocrx_word' id='word_1_139' title='bbox 1043 1772 1191 1854; x_wconf 77' lang='grc' dir='ltr'>[56θ]</span> <span class='ocrx_word' id='word_1_140' title='bbox 1225 1773 1442 1828; x_wconf 81' lang='grc' dir='ltr'>ἑλέσθαι</span> <span class='ocrx_word' id='word_1_141' title='bbox 1491 1773 1717 1827; x_wconf 87' lang='grc' dir='ltr'>τοιαῦτα</span> 
     </span>
    </p>
   </div>
   <div class='ocr_carea' id='block_1_18' title="bbox 29 1860 1720 1935">
    <p class='ocr_par' dir='ltr' id='par_1_18' title="bbox 29 1860 1720 1935">
     <span class='ocr_line' id='line_1_18' title="bbox 29 1860 1720 1935; baseline 0 -20"><span class='ocrx_word' id='word_1_142' title='bbox 29 1861 262 1935; x_wconf 71' lang='grc' dir='ltr'>Ξημοσίᾳ</span> <span class='ocrx_word' id='word_1_143' title='bbox 293 1863 661 1933; x_wconf 82' lang='grc' dir='ltr'>ἀσχημονεῖν.</span> <span class='ocrx_word' id='word_1_144' title='bbox 701 1860 863 1915; x_wconf 83' lang='grc' dir='ltr'>Ἀλλά</span> <span class='ocrx_word' id='word_1_145' title='bbox 896 1862 1034 1933; x_wconf 76' lang='grc' dir='ltr'>πρὸς</span> <span class='ocrx_word' id='word_1_146' title='bbox 1080 1861 1178 1932; x_wconf 84' lang='grc' dir='ltr'>μὲν</span> <span class='ocrx_word' id='word_1_147' title='bbox 1223 1862 1350 1925; x_wconf 83' lang='grc' dir='ltr'>τοὺς</span> <span class='ocrx_word' id='word_1_148' title='bbox 1384 1861 1464 1915; x_wconf 80' lang='grc' dir='ltr'>ἐτι</span> <span class='ocrx_word' id='word_1_149' title='bbox 1509 1861 1720 1926; x_wconf 81' lang='grc' dir='ltr'>ζῶντας</span> 
     </span>
    </p>
   </div>
   <div class='ocr_carea' id='block_1_19' title="bbox 29 1948 1721 2021">
    <p class='ocr_par' dir='ltr' id='par_1_19' title="bbox 29 1948 1721 2021">
     <span class='ocr_line' id='line_1_19' title="bbox 29 1948 1721 2021; baseline 0.001 -19"><span class='ocrx_word' id='word_1_150' title='bbox 29 1950 239 2014; x_wconf 76' lang='grc' dir='ltr'>οὐδενὸς</span> <span class='ocrx_word' id='word_1_151' title='bbox 266 1949 478 2020; x_wconf 86' lang='grc' dir='ltr'>δέομαι</span> <span class='ocrx_word' id='word_1_152' title='bbox 510 1949 669 2019; x_wconf 89' lang='grc' dir='ltr'>λόγου</span> <span class='ocrx_word' id='word_1_153' title='bbox 693 1966 707 1980; x_wconf 79' lang='grc'><strong>⁸</strong></span> <span class='ocrx_word' id='word_1_154' title='bbox 739 1952 789 2004; x_wconf 90' lang='grc' dir='ltr'>οἰ</span> <span class='ocrx_word' id='word_1_155' title='bbox 822 1948 933 2020; x_wconf 84' lang='grc' dir='ltr'>γὰρ</span> <span class='ocrx_word' id='word_1_156' title='bbox 963 1948 1230 2021; x_wconf 77' lang='grc' dir='ltr'>παρόντες</span> <span class='ocrx_word' id='word_1_157' title='bbox 1260 1950 1357 2003; x_wconf 72' lang='grc' dir='ltr'>καί⁵</span> <span class='ocrx_word' id='word_1_158' title='bbox 1390 1948 1721 2020; x_wconf 82' lang='grc' dir='ltr'>θεασάμενοι</span> 
     </span>
    </p>
   </div>
   <div class='ocr_carea' id='block_1_20' title="bbox 29 2030 1722 2108">
    <p class='ocr_par' dir='ltr' id='par_1_20' title="bbox 29 2030 1722 2108">
     <span class='ocr_line' id='line_1_20' title="bbox 29 2030 1722 2108; baseline 0.002 -18"><span class='ocrx_word' id='word_1_159' title='bbox 29 2037 196 2091; x_wconf 84' lang='grc' dir='ltr'>ταῦτα</span> <span class='ocrx_word' id='word_1_160' title='bbox 232 2038 538 2108; x_wconf 85' lang='grc' dir='ltr'>γινόμενα,</span> <span class='ocrx_word' id='word_1_161' title='bbox 569 2030 715 2092; x_wconf 74' lang='grc' dir='ltr'>οὗτοι</span> <span class='ocrx_word' id='word_1_162' title='bbox 745 2037 842 2092; x_wconf 55' lang='grc' dir='ltr'>καλ¹</span> <span class='ocrx_word' id='word_1_163' title='bbox 870 2036 1142 2108; x_wconf 86' lang='grc' dir='ltr'>λεγόμενα</span> <span class='ocrx_word' id='word_1_164' title='bbox 1171 2038 1432 2093; x_wconf 77' lang='grc' dir='ltr'>ἀκούουσι</span> <span class='ocrx_word' id='word_1_165' title='bbox 1466 2038 1577 2093; x_wconf 90' lang='grc' dir='ltr'>νῦν.</span> <span class='ocrx_word' id='word_1_166' title='bbox 1624 2038 1722 2093; x_wconf 89' lang='grc' dir='ltr'>Διά</span> 
     </span>
    </p>
   </div>
   <div class='ocr_carea' id='block_1_21' title="bbox 29 2123 1723 2198">
    <p class='ocr_par' dir='ltr' id='par_1_21' title="bbox 29 2123 1723 2198">
     <span class='ocr_line' id='line_1_21' title="bbox 29 2123 1723 2198; baseline 0.001 -20"><span class='ocrx_word' id='word_1_167' title='bbox 29 2126 131 2197; x_wconf 81' lang='grc' dir='ltr'>γάρ</span> <span class='ocrx_word' id='word_1_168' title='bbox 158 2143 245 2179; x_wconf 87' lang='grc' dir='ltr'>τοι</span> <span class='ocrx_word' id='word_1_169' title='bbox 271 2125 451 2178; x_wconf 86' lang='grc' dir='ltr'>τοῦτο</span> <span class='ocrx_word' id='word_1_170' title='bbox 483 2124 593 2178; x_wconf 89' lang='grc' dir='ltr'>τῶν</span> <span class='ocrx_word' id='word_1_171' title='bbox 632 2123 930 2198; x_wconf 89' lang='grc' dir='ltr'>μαρτύρων</span> <span class='ocrx_word' id='word_1_172' title='bbox 958 2124 1038 2178; x_wconf 82' lang='grc' dir='ltr'>ἐτι</span> <span class='ocrx_word' id='word_1_173' title='bbox 1072 2124 1371 2196; x_wconf 85' lang='grc' dir='ltr'>περιόντων</span> <span class='ocrx_word' id='word_1_174' title='bbox 1398 2125 1617 2198; x_wconf 89' lang='grc' dir='ltr'>γράφω,</span> <span class='ocrx_word' id='word_1_175' title='bbox 1636 2126 1723 2180; x_wconf 77' lang='grc' dir='ltr'>ἵνα</span> 
     </span>
    </p>
   </div>
   <div class='ocr_carea' id='block_1_22' title="bbox 32 2211 1719 2285">
    <p class='ocr_par' dir='ltr' id='par_1_22' title="bbox 32 2211 1719 2285">
     <span class='ocr_line' id='line_1_22' title="bbox 32 2211 1719 2285; baseline 0.001 -20"><span class='ocrx_word' id='word_1_176' title='bbox 32 2215 100 2285; x_wconf 85' lang='grc' dir='ltr'>μή</span> <span class='ocrx_word' id='word_1_177' title='bbox 142 2213 230 2277; x_wconf 88' lang='grc' dir='ltr'>τίς</span> <span class='ocrx_word' id='word_1_178' title='bbox 260 2230 337 2284; x_wconf 89' lang='grc' dir='ltr'>με</span> <span class='ocrx_word' id='word_1_179' title='bbox 363 2212 439 2266; x_wconf 79' lang='grc' dir='ltr'>τὰ</span> <span class='ocrx_word' id='word_1_180' title='bbox 474 2212 681 2266; x_wconf 89' lang='grc' dir='ltr'>παλαιά</span> <span class='ocrx_word' id='word_1_181' title='bbox 723 2211 1079 2284; x_wconf 77' lang='grc' dir='ltr'>διηγούμενον</span> <span class='ocrx_word' id='word_1_182' title='bbox 1109 2213 1167 2266; x_wconf 91' lang='grc' dir='ltr'>ἐν</span> <span class='ocrx_word' id='word_1_183' title='bbox 1214 2213 1315 2265; x_wconf 85' lang='grc' dir='ltr'>οὑκ</span> <span class='ocrx_word' id='word_1_184' title='bbox 1355 2213 1523 2266; x_wconf 78' lang='grc' dir='ltr'>εἰδόσι</span> <span class='ocrx_word' id='word_1_185' title='bbox 1575 2214 1719 2285; x_wconf 87' lang='grc' dir='ltr'>μετά</span> 
     </span>
    </p>
   </div>
   <div class='ocr_carea' id='block_1_23' title="bbox 30 2299 1726 2373">
    <p class='ocr_par' dir='ltr' id='par_1_23' title="bbox 30 2299 1726 2373">
     <span class='ocr_line' id='line_1_23' title="bbox 30 2299 1726 2373; baseline 0.001 -20"><span class='ocrx_word' id='word_1_186' title='bbox 30 2301 233 2371; x_wconf 80' lang='grc' dir='ltr'>πολλῆς</span> <span class='ocrx_word' id='word_1_187' title='bbox 262 2299 575 2371; x_wconf 79' lang='grc' dir='ltr'>ψεύδεσθαι</span> <span class='ocrx_word' id='word_1_188' title='bbox 606 2300 704 2372; x_wconf 81' lang='grc' dir='ltr'>τῆς</span> <span class='ocrx_word' id='word_1_189' title='bbox 728 2300 978 2366; x_wconf 77' lang='grc' dir='ltr'>ἐξουσίας</span> <span class='ocrx_word' id='word_1_190' title='bbox 1004 2299 1223 2373; x_wconf 76' lang='grc' dir='ltr'>νομίζῃ.</span> <span class='ocrx_word' id='word_1_191' title='bbox 1255 2299 1376 2355; x_wconf 87' lang='grc' dir='ltr'>Τῶν</span> <span class='ocrx_word' id='word_1_192' title='bbox 1403 2300 1512 2373; x_wconf 87' lang='lat'>7&amp;9</span> <span class='ocrx_word' id='word_1_193' title='bbox 1551 2301 1726 2356; x_wconf 87' lang='grc' dir='ltr'>ταῦτα</span> 
     </span>
    </p>
   </div>
   <div class='ocr_carea' id='block_1_24' title="bbox 30 2387 1727 2462">
    <p class='ocr_par' dir='ltr' id='par_1_24' title="bbox 30 2387 1727 2462">
     <span class='ocr_line' id='line_1_24' title="bbox 30 2387 1727 2462; baseline 0.002 -21"><span class='ocrx_word' id='word_1_194' title='bbox 30 2389 403 2460; x_wconf 66' lang='grc' dir='ltr'>(θεασαμένων</span> <span class='ocrx_word' id='word_1_195' title='bbox 444 2389 524 2443; x_wconf 81' lang='grc' dir='ltr'>ἔτι</span> <span class='ocrx_word' id='word_1_196' title='bbox 569 2390 662 2442; x_wconf 82' lang='grc' dir='ltr'>καὶ</span> <span class='ocrx_word' id='word_1_197' title='bbox 699 2388 955 2462; x_wconf 87' lang='grc' dir='ltr'>γέροντες</span> <span class='ocrx_word' id='word_1_198' title='bbox 988 2389 1084 2442; x_wconf 74' lang='grc' dir='ltr'>καὶ</span> <span class='ocrx_word' id='word_1_199' title='bbox 1129 2389 1243 2444; x_wconf 83' lang='grc' dir='ltr'>νέοι</span> <span class='ocrx_word' id='word_1_200' title='bbox 1286 2389 1587 2461; x_wconf 83' lang='grc' dir='ltr'>περίεισιν,</span> <span class='ocrx_word' id='word_1_201' title='bbox 1631 2387 1727 2454; x_wconf 86' lang='grc' dir='ltr'>οὒς</span> 
     </span>
    </p>
   </div>
   <div class='ocr_carea' id='block_1_25' title="bbox 35 2475 1726 2548">
    <p class='ocr_par' dir='ltr' id='par_1_25' title="bbox 35 2475 1726 2548">
     <span class='ocr_line' id='line_1_25' title="bbox 35 2475 1726 2548; baseline -0.001 -18"><span class='ocrx_word' id='word_1_202' title='bbox 35 2475 166 2541; x_wconf 83' lang='grc' dir='ltr'>ἀξιῶ</span> <span class='ocrx_word' id='word_1_203' title='bbox 197 2477 428 2541; x_wconf 80' lang='grc' dir='ltr'>πάντας</span> <span class='ocrx_word' id='word_1_204' title='bbox 447 2514 463 2540; x_wconf 94' lang='grc'>,</span> <span class='ocrx_word' id='word_1_205' title='bbox 499 2476 554 2530; x_wconf 84' lang='grc' dir='ltr'>εῐ</span> <span class='ocrx_word' id='word_1_206' title='bbox 572 2493 626 2529; x_wconf 91' lang='grc' dir='ltr'>τι</span> <span class='ocrx_word' id='word_1_207' title='bbox 660 2477 789 2548; x_wconf 84' lang='grc' dir='ltr'>παρ’</span> <span class='ocrx_word' id='word_1_208' title='bbox 817 2475 953 2547; x_wconf 89' lang='grc' dir='ltr'>ἐμοῦ</span> <span class='ocrx_word' id='word_1_209' title='bbox 981 2475 1367 2546; x_wconf 90' lang='grc' dir='ltr'>προστέθειται</span> <span class='ocrx_word' id='word_1_210' title='bbox 1391 2516 1407 2542; x_wconf 91' lang='grc'>,</span> <span class='ocrx_word' id='word_1_211' title='bbox 1440 2476 1726 2548; x_wconf 82' lang='grc' dir='ltr'>προσιέναι</span> 
     </span>
    </p>
   </div>
   <div class='ocr_carea' id='block_1_26' title="bbox 37 2561 1722 2634">
    <p class='ocr_par' dir='ltr' id='par_1_26' title="bbox 37 2561 1722 2634">
     <span class='ocr_line' id='line_1_26' title="bbox 37 2561 1722 2634; baseline -0.001 -18"><span class='ocrx_word' id='word_1_212' title='bbox 37 2567 125 2618; x_wconf 74' lang='grc' dir='ltr'>καὶ</span> <span class='ocrx_word' id='word_1_213' title='bbox 152 2565 490 2634; x_wconf 86' lang='grc' dir='ltr'>διελέγχειν.</span> <span class='ocrx_word' id='word_1_214' title='bbox 512 2561 671 2617; x_wconf 87' lang='grc' dir='ltr'>Ἀλλά</span> <span class='ocrx_word' id='word_1_215' title='bbox 698 2562 1067 2633; x_wconf 86' lang='grc' dir='ltr'>προστεθέντα</span> <span class='ocrx_word' id='word_1_216' title='bbox 1094 2563 1192 2634; x_wconf 84' lang='grc' dir='ltr'>μὲν</span> <span class='ocrx_word' id='word_1_217' title='bbox 1217 2563 1317 2616; x_wconf 85' lang='grc' dir='ltr'>οὑκ</span> <span class='ocrx_word' id='word_1_218' title='bbox 1335 2562 1402 2617; x_wconf 83' lang='grc' dir='ltr'>ἂν</span> <span class='ocrx_word' id='word_1_219' title='bbox 1422 2562 1722 2632; x_wconf 79' lang='grc' dir='ltr'>ἐλέγξαιεν,</span> 
     </span>
    </p>
   </div>
   <div class='ocr_carea' id='block_1_27' title="bbox 41 2645 1727 2722">
    <p class='ocr_par' dir='ltr' id='par_1_27' title="bbox 41 2645 1727 2722">
     <span class='ocr_line' id='line_1_27' title="bbox 41 2645 1727 2722; baseline -0.001 -17"><span class='ocrx_word' id='word_1_220' title='bbox 41 2653 364 2707; x_wconf 81' lang='grc' dir='ltr'>ἐλλείποντα</span> <span class='ocrx_word' id='word_1_221' title='bbox 401 2652 463 2706; x_wconf 83' lang='grc' dir='ltr'>δέ</span> <span class='ocrx_word' id='word_1_222' title='bbox 499 2652 658 2721; x_wconf 90' lang='grc' dir='ltr'>μόνον</span> <span class='ocrx_word' id='word_1_223' title='bbox 678 2670 692 2683; x_wconf 89' lang='grc'><strong>·</strong></span> <span class='ocrx_word' id='word_1_224' title='bbox 721 2652 843 2705; x_wconf 87' lang='grc' dir='ltr'>οὑδέ</span> <span class='ocrx_word' id='word_1_225' title='bbox 872 2650 984 2722; x_wconf 81' lang='lat'>7&amp;9</span> <span class='ocrx_word' id='word_1_226' title='bbox 1011 2645 1124 2704; x_wconf 74' lang='grc' dir='ltr'>οἷόν</span> <span class='ocrx_word' id='word_1_227' title='bbox 1148 2668 1209 2704; x_wconf 88' lang='grc' dir='ltr'>τε</span> <span class='ocrx_word' id='word_1_228' title='bbox 1245 2654 1427 2706; x_wconf 83' lang='grc' dir='ltr'>πᾶσαν</span> <span class='ocrx_word' id='word_1_229' title='bbox 1455 2650 1621 2704; x_wconf 90' lang='grc' dir='ltr'>αὑτοῦ</span> <span class='ocrx_word' id='word_1_230' title='bbox 1649 2650 1727 2722; x_wconf 82' lang='grc' dir='ltr'>τῷ</span> 
     </span>
    </p>
   </div>
   <div class='ocr_carea' id='block_1_28' title="bbox 37 2737 1722 2812">
    <p class='ocr_par' dir='ltr' id='par_1_28' title="bbox 37 2737 1722 2812">
     <span class='ocr_line' id='line_1_28' title="bbox 37 2737 1722 2812; baseline -0.001 -20"><span class='ocrx_word' id='word_1_231' title='bbox 37 2740 173 2812; x_wconf 83' lang='grc' dir='ltr'>λόγῳ</span> <span class='ocrx_word' id='word_1_232' title='bbox 229 2739 606 2812; x_wconf 77' lang='grc' dir='ltr'>παραστῆσαι</span> <span class='ocrx_word' id='word_1_233' title='bbox 652 2741 752 2810; x_wconf 82' lang='grc' dir='ltr'>τῆς</span> <span class='ocrx_word' id='word_1_234' title='bbox 796 2737 1182 2810; x_wconf 83' lang='grc' dir='ltr'>ἀσχημονύνης</span> <span class='ocrx_word' id='word_1_235' title='bbox 1241 2738 1341 2809; x_wconf 79' lang='grc' dir='ltr'>τὴν</span> <span class='ocrx_word' id='word_1_236' title='bbox 1393 2738 1722 2810; x_wconf 76' lang='grc' dir='ltr'>ὑπερϐολήν.</span> 
     </span>
    </p>
   </div>
   <div class='ocr_carea' id='block_1_29' title="bbox 36 2824 1721 2899">
    <p class='ocr_par' dir='ltr' id='par_1_29' title="bbox 36 2824 1721 2899">
     <span class='ocr_line' id='line_1_29' title="bbox 36 2824 1721 2899; baseline -0.002 -18"><span class='ocrx_word' id='word_1_237' title='bbox 36 2828 174 2899; x_wconf 59' lang='grc' dir='ltr'>Πῴς</span> <span class='ocrx_word' id='word_1_238' title='bbox 202 2828 262 2882; x_wconf 79' lang='grc' dir='ltr'>δὲ</span> <span class='ocrx_word' id='word_1_239' title='bbox 299 2828 441 2888; x_wconf 71' lang='grc' dir='ltr'>τοὺς</span> <span class='ocrx_word' id='word_1_240' title='bbox 459 2825 596 2895; x_wconf 81' lang='grc' dir='ltr'>μετά</span> <span class='ocrx_word' id='word_1_241' title='bbox 612 2825 781 2880; x_wconf 79' lang='grc' dir='ltr'>ταῦτα</span> <span class='ocrx_word' id='word_1_242' title='bbox 813 2826 1217 2897; x_wconf 85' lang='grc' dir='ltr'>ἀπιστήσοντας</span> <span class='ocrx_word' id='word_1_243' title='bbox 1245 2827 1422 2879; x_wconf 89' lang='grc' dir='ltr'>ἐκεῖνο</span> <span class='ocrx_word' id='word_1_244' title='bbox 1451 2825 1517 2879; x_wconf 84' lang='grc' dir='ltr'>ἀν</span> <span class='ocrx_word' id='word_1_245' title='bbox 1549 2824 1721 2877; x_wconf 72' lang='grc' dir='ltr'>εἴποι-</span> 
     </span>
    </p>
   </div>
   <div class='ocr_carea' id='block_1_30' title="bbox 45 2908 1728 2981">
    <p class='ocr_par' dir='ltr' id='par_1_30' title="bbox 45 2908 1728 2981">
     <span class='ocr_line' id='line_1_30' title="bbox 45 2908 1728 2981; baseline -0.001 -19"><span class='ocrx_word' id='word_1_246' title='bbox 45 2929 121 2979; x_wconf 88' lang='grc' dir='ltr'>μι,</span> <span class='ocrx_word' id='word_1_247' title='bbox 155 2914 240 2965; x_wconf 81' lang='grc' dir='ltr'>δτι</span> <span class='ocrx_word' id='word_1_248' title='bbox 290 2911 361 2964; x_wconf 82' lang='grc' dir='ltr'><strong>Ὀ</strong></span> <span class='ocrx_word' id='word_1_249' title='bbox 392 2909 607 2979; x_wconf 87' lang='grc' dir='ltr'>δαίμων</span> <span class='ocrx_word' id='word_1_250' title='bbox 638 2911 667 2962; x_wconf 93' lang='lat'>6</span> <span class='ocrx_word' id='word_1_251' title='bbox 705 2911 835 2981; x_wconf 82' lang='grc' dir='ltr'>παρ’</span> <span class='ocrx_word' id='word_1_252' title='bbox 870 2910 1020 2980; x_wconf 85' lang='grc' dir='ltr'>ὑμῖν,</span> <span class='ocrx_word' id='word_1_253' title='bbox 1046 2908 1105 2962; x_wconf 83' lang='grc' dir='ltr'>ὃν</span> <span class='ocrx_word' id='word_1_254' title='bbox 1144 2909 1464 2980; x_wconf 81' lang='grc' dir='ltr'>Ἀφροδίτην</span> <span class='ocrx_word' id='word_1_255' title='bbox 1491 2908 1728 2971; x_wconf 85' lang='grc' dir='ltr'>καλεῖτε,</span> 
     </span>
    </p>
   </div>
   <div class='ocr_carea' id='block_1_31' title="bbox 42 2986 1731 3063">
    <p class='ocr_par' dir='ltr' id='par_1_31' title="bbox 42 2986 1731 3063">
     <span class='ocr_line' id='line_1_31' title="bbox 42 2986 1731 3063; baseline 0.001 -21"><span class='ocrx_word' id='word_1_256' title='bbox 42 2992 136 3045; x_wconf 80' lang='grc' dir='ltr'>οὐκ</span> <span class='ocrx_word' id='word_1_257' title='bbox 170 2990 504 3063; x_wconf 77' lang='grc' dir='ltr'>αἰσχύνεται</span> <span class='ocrx_word' id='word_1_258' title='bbox 538 2989 814 3055; x_wconf 83' lang='grc' dir='ltr'>τοιούτους</span> <span class='ocrx_word' id='word_1_259' title='bbox 857 2990 997 3063; x_wconf 77' lang='grc' dir='ltr'>ἔχων</span> <span class='ocrx_word' id='word_1_260' title='bbox 1030 2990 1395 3061; x_wconf 87' lang='grc' dir='ltr'>θεραπευτάς.</span> <span class='ocrx_word' id='word_1_261' title='bbox 1435 2990 1601 3044; x_wconf 83' lang='grc' dir='ltr'>Οὐδὲν</span> <span class='ocrx_word' id='word_1_262' title='bbox 1637 2986 1731 3043; x_wconf 83' lang='grc' dir='ltr'>οὗν</span> 
     </span>
    </p>
   </div>
   <div class='ocr_carea' id='block_1_32' title="bbox 46 3076 1733 3150">
    <p class='ocr_par' dir='ltr' id='par_1_32' title="bbox 46 3076 1733 3150">
     <span class='ocr_line' id='line_1_32' title="bbox 46 3076 1733 3150; baseline 0 -19"><span class='ocrx_word' id='word_1_263' title='bbox 46 3079 371 3150; x_wconf 75' lang='grc' dir='ltr'>θαυμαστὸν</span> <span class='ocrx_word' id='word_1_264' title='bbox 412 3078 629 3132; x_wconf 74' lang='grc' dir='ltr'>καὶτὸν</span> <span class='ocrx_word' id='word_1_265' title='bbox 669 3077 901 3133; x_wconf 85' lang='grc' dir='ltr'>δείλαιον</span> <span class='ocrx_word' id='word_1_266' title='bbox 944 3080 1176 3146; x_wconf 90' lang='grc' dir='ltr'>ἐκεῖνον,</span> <span class='ocrx_word' id='word_1_267' title='bbox 1216 3079 1310 3131; x_wconf 77' lang='grc' dir='ltr'>τὸν</span> <span class='ocrx_word' id='word_1_268' title='bbox 1355 3076 1505 3143; x_wconf 76' lang='grc' dir='ltr'>ἅπαξ</span> <span class='ocrx_word' id='word_1_269' title='bbox 1538 3077 1733 3131; x_wconf 79' lang='grc' dir='ltr'>ἐαυτὸν</span> 
     </span>
    </p>
   </div>
   <div class='ocr_carea' id='block_1_33' title="bbox 48 3163 1732 3236">
    <p class='ocr_par' dir='ltr' id='par_1_33' title="bbox 48 3163 1732 3236">
     <span class='ocr_line' id='line_1_33' title="bbox 48 3163 1732 3236; baseline -0.001 -18"><span class='ocrx_word' id='word_1_270' title='bbox 48 3165 398 3221; x_wconf 83' lang='grc' dir='ltr'>ἐκδεδωκότα</span> <span class='ocrx_word' id='word_1_271' title='bbox 425 3165 503 3236; x_wconf 85' lang='grc' dir='ltr'>τῷ</span> <span class='ocrx_word' id='word_1_272' title='bbox 528 3165 636 3219; x_wconf 88' lang='grc' dir='ltr'>τῶν</span> <span class='ocrx_word' id='word_1_273' title='bbox 662 3165 930 3236; x_wconf 83' lang='grc' dir='ltr'>δαιμόνων</span> <span class='ocrx_word' id='word_1_274' title='bbox 952 3164 1169 3235; x_wconf 86' lang='grc' dir='ltr'>γέλωτι,</span> <span class='ocrx_word' id='word_1_275' title='bbox 1195 3164 1269 3236; x_wconf 83' lang='grc' dir='ltr'>μὴ</span> <span class='ocrx_word' id='word_1_276' title='bbox 1298 3163 1732 3233; x_wconf 87' lang='grc' dir='ltr'>ἐγκαλύπτεσθαι</span> 
     </span>
    </p>
   </div>
   <div class='ocr_carea' id='block_1_34' title="bbox 50 3248 1730 3325">
    <p class='ocr_par' dir='ltr' id='par_1_34' title="bbox 50 3248 1730 3325">
     <span class='ocr_line' id='line_1_34' title="bbox 50 3248 1730 3325; baseline 0.001 -19"><span class='ocrx_word' id='word_1_277' title='bbox 50 3254 129 3322; x_wconf 78' lang='grc' dir='ltr'>ἐφ’</span> <span class='ocrx_word' id='word_1_278' title='bbox 155 3248 233 3319; x_wconf 75' lang='grc' dir='ltr'>οἷς</span> <span class='ocrx_word' id='word_1_279' title='bbox 269 3255 328 3308; x_wconf 82' lang='grc' dir='ltr'>οἰ</span> <span class='ocrx_word' id='word_1_280' title='bbox 378 3254 509 3324; x_wconf 87' lang='grc' dir='ltr'>παρ’</span> <span class='ocrx_word' id='word_1_281' title='bbox 544 3252 696 3324; x_wconf 81' lang='grc' dir='ltr'>αὑτῷ</span> <span class='ocrx_word' id='word_1_282' title='bbox 732 3252 1162 3325; x_wconf 86' lang='grc' dir='ltr'>θεραπευόμενοι</span> <span class='ocrx_word' id='word_1_283' title='bbox 1210 3252 1564 3324; x_wconf 85' lang='grc' dir='ltr'>σεμνύνονται</span> <span class='ocrx_word' id='word_1_284' title='bbox 1596 3252 1730 3307; x_wconf 89' lang='grc' dir='ltr'>θεοί.</span> 
     </span>
    </p>
   </div>
   <div class='ocr_carea' id='block_1_35' title="bbox 49 3339 1735 3411">
    <p class='ocr_par' dir='ltr' id='par_1_35' title="bbox 49 3339 1735 3411">
     <span class='ocr_line' id='line_1_35' title="bbox 49 3339 1735 3411; baseline 0 -18"><span class='ocrx_word' id='word_1_285' title='bbox 49 3341 111 3393; x_wconf 89' lang='grc' dir='ltr'>Τί</span> <span class='ocrx_word' id='word_1_286' title='bbox 137 3343 199 3396; x_wconf 78' lang='grc' dir='ltr'>ἄν</span> <span class='ocrx_word' id='word_1_287' title='bbox 239 3359 335 3406; x_wconf 83' lang='grc' dir='ltr'>τις</span> <span class='ocrx_word' id='word_1_288' title='bbox 384 3341 539 3410; x_wconf 85' lang='grc' dir='ltr'>λέγοι</span> <span class='ocrx_word' id='word_1_289' title='bbox 573 3339 673 3404; x_wconf 86' lang='grc' dir='ltr'>τὰς</span> <span class='ocrx_word' id='word_1_290' title='bbox 721 3340 1182 3411; x_wconf 84' lang='grc' dir='ltr'>νεκυομαντείας,</span> <span class='ocrx_word' id='word_1_291' title='bbox 1235 3339 1336 3403; x_wconf 77' lang='grc' dir='ltr'>τὰς</span> <span class='ocrx_word' id='word_1_292' title='bbox 1376 3339 1486 3393; x_wconf 88' lang='grc' dir='ltr'>τῶν</span> <span class='ocrx_word' id='word_1_293' title='bbox 1528 3340 1735 3393; x_wconf 87' lang='grc' dir='ltr'>παίδων</span> 
     </span>
    </p>
   </div>
   <div class='ocr_carea' id='block_1_36' title="bbox 52 3424 1734 3501">
    <p class='ocr_par' dir='ltr' id='par_1_36' title="bbox 52 3424 1734 3501">
     <span class='ocr_line' id='line_1_36' title="bbox 52 3424 1734 3501; baseline -0.002 -19"><span class='ocrx_word' id='word_1_294' title='bbox 52 3430 294 3499; x_wconf 74' lang='grc' dir='ltr'>σφαγάςς</span> <span class='ocrx_word' id='word_1_295' title='bbox 331 3430 404 3482; x_wconf 79' lang='grc' dir='ltr'>Αἰ</span> <span class='ocrx_word' id='word_1_296' title='bbox 437 3427 543 3501; x_wconf 83' lang='lat'>7&amp;9</span> <span class='ocrx_word' id='word_1_297' title='bbox 577 3427 762 3481; x_wconf 88' lang='grc' dir='ltr'>θυσίαι</span> <span class='ocrx_word' id='word_1_298' title='bbox 787 3427 1087 3490; x_wconf 82' lang='grc' dir='ltr'>ἐκεῖναι,αί</span> <span class='ocrx_word' id='word_1_299' title='bbox 1119 3426 1227 3499; x_wconf 83' lang='grc' dir='ltr'>πρὸ</span> <span class='ocrx_word' id='word_1_300' title='bbox 1247 3427 1346 3497; x_wconf 85' lang='grc' dir='ltr'>τῆς</span> <span class='ocrx_word' id='word_1_301' title='bbox 1369 3426 1466 3481; x_wconf 88' lang='grc' dir='ltr'>τοῦ</span> <span class='ocrx_word' id='word_1_302' title='bbox 1494 3424 1734 3499; x_wconf 81' lang='grc' dir='ltr'>Χριστοῦ</span> 
     </span>
    </p>
   </div>
   <div class='ocr_carea' id='block_1_37' title="bbox 52 3513 1735 3589">
    <p class='ocr_par' dir='ltr' id='par_1_37' title="bbox 52 3513 1735 3589">
     <span class='ocr_line' id='line_1_37' title="bbox 52 3513 1735 3589; baseline -0.001 -20"><span class='ocrx_word' id='word_1_303' title='bbox 52 3518 366 3589; x_wconf 77' lang='grc' dir='ltr'>παρουσίας</span> <span class='ocrx_word' id='word_1_304' title='bbox 401 3514 755 3587; x_wconf 84' lang='grc' dir='ltr'>τολμώμεναι</span> <span class='ocrx_word' id='word_1_305' title='bbox 781 3556 795 3580; x_wconf 92' lang='grc'>,</span> <span class='ocrx_word' id='word_1_306' title='bbox 834 3515 972 3586; x_wconf 86' lang='grc' dir='ltr'>μετά</span> <span class='ocrx_word' id='word_1_307' title='bbox 995 3516 1052 3569; x_wconf 82' lang='grc' dir='ltr'>δὲ</span> <span class='ocrx_word' id='word_1_308' title='bbox 1080 3516 1178 3587; x_wconf 72' lang='grc' dir='ltr'>τὴν</span> <span class='ocrx_word' id='word_1_309' title='bbox 1208 3514 1536 3583; x_wconf 83' lang='grc' dir='ltr'>ἐπιφάνειαν</span> <span class='ocrx_word' id='word_1_310' title='bbox 1569 3513 1735 3568; x_wconf 87' lang='grc' dir='ltr'>αὑτοῦ</span> 
     </span>
    </p>
   </div>
   <div class='ocr_carea' id='block_1_38' title="bbox 51 3601 1733 3674">
    <p class='ocr_par' dir='ltr' id='par_1_38' title="bbox 51 3601 1733 3674">
     <span class='ocr_line' id='line_1_38' title="bbox 51 3601 1733 3674; baseline -0.002 -17"><span class='ocrx_word' id='word_1_311' title='bbox 51 3605 504 3669; x_wconf 84' lang='grc' dir='ltr'>κατασταλεῖσαι,</span> <span class='ocrx_word' id='word_1_312' title='bbox 534 3602 839 3674; x_wconf 89' lang='grc' dir='ltr'>ἐτολμῶντο</span> <span class='ocrx_word' id='word_1_313' title='bbox 870 3603 1053 3667; x_wconf 89' lang='grc' dir='ltr'>πάλιν,</span> <span class='ocrx_word' id='word_1_314' title='bbox 1090 3601 1342 3673; x_wconf 82' lang='grc' dir='ltr'>φανερῶς</span> <span class='ocrx_word' id='word_1_315' title='bbox 1379 3601 1478 3672; x_wconf 83' lang='grc' dir='ltr'>μὲν</span> <span class='ocrx_word' id='word_1_316' title='bbox 1513 3602 1733 3666; x_wconf 79' lang='grc' dir='ltr'>οὐκέτι·</span> 
     </span>
    </p>
   </div>
   <div class='ocr_carea' id='block_1_39' title="bbox 57 3686 1739 3766">
    <p class='ocr_par' dir='ltr' id='par_1_39' title="bbox 57 3686 1739 3766">
     <span class='ocr_line' id='line_1_39' title="bbox 57 3686 1739 3766; baseline 0 -23"><span class='ocrx_word' id='word_1_317' title='bbox 57 3695 101 3745; x_wconf 81' lang='grc' dir='ltr'>εἰ</span> <span class='ocrx_word' id='word_1_318' title='bbox 148 3694 256 3766; x_wconf 88' lang='lat'>7&amp;9</span> <span class='ocrx_word' id='word_1_319' title='bbox 302 3693 413 3747; x_wconf 70' lang='grc' dir='ltr'>καὶ</span> <span class='ocrx_word' id='word_1_320' title='bbox 459 3691 715 3763; x_wconf 78' lang='grc' dir='ltr'>βασιλεὺς</span> <span class='ocrx_word' id='word_1_321' title='bbox 766 3686 857 3763; x_wconf 78' lang='grc' dir='ltr'>ἦν,</span> <span class='ocrx_word' id='word_1_322' title='bbox 910 3691 1005 3744; x_wconf 69' lang='grc' dir='ltr'>καὶ</span> <span class='ocrx_word' id='word_1_323' title='bbox 1052 3690 1171 3761; x_wconf 78' lang='grc' dir='ltr'>μετ’</span> <span class='ocrx_word' id='word_1_324' title='bbox 1219 3690 1470 3754; x_wconf 77' lang='grc' dir='ltr'>ἐξουσίας</span> <span class='ocrx_word' id='word_1_325' title='bbox 1524 3690 1739 3745; x_wconf 73' lang='grc' dir='ltr'>ἅπαντα</span> 
     </span>
    </p>
   </div>
   <div class='ocr_carea' id='block_1_40' title="bbox 57 3780 1723 3853">
    <p class='ocr_par' dir='ltr' id='par_1_40' title="bbox 57 3780 1723 3853">
     <span class='ocr_line' id='line_1_40' title="bbox 57 3780 1723 3853; baseline -0.001 -20"><span class='ocrx_word' id='word_1_326' title='bbox 57 3780 348 3853; x_wconf 78' lang='grc' dir='ltr'>ἔπραττεν,</span> <span class='ocrx_word' id='word_1_327' title='bbox 380 3781 497 3836; x_wconf 86' lang='grc' dir='ltr'>ἀλλ’</span> <span class='ocrx_word' id='word_1_328' title='bbox 519 3782 670 3852; x_wconf 85' lang='grc' dir='ltr'>ὅμως</span> <span class='ocrx_word' id='word_1_329' title='bbox 695 3781 730 3851; x_wconf 86' lang='grc' dir='ltr'>ή</span> <span class='ocrx_word' id='word_1_330' title='bbox 759 3781 858 3851; x_wconf 85' lang='grc' dir='ltr'>τῆς</span> <span class='ocrx_word' id='word_1_331' title='bbox 887 3781 995 3835; x_wconf 89' lang='grc' dir='ltr'>τῶν</span> <span class='ocrx_word' id='word_1_332' title='bbox 1034 3780 1326 3852; x_wconf 86' lang='grc' dir='ltr'>δρωμένων</span> <span class='ocrx_word' id='word_1_333' title='bbox 1352 3780 1723 3849; x_wconf 78' lang='grc' dir='ltr'>ἀνοσιότητοςε</span> 
     </span>
    </p>
   </div>
   <div class='ocr_carea' id='block_1_41' title="bbox 56 3867 1741 3944">
    <p class='ocr_par' dir='ltr' id='par_1_41' title="bbox 56 3867 1741 3944">
     <span class='ocr_line' id='line_1_41' title="bbox 56 3867 1741 3944; baseline 0.001 -24"><span class='ocrx_word' id='word_1_334' title='bbox 56 3869 355 3944; x_wconf 75' lang='grc' dir='ltr'>ὑπερόολὴ,</span> <span class='ocrx_word' id='word_1_335' title='bbox 388 3869 489 3941; x_wconf 80' lang='grc' dir='ltr'>τῆς</span> <span class='ocrx_word' id='word_1_336' title='bbox 518 3867 851 3936; x_wconf 81' lang='grc' dir='ltr'>ἐξουσίας-τὸ</span> <span class='ocrx_word' id='word_1_337' title='bbox 881 3867 1113 3940; x_wconf 89' lang='grc' dir='ltr'>μέγεθος</span> <span class='ocrx_word' id='word_1_338' title='bbox 1145 3868 1396 3939; x_wconf 72' lang='grc' dir='ltr'>ἤλεγχεν·</span> <span class='ocrx_word' id='word_1_339' title='bbox 1434 3868 1741 3939; x_wconf 88' lang='grc' dir='ltr'>ἐτολμῶντο</span> 
     </span>
    </p>
   </div>
   <div class='ocr_carea' id='block_1_42' title="bbox 59 3954 1237 4027">
    <p class='ocr_par' dir='ltr' id='par_1_42' title="bbox 59 3954 1237 4027">
     <span class='ocr_line' id='line_1_42' title="bbox 59 3954 1237 4027; baseline 0.002 -20"><span class='ocrx_word' id='word_1_340' title='bbox 59 3955 109 4008; x_wconf 80' lang='grc' dir='ltr'>δέ</span> <span class='ocrx_word' id='word_1_341' title='bbox 135 3954 225 4011; x_wconf 81' lang='grc' dir='ltr'>οὑν</span> <span class='ocrx_word' id='word_1_342' title='bbox 255 3958 442 4027; x_wconf 78' lang='grc' dir='ltr'>ὅμως.</span> <span class='ocrx_word' id='word_1_343' title='bbox 1226 3997 1237 4009; x_wconf 83' lang='grc'>.</span> 
     </span>
    </p>
   </div>
   <div class='ocr_carea' id='block_1_43' title="bbox 126 4038 1742 4114">
    <p class='ocr_par' dir='ltr' id='par_1_43' title="bbox 126 4038 1742 4114">
     <span class='ocr_line' id='line_1_43' title="bbox 126 4038 1742 4114; baseline -0.001 -18"><span class='ocrx_word' id='word_1_344' title='bbox 126 4051 201 4097; x_wconf 82' lang='grc' dir='ltr'>ιε’.</span> <span class='ocrx_word' id='word_1_345' title='bbox 223 4044 408 4108; x_wconf 79' lang='grc' dir='ltr'>Οὗτος</span> <span class='ocrx_word' id='word_1_346' title='bbox 456 4042 522 4114; x_wconf 83' lang='grc' dir='ltr'>δὴ</span> <span class='ocrx_word' id='word_1_347' title='bbox 548 4038 643 4097; x_wconf 84' lang='grc' dir='ltr'>οὑν</span> <span class='ocrx_word' id='word_1_348' title='bbox 667 4045 695 4097; x_wconf 98' lang='lat'>6</span> <span class='ocrx_word' id='word_1_349' title='bbox 733 4041 984 4112; x_wconf 78' lang='grc' dir='ltr'>βασιλεὺς</span> <span class='ocrx_word' id='word_1_350' title='bbox 1022 4044 1102 4106; x_wconf 81' lang='grc' dir='ltr'>εἰς</span> <span class='ocrx_word' id='word_1_351' title='bbox 1131 4042 1229 4114; x_wconf 79' lang='grc' dir='ltr'>τὴν</span> <span class='ocrx_word' id='word_1_352' title='bbox 1259 4043 1476 4112; x_wconf 82' lang='grc' dir='ltr'>Δάφνην</span> <span class='ocrx_word' id='word_1_353' title='bbox 1502 4044 1742 4113; x_wconf 82' lang='grc' dir='ltr'>συνεχῶς</span> 
     </span>
    </p>
   </div>
   <div class='ocr_carea' id='block_1_44' title="bbox 67 4123 1741 4196">
    <p class='ocr_par' dir='ltr' id='par_1_44' title="bbox 67 4123 1741 4196">
     <span class='ocr_line' id='line_1_44' title="bbox 67 4123 1741 4196; baseline 0.002 -22"><span class='ocrx_word' id='word_1_354' title='bbox 67 4123 216 4178; x_wconf 83' lang='grc' dir='ltr'>ἀνιὼν</span> <span class='ocrx_word' id='word_1_355' title='bbox 259 4126 415 4196; x_wconf 77' lang='grc' dir='ltr'>μετὰ</span> <span class='ocrx_word' id='word_1_356' title='bbox 457 4123 670 4178; x_wconf 85' lang='grc' dir='ltr'>πολλῶν</span> <span class='ocrx_word' id='word_1_357' title='bbox 698 4126 795 4195; x_wconf 85' lang='grc' dir='ltr'>μὲν</span> <span class='ocrx_word' id='word_1_358' title='bbox 829 4125 1223 4195; x_wconf 85' lang='grc' dir='ltr'>ἀναθημάτων,</span> <span class='ocrx_word' id='word_1_359' title='bbox 1259 4124 1399 4196; x_wconf 84' lang='grc' dir='ltr'>μετὰ</span> <span class='ocrx_word' id='word_1_360' title='bbox 1431 4125 1642 4180; x_wconf 84' lang='grc' dir='ltr'>πολλῶν</span> <span class='ocrx_word' id='word_1_361' title='bbox 1681 4125 1741 4178; x_wconf 79' lang='grc' dir='ltr'>δέ</span> 
     </span>
    </p>
   </div>
   <div class='ocr_carea' id='block_1_45' title="bbox 64 4200 1743 4280">
    <p class='ocr_par' dir='ltr' id='par_1_45' title="bbox 64 4200 1743 4280">
     <span class='ocr_line' id='line_1_45' title="bbox 64 4200 1743 4280; baseline 0.002 -21"><span class='ocrx_word' id='word_1_362' title='bbox 64 4204 268 4272; x_wconf 81' lang='grc' dir='ltr'>θυσιῶν,</span> <span class='ocrx_word' id='word_1_363' title='bbox 301 4200 408 4263; x_wconf 74' lang='grc' dir='ltr'>καὶ</span> <span class='ocrx_word' id='word_1_364' title='bbox 436 4207 771 4278; x_wconf 75' lang='grc' dir='ltr'>χειμάρρους</span> <span class='ocrx_word' id='word_1_365' title='bbox 810 4208 1062 4278; x_wconf 79' lang='grc' dir='ltr'>αἱμάτων</span> <span class='ocrx_word' id='word_1_366' title='bbox 1091 4208 1462 4279; x_wconf 77' lang='grc' dir='ltr'>ἐργαζόμενος</span> <span class='ocrx_word' id='word_1_367' title='bbox 1499 4209 1608 4262; x_wconf 81' lang='grc' dir='ltr'>ἀπὸ</span> <span class='ocrx_word' id='word_1_368' title='bbox 1641 4210 1743 4280; x_wconf 82' lang='grc' dir='ltr'>τῆς</span> 
     </span>
    </p>
   </div>
   <div class='ocr_carea' id='block_1_46' title="bbox 61 4290 1743 4364">
    <p class='ocr_par' dir='ltr' id='par_1_46' title="bbox 61 4290 1743 4364">
     <span class='ocr_line' id='line_1_46' title="bbox 61 4290 1743 4364; baseline 0.002 -23"><span class='ocrx_word' id='word_1_369' title='bbox 61 4290 162 4344; x_wconf 89' lang='grc' dir='ltr'>τῶν</span> <span class='ocrx_word' id='word_1_370' title='bbox 205 4290 556 4364; x_wconf 74' lang='grc' dir='ltr'>θρεμμάτων</span> <span class='ocrx_word' id='word_1_371' title='bbox 602 4293 850 4362; x_wconf 82' lang='grc' dir='ltr'>σφαγῆς,</span> <span class='ocrx_word' id='word_1_372' title='bbox 893 4292 1144 4346; x_wconf 86' lang='grc' dir='ltr'>ἐπέκειτο</span> <span class='ocrx_word' id='word_1_373' title='bbox 1178 4293 1411 4363; x_wconf 80' lang='grc' dir='ltr'>σφοδρὸς</span> <span class='ocrx_word' id='word_1_374' title='bbox 1437 4295 1466 4335; x_wconf 80' lang='lat' dir='ltr'><strong>h</strong></span> <span class='ocrx_word' id='word_1_375' title='bbox 1508 4293 1600 4345; x_wconf 82' lang='grc' dir='ltr'>τὸν</span> <span class='ocrx_word' id='word_1_376' title='bbox 1627 4292 1743 4345; x_wconf 89' lang='grc' dir='ltr'>δαί-</span> 
     </span>
    </p>
   </div>
   <div class='ocr_carea' id='block_1_47' title="bbox 69 4374 1741 4447">
    <p class='ocr_par' dir='ltr' id='par_1_47' title="bbox 69 4374 1741 4447">
     <span class='ocr_line' id='line_1_47' title="bbox 69 4374 1741 4447; baseline 0 -19"><span class='ocrx_word' id='word_1_377' title='bbox 69 4389 190 4440; x_wconf 84' lang='grc' dir='ltr'>μονα</span> <span class='ocrx_word' id='word_1_378' title='bbox 223 4374 487 4447; x_wconf 72' lang='grc' dir='ltr'>χρησμὸν</span> <span class='ocrx_word' id='word_1_379' title='bbox 521 4375 771 4429; x_wconf 86' lang='grc' dir='ltr'>ἀπαιτῶν</span> <span class='ocrx_word' id='word_1_380' title='bbox 810 4374 906 4428; x_wconf 82' lang='grc' dir='ltr'>καὶ</span> <span class='ocrx_word' id='word_1_381' title='bbox 950 4374 1119 4439; x_wconf 82' lang='grc' dir='ltr'>ἀξιῶν</span> <span class='ocrx_word' id='word_1_382' title='bbox 1153 4376 1398 4446; x_wconf 86' lang='grc' dir='ltr'>ἀναιρεῖν</span> <span class='ocrx_word' id='word_1_383' title='bbox 1449 4374 1591 4447; x_wconf 85' lang='grc' dir='ltr'>ὑπὲρ</span> <span class='ocrx_word' id='word_1_384' title='bbox 1630 4376 1741 4429; x_wconf 89' lang='grc' dir='ltr'>τῶν</span> 
     </span>
    </p>
   </div>
   <div class='ocr_carea' id='block_1_48' title="bbox 67 4457 1382 4529">
    <p class='ocr_par' dir='ltr' id='par_1_48' title="bbox 67 4457 1382 4529">
     <span class='ocr_line' id='line_1_48' title="bbox 67 4457 1382 4529; baseline 0.001 -19"><span class='ocrx_word' id='word_1_385' title='bbox 67 4458 196 4510; x_wconf 75' lang='grc' dir='ltr'>κατὰ</span> <span class='ocrx_word' id='word_1_386' title='bbox 218 4458 458 4528; x_wconf 83' lang='grc' dir='ltr'>γνώμην</span> <span class='ocrx_word' id='word_1_387' title='bbox 491 4457 659 4529; x_wconf 81' lang='grc' dir='ltr'>αὐτῷ.</span> <span class='ocrx_word' id='word_1_388' title='bbox 695 4459 755 4512; x_wconf 88' lang='lat'>&#39;0</span> <span class='ocrx_word' id='word_1_389' title='bbox 780 4458 839 4511; x_wconf 84' lang='grc' dir='ltr'>δέ</span> <span class='ocrx_word' id='word_1_390' title='bbox 869 4460 1116 4525; x_wconf 88' lang='grc' dir='ltr'>γενναῖος</span> <span class='ocrx_word' id='word_1_391' title='bbox 1150 4459 1382 4522; x_wconf 87' lang='grc' dir='ltr'>ἐκεῖνος,</span> 
     </span>
    </p>
   </div>
   <div class='ocr_carea' id='block_1_49' title="bbox 125 4538 1740 4610">
    <p class='ocr_par' dir='ltr' id='par_1_49' title="bbox 125 4538 1740 4610">
     <span class='ocr_line' id='line_1_49' title="bbox 125 4538 1740 4610; baseline 0.001 -16"><span class='ocrx_word' id='word_1_392' title='bbox 125 4541 230 4594; x_wconf 83' lang='grc' dir='ltr'>Καὶ</span> <span class='ocrx_word' id='word_1_393' title='bbox 244 4540 501 4610; x_wconf 69' lang='grc' dir='ltr'>ψάμμου</span> <span class='ocrx_word' id='word_1_394' title='bbox 526 4540 575 4593; x_wconf 87' lang='grc' dir='ltr'>τ’</span> <span class='ocrx_word' id='word_1_395' title='bbox 595 4539 846 4609; x_wconf 80' lang='grc' dir='ltr'>ἀριθμὸν</span> <span class='ocrx_word' id='word_1_396' title='bbox 865 4539 1039 4605; x_wconf 77' lang='grc' dir='ltr'>εἰδὼς</span> <span class='ocrx_word' id='word_1_397' title='bbox 1064 4539 1161 4595; x_wconf 80' lang='grc' dir='ltr'>καὶ</span> <span class='ocrx_word' id='word_1_398' title='bbox 1187 4539 1376 4610; x_wconf 81' lang='grc' dir='ltr'>μέτρα</span> <span class='ocrx_word' id='word_1_399' title='bbox 1395 4538 1740 4609; x_wconf 75' lang='grc' dir='ltr'>θαλάσσης,</span> 
     </span>
    </p>
   </div>
   <div class='ocr_carea' id='block_1_50' title="bbox 128 4559 1668 4679">
    <p class='ocr_par' dir='ltr' id='par_1_50' title="bbox 128 4559 1668 4679">
     <span class='ocr_line' id='line_1_50' title="bbox 128 4559 1668 4610; baseline -0.001 -16"><span class='ocrx_word' id='word_1_400' title='bbox 128 4559 501 4610; x_wconf 69' lang='grc' dir='ltr'>ηαιψαμμου</span> <span class='ocrx_word' id='word_1_401' title='bbox 526 4559 558 4593; x_wconf 89' lang='grc' dir='ltr'>τ</span> <span class='ocrx_word' id='word_1_402' title='bbox 595 4559 846 4609; x_wconf 82' lang='grc' dir='ltr'>αριυμον</span> <span class='ocrx_word' id='word_1_403' title='bbox 865 4559 1039 4605; x_wconf 85' lang='grc' dir='ltr'>ειοως</span> <span class='ocrx_word' id='word_1_404' title='bbox 1064 4559 1161 4595; x_wconf 80' lang='grc' dir='ltr'>και</span> <span class='ocrx_word' id='word_1_405' title='bbox 1234 4559 1376 4608; x_wconf 82' lang='grc' dir='ltr'>ετρα</span> <span class='ocrx_word' id='word_1_406' title='bbox 1395 4559 1668 4601; x_wconf 66' lang='grc' dir='ltr'>σακασστ</span> 
     </span>
     <span class='ocr_line' id='line_1_51' title="bbox 128 4559 1668 4679; baseline 0 -15"><span class='ocrx_word' id='word_1_407' title='bbox 128 4612 234 4665; x_wconf 82' lang='grc' dir='ltr'>Καὶ</span> <span class='ocrx_word' id='word_1_408' title='bbox 262 4611 472 4679; x_wconf 66' lang='grc' dir='ltr'>κωφοῦ</span> <span class='ocrx_word' id='word_1_409' title='bbox 513 4611 776 4676; x_wconf 79' lang='grc' dir='ltr'>συνιεὶς,</span> <span class='ocrx_word' id='word_1_410' title='bbox 813 4610 911 4663; x_wconf 78' lang='grc' dir='ltr'>καὶ</span> <span class='ocrx_word' id='word_1_411' title='bbox 941 4612 1012 4664; x_wconf 87' lang='grc' dir='ltr'>οὐ</span> <span class='ocrx_word' id='word_1_412' title='bbox 1044 4559 1377 4677; x_wconf 59' lang='grc' dir='ltr'>λαλίέντος</span> <span class='ocrx_word' id='word_1_413' title='bbox 1409 4611 1668 4674; x_wconf 75' lang='grc' dir='ltr'>ἀκούων,</span> 
     </span>
    </p>
   </div>
   <div class='ocr_carea' id='block_1_51' title="bbox 67 4691 1761 4764">
    <p class='ocr_par' dir='ltr' id='par_1_51' title="bbox 67 4691 1761 4764">
     <span class='ocr_line' id='line_1_52' title="bbox 67 4691 1761 4764; baseline 0.002 -20"><span class='ocrx_word' id='word_1_414' title='bbox 67 4691 135 4754; x_wconf 83' lang='grc' dir='ltr'>ὥς</span> <span class='ocrx_word' id='word_1_415' title='bbox 168 4710 337 4764; x_wconf 85' lang='grc' dir='ltr'>φησι,</span> <span class='ocrx_word' id='word_1_416' title='bbox 364 4693 425 4746; x_wconf 88' lang='grc' dir='ltr'>τὸ</span> <span class='ocrx_word' id='word_1_417' title='bbox 471 4694 569 4762; x_wconf 80' lang='grc' dir='ltr'>μὲν</span> <span class='ocrx_word' id='word_1_418' title='bbox 599 4695 776 4746; x_wconf 87' lang='grc' dir='ltr'>εἰπεῖν</span> <span class='ocrx_word' id='word_1_419' title='bbox 808 4692 1109 4763; x_wconf 77' lang='grc' dir='ltr'>διαρρήδην</span> <span class='ocrx_word' id='word_1_420' title='bbox 1140 4694 1236 4745; x_wconf 75' lang='grc' dir='ltr'>καὶ</span> <span class='ocrx_word' id='word_1_421' title='bbox 1267 4692 1477 4761; x_wconf 81' lang='grc' dir='ltr'>σαφῶς,</span> <span class='ocrx_word' id='word_1_422' title='bbox 1523 4693 1609 4746; x_wconf 81' lang='grc' dir='ltr'>ὅτι</span> <span class='ocrx_word' id='word_1_423' title='bbox 1654 4692 1761 4747; x_wconf 83' lang='grc' dir='ltr'>διά’</span> 
     </span>
    </p>
   </div>
   <div class='ocr_carea' id='block_1_52' title="bbox 66 4774 1743 4848">
    <p class='ocr_par' dir='ltr' id='par_1_52' title="bbox 66 4774 1743 4848">
     <span class='ocr_line' id='line_1_53' title="bbox 66 4774 1743 4848; baseline 0.001 -21"><span class='ocrx_word' id='word_1_424' title='bbox 66 4776 150 4828; x_wconf 80' lang='grc' dir='ltr'>τὸν</span> <span class='ocrx_word' id='word_1_425' title='bbox 175 4775 333 4845; x_wconf 78' lang='grc' dir='ltr'>ἅγιον</span> <span class='ocrx_word' id='word_1_426' title='bbox 364 4775 612 4830; x_wconf 76' lang='grc' dir='ltr'>Βαϐύλαν</span> <span class='ocrx_word' id='word_1_427' title='bbox 641 4778 735 4830; x_wconf 79' lang='grc' dir='ltr'>καὶ</span> <span class='ocrx_word' id='word_1_428' title='bbox 760 4776 859 4848; x_wconf 79' lang='grc' dir='ltr'>τήν</span> <span class='ocrx_word' id='word_1_429' title='bbox 884 4777 948 4829; x_wconf 86' lang='grc' dir='ltr'>ἐκ</span> <span class='ocrx_word' id='word_1_430' title='bbox 978 4775 1240 4845; x_wconf 88' lang='grc' dir='ltr'>γειτόνων</span> <span class='ocrx_word' id='word_1_431' title='bbox 1268 4774 1499 4846; x_wconf 87' lang='grc' dir='ltr'>δύναμιν</span> <span class='ocrx_word' id='word_1_432' title='bbox 1526 4778 1743 4829; x_wconf 83' lang='grc' dir='ltr'>ἐπιστο-</span> 
     </span>
    </p>
   </div>
   <div class='ocr_carea' id='block_1_53' title="bbox 75 4859 1743 4931">
    <p class='ocr_par' dir='ltr' id='par_1_53' title="bbox 75 4859 1743 4931">
     <span class='ocr_line' id='line_1_54' title="bbox 75 4859 1743 4931; baseline 0.001 -20"><span class='ocrx_word' id='word_1_433' title='bbox 75 4860 274 4929; x_wconf 75' lang='grc' dir='ltr'>μισθεὶς</span> <span class='ocrx_word' id='word_1_434' title='bbox 306 4861 373 4916; x_wconf 82' lang='grc' dir='ltr'>οὐ</span> <span class='ocrx_word' id='word_1_435' title='bbox 398 4860 665 4915; x_wconf 74' lang='grc' dir='ltr'>δύναταιε</span> <span class='ocrx_word' id='word_1_436' title='bbox 700 4860 1054 4930; x_wconf 82' lang='grc' dir='ltr'>φθέγγεσθαι,</span> <span class='ocrx_word' id='word_1_437' title='bbox 1088 4860 1464 4931; x_wconf 81' lang='grc' dir='ltr'>παρῃτήσατο,</span> <span class='ocrx_word' id='word_1_438' title='bbox 1490 4859 1743 4923; x_wconf 67' lang='grc' dir='ltr'>δεδοικὼς</span> 
     </span>
    </p>
   </div>
   <div class='ocr_carea' id='block_1_54' title="bbox 76 4942 1736 5017">
    <p class='ocr_par' dir='ltr' id='par_1_54' title="bbox 76 4942 1736 5017">
     <span class='ocr_line' id='line_1_55' title="bbox 76 4942 1736 5017; baseline 0 -20"><span class='ocrx_word' id='word_1_439' title='bbox 76 4942 144 5012; x_wconf 79' lang='grc' dir='ltr'>μὴ</span> <span class='ocrx_word' id='word_1_440' title='bbox 173 4944 384 5012; x_wconf 73' lang='grc' dir='ltr'>γέλωτα</span> <span class='ocrx_word' id='word_1_441' title='bbox 415 4945 567 5016; x_wconf 87' lang='grc' dir='ltr'>παρά</span> <span class='ocrx_word' id='word_1_442' title='bbox 607 4949 721 5009; x_wconf 85' lang='grc' dir='ltr'>τοῖς</span> <span class='ocrx_word' id='word_1_443' title='bbox 771 4944 1136 5016; x_wconf 81' lang='grc' dir='ltr'>θεραπευταῖς</span> <span class='ocrx_word' id='word_1_444' title='bbox 1181 4943 1322 5017; x_wconf 74' lang='grc' dir='ltr'>ὄφλῃ</span> <span class='ocrx_word' id='word_1_445' title='bbox 1354 4946 1468 5007; x_wconf 84' lang='grc' dir='ltr'>τοῖς</span> <span class='ocrx_word' id='word_1_446' title='bbox 1506 4944 1701 4997; x_wconf 88' lang='grc' dir='ltr'>ἐαυτοῦ</span> <span class='ocrx_word' id='word_1_447' title='bbox 1724 4961 1736 4974; x_wconf 92' lang='grc'><strong>·</strong></span> 
     </span>
    </p>
   </div>
   <div class='ocr_carea' id='block_1_55' title="bbox 76 5023 1742 5100">
    <p class='ocr_par' dir='ltr' id='par_1_55' title="bbox 76 5023 1742 5100">
     <span class='ocr_line' id='line_1_56' title="bbox 76 5023 1742 5100; baseline 0.001 -22"><span class='ocrx_word' id='word_1_448' title='bbox 76 5027 385 5098; x_wconf 81' lang='grc' dir='ltr'>βουλόμενος</span> <span class='ocrx_word' id='word_1_449' title='bbox 418 5028 474 5081; x_wconf 83' lang='grc' dir='ltr'>δὲ</span> <span class='ocrx_word' id='word_1_450' title='bbox 503 5029 797 5083; x_wconf 85' lang='grc' dir='ltr'>συσκιάσαι</span> <span class='ocrx_word' id='word_1_451' title='bbox 826 5029 926 5099; x_wconf 82' lang='grc' dir='ltr'>τὴν</span> <span class='ocrx_word' id='word_1_452' title='bbox 956 5024 1146 5100; x_wconf 88' lang='grc' dir='ltr'>ἦτταν,</span> <span class='ocrx_word' id='word_1_453' title='bbox 1178 5023 1299 5079; x_wconf 80' lang='grc' dir='ltr'>εἶπε</span> <span class='ocrx_word' id='word_1_454' title='bbox 1340 5028 1613 5098; x_wconf 83' lang='grc' dir='ltr'>πρόφασιν</span> <span class='ocrx_word' id='word_1_455' title='bbox 1642 5028 1742 5097; x_wconf 77' lang='grc' dir='ltr'>τῆς</span> 
     </span>
    </p>
   </div>
   <div class='ocr_carea' id='block_1_56' title="bbox 74 5110 1741 5183">
    <p class='ocr_par' dir='ltr' id='par_1_56' title="bbox 74 5110 1741 5183">
     <span class='ocr_line' id='line_1_57' title="bbox 74 5110 1741 5183; baseline 0.001 -21"><span class='ocrx_word' id='word_1_456' title='bbox 74 5110 241 5181; x_wconf 76' lang='grc' dir='ltr'>σιγῆς,</span> <span class='ocrx_word' id='word_1_457' title='bbox 271 5111 307 5183; x_wconf 69' lang='grc' dir='ltr'>ἦ</span> <span class='ocrx_word' id='word_1_458' title='bbox 345 5110 543 5182; x_wconf 82' lang='grc' dir='ltr'>μᾶλλον</span> <span class='ocrx_word' id='word_1_459' title='bbox 576 5112 742 5164; x_wconf 80' lang='grc' dir='ltr'>αὑτὸν</span> <span class='ocrx_word' id='word_1_460' title='bbox 777 5111 1315 5182; x_wconf 84' lang='grc' dir='ltr'>καταγελαστότερον</span> <span class='ocrx_word' id='word_1_461' title='bbox 1355 5112 1605 5181; x_wconf 84' lang='grc' dir='ltr'>ἀπέφηνε</span> <span class='ocrx_word' id='word_1_462' title='bbox 1643 5112 1741 5183; x_wconf 86' lang='grc' dir='ltr'>τῆς</span> 
     </span>
    </p>
   </div>
   <div class='ocr_carea' id='block_1_57' title="bbox 74 5193 1741 5268">
    <p class='ocr_par' dir='ltr' id='par_1_57' title="bbox 74 5193 1741 5268">
     <span class='ocr_line' id='line_1_58' title="bbox 74 5193 1741 5268; baseline 0.003 -26"><span class='ocrx_word' id='word_1_463' title='bbox 74 5195 245 5266; x_wconf 79' lang='grc' dir='ltr'>σιγῆς,</span> <span class='ocrx_word' id='word_1_464' title='bbox 288 5193 560 5265; x_wconf 73' lang='grc' dir='ltr'>Ἐκείνῳά</span> <span class='ocrx_word' id='word_1_465' title='bbox 600 5195 698 5265; x_wconf 82' lang='grc' dir='ltr'>μὲν</span> <span class='ocrx_word' id='word_1_466' title='bbox 730 5194 841 5267; x_wconf 81' lang='grc' dir='ltr'>γὰρ</span> <span class='ocrx_word' id='word_1_467' title='bbox 888 5195 955 5250; x_wconf 82' lang='grc' dir='ltr'>ἂν</span> <span class='ocrx_word' id='word_1_468' title='bbox 984 5195 1085 5268; x_wconf 80' lang='grc' dir='ltr'>τὴν</span> <span class='ocrx_word' id='word_1_469' title='bbox 1110 5196 1397 5250; x_wconf 89' lang='grc' dir='ltr'>ἀσθένειαν</span> <span class='ocrx_word' id='word_1_470' title='bbox 1435 5196 1596 5265; x_wconf 87' lang='grc' dir='ltr'>μόνον</span> <span class='ocrx_word' id='word_1_471' title='bbox 1631 5197 1741 5250; x_wconf 86' lang='grc' dir='ltr'>ἀπ-</span> 
     </span>
    </p>
   </div>
   <div class='ocr_carea' id='block_1_58' title="bbox 74 5276 1743 5351">
    <p class='ocr_par' dir='ltr' id='par_1_58' title="bbox 74 5276 1743 5351">
     <span class='ocr_line' id='line_1_59' title="bbox 74 5276 1743 5351; baseline 0.003 -24"><span class='ocrx_word' id='word_1_472' title='bbox 74 5276 302 5348; x_wconf 78' lang='grc' dir='ltr'>εκάλυψε</span> <span class='ocrx_word' id='word_1_473' title='bbox 339 5278 437 5349; x_wconf 83' lang='grc' dir='ltr'>τὴν</span> <span class='ocrx_word' id='word_1_474' title='bbox 456 5278 679 5343; x_wconf 89' lang='grc' dir='ltr'>ἐαυτοῦ,</span> <span class='ocrx_word' id='word_1_475' title='bbox 705 5279 824 5333; x_wconf 71' lang='grc' dir='ltr'>νυνί⁵</span> <span class='ocrx_word' id='word_1_476' title='bbox 852 5279 908 5332; x_wconf 75' lang='grc' dir='ltr'>δὲ</span> <span class='ocrx_word' id='word_1_477' title='bbox 936 5280 1031 5332; x_wconf 74' lang='grc' dir='ltr'>καὶ</span> <span class='ocrx_word' id='word_1_478' title='bbox 1058 5279 1158 5350; x_wconf 85' lang='grc' dir='ltr'>τὴν</span> <span class='ocrx_word' id='word_1_479' title='bbox 1192 5280 1501 5339; x_wconf 83' lang='grc' dir='ltr'>ἀσθένειαν.</span> <span class='ocrx_word' id='word_1_480' title='bbox 1527 5280 1623 5333; x_wconf 73' lang='grc' dir='ltr'>καὶ</span> <span class='ocrx_word' id='word_1_481' title='bbox 1643 5281 1743 5351; x_wconf 83' lang='grc' dir='ltr'>τὴν</span> 
     </span>
    </p>
   </div>
   <div class='ocr_carea' id='block_1_59' title="bbox 76 5358 1733 5433">
    <p class='ocr_par' dir='ltr' id='par_1_59' title="bbox 76 5358 1733 5433">
     <span class='ocr_line' id='line_1_60' title="bbox 76 5358 1733 5433; baseline 0.004 -23"><span class='ocrx_word' id='word_1_482' title='bbox 76 5358 471 5432; x_wconf 71' lang='grc' dir='ltr'>ἀσχημοσύνην,</span> <span class='ocrx_word' id='word_1_483' title='bbox 502 5363 594 5415; x_wconf 73' lang='grc' dir='ltr'>καὶ</span> <span class='ocrx_word' id='word_1_484' title='bbox 618 5362 717 5432; x_wconf 81' lang='grc' dir='ltr'>τήν</span> <span class='ocrx_word' id='word_1_485' title='bbox 743 5362 1126 5433; x_wconf 85' lang='grc' dir='ltr'>ἀναισχυντίαν</span> <span class='ocrx_word' id='word_1_486' title='bbox 1141 5362 1330 5429; x_wconf 73' lang='grc' dir='ltr'>ἔδειξε,</span> <span class='ocrx_word' id='word_1_487' title='bbox 1362 5362 1434 5416; x_wconf 81' lang='grc' dir='ltr'>τά</span> <span class='ocrx_word' id='word_1_488' title='bbox 1460 5363 1733 5416; x_wconf 86' lang='grc' dir='ltr'>ἀσυσκία-</span> 
     </span>
    </p>
   </div>
   <div class='ocr_carea' id='block_1_60' title="bbox 78 5445 1744 5519">
    <p class='ocr_par' dir='ltr' id='par_1_60' title="bbox 78 5445 1744 5519">
     <span class='ocr_line' id='line_1_61' title="bbox 78 5445 1744 5519; baseline 0.004 -26"><span class='ocrx_word' id='word_1_489' title='bbox 78 5458 167 5495; x_wconf 86' lang='grc' dir='ltr'>στο</span> <span class='ocrx_word' id='word_1_490' title='bbox 226 5445 542 5510; x_wconf 79' lang='grc' dir='ltr'>συσκιάζειν</span> <span class='ocrx_word' id='word_1_491' title='bbox 585 5445 903 5517; x_wconf 85' lang='grc' dir='ltr'>ἐπιχειρῶν.</span> <span class='ocrx_word' id='word_1_492' title='bbox 961 5446 1061 5508; x_wconf 87' lang='grc' dir='ltr'>Τίς</span> <span class='ocrx_word' id='word_1_493' title='bbox 1087 5445 1197 5518; x_wconf 88' lang='grc' dir='ltr'>γὰρ</span> <span class='ocrx_word' id='word_1_494' title='bbox 1230 5449 1264 5517; x_wconf 89' lang='grc' dir='ltr'>ή</span> <span class='ocrx_word' id='word_1_495' title='bbox 1292 5447 1565 5519; x_wconf 86' lang='grc' dir='ltr'>πρόφασις</span> <span class='ocrx_word' id='word_1_496' title='bbox 1593 5463 1607 5513; x_wconf 91' lang='lat'><strong>;</strong></span> <span class='ocrx_word' id='word_1_497' title='bbox 1643 5447 1744 5499; x_wconf 89' lang='grc' dir='ltr'>Νε-</span> 
     </span>
    </p>
   </div>
   <div class='ocr_carea' id='block_1_61' title="bbox 80 5528 1741 5601">
    <p class='ocr_par' dir='ltr' id='par_1_61' title="bbox 80 5528 1741 5601">
     <span class='ocr_line' id='line_1_62' title="bbox 80 5528 1741 5601; baseline 0.002 -23"><span class='ocrx_word' id='word_1_498' title='bbox 80 5533 217 5601; x_wconf 67' lang='grc' dir='ltr'>κρῷν</span> <span class='ocrx_word' id='word_1_499' title='bbox 240 5529 380 5601; x_wconf 85' lang='grc' dir='ltr'>ἐστι,</span> <span class='ocrx_word' id='word_1_500' title='bbox 422 5531 576 5601; x_wconf 66' lang='grc' dir='ltr'>φησι,</span> <span class='ocrx_word' id='word_1_501' title='bbox 608 5529 671 5601; x_wconf 83' lang='grc' dir='ltr'>τὸ</span> <span class='ocrx_word' id='word_1_502' title='bbox 696 5528 897 5599; x_wconf 87' lang='grc' dir='ltr'>χωρίον</span> <span class='ocrx_word' id='word_1_503' title='bbox 918 5531 953 5601; x_wconf 86' lang='grc' dir='ltr'>ή</span> <span class='ocrx_word' id='word_1_504' title='bbox 987 5530 1173 5601; x_wconf 78' lang='grc' dir='ltr'>Δάφνη</span> <span class='ocrx_word' id='word_1_505' title='bbox 1205 5530 1422 5601; x_wconf 60' lang='grc' dir='ltr'>μεστὸν,</span> <span class='ocrx_word' id='word_1_506' title='bbox 1452 5530 1559 5601; x_wconf 51' lang='grc' dir='ltr'>καὶ</span> <span class='ocrx_word' id='word_1_507' title='bbox 1580 5529 1741 5601; x_wconf 82' lang='grc' dir='ltr'>τοῦτο</span> 
     </span>
    </p>
   </div>
   <div class='ocr_carea' id='block_1_62' title="bbox 83 5594 1736 5671">
    <p class='ocr_par' dir='ltr' id='par_1_62' title="bbox 83 5594 1736 5671">
     <span class='ocr_line' id='line_1_63' title="bbox 83 5594 1736 5671; baseline 0.004 -24"><span class='ocrx_word' id='word_1_508' title='bbox 83 5594 268 5652; x_wconf 73' lang='grc' dir='ltr'>κωλύει</span> <span class='ocrx_word' id='word_1_509' title='bbox 296 5599 387 5652; x_wconf 87' lang='grc' dir='ltr'>τὸν</span> <span class='ocrx_word' id='word_1_510' title='bbox 411 5594 824 5671; x_wconf 75' lang='grc' dir='ltr'>χρησμόν.’Καί.</span> <span class='ocrx_word' id='word_1_511' title='bbox 858 5594 1008 5670; x_wconf 79' lang='grc' dir='ltr'>πόσῳ</span> <span class='ocrx_word' id='word_1_512' title='bbox 1049 5594 1255 5671; x_wconf 79' lang='grc' dir='ltr'>βέλτιον</span> <span class='ocrx_word' id='word_1_513' title='bbox 1302 5594 1416 5671; x_wconf 57' lang='grc' dir='ltr'>ἦν,</span> <span class='ocrx_word' id='word_1_514' title='bbox 1443 5594 1489 5655; x_wconf 84' lang='grc' dir='ltr'><strong>ὦ</strong></span> <span class='ocrx_word' id='word_1_515' title='bbox 1512 5600 1736 5664; x_wconf 87' lang='grc' dir='ltr'>δείλαιε,</span> 
     </span>
    </p>
   </div>
   <div class='ocr_carea' id='block_1_63' title="bbox 140 5717 1024 5779">
    <p class='ocr_par' dir='ltr' id='par_1_63' title="bbox 140 5717 1024 5779">
     <span class='ocr_line' id='line_1_64' title="bbox 140 5717 1024 5779; baseline 0 -10"><span class='ocrx_word' id='word_1_516' title='bbox 140 5717 165 5779; x_wconf 48' lang='grc' dir='ltr'>ξ</span> <span class='ocrx_word' id='word_1_517' title='bbox 193 5718 327 5769; x_wconf 77' lang='lat' dir='ltr'>Unus</span> <span class='ocrx_word' id='word_1_518' title='bbox 348 5720 498 5771; x_wconf 84' lang='lat' dir='ltr'><strong>codex</strong></span> <span class='ocrx_word' id='word_1_519' title='bbox 516 5719 670 5769; x_wconf 78' lang='lat' dir='ltr'><strong>habet</strong></span> <span class='ocrx_word' id='word_1_520' title='bbox 690 5720 1024 5779; x_wconf 80' lang='grc' dir='ltr'>ἐναντιότητος.</span> 
     </span>
    </p>
   </div>
   <div class='ocr_carea' id='block_1_64' title="bbox 122 5777 1743 5847">
    <p class='ocr_par' dir='ltr' id='par_1_64' title="bbox 122 5777 1743 5847">
     <span class='ocr_line' id='line_1_65' title="bbox 122 5777 1743 5847; baseline 0.003 -20"><span class='ocrx_word' id='word_1_521' title='bbox 122 5777 168 5843; x_wconf 55' lang='grc' dir='ltr'>,ιι</span> <span class='ocrx_word' id='word_1_522' title='bbox 186 5780 333 5847; x_wconf 59' lang='lat' dir='ltr'>Sgyil.</span> <span class='ocrx_word' id='word_1_523' title='bbox 349 5787 407 5847; x_wconf 59' lang='grc' dir='ltr'>εἰ</span> <span class='ocrx_word' id='word_1_524' title='bbox 424 5782 527 5847; x_wconf 66' lang='lat' dir='ltr'>guq</span> <span class='ocrx_word' id='word_1_525' title='bbox 566 5794 701 5847; x_wconf 36' lang='lat' dir='ltr'>mss:</span> <span class='ocrx_word' id='word_1_526' title='bbox 720 5777 953 5846; x_wconf 61' lang='grc' dir='ltr'>σφοδρῶς.</span> <span class='ocrx_word' id='word_1_527' title='bbox 993 5781 1100 5832; x_wconf 75' lang='lat' dir='ltr'>Mox</span> <span class='ocrx_word' id='word_1_528' title='bbox 1126 5794 1254 5832; x_wconf 83' lang='lat' dir='ltr'><strong>unus</strong></span> <span class='ocrx_word' id='word_1_529' title='bbox 1283 5783 1425 5839; x_wconf 78' lang='grc' dir='ltr'>ἀξιῶν</span> <span class='ocrx_word' id='word_1_530' title='bbox 1465 5781 1585 5847; x_wconf 73' lang='grc' dir='ltr'>ἐρεῖν</span> <span class='ocrx_word' id='word_1_531' title='bbox 1627 5784 1743 5847; x_wconf 76' lang='grc' dir='ltr'>ὑπὲρ</span> 
     </span>
    </p>
   </div>
   <div class='ocr_carea' id='block_1_65' title="bbox 87 5841 1521 5905">
    <p class='ocr_par' dir='ltr' id='par_1_65' title="bbox 87 5841 1521 5905">
     <span class='ocr_line' id='line_1_66' title="bbox 87 5841 1521 5905; baseline 0.003 -16"><span class='ocrx_word' id='word_1_532' title='bbox 87 5841 330 5905; x_wconf 41' lang='lat' dir='ltr'>“hyali”</span> <span class='ocrx_word' id='word_1_533' title='bbox 341 5842 482 5905; x_wconf 80' lang='grc' dir='ltr'>ἀξιῶν</span> <span class='ocrx_word' id='word_1_534' title='bbox 505 5843 623 5905; x_wconf 81' lang='grc' dir='ltr'>ὑπὲρ</span> <span class='ocrx_word' id='word_1_535' title='bbox 642 5841 773 5895; x_wconf 51' lang='grc' dir='ltr'>τῶν(</span> <span class='ocrx_word' id='word_1_536' title='bbox 847 5841 857 5846; x_wconf 62' lang='grc'>⁷</span> <span class='ocrx_word' id='word_1_537' title='bbox 1493 5841 1521 5851; x_wconf 76' lang='grc'>’”</span> 
     </span>
    </p>
   </div>
   <div class='ocr_carea' id='block_1_66' title="bbox 145 5901 570 5953">
    <p class='ocr_par' dir='ltr' id='par_1_66' title="bbox 145 5901 570 5953">
     <span class='ocr_line' id='line_1_67' title="bbox 145 5901 570 5953; baseline -0.005 -1"><span class='ocrx_word' id='word_1_538' title='bbox 145 5901 166 5933; x_wconf 75' lang='grc'><strong><em>⁸</em></strong></span> <span class='ocrx_word' id='word_1_539' title='bbox 183 5904 330 5952; x_wconf 75' lang='lat' dir='ltr'>Savil.</span> <span class='ocrx_word' id='word_1_540' title='bbox 354 5904 570 5953; x_wconf 72' lang='grc' dir='ltr'>δύναμαι.</span> 
     </span>
    </p>
   </div>
   <div class='ocr_carea' id='block_1_67' title="bbox 142 5921 661 6022">
    <p class='ocr_par' dir='ltr' id='par_1_67' title="bbox 142 5921 661 6022">
     <span class='ocr_line' id='line_1_68' title="bbox 145 5921 570 5953; baseline -0.005 -1"><span class='ocrx_word' id='word_1_541' title='bbox 145 5921 165 5933; x_wconf 70' lang='grc' dir='ltr'><strong>ν</strong></span> <span class='ocrx_word' id='word_1_542' title='bbox 185 5921 330 5952; x_wconf 68' lang='lat' dir='ltr'>3am.</span> <span class='ocrx_word' id='word_1_543' title='bbox 354 5921 380 5953; x_wconf 92' lang='grc' dir='ltr'>ο</span> <span class='ocrx_word' id='word_1_544' title='bbox 536 5921 570 5951; x_wconf 93' lang='grc' dir='ltr'>ι.</span> 
     </span>
     <span class='ocr_line' id='line_1_69' title="bbox 142 5921 661 6022; baseline -0.006 -6"><span class='ocrx_word' id='word_1_545' title='bbox 142 5962 167 6002; x_wconf 71' lang='grc'><strong><em>⁸</em></strong></span> <span class='ocrx_word' id='word_1_546' title='bbox 192 5966 296 6016; x_wconf 80' lang='lat' dir='ltr'>Duo</span> <span class='ocrx_word' id='word_1_547' title='bbox 321 5921 661 6022; x_wconf 57' lang='grc' dir='ltr'>ωεευᾜίνως.</span> 
     </span>
    </p>
   </div>
   <div class='ocr_carea' id='block_1_68' title="bbox 3374 381 3481 439">
    <p class='ocr_par' dir='ltr' id='par_1_68' title="bbox 3374 381 3481 439">
     <span class='ocr_line' id='line_1_70' title="bbox 3374 381 3481 439; baseline 0.019 -2"><span class='ocrx_word' id='word_1_548' title='bbox 3374 381 3481 439; x_wconf 66' lang='lat'>550</span> 
     </span>
    </p>
   </div>
   <div class='ocr_carea' id='block_1_69' title="bbox 1808 485 3476 567">
    <p class='ocr_par' dir='ltr' id='par_1_69' title="bbox 1808 485 3476 567">
     <span class='ocr_line' id='line_1_71' title="bbox 1808 485 3476 567; baseline 0.006 -29"><span class='ocrx_word' id='word_1_549' title='bbox 1808 485 1901 539; x_wconf 82' lang='grc' dir='ltr'>τοῦ</span> <span class='ocrx_word' id='word_1_550' title='bbox 1935 488 2213 560; x_wconf 84' lang='grc' dir='ltr'>μάρτυρος</span> <span class='ocrx_word' id='word_1_551' title='bbox 2243 491 2576 563; x_wconf 77' lang='grc' dir='ltr'>ὁμολογῆσαι</span> <span class='ocrx_word' id='word_1_552' title='bbox 2609 492 2707 565; x_wconf 79' lang='grc' dir='ltr'>τὴν</span> <span class='ocrx_word' id='word_1_553' title='bbox 2735 492 2986 565; x_wconf 81' lang='grc' dir='ltr'>δύναμιν,</span> <span class='ocrx_word' id='word_1_554' title='bbox 3040 493 3072 567; x_wconf 76' lang='grc' dir='ltr'>ἢ</span> <span class='ocrx_word' id='word_1_555' title='bbox 3113 492 3284 558; x_wconf 68' lang='grc' dir='ltr'>οὕτως</span> <span class='ocrx_word' id='word_1_556' title='bbox 3325 495 3476 550; x_wconf 74' lang='grc' dir='ltr'>ἀναίο</span> 
     </span>
    </p>
   </div>
   <div class='ocr_carea' id='block_1_70' title="bbox 1812 574 3479 647">
    <p class='ocr_par' dir='ltr' id='par_1_70' title="bbox 1812 574 3479 647">
     <span class='ocr_line' id='line_1_72' title="bbox 1812 574 3479 647; baseline 0.005 -25"><span class='ocrx_word' id='word_1_557' title='bbox 1812 586 2011 639; x_wconf 80' lang='grc' dir='ltr'>σχυντα</span> <span class='ocrx_word' id='word_1_558' title='bbox 2040 575 2504 643; x_wconf 79' lang='grc' dir='ltr'>προφασίζεσθαιί</span> <span class='ocrx_word' id='word_1_559' title='bbox 2549 576 2659 630; x_wconf 77' lang='grc' dir='ltr'>Καὶ</span> <span class='ocrx_word' id='word_1_560' title='bbox 2687 579 2716 629; x_wconf 88' lang='lat'>6</span> <span class='ocrx_word' id='word_1_561' title='bbox 2745 577 2843 647; x_wconf 86' lang='grc' dir='ltr'>μὲν</span> <span class='ocrx_word' id='word_1_562' title='bbox 2870 576 3080 645; x_wconf 85' lang='grc' dir='ltr'>δαίμων</span> <span class='ocrx_word' id='word_1_563' title='bbox 3112 574 3318 630; x_wconf 78' lang='grc' dir='ltr'>ταῦτα’</span> <span class='ocrx_word' id='word_1_564' title='bbox 3357 579 3386 630; x_wconf 90' lang='lat'>6</span> <span class='ocrx_word' id='word_1_565' title='bbox 3420 578 3479 631; x_wconf 74' lang='grc' dir='ltr'>δέ</span> 
     </span>
    </p>
   </div>
   <div class='ocr_carea' id='block_1_71' title="bbox 1811 651 3481 729">
    <p class='ocr_par' dir='ltr' id='par_1_71' title="bbox 1811 651 3481 729">
     <span class='ocr_line' id='line_1_73' title="bbox 1811 651 3481 729; baseline 0.007 -25"><span class='ocrx_word' id='word_1_566' title='bbox 1811 651 2036 723; x_wconf 84' lang='grc' dir='ltr'>ἀνόητος</span> <span class='ocrx_word' id='word_1_567' title='bbox 2067 653 2341 723; x_wconf 77' lang='grc' dir='ltr'>βασιλεὺς,</span> <span class='ocrx_word' id='word_1_568' title='bbox 2375 658 2628 729; x_wconf 87' lang='grc' dir='ltr'>καθάπερ</span> <span class='ocrx_word' id='word_1_569' title='bbox 2653 660 2710 713; x_wconf 93' lang='grc' dir='ltr'>ἐν</span> <span class='ocrx_word' id='word_1_570' title='bbox 2740 662 2912 728; x_wconf 83' lang='grc' dir='ltr'>σκηνῇ</span> <span class='ocrx_word' id='word_1_571' title='bbox 2943 657 3151 723; x_wconf 76' lang='grc' dir='ltr'>παίζων</span> <span class='ocrx_word' id='word_1_572' title='bbox 3174 659 3267 710; x_wconf 71' lang='grc' dir='ltr'>καὶ</span> <span class='ocrx_word' id='word_1_573' title='bbox 3297 658 3481 729; x_wconf 67' lang='grc' dir='ltr'>δρᾶμα</span> 
     </span>
    </p>
   </div>
   <div class='ocr_carea' id='block_1_72' title="bbox 1811 733 3478 813">
    <p class='ocr_par' dir='ltr' id='par_1_72' title="bbox 1811 733 3478 813">
     <span class='ocr_line' id='line_1_74' title="bbox 1811 733 3478 813; baseline 0.008 -28"><span class='ocrx_word' id='word_1_574' title='bbox 1811 733 2256 806; x_wconf 85' lang='grc' dir='ltr'>ὑποκρινόμενος,</span> <span class='ocrx_word' id='word_1_575' title='bbox 2289 741 2382 793; x_wconf 71' lang='grc' dir='ltr'>ἐπὶ</span> <span class='ocrx_word' id='word_1_576' title='bbox 2403 740 2495 795; x_wconf 82' lang='grc' dir='ltr'>τὸν</span> <span class='ocrx_word' id='word_1_577' title='bbox 2527 742 2797 813; x_wconf 84' lang='grc' dir='ltr'>μακάριον</span> <span class='ocrx_word' id='word_1_578' title='bbox 2817 740 3020 804; x_wconf 74' lang='grc' dir='ltr'>εὐθέως</span> <span class='ocrx_word' id='word_1_579' title='bbox 3049 738 3179 812; x_wconf 82' lang='grc' dir='ltr'>ἦλθε</span> <span class='ocrx_word' id='word_1_580' title='bbox 3208 741 3478 798; x_wconf 73' lang='grc' dir='ltr'>Βαϐύλαν.</span> 
     </span>
    </p>
   </div>
   <div class='ocr_carea' id='block_1_73' title="bbox 1812 814 3482 895">
    <p class='ocr_par' dir='ltr' id='par_1_73' title="bbox 1812 814 3482 895">
     <span class='ocr_line' id='line_1_75' title="bbox 1812 814 3482 895; baseline 0.004 -26"><span class='ocrx_word' id='word_1_581' title='bbox 1812 818 2027 883; x_wconf 84' lang='grc' dir='ltr'>Καίτοι,</span> <span class='ocrx_word' id='word_1_582' title='bbox 2065 814 2109 872; x_wconf 79' lang='grc' dir='ltr'><strong>ὦ</strong></span> <span class='ocrx_word' id='word_1_583' title='bbox 2140 823 2326 891; x_wconf 87' lang='grc' dir='ltr'>μιαροί</span> <span class='ocrx_word' id='word_1_584' title='bbox 2365 824 2461 876; x_wconf 78' lang='grc' dir='ltr'>καὶ</span> <span class='ocrx_word' id='word_1_585' title='bbox 2508 824 2823 894; x_wconf 89' lang='grc' dir='ltr'>παμμίαροι</span> <span class='ocrx_word' id='word_1_586' title='bbox 2846 863 2861 888; x_wconf 92' lang='grc'>,</span> <span class='ocrx_word' id='word_1_587' title='bbox 2894 825 2943 876; x_wconf 85' lang='grc' dir='ltr'>εἰ</span> <span class='ocrx_word' id='word_1_588' title='bbox 2980 823 3055 895; x_wconf 83' lang='grc' dir='ltr'>μὴ</span> <span class='ocrx_word' id='word_1_589' title='bbox 3085 823 3348 895; x_wconf 86' lang='grc' dir='ltr'>ἀλλήλους</span> <span class='ocrx_word' id='word_1_590' title='bbox 3392 822 3482 888; x_wconf 58' lang='grc' dir='ltr'>ἐξα</span> 
     </span>
    </p>
   </div>
   <div class='ocr_carea' id='block_1_74' title="bbox 1811 902 3481 978">
    <p class='ocr_par' dir='ltr' id='par_1_74' title="bbox 1811 902 3481 978">
     <span class='ocr_line' id='line_1_76' title="bbox 1811 902 3481 978; baseline 0.007 -28"><span class='ocrx_word' id='word_1_591' title='bbox 1811 902 2059 966; x_wconf 81' lang='grc' dir='ltr'>ηπατᾶτε</span> <span class='ocrx_word' id='word_1_592' title='bbox 2106 904 2326 967; x_wconf 86' lang='grc' dir='ltr'>ἐκόντες</span> <span class='ocrx_word' id='word_1_593' title='bbox 2372 906 2464 958; x_wconf 78' lang='grc' dir='ltr'>καὶ</span> <span class='ocrx_word' id='word_1_594' title='bbox 2512 905 2984 977; x_wconf 85' lang='grc' dir='ltr'>συνυπεκρίνασθε</span> <span class='ocrx_word' id='word_1_595' title='bbox 3035 906 3172 977; x_wconf 87' lang='grc' dir='ltr'>πρὸς</span> <span class='ocrx_word' id='word_1_596' title='bbox 3226 905 3326 978; x_wconf 79' lang='grc' dir='ltr'>τὴν</span> <span class='ocrx_word' id='word_1_597' title='bbox 3369 906 3481 961; x_wconf 80' lang='grc' dir='ltr'>τῶν</span> 
     </span>
    </p>
   </div>
   <div class='ocr_carea' id='block_1_75' title="bbox 1812 980 3482 1059">
    <p class='ocr_par' dir='ltr' id='par_1_75' title="bbox 1812 980 3482 1059">
     <span class='ocr_line' id='line_1_77' title="bbox 1812 980 3482 1059; baseline 0.006 -28"><span class='ocrx_word' id='word_1_598' title='bbox 1812 980 2014 1035; x_wconf 87' lang='grc' dir='ltr'>λοιπῶν</span> <span class='ocrx_word' id='word_1_599' title='bbox 2037 983 2333 1051; x_wconf 82' lang='grc' dir='ltr'>ἀπώλειαν,</span> <span class='ocrx_word' id='word_1_600' title='bbox 2371 985 2425 1039; x_wconf 91' lang='grc' dir='ltr'>τί</span> <span class='ocrx_word' id='word_1_601' title='bbox 2469 988 2667 1059; x_wconf 84' lang='grc' dir='ltr'>δήποτε</span> <span class='ocrx_word' id='word_1_602' title='bbox 2719 991 2784 1042; x_wconf 84' lang='grc' dir='ltr'>σὺ</span> <span class='ocrx_word' id='word_1_603' title='bbox 2830 988 2929 1059; x_wconf 84' lang='grc' dir='ltr'>μὲν</span> <span class='ocrx_word' id='word_1_604' title='bbox 2962 989 3141 1057; x_wconf 86' lang='grc' dir='ltr'>λέγεις</span> <span class='ocrx_word' id='word_1_605' title='bbox 3179 986 3482 1058; x_wconf 87' lang='grc' dir='ltr'>ἀνωνύμως</span> 
     </span>
    </p>
   </div>
   <div class='ocr_carea' id='block_1_76' title="bbox 1813 1063 3483 1142">
    <p class='ocr_par' dir='ltr' id='par_1_76' title="bbox 1813 1063 3483 1142">
     <span class='ocr_line' id='line_1_78' title="bbox 1813 1063 3483 1142; baseline 0.007 -30"><span class='ocrx_word' id='word_1_606' title='bbox 1813 1063 1908 1113; x_wconf 73' lang='grc' dir='ltr'>καὶ</span> <span class='ocrx_word' id='word_1_607' title='bbox 1940 1063 2259 1136; x_wconf 84' lang='grc' dir='ltr'>ἀδιορίστως</span> <span class='ocrx_word' id='word_1_608' title='bbox 2282 1069 2410 1131; x_wconf 74' lang='grc' dir='ltr'>τοὺς</span> <span class='ocrx_word' id='word_1_609' title='bbox 2452 1071 2709 1139; x_wconf 78' lang='grc' dir='ltr'>νεκροὺς,</span> <span class='ocrx_word' id='word_1_610' title='bbox 2749 1071 2812 1123; x_wconf 78' lang='grc' dir='ltr'>σὺ</span> <span class='ocrx_word' id='word_1_611' title='bbox 2855 1070 2912 1123; x_wconf 86' lang='grc' dir='ltr'>δὲ</span> <span class='ocrx_word' id='word_1_612' title='bbox 2936 1111 2951 1136; x_wconf 90' lang='grc'>,</span> <span class='ocrx_word' id='word_1_613' title='bbox 2984 1068 3059 1134; x_wconf 86' lang='grc' dir='ltr'>ὡς</span> <span class='ocrx_word' id='word_1_614' title='bbox 3087 1070 3349 1142; x_wconf 73' lang='grc' dir='ltr'>ὀνομαστὶ</span> <span class='ocrx_word' id='word_1_615' title='bbox 3387 1071 3483 1130; x_wconf 77' lang='grc' dir='ltr'>καὶ</span> 
     </span>
    </p>
   </div>
   <div class='ocr_carea' id='block_1_77' title="bbox 1818 1144 3484 1225">
    <p class='ocr_par' dir='ltr' id='par_1_77' title="bbox 1818 1144 3484 1225">
     <span class='ocr_line' id='line_1_79' title="bbox 1818 1144 3484 1225; baseline 0.008 -32"><span class='ocrx_word' id='word_1_616' title='bbox 1818 1144 1957 1212; x_wconf 85' lang='grc' dir='ltr'>μετά</span> <span class='ocrx_word' id='word_1_617' title='bbox 1982 1144 2262 1218; x_wconf 82' lang='grc' dir='ltr'>διορισμοῦ</span> <span class='ocrx_word' id='word_1_618' title='bbox 2290 1166 2435 1213; x_wconf 89' lang='grc' dir='ltr'>τινος</span> <span class='ocrx_word' id='word_1_619' title='bbox 2468 1150 2729 1218; x_wconf 89' lang='grc' dir='ltr'>ἀκούσας,</span> <span class='ocrx_word' id='word_1_620' title='bbox 2754 1152 2863 1206; x_wconf 86' lang='grc' dir='ltr'>τῶν</span> <span class='ocrx_word' id='word_1_621' title='bbox 2888 1152 3064 1206; x_wconf 78' lang='grc' dir='ltr'>ἄλλων</span> <span class='ocrx_word' id='word_1_622' title='bbox 3092 1152 3245 1225; x_wconf 77' lang='grc'>[561]</span> <span class='ocrx_word' id='word_1_623' title='bbox 3276 1152 3484 1222; x_wconf 82' lang='grc' dir='ltr'>ἀφέμε-</span> 
     </span>
    </p>
   </div>
   <div class='ocr_carea' id='block_1_78' title="bbox 1815 1227 3481 1306">
    <p class='ocr_par' dir='ltr' id='par_1_78' title="bbox 1815 1227 3481 1306">
     <span class='ocr_line' id='line_1_80' title="bbox 1815 1227 3481 1306; baseline 0.006 -30"><span class='ocrx_word' id='word_1_624' title='bbox 1815 1241 1905 1289; x_wconf 90' lang='grc' dir='ltr'>νος</span> <span class='ocrx_word' id='word_1_625' title='bbox 1943 1227 2036 1280; x_wconf 85' lang='grc' dir='ltr'>τὸν</span> <span class='ocrx_word' id='word_1_626' title='bbox 2078 1230 2233 1298; x_wconf 84' lang='grc' dir='ltr'>ἆγιον</span> <span class='ocrx_word' id='word_1_627' title='bbox 2266 1233 2425 1303; x_wconf 85' lang='grc' dir='ltr'>μόνον</span> <span class='ocrx_word' id='word_1_628' title='bbox 2453 1237 2654 1301; x_wconf 70' lang='grc' dir='ltr'>κινεῖς’;</span> <span class='ocrx_word' id='word_1_629' title='bbox 2697 1236 2898 1306; x_wconf 79' lang='grc' dir='ltr'>Ἐχρῆν</span> <span class='ocrx_word' id='word_1_630' title='bbox 2925 1236 3035 1304; x_wconf 87' lang='lat'>7&amp;9</span> <span class='ocrx_word' id='word_1_631' title='bbox 3068 1234 3211 1288; x_wconf 81' lang='grc' dir='ltr'>κατὰ</span> <span class='ocrx_word' id='word_1_632' title='bbox 3247 1234 3347 1305; x_wconf 86' lang='grc' dir='ltr'>τὴν</span> <span class='ocrx_word' id='word_1_633' title='bbox 3384 1234 3481 1287; x_wconf 91' lang='grc' dir='ltr'>τοῦ</span> 
     </span>
    </p>
   </div>
   <div class='ocr_carea' id='block_1_79' title="bbox 1815 1307 3483 1391">
    <p class='ocr_par' dir='ltr' id='par_1_79' title="bbox 1815 1307 3483 1391">
     <span class='ocr_line' id='line_1_81' title="bbox 1815 1307 3483 1391; baseline 0.009 -31"><span class='ocrx_word' id='word_1_634' title='bbox 1815 1307 2067 1391; x_wconf 79' lang='grc' dir='ltr'>δαίμονος</span> <span class='ocrx_word' id='word_1_635' title='bbox 2106 1316 2384 1383; x_wconf 87' lang='grc' dir='ltr'>ἀπόφασιν</span> <span class='ocrx_word' id='word_1_636' title='bbox 2424 1318 2604 1381; x_wconf 86' lang='grc' dir='ltr'>πάσας</span> <span class='ocrx_word' id='word_1_637' title='bbox 2635 1319 2953 1391; x_wconf 87' lang='grc' dir='ltr'>ἀνορύττειν</span> <span class='ocrx_word' id='word_1_638' title='bbox 2982 1318 3081 1380; x_wconf 87' lang='grc' dir='ltr'>τάς</span> <span class='ocrx_word' id='word_1_639' title='bbox 3111 1318 3169 1369; x_wconf 87' lang='grc' dir='ltr'>ἐν</span> <span class='ocrx_word' id='word_1_640' title='bbox 3193 1320 3260 1388; x_wconf 82' lang='grc' dir='ltr'>τῇ</span> <span class='ocrx_word' id='word_1_641' title='bbox 3297 1317 3483 1388; x_wconf 77' lang='grc' dir='ltr'>Δάφνῃ</span> 
     </span>
    </p>
   </div>
   <div class='ocr_carea' id='block_1_80' title="bbox 1818 1389 3485 1471">
    <p class='ocr_par' dir='ltr' id='par_1_80' title="bbox 1818 1389 3485 1471">
     <span class='ocr_line' id='line_1_82' title="bbox 1818 1389 3485 1471; baseline 0.001 -22"><span class='ocrx_word' id='word_1_642' title='bbox 1818 1389 2011 1461; x_wconf 83' lang='grc' dir='ltr'>θήκας,</span> <span class='ocrx_word' id='word_1_643' title='bbox 2062 1398 2156 1449; x_wconf 62' lang='grc' dir='ltr'>καὶ.</span> <span class='ocrx_word' id='word_1_644' title='bbox 2197 1399 2259 1451; x_wconf 83' lang='grc' dir='ltr'>τὸ</span> <span class='ocrx_word' id='word_1_645' title='bbox 2291 1400 2687 1471; x_wconf 85' lang='grc' dir='ltr'>μορμολυκεῖον</span> <span class='ocrx_word' id='word_1_646' title='bbox 2719 1389 2817 1471; x_wconf 80' lang='grc' dir='ltr'>τῆς</span> <span class='ocrx_word' id='word_1_647' title='bbox 2846 1402 2953 1454; x_wconf 87' lang='grc' dir='ltr'>τῶν</span> <span class='ocrx_word' id='word_1_648' title='bbox 2986 1402 3124 1453; x_wconf 86' lang='grc' dir='ltr'>θεῶν</span> <span class='ocrx_word' id='word_1_649' title='bbox 3155 1400 3330 1469; x_wconf 74' lang='grc' dir='ltr'>ὅψεως</span> <span class='ocrx_word' id='word_1_650' title='bbox 3378 1403 3485 1453; x_wconf 85' lang='grc' dir='ltr'>ἀπ-</span> 
     </span>
    </p>
   </div>
   <div class='ocr_carea' id='block_1_81' title="bbox 1817 1470 3484 1555">
    <p class='ocr_par' dir='ltr' id='par_1_81' title="bbox 1817 1470 3484 1555">
     <span class='ocr_line' id='line_1_83' title="bbox 1817 1470 3484 1555; baseline 0.007 -32"><span class='ocrx_word' id='word_1_651' title='bbox 1817 1470 1973 1541; x_wconf 86' lang='grc' dir='ltr'>άγειν</span> <span class='ocrx_word' id='word_1_652' title='bbox 2002 1477 2080 1542; x_wconf 87' lang='grc' dir='ltr'>ὠς</span> <span class='ocrx_word' id='word_1_653' title='bbox 2113 1470 2473 1552; x_wconf 80' lang='grc' dir='ltr'>πορρωτάτω.</span> <span class='ocrx_word' id='word_1_654' title='bbox 2515 1484 2654 1536; x_wconf 84' lang='grc' dir='ltr'>Ἀλλ’</span> <span class='ocrx_word' id='word_1_655' title='bbox 2685 1484 2745 1536; x_wconf 79' lang='grc' dir='ltr'>οὐ</span> <span class='ocrx_word' id='word_1_656' title='bbox 2778 1470 2907 1555; x_wconf 77' lang='grc' dir='ltr'>περὶ</span> <span class='ocrx_word' id='word_1_657' title='bbox 2945 1485 3164 1537; x_wconf 90' lang='grc' dir='ltr'>πάντων</span> <span class='ocrx_word' id='word_1_658' title='bbox 3199 1484 3321 1540; x_wconf 80' lang='grc' dir='ltr'>εἰπε</span> <span class='ocrx_word' id='word_1_659' title='bbox 3375 1483 3484 1536; x_wconf 88' lang='grc' dir='ltr'>τῶν</span> 
     </span>
    </p>
   </div>
   <div class='ocr_carea' id='block_1_82' title="bbox 1819 1558 3488 1638">
    <p class='ocr_par' dir='ltr' id='par_1_82' title="bbox 1819 1558 3488 1638">
     <span class='ocr_line' id='line_1_84' title="bbox 1819 1558 3488 1638; baseline 0.006 -30"><span class='ocrx_word' id='word_1_660' title='bbox 1819 1558 2049 1638; x_wconf 81' lang='grc' dir='ltr'>νεκρῶν.</span> <span class='ocrx_word' id='word_1_661' title='bbox 2087 1562 2153 1616; x_wconf 90' lang='grc' dir='ltr'>Τί</span> <span class='ocrx_word' id='word_1_662' title='bbox 2182 1561 2275 1618; x_wconf 80' lang='grc' dir='ltr'>οὖν</span> <span class='ocrx_word' id='word_1_663' title='bbox 2297 1566 2454 1619; x_wconf 87' lang='grc' dir='ltr'>τοῦτο</span> <span class='ocrx_word' id='word_1_664' title='bbox 2479 1567 2540 1620; x_wconf 91' lang='grc' dir='ltr'>οὑ</span> <span class='ocrx_word' id='word_1_665' title='bbox 2566 1566 2865 1638; x_wconf 76' lang='grc' dir='ltr'>διαρρήδην</span> <span class='ocrx_word' id='word_1_666' title='bbox 2888 1566 3269 1637; x_wconf 84' lang='grc' dir='ltr'>ὡμολόγησεν;</span> <span class='ocrx_word' id='word_1_667' title='bbox 3294 1563 3372 1620; x_wconf 86' lang='grc' dir='ltr'>Ἦ</span> <span class='ocrx_word' id='word_1_668' title='bbox 3404 1567 3488 1619; x_wconf 78' lang='grc' dir='ltr'>σοὶ</span> 
     </span>
    </p>
   </div>
   <div class='ocr_carea' id='block_1_83' title="bbox 1817 1637 3490 1721">
    <p class='ocr_par' dir='ltr' id='par_1_83' title="bbox 1817 1637 3490 1721">
     <span class='ocr_line' id='line_1_85' title="bbox 1817 1637 3490 1721; baseline 0.005 -28"><span class='ocrx_word' id='word_1_669' title='bbox 1817 1637 1880 1690; x_wconf 79' lang='grc' dir='ltr'>τὸ</span> <span class='ocrx_word' id='word_1_670' title='bbox 1924 1641 2109 1713; x_wconf 83' lang='grc' dir='ltr'>δρᾶμα</span> <span class='ocrx_word' id='word_1_671' title='bbox 2154 1647 2572 1719; x_wconf 84' lang='grc' dir='ltr'>ὑποκρινομένῳ</span> <span class='ocrx_word' id='word_1_672' title='bbox 2616 1637 2718 1718; x_wconf 77' lang='grc' dir='ltr'>τῆς</span> <span class='ocrx_word' id='word_1_673' title='bbox 2762 1648 2972 1719; x_wconf 85' lang='grc' dir='ltr'>πλάνης</span> <span class='ocrx_word' id='word_1_674' title='bbox 3013 1648 3172 1702; x_wconf 87' lang='grc' dir='ltr'>τοῦτο</span> <span class='ocrx_word' id='word_1_675' title='bbox 3204 1649 3385 1721; x_wconf 78' lang='grc' dir='ltr'>ἀφῆκε</span> <span class='ocrx_word' id='word_1_676' title='bbox 3427 1649 3490 1702; x_wconf 81' lang='grc' dir='ltr'>τὸ</span> 
     </span>
    </p>
   </div>
   <div class='ocr_carea' id='block_1_84' title="bbox 1820 1723 3488 1803">
    <p class='ocr_par' dir='ltr' id='par_1_84' title="bbox 1820 1723 3488 1803">
     <span class='ocr_line' id='line_1_86' title="bbox 1820 1723 3488 1803; baseline 0.007 -29"><span class='ocrx_word' id='word_1_677' title='bbox 1820 1723 2072 1795; x_wconf 77' lang='grc' dir='ltr'>αἴνιγμα.</span> <span class='ocrx_word' id='word_1_678' title='bbox 2129 1728 2272 1797; x_wconf 88' lang='grc' dir='ltr'>Ἐγὼ</span> <span class='ocrx_word' id='word_1_679' title='bbox 2322 1732 2421 1801; x_wconf 85' lang='grc' dir='ltr'>μὲν</span> <span class='ocrx_word' id='word_1_680' title='bbox 2468 1731 2578 1802; x_wconf 81' lang='grc' dir='ltr'>γὰρ</span> <span class='ocrx_word' id='word_1_681' title='bbox 2626 1732 2772 1800; x_wconf 87' lang='grc' dir='ltr'>λέγω</span> <span class='ocrx_word' id='word_1_682' title='bbox 2826 1731 2954 1795; x_wconf 80' lang='grc' dir='ltr'>τοὺς</span> <span class='ocrx_word' id='word_1_683' title='bbox 3007 1733 3255 1802; x_wconf 83' lang='grc' dir='ltr'>νεκροὺς,</span> <span class='ocrx_word' id='word_1_684' title='bbox 3301 1734 3488 1803; x_wconf 78' lang='grc' dir='ltr'>φησὶν,</span> 
     </span>
    </p>
   </div>
   <div class='ocr_carea' id='block_1_85' title="bbox 1819 1806 3487 1887">
    <p class='ocr_par' dir='ltr' id='par_1_85' title="bbox 1819 1806 3487 1887">
     <span class='ocr_line' id='line_1_87' title="bbox 1819 1806 3487 1887; baseline 0.004 -26"><span class='ocrx_word' id='word_1_685' title='bbox 1819 1806 1961 1861; x_wconf 84' lang='grc' dir='ltr'>ὥστε</span> <span class='ocrx_word' id='word_1_686' title='bbox 1991 1808 2068 1881; x_wconf 82' lang='grc' dir='ltr'>μὴ</span> <span class='ocrx_word' id='word_1_687' title='bbox 2096 1810 2262 1883; x_wconf 87' lang='grc' dir='ltr'>δήλην</span> <span class='ocrx_word' id='word_1_688' title='bbox 2288 1815 2541 1881; x_wconf 86' lang='grc' dir='ltr'>γενέσθαι</span> <span class='ocrx_word' id='word_1_689' title='bbox 2580 1816 2678 1886; x_wconf 83' lang='grc' dir='ltr'>τὴν</span> <span class='ocrx_word' id='word_1_690' title='bbox 2702 1811 2874 1887; x_wconf 83' lang='grc' dir='ltr'>ἧτταν</span> <span class='ocrx_word' id='word_1_691' title='bbox 2898 1832 2912 1847; x_wconf 89' lang='grc'><strong>·</strong></span> <span class='ocrx_word' id='word_1_692' title='bbox 2949 1814 3043 1867; x_wconf 77' lang='grc' dir='ltr'>καὶ</span> <span class='ocrx_word' id='word_1_693' title='bbox 3064 1814 3238 1878; x_wconf 86' lang='grc' dir='ltr'>ἀλλως</span> <span class='ocrx_word' id='word_1_694' title='bbox 3266 1814 3375 1885; x_wconf 88' lang='grc' dir='ltr'>γὰρ</span> <span class='ocrx_word' id='word_1_695' title='bbox 3400 1814 3487 1867; x_wconf 82' lang='grc' dir='ltr'>δέ-</span> 
     </span>
    </p>
   </div>
   <div class='ocr_carea' id='block_1_86' title="bbox 1820 1887 3490 1969">
    <p class='ocr_par' dir='ltr' id='par_1_86' title="bbox 1820 1887 3490 1969">
     <span class='ocr_line' id='line_1_88' title="bbox 1820 1887 3490 1969; baseline 0.007 -28"><span class='ocrx_word' id='word_1_696' title='bbox 1820 1887 1974 1943; x_wconf 89' lang='grc' dir='ltr'>δοικα</span> <span class='ocrx_word' id='word_1_697' title='bbox 2005 1893 2267 1964; x_wconf 75' lang='grc' dir='ltr'>ὀνομαστὶ</span> <span class='ocrx_word' id='word_1_698' title='bbox 2292 1897 2382 1950; x_wconf 82' lang='grc' dir='ltr'>τὸν</span> <span class='ocrx_word' id='word_1_699' title='bbox 2415 1896 2571 1967; x_wconf 75' lang='grc' dir='ltr'>ἅγιον</span> <span class='ocrx_word' id='word_1_700' title='bbox 2616 1901 2814 1964; x_wconf 83' lang='grc' dir='ltr'>εἰπεῖν,</span> <span class='ocrx_word' id='word_1_701' title='bbox 2864 1897 2927 1950; x_wconf 83' lang='grc' dir='ltr'>σὺ</span> <span class='ocrx_word' id='word_1_702' title='bbox 2966 1897 3028 1949; x_wconf 88' lang='grc' dir='ltr'>δέ</span> <span class='ocrx_word' id='word_1_703' title='bbox 3058 1900 3168 1951; x_wconf 90' lang='grc' dir='ltr'>νόει</span> <span class='ocrx_word' id='word_1_704' title='bbox 3192 1898 3253 1950; x_wconf 87' lang='grc' dir='ltr'>τὸ</span> <span class='ocrx_word' id='word_1_705' title='bbox 3278 1898 3490 1969; x_wconf 86' lang='grc' dir='ltr'>λεχθὲν,</span> 
     </span>
    </p>
   </div>
   <div class='ocr_carea' id='block_1_87' title="bbox 1820 1974 3492 2054">
    <p class='ocr_par' dir='ltr' id='par_1_87' title="bbox 1820 1974 3492 2054">
     <span class='ocr_line' id='line_1_89' title="bbox 1820 1974 3492 2054; baseline 0.008 -28"><span class='ocrx_word' id='word_1_706' title='bbox 1820 1974 1916 2026; x_wconf 73' lang='grc' dir='ltr'>καὶ</span> <span class='ocrx_word' id='word_1_707' title='bbox 1946 1976 2069 2028; x_wconf 81' lang='grc' dir='ltr'>ἀντὶ</span> <span class='ocrx_word' id='word_1_708' title='bbox 2095 1977 2313 2032; x_wconf 84' lang='grc' dir='ltr'>πάντων</span> <span class='ocrx_word' id='word_1_709' title='bbox 2347 1980 2487 2034; x_wconf 86' lang='grc' dir='ltr'>κίνει</span> <span class='ocrx_word' id='word_1_710' title='bbox 2517 1981 2609 2034; x_wconf 82' lang='grc' dir='ltr'>τὸν</span> <span class='ocrx_word' id='word_1_711' title='bbox 2645 1982 2901 2053; x_wconf 87' lang='grc' dir='ltr'>μάρτυρα</span> <span class='ocrx_word' id='word_1_712' title='bbox 2920 1999 2934 2012; x_wconf 84' lang='grc'><strong>·</strong></span> <span class='ocrx_word' id='word_1_713' title='bbox 2974 1984 3179 2046; x_wconf 86' lang='grc' dir='ltr'>ἐκεῖνος</span> <span class='ocrx_word' id='word_1_714' title='bbox 3210 1983 3318 2054; x_wconf 83' lang='grc' dir='ltr'>γὰρ</span> <span class='ocrx_word' id='word_1_715' title='bbox 3344 1984 3492 2054; x_wconf 78' lang='grc' dir='ltr'>ἡμᾶς</span> 
     </span>
    </p>
   </div>
   <div class='ocr_carea' id='block_1_88' title="bbox 1822 2057 3494 2139">
    <p class='ocr_par' dir='ltr' id='par_1_88' title="bbox 1822 2057 3494 2139">
     <span class='ocr_line' id='line_1_90' title="bbox 1822 2057 3494 2139; baseline 0.007 -31"><span class='ocrx_word' id='word_1_716' title='bbox 1822 2057 2170 2129; x_wconf 85' lang='grc' dir='ltr'>ἐπεστόμισε.</span> <span class='ocrx_word' id='word_1_717' title='bbox 2202 2062 2481 2135; x_wconf 79' lang='grc' dir='ltr'>Τοσαύτην</span> <span class='ocrx_word' id='word_1_718' title='bbox 2502 2066 2751 2133; x_wconf 76' lang='grc' dir='ltr'>κατέγνω</span> <span class='ocrx_word' id='word_1_719' title='bbox 2784 2065 3170 2136; x_wconf 82' lang='grc' dir='ltr'>παραπληξίαν</span> <span class='ocrx_word' id='word_1_720' title='bbox 3195 2066 3302 2120; x_wconf 89' lang='grc' dir='ltr'>τῶν</span> <span class='ocrx_word' id='word_1_721' title='bbox 3331 2065 3494 2139; x_wconf 88' lang='grc' dir='ltr'>θερα-</span> 
     </span>
    </p>
   </div>
   <div class='ocr_carea' id='block_1_89' title="bbox 1824 2142 3494 2220">
    <p class='ocr_par' dir='ltr' id='par_1_89' title="bbox 1824 2142 3494 2220">
     <span class='ocr_line' id='line_1_91' title="bbox 1824 2142 3494 2220; baseline 0.005 -26"><span class='ocrx_word' id='word_1_722' title='bbox 1824 2142 2099 2195; x_wconf 89' lang='grc' dir='ltr'>πευόντων</span> <span class='ocrx_word' id='word_1_723' title='bbox 2125 2145 2305 2208; x_wconf 79' lang='grc' dir='ltr'>αὑτὸν,</span> <span class='ocrx_word' id='word_1_724' title='bbox 2333 2145 2409 2209; x_wconf 82' lang='grc' dir='ltr'>ὡς</span> <span class='ocrx_word' id='word_1_725' title='bbox 2430 2145 2573 2200; x_wconf 79' lang='grc' dir='ltr'>οὕτω</span> <span class='ocrx_word' id='word_1_726' title='bbox 2597 2148 2836 2218; x_wconf 84' lang='grc' dir='ltr'>φανερὰν</span> <span class='ocrx_word' id='word_1_727' title='bbox 2865 2149 3078 2219; x_wconf 77' lang='grc' dir='ltr'>ἀπάτην</span> <span class='ocrx_word' id='word_1_728' title='bbox 3102 2150 3177 2220; x_wconf 79' lang='grc' dir='ltr'>μὴ</span> <span class='ocrx_word' id='word_1_729' title='bbox 3195 2144 3494 2220; x_wconf 83' lang='grc' dir='ltr'>δυνηθῆναι</span> 
     </span>
    </p>
   </div>
   <div class='ocr_carea' id='block_1_90' title="bbox 1827 2224 3497 2305">
    <p class='ocr_par' dir='ltr' id='par_1_90' title="bbox 1827 2224 3497 2305">
     <span class='ocr_line' id='line_1_92' title="bbox 1827 2224 3497 2305; baseline 0.01 -32"><span class='ocrx_word' id='word_1_730' title='bbox 1827 2224 2076 2279; x_wconf 89' lang='grc' dir='ltr'>συνιδεῖν.</span> <span class='ocrx_word' id='word_1_731' title='bbox 2134 2228 2197 2280; x_wconf 86' lang='grc' dir='ltr'>Εἰ</span> <span class='ocrx_word' id='word_1_732' title='bbox 2226 2230 2335 2301; x_wconf 88' lang='lat'>7&amp;9</span> <span class='ocrx_word' id='word_1_733' title='bbox 2369 2231 2736 2301; x_wconf 79' lang='grc' dir='ltr'>ἐξεστήκεσαν</span> <span class='ocrx_word' id='word_1_734' title='bbox 2768 2234 3028 2296; x_wconf 78' lang='grc' dir='ltr'>ἅπαντες,</span> <span class='ocrx_word' id='word_1_735' title='bbox 3072 2234 3120 2283; x_wconf 86' lang='grc' dir='ltr'>εί</span> <span class='ocrx_word' id='word_1_736' title='bbox 3145 2231 3254 2302; x_wconf 85' lang='lat'>7&amp;9</span> <span class='ocrx_word' id='word_1_737' title='bbox 3284 2234 3497 2305; x_wconf 85' lang='grc' dir='ltr'>ἐμεμή-</span> 
     </span>
    </p>
   </div>
   <div class='ocr_carea' id='block_1_91' title="bbox 1825 2309 3497 2386">
    <p class='ocr_par' dir='ltr' id='par_1_91' title="bbox 1825 2309 3497 2386">
     <span class='ocr_line' id='line_1_93' title="bbox 1825 2309 3497 2386; baseline 0.007 -28"><span class='ocrx_word' id='word_1_738' title='bbox 1825 2323 1985 2360; x_wconf 90' lang='grc' dir='ltr'>νεσαν</span> <span class='ocrx_word' id='word_1_739' title='bbox 2005 2350 2019 2374; x_wconf 92' lang='grc'>,</span> <span class='ocrx_word' id='word_1_740' title='bbox 2058 2309 2167 2363; x_wconf 81' lang='grc' dir='ltr'>οὐδ’</span> <span class='ocrx_word' id='word_1_741' title='bbox 2192 2311 2258 2366; x_wconf 88' lang='grc' dir='ltr'>ἂν</span> <span class='ocrx_word' id='word_1_742' title='bbox 2285 2312 2429 2366; x_wconf 75' lang='grc' dir='ltr'>οὕτω</span> <span class='ocrx_word' id='word_1_743' title='bbox 2458 2314 2713 2384; x_wconf 84' lang='grc' dir='ltr'>διέφυγον</span> <span class='ocrx_word' id='word_1_744' title='bbox 2751 2314 2849 2386; x_wconf 85' lang='grc' dir='ltr'>τὴν</span> <span class='ocrx_word' id='word_1_745' title='bbox 2880 2314 2982 2384; x_wconf 80' lang='grc' dir='ltr'>τῆς</span> <span class='ocrx_word' id='word_1_746' title='bbox 3014 2316 3183 2384; x_wconf 72' lang='grc' dir='ltr'>ἥττης</span> <span class='ocrx_word' id='word_1_747' title='bbox 3215 2316 3497 2385; x_wconf 80' lang='grc' dir='ltr'>κατάγνω·</span> 
     </span>
    </p>
   </div>
   <div class='ocr_carea' id='block_1_92' title="bbox 1829 2391 3493 2471">
    <p class='ocr_par' dir='ltr' id='par_1_92' title="bbox 1829 2391 3493 2471">
     <span class='ocr_line' id='line_1_94' title="bbox 1829 2391 3493 2471; baseline 0.007 -30"><span class='ocrx_word' id='word_1_748' title='bbox 1829 2404 1931 2456; x_wconf 89' lang='grc' dir='ltr'>σιν,</span> <span class='ocrx_word' id='word_1_749' title='bbox 1960 2391 2101 2446; x_wconf 77' lang='grc' dir='ltr'>οὕτω</span> <span class='ocrx_word' id='word_1_750' title='bbox 2132 2396 2342 2468; x_wconf 87' lang='grc' dir='ltr'>φανερά</span> <span class='ocrx_word' id='word_1_751' title='bbox 2370 2397 2533 2451; x_wconf 79' lang='grc' dir='ltr'>πᾶσίν</span> <span class='ocrx_word' id='word_1_752' title='bbox 2564 2400 2679 2451; x_wconf 89' lang='grc' dir='ltr'>ἐστι</span> <span class='ocrx_word' id='word_1_753' title='bbox 2703 2399 2796 2452; x_wconf 89' lang='grc' dir='ltr'>καί</span> <span class='ocrx_word' id='word_1_754' title='bbox 2823 2401 3017 2471; x_wconf 81' lang='grc' dir='ltr'>σαφής.</span> <span class='ocrx_word' id='word_1_755' title='bbox 3048 2400 3110 2453; x_wconf 76' lang='lat' dir='ltr'>El</span> <span class='ocrx_word' id='word_1_756' title='bbox 3137 2399 3246 2470; x_wconf 90' lang='lat'>7&amp;9</span> <span class='ocrx_word' id='word_1_757' title='bbox 3276 2400 3493 2471; x_wconf 84' lang='grc' dir='ltr'>μίασμά</span> 
     </span>
    </p>
   </div>
   <div class='ocr_carea' id='block_1_93' title="bbox 1826 2479 3495 2557">
    <p class='ocr_par' dir='ltr' id='par_1_93' title="bbox 1826 2479 3495 2557">
     <span class='ocr_line' id='line_1_95' title="bbox 1826 2479 3495 2557; baseline 0.006 -31"><span class='ocrx_word' id='word_1_758' title='bbox 1826 2490 1878 2526; x_wconf 89' lang='grc' dir='ltr'>τι</span> <span class='ocrx_word' id='word_1_759' title='bbox 1912 2480 2004 2528; x_wconf 76' lang='grc' dir='ltr'>καὶ</span> <span class='ocrx_word' id='word_1_760' title='bbox 2037 2479 2205 2548; x_wconf 87' lang='grc' dir='ltr'>μύσος</span> <span class='ocrx_word' id='word_1_761' title='bbox 2246 2481 2413 2547; x_wconf 75' lang='grc' dir='ltr'>ἐστὶν,</span> <span class='ocrx_word' id='word_1_762' title='bbox 2442 2481 2517 2545; x_wconf 84' lang='grc' dir='ltr'>ὼς</span> <span class='ocrx_word' id='word_1_763' title='bbox 2549 2484 2688 2553; x_wconf 81' lang='grc' dir='ltr'>φῂς,</span> <span class='ocrx_word' id='word_1_764' title='bbox 2737 2484 2807 2536; x_wconf 87' lang='grc' dir='ltr'>τὰ</span> <span class='ocrx_word' id='word_1_765' title='bbox 2836 2485 3007 2557; x_wconf 87' lang='grc' dir='ltr'>νεκρὰ</span> <span class='ocrx_word' id='word_1_766' title='bbox 3037 2483 3145 2539; x_wconf 85' lang='grc' dir='ltr'>τῶν</span> <span class='ocrx_word' id='word_1_767' title='bbox 3189 2482 3495 2555; x_wconf 83' lang='grc' dir='ltr'>ἀνθρώπων</span> 
     </span>
    </p>
   </div>
   <div class='ocr_carea' id='block_1_94' title="bbox 1830 2558 3499 2638">
    <p class='ocr_par' dir='ltr' id='par_1_94' title="bbox 1830 2558 3499 2638">
     <span class='ocr_line' id='line_1_96' title="bbox 1830 2558 3499 2638; baseline 0.004 -27"><span class='ocrx_word' id='word_1_768' title='bbox 1830 2558 2081 2631; x_wconf 88' lang='grc' dir='ltr'>σώματα,</span> <span class='ocrx_word' id='word_1_769' title='bbox 2108 2564 2287 2635; x_wconf 85' lang='grc' dir='ltr'>πολλῷ</span> <span class='ocrx_word' id='word_1_770' title='bbox 2322 2565 2521 2636; x_wconf 77' lang='grc' dir='ltr'>μᾶλλον</span> <span class='ocrx_word' id='word_1_771' title='bbox 2548 2568 2614 2619; x_wconf 73' lang='grc' dir='ltr'>τὰ</span> <span class='ocrx_word' id='word_1_772' title='bbox 2645 2566 2751 2619; x_wconf 87' lang='grc' dir='ltr'>τῶν</span> <span class='ocrx_word' id='word_1_773' title='bbox 2791 2566 3026 2637; x_wconf 86' lang='grc' dir='ltr'>ἀλόγων,</span> <span class='ocrx_word' id='word_1_774' title='bbox 3057 2568 3168 2638; x_wconf 79' lang='grc' dir='ltr'>ὅσῳ</span> <span class='ocrx_word' id='word_1_775' title='bbox 3197 2568 3291 2620; x_wconf 74' lang='grc' dir='ltr'>καὶ</span> <span class='ocrx_word' id='word_1_776' title='bbox 3320 2565 3381 2619; x_wconf 74' lang='grc' dir='ltr'>τὸ</span> <span class='ocrx_word' id='word_1_777' title='bbox 3408 2566 3499 2633; x_wconf 80' lang='grc' dir='ltr'>γέ-</span> 
     </span>
    </p>
   </div>
   <div class='ocr_carea' id='block_1_95' title="bbox 1827 2646 3499 2718">
    <p class='ocr_par' dir='ltr' id='par_1_95' title="bbox 1827 2646 3499 2718">
     <span class='ocr_line' id='line_1_97' title="bbox 1827 2646 3499 2718; baseline 0.003 -24"><span class='ocrx_word' id='word_1_778' title='bbox 1827 2646 2278 2718; x_wconf 83' lang='grc' dir='ltr'>νος·ἀτιμότερον</span> <span class='ocrx_word' id='word_1_779' title='bbox 2310 2648 2405 2701; x_wconf 89' lang='grc' dir='ltr'>τοῦ</span> <span class='ocrx_word' id='word_1_780' title='bbox 2450 2649 2641 2717; x_wconf 89' lang='grc' dir='ltr'>γένους</span> <span class='ocrx_word' id='word_1_781' title='bbox 2660 2666 2673 2680; x_wconf 78' lang='lat'>&#39;</span> <span class='ocrx_word' id='word_1_782' title='bbox 2708 2649 2920 2702; x_wconf 87' lang='grc' dir='ltr'>πολλῶν</span> <span class='ocrx_word' id='word_1_783' title='bbox 2950 2649 3007 2703; x_wconf 88' lang='grc' dir='ltr'>δέ</span> <span class='ocrx_word' id='word_1_784' title='bbox 3038 2650 3134 2702; x_wconf 77' lang='grc' dir='ltr'>καί.</span> <span class='ocrx_word' id='word_1_785' title='bbox 3163 2648 3375 2712; x_wconf 83' lang='grc' dir='ltr'>κυνῶν,</span> <span class='ocrx_word' id='word_1_786' title='bbox 3402 2649 3499 2701; x_wconf 81' lang='grc' dir='ltr'>καὶ</span> 
     </span>
    </p>
   </div>
   <div class='ocr_carea' id='block_1_96' title="bbox 1829 2726 3497 2802">
    <p class='ocr_par' dir='ltr' id='par_1_96' title="bbox 1829 2726 3497 2802">
     <span class='ocr_line' id='line_1_98' title="bbox 1829 2726 3497 2802; baseline 0.003 -25"><span class='ocrx_word' id='word_1_787' title='bbox 1829 2726 2101 2796; x_wconf 85' lang='grc' dir='ltr'>πιθήκων,</span> <span class='ocrx_word' id='word_1_788' title='bbox 2120 2731 2214 2781; x_wconf 74' lang='grc' dir='ltr'>καὶ</span> <span class='ocrx_word' id='word_1_789' title='bbox 2229 2730 2365 2785; x_wconf 75' lang='grc' dir='ltr'>ὄνων</span> <span class='ocrx_word' id='word_1_790' title='bbox 2384 2731 2521 2785; x_wconf 88' lang='grc' dir='ltr'>ὀστᾶ</span> <span class='ocrx_word' id='word_1_791' title='bbox 2545 2731 2771 2801; x_wconf 83' lang='grc' dir='ltr'>πλησίον</span> <span class='ocrx_word' id='word_1_792' title='bbox 2796 2731 2889 2785; x_wconf 85' lang='grc' dir='ltr'>τοῦ</span> <span class='ocrx_word' id='word_1_793' title='bbox 2909 2730 3037 2785; x_wconf 84' lang='grc' dir='ltr'>ναοῦ</span> <span class='ocrx_word' id='word_1_794' title='bbox 3061 2728 3497 2802; x_wconf 78' lang='grc' dir='ltr'>κατορώρυκται,</span> 
     </span>
    </p>
   </div>
   <div class='ocr_carea' id='block_1_97' title="bbox 1833 2809 3502 2884">
    <p class='ocr_par' dir='ltr' id='par_1_97' title="bbox 1833 2809 3502 2884">
     <span class='ocr_line' id='line_1_99' title="bbox 1833 2809 3502 2884; baseline 0.002 -23"><span class='ocrx_word' id='word_1_795' title='bbox 1833 2810 1925 2861; x_wconf 79' lang='grc' dir='ltr'>καὶ</span> <span class='ocrx_word' id='word_1_796' title='bbox 1934 2809 2063 2862; x_wconf 87' lang='grc' dir='ltr'>ταῦτ</span> <span class='ocrx_word' id='word_1_797' title='bbox 2073 2825 2105 2862; x_wconf 87' lang='grc' dir='ltr'>α</span> <span class='ocrx_word' id='word_1_798' title='bbox 2123 2812 2321 2881; x_wconf 82' lang='grc' dir='ltr'>μᾶλλον</span> <span class='ocrx_word' id='word_1_799' title='bbox 2342 2814 2506 2883; x_wconf 82' lang='grc' dir='ltr'>ἐχρῆν</span> <span class='ocrx_word' id='word_1_800' title='bbox 2530 2816 2839 2883; x_wconf 84' lang='grc' dir='ltr'>μετακινεῖν</span> <span class='ocrx_word' id='word_1_801' title='bbox 2849 2856 2861 2877; x_wconf 90' lang='grc'>,</span> <span class='ocrx_word' id='word_1_802' title='bbox 2875 2816 2922 2867; x_wconf 76' lang='grc' dir='ltr'>εί</span> <span class='ocrx_word' id='word_1_803' title='bbox 2939 2813 3013 2884; x_wconf 83' lang='grc' dir='ltr'>μὴ</span> <span class='ocrx_word' id='word_1_804' title='bbox 3026 2813 3273 2884; x_wconf 88' lang='grc' dir='ltr'>πιθήκων</span> <span class='ocrx_word' id='word_1_805' title='bbox 3288 2813 3384 2867; x_wconf 85' lang='grc' dir='ltr'>ἀνθ</span> <span class='ocrx_word' id='word_1_806' title='bbox 3394 2812 3502 2884; x_wconf 77' lang='grc' dir='ltr'>ρώ-</span> 
     </span>
    </p>
   </div>
   <div class='ocr_carea' id='block_1_98' title="bbox 1833 2894 3502 2968">
    <p class='ocr_par' dir='ltr' id='par_1_98' title="bbox 1833 2894 3502 2968">
     <span class='ocr_line' id='line_1_100' title="bbox 1833 2894 3502 2968; baseline 0.001 -21"><span class='ocrx_word' id='word_1_807' title='bbox 1833 2910 1967 2957; x_wconf 85' lang='grc' dir='ltr'>πους</span> <span class='ocrx_word' id='word_1_808' title='bbox 1986 2894 2337 2966; x_wconf 84' lang='grc' dir='ltr'>ἀτιμοτέρους</span> <span class='ocrx_word' id='word_1_809' title='bbox 2352 2898 2476 2968; x_wconf 80' lang='grc' dir='ltr'>ἡγῇ.</span> <span class='ocrx_word' id='word_1_810' title='bbox 2499 2897 2611 2950; x_wconf 86' lang='grc' dir='ltr'>Ποῦ</span> <span class='ocrx_word' id='word_1_811' title='bbox 2637 2897 2731 2952; x_wconf 90' lang='grc' dir='ltr'>νῦν</span> <span class='ocrx_word' id='word_1_812' title='bbox 2745 2900 2881 2951; x_wconf 85' lang='grc' dir='ltr'>εἰσιν</span> <span class='ocrx_word' id='word_1_813' title='bbox 2906 2901 2955 2951; x_wconf 86' lang='grc' dir='ltr'>οί</span> <span class='ocrx_word' id='word_1_814' title='bbox 2976 2899 3037 2950; x_wconf 84' lang='grc' dir='ltr'>τὸ</span> <span class='ocrx_word' id='word_1_815' title='bbox 3065 2898 3228 2950; x_wconf 79' lang='grc' dir='ltr'>καλὸν</span> <span class='ocrx_word' id='word_1_816' title='bbox 3251 2896 3345 2949; x_wconf 88' lang='grc' dir='ltr'>τοῦ</span> <span class='ocrx_word' id='word_1_817' title='bbox 3364 2896 3502 2949; x_wconf 85' lang='grc' dir='ltr'>Θεοῦ</span> 
     </span>
    </p>
   </div>
   <div class='ocr_carea' id='block_1_99' title="bbox 1832 2977 3503 3053">
    <p class='ocr_par' dir='ltr' id='par_1_99' title="bbox 1832 2977 3503 3053">
     <span class='ocr_line' id='line_1_101' title="bbox 1832 2977 3503 3053; baseline 0.002 -24"><span class='ocrx_word' id='word_1_818' title='bbox 1832 2977 2221 3051; x_wconf 86' lang='grc' dir='ltr'>δημιούργημα</span> <span class='ocrx_word' id='word_1_819' title='bbox 2249 2982 2341 3034; x_wconf 78' lang='grc' dir='ltr'>καὶ</span> <span class='ocrx_word' id='word_1_820' title='bbox 2370 2982 2504 3052; x_wconf 84' lang='grc' dir='ltr'>πρὸς</span> <span class='ocrx_word' id='word_1_821' title='bbox 2536 2983 2841 3053; x_wconf 83' lang='grc' dir='ltr'>ὑπηρεσίαν</span> <span class='ocrx_word' id='word_1_822' title='bbox 2868 2983 3141 3053; x_wconf 86' lang='grc' dir='ltr'>ήμετέραν</span> <span class='ocrx_word' id='word_1_823' title='bbox 3170 2982 3390 3050; x_wconf 74' lang='grc' dir='ltr'>γεγονὸς</span> <span class='ocrx_word' id='word_1_824' title='bbox 3412 2981 3503 3033; x_wconf 82' lang='grc' dir='ltr'>τὸν</span> 
     </span>
    </p>
   </div>
   <div class='ocr_carea' id='block_1_100' title="bbox 1832 3062 3504 3137">
    <p class='ocr_par' dir='ltr' id='par_1_100' title="bbox 1832 3062 3504 3137">
     <span class='ocr_line' id='line_1_102' title="bbox 1832 3062 3504 3137; baseline 0.002 -24"><span class='ocrx_word' id='word_1_825' title='bbox 1832 3062 1984 3131; x_wconf 79' lang='grc' dir='ltr'>ἥλιον</span> <span class='ocrx_word' id='word_1_826' title='bbox 2011 3063 2408 3135; x_wconf 74' lang='grc' dir='ltr'>ἑνυὸρίζοντες,</span> <span class='ocrx_word' id='word_1_827' title='bbox 2444 3066 2540 3119; x_wconf 78' lang='grc' dir='ltr'>καὶ</span> <span class='ocrx_word' id='word_1_828' title='bbox 2563 3066 2640 3137; x_wconf 83' lang='grc' dir='ltr'>τῷ</span> <span class='ocrx_word' id='word_1_829' title='bbox 2669 3066 2884 3137; x_wconf 80' lang='grc' dir='ltr'>δαίμονι</span> <span class='ocrx_word' id='word_1_830' title='bbox 2916 3067 2977 3120; x_wconf 88' lang='grc' dir='ltr'>τὸ</span> <span class='ocrx_word' id='word_1_831' title='bbox 3005 3068 3206 3137; x_wconf 79' lang='grc' dir='ltr'>ἄστρον</span> <span class='ocrx_word' id='word_1_832' title='bbox 3234 3065 3504 3136; x_wconf 82' lang='grc' dir='ltr'>ἐπιφημί-</span> 
     </span>
    </p>
   </div>
   <div class='ocr_carea' id='block_1_101' title="bbox 1836 3143 3504 3219">
    <p class='ocr_par' dir='ltr' id='par_1_101' title="bbox 1836 3143 3504 3219">
     <span class='ocr_line' id='line_1_103' title="bbox 1836 3143 3504 3219; baseline 0.001 -23"><span class='ocrx_word' id='word_1_833' title='bbox 1836 3143 2052 3209; x_wconf 81' lang='grc' dir='ltr'>ζοντες,</span> <span class='ocrx_word' id='word_1_834' title='bbox 2089 3146 2183 3198; x_wconf 76' lang='grc' dir='ltr'>καὶ</span> <span class='ocrx_word' id='word_1_835' title='bbox 2221 3147 2379 3199; x_wconf 88' lang='grc' dir='ltr'>τοῦτο</span> <span class='ocrx_word' id='word_1_836' title='bbox 2408 3148 2616 3203; x_wconf 85' lang='grc' dir='ltr'>ἐκεῖνον</span> <span class='ocrx_word' id='word_1_837' title='bbox 2659 3144 2797 3203; x_wconf 76' lang='grc' dir='ltr'>εἶναι</span> <span class='ocrx_word' id='word_1_838' title='bbox 2841 3150 3126 3218; x_wconf 88' lang='grc' dir='ltr'>λέγοντες;</span> <span class='ocrx_word' id='word_1_839' title='bbox 3170 3150 3229 3201; x_wconf 86' lang='grc' dir='ltr'><strong>Ὀ</strong></span> <span class='ocrx_word' id='word_1_840' title='bbox 3265 3149 3364 3219; x_wconf 85' lang='grc' dir='ltr'>μὲν</span> <span class='ocrx_word' id='word_1_841' title='bbox 3394 3148 3504 3217; x_wconf 87' lang='lat'>7&amp;9</span> 
     </span>
    </p>
   </div>
   <div class='ocr_carea' id='block_1_102' title="bbox 1833 3226 3505 3303">
    <p class='ocr_par' dir='ltr' id='par_1_102' title="bbox 1833 3226 3505 3303">
     <span class='ocr_line' id='line_1_104' title="bbox 1833 3226 3505 3303; baseline 0.004 -26"><span class='ocrx_word' id='word_1_842' title='bbox 1833 3226 2002 3295; x_wconf 75' lang='grc' dir='ltr'>ἥλιος,</span> <span class='ocrx_word' id='word_1_843' title='bbox 2033 3228 2242 3298; x_wconf 86' lang='grc' dir='ltr'>μυρίων</span> <span class='ocrx_word' id='word_1_844' title='bbox 2274 3230 2330 3282; x_wconf 91' lang='grc' dir='ltr'>ἐν</span> <span class='ocrx_word' id='word_1_845' title='bbox 2355 3232 2419 3300; x_wconf 83' lang='grc' dir='ltr'>τῇ</span> <span class='ocrx_word' id='word_1_846' title='bbox 2447 3234 2518 3301; x_wconf 81' lang='grc' dir='ltr'>γῇ</span> <span class='ocrx_word' id='word_1_847' title='bbox 2548 3233 2816 3302; x_wconf 87' lang='grc' dir='ltr'>κειμένων</span> <span class='ocrx_word' id='word_1_848' title='bbox 2846 3232 3077 3301; x_wconf 85' lang='grc' dir='ltr'>νεκρῶν,</span> <span class='ocrx_word' id='word_1_849' title='bbox 3099 3234 3341 3303; x_wconf 89' lang='grc' dir='ltr'>ἐκχεῖται</span> <span class='ocrx_word' id='word_1_850' title='bbox 3364 3232 3505 3284; x_wconf 84' lang='grc' dir='ltr'>κατά</span> 
     </span>
    </p>
   </div>
   <div class='ocr_carea' id='block_1_103' title="bbox 1833 3310 3505 3385">
    <p class='ocr_par' dir='ltr' id='par_1_103' title="bbox 1833 3310 3505 3385">
     <span class='ocr_line' id='line_1_105' title="bbox 1833 3310 3505 3385; baseline 0.004 -25"><span class='ocrx_word' id='word_1_851' title='bbox 1833 3310 1933 3377; x_wconf 81' lang='grc' dir='ltr'>τῆς</span> <span class='ocrx_word' id='word_1_852' title='bbox 1970 3310 2330 3381; x_wconf 88' lang='grc' dir='ltr'>οἰκουμένης,</span> <span class='ocrx_word' id='word_1_853' title='bbox 2374 3314 2469 3365; x_wconf 80' lang='grc' dir='ltr'>καὶ</span> <span class='ocrx_word' id='word_1_854' title='bbox 2512 3314 2751 3385; x_wconf 78' lang='grc' dir='ltr'>οὐδαμοῦ</span> <span class='ocrx_word' id='word_1_855' title='bbox 2801 3315 3083 3368; x_wconf 89' lang='grc' dir='ltr'>συστέλλει</span> <span class='ocrx_word' id='word_1_856' title='bbox 3128 3318 3230 3377; x_wconf 84' lang='grc' dir='ltr'>τὰς</span> <span class='ocrx_word' id='word_1_857' title='bbox 3279 3315 3505 3376; x_wconf 86' lang='grc' dir='ltr'>ἀκτῖνας</span> 
     </span>
    </p>
   </div>
   <div class='ocr_carea' id='block_1_104' title="bbox 1836 3392 3508 3468">
    <p class='ocr_par' dir='ltr' id='par_1_104' title="bbox 1836 3392 3508 3468">
     <span class='ocr_line' id='line_1_106' title="bbox 1836 3392 3508 3468; baseline 0.002 -25"><span class='ocrx_word' id='word_1_858' title='bbox 1836 3392 1957 3444; x_wconf 86' lang='grc' dir='ltr'>οὑδέ</span> <span class='ocrx_word' id='word_1_859' title='bbox 2001 3393 2100 3465; x_wconf 80' lang='grc' dir='ltr'>τήν</span> <span class='ocrx_word' id='word_1_860' title='bbox 2137 3396 2203 3446; x_wconf 83' lang='grc' dir='ltr'>ἐκ</span> <span class='ocrx_word' id='word_1_861' title='bbox 2239 3394 2443 3449; x_wconf 88' lang='grc' dir='ltr'>τούτων</span> <span class='ocrx_word' id='word_1_862' title='bbox 2507 3396 2791 3468; x_wconf 86' lang='grc' dir='ltr'>ἐνέργειαν</span> <span class='ocrx_word' id='word_1_863' title='bbox 2824 3397 2912 3450; x_wconf 80' lang='grc' dir='ltr'>διὰ</span> <span class='ocrx_word' id='word_1_864' title='bbox 2942 3398 3068 3460; x_wconf 77' lang='grc' dir='ltr'>τοὺς</span> <span class='ocrx_word' id='word_1_865' title='bbox 3106 3394 3446 3467; x_wconf 82' lang='grc' dir='ltr'>μολυσμούς’</span> <span class='ocrx_word' id='word_1_866' title='bbox 3477 3396 3508 3447; x_wconf 87' lang='lat'>6</span> 
     </span>
    </p>
   </div>
   <div class='ocr_carea' id='block_1_105' title="bbox 1836 3475 3507 3550">
    <p class='ocr_par' dir='ltr' id='par_1_105' title="bbox 1836 3475 3507 3550">
     <span class='ocr_line' id='line_1_107' title="bbox 1836 3475 3507 3550; baseline 0.004 -22"><span class='ocrx_word' id='word_1_867' title='bbox 1836 3475 1892 3529; x_wconf 89' lang='grc' dir='ltr'>δέ</span> <span class='ocrx_word' id='word_1_868' title='bbox 1932 3477 2049 3539; x_wconf 76' lang='grc' dir='ltr'>θεὸς</span> <span class='ocrx_word' id='word_1_869' title='bbox 2076 3478 2104 3529; x_wconf 93' lang='lat'>6</span> <span class='ocrx_word' id='word_1_870' title='bbox 2137 3476 2401 3549; x_wconf 84' lang='grc' dir='ltr'>ὑμέτερος</span> <span class='ocrx_word' id='word_1_871' title='bbox 2436 3477 2584 3547; x_wconf 85' lang='grc' dir='ltr'>βίους</span> <span class='ocrx_word' id='word_1_872' title='bbox 2613 3481 2712 3550; x_wconf 89' lang='grc' dir='ltr'>μέν</span> <span class='ocrx_word' id='word_1_873' title='bbox 2739 3480 3001 3550; x_wconf 72' lang='grc' dir='ltr'>αἰσχροὺς</span> <span class='ocrx_word' id='word_1_874' title='bbox 3036 3481 3130 3534; x_wconf 75' lang='grc' dir='ltr'>καί¹</span> <span class='ocrx_word' id='word_1_875' title='bbox 3169 3477 3507 3549; x_wconf 78' lang='grc' dir='ltr'>μαγγανείας</span> 
     </span>
    </p>
   </div>
   <div class='ocr_carea' id='block_1_106' title="bbox 1838 3556 3509 3633">
    <p class='ocr_par' dir='ltr' id='par_1_106' title="bbox 1838 3556 3509 3633">
     <span class='ocr_line' id='line_1_108' title="bbox 1838 3556 3509 3633; baseline 0.001 -21"><span class='ocrx_word' id='word_1_876' title='bbox 1838 3562 1930 3613; x_wconf 74' lang='grc' dir='ltr'>καὶ</span> <span class='ocrx_word' id='word_1_877' title='bbox 1975 3562 2168 3628; x_wconf 83' lang='grc' dir='ltr'>φόνους</span> <span class='ocrx_word' id='word_1_878' title='bbox 2206 3556 2305 3614; x_wconf 79' lang='grc' dir='ltr'>ούκ</span> <span class='ocrx_word' id='word_1_879' title='bbox 2344 3564 2779 3632; x_wconf 77' lang='grc' dir='ltr'>ἀποστρέφεται,</span> <span class='ocrx_word' id='word_1_880' title='bbox 2824 3565 2947 3617; x_wconf 88' lang='grc' dir='ltr'>οὑδέ</span> <span class='ocrx_word' id='word_1_881' title='bbox 2993 3566 3175 3633; x_wconf 87' lang='grc' dir='ltr'>μισεῖ,</span> <span class='ocrx_word' id='word_1_882' title='bbox 3225 3563 3361 3616; x_wconf 82' lang='grc' dir='ltr'>ἀλλά</span> <span class='ocrx_word' id='word_1_883' title='bbox 3410 3562 3509 3614; x_wconf 78' lang='grc' dir='ltr'>καὶ</span> 
     </span>
    </p>
   </div>
   <div class='ocr_carea' id='block_1_107' title="bbox 1839 3645 3505 3718">
    <p class='ocr_par' dir='ltr' id='par_1_107' title="bbox 1839 3645 3505 3718">
     <span class='ocr_line' id='line_1_109' title="bbox 1839 3645 3505 3718; baseline 0.001 -22"><span class='ocrx_word' id='word_1_884' title='bbox 1839 3645 2049 3715; x_wconf 83' lang='grc' dir='ltr'>ἀγαπᾷ,</span> <span class='ocrx_word' id='word_1_885' title='bbox 2071 3645 2166 3696; x_wconf 71' lang='grc' dir='ltr'>καὶ</span> <span class='ocrx_word' id='word_1_886' title='bbox 2199 3645 2504 3710; x_wconf 76' lang='grc' dir='ltr'>ἀσπάζεται</span> <span class='ocrx_word' id='word_1_887' title='bbox 2532 3649 2626 3700; x_wconf 78' lang='grc' dir='ltr'>καὶ</span> <span class='ocrx_word' id='word_1_888' title='bbox 2657 3647 2826 3717; x_wconf 86' lang='grc' dir='ltr'>φιλεῖ·</span> <span class='ocrx_word' id='word_1_889' title='bbox 2848 3646 3079 3718; x_wconf 85' lang='grc' dir='ltr'>σώματα</span> <span class='ocrx_word' id='word_1_890' title='bbox 3099 3647 3155 3700; x_wconf 78' lang='grc' dir='ltr'>δὲ</span> <span class='ocrx_word' id='word_1_891' title='bbox 3178 3647 3505 3718; x_wconf 86' lang='grc' dir='ltr'>ἐκτρέπεται</span> 
     </span>
    </p>
   </div>
   <div class='ocr_carea' id='block_1_108' title="bbox 1838 3726 3506 3801">
    <p class='ocr_par' dir='ltr' id='par_1_108' title="bbox 1838 3726 3506 3801">
     <span class='ocr_line' id='line_1_110' title="bbox 1838 3726 3506 3801; baseline 0.002 -21"><span class='ocrx_word' id='word_1_892' title='bbox 1838 3728 1907 3781; x_wconf 71' lang='grc' dir='ltr'>τὰ</span> <span class='ocrx_word' id='word_1_893' title='bbox 1939 3730 2214 3799; x_wconf 87' lang='grc' dir='ltr'>ήμέτερα·</span> <span class='ocrx_word' id='word_1_894' title='bbox 2256 3730 2434 3783; x_wconf 88' lang='grc' dir='ltr'>καίτοι</span> <span class='ocrx_word' id='word_1_895' title='bbox 2472 3730 2535 3782; x_wconf 85' lang='grc' dir='ltr'>τὸ</span> <span class='ocrx_word' id='word_1_896' title='bbox 2583 3731 2682 3800; x_wconf 82' lang='grc' dir='ltr'>μὲν</span> <span class='ocrx_word' id='word_1_897' title='bbox 2725 3732 2822 3801; x_wconf 77' lang='grc' dir='ltr'>τῆς</span> <span class='ocrx_word' id='word_1_898' title='bbox 2853 3731 3053 3793; x_wconf 83' lang='grc' dir='ltr'>κακίας</span> <span class='ocrx_word' id='word_1_899' title='bbox 3084 3726 3224 3793; x_wconf 74' lang='grc' dir='ltr'>εἶδος</span> <span class='ocrx_word' id='word_1_900' title='bbox 3255 3730 3348 3783; x_wconf 72' lang='grc' dir='ltr'>καὶ</span> <span class='ocrx_word' id='word_1_901' title='bbox 3376 3732 3506 3799; x_wconf 82' lang='grc' dir='ltr'>παρ’</span> 
     </span>
    </p>
   </div>
   <div class='ocr_carea' id='block_1_109' title="bbox 1842 3812 3510 3885">
    <p class='ocr_par' dir='ltr' id='par_1_109' title="bbox 1842 3812 3510 3885">
     <span class='ocr_line' id='line_1_111' title="bbox 1842 3812 3510 3885; baseline 0.001 -22"><span class='ocrx_word' id='word_1_902' title='bbox 1842 3812 2019 3877; x_wconf 80' lang='grc' dir='ltr'>αὐτοῖς</span> <span class='ocrx_word' id='word_1_903' title='bbox 2084 3816 2198 3878; x_wconf 85' lang='grc' dir='ltr'>τοῖς</span> <span class='ocrx_word' id='word_1_904' title='bbox 2237 3813 2436 3885; x_wconf 89' lang='grc' dir='ltr'>δρῶσιν</span> <span class='ocrx_word' id='word_1_905' title='bbox 2482 3815 2614 3868; x_wconf 74' lang='grc' dir='ltr'>αὑτὸ</span> <span class='ocrx_word' id='word_1_906' title='bbox 2666 3816 2867 3885; x_wconf 89' lang='grc' dir='ltr'>μυρίας</span> <span class='ocrx_word' id='word_1_907' title='bbox 2913 3813 3308 3883; x_wconf 78' lang='grc' dir='ltr'>καταγνώσεως</span> <span class='ocrx_word' id='word_1_908' title='bbox 3361 3814 3510 3879; x_wconf 80' lang='grc' dir='ltr'>ἀξιον</span> 
     </span>
    </p>
   </div>
   <div class='ocr_carea' id='block_1_110' title="bbox 1842 3891 3511 3969">
    <p class='ocr_par' dir='ltr' id='par_1_110' title="bbox 1842 3891 3511 3969">
     <span class='ocr_line' id='line_1_112' title="bbox 1842 3891 3511 3969; baseline 0.002 -23"><span class='ocrx_word' id='word_1_909' title='bbox 1842 3891 1982 3948; x_wconf 81' lang='grc' dir='ltr'>εἶναι</span> <span class='ocrx_word' id='word_1_910' title='bbox 2011 3894 2177 3961; x_wconf 90' lang='grc' dir='ltr'>δοκεῖ,</span> <span class='ocrx_word' id='word_1_911' title='bbox 2196 3896 2257 3949; x_wconf 80' lang='grc' dir='ltr'>τὸ</span> <span class='ocrx_word' id='word_1_912' title='bbox 2283 3896 2339 3949; x_wconf 82' lang='grc' dir='ltr'>δὲ</span> <span class='ocrx_word' id='word_1_913' title='bbox 2363 3896 2523 3967; x_wconf 89' lang='grc' dir='ltr'>σῶμα</span> <span class='ocrx_word' id='word_1_914' title='bbox 2551 3897 2611 3950; x_wconf 83' lang='grc' dir='ltr'>τὸ</span> <span class='ocrx_word' id='word_1_915' title='bbox 2636 3898 2825 3969; x_wconf 81' lang='grc' dir='ltr'>νεκρὸν</span> <span class='ocrx_word' id='word_1_916' title='bbox 2848 3898 2941 3950; x_wconf 71' lang='grc' dir='ltr'>καὶ</span> <span class='ocrx_word' id='word_1_917' title='bbox 2969 3897 3224 3968; x_wconf 85' lang='grc' dir='ltr'>ἀκίνητον</span> <span class='ocrx_word' id='word_1_918' title='bbox 3253 3897 3511 3968; x_wconf 82' lang='grc' dir='ltr'>οὐδεμιᾶς</span> 
     </span>
    </p>
   </div>
   <div class='ocr_carea' id='block_1_111' title="bbox 1845 3982 3511 4055">
    <p class='ocr_par' dir='ltr' id='par_1_111' title="bbox 1845 3982 3511 4055">
     <span class='ocr_line' id='line_1_113' title="bbox 1845 3982 3511 4055; baseline 0.001 -22"><span class='ocrx_word' id='word_1_919' title='bbox 1845 3982 2061 4052; x_wconf 88' lang='grc' dir='ltr'>μετέχει</span> <span class='ocrx_word' id='word_1_920' title='bbox 2093 3982 2371 4053; x_wconf 62' lang='grc' dir='ltr'>μέμψεως,</span> <span class='ocrx_word' id='word_1_921' title='bbox 2399 3983 2493 4035; x_wconf 83' lang='grc' dir='ltr'>καὶ</span> <span class='ocrx_word' id='word_1_922' title='bbox 2520 3983 2718 4045; x_wconf 87' lang='grc' dir='ltr'>αἰτίας.</span> <span class='ocrx_word' id='word_1_923' title='bbox 2762 3983 2901 4035; x_wconf 87' lang='grc' dir='ltr'>Ἀλλ’</span> <span class='ocrx_word' id='word_1_924' title='bbox 2931 3982 3069 4055; x_wconf 75' lang='grc' dir='ltr'>αὕτη</span> <span class='ocrx_word' id='word_1_925' title='bbox 3105 3982 3213 4035; x_wconf 90' lang='grc' dir='ltr'>τῶν</span> <span class='ocrx_word' id='word_1_926' title='bbox 3241 3982 3511 4053; x_wconf 87' lang='grc' dir='ltr'>δαιμόνων</span> 
     </span>
    </p>
   </div>
   <div class='ocr_carea' id='block_1_112' title="bbox 1843 4063 3509 4136">
    <p class='ocr_par' dir='ltr' id='par_1_112' title="bbox 1843 4063 3509 4136">
     <span class='ocr_line' id='line_1_114' title="bbox 1843 4063 3509 4136; baseline 0.001 -20"><span class='ocrx_word' id='word_1_927' title='bbox 1843 4063 1999 4134; x_wconf 87' lang='grc' dir='ltr'>ὑμῶν</span> <span class='ocrx_word' id='word_1_928' title='bbox 2025 4066 2057 4134; x_wconf 82' lang='grc' dir='ltr'>ἡ</span> <span class='ocrx_word' id='word_1_929' title='bbox 2092 4065 2443 4135; x_wconf 87' lang='grc' dir='ltr'>προαίρεσις,</span> <span class='ocrx_word' id='word_1_930' title='bbox 2483 4064 2861 4133; x_wconf 87' lang='grc' dir='ltr'>βδελύττεσθαι</span> <span class='ocrx_word' id='word_1_931' title='bbox 2897 4065 2995 4135; x_wconf 85' lang='grc' dir='ltr'>μὲν</span> <span class='ocrx_word' id='word_1_932' title='bbox 3027 4066 3098 4117; x_wconf 84' lang='grc' dir='ltr'>τὰ</span> <span class='ocrx_word' id='word_1_933' title='bbox 3123 4065 3197 4136; x_wconf 83' lang='grc' dir='ltr'>μὴ</span> <span class='ocrx_word' id='word_1_934' title='bbox 3224 4065 3509 4136; x_wconf 78' lang='grc' dir='ltr'>βδελυκτά,</span> 
     </span>
    </p>
   </div>
   <div class='ocr_carea' id='block_1_113' title="bbox 1841 4147 3514 4218">
    <p class='ocr_par' dir='ltr' id='par_1_113' title="bbox 1841 4147 3514 4218">
     <span class='ocr_line' id='line_1_115' title="bbox 1841 4147 3514 4218; baseline 0.001 -19"><span class='ocrx_word' id='word_1_935' title='bbox 1841 4148 2008 4218; x_wconf 79' lang='grc' dir='ltr'>τιμᾷν</span> <span class='ocrx_word' id='word_1_936' title='bbox 2050 4147 2107 4199; x_wconf 87' lang='grc' dir='ltr'>δέ</span> <span class='ocrx_word' id='word_1_937' title='bbox 2135 4148 2229 4200; x_wconf 87' lang='grc' dir='ltr'>καὶ</span> <span class='ocrx_word' id='word_1_938' title='bbox 2260 4149 2619 4218; x_wconf 87' lang='grc' dir='ltr'>ἀποδέχεσθαι</span> <span class='ocrx_word' id='word_1_939' title='bbox 2648 4148 2717 4201; x_wconf 87' lang='grc' dir='ltr'>τά</span> <span class='ocrx_word' id='word_1_940' title='bbox 2758 4148 2959 4211; x_wconf 89' lang='grc' dir='ltr'>παντὸς</span> <span class='ocrx_word' id='word_1_941' title='bbox 3003 4148 3129 4214; x_wconf 81' lang='grc' dir='ltr'>ἄξια</span> <span class='ocrx_word' id='word_1_942' title='bbox 3177 4149 3367 4218; x_wconf 88' lang='grc' dir='ltr'>μίσους</span> <span class='ocrx_word' id='word_1_943' title='bbox 3418 4150 3514 4201; x_wconf 76' lang='grc' dir='ltr'>καὶ</span> 
     </span>
    </p>
   </div>
   <div class='ocr_carea' id='block_1_114' title="bbox 1844 4231 3515 4303">
    <p class='ocr_par' dir='ltr' id='par_1_114' title="bbox 1844 4231 3515 4303">
     <span class='ocr_line' id='line_1_116' title="bbox 1844 4231 3515 4303; baseline -0.001 -19"><span class='ocrx_word' id='word_1_944' title='bbox 1844 4231 2217 4302; x_wconf 82' lang='grc' dir='ltr'>ἀποστροφῆς.</span> <span class='ocrx_word' id='word_1_945' title='bbox 2240 4232 2349 4285; x_wconf 75' lang='grc' dir='ltr'>Καὶ</span> <span class='ocrx_word' id='word_1_946' title='bbox 2374 4233 2513 4302; x_wconf 82' lang='grc' dir='ltr'>ἀνὴρ</span> <span class='ocrx_word' id='word_1_947' title='bbox 2540 4233 2639 4303; x_wconf 68' lang='grc' dir='ltr'>μὲν</span> <span class='ocrx_word' id='word_1_948' title='bbox 2664 4232 2866 4299; x_wconf 83' lang='grc' dir='ltr'>ἀγαθὸς</span> <span class='ocrx_word' id='word_1_949' title='bbox 2891 4232 3012 4285; x_wconf 86' lang='grc' dir='ltr'>οὑδὲ</span> <span class='ocrx_word' id='word_1_950' title='bbox 3043 4231 3435 4303; x_wconf 79' lang='grc' dir='ltr'>βουλεύσασθαί</span> <span class='ocrx_word' id='word_1_951' title='bbox 3459 4248 3515 4283; x_wconf 87' lang='grc' dir='ltr'>τι</span> 
     </span>
    </p>
   </div>
   <div class='ocr_carea' id='block_1_115' title="bbox 1844 4313 3513 4387">
    <p class='ocr_par' dir='ltr' id='par_1_115' title="bbox 1844 4313 3513 4387">
     <span class='ocr_line' id='line_1_117' title="bbox 1844 4313 3513 4387; baseline -0.001 -20"><span class='ocrx_word' id='word_1_952' title='bbox 1844 4316 2151 4387; x_wconf 86' lang='grc' dir='ltr'>χρήσιμον,</span> <span class='ocrx_word' id='word_1_953' title='bbox 2178 4314 2317 4369; x_wconf 78' lang='grc' dir='ltr'>οὗτε</span> <span class='ocrx_word' id='word_1_954' title='bbox 2363 4317 2569 4386; x_wconf 77' lang='grc' dir='ltr'>πρᾶξαί</span> <span class='ocrx_word' id='word_1_955' title='bbox 2601 4333 2654 4368; x_wconf 91' lang='grc' dir='ltr'>τι</span> <span class='ocrx_word' id='word_1_956' title='bbox 2696 4315 2805 4369; x_wconf 82' lang='grc' dir='ltr'>τῶν</span> <span class='ocrx_word' id='word_1_957' title='bbox 2846 4315 3073 4369; x_wconf 85' lang='grc' dir='ltr'>δεόντων</span> <span class='ocrx_word' id='word_1_958' title='bbox 3109 4315 3213 4368; x_wconf 82' lang='grc' dir='ltr'>ὑπὸ</span> <span class='ocrx_word' id='word_1_959' title='bbox 3262 4313 3513 4384; x_wconf 86' lang='grc' dir='ltr'>σώματος</span> 
     </span>
    </p>
   </div>
   <div class='ocr_carea' id='block_1_116' title="bbox 1845 4399 3513 4474">
    <p class='ocr_par' dir='ltr' id='par_1_116' title="bbox 1845 4399 3513 4474">
     <span class='ocr_line' id='line_1_118' title="bbox 1845 4399 3513 4474; baseline -0.001 -22"><span class='ocrx_word' id='word_1_960' title='bbox 1845 4401 2225 4471; x_wconf 79' lang='grc' dir='ltr'>κωλυθήσεται</span> <span class='ocrx_word' id='word_1_961' title='bbox 2264 4402 2457 4474; x_wconf 86' lang='grc' dir='ltr'>νεκροῦ</span> <span class='ocrx_word' id='word_1_962' title='bbox 2479 4418 2492 4431; x_wconf 90' lang='grc'><strong>·</strong></span> <span class='ocrx_word' id='word_1_963' title='bbox 2532 4401 2667 4455; x_wconf 88' lang='grc' dir='ltr'>ἀλλά</span> <span class='ocrx_word' id='word_1_964' title='bbox 2702 4402 2769 4454; x_wconf 85' lang='grc' dir='ltr'>ἂν</span> <span class='ocrx_word' id='word_1_965' title='bbox 2803 4402 3025 4473; x_wconf 90' lang='grc' dir='ltr'>ὑγιαίνῃ</span> <span class='ocrx_word' id='word_1_966' title='bbox 3057 4402 3157 4471; x_wconf 74' lang='grc' dir='ltr'>τὴν</span> <span class='ocrx_word' id='word_1_967' title='bbox 3185 4399 3383 4470; x_wconf 72' lang='grc' dir='ltr'>ψυχὴν,</span> <span class='ocrx_word' id='word_1_968' title='bbox 3417 4400 3513 4451; x_wconf 68' lang='grc' dir='ltr'>και</span> 
     </span>
    </p>
   </div>
   <div class='ocr_carea' id='block_1_117' title="bbox 1748 4479 3515 4555">
    <p class='ocr_par' dir='ltr' id='par_1_117' title="bbox 1748 4479 3515 4555">
     <span class='ocr_line' id='line_1_119' title="bbox 1748 4479 3515 4555; baseline -0.003 -19"><span class='ocrx_word' id='word_1_969' title='bbox 1748 4495 1754 4523; x_wconf 63' lang='grc' dir='ltr'><strong>ε</strong></span> <span class='ocrx_word' id='word_1_970' title='bbox 1848 4487 1978 4555; x_wconf 88' lang='grc' dir='ltr'>παρ’</span> <span class='ocrx_word' id='word_1_971' title='bbox 2010 4485 2192 4548; x_wconf 89' lang='grc' dir='ltr'>αὑτοῖς</span> <span class='ocrx_word' id='word_1_972' title='bbox 2221 4484 2386 4539; x_wconf 84' lang='grc' dir='ltr'>οἰκῶν</span> <span class='ocrx_word' id='word_1_973' title='bbox 2411 4487 2522 4548; x_wconf 87' lang='grc' dir='ltr'>τοῖς</span> <span class='ocrx_word' id='word_1_974' title='bbox 2547 4485 2762 4552; x_wconf 83' lang='grc' dir='ltr'>τάφοις,</span> <span class='ocrx_word' id='word_1_975' title='bbox 2809 4484 2904 4537; x_wconf 76' lang='grc' dir='ltr'>καὶ</span> <span class='ocrx_word' id='word_1_976' title='bbox 2930 4481 3284 4553; x_wconf 84' lang='grc' dir='ltr'>σωφροσύνην</span> <span class='ocrx_word' id='word_1_977' title='bbox 3311 4482 3406 4533; x_wconf 83' lang='grc' dir='ltr'>καὶ</span> <span class='ocrx_word' id='word_1_978' title='bbox 3433 4479 3515 4531; x_wconf 87' lang='grc' dir='ltr'>δι-</span> 
     </span>
    </p>
   </div>
   <div class='ocr_carea' id='block_1_118' title="bbox 1844 4564 3515 4641">
    <p class='ocr_par' dir='ltr' id='par_1_118' title="bbox 1844 4564 3515 4641">
     <span class='ocr_line' id='line_1_120' title="bbox 1844 4564 3515 4641; baseline -0.003 -18"><span class='ocrx_word' id='word_1_979' title='bbox 1844 4568 2140 4641; x_wconf 86' lang='grc' dir='ltr'>καιοσύνην</span> <span class='ocrx_word' id='word_1_980' title='bbox 2192 4570 2284 4623; x_wconf 78' lang='grc' dir='ltr'>καὶ</span> <span class='ocrx_word' id='word_1_981' title='bbox 2344 4572 2526 4624; x_wconf 80' lang='grc' dir='ltr'>πᾶσαν</span> <span class='ocrx_word' id='word_1_982' title='bbox 2577 4567 2906 4633; x_wconf 80' lang='grc' dir='ltr'>ἐπιδείξεται</span> <span class='ocrx_word' id='word_1_983' title='bbox 2965 4569 3066 4637; x_wconf 84' lang='grc' dir='ltr'>τὴν</span> <span class='ocrx_word' id='word_1_984' title='bbox 3120 4567 3342 4636; x_wconf 87' lang='grc' dir='ltr'>ἀρετήν.</span> <span class='ocrx_word' id='word_1_985' title='bbox 3403 4564 3515 4618; x_wconf 77' lang='grc' dir='ltr'>Καὶ</span> 
     </span>
    </p>
   </div>
   <div class='ocr_carea' id='block_1_119' title="bbox 1844 4650 3516 4730">
    <p class='ocr_par' dir='ltr' id='par_1_119' title="bbox 1844 4650 3516 4730">
     <span class='ocr_line' id='line_1_121' title="bbox 1844 4650 3516 4730; baseline -0.006 -19"><span class='ocrx_word' id='word_1_986' title='bbox 1844 4657 2198 4730; x_wconf 85' lang='grc' dir='ltr'>χειροτέχνης</span> <span class='ocrx_word' id='word_1_987' title='bbox 2233 4656 2289 4709; x_wconf 83' lang='grc' dir='ltr'>δέ</span> <span class='ocrx_word' id='word_1_988' title='bbox 2334 4655 2563 4718; x_wconf 69' lang='grc' dir='ltr'>ἕκαστος</span> <span class='ocrx_word' id='word_1_989' title='bbox 2607 4655 3014 4724; x_wconf 84' lang='grc' dir='ltr'>ἀνεμποδίστως</span> <span class='ocrx_word' id='word_1_990' title='bbox 3060 4653 3129 4706; x_wconf 79' lang='grc' dir='ltr'>τὰ</span> <span class='ocrx_word' id='word_1_991' title='bbox 3170 4652 3268 4722; x_wconf 79' lang='grc' dir='ltr'>τῆς</span> <span class='ocrx_word' id='word_1_992' title='bbox 3306 4650 3516 4713; x_wconf 85' lang='grc' dir='ltr'>οἰκείας</span> 
     </span>
    </p>
   </div>
   <div class='ocr_carea' id='block_1_120' title="bbox 1844 4734 3517 4815">
    <p class='ocr_par' dir='ltr' id='par_1_120' title="bbox 1844 4734 3517 4815">
     <span class='ocr_line' id='line_1_122' title="bbox 1844 4734 3517 4815; baseline -0.005 -19"><span class='ocrx_word' id='word_1_993' title='bbox 1844 4745 2153 4815; x_wconf 81' lang='grc' dir='ltr'>ἐπιστήμης</span> <span class='ocrx_word' id='word_1_994' title='bbox 2181 4744 2357 4797; x_wconf 85' lang='grc' dir='ltr'>πάντα</span> <span class='ocrx_word' id='word_1_995' title='bbox 2386 4741 2702 4811; x_wconf 85' lang='grc' dir='ltr'>ἐργάσεται,</span> <span class='ocrx_word' id='word_1_996' title='bbox 2726 4740 2821 4793; x_wconf 76' lang='grc' dir='ltr'>καί¹</span> <span class='ocrx_word' id='word_1_997' title='bbox 2851 4736 3078 4809; x_wconf 81' lang='grc' dir='ltr'>παρέξει</span> <span class='ocrx_word' id='word_1_998' title='bbox 3101 4739 3212 4800; x_wconf 87' lang='grc' dir='ltr'>τοῖς</span> <span class='ocrx_word' id='word_1_999' title='bbox 3238 4734 3517 4805; x_wconf 81' lang='grc' dir='ltr'>δεομένοις</span> 
     </span>
    </p>
   </div>
   <div class='ocr_carea' id='block_1_121' title="bbox 1844 4819 3523 4899">
    <p class='ocr_par' dir='ltr' id='par_1_121' title="bbox 1844 4819 3523 4899">
     <span class='ocr_line' id='line_1_123' title="bbox 1844 4819 3523 4899; baseline -0.004 -17"><span class='ocrx_word' id='word_1_1000' title='bbox 1844 4828 2010 4883; x_wconf 84' lang='grc' dir='ltr'>αὑτοῦ</span> <span class='ocrx_word' id='word_1_1001' title='bbox 2031 4868 2046 4894; x_wconf 94' lang='grc'>,</span> <span class='ocrx_word' id='word_1_1002' title='bbox 2084 4830 2145 4882; x_wconf 81' lang='grc' dir='ltr'>οὐ</span> <span class='ocrx_word' id='word_1_1003' title='bbox 2178 4828 2405 4899; x_wconf 89' lang='grc' dir='ltr'>πλησίον</span> <span class='ocrx_word' id='word_1_1004' title='bbox 2429 4827 2641 4899; x_wconf 88' lang='grc' dir='ltr'>νεκρῶν</span> <span class='ocrx_word' id='word_1_1005' title='bbox 2680 4826 2990 4897; x_wconf 86' lang='grc' dir='ltr'>καθήμενος</span> <span class='ocrx_word' id='word_1_1006' title='bbox 3018 4824 3200 4895; x_wconf 84' lang='grc' dir='ltr'>μόνον,</span> <span class='ocrx_word' id='word_1_1007' title='bbox 3236 4819 3374 4875; x_wconf 87' lang='grc' dir='ltr'>ἀλλά</span> <span class='ocrx_word' id='word_1_1008' title='bbox 3405 4819 3523 4875; x_wconf 85' lang='grc' dir='ltr'>κᾶν</span> 
     </span>
    </p>
   </div>
   <div class='ocr_carea' id='block_1_122' title="bbox 1844 4906 3514 4984">
    <p class='ocr_par' dir='ltr' id='par_1_122' title="bbox 1844 4906 3514 4984">
     <span class='ocr_line' id='line_1_124' title="bbox 1844 4906 3514 4984; baseline -0.005 -17"><span class='ocrx_word' id='word_1_1009' title='bbox 1844 4914 1982 4968; x_wconf 81' lang='grc' dir='ltr'>αὑτά</span> <span class='ocrx_word' id='word_1_1010' title='bbox 2011 4912 2083 4966; x_wconf 78' lang='grc' dir='ltr'>τὰ</span> <span class='ocrx_word' id='word_1_1011' title='bbox 2112 4914 2371 4984; x_wconf 89' lang='grc' dir='ltr'>μνήματα</span> <span class='ocrx_word' id='word_1_1012' title='bbox 2395 4913 2501 4966; x_wconf 90' lang='grc' dir='ltr'>τῶν</span> <span class='ocrx_word' id='word_1_1013' title='bbox 2534 4912 2938 4982; x_wconf 88' lang='grc' dir='ltr'>κατοιχομένων</span> <span class='ocrx_word' id='word_1_1014' title='bbox 2963 4908 3315 4980; x_wconf 77' lang='grc' dir='ltr'>οἰκοδομῆσαι</span> <span class='ocrx_word' id='word_1_1015' title='bbox 3341 4918 3364 4946; x_wconf 72' lang='grc' dir='ltr'>ε</span> <span class='ocrx_word' id='word_1_1016' title='bbox 3391 4906 3514 4978; x_wconf 83' lang='grc' dir='ltr'>δέῃ,</span> 
     </span>
    </p>
   </div>
   <div class='ocr_carea' id='block_1_123' title="bbox 1846 4993 3518 5069">
    <p class='ocr_par' dir='ltr' id='par_1_123' title="bbox 1846 4993 3518 5069">
     <span class='ocr_line' id='line_1_125' title="bbox 1846 4993 3518 5069; baseline -0.003 -19"><span class='ocrx_word' id='word_1_1017' title='bbox 1846 4997 1940 5050; x_wconf 71' lang='grc' dir='ltr'>καὶ</span> <span class='ocrx_word' id='word_1_1018' title='bbox 1967 5000 1995 5051; x_wconf 93' lang='lat'>6</span> <span class='ocrx_word' id='word_1_1019' title='bbox 2027 4998 2346 5069; x_wconf 77' lang='grc' dir='ltr'>ζωγράφος,</span> <span class='ocrx_word' id='word_1_1020' title='bbox 2379 5000 2475 5053; x_wconf 77' lang='grc' dir='ltr'>καὶ</span> <span class='ocrx_word' id='word_1_1021' title='bbox 2500 5000 2528 5051; x_wconf 89' lang='grc' dir='ltr'><strong>ὁ</strong></span> <span class='ocrx_word' id='word_1_1022' title='bbox 2555 4997 2795 5062; x_wconf 79' lang='grc' dir='ltr'>λιθοξόος</span> <span class='ocrx_word' id='word_1_1023' title='bbox 2813 5036 2829 5060; x_wconf 90' lang='grc'>,</span> <span class='ocrx_word' id='word_1_1024' title='bbox 2875 4994 2969 5048; x_wconf 78' lang='grc' dir='ltr'>καὶ</span> <span class='ocrx_word' id='word_1_1025' title='bbox 2997 4996 3025 5048; x_wconf 90' lang='grc' dir='ltr'>ὁ</span> <span class='ocrx_word' id='word_1_1026' title='bbox 3054 4993 3297 5060; x_wconf 89' lang='grc' dir='ltr'>τέκτων,</span> <span class='ocrx_word' id='word_1_1027' title='bbox 3340 4993 3435 5045; x_wconf 78' lang='grc' dir='ltr'>καὶ</span> <span class='ocrx_word' id='word_1_1028' title='bbox 3487 4995 3518 5046; x_wconf 91' lang='lat'>6</span> 
     </span>
    </p>
   </div>
   <div class='ocr_carea' id='block_1_124' title="bbox 1845 5076 3515 5152">
    <p class='ocr_par' dir='ltr' id='par_1_124' title="bbox 1845 5076 3515 5152">
     <span class='ocr_line' id='line_1_126' title="bbox 1845 5076 3515 5152; baseline -0.003 -17"><span class='ocrx_word' id='word_1_1029' title='bbox 1845 5081 2206 5152; x_wconf 86' lang='grc' dir='ltr'>χαλκοτύπος,</span> <span class='ocrx_word' id='word_1_1030' title='bbox 2238 5085 2332 5137; x_wconf 82' lang='grc' dir='ltr'>καὶ</span> <span class='ocrx_word' id='word_1_1031' title='bbox 2359 5083 2561 5147; x_wconf 86' lang='grc' dir='ltr'>πάντες</span> <span class='ocrx_word' id='word_1_1032' title='bbox 2582 5082 2652 5135; x_wconf 88' lang='grc' dir='ltr'>τά</span> <span class='ocrx_word' id='word_1_1033' title='bbox 2669 5079 2848 5134; x_wconf 85' lang='grc' dir='ltr'>αὑτῶν</span> <span class='ocrx_word' id='word_1_1034' title='bbox 2876 5078 3291 5149; x_wconf 83' lang='grc' dir='ltr'>συνεισφέρουσι</span> <span class='ocrx_word' id='word_1_1035' title='bbox 3308 5091 3321 5105; x_wconf 78' lang='grc'><strong><em>⁸</em></strong></span> <span class='ocrx_word' id='word_1_1036' title='bbox 3356 5076 3515 5148; x_wconf 82' lang='grc' dir='ltr'>μόνος</span> 
     </span>
    </p>
   </div>
   <div class='ocr_carea' id='block_1_125' title="bbox 1845 5159 3514 5235">
    <p class='ocr_par' dir='ltr' id='par_1_125' title="bbox 1845 5159 3514 5235">
     <span class='ocr_line' id='line_1_127' title="bbox 1845 5159 3514 5235; baseline -0.007 -15"><span class='ocrx_word' id='word_1_1037' title='bbox 1845 5168 1902 5220; x_wconf 84' lang='grc' dir='ltr'>δὲ</span> <span class='ocrx_word' id='word_1_1038' title='bbox 1931 5168 2146 5221; x_wconf 85' lang='grc' dir='ltr'>πάντων</span> <span class='ocrx_word' id='word_1_1039' title='bbox 2176 5172 2205 5221; x_wconf 87' lang='grc' dir='ltr'>ὁ</span> <span class='ocrx_word' id='word_1_1040' title='bbox 2241 5166 2511 5220; x_wconf 82' lang='grc' dir='ltr'>Ἀπόλλων</span> <span class='ocrx_word' id='word_1_1041' title='bbox 2543 5166 2647 5220; x_wconf 80' lang='grc' dir='ltr'>ὑπὸ</span> <span class='ocrx_word' id='word_1_1042' title='bbox 2669 5164 2778 5218; x_wconf 84' lang='grc' dir='ltr'>τῶν</span> <span class='ocrx_word' id='word_1_1043' title='bbox 2806 5162 3017 5235; x_wconf 79' lang='grc' dir='ltr'>νεκρῶν</span> <span class='ocrx_word' id='word_1_1044' title='bbox 3045 5159 3353 5215; x_wconf 75' lang='grc' dir='ltr'>κωλύεσθαι</span> <span class='ocrx_word' id='word_1_1045' title='bbox 3381 5175 3514 5227; x_wconf 85' lang='grc' dir='ltr'>φησι</span> 
     </span>
    </p>
   </div>
   <div class='ocr_carea' id='block_1_126' title="bbox 1843 5241 3515 5322">
    <p class='ocr_par' dir='ltr' id='par_1_126' title="bbox 1843 5241 3515 5322">
     <span class='ocr_line' id='line_1_128' title="bbox 1843 5241 3515 5322; baseline -0.007 -19"><span class='ocrx_word' id='word_1_1046' title='bbox 1843 5250 1915 5303; x_wconf 82' lang='grc' dir='ltr'>τὰ</span> <span class='ocrx_word' id='word_1_1047' title='bbox 1959 5250 2220 5321; x_wconf 88' lang='grc' dir='ltr'>μέλλοντα</span> <span class='ocrx_word' id='word_1_1048' title='bbox 2269 5251 2530 5322; x_wconf 81' lang='grc' dir='ltr'>προορᾷν.</span> <span class='ocrx_word' id='word_1_1049' title='bbox 2567 5249 2677 5304; x_wconf 80' lang='grc' dir='ltr'>Καὶ</span> <span class='ocrx_word' id='word_1_1050' title='bbox 2715 5248 2819 5320; x_wconf 76' lang='grc' dir='ltr'>μὴν</span> <span class='ocrx_word' id='word_1_1051' title='bbox 2852 5248 2948 5303; x_wconf 74' lang='grc' dir='ltr'>καὶ</span> <span class='ocrx_word' id='word_1_1052' title='bbox 2988 5246 3118 5317; x_wconf 77' lang='grc' dir='ltr'>παρ’</span> <span class='ocrx_word' id='word_1_1053' title='bbox 3153 5245 3284 5316; x_wconf 87' lang='grc' dir='ltr'>ήμῑν</span> <span class='ocrx_word' id='word_1_1054' title='bbox 3326 5241 3515 5310; x_wconf 84' lang='grc' dir='ltr'>ἄνδρες</span> 
     </span>
    </p>
   </div>
   <div class='ocr_carea' id='block_1_127' title="bbox 1847 5328 3516 5407">
    <p class='ocr_par' dir='ltr' id='par_1_127' title="bbox 1847 5328 3516 5407">
     <span class='ocr_line' id='line_1_129' title="bbox 1847 5328 3516 5407; baseline -0.008 -18"><span class='ocrx_word' id='word_1_1055' title='bbox 1847 5337 2103 5405; x_wconf 84' lang='grc' dir='ltr'>γεγόνασι</span> <span class='ocrx_word' id='word_1_1056' title='bbox 2137 5335 2364 5407; x_wconf 88' lang='grc' dir='ltr'>μεγάλοι</span> <span class='ocrx_word' id='word_1_1057' title='bbox 2392 5337 2486 5390; x_wconf 76' lang='grc' dir='ltr'>καὶ</span> <span class='ocrx_word' id='word_1_1058' title='bbox 2520 5334 2849 5405; x_wconf 76' lang='grc' dir='ltr'>θαυμαστοὶ,</span> <span class='ocrx_word' id='word_1_1059' title='bbox 2876 5330 2972 5387; x_wconf 74' lang='grc' dir='ltr'>καὶ</span> <span class='ocrx_word' id='word_1_1060' title='bbox 3004 5329 3072 5384; x_wconf 89' lang='grc' dir='ltr'>τά</span> <span class='ocrx_word' id='word_1_1061' title='bbox 3110 5328 3216 5399; x_wconf 87' lang='grc' dir='ltr'>πρὸ</span> <span class='ocrx_word' id='word_1_1062' title='bbox 3252 5341 3516 5395; x_wconf 77' lang='grc' dir='ltr'>τετρακο-</span> 
     </span>
    </p>
   </div>
   <div class='ocr_carea' id='block_1_128' title="bbox 1852 5409 3518 5491">
    <p class='ocr_par' dir='ltr' id='par_1_128' title="bbox 1852 5409 3518 5491">
     <span class='ocr_line' id='line_1_130' title="bbox 1852 5409 3518 5491; baseline -0.008 -18"><span class='ocrx_word' id='word_1_1063' title='bbox 1852 5418 1980 5473; x_wconf 87' lang='grc' dir='ltr'>σίων</span> <span class='ocrx_word' id='word_1_1064' title='bbox 2014 5420 2108 5474; x_wconf 78' lang='grc' dir='ltr'>καὶ</span> <span class='ocrx_word' id='word_1_1065' title='bbox 2146 5418 2332 5491; x_wconf 83' lang='grc' dir='ltr'>χιλίων</span> <span class='ocrx_word' id='word_1_1066' title='bbox 2367 5422 2630 5490; x_wconf 89' lang='grc' dir='ltr'>προεῖπον</span> <span class='ocrx_word' id='word_1_1067' title='bbox 2659 5418 2819 5484; x_wconf 88' lang='grc' dir='ltr'>ἐτῶν,</span> <span class='ocrx_word' id='word_1_1068' title='bbox 2848 5417 2942 5469; x_wconf 77' lang='grc' dir='ltr'>καὶ</span> <span class='ocrx_word' id='word_1_1069' title='bbox 2975 5411 3126 5487; x_wconf 70' lang='lat'>[562]</span> <span class='ocrx_word' id='word_1_1070' title='bbox 3158 5409 3518 5483; x_wconf 87' lang='grc' dir='ltr'>προλέγοντες</span> 
     </span>
    </p>
   </div>
   <div class='ocr_carea' id='block_1_129' title="bbox 1847 5493 3519 5575">
    <p class='ocr_par' dir='ltr' id='par_1_129' title="bbox 1847 5493 3519 5575">
     <span class='ocr_line' id='line_1_131' title="bbox 1847 5493 3519 5575; baseline -0.007 -19"><span class='ocrx_word' id='word_1_1071' title='bbox 1847 5502 2002 5557; x_wconf 86' lang='grc' dir='ltr'>οὑδέν</span> <span class='ocrx_word' id='word_1_1072' title='bbox 2030 5502 2236 5558; x_wconf 88' lang='grc' dir='ltr'>τούτων</span> <span class='ocrx_word' id='word_1_1073' title='bbox 2259 5503 2382 5558; x_wconf 75' lang='grc' dir='ltr'>οὔτε</span> <span class='ocrx_word' id='word_1_1074' title='bbox 2411 5503 2707 5575; x_wconf 77' lang='grc' dir='ltr'>ἐζήτησαν,</span> <span class='ocrx_word' id='word_1_1075' title='bbox 2733 5501 2857 5556; x_wconf 77' lang='grc' dir='ltr'>οὕτε</span> <span class='ocrx_word' id='word_1_1076' title='bbox 2886 5498 3226 5571; x_wconf 83' lang='grc' dir='ltr'>ἐμέμψαντο,</span> <span class='ocrx_word' id='word_1_1077' title='bbox 3243 5493 3367 5547; x_wconf 73' lang='grc' dir='ltr'>οὔτε</span> <span class='ocrx_word' id='word_1_1078' title='bbox 3390 5494 3519 5557; x_wconf 77' lang='grc' dir='ltr'>τοὺς</span> 
     </span>
    </p>
   </div>
   <div class='ocr_carea' id='block_1_130' title="bbox 1846 5578 3521 5659">
    <p class='ocr_par' dir='ltr' id='par_1_130' title="bbox 1846 5578 3521 5659">
     <span class='ocr_line' id='line_1_132' title="bbox 1846 5578 3521 5659; baseline -0.005 -21"><span class='ocrx_word' id='word_1_1079' title='bbox 1846 5586 2049 5655; x_wconf 87' lang='grc' dir='ltr'>τάφους</span> <span class='ocrx_word' id='word_1_1080' title='bbox 2085 5587 2193 5640; x_wconf 89' lang='grc' dir='ltr'>τῶν</span> <span class='ocrx_word' id='word_1_1081' title='bbox 2221 5587 2566 5641; x_wconf 87' lang='grc' dir='ltr'>ἀπελθόντων</span> <span class='ocrx_word' id='word_1_1082' title='bbox 2588 5584 3039 5659; x_wconf 75' lang='grc' dir='ltr'>ἀναρρήγνυσθαι</span> <span class='ocrx_word' id='word_1_1083' title='bbox 3077 5579 3392 5641; x_wconf 82' lang='grc' dir='ltr'>ἐκέλευσαν,</span> <span class='ocrx_word' id='word_1_1084' title='bbox 3422 5578 3521 5630; x_wconf 72' lang='grc' dir='ltr'>καὶ</span> 
     </span>
    </p>
   </div>
   <div class='ocr_carea' id='block_1_131' title="bbox 1846 5661 3523 5742">
    <p class='ocr_par' dir='ltr' id='par_1_131' title="bbox 1846 5661 3523 5742">
     <span class='ocr_line' id='line_1_133' title="bbox 1846 5661 3523 5742; baseline -0.005 -19"><span class='ocrx_word' id='word_1_1085' title='bbox 1846 5674 1973 5734; x_wconf 82' lang='grc' dir='ltr'>τοὺς</span> <span class='ocrx_word' id='word_1_1086' title='bbox 2006 5673 2295 5741; x_wconf 87' lang='grc' dir='ltr'>κειμένους</span> <span class='ocrx_word' id='word_1_1087' title='bbox 2321 5670 2638 5742; x_wconf 60' lang='grc' dir='ltr'>ῥίπτεσθαι.</span> <span class='ocrx_word' id='word_1_1088' title='bbox 2682 5670 2777 5723; x_wconf 74' lang='grc' dir='ltr'>καὶ</span> <span class='ocrx_word' id='word_1_1089' title='bbox 2812 5664 3203 5738; x_wconf 78' lang='grc' dir='ltr'>τυμϐωρυχίας</span> <span class='ocrx_word' id='word_1_1090' title='bbox 3238 5662 3386 5727; x_wconf 80' lang='grc' dir='ltr'>ξένον</span> <span class='ocrx_word' id='word_1_1091' title='bbox 3424 5661 3523 5715; x_wconf 73' lang='grc' dir='ltr'>καὶ</span> 
     </span>
    </p>
   </div>
   <div class='ocr_carea' id='block_1_132' title="bbox 1850 5749 3523 5828">
    <p class='ocr_par' dir='ltr' id='par_1_132' title="bbox 1850 5749 3523 5828">
     <span class='ocr_line' id='line_1_134' title="bbox 1850 5749 3523 5828; baseline 0 -22"><span class='ocrx_word' id='word_1_1092' title='bbox 1850 5755 2210 5825; x_wconf 84' lang='grc' dir='ltr'>ἀναίσχυντον</span> <span class='ocrx_word' id='word_1_1093' title='bbox 2240 5758 2476 5811; x_wconf 87' lang='grc' dir='ltr'>ἐπινοεῖν</span> <span class='ocrx_word' id='word_1_1094' title='bbox 2510 5774 2527 5804; x_wconf 75' lang='grc' dir='ltr'>ἰ</span> <span class='ocrx_word' id='word_1_1095' title='bbox 2545 5757 2710 5828; x_wconf 86' lang='grc' dir='ltr'>ρόπον</span> <span class='ocrx_word' id='word_1_1096' title='bbox 2733 5770 2746 5783; x_wconf 95' lang='grc'><strong>·</strong></span> <span class='ocrx_word' id='word_1_1097' title='bbox 2771 5753 2886 5807; x_wconf 85' lang='grc' dir='ltr'>ἀλλ’</span> <span class='ocrx_word' id='word_1_1098' title='bbox 2920 5756 2969 5807; x_wconf 92' lang='grc' dir='ltr'>οἱ</span> <span class='ocrx_word' id='word_1_1099' title='bbox 3000 5755 3098 5826; x_wconf 89' lang='grc' dir='ltr'>μέν</span> <span class='ocrx_word' id='word_1_1100' title='bbox 3132 5751 3314 5806; x_wconf 79' lang='grc' dir='ltr'>αὐτῶν</span> <span class='ocrx_word' id='word_1_1101' title='bbox 3342 5749 3523 5806; x_wconf 76' lang='grc' dir='ltr'>ἔθνεσι</span> 
     </span>
    </p>
   </div>
   <div class='ocr_carea' id='block_1_133' title="bbox 1913 5895 3517 5973">
    <p class='ocr_par' dir='ltr' id='par_1_133' title="bbox 1913 5895 3517 5973">
     <span class='ocr_line' id='line_1_135' title="bbox 1913 5895 3517 5973; baseline -0.003 -22"><span class='ocrx_word' id='word_1_1102' title='bbox 1913 5904 1932 5925; x_wconf 81' lang='grc'><strong><em>⁸</em></strong></span> <span class='ocrx_word' id='word_1_1103' title='bbox 1951 5902 2032 5973; x_wconf 87' lang='lat' dir='ltr'>Si_c</span> <span class='ocrx_word' id='word_1_1104' title='bbox 2050 5902 2203 5973; x_wconf 61' lang='lat' dir='ltr'>quil.</span> <span class='ocrx_word' id='word_1_1105' title='bbox 2230 5908 2284 5950; x_wconf 71' lang='lat' dir='ltr'><strong>et</strong></span> <span class='ocrx_word' id='word_1_1106' title='bbox 2301 5903 2399 5973; x_wconf 60' lang='lat' dir='ltr'>duo</span> <span class='ocrx_word' id='word_1_1107' title='bbox 2417 5914 2562 5973; x_wconf 56' lang='grc' dir='ltr'>ξιτεδ..</span> <span class='ocrx_word' id='word_1_1108' title='bbox 2588 5908 2739 5965; x_wconf 53' lang='lat' dir='ltr'><strong>atqu;</strong></span> <span class='ocrx_word' id='word_1_1109' title='bbox 2767 5906 2834 5954; x_wconf 74' lang='lat' dir='ltr'>Ita</span> <span class='ocrx_word' id='word_1_1110' title='bbox 2857 5901 3054 5964; x_wconf 76' lang='lat' dir='ltr'>legerat</span> <span class='ocrx_word' id='word_1_1111' title='bbox 3087 5903 3231 5950; x_wconf 70' lang='lat' dir='ltr'>vetus</span> <span class='ocrx_word' id='word_1_1112' title='bbox 3250 5895 3517 5956; x_wconf 75' lang='lat' dir='ltr'>interpres.</span> 
     </span>
    </p>
   </div>
   <div class='ocr_carea' id='block_1_134' title="bbox 1854 5962 2584 6016">
    <p class='ocr_par' dir='ltr' id='par_1_134' title="bbox 1854 5962 2584 6016">
     <span class='ocr_line' id='line_1_136' title="bbox 1854 5962 2584 6016; baseline -0.004 -1"><span class='ocrx_word' id='word_1_1113' title='bbox 1854 5964 2025 6016; x_wconf 73' lang='lat' dir='ltr'>More).</span> <span class='ocrx_word' id='word_1_1114' title='bbox 2049 5962 2213 6014; x_wconf 82' lang='lat' dir='ltr'>minus</span> <span class='ocrx_word' id='word_1_1115' title='bbox 2232 5969 2368 6012; x_wconf 76' lang='lat' dir='ltr'><strong>recte</strong></span> <span class='ocrx_word' id='word_1_1116' title='bbox 2390 5962 2584 6012; x_wconf 79' lang='grc' dir='ltr'>οἰκίσαι.</span> 
     </span>
    </p>
   </div>
  </div>
