4032 6452
236 418 352 475 557

240 623 411 677 tionis
458 636 652 676 novum
701 620 1170 689 impudentemque
1216 617 1433 671 modum
1485 612 1773 682 excogitari
1828 629 1840 664 :

238 725 484 767 attamen
515 728 579 767 ex
609 712 687 766 eis
715 713 804 766 alii
840 727 961 766 cum
1006 710 1182 779 impiis
1220 708 1566 775 scelcSIisquc
1602 703 1848 774 gentibus

241 805 589 868 habitantes,
623 804 711 856 alii
741 803 790 857 in
821 803 996 856 medio
1024 802 1366 856 barbarorum
1389 838 1404 865 ,
1438 799 1524 853 ubi
1555 798 1731 851 omnia
1761 797 1846 850 in-

244 896 471 964 quiuata
518 906 572 948 et
609 895 968 949 contaminata
1015 902 1168 948 erant
1196 935 1210 954 ,
1248 908 1368 946 cum
1407 892 1629 945 veritate
1672 889 1848 942 omnia

241 986 637 1057 prmdicebant,
665 1001 835 1054 neque
863 986 1088 1038 aliorum
1122 984 1344 1052 pollutio
1371 998 1556 1037 eorum
1585 982 1850 1036 vaticiniis

245 1082 459 1134 oberat.
506 1078 616 1133 Cur
655 1078 795 1132 hoc?
825 1077 957 1145 Quia
1006 1078 1082 1132 illi
1118 1077 1298 1131 divina
1337 1077 1532 1130 virtute
1567 1076 1694 1129 moti
1726 1088 1851 1128 vere

248 1169 647 1239 loquebantur;
676 1166 885 1222 dazmon
915 1177 1092 1222 autem
1122 1208 1134 1232 ,
1168 1167 1218 1221 vi
1246 1167 1333 1220 illa
1364 1181 1559 1219 vacuus
1596 1180 1659 1218 ac
1684 1164 1852 1219 desti-

248 1269 407 1317 tutus
431 1302 446 1326 ,
476 1260 606 1314 nihil
646 1261 1013 1330 praenuntiam
1051 1269 1256 1328 poterat
1286 1277 1299 1313 :
1330 1274 1397 1312 ne
1427 1267 1603 1312 autem
1646 1257 1854 1310 ha‘rcrc

246 1353 531 1407 videretur
553 1393 567 1417 ,
598 1351 905 1405 verisimilia
946 1350 1189 1421 quasdam
1213 1392 1227 1417 ,
1258 1350 1351 1405 sed
1386 1349 1607 1419 ridicula
1652 1343 1852 1417 ﬁngere

250 1444 564 1514 cogebatur.
605 1441 713 1498 Cur
746 1445 886 1497 enim
907 1440 925 1509 ',
954 1456 1168 1511 quasso,
1198 1442 1329 1497 nihil
1360 1441 1660 1511 hujusmodi
1692 1451 1849 1494 antea

252 1536 485 1598 dixerat,
515 1535 598 1587 vel
626 1534 928 1589 efl'utierat?
956 1534 1090 1602 Quia
1116 1545 1241 1588 tunc
1270 1543 1582 1603 przetextum
1611 1533 1854 1601 proferre

254 1635 490 1697 poterat,
523 1625 660 1694 quod
688 1625 889 1679 scilicet
916 1641 1020 1678 non
1048 1626 1344 1689 coleretur;
1380 1626 1477 1678 hac
1504 1640 1664 1694 porro
1691 1638 1853 1677 excu-

255 1717 468 1771 Satiouc
487 1715 730 1783 adempta
752 1757 766 1781 ,
790 1716 855 1769 ad
882 1727 1121 1770 mortuos
1145 1716 1399 1786 confugit,
1424 1717 1610 1769 anxius
1632 1731 1698 1770 ne
1723 1716 1846 1785 quid

257 1809 364 1862 sibi
398 1809 517 1861 mali
551 1808 881 1877 Contingeret
915 1826 928 1862 :
964 1826 1082 1862 nam
1110 1824 1139 1861 a
1170 1809 1367 1862 decoro
1409 1808 1659 1863 recedere
1701 1809 1852 1863 nole-

257 1898 392 1962 bat;
438 1897 529 1950 Sed
560 1913 651 1951 vos
679 1899 822 1951 illum
851 1901 1098 1969 ο()ρε.τὶ›ιὶε
1124 1942 1138 1965 ,
1168 1901 1256 1969 qui
1289 1915 1478 1967 magno
1509 1900 1598 1953 illo
1624 1899 1767 1954 eultu
1796 1901 1844 1953 ei

261 1991 665 2045 excusationem
697 1991 971 2045 ademistis
996 2034 1009 2054 ,
1046 2007 1142 2045 nec
1173 1992 1487 2060 permisistis
1514 2005 1636 2047 eum
1679 1991 1745 2046 ad
1773 2007 1858 2046 sa-

261 2080 590 2134 crificiorum
625 2081 898 2148 penuriam
927 2083 1230 2153 coiifugcre.
1638 2124 1645 2133 .

342 2172 431 2226 16.
466 2172 525 2226 S.
587 2171 800 2243 Bal:wa
844 2189 1027 2244 corpus
1063 2173 1327 2245 transferri
1359 2175 1567 2245 jubelur
1592 2193 1623 2228 a
1650 2174 1863 2237 Iuliano

261 2266 532 2336 Apostata.
572 2296 640 2305 —
682 2266 794 2320 lloc
836 2267 1019 2321 audito
1065 2267 1256 2322 histrio
1306 2269 1392 2322 ille
1436 2268 1595 2336 jussit
1644 2284 1860 2336 capsum

264 2356 397 2411 inde
427 2356 659 2423 auferri,
694 2368 747 2411 ut
785 2359 980 2411 victum
1013 2349 1131 2413 esse
1178 2362 1475 2415 (Immunem
1523 2374 1681 2413 nemo
1712 2361 1863 2429 igno-

268 2459 439 2503 raret.
474 2448 685 2503 Etenim
716 2450 759 2503 si
792 2449 1011 2504 dixi~set
1037 2450 1155 2514 ille,
1188 2450 1410 2519 Propter
1449 2461 1690 2504 sanctum
1723 2451 1863 2521 loqui

268 2558 379 2595 non
413 2557 648 2611 possum,
678 2541 771 2595 sed
800 2542 927 2595 nihil
954 2553 1180 2603 movete,
1209 2542 1337 2595 nihil
1369 2543 1622 2596 tumultus
1652 2542 1863 2608 inferte,

266 2632 323 2686 id
370 2633 481 2687 suis
527 2643 728 2687 curtum
773 2634 1065 2688 cultoribus
1110 2644 1294 2687 notum
1336 2633 1523 2687 fuisset
1552 2652 1565 2688 :
1597 2633 1868 2702 puduisset

265 2725 416 2779 enim
454 2725 646 2779 facturn
678 2725 743 2778 ad
785 2727 918 2781 alios
956 2726 1202 2790 deferre;
1239 2726 1350 2795 jam
1380 2742 1508 2780 vero
1536 2727 1683 2796 quasi
1718 2727 1867 2780 inﬁr-

267 2816 511 2869 mitatem
559 2830 710 2870 suam
750 2817 1026 2870 traducere
1057 2817 1246 2883 vellet,
1293 2816 1371 2870 sic
1408 2819 1585 2871 omnia
1629 2818 1867 2872 facienda

268 2907 499 2973 curavit,
535 2909 727 2978 quibus
756 2925 822 2963 ne
849 2909 1044 2975 volenti
1076 2908 1288 2978 quidem
1319 2925 1432 2963 rem
1461 2910 1713 2979 obtegere
1743 2910 1868 2964 lice-

270 2997 368 3052 bat
402 3017 413 3051 :
448 3015 617 3069 neque
645 2999 785 3053 enim
814 2999 921 3069 jam
951 3000 1216 3053 simulatio
1246 3000 1447 3054 servari
1486 3010 1694 3068 potest,
1725 3000 1869 3070 quod

277 3086 480 3141 nullum
526 3088 667 3142 aliud
696 3088 957 3154 cadaver,
1003 3088 1096 3143 sed
1126 3089 1272 3143 solus
1305 3087 1510 3159 martyr
1540 3090 1661 3143 inde
1693 3101 1867 3143 trans-

275 3174 478 3231 feratur
512 3196 524 3231 :
558 3192 657 3231 occ
696 3179 867 3231 solum
911 3179 999 3249 qui
1036 3180 1220 3233 urbem
1243 3221 1257 3243 ,
1291 3180 1601 3234 suburbimn
1633 3188 1687 3235 et
1714 3196 1870 3249 agros

277 3267 601 3330 incolebant,
654 3268 749 3323 sed
792 3270 954 3324 etiam
997 3270 1084 3340 qui
1130 3270 1488 3325 remotissime
1537 3271 1868 3338 habitabant,

276 3373 401 3412 cum
427 3358 692 3428 jacentem
724 3375 936 3429 capsum
983 3377 1086 3413 non
1120 3371 1442 3424 cernerent,
1475 3362 1653 3416 statim
1685 3362 1871 3415 scisci-

278 3458 454 3503 tantes
484 3449 807 3516 andiebant,
858 3451 1069 3506 dromon
1113 3453 1183 3506 ab
1209 3452 1531 3521 lmperatorc
1576 3462 1790 3522 rogatus
1819 3461 1874 3505 ut

276 3540 681 3605 vaticinaretur,
709 3541 844 3596 dixit
868 3558 925 3596 se
953 3558 1057 3597 non
1091 3559 1246 3612 posse
1265 3585 1277 3607 ,
1306 3543 1477 3597 donec
1506 3543 1719 3597 beatum
1752 3544 1875 3597 hinc

276 3629 534 3702 Babylam
564 3633 683 3701 quis
710 3635 1021 3689 amovisset.
1069 3636 1262 3706 Atqui,
1299 3651 1331 3689 ο
1371 3635 1593 3691 ridicule
1614 3681 1627 3703 ,
1658 3645 1874 3708 potcras

276 3723 346 3778 ad
377 3724 507 3779 alias
535 3727 910 3780 excusationes
935 3726 1241 3797 confugere,
1268 3739 1323 3781 ut
1352 3744 1495 3798 sa-pe
1522 3731 1682 3794 soles,
1716 3730 1874 3783 innu-

276 3815 446 3871 meris
492 3832 707 3887 semper
750 3818 989 3872 artificiis
1018 3820 1178 3874 dubia
1221 3837 1476 3890 respousa
1506 3822 1873 3887 concinnatis;

280 3905 433 3978 Lydo
463 3923 655 3977 nempe
686 3909 871 3963 dicens
898 3909 1008 3984 (α),
1041 3911 1087 3965 si
1130 3912 1297 3985 llalyn
1331 3898 1549 3967 fluvium
1597 3916 1871 3967 transmit-

282 4004 454 4060 teret,
488 4013 733 4067 magnum
768 3999 1045 4068 imperium
1077 4003 1372 4057 soluturum
1407 4019 1525 4058 esse
1547 4046 1561 4068 ,
1597 4004 1878 4074 ipsumque

283 4097 466 4156 postea
498 4105 644 4159 pyra:
691 4090 996 4161 impositum
1029 4092 1325 4161 exhibens;
1374 4096 1422 4148 in
1452 4094 1717 4149 Salamine
1749 4097 1874 4150 item

278 4177 472 4233 eodem
498 4193 625 4233 usus
647 4194 705 4234 cs
727 4180 974 4244 artiﬁcio.
1000 4184 1222 4239 ridicula
1244 4185 1448 4255 adjecta
1472 4185 1874 4255 conjunctione:

282 4283 407 4324 nam
436 4269 635 4335 dicere,

358 4379 556 4438 Perdes
586 4393 641 4438 tu
669 4385 804 4454 ﬁlios
838 4387 1129 4454 mulierum,

284 4492 463 4549 simile
499 4495 550 4550 ei
579 4505 725 4564 erat,
757 4499 897 4568 quod
929 4499 1078 4572 Lydo
1108 4500 1357 4573 dixeras;
1400 4502 1634 4573 adjicere
1676 4513 1878 4571 autem,

360 4602 483 4658 Siue
507 4622 689 4675 sparsa
714 4605 908 4674 Cerere,
943 4610 1045 4665 sive
1070 4622 1277 4666 coeunte
1293 4657 1308 4679 ,

286 4715 494 4787 majore
522 4719 573 4773 id
613 4729 760 4777 certe
784 4722 897 4777 risu
924 4723 1143 4797 dignum
1177 4725 1306 4795 fuit,
1346 4731 1485 4799 qttod
1527 4746 1655 4786 sane
1682 4747 1881 4788 conve-

285 4809 398 4863 niat
424 4809 830 4869 circulatorihus
856 4815 908 4868 in
939 4817 1142 4883 triviis;
1192 4818 1284 4874 sed
1317 4836 1489 4890 neque
1515 4823 1616 4877 ltoc
1648 4823 1738 4878 tibi
1769 4826 1882 4894 pla-

285 4901 416 4955 cuit.
458 4900 677 4959 Licebat
702 4914 757 4960 et
786 4896 879 4962 tibi
910 4923 1211 4965 sermonem
1243 4914 1526 4984 obtegere,
1574 4918 1713 4987 quod
1757 4920 1886 4973 arti-

287 4990 468 5046 ficium
508 4994 601 5047 tibi
643 5008 860 5069 semper
905 5000 1129 5056 solenne
1172 5011 1273 5058 est.
1328 5005 1521 5060 Verum
1568 5008 1885 5066 institissent

287 5096 518 5152 omnes,
570 5102 677 5141 non
724 5089 1009 5149 intellecta:
1055 5095 1134 5149 rei
1195 5098 1515 5154 solutionem
1562 5115 1881 5172 qucprcntes.

286 5176 509 5232 Licebat
551 5194 764 5251 quoque
809 5184 900 5239 tibi
945 5185 1012 5241 ad
1055 5199 1198 5244 astra
1248 5192 1534 5264 confugere
1581 5213 1593 5249 :
1638 5197 1689 5251 id
1740 5200 1882 5253 enim

287 5283 436 5338 sepe
487 5270 656 5357 facis,
703 5290 877 5346 neque
929 5279 1130 5348 pudore
1179 5285 1481 5356 ruboreque
1524 5290 1884 5358 perfunderis.

290 5359 567 5429 Siquidem
594 5378 699 5418 non
736 5381 859 5421 cum
898 5370 1027 5425 viris
1067 5385 1246 5431 mente
1277 5377 1511 5446 praeditis
1547 5380 1639 5435 tibi
1672 5397 1758 5437 res
1783 5391 1883 5449 est,

289 5452 386 5506 sed
413 5468 535 5507 cum
568 5449 907 5527 pecudibus;
943 5471 997 5518 et
1026 5480 1184 5534 quatn
1216 5469 1447 5538 pecudes
1486 5471 1614 5541 ipszc
1655 5475 1889 5528 crassio-

291 5546 441 5637 ribns
479 5565 492 5600 :
536 5563 644 5603 non
692 5561 846 5608 erant
891 5555 966 5610 illi
1009 5556 1211 5615 Grmcis
1256 5561 1605 5631 sapientiores
1648 5565 1750 5632 iis,
1797 5567 1887 5637 qui

290 5635 410 5691 haec
435 5637 754 5704 audierunt.
793 5658 895 5699 nec
925 5653 1101 5702 tamen
1131 5665 1159 5703 a
1191 5649 1379 5707 fraude
1404 5668 1521 5708 sese
1551 5635 1884 5713 exemerunt.

294 5729 366 5782 At
394 5729 735 5785 mendacium
780 5733 1206 5797 intellexissent?
1250 5743 1390 5815 Ergo
1417 5747 1649 5815 oportuit
1680 5748 1768 5802 uni
1798 5762 1887 5803 sa-

354 5837 427 5902 (a)
461 5847 532 5890 De
556 5846 718 5891 Crtnso
743 5840 976 5908 loquitur.

1073 411 1160 467 DE
1199 409 1257 466 S.
1297 406 1587 473 BABYLA,
1627 398 1901 459 CONTRA
1938 397 2277 457 JULIANUM
2316 401 2403 456 ET
2442 401 2794 461 GEN’ULES.

128 545 147 557 °
237 543 470 597 serunt,
499 548 603 589 non
632 530 889 587 cadavera
916 527 1072 599 abjici
1094 570 1109 592 ,
1139 542 1241 582 non
1273 526 1639 595 sepulcrorum
1672 520 1840 575 viola-

3435 408 3549 468 558

1953 517 2155 573 cerdotl
2181 521 2455 576 veritatem
2477 522 2706 592 aperire,
2731 533 2783 578 et
2813 525 2925 594 ipse
2952 525 3157 582 cladem
3180 538 3321 582 tuam
3349 528 3541 585 melius

1951 625 2111 678 quam
2141 620 2194 664 tu
2222 613 2561 667 occultasset.
2606 615 2723 667 Jam
2754 630 2883 669 vero
2907 617 3026 686 quis
3053 626 3124 681 te,
3158 619 3343 685 miser,
3370 619 3544 673 addu-

1955 700 2051 762 xit,
2076 711 2135 755 ut
2161 711 2210 755 te
2232 702 2283 756 in
2316 710 2422 756 tam
2445 703 2781 759 manifestam
2806 708 3185 777 impudentiam
3213 711 3545 782 conjiceres?

1956 792 2023 845 At
2068 793 2292 847 fortasse
2338 805 2391 848 tu
2434 796 2564 849 nihil
2615 798 2884 865 peccaSIi;
2932 799 3222 869 Imperator
3253 819 3378 857 vero
3406 804 3548 860 male

1956 880 2270 937 histrionem
2301 886 2429 954 egit,
2460 889 2547 954 qui
2576 903 2693 941 cum
2723 889 3184 946 indiscriminalim
3227 894 3294 949 de
3320 895 3549 950 cadave-

1957 976 2107 1030 ribus
2147 978 2424 1041 audisset,
2470 991 2713 1034 sanctum
2758 983 2906 1037 illum
2948 984 3222 1039 dumtaxat
3264 996 3549 1055 aggressa:

1957 1076 2039 1119 cst
2071 1084 2083 1118 :
2115 1067 2200 1120 ille
2231 1077 2278 1122 te
2322 1071 2559 1138 coarguit
2587 1080 2640 1124 et
2680 1071 2922 1128 fraudem
2951 1075 3167 1129 nudavit
3192 1118 3207 1140 ,
3235 1078 3329 1131 sed
3359 1094 3464 1131 non
3494 1078 3547 1133 id

1959 1159 2131 1213 libens
2162 1161 2282 1214 fecit
2318 1179 2330 1215 :
2361 1179 2532 1231 neque
2561 1164 2703 1217 enim
2744 1166 2899 1219 unius
2930 1167 3277 1238 ejusdemque
3304 1182 3419 1224 erat
3445 1170 3549 1225 do-

1959 1251 2107 1304 naria
2140 1251 2333 1306 afferre
2381 1264 2433 1307 et
2477 1257 2804 1309 contumelia
2852 1259 3101 1323 allicere;
3155 1260 3249 1314 sed
3300 1262 3552 1333 martyris

1958 1343 2127 1397 virtus
2158 1359 2344 1398 omnes
2371 1346 2530 1400 simul
2558 1349 2785 1417 caligine
2816 1350 3002 1404 offudit
3023 1393 3037 1415 ,
3071 1367 3171 1406 nec
3199 1368 3261 1408 ea
3290 1369 3408 1422 quae
3440 1364 3549 1408 tum

1959 1436 2279 1503 gerebantur
2325 1436 2508 1490 videre
2558 1439 2834 1506 permisit;
2886 1456 3070 1495 verum
3115 1443 3291 1495 omnia
3334 1444 3548 1512 quidem

1959 1540 2057 1579 ceu
2087 1537 2274 1580 eontra
2304 1526 2636 1584 Christianos
2667 1529 2862 1583 fiebant
2883 1571 2897 1592 ,
2947 1542 3002 1584 at
3045 1548 3146 1585 non
3181 1533 3230 1585 in
3264 1535 3548 1600 patientes,

1962 1618 2054 1672 sed
2101 1620 2152 1673 in
2191 1629 2406 1689 agentes
2451 1622 2591 1675 risus
2638 1624 3074 1677 convertebatur.
3125 1625 3217 1679 Sic
3262 1634 3316 1678 et
3364 1626 3553 1681 furiosi

1961 1698 2209 1763 videntur
2246 1710 2345 1764 sibi
2391 1726 2603 1781 semper
2650 1713 2924 1782 proximos
2957 1715 3139 1769 ulcisci
3166 1758 3179 1779 ,
3213 1718 3338 1769 dum
3366 1726 3553 1771 contra

1946 1793 2195 1871 parietes
2221 1804 2518 1870 calcitrant,
2547 1820 2609 1859 ac
2636 1804 2791 1860 fanda
2822 1805 3155 1876 nefandoque
3183 1809 3233 1861 in
3265 1817 3555 1877 pra‘scntcs

1959 1893 2240 1962 jactitant;
2294 1894 2446 1950 factis
2495 1905 2676 1950 autem
2728 1898 2839 1950 suis
2888 1914 2993 1951 non
3046 1899 3164 1953 illos
3212 1900 3304 1954 sed
3349 1899 3589 1968 seipsos’

1967 1983 2169 2053 pudore
2195 1983 2432 2038 afficiunt
2461 2004 2474 2040 :
2504 1986 2643 2055 quod
2678 1995 2802 2042 tunc
2832 1989 2990 2043 etiam
3017 1991 3258 2063 contigit.
3289 1990 3560 2046 Traheba-

1968 2084 2053 2130 tur
2083 2078 2226 2130 enim
2273 2093 2429 2145 capsa
2479 2094 2573 2147 per
2619 2089 2782 2133 totam
2817 2081 2992 2147 viam;
3046 2094 3247 2151 martyr
3288 2096 3419 2137 vero
3458 2098 3561 2138 ceu

1968 2169 2182 2239 quidam
2217 2170 2412 2224 athleta
2448 2172 2497 2224 in
2531 2188 2677 2225 suam
2707 2174 2890 2226 urbem
2924 2175 3321 2240 revertebatur,
3362 2191 3560 2230 secun-

1971 2261 2094 2317 dam
2126 2264 2365 2318 rcfcrcns
2389 2278 2666 2331 coronam,
2699 2266 2751 2319 in
2780 2282 2882 2335 qua
2915 2266 3044 2321 urbe
3074 2268 3244 2335 primo
3272 2278 3563 2326 coronatus

1970 2350 2158 2405 fuerat.
2191 2352 2545 2419 Quamobrem
2576 2354 2619 2407 si
2646 2354 2762 2424 quis
2789 2355 3143 2423 splendidiora
3177 2368 3297 2426 post
3323 2370 3549 2413 mortem

1971 2446 2222 2516 martyris
2252 2460 2414 2514 opera
2440 2449 2797 2517 conspicatus,
2829 2451 3274 2505 resurrectionem
3316 2467 3421 2505 non
3466 2451 3563 2506 ad-

1973 2536 2184 2603 mittat,
2237 2537 2287 2590 itt
2335 2547 2606 2605 posterum
2654 2540 2952 2594 erubescat.
3005 2542 3112 2594 Ceu
3157 2542 3299 2611 enim
3347 2542 3563 2612 quidam

1972 2636 2222 2681 strenuus
2263 2627 2491 2683 bellator
2534 2631 2748 2698 trepteis
2780 2639 2977 2699 tropma
3017 2632 3324 2701 conjunxit,
3358 2635 3567 2703 magnis

1974 2721 2175 2790 majora
2222 2730 2278 2775 et.
2326 2722 2657 2777 mirabilibus
2702 2723 3048 2778 mirabiliora.
3101 2725 3251 2779 Tunc
3275 2727 3416 2781 enim
3444 2741 3566 2780 eum

1975 2812 2305 2882 Imperatorc
2344 2816 2459 2869 solo
2503 2817 2791 2886 pugnabat,
2836 2832 2977 2872 nunc
3010 2833 3128 2872 cum
3160 2818 3486 2888 lmpcratore
3515 2826 3567 2873 et

1974 2905 2218 2960 dmmonc
2247 2924 2261 2961 :
2293 2915 2419 2961 tunc
2465 2922 2494 2959 a
2539 2908 2706 2963 sacris
2750 2909 2917 2977 septis
2963 2907 3339 2978 [inperatorem
3371 2908 3566 2978 abegit,

1977 3013 2117 3052 nunc
2146 3014 2176 3052 a
2207 3007 2318 3052 toto
2340 2998 2589 3070 Daphnes
2616 3001 2734 3054 loco
2764 3002 3121 3070 perniciosum
3155 3003 3300 3055 illum
3328 3001 3568 3068 abduxit,

1976 3107 2081 3145 non
2110 3107 2270 3146 manu
2301 3107 2430 3146 usus
2461 3100 2521 3147 ut
2549 3102 2701 3146 antea
2724 3132 2737 3156 ,
2770 3094 2863 3148 sed
2897 3094 3145 3148 invisibili
3172 3096 3364 3149 virtute
3392 3096 3570 3149 invisi-

1976 3180 2137 3235 bilem
2170 3197 2502 3252 expugnans.
2553 3183 2722 3251 llujus
2752 3184 2977 3238 viventis
3018 3184 3226 3238 dicendi
3269 3186 3569 3239 libertatem

1977 3288 2083 3328 non
2116 3273 2234 3326 tulit
2285 3274 2547 3328 bomicida
2596 3276 2685 3329 ille
2714 3317 2728 3339 ,
2775 3276 2967 3329 mortui
3016 3291 3143 3329 vero
3189 3276 3422 3330 cinerem
3465 3291 3572 3331 non

1978 3365 2231 3420 sustinuit
2274 3375 2381 3420 tum
2414 3367 2705 3435 Imperator
2727 3409 2741 3431 ,
2789 3377 2897 3422 tum
2925 3368 3134 3422 dromon
3165 3370 3252 3438 qui
3280 3367 3575 3437 Imperato-

1980 3472 2095 3511 rem
2124 3456 2191 3510 ad
2223 3456 2337 3512 haec
2363 3457 2564 3525 agenda
2611 3460 2794 3512 movit.
2844 3458 2994 3525 Quod
3026 3470 3201 3512 autem
3235 3468 3433 3512 metum
3463 3475 3577 3511 ma-

1975 3551 2150 3621 jorem
2200 3551 2283 3605 his
2340 3551 2725 3621 posterioribus
2790 3552 2996 3606 duolms
3041 3551 3361 3617 iucnsscrit,
3413 3568 3571 3621 quam

1980 3641 2144 3712 priori
2176 3643 2504 3707 incusserat,
2538 3641 2666 3695 hinc
2710 3642 2878 3710 palam
2910 3651 3013 3695 est.
3048 3641 3142 3696 Ille
3185 3643 3381 3711 quippe
3420 3656 3575 3695 com-

1984 3732 2305 3801 prehensum
2351 3732 2497 3784 illum
2533 3732 2760 3787 vinculis
2793 3732 3112 3785 constrinxit
3155 3741 3210 3786 et
3248 3731 3475 3793 occidit,
3523 3731 3577 3785 bi
3644 3739 3654 3743 “

1982 3837 2111 3876 vero
2143 3823 2459 3876 transtulere
2509 3832 2732 3875 tantum.
2781 3822 2889 3876 Cur
2933 3822 3073 3875 enim
3106 3836 3319 3890 capsam
3352 3822 3401 3875 in
3432 3837 3579 3874 mare

1983 3914 2317 3983 prmeipitare
2359 3929 2529 3982 neque
2574 3914 2662 3967 ille
2704 3912 2883 3981 jussit,
2932 3929 3104 3982 neque
3134 3913 3218 3965 hic
3242 3912 3440 3967 voluit?
3484 3928 3581 3966 cur

1985 4022 2091 4060 non
2120 4006 2371 4060 contrivit
2400 4015 2490 4060 aut
2520 4006 2855 4061 combussit?
2890 4022 2988 4060 cur
3016 4022 3119 4059 non
3150 4006 3202 4059 in
3230 4005 3498 4059 desertum
3528 4015 3580 4058 et

1985 4098 2333 4152 inhabitatum
2383 4099 2556 4152 locum
2605 4099 2772 4167 ipsam
2814 4098 3084 4152 transferri
3125 4098 3325 4168 jussit?
3373 4097 3502 4151 Nam
3535 4098 3579 4153 si

1985 4206 2045 4245 ea
2079 4190 2403 4245 exsecranda
2436 4200 2490 4244 et
2519 4191 2719 4259 polluta
2751 4207 2837 4246 res
2866 4190 3085 4255 fuisset,
3117 4205 3344 4259 eamque
3372 4188 3576 4242 abomi-

1985 4291 2161 4349 natus,
2206 4297 2313 4337 non
2358 4282 2733 4350 reformidans,
2782 4281 2904 4337 inde
2944 4282 3085 4335 illam
3127 4282 3344 4345 amovit,
3391 4297 3497 4334 non
3528 4282 3579 4335 in

1986 4375 2171 4429 urbem
2236 4376 2471 4444 oportuit
2529 4391 2644 4429 rem
2700 4374 3080 4429 exsecrandum
3145 4374 3434 4438 inducere,
3485 4373 3580 4427 sed

1986 4466 2274 4521 amandare
2302 4469 2353 4521 in
2386 4477 2594 4522 montes
2621 4477 2674 4521 ct
2699 4468 2887 4521 saltus.

2060 4563 2144 4614 l7.
2180 4560 2495 4614 Maximinus
2520 4560 2810 4629 Imperator
2851 4562 2985 4631 quod
3010 4569 3211 4614 vexaret
3240 4558 3575 4623 Christianos,

1989 4669 2160 4721 paznas
2186 4652 2341 4705 dedit.
2366 4680 2437 4691 ——
2469 4653 2537 4705 At
2565 4652 2728 4706 miser
2754 4652 2840 4706 ille
2870 4667 2976 4705 non
3005 4651 3179 4705 minus
3206 4665 3365 4720 quam
3389 4648 3577 4717 Apollo

1990 4729 2129 4803 beati
2177 4747 2275 4801 viri
2324 4746 2489 4801 robur
2540 4756 2594 4801 et
2642 4745 2887 4800 fiduciam
2939 4759 3062 4813 erga
3117 4744 3282 4798 Deum
3336 4750 3577 4807 noverat,

1990 4843 2273 4911 timuitque
2318 4856 2384 4896 ne
2429 4840 2473 4894 si
2524 4839 2578 4894 id
2628 4839 2824 4894 faceret
2851 4846 2944 4892 aut
2979 4837 3175 4891 fulmen
3218 4843 3313 4890 aut
3336 4835 3580 4890 morbum

1990 4934 2219 5004 aliquem
2246 4933 2298 4988 in
2324 4948 2384 4989 se
2415 4940 2750 5003 provocaret.
2779 4931 2940 4986 Multa
2968 4931 3163 5000 quippe
3191 4927 3387 4983 Christi
3419 4927 3584 4981 virtu-

1991 5025 2060 5079 tis
2083 5027 2231 5096 signa
2276 5025 2539 5091 habebat,
2574 5034 2683 5078 tum
2713 5025 2766 5077 in
2808 5021 3179 5077 deccssoribus
3206 5023 3318 5075 suis
3347 5020 3583 5090 Impera-

1992 5118 2195 5173 toribus
2224 5116 2480 5181 exhibita,
2512 5126 2621 5169 tum
2652 5115 2705 5169 in
2736 5115 2801 5169 iis
2829 5114 2989 5169 etiam
3017 5113 3105 5183 qui
3133 5112 3273 5167 idem
3301 5109 3583 5181 imperium

1992 5222 2172 5264 secum
2200 5206 2656 5261 administrabant.
2694 5204 2907 5261 Etenim
2938 5220 3002 5260 ex
3042 5205 3146 5258 illis
3186 5204 3312 5258 olim
3346 5201 3572 5269 Impera-

1994 5300 2196 5355 toribus
2224 5300 2315 5370 qui
2344 5299 2465 5353 talia
2496 5299 2611 5353 ausi
2639 5306 2786 5364 sunt,
2821 5306 2943 5367 post
2968 5296 3160 5352 multas
3189 5290 3578 5349 intolerabiles-

1991 5407 2095 5464 que
2116 5392 2465 5456 calamitates,
2498 5391 2721 5461 turpiter
2745 5404 2808 5446 ac
2833 5390 3029 5444 misere
3054 5388 3212 5455 vitam
3255 5385 3581 5447 clauserunt,

1993 5482 2127 5537 adeo
2153 5490 2210 5536 ut
2235 5480 2390 5535 unius
2419 5480 2593 5534 adhuc
2622 5481 2846 5534 viventis
2871 5479 3083 5551 pupilla:
3108 5493 3172 5533 ex
3198 5474 3368 5530 oculis
3393 5483 3583 5542 sponte

1992 5576 2288 5634 exsilierint
2314 5593 2326 5629 :
2360 5575 2447 5630 hic
2471 5585 2647 5630 autem
2677 5574 2991 5628 Maximinus
3018 5578 3169 5634 erat;
3199 5567 3334 5621 alius
3361 5568 3414 5621 in
3440 5565 3586 5626 furo-

1994 5683 2107 5723 rem
2134 5677 2315 5733 actus,
2344 5667 2479 5722 alius
2521 5665 2577 5720 in
2619 5664 2847 5719 similem
2879 5663 3055 5732 lapsus
3083 5658 3474 5722 calamitatem,
3506 5656 3586 5711 sic

1994 5767 2225 5816 mortem
2264 5758 2513 5814 obierint.
2544 5756 2804 5811 Caeterum
2845 5753 3001 5809 exiis
3029 5752 3119 5822 qui
3147 5762 3272 5805 tunc
3309 5764 3431 5804 cum
3468 5748 3586 5817 ipso

2003 5860 2171 5919 erant,
2211 5857 2449 5920 patruus,
2480 5862 2601 5904 cum
2626 5845 2948 5917 petulantius
2970 5854 3156 5900 contra
3185 5855 3282 5899 nos
3308 5839 3509 5897 fureret
3533 5849 3587 5894 et
