4032 6446
529 399 632 457 559

529 527 680 568 sacra
708 526 834 568 vasa
862 511 1136 568 sceleratis
1163 511 1406 566 manibus
1431 513 1738 582 contingere
1762 526 1924 567 ausus
1953 523 2118 576 esset.

534 618 706 672 neque
734 602 826 658 his.
848 613 1161 670 contentus,
1191 603 1509 658 contumelia
1553 603 1775 659 ulterius
1812 619 2126 674 progressus

535 706 676 749 esset
719 695 884 767 (ipsis
914 696 1057 751 enim
1089 695 1313 750 inversis
1354 704 1407 750 et
1438 697 1488 750 in
1529 697 1833 766 pavimento
1861 698 2047 769 positis
2073 707 2127 752 et

532 792 805 858 extensis,
846 792 910 848 iis
959 791 1154 846 insedit
1177 790 1218 861 ),
1240 790 1528 861 derepente
1581 791 1776 862 iniquae
1819 791 2122 862 hujusmodi

532 883 791 938 sessionis
834 898 1023 952 pmnas
1052 883 1195 938 dedit
1225 900 1238 935 :
1273 882 1390 951 ejus
1430 883 1573 937 enim
1603 881 1838 938 verenda
1877 892 2126 951 corrupta

535 975 808 1030 vermibus
834 976 1130 1042 scatebant,
1162 975 1232 1030 ita
1262 983 1320 1029 ut
1351 974 1522 1044 palam
1546 984 1689 1029 esset
1717 974 1962 1029 morbum
1993 974 2126 1029 divi-

535 1068 679 1122 nitus
709 1069 1002 1124 immissum
1038 1067 1239 1133 fuisse;
1285 1066 1350 1121 ad
1377 1068 1567 1122 vulnus
1596 1067 1892 1121 curandum
1934 1066 2124 1121 medici

535 1172 790 1216 mactatas
816 1176 941 1217 aves
968 1163 1187 1232 pingues
1215 1170 1374 1232 atque
1403 1161 1709 1231 peregrinas
1739 1161 1802 1215 ad
1835 1160 2126 1231 putrefacta

536 1253 776 1308 membra
802 1252 1173 1322 admoventes,
1197 1253 1518 1308 vermiculos
1535 1254 1873 1309 evocabant:
1905 1253 1978 1308 illi
2000 1268 2128 1308 vero

537 1361 641 1399 non
689 1345 1098 1413 abscesserunt,
1147 1345 1242 1402 sed
1294 1345 1562 1401 mordicus
1609 1345 1838 1416 putridis
1892 1347 2128 1416 partibus

542 1439 816 1494 haerebant
843 1456 856 1492 :
884 1449 1046 1510 atque
1073 1439 1146 1493 ita
1176 1439 1324 1493 illum
1351 1439 1530 1494 multis
1555 1438 1742 1493 diebus
1765 1440 2125 1508 absumptum,

534 1530 678 1585 male
729 1529 1099 1600 perdiderunt.
1143 1529 1294 1584 Alius
1343 1545 1470 1584 vero
1513 1530 1770 1600 quispiam
1802 1530 2128 1600 imperatorii

533 1621 708 1675 terat-ii
745 1631 925 1674 custos
951 1620 1273 1674 constitutus
1293 1660 1308 1685 ,
1343 1620 1648 1689 priusquam
1680 1621 1812 1673 aulae
1840 1620 2129 1688 imperato-

535 1713 631 1767 riae
659 1713 823 1767 limen
857 1713 1171 1782 praeteriret,
1202 1713 1381 1768 Statim
1409 1715 1613 1782 crepuit
1644 1712 1848 1768 medius
1869 1755 1883 1779 ,
1916 1713 2131 1768 similis-

537 1821 641 1873 que
668 1804 945 1874 cujusdam
974 1803 1155 1874 ﬂagitii
1201 1819 1384 1875 ptenas
1428 1804 1590 1859 dedit.
1624 1804 1752 1860 Haec
1789 1815 1840 1859 et
1871 1804 1953 1860 his
1983 1805 2130 1874 Plura

540 1897 558 1968 (
583 1911 689 1951 non
719 1898 860 1951 enim
899 1897 1009 1967 jam
1039 1898 1216 1953 omnia
1247 1913 1529 1953 recensere
1572 1908 1777 1968 tempus
1805 1900 1920 1968 est)
1949 1913 2132 1952 secum

537 1998 789 2057 reputans
830 1990 1091 2044 scelestus
1135 1989 1264 2056 ille,
1315 1991 1669 2044 temeritatem
1713 2005 1861 2044 suam
1912 1988 2134 2044 ulterius

537 2094 856 2147 promovere
885 2095 990 2134 non
1017 2080 1262 2136 audebat.
1299 2080 1448 2148 Quod
1476 2088 1653 2134 autem
1694 2081 1806 2134 haec
1829 2094 1933 2133 non
1963 2094 1993 2132 a
2021 2094 2135 2133 me-

537 2173 655 2239 ipso
681 2171 874 2239 dicam,
903 2189 968 2227 ex
999 2173 1063 2227 iis
1093 2188 1212 2242 qua:
1241 2173 1308 2227 ab
1345 2173 1461 2243 ipso
1498 2184 1681 2244 postea
1712 2182 1859 2243 gesta
1893 2180 2052 2240 sunt,
2082 2173 2133 2228 id

537 2264 880 2332 conspicuum
915 2266 1054 2332 erit;
1098 2265 1307 2320 interim
1342 2280 1470 2320 vero
1510 2265 1746 2320 historia:
1787 2266 1981 2321 seriem
2008 2281 2133 2336 per-

541 2369 849 2423 sequamur.

618 2444 885 2516 Templum
923 2457 968 2500 ct
997 2458 1163 2502 statua
1193 2449 1445 2518 Apollinis
1486 2449 1601 2520 igne
1641 2448 1704 2502 de
1733 2449 1858 2504 caelo
1887 2457 2036 2502 tacta.
2064 2477 2137 2487 -—

535 2537 674 2603 Quid
719 2538 878 2608 igitur
925 2540 1119 2594 exinde
1159 2539 1380 2595 evenit?
1419 2540 1806 2596 Admirandutn
1837 2557 1966 2595 sane
2009 2539 2134 2594 illud

535 2637 639 2694 est,
663 2629 802 2698 quod
832 2646 939 2683 non
974 2631 1263 2699 potentiam
1297 2631 1476 2698 modo,
1501 2631 1596 2686 sed
1623 2632 1782 2686 etiam
1814 2631 2133 2686 ineffabilem

541 2722 634 2776 Dei
671 2723 1049 2791 benignitatem
1079 2723 1332 2778 ostendit.
1365 2722 1498 2778 Nam
1527 2731 1741 2777 sanctus
1768 2733 1970 2795 martyr
1999 2723 2134 2778 intra

543 2823 694 2882 septa
725 2822 861 2880 erat,
897 2814 981 2868 ubi
1013 2815 1160 2884 prius
1186 2816 1318 2869 situs
1345 2814 1540 2882 fuerat,
1565 2817 1850 2886 antequam
1881 2814 2134 2884 Daphnen

541 2904 786 2968 veniret;
839 2906 1101 2976 malignus
1148 2922 1276 2961 vero
1319 2907 1530 2961 dzemon
1578 2907 1756 2961 statim
1804 2906 2030 2973 didicit,
2079 2922 2139 2962 se

542 2995 736 3049 frustra
781 2995 996 3051 fraudes
1025 3012 1149 3052 suas
1189 2998 1434 3051 molitum
1466 3013 1624 3064 esse;
1669 3013 1844 3068 neque
1870 3000 1970 3053 sibi
2016 3013 2137 3053 cum

541 3095 752 3141 ntortuo
783 3103 1012 3157 pugnam
1057 3087 1172 3143 fore
1195 3130 1210 3153 ,
1259 3090 1353 3143 sed
1385 3105 1504 3144 cum
1533 3090 1744 3144 vivente
1767 3132 1780 3152 ,
1827 3104 1890 3145 ac
1919 3090 2140 3146 viriliter

543 3187 750 3249 agente,
785 3194 848 3233 ae
873 3195 981 3234 non
1011 3195 1069 3234 se
1100 3189 1324 3243 tantum,
1355 3182 1448 3236 sed
1472 3181 1721 3236 omnibus
1748 3180 1904 3235 simul
1935 3182 2137 3237 datmo-

543 3270 700 3324 nibus
728 3268 970 3325 fortiore.
1006 3271 1173 3325 Deum
1203 3272 1345 3327 enim
1375 3283 1620 3342 precatus
1648 3282 1704 3327 ut
1732 3273 1905 3344 ignem
1931 3274 1981 3328 in
2007 3285 2140 3329 tem-

545 3361 689 3430 plum
720 3345 1034 3418 immitteret
1055 3404 1069 3429 ,
1104 3371 1272 3418 totum
1304 3372 1499 3419 tectum
1529 3364 1860 3430 combussit,
1889 3364 2140 3436 idoIOque

542 3454 609 3508 ad
639 3463 908 3509 extremos
946 3472 1112 3526 usque
1157 3457 1324 3527 pedes
1367 3457 1693 3528 absumpto,
1746 3459 1817 3513 ita
1865 3468 1924 3513 ut
1967 3459 2140 3529 pulvis

545 3555 748 3600 tantum
785 3556 840 3601 et
886 3547 1018 3601 cinis
1064 3559 1406 3616 remaneret,
1454 3550 1682 3619 parietes
1721 3550 1898 3604 solum
1937 3560 2140 3606 stantes

542 3634 884 3707 intactosque
910 3640 1144 3709 reliquit.
1173 3641 1229 3694 Si
1259 3643 1380 3710 quis
1407 3654 1536 3695 vero
1567 3655 1710 3696 nunc
1749 3641 1926 3696 locum
1961 3642 2138 3708 adeat,

542 3746 879 3803 nequaquam
921 3733 1058 3803 ignis
1099 3733 1150 3787 id
1195 3749 1332 3804 Opus
1375 3749 1495 3788 esse
1523 3735 1761 3790 dixerit:
1796 3752 1967 3805 neque
1996 3737 2138 3790 enim

543 3807 847 3880 incendium
893 3826 1021 3881 illud
1053 3827 1170 3881 sine
1212 3829 1390 3898 aliquo
1418 3827 1604 3882 ordine
1625 3870 1638 3895 ,
1671 3844 1841 3899 neque
1869 3846 1932 3884 ex
1965 3830 2139 3885 inani—

546 3926 692 3970 mata
727 3919 947 3971 materia
993 3918 1186 3973 factum
1232 3932 1352 3973 esse
1381 3919 1620 3984 videtur;
1671 3921 1766 3975 sed
1799 3922 1947 3990 quasi
1981 3938 2141 3977 manu

546 4009 773 4077 quadam
801 4009 975 4079 ignem
1003 4011 1456 4078 circumducente,
1483 4027 1547 4066 ac
1568 4021 1900 4068 monstrante
1925 4014 2142 4084 quibus-

544 4119 666 4158 nam
715 4119 970 4172 parcerc,
1017 4120 1261 4174 quaenam
1308 4105 1593 4160 absumere
1639 4116 1949 4175 oporteret,
1997 4116 2140 4162 tanta

550 4211 742 4264 nempe
768 4195 1150 4262 concinnitate,
1172 4204 1320 4250 tanto
1346 4195 1571 4252 artificio
1596 4198 1850 4266 templum
1872 4197 2139 4252 detectum

545 4295 667 4351 est;
715 4302 889 4354 neque
919 4298 1046 4340 vero
1073 4287 1250 4341 simile
1285 4295 1369 4340 est
1407 4287 1655 4341 incendio
1684 4286 1920 4350 allectis,
1954 4287 2048 4342 sed
2078 4289 2142 4343 iis

543 4395 770 4447 quorum
795 4380 998 4450 integra
1028 4391 1198 4450 septa,
1245 4397 1365 4451 qua:
1406 4383 1522 4436 solo
1561 4391 1700 4437 tecto
1742 4383 1942 4438 habent
1987 4399 2140 4453 opus.

546 4471 771 4542 Reliqua
800 4475 942 4528 enim
974 4484 1134 4543 atque
1163 4475 1424 4529 columine
1445 4516 1458 4540 ,
1489 4483 1598 4529 tum
1630 4492 1748 4545 quae
1779 4485 1997 4541 tectum,
2033 4486 2141 4532 tum

547 4580 666 4632 qua:
693 4565 1012 4620 vestibulum
1058 4566 1377 4634 fulciebant,
1411 4583 1515 4622 una
1555 4577 1775 4637 excepta
1806 4584 1923 4639 qua:
1952 4571 2018 4623 ad
2046 4586 2142 4640 po-

547 4659 829 4716 steriorem
875 4660 1056 4731 templi
1087 4671 1290 4730 partem
1338 4663 1506 4730 posita
1550 4671 1701 4728 erat,
1744 4671 1892 4716 stant
1932 4677 2140 4717 omnes.

553 4749 678 4803 Ihee
723 4760 898 4806 tamen
941 4768 1044 4807 non
1089 4759 1292 4809 temere
1337 4763 1464 4808 tunc
1492 4753 1660 4809 fracta
1703 4765 1819 4823 est,
1851 4755 1945 4810 sed
1985 4771 2046 4810 ea
2076 4755 2146 4810 de

552 4858 746 4906 causa,
793 4862 952 4915 quam
992 4863 1116 4902 mox
1146 4848 1335 4902 dicturi
1377 4862 1580 4904 smnus.
1634 4849 1746 4904 lloc
1793 4850 1880 4904 ubi
1929 4850 2142 4915 accidit,

550 4936 732 4990 statim
761 4936 1020 4993 da'monis
1050 4941 1303 4995 sacerdos
1345 4941 1410 4996 ad
1460 4941 1689 4996 tribunal
1735 4943 1937 5013 rapitur
1975 4953 2028 4998 et
2058 4944 2144 4998 in-

550 5027 725 5082 cendii
768 5037 1040 5084 auctorem
1088 5031 1321 5088 indicare
1364 5034 1590 5102 cogitur.
1635 5034 1767 5088 Cum
1818 5051 1922 5088 non
1965 5044 2147 5105 posset

550 5129 751 5184 autem,
799 5135 943 5186 eum,
991 5121 1228 5178 distortis
1271 5133 1426 5180 antea
1472 5126 1699 5193 cubitis,
1747 5127 1930 5182 multis
1979 5128 2145 5198 plagis

551 5212 884 5279 allicientes,
914 5212 1109 5269 deinde
1153 5215 1434 5271 sublimem
1464 5225 1682 5287 agentes
1710 5218 1865 5272 caesis
1894 5219 2146 5273 lateribus

553 5305 683 5359 nihil
733 5305 962 5375 amplius
993 5305 1295 5360 didicerunt
1336 5324 1348 5359 :
1397 5323 1459 5362 ac
1506 5309 1727 5377 perinde
1768 5309 1960 5364 accidit
1989 5319 2147 5380 atque

554 5395 606 5448 in
637 5398 1030 5453 resurrectione
1056 5397 1272 5452 Christi.
1303 5397 1436 5453 Tum
1464 5400 1605 5454 enim
1648 5401 1845 5456 milites
1873 5402 1939 5456 ad
1969 5410 2149 5456 custoo

556 5488 698 5540 diam
729 5492 971 5560 corporis
999 5491 1125 5546 Jesu
1164 5493 1438 5548 constituti
1471 5503 1624 5559 sunt,
1672 5511 1740 5550 ne
1780 5504 2029 5564 possent,
2061 5497 2148 5549 in-

557 5577 692 5645 quit,
721 5579 965 5652 discipuli
1005 5583 1132 5638 illud
1161 5583 1354 5640 callide
1382 5584 1627 5640 sulfurari
1658 5584 1870 5655 (Matth.
1894 5585 1984 5641 27.
2014 5583 2104 5658 64)
2131 5604 2145 5642 :

557 5677 811 5723 caeterum
839 5673 884 5727 is
914 5674 1013 5727 fuit
1037 5677 1112 5730 rei
1141 5688 1398 5746 eventus,
1431 5686 1489 5731 ut
1529 5678 1674 5732 nulla
1703 5677 1788 5733 vel
1821 5677 2147 5749 impudenti-

559 5761 661 5812 bus
689 5762 898 5826 quidem
928 5771 1138 5824 occasio
1168 5774 1559 5843 relinqueretur
1577 5815 1593 5842 ,
1625 5773 1713 5844 qui
1739 5774 1937 5829 vellent
1966 5789 2148 5830 resur-

560 5847 811 5906 rectionis
839 5855 1007 5911 ﬁdem
1033 5858 1238 5920 tollere.
1271 5864 1370 5921 Hie
1394 5879 1605 5936 quoque
1635 5864 1944 5922 trahebatur
1968 5879 2160 5936 sacers

1273 393 1329 451 S.
1373 394 1652 452 JOANNIS
1691 392 2166 452 CHRYSOSTOMI
2208 393 2507 450 ARCIllEP

2569 395 3105 456 CONSTANTINOP.
3727 409 3814 465 560

2229 511 2361 579 dos,
2391 521 2448 566 ut
2476 529 2579 566 non
2609 512 2786 568 divina
2820 514 2894 568 ira
2914 557 2928 579 ,
2959 515 3051 571 sed
3081 516 3319 572 humana
3348 519 3593 589 nequitia
3622 519 3670 576 id
3697 528 3814 579 acer

2231 604 2377 658 disse
2405 604 2801 662 teStilicaretur.
2831 607 3118 662 Contortus
3142 617 3324 663 tamen
3361 618 3532 680 atque
3558 611 3816 682 laceratus,

2231 709 2353 749 cum
2393 697 2600 752 nullum
2648 708 2830 766 posset
2889 699 3164 763 indicare,
3215 700 3492 756 divinitus
3547 703 3817 762 immissum

2236 787 2400 841 fuisse
2424 787 2598 858 ignem
2626 796 2848 844 testatus
2877 801 2979 856 est,
3020 801 3079 846 ut
3118 793 3299 846 nullus
3341 793 3460 862 jam
3494 794 3644 849 locus
3669 796 3816 865 impu-

2231 877 2424 934 denter
2449 881 2728 950 agentibus
2758 883 3166 954 relinqueretur.
3207 883 3318 940 Sed
3352 886 3503 957 quod
3537 887 3688 957 paulo
3712 901 3818 945 ante

2230 969 2393 1023 alium
2428 971 2478 1024 in
2513 972 2686 1026 locum
2719 975 2936 1039 remisi,
2976 991 3117 1030 nunc
3158 986 3438 1047 oportune
3479 977 3675 1032 dicam.
3703 979 3817 1046 Quid

2231 1060 2360 1114 illud
2386 1061 2512 1116 est?
2542 1061 2614 1116 lta
2647 1063 2788 1119 illius
2813 1065 3049 1119 animum
3078 1067 3346 1121 exterruit
3393 1078 3622 1139 martyr,
3652 1079 3705 1124 ut
3729 1085 3818 1124 non

2235 1153 2369 1208 ultra
2397 1155 2643 1225 progredi
2675 1155 2915 1212 auderet.
2951 1156 3135 1227 Neque
3162 1159 3307 1214 enim
3344 1168 3630 1230 postquam
3660 1175 3813 1216 sacer.

2233 1247 2434 1313 dotem,
2461 1263 2619 1319 quem
2649 1251 2794 1320 prius
2823 1258 2970 1304 tanto
3009 1251 3061 1304 in
3099 1251 3306 1307 honore
3336 1251 3599 1317 habebat,
3643 1253 3816 1307 incensi

2235 1341 2356 1394 tecti
2387 1355 2545 1394 causa
2573 1350 2649 1396 tot
2678 1342 2832 1398 malis
2854 1342 3126 1410 affecerat,
3156 1344 3226 1398 ita
3252 1353 3315 1399 ut
3343 1345 3655 1410 immanius,
3683 1361 3815 1417 quam

2235 1430 2570 1501 sanguinaria
2604 1430 2715 1487 fera
2739 1472 2755 1500 ,
2802 1433 2869 1488 ah
2893 1434 3010 1504 ejus
3040 1433 3266 1490 fortasse
3298 1436 3567 1490 vorandis
3593 1437 3814 1491 carnibus

2236 1539 2342 1578 non
2371 1523 2751 1590 abstinuisset,
2803 1527 2905 1581 nisi
2947 1542 3034 1582 res
3059 1529 3396 1583 exsecranda
3443 1530 3689 1584 omnibus
3725 1530 3815 1582 visa

2237 1626 2422 1673 esset:
2454 1628 2696 1674 sanctum
2743 1621 2891 1674 illum
2938 1621 3030 1691 qui
3073 1637 3134 1676 os
3167 1622 3438 1677 dmmonis
3483 1622 3812 1683 obstruxerat.

2237 1726 2426 1766 rursus
2467 1712 2518 1765 in
2564 1713 2751 1768 urbem
2795 1713 3136 1780 deduxisset,
3185 1725 3242 1770 ut
3287 1715 3504 1784 majore
3551 1715 3601 1768 in
3641 1714 3817 1768 honore

2237 1812 2380 1856 esset
2411 1821 2424 1856 :
2451 1817 2573 1856 nam
2602 1804 2646 1858 si
2677 1819 2784 1857 non
2811 1814 2987 1871 antea,
3013 1819 3134 1858 cum
3157 1803 3377 1860 daemon
3407 1820 3470 1859 se
3498 1805 3686 1858 victum
3711 1819 3818 1858 cou-

2236 1893 2415 1949 fessus
2441 1904 2522 1950 est
2544 1937 2558 1961 ,
2590 1903 2643 1950 at
2669 1904 2818 1951 certe
2844 1905 2963 1966 post
3006 1897 3314 1952 incendium
3349 1897 3535 1951 omnia
3567 1896 3816 1951 evertisset

2239 1993 2291 2040 et
2319 1985 2662 2056 perdidisset,
2691 2002 2908 2058 capsam
2936 1997 2991 2042 et
3027 1997 3316 2060 utrumque
3346 1989 3667 2060 martyrium
3694 2002 3816 2040 como

2240 2077 2536 2141 bussisset,
2569 2086 2678 2132 tum
2710 2079 2853 2149 quod
2901 2079 2952 2133 in
2997 2079 3250 2149 Daphne,
3285 2090 3403 2133 tum
3453 2079 3594 2150 quod
3631 2080 3678 2133 in
3709 2077 3815 2130 urbe

2239 2177 2393 2233 erat,
2441 2169 2542 2223 nisi
2576 2178 2752 2224 metus
2782 2171 2914 2224 iram
2944 2181 3250 2240 superasset
3287 2187 3356 2226 ac
3389 2170 3622 2226 formido
3646 2183 3816 2224 matro-

2239 2274 2353 2312 rem
2383 2259 2614 2316 vicisset.
2649 2260 2840 2317 Solent
2867 2264 3008 2317 enim
3037 2263 3228 2329 multi,
3260 2278 3392 2317 cum
3428 2263 3506 2316 ira
3535 2271 3588 2317 et
3616 2272 3814 2314 maerore

2239 2353 2618 2422 corripiuntur,
2663 2355 2710 2410 si
2756 2356 3084 2424 aegritudinis
3129 2367 3382 2412 auctores
3433 2353 3810 2426 apprehendere

2243 2461 2350 2500 non
2380 2446 2627 2514 valeant,
2674 2447 2730 2502 in
2773 2449 2958 2503 obvios
2989 2463 3230 2520 quosque
3274 2465 3343 2504 ac
3389 2457 3665 2518 suspectos
3705 2447 3812 2499 iram

2241 2536 2536 2592 effundere.
2583 2537 2699 2593 Non
2730 2540 2915 2609 procul
2945 2549 3123 2594 autem
3164 2539 3266 2595 hac
3301 2540 3617 2610 suSpicione
3644 2545 3816 2604 martyr

2241 2639 2356 2683 erat
2385 2645 2400 2683 :
2434 2645 2557 2684 nam
2603 2630 2760 2685 simul
2805 2639 2964 2702 atque
3012 2632 3064 2684 in
3109 2631 3293 2684 urbem
3330 2629 3618 2700 pervenit,
3662 2625 3811 2681 statim

2241 2721 2380 2792 ignis
2412 2723 2670 2792 templum
2699 2723 2912 2778 invasit.
2963 2723 3067 2778 Sed
3100 2722 3240 2792 quod
3269 2722 3382 2776 dixi
3410 2765 3426 2789 ,
3475 2719 3689 2774 allectus
3713 2729 3811 2769 cum

2241 2815 2432 2870 aﬂcctu
2479 2816 2784 2887 pugnabat,
2836 2817 3074 2886 iramque
3119 2815 3369 2869 vincebat
3419 2823 3613 2869 metus.
3659 2809 3809 2878 Cogita

2243 2909 2389 2965 enim
2414 2910 2587 2981 qualis
2614 2925 2736 2966 esse
2765 2919 2971 2981 poterat
3005 2910 3092 2965 ille
3119 2910 3200 2963 vir
3227 2909 3404 2964 bonus
3425 2948 3439 2974 ,
3473 2921 3593 2962 cum
3623 2904 3672 2957 in
3705 2899 3809 2954 sub-

2244 3003 2455 3058 urbium
2500 3003 2837 3070 ascendens,
2889 3004 3202 3074 martyrium
3254 3011 3410 3057 stans
3455 3004 3719 3060 cerneret,
3761 3007 3810 3046 ac

2246 3097 2506 3166 templum
2535 3097 2835 3161 incensum,
2865 3097 3061 3152 idolum
3092 3096 3352 3161 deletum,
3382 3094 3606 3150 donaria
3629 3091 3810 3144 absum-

2247 3200 2334 3259 pta
2361 3231 2376 3255 ,
2424 3189 2753 3246 liberalitatis
2795 3205 2907 3245 suae
2937 3199 2993 3245 et
3029 3189 3279 3244 satanicae
3320 3203 3539 3259 pompa:
3581 3182 3807 3238 sublatam

2245 3282 2582 3336 memoriam.
2635 3281 2857 3336 Etiamsi
2885 3283 3029 3336 enim
3059 3297 3183 3336 eum
3215 3279 3341 3334 talia
3372 3279 3640 3333 videntem
3669 3282 3810 3338 neque

2245 3373 2325 3426 ira
2357 3388 2532 3444 neque
2576 3373 2790 3428 tristitia
2834 3373 3192 3436 invasissent,
3248 3371 3514 3442 pudorem
3563 3376 3697 3421 certe
3724 3374 3806 3413 non

2250 3463 2489 3530 tulisset,
2523 3464 2796 3534 risumque
2833 3473 3078 3527 tantum;
3111 3464 3204 3518 sed
3234 3463 3286 3516 iu
3325 3461 3473 3516 beati
3520 3459 3652 3513 illius
3687 3465 3808 3508 mar-

2249 3555 2442 3625 tyrium
2472 3555 2684 3626 iniquas
2710 3570 2899 3610 manus
2924 3555 3273 3621 extendisset,
3308 3554 3412 3608 nisi
3443 3552 3514 3617 id,
3545 3546 3675 3620 quod
3700 3542 3806 3603 dixi.

2247 3645 2576 3701 cohibuisset
2618 3646 2786 3703 illum.
2827 3645 3012 3716 Neque
3055 3647 3200 3702 enim
3246 3645 3522 3700 modicum
3565 3647 3670 3695 erat
3691 3629 3806 3704 quod

2249 3745 2375 3793 tunc
2416 3738 2694 3810 agebatur,
2741 3739 2835 3794 sed
2879 3755 3093 3794 omnem
3138 3739 3419 3810 gentilium
3465 3727 3804 3790 confidentiam

2247 3831 2585 3900 praeciderat,
2617 3847 2832 3886 omnem
2861 3831 3097 3886 lmtitiam
3126 3831 3496 3894 exstinxerat;
3537 3829 3806 3886 tantamque

2249 3921 2356 3976 illis
2381 3922 2648 3977 maestitia:
2678 3921 2960 3992 caliginem
2989 3921 3281 3994 oil'udcrat,
3309 3929 3566 3990 quantam
3591 3913 3632 3968 si
3657 3906 3806 3964 omnin

2250 4011 2405 4065 simul
2435 4012 2627 4080 templa
2658 4013 2958 4082 periisscnt.

2321 4103 2408 4158 18.
2451 4102 2652 4157 Libanii
2687 4104 2944 4158 ntonodia.
2975 4102 3220 4169 —Quod
3247 4113 3425 4158 autem
3472 4101 3584 4155 hzec
3623 4107 3716 4150 non
3737 4087 3808 4156 ja-

2249 4195 2544 4254 ctabundus
2585 4195 2834 4261 effetam,
2885 4195 2996 4264 ipsa
3027 4194 3187 4249 verba
3228 4194 3450 4248 lamenti
3480 4199 3534 4246 et
3576 4179 3804 4242 monodia:

2251 4288 2516 4357 proferam
2541 4329 2556 4352 ,
2587 4301 2744 4356 quam
2777 4287 2922 4340 urbis
2953 4285 3189 4355 sephista
3223 4297 3348 4340 tunc
3379 4285 3432 4338 in
3469 4284 3605 4336 hunc
3631 4276 3804 4331 daemo-

2252 4397 2373 4436 nem
2423 4381 2610 4436 edidit.
2641 4380 2731 4435 Sic
2765 4390 2943 4436 autem
2993 4380 3155 4436 habet
3189 4381 3377 4434 nmnia:
3419 4379 3617 4433 initium
3650 4387 3662 4423 :
3692 4362 3801 4427 Viri.

2250 4491 2465 4545 quorum
2495 4473 2656 4527 oculis
2676 4513 2691 4541 ,
2739 4489 2880 4543 teque
2927 4490 2988 4526 ac
3025 4474 3148 4526 meis
3167 4513 3182 4539 ,
3213 4473 3379 4542 caligo
3409 4470 3572 4538 offusa
3597 4471 3660 4518 est
3678 4502 3691 4526 ,
3732 4467 3804 4508 tu"

2253 4567 2521 4636 pulchram
2541 4607 2555 4630 ,
2585 4582 2675 4619 nec
2703 4581 2939 4634 magnam
2967 4565 3199 4635 deinceps
3229 4565 3358 4618 hanc
3388 4564 3557 4619 urbem
3585 4561 3798 4612 voce!!!”-

2254 4657 2458 4711 Deinde
2497 4671 2617 4710 cum
2656 4657 2908 4710 nonnulla
2936 4656 3158 4711 dixisset
3183 4658 3597 4723 asseruissetque
3629 4644 3689 4699 de
3721 4639 3802 4692 0³·

2252 4749 2424 4820 phncs
2455 4749 2628 4822 fabula
2659 4748 2854 4824 (neque
2899 4753 3040 4804 enim
3075 4760 3238 4804 totam
3282 4752 3572 4803 orationem
3617 4737 3695 4793 hic
3731 4731 3798 4784 in'

2254 4853 2437 4900 texere
2473 4854 2681 4914 tempus
2709 4845 2938 4915 patitur,
2971 4861 3037 4899 ne
3081 4845 3346 4916 longiores
3369 4886 3384 4909 ,
3413 4856 3566 4914 quam
3596 4846 3682 4905 pal'
3702 4832 3797 4882 es"

2253 4936 2487 5006 simus),
2511 4937 2816 5004 Persarum,
2850 4939 3038 5008 inquit,
3065 4937 3156 4992 ille
3186 4953 3301 5004 rex,
3333 4937 3423 5006 qui
3453 4933 3698 4990 civitatem
3723 4929 3796 4970 ω’

2255 5032 2352 5101 pit,
2386 5032 2586 5100 templo
2628 5032 2905 5101 pepercit:
2939 5031 3051 5101 ipsa
3103 5046 3263 5100 porro
3314 5030 3474 5084 verba
3523 5026 3629 5078 hmo
3661 5015 3794 5070 sunt:

2261 5125 2364 5192 Qui
2402 5127 2674 5180 exercitum
2715 5135 2891 5178 contra
2933 5141 3026 5178 nos
3063 5125 3247 5185 movit,
3290 5131 3526 5190 praestare
3564 5105 3730 5185 putavit
3752 5101 3796 5194 αξ

2257 5216 2494 5287 templum
2534 5226 2846 5280 servaretur,
2878 5225 3154 5282 statuaque
3191 5213 3342 5268 decor
3379 5207 3625 5267 barbarico
3663 5199 3796 5287 furori

2257 5279 2539 5379 praevaluit.
2571 5307 2724 5362 Nunc
2764 5318 2962 5370 autent,
2997 5325 3025 5361 ο
3053 5309 3130 5361 sol
3149 5350 3162 5374 ,
3195 5323 3225 5360 ο
3253 5306 3429 5360 terra!
3455 5302 3557 5374 quis
3591 5291 3659 5349 vel
3689 5279 3795 5380 αηιξε

2259 5401 2340 5455 hic
2371 5402 2546 5467 hostis,
2571 5403 2656 5471 qui
2682 5419 2772 5455 nec
2792 5402 2958 5471 gravis
2987 5409 3260 5453 armatura:
3285 5398 3517 5452 militibus
3536 5431 3552 5457 ,
3578 5399 3657 5441 ηεε
3680 5387 3794 5472 εφλξ⁸

2261 5495 2393 5550 tibus
2414 5541 2430 5562 ,
2463 5512 2552 5550 nec
2578 5495 2804 5550 velitibus
2831 5512 2958 5564 Opus
2994 5493 3211 5558 habens,
3242 5508 3400 5564 parua
3429 5480 3630 5545 scintilla
3654 5473 3792 5564 omni?

2260 5551 2537 5659 absumpsit
2560 5588 2586 5641 ?
2611 5588 2801 5643 Postea
2831 5551 2918 5643 ubi
2947 5551 3252 5641 declaravit.
3275 5583 3562 5638 dmmonetn
3604 5574 3719 5660 tunc.
3737 5551 3790 5660 ³¹ξ

2259 5681 2350 5740 illo
2377 5657 2617 5755 (Babyla)
2645 5683 2803 5737 fuisse
2827 5681 3047 5745 victum,
3067 5693 3188 5734 cum
3209 5692 3298 5733 res
3322 5673 3582 5748 gentilium
3604 5657 3789 5755 maxime

2259 5750 2526 5831 ﬂorerent.
2543 5750 2820 5828 sacrificiis
2844 5781 2897 5827 et
2922 5769 3309 5827 initiationibus
3336 5784 3352 5822 :
3381 5766 3447 5822 Et
3474 5762 3697 5852 mutuli.
3722 5750 3786 5852 ll:

2260 5867 2408 5936 ςυίι,
2439 5865 2680 5935 ‘emplum
2721 5867 2895 5934 ingens
2938 5864 3070 5920 illud
3111 5861 3357 5917 diluvium
3387 5874 3484 5916 non
3509 5841 3696 5924 ὀήεείιι
3723 5837 3780 5881 έθί
