4032 6448
221 416 340 476 559

213 552 414 607 μενος,
445 533 543 588 καὶ
582 537 690 588 τῶν
720 535 890 606 *ιερῶν
933 535 1144 591 σκευῶν
1177 539 1300 601 ταῖς
1355 538 1580 609 μιαραῖς
1623 535 1903 607 τολμήσας

221 623 472 693 ἅψασθαι
495 624 674 696 χερσὶ,
708 625 802 677 καὶ
830 625 951 678 οὐδέ
985 625 1194 691 τούτοις
1222 624 1536 698 ἀρκεσθεὶς,
1561 623 1696 678 ἀλλά
1721 641 1908 695 περαιο

1078 426 1162 491 DE
1201 436 1262 492 S.
1298 437 1595 502 BABYLA,
1635 435 1913 492 CONTRA
1954 433 2306 491 ιυιιειΝυιι
2357 437 2446 492 ΕΤ
2484 435 2838 495 GENTILES.

3578 427 3685 482 560

2010 541 2255 608 γεγονός·
2286 542 2715 614 στρεϐλούμενος
2745 542 2802 597 δὲ
2856 541 2952 596 καὶ
2983 540 3328 612 αἰκιζόμενος
3373 541 3465 594 καί
3497 542 3680 595 οὐδένα

2008 627 2148 698 έχων
2175 629 2446 694 ἐκδοῦναι,
2478 629 2786 702 ἐμαρτύρει
2822 628 3168 699 θεόπεμπτον
3197 624 3337 681 εἶναι
3361 628 3422 681 τὺ
3445 627 3577 700 πῦρ,
3608 630 3684 691 ὡς

207 715 370 783 τέρω
399 717 469 784 τῇ
513 711 670 784 ῦϐρει
719 712 998 784 προελθὼν
1048 713 1444 785 (περιστρέψας
1472 712 1582 784 γὰρ
1624 712 1766 766 αὐτὰ
1813 713 1908 766 καὶ
2009 715 2144 784 μηδὲ
2180 718 2292 779 τοῖς
2330 717 2711 787 ἀναισχυντεῖν
2757 715 3121 787 βουλομένοις
3169 711 3310 769 εἷναί
3358 733 3480 769 τινα
3528 715 3686 784 λόγου

211 800 340 864 θεὶς
374 800 471 855 ἐπὶ
499 801 594 854 τοῦ
634 800 862 870 ἐδάφους
889 802 983 854 καὶ
1007 801 1288 865 ἀπλώσας,
1315 799 1493 863 οὕτως
1528 799 1785 854 ἐκάθισεν
1816 799 1905 852 ἐπ’

207 889 453 959 αὐτῶν),
497 889 844 960 παραχρῆμα
886 890 1092 961 ταύτης
1138 891 1237 961 τῆς
1277 890 1597 961 παρανόμου
1634 889 1906 960 καθέδρας

208 977 315 1050 τὴν
333 979 494 1050 δίκην
516 979 709 1032 ἐδωκε.
729 977 1040 1050 Διαφθαρέν
1063 979 1172 1050 γάρ
1195 978 1360 1032 αὐτοῦ
1383 979 1444 1032 τὸ
1471 979 1669 1032 αἰδοῖον
1696 977 1906 1048 σκώλη-

208 1085 321 1132 κας
348 1067 528 1120 ἔτεκε·
559 1068 674 1133 καί,
701 1065 842 1120 ὥστε
875 1065 1154 1138 δειχθῆναι
1184 1069 1266 1121 ὅτι
1288 1069 1322 1138 ἡ
1345 1067 1500 1130 νόσος
1525 1067 1788 1138 θεήλατος
1811 1062 1900 1137 ἦν,

211 1157 417 1221 πίονας
448 1156 628 1228 ὄρνεις
679 1157 772 1210 καὶ
823 1157 1039 1221 ξενικάς
1085 1155 1450 1220 καταθύοντες
1497 1156 1548 1208 oi
1583 1155 1780 1227 ἰατροὶ,
1809 1156 1903 1209 καὶ

213 1244 455 1315 πλησίον
489 1243 596 1298 τῶν
641 1243 1002 1316 διεφθορότων
1037 1243 1212 1316 μελῶν
1263 1243 1504 1307 τιθέντες
1548 1242 1904 1310 ἐξεκαλοῦντο

208 1332 347 1395 τοὺς
378 1329 686 1402 σκώληκας·
715 1333 765 1384 οί
787 1331 844 1384 δέ
867 1331 966 1384 οὐκ
998 1344 1025 1372 ι
1068 1331 1384 1401 ἀφίσταντο,
1432 1329 1568 1384 ἀλλά
1601 1330 1769 1402 ἀπρὶξ
1793 1331 1902 1384 τῶν

210 1419 545 1490 σεσηπότων
575 1417 788 1489 εἴχοντο
821 1419 1024 1490 μερῶν,
1044 1419 1140 1472 καὶ
1167 1417 1341 1482 οὕτως
1367 1418 1530 1473 αὐτὸν
1557 1417 1650 1472 ἐπὶ
1678 1418 1902 1483 πολλαῖς

208 1506 633 1577 δαπανήσαντες
661 1506 892 1577 ἡμέραις
923 1505 1110 1570 κακῶς
1138 1504 1446 1560 ἀπώλεσαν.
1479 1506 1705 1576 ’Έτερος
1739 1505 1796 1558 δέ
1819 1523 1902 1570 τις

211 1594 312 1646 ἐπὶ
340 1597 408 1664 τῇ
445 1594 657 1664 φυλακῇ
679 1593 787 1646 τῶν
809 1594 1049 1664 ταμείων
1069 1593 1406 1664 τεταγμένος
1439 1591 1548 1647 τῶν
1580 1592 1900 1663 βασιλικῶν,

209 1684 352 1754 πρὶν
389 1681 422 1753 ἢ
450 1682 540 1735 τὸν
565 1682 716 1734 οὐδὸν
748 1681 1055 1753 ὑπερϐῆναι
1087 1681 1196 1737 τῶν
1250 1681 1539 1752 βασιλείων
1561 1721 1576 1746 ,
1630 1680 1898 1753 ἐλάκησεν

209 1773 380 1842 ἄφνω
409 1770 595 1842 μέσος,
634 1769 727 1823 καὶ
754 1771 915 1833 αὐτὸς
945 1769 1140 1842 ἐτέρας
1174 1769 1317 1833 τινὸς
1361 1769 1618 1841 τοιαύτης
1653 1785 1897 1839 παρανο-

213 1861 353 1929 μίας
384 1859 538 1931 δίκην
571 1858 715 1922 δούς.
751 1856 939 1912 Ταῦτα
969 1857 1033 1928 δὴ
1061 1860 1156 1912 καὶ
1185 1857 1392 1911 τούτων
1419 1857 1643 1910 πλείονα
1671 1856 1750 1926 (οὐ
1789 1859 1899 1927 γὰρ

209 1949 442 2002 ἅπαντα
505 1947 827 2016 καταλέγειν
891 1946 1084 2016 καιρὸς
1133 1945 1267 2004 νῦν)
1321 1946 1403 2008 εἰς
1457 1944 1584 1998 νοῦν
1635 1943 1815 1998 λαϐὼν
1872 1947 1900 1998 6

210 2037 444 2106 μιαρὸς,
475 2035 729 2088 ἐδεδοίκει
781 2033 876 2106 τὴν
921 2034 1128 2104 τόλμαν
1173 2033 1486 2105 περαιτέρω
1535 2036 1894 2106 προαγαγεῖν.

206 2125 329 2180 Καὶ
351 2125 435 2176 ὅτι
457 2123 558 2178 οὐκ
580 2122 674 2175 ἀπ’
712 2121 954 2193 ἐμαυτοῦ
988 2123 1164 2174 ταῦτα
1209 2121 1352 2190 λέγω
1377 2121 1490 2184 νῦν,
1523 2123 1588 2174 ἐκ
1615 2120 1724 2174 τῶν
1759 2121 1898 2191 μετά

202 2208 395 2260 ταῦτα
427 2207 519 2260 ὐπ’
558 2204 723 2259 αὐτοῦ
769 2206 1079 2274 γενομένων
1113 2205 1268 2258 ἔσται
1304 2204 1461 2274 δῆλον
1495 2205 1650 2275 ἡμῖν·
1680 2205 1816 2268 τέως
1841 2205 1897 2258 δέ

203 2289 314 2358 τῆς
346 2287 673 2352 ἀκολουθίας
701 2287 810 2340 τῶν
843 2288 1228 2358 γεγενημένων
1261 2289 1538 2358 ἐχώμεθα.

283 2378 355 2430 Τί
391 2377 456 2447 δὴ
481 2377 543 2430 τὸ
571 2375 820 2429 ἐντεῦθεν
842 2371 942 2446 ῆν;
985 2375 1026 2429 Τ
1031 2375 1157 2430 οῦτο
1197 2376 1307 2448 γάρ
1345 2379 1462 2430 ἐστι
1490 2376 1550 2430 τὸ
1581 2376 1898 2448 θαυμαστὸν

203 2466 273 2518 οὐ
314 2465 419 2535 τὴν
443 2463 674 2532 δύναμιν
715 2464 896 2534 μόνον,
929 2464 1066 2519 ἀλλά
1097 2465 1190 2518 καὶ
1225 2465 1324 2536 τὴν
1356 2463 1563 2532 ἄφατον
1595 2463 1900 2534 φιλανθρω-

203 2553 350 2607 πίαν
383 2553 722 2606 ἐπιδεικνύον
762 2551 856 2605 τοῦ
907 2551 1068 2606 Θεοῦ.
1115 2553 1171 2606 '0
1213 2553 1312 2623 μὲν
1346 2552 1456 2624 γάρ
1498 2552 1654 2621 ἅγιος
1685 2553 1898 2624 μάρτυς

199 2642 323 2694 τῶν
378 2639 540 2713 ἱερῶν
593 2640 727 2693 εἴσω
763 2640 1069 2712 περιϐόλων
1112 2635 1217 2714 ἦν,
1265 2643 1325 2694 ἐν
1371 2636 1452 2705 οἷς
1499 2643 1592 2695 καὶ
1629 2642 1898 2712 πρότερον

200 2729 516 2800 ἐτύγχανεν
540 2727 638 2794 ὢν,
665 2727 795 2800 πρὶν
824 2729 906 2792 είς
937 2728 1035 2800 τὴν
1059 2729 1278 2800 Δάφνην
1305 2728 1499 2782 ἐλθεῖνο
1528 2731 1556 2784 6
1578 2729 1636 2784 δέ
1662 2728 1898 2801 πονηρὸς

197 2818 429 2888 δαίμων
485 2816 792 2888 ἐμάνθανεν
849 2815 1081 2881 εὐθέως,
1137 2819 1218 2871 ὅτι
1277 2817 1458 2889 μάτην
1505 2818 1656 2890 αὐτῷ
1699 2820 1767 2872 τά
1800 2821 1899 2890 τῆς

199 2907 435 2977 ἀπάτης
463 2905 868 2976 μεμηχάνηται,
897 2908 990 2960 καὶ
1016 2907 1098 2959 ὅτι
1120 2907 1180 2959 οὐ
1210 2907 1348 2976 πρὸς
1377 2908 1568 2978 νεκρὸν
1595 2909 1686 2961 τὸν
1710 2909 1899 2977 ἀγῶνα

201 2991 386 3066 εἶχεν,
417 2994 552 3048 ἀλλά
586 2994 722 3066 πρὸς
756 2993 935 3058 ζῶντα
963 2997 1058 3049 καὶ
1092 2995 1440 3068 ἐνεργοῦντα,
1480 2999 1574 3052 καὶ
1603 2999 1704 3052 οὐκ
1731 2999 1896 3053 αὐτοῦ

205 3087 403 3156 μόνον,
431 3083 570 3138 ἀλλά
599 3086 696 3137 καὶ
739 3085 956 3138 πάντων
994 3083 1262 3155 δαιμόνων
1309 3087 1676 3158 ἰσχυρότερον.
1713 3089 1897 3160 Παρα-

200 3175 457 3239 καλέσας
481 3174 591 3246 γάρ
627 3175 718 3228 τὸν
746 3175 878 3228 θεὸν
914 3175 1132 3244 ἀφεῖναι
1163 3174 1276 3246 πῦρ
1301 3177 1381 3238 είς
1403 3175 1495 3229 τὸν
1519 3175 1677 3241 νεὼν,
1712 3179 1814 3249 τήν
1837 3195 1897 3232 τε

201 3263 418 3336 ὀροφὴν
437 3262 736 3332 κατέφλεξε
757 3263 960 3329 πᾶσαν,
987 3263 1079 3316 καὶ
1103 3262 1162 3316 τὸ
1182 3263 1399 3334 εἴδωλρν
1432 3265 1629 3338 μέχρις
1649 3267 1898 3336 ἐσχάτων

200 3351 485 3420 ἀφανίσας
508 3351 708 3416 ποδῶν,
725 3350 932 3422 τέφραν
957 3368 1018 3405 τε
1047 3353 1333 3423 ἀποφήνας
1358 3355 1454 3407 καὶ
1483 3354 1654 3421 κόνιν,
1683 3356 1898 3426 ἀφῆκεν

200 3439 440 3494 ἑστάναι
473 3438 602 3503 τοὺς
629 3439 844 3510 τοίχους
886 3439 1156 3506 ἅπαντας.
1188 3442 1298 3496 Καὶ
1329 3441 1384 3494 ετ
1416 3460 1499 3506 τις
1529 3443 1784 3516 ἐπισταίη
1818 3445 1896 3516 τῷ

197 3529 366 3599 τόπῳ
389 3525 504 3590 νῦν,
529 3527 631 3581 οὐκ
672 3526 738 3580 ἂν
788 3527 933 3581 εἴποι
967 3530 1139 3600 πυρὸς
1173 3530 1336 3600 ἔργον
1375 3527 1516 3584 εἶναι
1541 3529 1602 3584 τὸ
1633 3533 1858 3601 γεγονός
1879 3551 1891 3563 ο

196 3616 334 3671 οὐδὲ
371 3615 480 3688 γὰρ
503 3616 738 3678 ἄτακτος
762 3617 813 3682 ι),
849 3617 970 3671 οὐδέ
1013 3618 1088 3684 ὡς
1117 3619 1176 3686 ἐξ
1205 3619 1338 3690 ὕλης
1363 3619 1573 3690 ἀψύχου
1605 3621 1829 3690 γέγονεν
1859 3625 1891 3694 ἡ

199 3705 583 3778 πυρπόλησις,
609 3706 724 3760 ἀλλ’
759 3707 953 3779 ὥσπερ
997 3707 1144 3772 τινὸς
1191 3708 1372 3780 χειρὸς
1429 3710 1803 3782 περιαγούσης
1835 3710 1897 3764 τὸ

199 3795 346 3866 πῦρ,
375 3795 471 3849 καὶ
493 3795 844 3867 δεικνυούσης
864 3797 1026 3851 τίνων
1052 3797 1150 3868 μὲν
1185 3798 1498 3868 φείσασθαι,
1530 3799 1650 3852 τίνα
1673 3799 1730 3853 δὲ
1760 3801 1894 3854 ἁνα-

200 3883 383 3937 λῶσαι
400 3885 589 3956 ἐχρῆν,
608 3883 781 3948 οὕτως
808 3885 1097 3957 εὐρύθμως
1130 3884 1282 3958 [565]
1301 3887 1396 3940 καὶ
1425 3887 1689 3958 τεχνικῶς
1721 3890 1750 3943 6
1769 3888 1896 3952 ναὸς

200 3971 620 4026 ἐκκεκάλυπται
653 3984 702 4038 ε,
734 3973 828 4027 καὶ
860 3975 920 4026 οὐ
963 3977 1076 4038 τοῖς
1124 3975 1620 4046 ἐμπεπρησμένοις
1673 3975 1892 4042 ἁπλῶς,

199 4059 346 4114 ἀλλά
366 4062 482 4123 τοῖς
515 4061 738 4132 ἀρτίους
771 4061 870 4132 μὲν
902 4059 1087 4132 έχουσι
1126 4062 1252 4125 τοὺς
1300 4063 1646 4133 περιϐόλους,
1693 4065 1895 4134 στέγης

199 4147 265 4201 δέ
293 4145 574 4220 δεομένοις
601 4149 770 4220 μόνης
793 4149 1138 4219 προσέοικεν.
1170 4149 1252 4203 Τά
1277 4167 1336 4202 τε
1364 4149 1473 4222 γὰρ
1519 4151 1676 4212 ἄλλα,
1717 4153 1812 4205 καὶ
1845 4153 1894 4204 οί

199 4235 388 4301 κίονες
417 4236 473 4289 οῖ
501 4253 561 4289 τε
590 4236 683 4290 τὸν
704 4236 902 4308 ὄροφον
937 4237 1222 4307 ἀνέχοντες
1241 4280 1255 4300 ,
1305 4237 1358 4291 οἵ
1387 4255 1448 4290 τε
1472 4239 1543 4293 τά
1581 4239 1896 4311 προπύλαια

199 4325 454 4390 ἅπαντες
489 4328 787 4397 ἑστήκασι,
823 4326 963 4398 πλὴν
999 4325 1094 4380 τοῦ
1131 4327 1260 4396 περὶ
1289 4325 1315 4365 τι
1359 4327 1449 4381 τὸν
1479 4327 1704 4382 ὄπισθεν
1728 4329 1892 4399 δόμον

197 4415 351 4479 ἑνός·
383 4417 478 4470 καὶ
505 4409 659 4480 οὗτος
688 4415 748 4470 δέ
771 4417 870 4486 οὐχ
901 4416 1088 4480 ἁπλῶς
1117 4416 1295 4486 ἀφέθη
1329 4415 1719 4488 διακλασθῆναι
1748 4418 1891 4482 τότε,

197 4501 348 4556 ἀλλά
383 4505 452 4557 δι’
483 4503 695 4569 αἰτίαν,
737 4504 805 4576 ἢν
857 4503 996 4575 μετά
1045 4503 1220 4558 ταῦτα
1275 4504 1529 4576 ἐροῦμεν.
1587 4505 1792 4558 Τούτου
1829 4507 1893 4577 δὴ

201 4591 545 4662 συμϐάντος,
597 4592 793 4662 ἄγεται
836 4593 938 4663 μὲν
988 4593 1069 4656 εἰς
1107 4593 1461 4666 δικαστήριον
1501 4593 1704 4656 εὐθέως
1736 4597 1764 4648 6
1796 4595 1892 4648 τοῦ

198 4679 465 4750 δαίμονος
493 4683 695 4754 ἱερεὺς,
727 4683 824 4736 καὶ
853 4681 951 4736 τὸν
984 4683 1160 4736 αῐτιον
1195 4684 1538 4752 ἠναγκάζετο
1580 4684 1780 4752 λέγειν,
1817 4684 1894 4747 ὡς

199 4767 265 4820 δὲ
297 4769 398 4822 οὐκ
428 4765 595 4838 εἶχεν,
616 4768 1086 4839 ἐξαγκωνίσαντες
1111 4771 1299 4834 αὐτὸν,
1325 4771 1418 4824 καὶ
1447 4771 1648 4835 πολλὰς
1676 4771 1894 4826 ἐπιθένυ

200 4869 299 4916 τες
325 4854 562 4924 πληγάς,
595 4851 716 4910 εἶτα
763 4858 1194 4930 μετεωρίσαντες
1225 4859 1322 4912 καὶ
1365 4859 1466 4923 τάς
1499 4859 1742 4930 πλευράς
1772 4861 1892 4916 δια·

203 4940 480 5008 ξαίνοντες
501 4945 807 5015 ἐμάνθανον
837 4945 1000 5000 πλέον
1032 4947 1208 5012 οὐδὲν,
1228 4946 1344 5002 ἀλλ’
1361 4947 1570 5016 ἐγίνετο
1591 4949 1893 5019 παρόμοιον

199 5028 287 5100 τῷ
325 5030 422 5084 ἐπὶ
449 5031 551 5102 τῆς
597 5033 950 5098 ἀναστάσεως
1001 5035 1097 5089 τοῦ
1145 5034 1406 5107 Χριστοῦ.
1465 5035 1576 5088 Καὶ¹
1633 5036 1738 5108 γὰρ
1767 5036 1891 5089 τότε

201 5119 488 5188 ἐτάγησαν
523 5121 621 5191 μὲν
642 5121 693 5174 οἰ
720 5122 1134 5194 στρατιῶταιτὸ
1165 5122 1325 5194 σῶμα
1349 5122 1635 5193 φυλάττειν
1664 5123 1758 5176 τοῦ
1793 5125 1893 5195 Ἰη-

203 5205 328 5274 σοῦ,
367 5207 454 5261 ἵνα
501 5208 578 5280 μὴ
609 5209 922 5282 ἐκγένηται,
977 5211 1134 5282 φησὶ,
1173 5214 1552 5284 κακουργῆσαι
1615 5214 1745 5286 περὶ
1792 5215 1892 5284 τὴν

202 5293 420 5367 κλοπὴν
445 5299 558 5360 τοῖς
579 5287 874 5369 ῖῖαθηταῖς·
891 5299 954 5352 τὸ
974 5299 1034 5354 δέ
1051 5301 1285 5371 πρᾶγμα
1309 5303 1387 5364 εἰς
1407 5302 1569 5356 τοῦτο
1592 5303 1889 5367 ἐξέϐαινεν,

203 5383 354 5438 ὥστε
405 5384 544 5454 μηδὲ
589 5385 946 5458 ἀναίσχυντον
993 5388 1269 5460 πρόφασιν
1327 5390 1724 5462 ὑπολειφθῆναι
1776 5394 1891 5455 τοῖς

207 5472 557 5543 βουλομένοις
586 5491 653 5526 πε
662 5474 716 5546 ρὶ
729 5476 828 5546 τὴν
848 5477 1029 5530 πίστιν
1045 5477 1145 5549 τῆς
1165 5477 1514 5544 ἀναστάσεως
1537 5484 1887 5552 κακουργεῖν.

203 5561 322 5615 Καὶ
355 5560 589 5614 ἐνταῦθα
623 5562 834 5616 εἵλκετο
863 5564 963 5632 μὲν
998 5567 1027 5617 6
1049 5565 1250 5636 ἱερεὺς.
1285 5567 1374 5621 ἵνα
1403 5567 1478 5638 μὴ
1508 5567 1661 5632 θείαὶ
1697 5571 1887 5642 ὀργῆςι

205 5647 324 5702 ἀλλ’
352 5649 703 5721 ἀνθρωπίνης
737 5652 1075 5720 κακουργίας
1101 5653 1263 5723 ἔργον
1297 5649 1438 5708 εἶναι
1475 5658 1806 5731 μαρτυρήσῃ
1828 5657 1891 5710 τὸ

266 5793 476 5868 ."Savil.
502 5799 547 5847 οἰ
570 5797 622 5847 δὲ
643 5797 698 5868 ού
720 5799 862 5868 μρνςι
899 5801 1018 5868 οὐκζ
1034 5801 1142 5850 Μοκ
1181 5817 1308 5854 unus
1333 5805 1516 5866 εἴχοντο
1545 5807 1715 5868 μελῶν.
1765 5808 1887 5859 Infra

205 5855 588 5923 εεγὶἓλειμιιιιε
607 5855 763 5923 πρίν’ἢ
785 5864 880 5910 τῶν
901 5863 1070 5911 οὐδῶν.

267 5917 296 5958 1³
321 5919 419 5967 Alii
437 5917 668 5976 ἀτάκτως.

269 5981 297 6013 ⁸
321 5980 420 6030 Διίὶ
439 5981 740 6038 ἐκκέκαυται.
763 5984 846 6033 alii
873 5985 1239 6038 ἐκκεκάλυπται.

627 6067 902 6130 Parnm.
939 6070 1059 6130 Gn.
1105 6071 1172 6131 L.

2005 799 2217 855 λοιπόν.
2249 803 2387 856 Ἀλλ’
2401 803 2537 874 ὅπερ
2561 805 2670 876 πρὸ
2691 803 2891 875 μικροῦ
2919 802 3090 857 θέλων
3110 805 3287 856 εἰπεῖν
3317 803 3684 874 άνεϐαλόμην,

2004 887 2168 942 τοῦτο
2205 889 2300 942 νῦν
2337 889 2612 962 εὐκαίρως
2661 889 2794 962 ἐρῶ.
2845 890 2911 943 Τί
2951 889 3009 943 δὲ
3043 888 3205 943 τοῦτό
3235 891 3412 956 ἐστιν;
3455 891 3578 943 Ὀτι
3606 890 3686 960 τῷ

2007 975 2159 1046 φόϐῳ
2189 977 2455 1032 διέσεισεν
2489 977 2654 1032 αὐτοῦ
2684 977 2782 1048 τὴν
2819 976 2998 1048 ψυχὴν
3043 977 3073 1030 6
3109 977 3342 1049 μάρτυς,
3371 977 3449 1040 ὡς
3483 978 3560 1048 μὴ
3587 995 3684 1031 πε-

2007 1065 2247 1136 ραιτέρω
2277 1067 2344 1136 τῇ
2376 1065 2552 1136 τόλμῃ
2586 1076 2609 1104 ο
2639 1064 2944 1134 προελθεῖν.
2978 1067 3052 1118 Οὐ
3077 1065 3186 1138 γὰρ
3231 1066 3407 1137 δήπου
3449 1065 3543 1119 τὸν
3583 1065 3685 1136 μὲν

2008 1150 2178 1222 ἱερέα,
2221 1154 2315 1206 καὶ
2343 1151 2402 1206 δν
2441 1155 2498 1206 ἐν
2523 1151 2757 1226 τοσαύτῃ
2799 1153 3066 1225 πρότερον
3091 1149 3196 1224 ἦγε
3219 1156 3380 1225 τιμῇ,
3405 1152 3682 1214 τοσούτοις

2005 1239 2144 1310 ὑπὲρ
2175 1241 2275 1309 τῆς
2304 1239 2512 1312 ὀροφῆς
2539 1239 2866 1310 περιέϐαλλε
2891 1243 3104 1306 κακοῖς,
3134 1243 3228 1294 καὶ
3259 1241 3450 1312 θηρίου
3485 1240 3682 1312 μάλλον

2005 1327 2302 1399 αἰμοϐόρου
2321 1327 2712 1397 διεσπάραττε,
2742 1327 2880 1398 τάχα
2924 1328 2969 1381 δ’
2992 1329 3057 1382 ἂν
3084 1328 3178 1382 καὶ
3203 1329 3549 1398 ἀπεγεύσατο
3575 1328 3682 1382 τῶν

2005 1413 2245 1484 σαρκῶν,
2281 1416 2330 1467 εἰ
2363 1413 2438 1486 μὴ
2471 1417 2604 1468 πᾶσι
2633 1415 2695 1468 τὸ
2727 1417 2961 1487 πρᾶγμα
2990 1416 3166 1469 ἐδόκει
3219 1411 3360 1470 εἶναι
3398 1417 3644 1487 μυσαρόν
3665 1433 3676 1443 ·

2001 1502 2092 1555 τὸν
2119 1503 2178 1556 δέ
2208 1504 2363 1572 ἆγιον
2403 1503 2568 1559 αὐτοῦ
2613 1503 2708 1558 τοῦ
2745 1503 2996 1576 δαίμονος
3028 1505 3090 1558 τὸ
3119 1505 3294 1576 στόμα
3323 1505 3681 1577 ἐμφράξαντα

2003 1589 2165 1644 πάλιν
2192 1592 2272 1654 εἰς
2294 1591 2391 1662 τὴν
2417 1591 2575 1644 πόλιν
2604 1587 2759 1662 ἦγεν,
2779 1590 2920 1646 ὥστε
2945 1593 3000 1647 ἐν
3024 1591 3226 1646 πλείονι
3258 1589 3396 1646 εἶναι
3428 1595 3582 1664 τιμῇ.
3617 1594 3682 1645 Εἰ

2001 1677 2112 1751 γὰρ
2151 1680 2243 1733 καὶ
2275 1680 2350 1751 μὴ
2385 1681 2673 1754 πρότερον,
2713 1682 2802 1734 ὅτε
2835 1681 2935 1753 τὴν
2968 1676 3137 1753 ἧτταν
3165 1683 3194 1734 6
3222 1681 3429 1753 δαίμων
3466 1682 3678 1753 ὡμολό-

2001 1783 2192 1836 γησεν,
2221 1767 2357 1821 ἀλλά
2383 1769 2522 1838 μετά
2549 1767 2640 1822 τὸν
2691 1768 3023 1841 ἐμπρησμὸν
3061 1768 3239 1822 πάντα
3277 1769 3573 1840 ἀνέτρεψεν
3612 1769 3679 1824 ἂν

2001 1857 2096 1909 καὶ
2124 1856 2396 1920 ἀπώλεσε,
2421 1857 2516 1910 καὶ
2545 1857 2842 1926 κατέφλεξε
2871 1857 2968 1930 τὴν
2998 1857 3266 1929 λάρνακα,
3288 1857 3348 1910 τὸ
3379 1857 3680 1928 μαρτύριον

2001 1943 2284 2016 ἑκάτερον,
2314 1945 2376 1998 τό
2402 1963 2461 1999 τε
2490 1947 2548 1999 ἐν
2575 1949 2641 2016 τῇ
2671 1945 2879 2019 Δάφνῃ,
2924 1945 2986 1998 τό
3024 1963 3084 1998 τε
3133 1949 3190 1998 ἐν
3215 1948 3281 2016 τῇ
3315 1945 3488 2011 πόλει,
3518 1947 3566 1998 εἰ
3603 1945 3678 2016 μὴ

2001 2031 2094 2085 τοῦ
2122 2032 2296 2102 θυμοῦ
2323 2035 2351 2085 6
2375 2033 2540 2102 φόϐος
2560 2029 2629 2104 ἦν
2664 2032 2888 2102 μείζων,
2923 2033 3018 2086 καὶ
3049 2033 3151 2104 τῆς
3182 2032 3420 2104 ἀθυμίας
3457 2033 3678 2104 ἐκράτει

1998 2118 2062 2171 τὸ
2090 2117 2228 2181 δέος.
2250 2116 2412 2181 Ἔθος
2439 2119 2546 2189 γὰρ
2569 2121 2684 2182 τοῖς
2706 2118 2921 2183 πολλοῖς
2943 2119 3049 2172 τῶν
3081 2118 3404 2190 ἀνθρώπων,
3420 2119 3548 2173 ὅταν
3573 2118 3679 2172 ὑπὸ

1999 2203 2170 2274 ὀργῆς
2196 2203 2576 2274 κατασχεθῶσι
2605 2205 2698 2258 καὶ
2730 2205 2928 2276 λύπης,
2957 2206 3059 2260 κᾶν
3095 2205 3169 2277 μὴ
3197 2208 3323 2270 τοὺς
3351 2206 3561 2270 αἰτίους
3589 2206 3678 2258 λά-

2001 2291 2136 2344 ϐωσι
2195 2291 2305 2346 τῶν
2355 2291 2579 2357 παθῶν,
2639 2295 2720 2357 εἰς
2768 2293 2894 2356 τοὺς
2940 2294 3314 2364 ἐμπίπτοντας
3361 2293 3548 2357 ἁπλῶς
3584 2297 3677 2347 καὶ

2001 2379 2280 2443 ὑπόπτους
2314 2380 2538 2449 ἀφιέναι
2570 2380 2669 2452 τὴν
2698 2381 2890 2453 ὀργήν.
2917 2383 2990 2434 Οὐ
3019 2382 3206 2453 πόρρω
3231 2381 3286 2434 δέ
3308 2381 3412 2452 τῆς
3443 2381 3678 2451 ὑποψίας

1999 2465 2204 2538 ταύτης
2239 2467 2268 2519 6
2307 2467 2518 2539 μάρτυς
2541 2463 2631 2538 ἦν’
2669 2469 2788 2538 ἄμα
2817 2487 2876 2522 τε
2929 2469 3038 2540 γάρ
3075 2469 3238 2532 αὐτὸς
3276 2471 3356 2533 εἰς
3390 2469 3487 2540 τὴν
3519 2469 3677 2524 πόλιν

2001 2555 2251 2622 ἀφίκετο,
2286 2556 2383 2609 καὶ
2426 2554 2488 2608 τδ
2537 2555 2648 2627 πῦρ
2672 2551 2838 2627 ἦλθεν
2890 2558 2969 2620 εἰς
3025 2558 3116 2611 τὸν
3171 2557 3316 2611 ναόν.
3365 2557 3506 2610 Ἀλλ’
3537 2559 3678 2629 ὅπερ

2000 2642 2160 2712 ἔφην,
2195 2643 2367 2708 πάθος
2393 2643 2629 2715 ἐμάχετο
2659 2645 2844 2708 πάθει,
2878 2645 2974 2700 καὶ
3014 2646 3184 2716 ὀργῆς
3224 2645 3445 2714 ἐκράτει
3481 2645 3673 2699 δειλία.

2013 2729 2296 2800 Ἐννόησον
2321 2729 2430 2802 γάρ
2466 2748 2557 2802 μοι
2602 2731 2688 2794 τίς
2736 2726 2805 2801 ῆν
2851 2733 2880 2784 6
2942 2731 3178 2803 χρηστὸς
3229 2733 3434 2795 ἐκεῖνος
3484 2733 3564 2795 εἰς
3616 2732 3698 2784 το⁴

2001 2814 2326 2886 προάστειον
2357 2816 2542 2884 ἀνιὼν,
2576 2818 2754 2872 καὶτὸ
2788 2819 2885 2890 μὲν
2921 2819 3224 2890 μαρτύριον
3249 2819 3390 2891 δρῶν
3425 2820 3677 2891 ἑστηκὸς,

1999 2903 2094 2957 τὸν
2118 2903 2175 2956 δέ
2210 2904 2346 2957 νεὼν
2379 2905 2864 2978 ἐμπεπρησμένον,
2907 2908 3000 2960 καὶ
3032 2907 3092 2960 τὸ
3121 2907 3338 2961 εἴδωλον
3373 2908 3680 2979 ἠφανισμέ-

2001 3009 2112 3058 νον,
2146 2993 2240 3046 καὶ
2261 2991 2330 3046 τά
2361 2993 2687 3064 ἀναθήματα
2737 2993 3088 3066 ἀνηλωμένα,
3123 2996 3220 3049 καὶ
3251 2995 3352 3066 τῆς
3384 3013 3444 3048 τε
3481 2995 3677 3049 ἐαυτοῦ

2001 3078 2311 3148 φιλοτιμίας
2343 3079 2439 3132 καὶ
2470 3079 2566 3150 τῆς
2602 3080 2898 3150 σατανικῆς
2929 3080 3154 3152 πομπῆς
3193 3082 3376 3135 πᾶσαν
3404 3081 3679 3154 ἐξῃρημέ-

1999 3183 2098 3238 νην
2132 3167 2461 3238 ὑπόμνησιν.
2499 3167 2562 3220 Εἰ
2588 3166 2698 3239 γάρ
2732 3168 2869 3238 μήτε
2902 3167 3073 3239 θυμὸς
3107 3167 3268 3223 αὑτὸν
3305 3170 3443 3241 μήτε
3469 3165 3678 3242 ἀθυμία

1997 3253 2172 3308 ταῦτα
2193 3253 2404 3326 ὁρῶντα
2423 3253 2619 3326 εἰσῄει,
2651 3255 2751 3326 τὴν
2778 3254 2908 3323 γοῦν
2935 3255 3201 3326 αἰσχύνην
3224 3257 3324 3309 οὐκ
3355 3255 3422 3310 ἂν
3451 3257 3675 3327 ἤνεγκε,

1998 3339 2094 3393 καὶ
2130 3339 2222 3393 τὸν
2251 3339 2418 3394 πολὺν
2451 3341 2687 3408 γέλωτα,
2720 3340 2835 3393 ἀλλ’
2885 3339 3150 3405 ἐξέτεινεν
3199 3341 3265 3396 ἂν
3305 3341 3405 3406 τὰς
3441 3341 3679 3415 ἀνόμους

1998 3429 2187 3498 χεῖρας
2215 3428 2309 3481 καὶ
2343 3428 2438 3481 ἐπὶ
2465 3427 2525 3480 τὸ
2547 3428 2640 3481 τοῦ
2685 3429 2956 3498 μακαρίου
2992 3428 3320 3500 μαρτύριον,
3341 3431 3392 3482 εἰ
3418 3429 3492 3500 μὴ
3516 3428 3679 3482 τοῦτο

1996 3516 2134 3586 ὅπερ
2159 3511 2312 3569 εἶπον
2341 3519 2594 3586 κατεῖχεν
2620 3516 2804 3570 αὐτόν.
2825 3517 2960 3569 Οὐδὲ
2985 3517 3095 3587 γὰρ
3124 3513 3416 3588 μικρὸν-ἧν
3444 3517 3503 3571 τὺ
3521 3516 3676 3590 [566]

1997 3603 2254 3672 γεγονὸς,
2290 3603 2424 3657 ἀλλά
2477 3605 2657 3660 πᾶσαν
2709 3604 2808 3676 μέν
2860 3603 2969 3658 τῶν
3013 3605 3284 3676 Ἑλλήνων
3331 3606 3432 3677 τὴν
3463 3607 3679 3678 παρρη-

1999 3690 2121 3744 σίαν
2176 3690 2467 3762 ἐξέκοψεν,
2517 3691 2736 3746 άπασαν
2784 3692 2842 3746 δὲ
2891 3692 2992 3762 τὴν
3046 3691 3390 3764 εὐφροσύνην
3446 3691 3674 3755 ἔσϐεσε,

1995 3777 2265 3850 τοσαύτην
2299 3778 2356 3831 δέ
2382 3778 2483 3849 τῆς
2516 3778 2756 3850 ἀθυμίας
2783 3778 2880 3851 τὴν
2915 3780 3084 3850 ἀχλὺν
3126 3781 3311 3845 αὐτοῖς
3346 3781 3678 3835 κατεσκέδα⁴

1999 3883 2111 3932 σεν,
2137 3868 2268 3939 ὅσην
2303 3867 2368 3922 ἂν
2397 3869 2446 3921 εἰ
2473 3868 2676 3932 πάντες
2697 3868 3053 3923 ἀπολώλεσαν
3077 3871 3126 3922 οἰ
3165 3869 3306 3924 ναοί.

2072 3961 2164 4026 ιη’.
2188 3955 2298 4008 Καὶ
2319 3955 2476 4009 ὅτιού
2507 3956 2808 4027 κομπάζων
2819 3956 2966 4024 λέγω
2980 3955 3174 4022 ταῦτα,
3197 3957 3338 4010 αὐτά
3356 3957 3675 4030 παραθήσο-

1999 4057 2100 4110 μαι
2120 4041 2187 4095 τὰ
2207 4042 2272 4112 ρή
2283 4058 2428 4112 ματα
2438 4042 2548 4096 τῶν
2565 4043 2815 4114 ὀδυρμῶν
2832 4045 3038 4114 καὶτῆς
3059 4043 3344 4114 μονῳδίας,
3361 4047 3428 4116 ἢν
3443 4047 3523 4110 εἰς
3547 4045 3566 4084 ί
3583 4045 3676 4098 τὸν

1995 4128 2226 4198 δαίμονα
2251 4130 2440 4182 τοῦτον
2469 4130 2498 4182 6
2530 4130 2632 4200 τῆς
2661 4131 2869 4194 πόλεως
2901 4132 3021 4184 τότε
3069 4132 3366 4202 εἰργάσατο
3395 4136 3674 4202 σοφιστής.

2001 4216 2156 4286 Ἔχει
2183 4215 2240 4270 δὲ
2267 4214 2442 4280 οὓτως
2474 4218 2508 4288 ἡ
2536 4217 2646 4272 τῶν
2675 4218 2888 4291 θρήνων
2931 4221 3098 4292 ἀρχή·
3136 4221 3402 4289 Ἄνδρες,
3435 4213 3522 4274 ὧν
3551 4222 3678 4286 τοῖς

1997 4305 2330 4375 ὀφθαλμοῖς
2354 4305 2553 4376 ἀχλὺς
2584 4307 3009 4378 κατακέχυται,
3039 4308 3244 4378 ὥσπερ
3285 4311 3399 4364 οὖν
3421 4310 3520 4364 καὶ
3549 4310 3680 4374 τοῖς

1993 4387 2179 4458 ἐμοῖς,
2197 4388 2354 4458 μήτε
2381 4389 2582 4458 καλὴν
2599 4390 2708 4457 ἔτι,
2734 4391 2888 4461 μήτε
2902 4390 3178 4461 μεγάλην
3200 4393 3476 4462 καλῶμεν
3495 4390 3679 4461 τήνδε

1995 4477 2113 4546 τὴν
2167 4479 2368 4533 πόλιν.
2430 4475 2563 4533 Εἶτα
2599 4478 2773 4534 εἰπών
2827 4499 2951 4535 τινα
3008 4482 3139 4552 περὶ
3195 4480 3292 4534 τοῦ
3347 4480 3521 4552 μύθου
3575 4480 3678 4548 τῆς

1995 4567 2214 4640 Δάφνης
2243 4569 2340 4623 καὶ
2365 4567 2670 4639 διαλεχθεὶς
2699 4569 2784 4638 (οὐ
2813 4571 2924 4640 γὰρ
2953 4569 3171 4624 ἅπαντα
3197 4568 3431 4621 ἐνθεῖναι
3465 4567 3558 4620 τὸν
3587 4567 3678 4621 λό-

1995 4673 2092 4723 γον
2111 4656 2347 4710 ἐνταῦθα
2384 4657 2596 4728 καιρὸς,
2640 4657 2781 4728 ὑπὲρ
2819 4657 2912 4710 τοῦ
2964 4656 3039 4728 μὴ
3065 4656 3239 4728 μῆκος
3285 4657 3677 4724 ἐπεισαγαγεῖν

1995 4745 2296 4816 περιττὸν),
2327 4745 2499 4814 λέγει,
2532 4746 2614 4799 ὃτι
2671 4747 2701 4799 ό
2755 4745 2983 4816 Περσῶν
3045 4745 3301 4814 βασιλεύς
3349 4762 3481 4800 ποτε
3511 4747 3539 4799 ό
3574 4745 3676 4816 τὴν

1997 4833 2149 4886 πόλιν
2179 4832 2341 4898 ἐλὼν,
2373 4834 2630 4903 ἐφείσατο
2649 4833 2746 4887 τοῦ
2772 4833 2898 4889 νεώ·
2926 4833 2994 4887 τά
3015 4833 3072 4888 δὲ
3101 4835 3323 4907 ῥήματά
3345 4836 3461 4888 ἐστι
3479 4835 3671 4889 ταῦτα·

2006 4921 2068 4973 '0
2095 4921 2214 4990 μὲν
2233 4923 2495 4990 στρατὸν
2518 4921 2611 4991 ἐφ’
2639 4919 2795 4992 ἡμᾶς
2829 4923 2854 4961 ε
2885 4919 3146 4992 ἀγαγὼν,
3176 4922 3322 4988 ᾤετο
3353 4922 3514 4988 αὐτῷ
3529 4923 3678 4988 βέλ-

1998 5025 2124 5062 τιον
2153 5005 2306 5063 εἶναι
2349 5007 2658 5064 σεσῶσθαι
2704 5008 2812 5062 τὸν
2845 5008 3031 5074 νεὼν,
3069 5011 3166 5064 καὶ
3212 5011 3278 5065 τὸ
3305 5011 3534 5076 κάλλος
3569 5011 3678 5064 τοῦ

1995 5095 2340 5166 ἀγάλματος
2368 5097 2601 5165 ἐκράτει
2625 5097 2818 5166 θυμοῦ
2842 5099 3238 5166 βαρϐαρικοῦ·
3263 5099 3382 5153 νῦν
3404 5098 3493 5160 δὲ,
3516 5097 3674 5166 ἥλιε.

1995 5184 2093 5236 καὶ
2142 5183 2244 5254 γῆ,
2283 5187 2374 5252 τίς
2417 5187 2455 5254 ἢ
2512 5187 2698 5241 πόθεν
2745 5189 2778 5238 ὀ
2825 5187 3114 5256 πολέμιος
3161 5183 3362 5252 οὗτος,
3415 5191 3484 5250 ὃς
3534 5185 3680 5238 οὐδὲ

1995 5270 2280 5336 ὁπλιτῶν,
2312 5271 2455 5326 οὐδὲ
2495 5272 2746 5339 ἱππέων,
2794 5275 2934 5328 οὔτε
2981 5272 3183 5342 ’ψιλῶν
3212 5289 3394 5326 τινων
3441 5270 3680 5339 δεηθεὶς

1988 5357 2180 5428 μικρῷ
2211 5359 2502 5430 σπινθῆρα.
2531 5361 2728 5416 πάντα
2753 5361 3114 5423 ἁνάλωσεν;
3142 5356 3276 5414 Εἶτα
3311 5358 3548 5423 δεικνὺς,
3587 5360 3672 5412 ὅτι

1995 5447 2162 5500 αὐτοῦ
2190 5448 2312 5501 τότε
2341 5449 2647 5522 ἐκράτησεν
2669 5452 2698 5503 6
2727 5451 3014 5522 μακάριος,
3041 5451 3129 5502 ὅτε
3165 5446 3404 5518 μάλιστα
3431 5447 3583 5518 ἤνθει
3609 5448 3678 5500 τά

1994 5534 2104 5588 τῶν
2141 5535 2409 5608 Ἑλλήνων
2443 5537 2657 5599 θυσίαις
2697 5539 2791 5592 καὶ
2820 5539 3088 5602 τελεταῖς,
3126 5535 3282 5606 φησί·
3319 5534 3432 5590 Καὶ
3460 5534 3537 5601 δὴ
3571 5537 3672 5590 καὶ

1993 5621 2140 5692 ἡμῖν
2165 5623 2274 5678 τὸν
2299 5623 2454 5679 νεὼν
2481 5630 2513 5681 ὀ
2528 5625 2647 5695 μὲν
2671 5627 2869 5690 πολὺς
2891 5625 3123 5690 ἐκεῖνος
3151 5628 3574 5694 κατακλυσμες
3599 5625 3674 5679 οὐ

2055 5749 2083 5818 fi
2103 5750 2355 5818 ᾼΙὶᾗγπλὴν
2371 5754 2468 5818 τῶν
2489 5753 2612 5818 περί.

2049 5815 2080 5878 '_
2098 5815 2250 5878 ngil.
2279 5815 2686 5878 etquidam'mss.
2709 5821 2793 5878 τῆς
2813 5815 3006 5878 τόλμης.

2060 5872 2080 5912 ἲ
2111 5872 2419 5941 L’nuqudéx
2438 5878 2677 5941 μονῳδίας
2689 5872 2852 5941 ᾗςξείς.
2870 5872 2976 5927 Mox
3005 5879 3134 5927 idem
3159 5877 3216 5941 ad
3244 5889 3410 5941 \ocem
3425 5873 3680 5941 σοςιστήρ,

1996 5939 2046 5987 in
2067 5936 2400 6004 Arngyglhaiget
2422 5936 2658 6004 Λιβάνιος.
2685 5939 2812 6004 Ιιιζιςε
2835 5953 2962 6004 unius
2984 5941 3162 6004 θρήνων
3183 5939 3394 6004 ἀπαρχή.

2064 5999 2089 6037 ε
2111 5996 2365 6048 διέδεινῖι.
2397 6005 2448 6048 et
2471 5999 2569 6048 duo
2599 6013 2716 6049 mss.
2742 5999 2916 6050 Morel.
2945 5996 3178 6065 ἐφ”ὐμᾶς.

2575 6076 2586 6103 ⁸
3220 6082 3295 6142 10
