4032 6436
430 411 527 469 56!

426 539 601 578 sereno
626 529 851 592 tempore
868 560 886 588 ,
912 535 1031 575 cum
1057 517 1209 575 nubes
1253 519 1573 592 praeteriisset
1593 560 1609 581 ,
1636 516 1888 589 deiectum
1926 524 2021 570 est.

426 615 637 670 Nubem
685 620 741 667 et
781 612 1038 668 diluvium
1080 622 1234 665 vocat
1285 609 1636 681 praecedentis
1684 606 2026 678 Imperatoris

425 715 661 774 tempus.
692 702 899 758 Rursus
927 702 1141 771 paulum
1174 716 1488 773 progressus
1515 699 1619 755 hoc
1659 700 1831 769 ipsum
1872 712 2023 752 ama-

426 795 692 850 rulentius
732 793 979 863 deplorat
1014 793 1098 848 his
1144 793 1362 848 verbis:
1395 791 1591 846 Deinde
1627 806 1741 845 cum
1781 804 1887 844 arte
1925 798 2028 843 ltttB

424 887 725 957 sanguinem
765 886 986 950 sitirent,
1028 884 1316 955 neglectus,
1344 899 1374 937 ο
1399 883 1613 954 Apollo,
1658 881 1866 936 sedulus
1910 880 2025 936 Da-

430 979 590 1047 phnes
630 985 799 1032 custos
834 977 1108 1041 manebm;
1147 976 1425 1045 aliquando
1451 977 1603 1031 etiam
1648 975 1913 1030 lacessitus
1939 983 2021 1027 at-

425 1086 529 1139 que
552 1078 756 1126 externo
778 1069 1027 1139 spoliatus
1057 1077 1241 1122 ornatu
1269 1068 1515 1135 patienter
1543 1066 1702 1121 tulisti
1730 1082 1750 1120 :
1776 1082 1912 1120 nunc
1934 1082 2027 1120 au-

429 1171 533 1215 tem
559 1171 628 1215 tot
649 1159 821 1215 ovibus
845 1160 1098 1224 bobusque
1122 1160 1370 1224 mactatis,
1393 1175 1449 1212 os
1469 1157 1802 1229 Imperatoris
1824 1174 2027 1213 sacrum

431 1253 562 1323 pede
584 1252 854 1322 accepisti,
883 1251 1098 1305 intuitus
1127 1265 1274 1321 quem
1316 1249 1623 1321 prcdicebas
1640 1291 1656 1317 ,
1680 1250 1817 1303 risus
1841 1250 1906 1303 ab
1930 1264 1989 1302 eo
2005 1288 2023 1314 ,

427 1359 578 1415 quem
620 1344 1048 1415 prtenuntiaveras
1068 1385 1082 1406 ,
1113 1343 1253 1397 malo
1302 1342 1467 1397 vicino
1519 1342 1784 1407 liberatus,
1826 1352 2027 1394 mortuo

429 1435 651 1505 quodam
682 1451 887 1506 nempe,
920 1435 1004 1506 qui
1032 1434 1120 1488 tibi
1147 1433 1434 1488 molestiam
1475 1433 1678 1487 creabat
1720 1473 1735 1497 ,
1758 1447 1823 1487 ex
1860 1433 2026 1486 medio

428 1526 571 1580 cultu
609 1526 860 1580 exsiliisti.
899 1524 1167 1580 Undeumu
1197 1525 1333 1579 ultra
1369 1523 1701 1595 gloriabimur
1726 1524 1867 1593 apud
1893 1524 2026 1577 uiros

428 1635 695 1672 sacrorum
726 1628 1107 1684 statuarumque
1128 1628 1330 1671 tuarum
1353 1632 1596 1671 memores
1613 1616 1640 1669 ?
1664 1616 1801 1684 Quid
1824 1617 1925 1680 ais,
1956 1616 2029 1669 lu-

427 1708 616 1778 gubris
658 1709 1014 1764 decantator?
1040 1708 1186 1764 Itane
1225 1707 1547 1765 contumelia
1578 1718 1632 1763 et
1670 1707 1862 1776 injuria
1893 1707 2025 1761 alie-

429 1810 556 1857 ctus
580 1810 722 1857 tutus
750 1803 948 1858 mansit
977 1802 1225 1873 Daphnes
1248 1812 1466 1867 custos;
1499 1816 1621 1856 cum
1650 1809 1825 1856 autem
1854 1798 2028 1853 honor

432 1894 537 1964 ipsi
581 1896 964 1967 atque'cultus
1013 1896 1365 1962 redderetur,
1397 1910 1465 1950 ne
1514 1896 1766 1966 templum
1811 1892 2024 1964 quidem

429 2000 589 2040 suum
615 2001 838 2041 servare
866 1987 1034 2056 potuit
1058 2003 1073 2052 ;
1106 1987 1401 2056 przesertim
1428 1999 1552 2040 cum
1576 1986 1760 2051 sciret,
1788 1984 2027 2052 eollapso

430 2074 561 2139 illo,
591 2078 849 2146 maiorem
897 2077 996 2131 sibi
1035 2076 1379 2145 ignominiam
1413 2076 1646 2131 futuram
1685 2074 1850 2130 esse?
1895 2073 2027 2142 Quis

428 2176 611 2222 autem
640 2167 733 2222 ille
756 2177 1017 2233 mortuus,
1044 2183 1078 2223 ο
1103 2167 1363 2238 sophista,
1387 2167 1475 2237 qui
1502 2167 1604 2222 deo
1631 2166 1703 2221 illi
1727 2165 2025 2220 molestiam

424 2257 694 2313 creabat?
721 2273 888 2329 ecqua
914 2260 1002 2313 illa
1031 2260 1170 2314 mala
1197 2259 1485 2315 vicinitas?
1511 2258 1609 2313 Hic
1638 2257 1778 2313 enim
1806 2258 1858 2311 itt
1888 2256 2026 2313 beati

430 2348 649 2421 Babylze
672 2351 896 2407 virtutes
919 2367 1039 2407 cum
1066 2352 1362 2417 incidisset,
1393 2366 1494 2407 nec
1523 2350 1865 2421 ignominiam
1888 2365 2028 2420 pra:-

431 2442 599 2497 terire
622 2452 826 2512 posset,
851 2458 968 2499 eam
993 2460 1104 2514 pra:
1125 2443 1330 2514 pudore
1348 2459 1408 2499 se
1435 2444 1711 2499 occultans
1737 2442 2024 2511 praeteriit:

432 2540 665 2588 testatus
692 2544 870 2589 autem
911 2535 1210 2591 dmmoncm
1240 2552 1272 2592 a
1301 2546 1535 2607 martyre
1577 2535 1820 2591 molestia
1868 2544 2029 2604 atque

429 2641 674 2682 mrumoa
712 2627 959 2682 all‘eouIm
998 2628 1161 2684 fuisse
1181 2671 1196 2696 ,
1226 2644 1326 2685 nec
1368 2629 1625 2698 adiiciens
1646 2669 1661 2692 ,
1687 2627 1987 2683 daemonem
2008 2668 2024 2692 ,

429 2732 556 2771 cum
600 2719 810 2773 cladem
856 2734 1009 2773 suam
1064 2727 1246 2790 tegere
1287 2721 1488 2783 vellet,
1519 2720 1691 2790 magis
1734 2719 1879 2773 illam
1930 2718 2029 2773 de-

432 2809 635 2863 texisse
653 2850 669 2876 ,
698 2809 1014 2880 simpliciter
1034 2810 1189 2879 dixit,
1219 2825 1251 2866 a
1281 2812 1418 2866 mala
1440 2811 1716 2867 vicinitate
1743 2812 2029 2866 liberatum

429 2914 582 2955 esse.
606 2899 717 2956 Cur
745 2918 855 2956 non
882 2902 1053 2968 dicis,
1081 2919 1117 2958 ο
1145 2904 1463 2973 sapientium
1492 2904 1881 2974 nugacissime,
1911 2905 2033 2974 quis

432 2991 531 3047 ille
558 3002 801 3048 mortuus
826 3007 1005 3060 esset,
1037 3004 1093 3051 et
1119 3011 1284 3067 quare
1310 2997 1460 3053 solus
1487 2995 1592 3053 deo
1610 3006 1705 3052 tuo
1730 2995 2029 3051 molestiam

429 3086 686 3139 crearet?
711 3086 887 3154 Quare
931 3088 1254 3143 vicinitatem
1303 3089 1448 3144 illam
1478 3090 1675 3144 malam
1713 3088 1922 3144 vocas?
1961 3103 2028 3143 an

433 3175 560 3245 quia
590 3176 848 3232 daemonis
883 3177 1119 3235 fraudem
1168 3180 1457 3251 arguebat?
1485 3181 1645 3251 Atqui
1687 3180 1741 3235 id
1782 3195 1887 3235 non
1914 3186 2035 3235 erat

434 3267 593 3321 mala:
620 3267 905 3324 vicinitatis
952 3285 1122 3340 opus;
1162 3272 1614 3341 quentadmodum
1656 3288 1758 3328 nec
1791 3273 1986 3327 mortui
2010 3312 2028 3339 ,

434 3357 532 3410 sed
562 3359 805 3427 viventis,
830 3363 1103 3431 operantis
1125 3405 1139 3427 ,
1173 3362 1355 3433 probi,
1384 3362 1768 3431 patrocinantis
1797 3373 1851 3419 ct
1875 3378 2033 3420 cura-

436 3446 571 3502 toris
594 3487 610 3514 ,
642 3458 807 3519 atque
832 3452 1009 3504 omnia
1048 3467 1146 3521 pro
1167 3453 1342 3509 salute
1367 3461 1541 3509 vestra
1568 3456 1770 3523 agentis
1793 3494 1805 3518 ,
1840 3455 1882 3509 si
1911 3455 2029 3525 qui-

434 3536 563 3592 dem
594 3540 916 3597 voluissetis.
949 3541 1159 3598 Etenim
1188 3559 1256 3599 ne
1294 3544 1443 3599 vobis
1473 3545 1695 3599 ulterius
1721 3545 1909 3601 liceret
1934 3561 2032 3601 vos

436 3628 587 3697 ipsos
619 3631 871 3704 decipere
898 3650 960 3690 ac
986 3635 1167 3692 dicere
1207 3637 1383 3707 ipsmn
1429 3638 1655 3704 iratum,
1688 3649 1741 3693 et
1767 3639 1838 3693 ob
1862 3640 2031 3695 inter-

434 3720 602 3776 missa
630 3723 892 3781 sact'ilicia
930 3728 1377 3796 expostulantem,
1401 3729 1574 3800 deque
1599 3730 1807 3801 reliquo
1836 3729 2033 3799 pariter

434 3814 641 3870 omisso
668 3817 813 3873 cultu
840 3829 1258 3890 conquerentem
1280 3864 1294 3888 ,
1324 3816 1468 3879 ultro
1501 3824 1827 3881 abscessisse
1861 3842 1875 3880 :
1907 3826 2031 3880 ideo

430 3916 643 3978 martyr
667 3922 789 3963 eum
832 3925 901 3966 ex
946 3911 1066 3967 loco
1102 3928 1326 3983 prorsus
1373 3916 1565 3984 eiecit,
1597 3917 1685 3986 qui
1731 3918 1880 3971 locus
1930 3917 2031 3988 ipsi

433 3999 671 4053 maxime
696 4001 935 4056 onmium
962 4013 1142 4073 gratus
1169 4014 1285 4061 erat
1302 4048 1316 4071 ,
1350 4022 1616 4077 quemque
1644 4008 1765 4062 aliis
1800 4008 1930 4063 locis
1957 4010 2030 4063 ita

431 4090 802 4160 anteferebat,
831 4104 892 4152 ut
915 4098 999 4152 vel
1025 4096 1375 4153 inhonoratus
1406 4100 1476 4154 ibi
1517 4099 1792 4156 insideret.
1821 4099 1951 4154 Nam
1979 4101 2030 4154 id

434 4190 496 4235 tu
540 4198 752 4255 quoque
798 4187 978 4242 dicere
1013 4191 1332 4257 [rmvertisti
1364 4207 1377 4244 :
1410 4194 1569 4259 Atque
1612 4191 1708 4247 nos
1745 4192 1857 4261 ipso
1898 4202 2029 4247 tem-

434 4291 580 4344 pore,
605 4293 705 4346 quo
728 4279 915 4333 multas
951 4280 1052 4349 ipsi
1093 4297 1206 4337 oves
1232 4294 1280 4336 et
1318 4284 1505 4337 multos
1549 4283 1696 4338 boves
1737 4285 2030 4338 immolabat

435 4364 728 4437 Imperator
754 4370 982 4441 (Libanii
1010 4372 1178 4445 verba)
1204 4392 1217 4428 :
1252 4384 1311 4428 ut
1334 4376 1510 4446 palam
1541 4376 1607 4430 sit
1634 4376 1985 4446 undeqnaqne
2010 4417 2025 4441 ,

432 4457 611 4527 ipsum
652 4471 899 4518 coactum
940 4464 1247 4534 maioreque
1270 4466 1321 4519 ri
1360 4467 1573 4536 pulsum
1604 4466 1860 4536 Daphnen
1901 4468 2029 4523 reli-

433 4550 639 4619 quisse.
669 4553 935 4608 POtutsset
955 4556 1171 4626 quidem
1207 4557 1433 4630 Bahylas
1473 4559 1553 4613 vel
1582 4570 1832 4614 manente
1858 4568 2029 4614 statua

429 4641 610 4710 ipsum
640 4646 760 4701 loco
788 4648 1024 4717 pellere;
1057 4658 1112 4703 at
1140 4667 1236 4706 vos
1267 4668 1372 4706 non
1415 4652 1810 4717 creditlissctis,
1844 4669 2031 4724 quem-

432 4733 722 4790 admodum
764 4754 937 4809 neque
978 4742 1142 4806 olim,
1188 4759 1308 4797 cum
1358 4745 1426 4798 ab
1466 4759 1532 4800 eo
1564 4746 1773 4800 vinctus
1802 4744 2025 4811 luisset,

431 4841 638 4897 vosque
684 4831 898 4886 assiduo
960 4835 1104 4888 cultu
1151 4835 1443 4891 instaretis.
1494 4837 1850 4905 Quamobrem
1906 4853 2029 4894 cum

432 4918 581 4986 prius
605 4920 952 4978 simulacrum
990 4936 1135 4982 stare
1176 4930 1542 4995 permisisset,
1573 4939 1697 4987 tunc
1726 4930 1853 4985 illud
1880 4931 2030 5001 deie-

432 5013 550 5079 rit,
601 5029 723 5069 cum
782 5019 1012 5075 maxime
1063 5019 1275 5076 ﬂamma
1329 5024 1617 5094 impietatis
1675 5036 2029 5097 exsurgeret,

432 5105 728 5162 ostendens
767 5109 1024 5166 victorem
1075 5123 1183 5166 tum
1216 5114 1429 5170 vincere
1457 5125 1740 5185 oportere,
1774 5131 1879 5175 non
1910 5130 2031 5172 eum

433 5196 617 5252 afﬂicti
643 5214 706 5255 ac
727 5200 990 5270 depressi,
1017 5203 1112 5259 sed
1140 5220 1261 5261 cum
1285 5204 1539 5263 flerentes
1566 5219 1724 5277 atque
1749 5208 1873 5263 elati
1906 5217 2033 5262 sunt

434 5289 748 5347 adversarii.
780 5292 890 5348 Cur
919 5296 1083 5359 enim,
1114 5312 1235 5351 cum
1267 5298 1521 5368 Daphnen
1553 5306 2029 5369 transportaretur,

435 5376 748 5451 imperatori
775 5399 836 5441 se
858 5387 1196 5442 transferenti
1226 5404 1337 5444 non
1367 5389 1667 5458 mandavit,
1690 5398 1748 5445 ut
1774 5390 2030 5461 templum

434 5471 675 5530 dirueret
709 5490 773 5531 ac
798 5486 1030 5532 statuam
1079 5479 1434 5547 transferret,
1468 5489 1528 5536 ut
1555 5496 1769 5553 capsam
1802 5479 2005 5538 transfe

433 5564 624 5619 rebat?
649 5564 783 5636 Quia
811 5569 1060 5625 nimirum
1098 5570 1228 5626 nihil
1277 5572 1346 5626 ab
1374 5571 1461 5628 illa
1496 5572 1788 5630 ltedebatnr
1811 5613 1825 5638 ,
1857 5584 2031 5642 neque

432 5657 637 5711 carnali
662 5659 851 5730 egebat
877 5661 1113 5727 auxilio;
1146 5662 1240 5718 scd
1266 5671 1321 5718 ct
1351 5673 1475 5721 tunc
1510 5674 1566 5720 et
1606 5678 1749 5719 nunc
1788 5663 1903 5720 sine
1933 5662 2032 5717 hn-

434 5762 589 5802 tuana
624 5767 782 5806 manu
812 5750 1025 5822 deiecit.
1054 5754 1120 5809 Et
1149 5755 1371 5825 primam
1394 5756 1612 5826 quidem
1639 5755 1728 5811 ille
1756 5743 2029 5810 rion-riam

435 5852 537 5894 non
588 5843 875 5899 declararit
919 5846 1112 5913 nobis;
1155 5846 1246 5902 sed
1275 5862 1396 5903 cum
1442 5848 1516 5903 illi
1551 5863 1615 5904 os
1641 5846 2026 5914 οὺθίτιικὶεκιο

1214 408 1305 464 DE
1342 408 1400 465 S.
1444 406 1741 474 BABYLA,
1780 403 2053 463 CONTRA
2095 403 2435 461 JULIANUM
2476 403 2566 459 ET
2609 402 2969 460 GENTILES.

3616 406 3724 463 ιῖῦὲ

2132 513 2353 584 quierit.
2384 512 2698 585 Huiusmodi
2729 524 2855 570 sunt
2896 514 3065 570 sancti
3101 533 3115 570 :
3148 529 3211 571 ea
3253 516 3426 571 solum
3447 557 3463 582 ,
3493 532 3612 586 qua:
3661 519 3724 573 ad

2133 604 2408 660 hominum
2432 606 2660 662 salutem
2688 612 2951 675 spectant,
2980 606 3167 676 perlici
3193 607 3399 674 volunt,
3424 623 3523 664 nec
3547 619 3725 663 tamen

2133 696 2314 751 multis
2340 696 2455 753 lucc
2481 710 2577 752 sua
2600 711 2721 752 esse
2745 711 2908 768 opera
2942 697 3224 762 declarari,
3255 699 3355 753 nisi
3388 708 3611 770 urgente
3635 715 3728 754 ne-

2130 788 2408 853 cessitate;
2438 788 2812 844 necessitatem
2844 802 3005 858 porro
3029 804 3166 843 voco
3194 789 3579 845 servandorum
3624 791 3722 845 ho-

2133 881 2335 935 minum
2363 880 2589 936 salutem
2618 898 2633 940 :
2663 880 2805 952 qund
2835 889 2892 936 ct
2931 893 3057 936 tunc
3096 882 3291 937 factum
3328 891 3433 939 est.
3462 881 3726 950 Quoniam

2132 973 2274 1026 enim
2305 971 2509 1026 fraudis
2533 973 2671 1027 mala
2701 971 2858 1026 latius
2882 973 3199 1043 serpebant,
3231 982 3358 1029 tunc
3383 973 3600 1030 demum
3628 989 3724 1029 no-

2133 1061 2215 1116 bis
2254 1061 2476 1115 victoria
2503 1061 2776 1116 revelatur
2801 1078 2816 1114 :
2849 1071 2904 1117 et
2930 1063 3144 1133 quidem
3175 1079 3280 1118 non
3309 1079 3338 1118 a
3364 1063 3566 1119 victore
3588 1105 3604 1130 ,
3630 1065 3723 1117 sed

2130 1154 2200 1207 ab
2223 1152 2339 1223 ipso
2363 1153 2523 1208 victo.
2555 1154 2668 1208 Hoc
2707 1163 2889 1210 autem
2917 1154 3080 1210 modo
3109 1154 3474 1211 testimonium
3503 1168 3573 1211 ne
3598 1156 3725 1225 ipsis

2130 1249 2345 1320 quidem
2376 1247 2619 1304 hostibus
2658 1258 2963 1319 suspectum
3005 1258 3295 1315 erat,cum
3340 1259 3560 1305 sanctus
3596 1249 3686 1304 ille
3709 1291 3725 1313 ,

2132 1341 2213 1395 vel
2245 1350 2467 1412 urgente
2490 1340 2811 1396 necessitate
2834 1382 2850 1409 ,
2880 1356 2999 1413 qua:
3021 1341 3091 1397 ad
3113 1356 3172 1397 se
3192 1342 3504 1412 spectabant
3526 1342 3725 1412 prmdi-

2130 1447 2256 1488 care
2284 1440 2571 1488 renueret:
2603 1442 2658 1489 at
2684 1449 2815 1489 vero
2840 1449 2964 1489 cum
2991 1450 3059 1490 ne
3085 1435 3163 1490 sic
3187 1435 3403 1506 quidem
3431 1450 3584 1492 error
3611 1450 3728 1491 ces-

2130 1533 2308 1589 saret,
2335 1521 2429 1578 sed
2461 1538 2648 1580 rursus
2678 1525 2941 1579 instarent
2970 1525 3067 1592 illi,
3097 1526 3179 1581 vel
3219 1526 3362 1581 saxis
3401 1526 3530 1598 ipsis
3555 1527 3727 1599 stupi-

2129 1615 2308 1671 diores
2327 1657 2343 1680 ,
2374 1614 2643 1670 devictum
2672 1615 2973 1671 diemonem
3021 1616 3401 1686 implorantes,
3430 1624 3486 1671 et
3526 1614 3592 1670 ad
3620 1625 3725 1671 tam

2130 1717 2370 1778 apertam
2393 1709 2672 1763 veritatem
2713 1709 3089 1774 caecutientes,
3131 1718 3255 1764 tunc
3284 1722 3507 1765 necesse
3534 1706 3631 1763 fuit
3673 1708 3726 1762 in

2132 1810 2357 1855 statuam
2383 1800 2561 1870 ignem
2583 1800 2831 1869 iaculari,
2860 1798 3300 1855 uthocinceudio
3325 1800 3572 1866 alterum,
3603 1798 3723 1853 ido-

2132 1892 2357 1947 lolalt‘im
2380 1907 2593 1964 t'tempe,
2623 1892 2929 1948 incendium
2958 1893 3410 1964 cxstingueretur.

2202 1986 2289 2040 l9.
2317 1985 2429 2041 Cur
2455 2001 2584 2054 ergo
2610 1986 2911 2041 daemonem
2938 1986 3243 2041 criminaris
3280 1986 3486 2052 dicens,
3522 1984 3599 2041 De
3624 2001 3730 2040 me-

2131 2077 2215 2131 dio
2239 2077 2380 2132 cultu
2428 2086 2476 2130 te
2506 2077 2839 2133 subtraxistt'?
2865 2076 2979 2132 Non
3015 2077 3185 2133 libens
3211 2092 3269 2133 se
3311 2078 3596 2145 Subtraxit,
3637 2079 3729 2132 secl

2132 2171 2327 2225 invitus
2352 2181 2408 2225 et
2433 2177 2669 2234 coactus,
2699 2169 2903 2239 eiectus
2928 2179 2979 2223 et
3009 2169 3191 2239 pulsus
3217 2177 3319 2234 est,
3345 2184 3466 2223 cum
3498 2169 3730 2224 maxime

2131 2279 2370 2329 manere,
2402 2261 2591 2318 nidore
2634 2272 2688 2317 ct
2732 2263 3008 2317 sneriﬁciis
3051 2262 3426 2329 allicientihus,
3455 2263 3728 2318 voluisset.

2133 2357 2208 2411 Ac
2236 2356 2281 2411 si
2312 2356 2455 2411 enim
2487 2355 2553 2410 ad
2583 2354 2686 2409 hoc
2716 2355 3005 2424 imperaret
3033 2354 3331 2424 Imperator
3358 2355 3468 2422 ille,
3500 2363 3560 2411 ut
3585 2355 3731 2411 orbis

2134 2464 2327 2520 pecora
2351 2448 2530 2504 omnia
2572 2448 2916 2512 absumeret,
2945 2446 3022 2501 sic
3052 2446 3253 2501 affatim
3301 2460 3431 2502 oves
3460 2455 3514 2502 ct
3568 2445 3733 2501 boves

2133 2540 2197 2595 ad
2230 2554 2353 2596 aras
2378 2538 2667 2605 mactabat,
2699 2552 2766 2594 eo
2786 2537 3010 2593 insaniae
3037 2551 3377 2609 progressus,
3402 2547 3461 2592 ut
3483 2537 3640 2592 multi
3667 2552 3730 2591 ex

2134 2634 2200 2688 iis
2244 2633 2333 2703 qui
2374 2632 2535 2686 etiam
2563 2646 2705 2685 nunc
2731 2629 2873 2700 apud
2904 2644 3000 2685 eos
3028 2628 3397 2700 philosophari
3438 2627 3689 2685 videntur
3714 2671 3730 2695 ,

2134 2740 2363 2796 coquum
2394 2725 2566 2795 ipsum
2584 2766 2600 2791 ,
2650 2724 2890 2779 carnium
2922 2736 3243 2792 cauponem,
3271 2729 3327 2777 et
3355 2720 3617 2776 similibus
3641 2736 3734 2771 vo-

2134 2816 2339 2871 cabulis
2366 2816 2718 2885 appellarent.
2742 2812 2902 2869 Certe
2930 2829 2960 2868 a
2988 2823 3095 2868 tam
3127 2813 3269 2866 lauta
3298 2826 3504 2877 mensa,
3524 2810 3733 2876 nidore,

2134 2908 2283 2963 fumo
2308 2948 2323 2972 ,
2350 2917 2406 2963 et
2445 2906 2719 2977 sanguinis
2748 2905 3077 2962 torrentibus
3103 2905 3275 2960 libens
3303 2920 3408 2960 non
3447 2892 3735 2974 aufugisset

2134 2999 2349 3054 dmmou
2374 3041 2390 3065 ,
2417 2997 2541 3069 qui,
2573 3006 2634 3053 ut
2654 3007 2709 3052 tu
2739 2997 2957 3053 dicebas
2980 3038 2994 3062 ,
3026 2996 3111 3050 his
3146 2995 3433 3052 destitutus
3456 3036 3469 3061 ,
3515 3005 3736 3066 propter

2137 3092 2382 3147 insanum
2410 3089 2610 3160 puella:
2636 3103 2875 3144 amorem
2904 3088 2978 3142 ibi
3005 3087 3279 3143 manebat.

2206 3181 2385 3237 Jovem
2404 3179 2675 3250 compellat
2700 3177 2948 3234 Libanius
2970 3193 2990 3242 ;
3015 3177 3221 3232 Libauii
3241 3176 3410 3233 verba.
3435 3206 3505 3218 —
3532 3174 3732 3232 Verum

2136 3274 2557 3344 higitttermissa
2589 3272 2851 3342 tantisper
2888 3272 3130 3326 oratione
3154 3311 3170 3337 ,
3203 3270 3462 3340 sOphistte
3500 3267 3735 3324 lamenta

2134 3369 2329 3422 iterum
2354 3365 2636 3422 audiamus
2656 3407 2671 3431 ,
2702 3364 2791 3435 qui
2816 3365 2983 3419 misso
3016 3363 3127 3433 iam
3156 3363 3437 3433 Apolline,
3470 3362 3609 3432 apud
3637 3360 3729 3415 Jo-

2132 3474 2252 3512 vem
2290 3456 2639 3528 conqueritur
2666 3456 2752 3510 his
2769 3455 2950 3510 verbis
2983 3472 2997 3509 :
3040 3452 3205 3520 Quale
3223 3495 3238 3517 ,
3264 3469 3295 3507 ο
3317 3451 3523 3524 Jupiter
3543 3493 3559 3519 ,
3598 3453 3736 3507 labo-

2132 3550 2295 3603 rantis
2341 3548 2500 3602 auimi
2558 3546 2901 3601 [ammentum
2951 3544 3301 3607 perdidimus!
3325 3558 3478 3610 quam
3520 3547 3736 3599 tumultu

2133 3656 2325 3694 vacuus
2365 3639 2610 3709 Daphnes
2650 3635 2825 3692 locus!
2864 3646 3054 3708 quanto
3100 3634 3263 3705 magis
3303 3649 3518 3688 uacuum
3561 3634 3732 3704 ipsum

2136 3731 2378 3803 templum
2399 3732 2420 3786 !
2441 3745 2542 3802 quo
2566 3730 2619 3784 in
2641 3729 2751 3785 loco
2771 3738 2955 3782 natura
2982 3743 3072 3781 ceu
3107 3736 3306 3796 portum
3327 3727 3381 3779 in
3418 3735 3570 3795 portu
3599 3729 3735 3795 fece-

2132 3833 2215 3877 rttt
2234 3865 2250 3890 ,
2279 3825 2526 3892 ﬂuctuum
2553 3828 2810 3890 expertem
2842 3827 3127 3888 utrumque,
3157 3816 3245 3870 sed
3268 3817 3541 3870 secundum
3567 3816 3735 3885 majo—

2131 3929 2240 3968 rem
2291 3909 2706 3982 tranquillitatem
2744 3905 3058 3975 aﬁ'ereutem.
3095 3906 3223 3974 Quis
3267 3904 3337 3959 ibi
3375 3905 3605 3958 morbum
3634 3920 3736 3957 non

2135 4002 2545 4077 deposuit?quis
2590 4017 2691 4056 non
2738 3998 2976 4054 metum!
3014 3998 3127 4068 quis
3182 4012 3283 4052 non
3338 3995 3575 4051 luctum?
3623 3997 3735 4067 quis

2136 4100 2423 4167 fortunatas
2476 4092 2675 4147 insulas
2734 4090 3036 4146 desideravit
3076 4091 3102 4144 ?
3148 4088 3319 4158 Quale
3373 4088 3734 4143 laxamentum

2137 4187 2488 4258 perdidimus,
2515 4200 2550 4240 o
2581 4184 2806 4240 sceleste
2824 4183 2850 4237 τ
2872 4181 3145 4253 quomodo
3184 4182 3415 4237 tumultu
3445 4180 3615 4252 magis
3636 4195 3734 4232 va-

2135 4296 2292 4336 cuum
2332 4278 2621 4348 templum,
2664 4275 2933 4347 quomodo
2976 4283 3165 4345 portus
3204 4272 3457 4331 ﬂuctuum
3502 4287 3733 4341 expers,

2134 4370 2225 4426 ubi
2286 4369 2469 4433 tibiae,
2529 4379 2813 4438 tympana,
2873 4366 3147 4436 crapulm,
3204 4366 3625 4421 comessationes
3680 4373 3737 4416 et

2136 4462 2464 4519 ebrietates?
2491 4461 2621 4529 Quis
2667 4477 2767 4514 non
2809 4461 2880 4515 ibi
2927 4459 3155 4514 morbum
3201 4458 3434 4526 deposuit
3462 4497 3477 4520 ,
3524 4456 3737 4527 inquit?

2134 4552 2250 4610 lmo
2292 4556 2413 4625 quis
2455 4554 2725 4610 cultorum
2773 4563 2984 4607 tuorum
3039 4565 3144 4606 non
3194 4550 3266 4605 ibi
3305 4548 3552 4605 morbum
3598 4562 3731 4604 con-

2135 4648 2318 4711 traxit,
2347 4645 2557 4702 etiamsi
2590 4645 2736 4713 prius
2764 4644 2903 4698 bene
2933 4643 3154 4704 valeret,
3186 4640 3458 4708 morbum,
3490 4640 3731 4709 inquam,

2132 4740 2377 4795 omnium
2422 4735 2847 4807 gravissimum?
2876 4733 3118 4803 Numqui
3160 4733 3460 4787 daemonem
3510 4731 3733 4797 adorat,

2133 4840 2189 4886 et
2228 4830 2475 4901 Daphnes
2500 4827 2733 4883 fabulam
2764 4827 2932 4894 audit,
2961 4837 3272 4897 tantamque
3299 4825 3560 4881 daemonis
3589 4826 3733 4881 lusa-

2134 4922 2278 4979 niam
2306 4921 2484 4989 ridet,
2510 4929 2571 4976 ut
2593 4920 2680 4975 vel
2705 4920 2956 4990 absorpta
2996 4920 3164 4974 atnica
3202 4917 3376 4972 adhuc
3405 4920 3522 4973 loco
3551 4926 3606 4972 ct
3641 4930 3734 4969 ar-

2132 5016 2253 5073 bori
2300 5014 2560 5079 insideat,
2587 5023 2840 5085 quantam
2882 5012 3010 5067 hinc
3055 5011 3277 5067 insania:
3322 5010 3590 5066 ﬂammam
3624 5023 3731 5062 non

2135 5108 2449 5179 concipiat?
2473 5114 2725 5179 quantam
2764 5114 3143 5176 tempestatem
3166 5148 3181 5171 ,
3231 5116 3487 5175 quantum
3535 5102 3734 5156 tumul-

2135 5210 2249 5261 tum
2274 5243 2288 5267 ,
2313 5208 2571 5273 quantum
2614 5197 2862 5254 merbum
2883 5239 2898 5264 ,
2927 5205 3181 5266 quantam
3230 5192 3684 5266 perturbationem
3710 5192 3734 5243 ?

2136 5293 2267 5349 Idne
2308 5304 2470 5347 vocas
2506 5289 2670 5346 animi
2710 5289 3095 5351 laxamentum,
3123 5296 3177 5343 et
3221 5295 3429 5355 portum
3477 5282 3733 5337 ﬂuctuum

2136 5381 2451 5454 expertem?
2480 5381 2606 5437 idne
2650 5378 2822 5436 morbi
2868 5378 3150 5436 levamen?
3194 5374 3413 5445 Ecquid
3452 5374 3642 5427 mirum
3690 5391 3733 5427 sl

2137 5474 2406 5532 contraria
2436 5472 2722 5529 contrariis
2753 5471 3041 5544 apponat?
3089 5468 3219 5525 Nam
3259 5466 3349 5536 qui
3395 5465 3575 5521 lurore
3616 5479 3735 5520 eor.

2136 5566 2273 5641 repti
2309 5576 2452 5637 sunt,
2473 5568 2681 5625 nullius
2708 5567 2790 5623 rei
2822 5574 3064 5620 naturam
3090 5563 3164 5617 uti
3195 5575 3253 5617 se
3286 5561 3446 5616 habet
3471 5559 3732 5620 sentiunt,

2136 5661 2229 5717 Sed
2270 5661 2568 5717 contrarios
2603 5658 2679 5714 rei
2711 5656 2920 5712 veritati
2965 5652 3204 5709 calculos
3234 5661 3458 5723 ponunt.
3492 5642 3737 5722 Olympia

2137 5751 2522 5822 siqttia'eurmon
2561 5751 2836 5804 adtnodmn
2872 5745 3101 5817 procul:
3131 5761 3318 5801 rursus
3364 5744 3505 5800 enim
3547 5744 3612 5797 ad
3658 5743 3735 5795 la-

2139 5854 2376 5899 mentum
2425 5850 2694 5908 revertar,
2754 5849 2810 5894 ut
2878 5837 3459 5908 ostcnd:nn,qu:mtam
3513 5833 3737 5905 gentiles
