4032 6502
386 403 499 460 {-63

390 531 581 572 omnes
622 524 749 571 tunc
799 516 982 572 urbem
1035 517 1331 572 incolentes
1382 517 1591 586 plagam
1637 517 1984 585 acceperint;

393 609 676 679 palamque
720 608 909 666 faciam
958 609 1340 678 Imperatorem
1386 623 1491 663 non
1529 608 1581 663 id
1624 623 1778 678 :t-quo
1806 610 1987 664 animo

396 700 653 763 laturum,
680 698 777 752 sed
808 708 975 753 totum
1018 698 1251 753 furorem
1293 700 1344 751 itt
1375 698 1624 769 martyris
1651 714 1829 754 arcam
1857 699 1990 754 cffu-

393 805 578 843 snrutn
629 787 825 854 fuisse,
859 789 960 842 nisi
1005 804 1127 843 cum
1175 788 1348 857 major
1394 797 1569 843 metus
1618 787 1990 843 cohibuisset?

396 878 535 944 Quid
562 879 724 950 igitur
744 880 860 933 ait?
889 879 1128 950 Olympia
1157 896 1256 933 non
1294 878 1571 933 admodum
1602 880 1783 950 procul
1811 896 1831 935 :
1861 882 1988 934 cele-

396 972 551 1026 britas
581 972 724 1026 urbes
750 973 1038 1026 convocabit
1059 988 1080 1035 ,'
1105 973 1184 1025 Ine
1210 973 1404 1026 venient
1431 974 1574 1027 boves
1600 982 1801 1043 agentes
1829 973 1992 1041 Apol-

396 1063 488 1116 lini
534 1063 919 1129 sacri/icundos.
963 1062 1101 1129 Quid
1139 1062 1382 1131 faciemus
1408 1062 1434 1115 ?
1461 1079 1560 1131 quo
1608 1078 1700 1116 nos
1739 1062 1992 1115 subduce-

398 1155 550 1209 mus?
570 1156 684 1225 quis
713 1154 921 1208 deorum
948 1154 1091 1207 nobis
1130 1163 1316 1207 terram
1342 1153 1597 1207 dehiscere
1617 1152 1811 1224 jubebit
1831 1154 1857 1207 .9
1883 1153 1994 1224 quis

399 1262 586 1314 prceco,
614 1262 724 1314 qute
749 1247 867 1299 tuba
894 1261 994 1299 non
1024 1245 1273 1316 lacrymas
1299 1246 1543 1315 exprimet
1559 1244 1585 1298 ?
1609 1246 1721 1315 quis
1754 1244 1997 1315 Olympia

400 1340 584 1405 festum
611 1337 802 1391 vacabit
825 1378 839 1404 ,
862 1338 999 1407 quod
1026 1338 1284 1406 proximus
1310 1353 1457 1390 casus
1486 1338 1678 1390 luctum
1705 1335 1945 1390 invexerit
1971 1335 1996 1388 Ρ

401 1428 483 1480 Da
510 1429 634 1482 mihi
660 1446 835 1482 arcum
865 1429 1164 1496 corneum‘,
1194 1429 1354 1499 inquit
1391 1427 1653 1498 tragoedia.
1690 1426 1801 1499 Ego
1828 1437 1996 1482 autem

401 1522 542 1587 dico,
567 1530 614 1575 et
640 1522 862 1576 vaticinii
891 1520 1126 1576 nonnihil
1151 1563 1166 1588 ,
1198 1529 1252 1574 ut
1280 1520 1371 1574 illo
1409 1521 1637 1590 capiam,
1667 1520 1761 1574 hoc
1801 1520 1996 1590 sagittis

397 1614 636 1683 impetum
660 1613 918 1683 (facinoris
966 1622 1244 1667 auctorem.
1289 1610 1333 1666 0
1382 1612 1593 1681 impiam
1635 1611 1942 1665 audaciam!
1967 1628 1997 1664 ο

399 1704 659 1772 impuram
684 1704 952 1758 animam!
978 1721 1008 1758 ο
1036 1704 1355 1757 temerariam
1383 1719 1591 1757 manum
1616 1703 1639 1757 .'
1666 1701 1845 1773 Tityus
1870 1703 1999 1757 alter

400 1796 483 1850 hic
511 1804 584 1850 est
605 1837 620 1860 ,
654 1788 736 1850 vel
767 1794 894 1850 Idas
930 1794 1120 1866 Lyncei
1152 1796 1347 1865 frater;
1375 1813 1476 1850 non
1519 1812 1734 1866 magnus
1775 1806 1829 1849 ut
1873 1796 1995 1862 ille,

400 1903 505 1939 non
520 1889 782 1957 jaculator
809 1896 864 1940 ut
892 1888 1003 1954 hic,
1034 1887 1121 1940 sed
1146 1888 1200 1940 in
1227 1903 1381 1939 unum
1407 1887 1613 1942 edoctus
1637 1928 1652 1952 ,
1682 1896 1859 1941 contra
1882 1888 1999 1941 deos

400 1979 644 2033 insanire.
697 1979 839 2034 Aloei
885 1981 1019 2047 ﬁlios
1071 1980 1168 2033 diis
1216 1980 1428 2033 insidias
1474 1988 1667 2034 struere
1715 1981 1995 2050 cogitantes

403 2078 566 2121 morte
611 2069 828 2135 sedasti,
876 2067 1096 2138 Apollo;
1126 2069 1241 2122 huic
1278 2085 1393 2122 vero
1420 2070 1588 2139 ignem
1619 2070 1797 2137 procul
1821 2069 2000 2138 ferenti

403 2177 508 2214 non
534 2162 750 2215 occurrit
777 2163 960 2232 sagitta
998 2162 1051 2215 in
1088 2178 1176 2215 cor
1207 2162 1365 2232 ipsius
1388 2162 1636 2217 involans.
1672 2162 1717 2216 0
1736 2162 1999 2217 dexteram

406 2252 653 2321 furiosam
674 2255 697 2308 l
720 2271 748 2308 ο
779 2255 1007 2325 iniquum
1035 2254 1241 2325 ignem!
1268 2270 1484 2323 quonam
1515 2255 1735 2325 primum
1776 2255 2002 2309 incidit?

401 2345 538 2414 quod
578 2345 997 2400 maliexordium
1019 2347 1045 2400 ξ)
1069 2362 1189 2399 num
1217 2363 1249 2399 a
1282 2356 1408 2400 tecto
1447 2363 1658 2401 exorsus
1695 2348 1763 2401 ad
1807 2348 2001 2418 reliqua

404 2436 645 2506 processit
672 2437 698 2490 Ρ
722 2437 791 2490 ad
832 2445 983 2506 caput
1019 2437 1151 2490 illud
1170 2478 1184 2500 ,
1214 2438 1283 2490 ad
1306 2437 1519 2506 faciem,
1546 2438 1614 2491 ad
1642 2438 1869 2507 phialam
1890 2480 1904 2504 ,
1933 2441 2001 2492 ad

401 2530 635 2593 cidarim,
657 2531 725 2583 ad
750 2532 959 2585 talarem
988 2542 1168 2586 vestem
1191 2532 1215 2587 ?
1240 2530 1520 2600 Vulcanus,
1544 2533 1674 2603 ignis
1700 2533 1997 2601 penuarius,

404 2637 505 2674 non
534 2621 869 2675 comminatus
911 2632 983 2675 est
1024 2622 1132 2692 igni
1171 2624 1422 2693 grassanti
1442 2665 1455 2687 ,
1485 2640 1599 2677 cum
1622 2624 1839 2693 gratiam
1867 2626 2000 2693 refe-

404 2710 617 2766 rendam
645 2713 848 2766 haberet
878 2714 970 2767 deo
1009 2715 1070 2767 ob
1095 2714 1188 2768 sibi
1228 2719 1404 2769 datum
1433 2714 1556 2769 olim
1592 2715 1856 2769 indicium.
1895 2714 2002 2769 Sed

407 2818 563 2871 neque
586 2800 792 2871 Jupiter
817 2803 1053 2857 imbrium
1078 2805 1365 2859 moderator
1385 2822 1567 2875 aquam
1591 2806 1753 2859 emisit
1779 2806 1831 2859 in
1850 2806 2004 2876 ﬂam-

406 2909 563 2955 mant,
581 2895 667 2964 qui
689 2904 854 2949 tanten
876 2894 1139 2965 Lydorum
1162 2898 1268 2968 regi
1288 2898 1587 2968 periclitanti
1606 2914 1786 2968 pyram
1814 2901 2004 2952 exstin-

408 2985 560 3039 zrerit.
595 2984 733 3050 Quid
757 2987 976 3057 primum
1000 2987 1069 3040 ad
1093 2988 1239 3042 illum
1269 2989 1431 3052 dixit,
1456 2990 1543 3059 qui
1571 2990 1756 3067 bellum
1795 3005 1998 3061 aggres-

411 3094 498 3132 sus
523 3079 640 3132 est?
664 3079 919 3132 undenam
963 3079 1056 3134 illa
1100 3081 1403 3149 conﬁdentia
1419 3081 1446 3135 ?
1469 3082 1721 3151 quomodo
1761 3082 2003 3153 impetum

405 3170 663 3223 servavit?
691 3186 781 3224 cur
810 3171 1066 3225 decretum
1099 3188 1248 3225 suum
1276 3189 1375 3225 non
1394 3173 1573 3239 solvit,
1604 3172 1687 3225 dei
1716 3172 2003 3242 pulchritu-

411 3260 579 3314 dinem
604 3261 840 3315 reveritus
866 3262 893 3315 ?
920 3261 1209 3333 Quousque
1246 3264 1410 3318 miser
1435 3274 1490 3319 et
1536 3263 1720 3319 infelix
1748 3280 1864 3321 rem
1893 3281 2002 3321 non

408 3352 691 3423 intelliges,
722 3355 812 3424 qui
834 3354 969 3410 dicis
997 3355 1113 3411 hinc
1133 3354 1380 3411 humana:
1405 3371 1540 3426 opus
1566 3371 1759 3414 manus
1783 3374 1924 3423 esse,
1948 3368 2004 3415 et

408 3458 511 3498 ceu
560 3444 868 3516 lymphatus
916 3455 1090 3503 tecum
1139 3447 1255 3517 ipse
1303 3463 1508 3519 pugnas
1555 3457 1610 3505 et
1657 3449 2003 3520 digladiaris?

408 3535 540 3590 Nam
570 3538 614 3591 si
643 3538 928 3594 Persarum
956 3555 1176 3610 regem,
1217 3549 1422 3595 tantum
1467 3541 1751 3597 ducentem
1793 3542 2001 3598 exerci-

411 3639 522 3683 tum
546 3670 560 3697 ,
594 3631 682 3700 qui
730 3630 918 3687 urbem
961 3640 1208 3709 ceperat,
1248 3643 1553 3705 caateraque
1588 3635 1766 3690 omnia
1807 3637 2005 3705 templa

410 3729 694 3790 exusserat
711 3763 726 3787 ,
767 3721 934 3777 facetn
960 3723 1207 3777 manibus
1233 3724 1470 3793 gerebat,
1484 3732 1540 3779 et
1557 3724 1778 3794 jamjam
1809 3727 2006 3795 templo

409 3810 723 3866 admoturus
771 3821 917 3878 erat,
950 3811 1164 3867 daemon
1212 3814 1610 3879 mutavityhoc
1657 3816 1799 3870 enim
1853 3816 2004 3870 initio

414 3900 604 3954 nantia:
650 3909 753 3955 tua:
805 3900 994 3971 lugens
1014 3900 1237 3957 dicebas
1270 3920 1283 3955 :
1316 3901 1594 3957 Persarum
1619 3920 1815 3975 regem,
1848 3921 2004 3961 unum

412 4006 476 4045 ex
499 3990 774 4060 majoribus
801 3992 931 4061 ejus,
957 3993 1040 4061 qui
1064 3991 1320 4047 nobiscum
1346 3993 1537 4047 bellum
1563 3997 1709 4065 gerit,
1743 4012 1857 4049 cum
1887 4013 2007 4066 pro-

414 4083 603 4137 ditione
630 4082 797 4137 urbem
828 4084 1037 4154 cepisset
1069 4094 1117 4139 et
1155 4085 1474 4153 incendisset,
1513 4085 1761 4159 Daphnen
1783 4089 2007 4158 idipsum

408 4179 663 4245 facturum
705 4187 1055 4249 praperantem
1074 4217 1090 4244 ,
1130 4180 1340 4232 mutavit
1385 4179 1540 4246 deus,
1573 4189 1628 4235 ut
1665 4180 1858 4251 objecta
1898 4183 2009 4252 face

412 4268 701 4337 Apollinem
728 4270 963 4323 adoraret
994 4286 1012 4325 :
1040 4271 1168 4329 adeo
1205 4272 1350 4326 illum
1386 4281 1655 4342 conspectu
1682 4274 2006 4329 suoemolli-

412 4359 482 4413 vit
508 4368 659 4430 atque
686 4361 966 4426 convertit;
994 4362 1104 4431 ille,
1136 4363 1372 4433 inquam,
1395 4363 1628 4431 daemon,
1656 4366 1745 4436 qui
1769 4364 2007 4421 furorem

414 4451 752 4507 barbaricum
781 4463 836 4509 et
864 4462 1064 4509 tantum
1114 4456 1409 4511 exercitum
1439 4470 1723 4527 superare,
1759 4467 1813 4512 ut
1857 4457 2006 4512 dice-

410 4545 530 4610 bas,
559 4552 612 4599 et
639 4552 839 4600 tantum
865 4552 989 4600 tunc
1016 4546 1308 4616 periculum
1335 4545 1566 4618 effugere
1594 4549 1784 4619 potuit,
1812 4549 1922 4619 qui,
1953 4556 2011 4606 ut

412 4637 621 4705 adjicis,
654 4637 871 4693 Aloidas
896 4637 997 4693 diis
1025 4639 1244 4695 insidias
1264 4649 1532 4696 struentes
1560 4648 1735 4698 morte
1763 4642 2005 4700 sedavit:

414 4729 715 4795 quomodo,
744 4745 945 4799 quaeso,
966 4732 1012 4787 is
1031 4734 1120 4802 qui
1143 4734 1497 4805 tanta‘potuit,
1515 4733 1646 4789 nihil
1666 4735 1840 4791 simile
1869 4751 2010 4793 nunc

412 4818 637 4873 effecit?
666 4822 822 4890 Atqui
852 4822 898 4876 si
927 4822 1060 4878 nihil
1085 4824 1246 4890 aliud,
1266 4834 1412 4880 certe
1453 4825 1786 4882 sacerdotem
1815 4824 2010 4896 injuste

410 4908 727 4975 laceratum,
759 4912 1017 4980 producto
1045 4914 1297 4970 facinoris
1320 4925 1559 4981 auctore,
1585 4917 1828 4972 miserari
1850 4932 2010 4988 oporo

413 5001 605 5057 tuit.Et
619 5002 665 5056 si
681 5001 892 5071 quidem
913 5004 1141 5061 incendii
1162 5006 1712 5077 temporeetl'ugitille,
1730 5009 2011 5079 atquando

412 5093 577 5149 miser
595 5093 682 5148 ille
704 5108 996 5164 suspensus
1012 5096 1174 5152 latera
1201 5097 1829 5170 perfoderetur,cumque
1849 5114 2007 5170 roga-

420 5195 507 5247 tus
550 5186 797 5242 facinoris
824 5195 1094 5242 auctorem
1124 5188 1419 5255 declarare,
1450 5204 1555 5245 non
1590 5189 1813 5248 haberet
1850 5205 2008 5261 quem

418 5277 741 5344 nominaret,
768 5286 893 5332 tunc
922 5287 1066 5333 certe
1091 5279 1281 5335 sistere
1298 5278 1656 5336 facinorosum
1681 5280 2006 5351 producere-

417 5384 522 5437 que
551 5366 819 5439 oportuit,
853 5370 939 5426 vel
967 5370 1156 5426 saltem
1183 5372 1451 5439 iudicare,
1481 5373 1526 5427 si
1566 5373 1861 5442 producere
1898 5386 2007 5428 non

420 5469 648 5529 poterat.
676 5462 831 5519 Nunc
856 5478 984 5519 vero
1009 5463 1228 5534 negligit
1251 5464 1490 5535 ingratus
1526 5465 1829 5521 ministrum
1854 5479 2008 5520 suum

423 5551 617 5619 injuste
647 5552 963 5610 lattcittatum
995 5555 1246 5621 intuitus,
1271 5555 1487 5627 negligit
1514 5557 1685 5628 ipsum
1716 5556 2009 5626 Imperato-

424 5657 537 5696 rem
572 5650 648 5695 tot
669 5644 896 5721 victimis
923 5649 1088 5702 risum
1118 5648 1216 5702 sibi
1249 5658 1545 5717 parantem.
1585 5647 1859 5718 Siquidem
1885 5662 2007 5704 eum

456 5776 891 5852 "igigtttmspod:
908 5784 969 5852 et
995 5776 1143 5852 savii.
1186 5781 1234 5829 in
1257 5783 1495 5852 margine.
1524 5784 1609 5830 Alit
1635 5782 1773 5840 editi,
1800 5795 1944 5833 arcus
1964 5787 2013 5835 ct

427 5842 707 5884 cita'mrem.
733 5842 803 5887 Sic
828 5842 975 5888 etiam
997 5842 1047 5888 in
1068 5844 1138 5900 8.,
1159 5854 1267 5903 quae
1285 5842 1429 5895 leciio
1448 5845 1624 5894 absona
1648 5852 1741 5893 est.

1168 400 1226 456 S.
1268 397 1546 458 JOANNIS
1570 398 2044 457 CllRYSOSTOMl
2083 399 2401 457 ARClllEP.
2440 398 2977 457 CONSTANTINOP.

3615 396 3721 452 365

2099 531 2196 571 ceu
2228 515 2483 571 furiosum
2524 525 2581 571 et
2627 525 2808 572 mente
2854 522 3064 584 captum
3108 526 3299 566 omnes
3346 510 3725 579 deridehant,

2098 623 2219 662 cum
2249 609 2380 662 iram
2427 622 2578 662 suain
2621 622 2674 662 tn
2723 607 2977 661 miserum
3016 603 3165 658 illum
3201 602 3551 658 efl‘ttnderet.
3578 603 3725 673 Quo-

2100 698 2256 753 modo
2284 707 2460 753 autem
2491 698 2536 751 is
2578 697 2668 767 qui
2696 695 3039 766 Imperatoris
3078 694 3250 749 adhuc
3277 694 3487 764 procul
3516 698 3729 766 agentis

2099 789 2386 843 adventum
2420 787 2746 857 praedicebat
2771 788 2789 855 (
2817 802 2938 842 nam
2980 794 3035 841 et
3064 785 3192 840 illud
3228 786 3503 855 superius
3536 786 3729 856 lugens

2098 879 2315 934 dicebas
2335 878 2378 948 ),
2411 893 2533 933 eum
2562 878 2652 948 qui
2681 878 2921 947 proxime
2942 877 3119 933 stabat
3140 892 3307 948 seque
3354 877 3729 933 comburebat

2101 987 2207 1026 non
2253 971 2417 1024 vidit?
2443 971 2773 1040 Quamquam
2817 978 2872 1024 et
2912 969 3059 1023 illum
3094 978 3264 1023 vatem
3322 983 3462 1024 esse
3502 969 3725 1033 dicitis,

2099 1063 2337 1131 aliasque
2359 1063 2475 1115 aliis
2503 1061 2608 1116 diis
2627 1062 2820 1116 vestris
2838 1101 2852 1125 ,
2880 1069 3153 1132 tamquam
3178 1060 3514 1116 hominibus
3535 1101 3552 1129 ,
3585 1072 3729 1118 artes

2100 1155 2422 1225 assignatis:
2458 1154 2534 1208 illi
2579 1153 2900 1208 vaticinandi
2947 1153 3250 1208 facultatem
3297 1153 3724 1223 adscripsistis,

2102 1261 2201 1300 nec
2232 1256 2406 1300 tamen
2435 1261 2557 1301 cum
2595 1255 2769 1301 tecum
2799 1253 2969 1300 artem
2998 1260 3151 1300 suam
3176 1246 3608 1301 communicare
3637 1261 3723 1301 ro-

2100 1353 2214 1408 gas.
2247 1338 2527 1405 Quomodo
2555 1335 2796 1408 proprias
2840 1352 2946 1393 non
2972 1339 3124 1393 novit
3154 1339 3511 1394 calamitates
3535 1380 3551 1405 ,
3585 1342 3725 1409 quod

2103 1444 2172 1484 ne
2217 1431 2298 1483 vir
2339 1429 2554 1499 quidem
2596 1429 2915 1498 ignoraret?
2943 1429 3136 1483 Annon
3179 1429 3421 1484 fortasse
3469 1429 3728 1483 dormivit

2104 1537 2224 1576 cum
2268 1523 2405 1592 ignis
2445 1520 2873 1577 accenderetur?
2905 1522 2976 1575 At
3003 1536 3110 1575 non
3143 1521 3214 1575 ita
3258 1537 3469 1577 sensus
3498 1535 3723 1593 exspcrs

2093 1624 2218 1678 .est,
2242 1626 2300 1670 ut
2326 1614 2538 1670 admota
2568 1614 2782 1669 flamma
2811 1628 2918 1668 non
2963 1613 3143 1667 statim
3182 1621 3373 1685 surgat
3396 1654 3413 1679 ,
3448 1624 3505 1669 et
3536 1612 3725 1667 admo-

2107 1716 2320 1760 ventem
2342 1705 2782 1776 comprehendat.
2814 1703 2951 1759 Vere
2981 1702 3147 1759 ὦ·ωεὶ
3183 1721 3389 1775 semper
3419 1708 3599 1775 pueri,
3643 1720 3721 1757 se-

2105 1813 2202 1850 nex
2231 1795 2435 1851 Caecus
2480 1812 2623 1849 nemo
2650 1793 2749 1866 (a).
2781 1793 2913 1849 Cum
2941 1794 3083 1849 enim
3113 1796 3396 1865 propriam
3429 1794 3723 1864 deplorare

2104 1887 2382 1941 stultitiam
2425 1895 2728 1956 oporteret,
2755 1886 2898 1956 quod
2944 1886 3072 1955 ipsis
3110 1885 3272 1940 etiam
3300 1886 3482 1940 rebus
3523 1885 3725 1940 dmmo-

2106 1994 2234 2033 num
2266 1978 2526 2034 fallaciam
2554 1978 2994 2043 inclamantibus,
3026 1991 3199 2048 neque
3222 1978 3299 2033 sic
3326 1978 3599 2044 resilitis,
3630 1976 3723 2031 sed

2108 2086 2203 2125 vos
2233 2071 2286 2125 in
2317 2070 2607 2140 perniciem
2629 2070 2907 2135 dedentes,
2942 2079 3282 2139 vestramque
3307 2069 3624 2139 prodentes
3647 2083 3722 2122 sa-

2107 2161 2292 2228 lutem,
2322 2164 2489 2215 instar
2515 2160 2777 2232 pecudum
2802 2159 3162 2231 agiminquuo
3187 2160 3262 2214 illi
3284 2160 3502 2216 ducere
3531 2159 3718 2222 velint,

2106 2254 2197 2323 qtti
2224 2253 2473 2308 sedentes
2511 2262 2809 2307 statuarum
2836 2250 3057 2307 exitium
3103 2252 3317 2323 lugetis.
3353 2252 3444 2306 Tu
3476 2265 3610 2308 vero
3638 2266 3719 2305 ar-

2106 2363 2227 2402 cum
2270 2346 2507 2416 flagitas,
2538 2346 2776 2416 nihilque
2810 2340 2994 2401 differs
3032 2344 3101 2399 ab
3126 2360 3213 2410 eo,
3244 2345 3333 2414 qui
3366 2345 3495 2399 hmc
3526 2344 3581 2398 in
3610 2351 3716 2398 tra-

2105 2437 2280 2507 gtedia
2312 2436 2562 2506 loquitur.
2595 2436 2713 2504 Quo
2739 2446 2894 2507 pacto
2936 2436 3081 2491 enim
3110 2435 3163 2491 id
3193 2451 3298 2490 non
3343 2434 3512 2490 furor
3553 2434 3719 2489 mani-

2108 2530 2276 2582 festus
2318 2527 2476 2581 fuerit
2520 2530 2589 2583 de
2627 2528 2791 2583 armis
2817 2527 3078 2596 ejusmodi
3119 2527 3319 2597 aliquid
3346 2534 3713 2596 exspectare,

2107 2635 2226 2689 qua:
2264 2634 2335 2674 ne
2371 2618 2664 2689 possidenti
2711 2618 2924 2689 quidem
2964 2632 3024 2673 se
3053 2633 3208 2687 opem
3238 2618 3458 2673 tulere?
3489 2616 3644 2685 Quod
3673 2617 3715 2669 si

2108 2718 2166 2764 tu
2211 2710 2305 2765 tibi
2333 2709 2592 2779 majorem
2627 2718 2684 2764 et
2712 2718 2884 2763 artem
2910 2720 2966 2765 et
2993 2709 3379 2778 experientiam
3423 2708 3611 2764 inesse
3637 2706 3717 2760 di-

2106 2817 2219 2869 cas,
2250 2818 2408 2873 quam
2438 2802 2670 2857 daemoni
2695 2844 2709 2868 ,
2737 2803 2910 2873 ipsum
2938 2811 3085 2857 certe
3123 2801 3302 2856 colere
3345 2817 3464 2857 non
3495 2809 3715 2869 oporte-

2108 2893 2231 2961 bat,
2262 2903 2443 2963 utpotc
2470 2895 2853 2959 imperitiorem
2882 2903 2936 2950 et
2975 2894 3322 2949 infirmiorem
3343 2935 3358 2960 ,
3399 2895 3489 2950 vel
3518 2894 3573 2948 in
3601 2894 3714 2962 qui-

2106 2986 2209 3042 bus
2264 2987 2412 3041 illum
2460 2988 2769 3059 praecellere
2819 2986 3015 3042 dicitis.
3066 2986 3219 3054 Quod
3280 2987 3326 3042 si
3375 2989 3590 3058 primas
3642 2986 3713 3040 illi

2108 3078 2394 3144 concedis,
2423 3077 2537 3133 sive
2557 3072 2781 3148 jaculat‘i
2817 3079 2931 3134 sive
2954 3079 3233 3134 vaticinari
3254 3087 3546 3148 oporteat,
3575 3094 3710 3149 quo-

2109 3170 2272 3225 modo
2291 3172 2423 3225 artis
2471 3171 2644 3225 solum
2692 3180 2843 3240 parte
2887 3170 3180 3240 prmditns,
3214 3171 3303 3226 illa
3353 3181 3411 3227 te
3457 3183 3712 3242 pratstare

2106 3276 2267 3332 posse
2312 3262 2539 3331 putasti,
2584 3277 2704 3332 quae
2748 3279 2854 3317 nun
2898 3263 3070 3331 potuit
3112 3263 3158 3316 is
3200 3263 3292 3333 qui
3343 3272 3517 3317 totam
3569 3269 3711 3316 tenet

2108 3364 2280 3408 artem
2310 3353 2334 3407 Ἰ

2178 3444 2270 3501 20.
2310 3444 2437 3500 Πιεο
2482 3443 2703 3501 ridicula
2725 3486 2741 3511 ,
2774 3443 2890 3501 haec
2918 3460 3073 3516 nugae
3123 3456 3284 3513 sunt;
3334 3461 3539 3518 neque.
3568 3443 3703 3500 enim

2109 3538 2201 3593 ille
2231 3538 2552 3594 vaticinandi
2591 3547 2762 3593 artem
2813 3541 3117 3608 quampiam
3162 3538 3383 3605 habuit,
3438 3552 3616 3608 neque
3661 3534 3704 3588 si
3752 3520 3759 3539 “

2112 3629 2413 3696 habuisset,
2462 3629 2608 3683 illam
2634 3644 2892 3685 exercere
2935 3630 3210 3699 potuisset.
3242 3630 3358 3685 Non
3401 3630 3557 3685 enim
3604 3627 3702 3689 vir,
3748 3674 3755 3685 ρ

2110 3735 2218 3773 non
2249 3719 2432 3789 utique
2457 3720 2572 3774 haec
2600 3727 2851 3788 operatus
2881 3728 2985 3785 est,
3015 3720 3109 3775 sed
3136 3718 3314 3774 divina
3343 3721 3551 3782 virtus;
3581 3731 3703 3771 cau-

2108 3824 2226 3864 sam
2246 3818 2424 3864 autem
2454 3820 2634 3879 postea
2664 3811 2921 3878 aperiam.
2949 3809 3168 3865 Interim
3191 3826 3320 3865 vero
3346 3825 3448 3879 par
3467 3818 3554 3865 est
3595 3805 3703 3863 edi-

2109 3916 2263 3956 scere
2280 3902 2429 3971 cujus
2449 3902 2528 3957 rei
2555 3916 2717 3957 causa
2743 3902 2934 3973 ingrati
2964 3903 3128 3958 animi
3159 3902 3454 3958 Vulcanum
3498 3904 3705 3955 accuset

2111 3990 2197 4045 his
2231 3992 2451 4048 verbis:
2508 3992 2768 4047 Vulcanus
2812 4004 3009 4061 autem,
3061 3994 3195 4065 ignis
3246 3994 3562 4062 pennarius,
3605 4002 3700 4041 ποτε

2110 4084 2444 4138 comminatus
2468 4094 2540 4139 est
2564 4085 2671 4155 igni
2688 4086 2941 4155 grassanti
2960 4126 2975 4152 ,
2998 4101 3111 4138 cum
3132 4085 3296 4155 gratia
3317 4084 3418 4155 ipsi
3443 4076 3700 4153 referenda

2112 4184 2240 4228 esset
2269 4176 2363 4229 deo
2392 4175 2454 4229 ob
2493 4175 2673 4229 datum
2697 4176 2818 4231 olim
2846 4175 3114 4230 indicium.
3145 4176 3276 4243 Qua:
3319 4174 3526 4245 gratia?
3562 4166 3696 4241 quod

2113 4265 2241 4320 olim
2269 4264 2564 4321 indicium?
2590 4281 2755 4336 quare
2783 4268 3035 4336 praeclara
3063 4267 3285 4322 deorum
3317 4276 3529 4320 tuorum
3558 4266 3696 4331 gesta

2113 4356 2384 4412 occultas?
2411 4356 2543 4412 Nam
2566 4356 2610 4412 si
2638 4356 2863 4427 gratiam
2891 4356 3156 4413 indicares
3175 4398 3189 4422 ,
3219 4356 3516 4413 Vulcanum
3539 4349 3698 4418 magis

2114 4448 2380 4519 ingratum
2403 4448 2732 4504 ostenderes.
2765 4447 2870 4504 Sed
2890 4447 3088 4503 rubore
3128 4464 3193 4502 ac
3233 4447 3435 4517 pudore
3473 4440 3698 4500 teneris:

2114 4538 2273 4609 igitur
2299 4554 2397 4595 nos
2432 4540 2597 4594 libere
2627 4554 2714 4594 res
2749 4546 2868 4592 tuas
2893 4540 3215 4607 aperiemus.
3248 4537 3505 4604 Quaenam
3548 4531 3700 4601 igitur

2115 4629 2203 4683 illa
2218 4630 2387 4701 gratia
2404 4630 2662 4687 iMartem
2685 4630 2810 4684 olim
2836 4628 3059 4684 Veneris
3078 4642 3262 4683 amore
3290 4637 3526 4697 captum,
3547 4632 3697 4690 atque

2118 4720 2445 4789 Vulcanum,
2476 4720 2566 4792 qui
2596 4721 2820 4775 maritus
2849 4719 2964 4789 ejus
3000 4727 3149 4787 erat,
3195 4727 3519 4773 metuentem
3538 4756 3553 4781 ,
3581 4724 3693 4765 cum

2116 4825 2239 4866 eum
2266 4811 2542 4867 absentem
2578 4812 2945 4877 observasset,
2977 4810 3044 4865 ad
3099 4825 3217 4866 eam
3261 4809 3551 4865 accessisse
3581 4815 3695 4856 nar-

2116 4912 2257 4958 rant.
2285 4904 2588 4975 Apollinem
2620 4918 2782 4969 vero,
2812 4918 2937 4958 cum
2976 4902 3098 4957 illos
3126 4916 3229 4956 una
3270 4899 3587 4955 commixtos
3623 4892 3695 4943 νί-

2115 4995 2312 5063 disset,
2362 4996 2595 5051 Vulcano
2642 4996 2969 5050 adulterium
3012 4995 3351 5049 renuntiasse
3391 5010 3405 5046 :
3453 4993 3593 5047 illum
3632 4998 3691 5037 eo

2115 5104 2238 5145 cum
2279 5089 2552 5157 venisset,
2584 5090 2771 5145 ambos
2818 5090 2872 5143 in
2897 5089 3037 5143 lecto
3091 5095 3334 5157 repertos
3383 5082 3607 5140 vinculis
3641 5083 3693 5129 ut

2117 5192 2244 5237 tunc
2277 5194 2429 5237 erant
2459 5182 2737 5252 colligasse
2756 5221 2770 5247 ,
2802 5189 2858 5234 ct
2897 5179 2965 5234 ad
2994 5189 3146 5249 turpe
3175 5177 3531 5248 spectaculum
3572 5170 3690 5226 deos

2116 5270 2392 5341 evocasse,
2414 5275 2649 5346 talesque
2668 5273 2740 5331 de
2758 5273 2870 5330 illis
2894 5272 3143 5328 adulterii
3181 5284 3367 5341 poenas
3389 5264 3686 5338 sumpsisse.

2117 5365 2263 5422 Talis
2292 5382 2421 5437 ergo
2460 5368 2645 5437 gratia:
2682 5365 2981 5421 debitorem
3016 5363 3341 5427 Vulcanum,
3385 5368 3616 5430 tempore
3641 5347 3685 5402 id

2118 5459 2441 5528 postulante,
2468 5460 2728 5527 ingratum
2759 5459 2812 5513 in
2834 5456 3107 5513 reddendo
3129 5454 3391 5511 beneficio
3421 5454 3576 5509 fuisse
3599 5445 3681 5498 ait.

2116 5550 2253 5619 Quid
2296 5552 2453 5622 igitur
2490 5549 2717 5620 Jupiter,
2758 5566 2790 5604 ο
2827 5551 2907 5604 vir
2936 5548 3138 5619 optime
3159 5547 3181 5600 ?
3206 5545 3340 5600 Nam
3370 5555 3424 5601 et
3448 5544 3589 5598 illum
3615 5535 3683 5588 iu-

2118 5642 2467 5697 humanitatis
2493 5656 2746 5708 accusas,
2802 5640 2908 5695 Sed
2951 5656 3108 5711 neque
3151 5636 3373 5709 Jupiter,
3430 5631 3681 5705 inquieuS.

2148 5780 2257 5843 .(a)
2289 5787 2399 5843 Haec
2421 5781 2571 5843 verba
2611 5779 2661 5828 in
2681 5778 2858 5828 Tier
2880 5776 3189 5843 proferuntur
3212 5773 3273 5825 ab
3303 5772 3519 5836 Egyptio
3539 5771 3680 5817 sicel“

2119 5841 2243 5895 dote
2258 5842 2481 5899 Solonem
2495 5841 2798 5905 adloquente.
