4032 6444
321 432 433 492 563

322 549 567 613 ἅπαντες
598 547 648 601 οἱ
692 547 814 601 τότε
843 545 941 618 τὴν
964 545 1116 600 πόλιν
1137 545 1413 610 οἰκοῦντες
1448 544 1710 617 Ἕλληνες
1742 549 1992 614 ἐδέξαντο

318 639 426 705 τῆν
456 634 693 706 πληγὴν,
745 635 839 688 καὶ
871 635 946 698 ὼς
991 634 1091 687 οὑκ
1125 634 1192 687 ἂν
1224 633 1424 687 τοῦτοι
1470 634 1659 704 πράως
1702 635 1932 705 ἤνεγκεν
1968 639 1997 690 ὁ

322 722 603 793 βασιλεὺς,
631 721 767 775 ἀλλά
799 721 976 773 πάντα
1003 719 1172 789 θυμὸν
1200 722 1281 782 είς
1311 720 1410 789 τὴν
1439 720 1535 773 τοῦ
1568 720 1845 792 μάρτυρος
1867 721 1999 792 λάρ-

319 824 467 862 νακα
499 808 709 877 ἀφῆκεν
742 806 830 872 ἄν,
853 809 901 860 εί
936 807 1009 877 μὴ
1050 806 1202 877 φόϐῳ
1222 807 1506 877 κατείχετο
1542 806 1770 877 μείζονι.
1811 807 1877 860 Τί
1903 804 1998 862 οὖν

319 911 521 965 φησιν;
552 895 844 965 Ὀλύμπια
857 892 974 963 μὲν
997 895 1069 947 οὐ
1090 894 1259 963 μάλα
1274 894 1471 963 πόρρω
1490 909 1504 925 ⁸
1532 895 1898 963 συγκαλέσει
1932 895 2001 948 δὲ

318 985 361 1051 ἡ
393 982 730 1052 πανήγυρις
759 981 868 1049 τὰς
912 984 1141 1048 πόλεις,
1171 984 1231 1035 αι
1278 980 1348 1034 δὲ
1391 981 1611 1048 ἥξουσι
1635 982 1787 1047 ,ϐοῦς
1819 982 1998 1052 ἄγου-

319 1086 432 1123 σαι
467 1068 548 1135 τῷ
593 1070 917 1123 Ἀπόλλωνι
962 1068 1204 1124 θυσίαν.
1239 1068 1300 1121 Τί
1323 1066 1658 1137 δράσομεν;
1694 1068 1802 1121 ποῖ
1823 1082 2001 1123 κατα-

316 1155 662 1226 δυσόμεθα;
690 1158 782 1223 τίς
814 1155 957 1225 ἡμῖν
980 1153 1132 1210 θεῶν
1155 1155 1474 1222 διαστήσει
1496 1155 1614 1222 τὴν
1642 1156 1795 1227 γῆν;
1828 1158 2000 1222 ποῖος

316 1242 540 1312 κῆρυξ,
590 1244 734 1297 ποία
791 1240 1064 1311 σάλπιγξ
1121 1244 1235 1311 οὺχ
1278 1241 1641 1308 ὑποκινήσει
1697 1241 1998 1310 δάκρυον;

317 1330 416 1394 τίς
457 1330 675 1399 ἑορτὴν
721 1329 845 1399 ἐρεῖ
869 1335 943 1384 τά
982 1330 1295 1398 Ὀλύμπια,
1326 1331 1434 1384 τοῦ
1481 1330 1788 1399 πτώματος
1820 1332 1997 1401 ἐγγύ-

317 1419 430 1469 θεν
442 1417 925 1485 ἑπεμϐάλλοντος
957 1415 1251 1484 όδυρμόν;
1282 1417 1395 1481 Δὸς
1426 1415 1575 1480 τόξα
1596 1434 1699 1486 μοι
1745 1422 1998 1486 κερουλ-

316 1504 421 1566 κὶι,
455 1503 693 1571 φησίνδ
714 1505 753 1573 ἡ
782 1502 1102 1572 τραγῳδία·
1133 1501 1247 1571 ἐγὼ
1273 1503 1342 1556 δὲ
1368 1502 1545 1572 λέγω,
1576 1503 1673 1557 καί
1699 1504 1998 1573 μαντικῆς

317 1608 373 1643 τι
395 1592 633 1660 μικρὸν,
659 1590 818 1657 ὅπως
841 1591 917 1660 τῇ
934 1592 1051 1661 μέν
1073 1591 1214 1655 ἕλω,
1246 1591 1320 1659 τῇ
1335 1591 1403 1644 δὲ
1431 1590 1698 1656 τοξεύσω
1733 1592 1839 1646 τὸν
1857 1592 1998 1661 δρά-

314 1700 538 1740 σαντα.
558 1684 618 1737 ’Ὠ
637 1685 861 1751 τόλμης
885 1682 1144 1748 ἀσεϐοῦς
1163 1687 1181 1740 !
1202 1680 1478 1751 (D‘ga'vxﬁc
1498 1681 1711 1751 μιαρᾶς
1738 1679 1759 1734 !
1784 1681 1830 1733 ὢ
1860 1684 1999 1750 θρα-

310 1771 495 1835 σείας
526 1770 725 1839 χειρός
756 1769 1006 1834 ίΤίτυός
1050 1786 1140 1834 τις
1180 1765 1358 1835 οὗτος
1407 1769 1626 1837 ἔτερος,
1679 1767 1718 1836 ἢ
1757 1769 1933 1835 Ἴδας,
1963 1772 1999 1824 δ

310 1859 587 1928 ἀδελφὸς
604 1858 899 1927 Λυγκέως,
919 1859 991 1912 οὐ
1011 1855 1201 1927 μέγας
1218 1856 1336 1926 μὲν
1357 1854 1561 1927 ὥσπερ
1584 1857 1833 1923 ἐκεῖνος,
1855 1856 1998 1911 οὐδὲ

312 1943 575 2012 τοξότης
607 1943 813 2012 ὥσπερ
850 1938 1054 2008 οὗτος,
1083 1943 1223 1997 ἀλλ’
1251 1942 1322 1997 ἐν
1348 1943 1524 1998 τοῦτο
1547 1942 1721 2010 εἰδὼς
1753 1943 1819 1997 τὸ
1847 1943 1999 1997 κατὰ

314 2028 477 2084 θεῶν
508 2028 658 2103 [569]
694 2030 1038 2099 μαίνεσθαι.
1096 2028 1250 2095 Τοὺς
1290 2028 1410 2098 μὲν
1468 2030 1722 2096 Ἀλωέως
1754 2030 1841 2084 ἔτι
1871 2030 1998 2083 δια-

310 2118 691 2186 νοουμένους
727 2116 833 2183 τὰς
864 2115 986 2170 τῶν
1025 2113 1177 2170 θεῶν
1217 2116 1545 2183 ἐπιϐουλὰς
1574 2116 1809 2179 θανάτῳ
1854 2132 2002 2169 κατ-

311 2202 616 2270 έπαυσας,
654 2206 987 2269 Ἄπολλον,
1057 2203 1250 2270 τούτῳ
1283 2202 1354 2255 δὲ
1401 2203 1707 2271 πόρρωθεν
1745 2202 1995 2272 φέροντι

312 2289 388 2343 τὸ
406 2289 526 2358 πῦρ
556 2292 667 2345 οὐκ
695 2290 1051 2357 ἀπήντησεν
1070 2289 1272 2355 ὀϊστὸς
1299 2288 1393 2342 ἐπ’
1415 2289 1610 2356 αὐτὴν
1629 2291 1953 2358 πετόμενος
1969 2299 1993 2328 ο

311 2375 437 2444 τὴν
471 2376 741 2445 καρδίαν.
773 2378 837 2430 Ὢ
865 2375 1069 2443 δεξιᾶς
1098 2375 1406 2446 τελχῖνοςί
1432 2375 1478 2428 ὢ
1514 2375 1705 2445 πυρὸς
1748 2376 1998 2431 ἀδίκου]

312 2463 440 2517 ποῦ
472 2479 616 2517 ποτε
653 2463 769 2532 ἄρα
816 2463 886 2517 τὸ
943 2463 1176 2532 πρῶτον
1227 2463 1411 2517 ἔπεσε
1423 2483 1446 2530 ,·
1476 2464 1533 2516 τι
1561 2463 1668 2518 τοῦ
1699 2463 1888 2517 κακοῦ
1929 2465 1998 2519 τὸ

310 2551 631 2620 προοίμιον
647 2570 674 2617 ,ο
705 2545 819 2620 ἆρα
856 2550 927 2617 ἐξ
949 2551 1175 2620 ὀροφῆς
1220 2550 1560 2620 ἀρξάμενον
1593 2550 1689 2604 ἐπὶ
1714 2549 1788 2604 τὰ
1839 2550 1997 2607 ἄλλα

312 2637 571 2704 προῦϐη,
600 2636 717 2705 τὴν
753 2636 1031 2706 κεφαλὴν
1087 2637 1349 2704 ἐκείνην,
1390 2635 1455 2689 τὸ
1501 2637 1847 2703 πρόσωπον,
1880 2636 1999 2705 τὴν

310 2721 569 2792 φιάλην,
596 2724 712 2791 τὴν
736 2723 987 2792 κίδαριν,
1003 2722 1110 2776 τόν
1132 2721 1362 2791 ποδήρη
1386 2722 1606 2792 χιτῶνα
1620 2740 1641 2788 ;
1676 2724 1998 2792 Ἥφαιστος

309 2807 408 2873 δέ,
431 2810 621 2877 πυρὸς
651 2812 886 2880 ταμίας,
927 2812 1039 2864 οὐκ
1092 2810 1398 2878 ἠπείλησε
1431 2808 1511 2875 τῷ
1538 2810 1681 2878 πυρί
1709 2815 1997 2880 λυμαινο-

305 2894 497 2965 μένῳ,
542 2895 659 2964 τὴν
705 2895 880 2965 χάριν
922 2898 1185 2966 ὀφείλων
1227 2897 1309 2963 τῷ
1361 2895 1474 2962 θεῷ
1502 2898 1854 2967 μηνύματος
1894 2900 1998 2968 ἀρ-

311 2982 495 3053 χαίου
515 2999 529 3014 ο
566 2983 704 3036 ἀλλ’
755 2982 898 3037 οὐδὲ
924 2987 956 3038 ό
983 2983 1156 3049 Ζεὺς,
1188 2983 1420 3054 ὄμϐρων
1445 2985 1625 3053 ἡνίας
1642 2984 1821 3052 ἔχων,
1838 2986 1996 3055 ὕδωρ

310 3066 557 3137 ἀφῆκεν
591 3068 693 3122 ἐπὶ
751 3069 867 3137 τὴν
913 3072 1131 3140 φλόγα,
1196 3071 1296 3125 καί
1347 3071 1535 3125 ταῦτα
1571 3071 1786 3125 Λυδῶν
1850 3090 1997 3129 ποτε

310 3156 568 3220 βασιλεῖ
612 3156 1073 3227 δυστυχήσαντι
1115 3158 1345 3225 σϐέσας
1380 3158 1601 3229 πυράν.
1655 3161 1715 3213 Τί
1762 3160 1997 3229 πρῶτον

311 3243 430 3311 ἆρα
478 3245 629 3313 πρὸς
661 3244 849 3300 αὐτὸν
896 3242 1065 3300 εἶπεν
1108 3250 1142 3300 ό
1196 3247 1305 3300 τὸν
1337 3248 1606 3316 πόλεμον
1651 3249 1992 3319 ἀράμενος;

310 3332 507 3386 πόθεν
526 3331 672 3385 ποτὲ
703 3331 771 3386 τὸ
793 3331 1053 3401 θάρσος;
1082 3331 1209 3399 πῶς
1233 3332 1303 3387 δὲ
1327 3334 1594 3402 ἐφύλαξε
1626 3336 1742 3405 τὴν
1772 3336 1994 3406 ὀρμήν;

310 3416 443 3485 πῶς
470 3418 538 3473 δὲ
568 3421 683 3474 οὐκ
718 3420 907 3475 ἔλυσε
946 3421 1011 3475 τὸ
1051 3420 1268 3491 δόγμα,
1298 3422 1406 3475 τοῦ
1456 3425 1606 3477 Θεοῦ
1658 3424 1725 3477 τὸ
1762 3423 1995 3492 κάλλος

307 3505 650 3574 αἱδεσθείςς
675 3508 855 3579 Μέχρι
887 3508 1031 3573 τίνος
1061 3509 1122 3562 οὑ
1147 3509 1480 3579 διαϐλέψεις,
1504 3510 1656 3564 ἄθλιε
1677 3513 1772 3565 καὶ
1803 3512 1993 3567 ταλαί-

308 3613 491 3666 πωρε,
519 3595 691 3652 ταῦτα
735 3596 1084 3669 ἀνθρωπίνης
1108 3593 1249 3653 εἶναι
1279 3599 1467 3667 λέγων.
1504 3601 1706 3674 χειρὸς,
1752 3604 1847 3657 καὶ
1880 3603 1991 3657 ὦσ-

308 3700 424 3754 περ
451 3685 501 3736 οἱ
544 3684 953 3756 παραπαίοντες
982 3685 1381 3754 ἐναντιολογῶν.
1406 3687 1500 3740 καὶ
1534 3688 1716 3760 σαυτῷ
1752 3691 1994 3763 μαχόμε-

306 3788 437 3837 νος;
459 3771 523 3824 Εἰ
550 3772 660 3842 γὰρ
683 3773 775 3826 τὸν
805 3773 1034 3846 Περσῶν
1068 3774 1315 3844 βασιλέα,
1351 3777 1445 3830 καὶ
1476 3777 1745 3849 τοσαύτην
1791 3780 1995 3848 ἄγοντα

308 3858 595 3927 στρατιὰν,
624 3860 719 3913 καὶ
742 3862 843 3933 τὴν
865 3860 1020 3914 πόλιν
1046 3861 1259 3926 ἑλόντα,
1283 3858 1378 3915 καὶ
1409 3862 1481 3916 τά
1502 3863 1665 3917 λοιπὰ
1691 3864 1802 3919 τῶν
1832 3867 1994 3938 ἱερῶν

306 3946 699 4017 ἐμπρήσαντα,
746 3949 843 4003 καὶ
874 3950 977 4019 τὴν
1024 3948 1160 4021 δᾷδα
1211 3950 1350 4021 μετά
1396 3954 1585 4022 χεῖρας
1639 3952 1852 4023 ἔχοντα,
1898 3957 1994 4009 καὶ

307 4035 609 4105 προσάγειν
632 4035 800 4107 αὑτὴν
821 4036 922 4107 ήδη
948 4036 1122 4109 τούτῳ
1154 4038 1413 4108 μέλλοντα
1440 4037 1519 4109 τῷ
1544 4039 1678 4110 ναῷ,
1700 4042 1993 4111 μετέϐαλεν

302 4121 337 4172 ὁ
366 4119 575 4191 δαίμων
599 4123 715 4192 (καὶ
742 4123 852 4194 γὰρ
872 4124 966 4177 καὶ
997 4121 1170 4177 ταῦτα
1194 4126 1251 4178 ἐν
1278 4126 1418 4196 ἀρχῇ
1442 4126 1545 4195 τῆς
1581 4128 1843 4198 μονῳδίας
1874 4128 1995 4183 ἔλε-

304 4224 408 4275 γες
440 4208 674 4280 θρηνῶν,
707 4209 880 4273 οὑτως
917 4211 1116 4264 εἰπών’
1157 4214 1272 4267 Τόν
1310 4230 1401 4267 τοι
1434 4213 1702 4277 ,ϐασιλέα
1745 4217 1994 4285 Περσῶν

303 4294 420 4349 τοῦ
459 4295 576 4350 νῦν
598 4298 815 4352 τούτου
841 4298 1251 4367 πολεμοῦντος
1272 4300 1592 4371 πρόγονον,
1610 4301 1905 4371 προδοσίᾳ
1924 4304 1992 4359 τὸ

305 4381 472 4436 ἄστυ
507 4385 771 4438 λαϐόντα
798 4386 896 4439 καί
924 4386 1339 4456 ἐμπρήσαντα,
1382 4386 1742 4457 χωρήσαντα
1755 4390 1853 4444 ἐπὶ
1884 4391 1992 4446 Δά-

304 4485 474 4538 φνην
496 4470 576 4536 ὡς
591 4471 659 4524 τὸ
675 4472 822 4526 αὐτὸ
849 4472 1172 4541 δράσοντα,
1189 4474 1521 4543 μετέϐαλεν
1535 4477 1568 4529 ὁ
1584 4474 1740 4541 θεὸς,
1759 4476 1860 4530 καὶ
1874 4477 1992 4547 τὴν

304 4552 463 4621 δᾷδα
469 4557 659 4626 ῥίψας
677 4560 1099 4627 προσεκύνησε
1112 4559 1192 4626 τῷ
1223 4561 1545 4615 Ἀπόλλωνι
1564 4577 1579 4590 ο
1604 4562 1790 4629 οὕτως
1802 4564 1991 4619 αὐτὸν

305 4643 679 4714 κατεπράϋνε
722 4662 787 4699 τε
843 4646 944 4700 καὶ
974 4646 1268 4714 διήλλαξε
1292 4647 1321 4688 ὃ
1347 4636 1607 4721 φανείς)-
1635 4654 1663 4707 ὁ
1696 4650 1761 4722 δὴ
1812 4651 1987 4723 θυμοῦ

306 4730 648 4803 βαρϐαρικοῦ
690 4734 784 4786 καὶ⁸
819 4734 1093 4806 τοσαύτης
1125 4737 1546 4808 περιγενόμενος
1600 4742 1880 4809 στρατιᾶς,
1911 4741 1988 4806 ὡς

301 4815 466 4887 ἔφης,
498 4822 593 4874 καὶ
614 4820 866 4892 δυνηθεὶς
903 4823 1026 4876 τότε
1067 4823 1159 4877 τὸν
1196 4823 1439 4877 κίνδυνον
1472 4808 1756 4894 διαφύγεῖν
1785 4827 1988 4898 (λέγεις

300 4902 365 4956 δὲ
393 4904 474 4958 ὅτι
502 4906 596 4960 καὶ
632 4907 761 4971 τοὺς
808 4909 1056 4973 Ἀλωέως
1089 4911 1284 4974 παῖδας
1309 4910 1722 4981 διανοουμένους
1748 4913 1848 4977 τὰς
1875 4914 1987 4968 τῶν

302 4992 446 5046 θεῶν
471 4994 765 5059 ἐπιϐουλὰς
794 4995 1009 5067 Θανάτῳ
1034 4997 1391 5068 κατέπαυσε),
1426 4997 1544 5060 πῶς
1575 4993 1667 5052 οῦν
1693 4999 1722 5051 ὁ
1748 4998 1985 5058 τοσαῦτα

300 5081 575 5150 δυνηθεὶς,
598 5084 754 5138 οὐδὲν
785 5085 1026 5141 τοιοῦτον
1055 5086 1356 5155 εἰργάσατο
1382 5086 1509 5152 νῦν;
1532 5088 1984 5160 Καίτοιείμηδὲν

298 5168 513 5239 ἕτερον,
537 5171 630 5224 τὸν
669 5172 803 5241 γοῦν
857 5173 1007 5246 ίερέα
1050 5174 1492 5244 σπαραττόμενον
1536 5174 1733 5239 ἀδίκως
1761 5177 1982 5248 ἐλεῆσαι

298 5258 495 5327 ἐχρῆν,
527 5260 762 5332 φανερὸν
801 5262 1229 5332 καταστήσαντα
1277 5261 1368 5315 τὸν
1413 5260 1717 5316 ἐπίϐουλον.
1776 5264 1886 5318 Καὶ
1932 5269 1982 5321 εί

298 5340 426 5393 τότε
455 5345 604 5414 παρά
628 5344 723 5397 τὸν
756 5345 1087 5418 ἐμπρησμὸν
1113 5345 1390 5415 διέφυγεν,
1425 5346 1515 5399 ὅτε
1555 5345 1685 5415 γοῦν
1702 5349 1730 5400 ό
1752 5348 1982 5415 δείλαιος

297 5428 512 5492 ἐκεῖνος
554 5432 901 5504 κρεμάμενος
941 5432 1269 5505 διωρύττετο
1314 5434 1413 5497 τὰς
1459 5433 1719 5504 πλευρὰς,
1755 5437 1848 5491 καὶ
1890 5439 1981 5494 τὸν

297 5516 678 5587 ἐργασάμενον
718 5520 1120 5594 ἀπαιτούμενος
1170 5524 1349 5577 εἰπεῖν
1403 5523 1503 5578 οὑκ
1532 5518 1668 5594 εἷχε,
1695 5524 1818 5578 τότε
1872 5543 1981 5580 πα-

367 5604 399 5634 ι
417 5606 513 5655 Alii
535 5608 592 5657 ἂν
609 5605 779 5658 ταῦτα.

367 5608 399 5634 ι
417 5608 513 5655 Alii
535 5608 592 5657 ἂν
609 5608 779 5658 ταῦτα.

365 5661 562 5739 [Unus
596 5671 753 5739 ξοδεχ
772 5674 830 5739 _et
853 5671 1003 5739 ngil.
1028 5668 1080 5721 in
1103 5685 1256 5735 marg.
1286 5674 1398 5739 τόξα
1419 5690 1499 5737 μοι
1537 5675 1791 5739 κερουλκά,
1833 5688 1978 5739 quam

294 5728 570 5798 lectiopem
608 5730 819 5798 Libypio
842 5733 975 5783 edito
998 5728 1280 5798 εοῃεοῃεῖη,
1307 5728 1505 5798 εῆεηύθ,
1534 5728 1630 5785 ull'a
1669 5728 1977 5788 haesitat-ioue

295 5791 601 5861 regepimgs.
628 5791 683 5841 1n
706 5794 957 5855 Chrysost.
987 5794 1108 5845 edit.
1134 5791 1347 5848 absurde
1379 5791 1641 5861 Iégcbalur
1659 5800 1769 5856 τόξα
1794 5815 1874 5861 μοι
1893 5801 1975 5849 καὶ

291 5852 503 5915 χοίνικα.
528 5852 659 5901 Εωτ.

368 5911 394 5981 ἢ
417 5913 500 5981 §ic
520 5925 692 5981 gmnps
716 5929 832 5963 mss.
861 5918 1032 5967 Morel
1058 5932 1175 5981 vero
1210 5920 1473 5981 φερόμενος.

364 5970 396 6012 ἀ
417 5973 501 6023 Sic
522 5975 666 6026 Sani].
692 5985 743 6027 el
770 5992 942 6031 omnes
961 5995 1074 6030 mss.
1091 5970 1404 6031 HoréL'véru
1430 5970 1655 6043 διήλεγξε.

1165 433 1256 489 DE
1296 433 1357 491 S.
1390 432 1687 499 BABYLA,
1732 429 2016 488 CONTRA
2062 428 2418 489 JULIANUM
2457 430 2547 489 ΕΤ
2573 429 2933 487 GENTILES.

3659 424 3763 481 564

2102 547 2365 619 ραστῆναι
2415 546 2584 616 ἐχρῆν
2635 544 2728 596 καὶ
2755 540 3005 595 ἐκδοῦναι
3034 539 3127 593 τόν
3159 538 3453 608 δράσαντα,
3477 538 3511 612 ἢ
3541 540 3636 594 καὶ
3660 559 3759 596 κα.

2098 634 2410 706 ταμηνῦσαι
2443 633 2623 703 μόνον,
2655 630 2709 683 εἴ
2748 646 2811 697 γε
2844 629 3089 682 ἐκδοῦναι
3133 628 3233 682 οὑκ
3281 629 3433 698 ίσχυε
3485 640 3544 669 θ’
3574 629 3669 683 νῦν
3706 630 3766 683 δέ

2099 726 2333 796 περιορᾷ
2366 723 2465 794 μὲν
2491 725 2519 776 ὁ
2548 721 2840 793 ἀχάριστος
2863 721 2957 773 καὶ
2986 719 3258 789 ἀγνώμων
3291 717 3382 770 τὸν
3409 717 3574 771 αὑτοῦ
3604 718 3766 789 θερα-

2099 812 2303 881 πευτὴν
2334 808 2790 879 καταξαινόμενον
2819 806 3048 875 ἀλόγως,
3082 807 3314 877 περιορᾷ
3343 806 3402 858 δὲ
3424 805 3521 859 τὸν
3543 805 3767 875 βασιλέα

2102 898 2241 969 μετά
2269 897 2537 960 τοσαύτας
2562 897 2752 958 θυσίας
2771 893 3245 964 καταγελώμενον.
3271 893 3380 946 Καὶ
3409 893 3517 963 γάρ
3540 894 3616 955 ὡς
3641 909 3768 963 μαι-

2098 986 2320 1057 νόμενον
2352 986 2448 1041 καὶ
2486 985 2868 1055 παραπαίοντα
2897 982 3098 1046 πάντες
3129 981 3331 1050 ἐγέλων
3362 980 3543 1044 αὑτὸν,
3578 982 3663 1034 ὅτε
3686 983 3769 1044 είς

2095 1070 2191 1128 τὸν
2236 1074 2419 1129 ἀθλιον
2472 1076 2678 1128 ἐκεῖνον
2712 1072 2862 1143 ἠφίει
2881 1072 2979 1143 τὴν
3005 1072 3194 1143 ὀργήν.
3229 1070 3355 1135 Πῶς
3396 1070 3453 1123 δὲ
3480 1073 3508 1124 ό
3535 1070 3629 1123 τοῦ
3670 1070 3768 1140 βασ-

2101 1161 2292 1225 σιλέως
2330 1162 2429 1232 τὴν
2473 1159 2775 1232 παρουσίαν
2797 1159 2877 1213 ἐτι
2911 1158 3129 1231 μακρὰν
3156 1158 3309 1221 ὄντος
3342 1157 3624 1229 προλέγων
3650 1160 3766 1223 (καὶ

2097 1250 2209 1324 γὰρ
2240 1250 2333 1304 καὶ
2361 1249 2521 1303 τοῦτο
2551 1248 2808 1321 ἀνωτέρω
2851 1248 3056 1302 τούτων
3095 1247 3387 1317 ἐθρήνεις),
3415 1246 3507 1300 τὸν
3540 1245 3764 1316 πλησίον

2099 1337 2313 1391 ἑστῶτα
2365 1336 2461 1390 καὶ
2509 1336 2874 1390 κατακαίοντα
2944 1334 3107 1390 αὑτὸν
3147 1335 3248 1388 οὑκ
3297 1331 3432 1399 εἶδες
3472 1334 3667 1388 Καίτοι
3700 1351 3765 1403 γε

2096 1426 2192 1479 καὶ
2251 1425 2509 1497 μαντικὸν
2553 1424 2713 1478 αὑτὸν
2766 1420 2905 1478 εἷναί
2935 1441 3093 1494 φατε,
3122 1424 3216 1477 καὶ
3247 1424 3427 1487 ἀλλοις
3454 1423 3620 1487 ἄλλας
3658 1423 3767 1476 διας

2096 1512 2354 1583 νέμοντες
2399 1512 2594 1583 τέχνας
2646 1512 2896 1583 καθάπερ
2943 1510 3266 1582 ἀνθρώποις
3304 1513 3417 1575 τοῖς
3479 1510 3766 1582 ὑμετέροις

2096 1599 2268 1664 θεοῖς,
2296 1600 2471 1671 τούτῳ
2515 1599 2612 1670 τὴν
2642 1596 2909 1670 μαντικὴν
2937 1600 3261 1670 ἀνεθήκατε,
3298 1600 3391 1652 καὶ
3426 1598 3548 1653 οὑδὲ
3596 1616 3765 1669 μετα-

2095 1687 2275 1741 δοῦναι
2296 1686 2459 1740 αὑτόν
2488 1703 2569 1739 σοι
2605 1688 2706 1757 τῆς
2735 1685 3138 1757 τέχνηςάξιοῖς.
3177 1685 3303 1750 Πῶς
3323 1682 3416 1739 οὖν
3440 1685 3540 1749 τὰς
3557 1686 3765 1749 οἰκείας

2095 1775 2195 1829 οὑκ
2244 1774 2733 1844 ἐγνωσυμφοράς;
2781 1773 2957 1827 καίτοι
3008 1773 3166 1828 τοῦτο
3198 1773 3308 1827 οὐδ’
3358 1773 3424 1827 ἂν
3474 1774 3643 1844 ἄνδρα
3681 1773 3799 1827 δισ-

2097 1862 2306 1917 έλαθεν.
2354 1860 2496 1915 Ἀλλ’
2526 1858 2635 1933 ἆρα
2661 1862 2734 1932 μὴ
2767 1860 3055 1914 ἐκάθευδεν
3095 1862 3405 1932 ἁπτομένου
3441 1860 3536 1914 τοῦ
3556 1861 3763 1932 πυρόεις

2108 1948 2248 2002 Ἀλλ’
2269 1949 2390 2002 οὐδὲ
2417 1947 2595 2013 οὓτως
2623 1948 2949 2020 ἀναίσθητός
2990 1948 3077 2012 τίς
3116 1951 3285 2013 ἐστιν,
3320 1947 3472 2021 [570]
3514 1947 3589 2012 ὡς
3614 1949 3766 2018 αὑτῷ

2093 2040 2194 2108 τῆς
2218 2036 2416 2107 φλογὸς
2440 2036 2895 2108 προσφερομένης
2926 2035 3000 2108 μὴ
3038 2037 3392 2106 διαναστῆναι
3423 2035 3644 2102 εὐθέως,
3669 2038 3765 2094 καὶ

2094 2125 2186 2179 τὸν
2213 2126 2559 2196 προσάγοντα
2588 2127 2899 2195 κατασχεῖν.
2938 2123 3180 2195 Ἀληθῶς
3207 2125 3501 2191 Ἕλληνες
3526 2123 3617 2178 ἀεὶ
3633 2124 3768 2176 παῖ-

2094 2213 2216 2281 δες,
2249 2214 2438 2284 τέρων
2467 2214 2536 2268 δὲ
2563 2216 2793 2284 Ἕλλην
2842 2214 3061 2280 οὐδείς.
3099 2214 3227 2267 Δέον
3279 2214 3387 2285 γὰρ
3428 2215 3528 2284 τὴν
3556 2215 3769 2267 οἰκείαν

2095 2303 2282 2357 ἄνοιαν
2309 2302 2549 2374 θρηνεῖν,
2588 2303 2670 2356 ὃτι
2710 2301 2819 2355 τῶν
2864 2301 3208 2375 πραγμάτων
3252 2300 3498 2372 βοώντων
3532 2303 3631 2372 τὴν
3656 2301 3766 2355 τῶν

2094 2390 2364 2461 δαιμόνων
2412 2392 2647 2460 ἀπάτην,
2687 2389 2809 2443 οὑδὲ
2846 2389 3020 2453 οὕτως
3072 2388 3395 2457 ἀφίστασθε,
3427 2389 3543 2442 ἀλλ’
3578 2388 3763 2442 ἐκδόν-

2093 2494 2186 2540 τες
2215 2478 2441 2540 ἑαυτοὺς
2467 2477 2548 2540 είς
2576 2476 2871 2541 ἀπώλειαν,
2904 2478 2998 2529 καὶ
3025 2475 3125 2547 τὴν
3148 2476 3419 2546 ὑμετέραν
3439 2476 3765 2546 ἀποδόμενοι

2096 2565 2393 2637 σωτηρίαν,
2437 2565 2637 2633 ἀγεσθε
2678 2565 2835 2636 δίκην
2885 2564 3241 2636 θρεμμάτων,
3268 2558 3411 2637 ᾗπερ
3443 2566 3509 2619 ἂν
3538 2565 3766 2625 κελεύω-

2097 2669 2179 2706 σιν
2210 2652 2460 2716 ἐπεσθαι,
2489 2654 2539 2707 οἳ
2579 2652 2820 2724 κάθησθε
2851 2653 3056 2719 ξοάνων
3109 2653 3433 2717 πενθοῦντες
3462 2652 3761 2711 ἀπώλειαν.

2095 2740 2167 2794 Σὺ
2190 2740 2249 2794 δέ
2283 2742 2376 2795 καὶ
2402 2740 2527 2805 τόξα
2551 2741 2829 2805 ἀπαιτεῖς,
2868 2740 3020 2793 οὐδὲν
3046 2741 3255 2794 ἐκείνου
3288 2742 3383 2794 τοῦ
3413 2741 3583 2795 ταῦτα
3615 2744 3673 2796 ἐν
3693 2746 3760 2814 τῇ

2093 2831 2372 2903 τραγῳδίᾳ
2391 2831 2642 2900 λέγοντος
2681 2831 3002 2901 διεστηκώς.
3034 2831 3161 2894 Πῶς
3181 2831 3290 2903 γὰρ
3321 2832 3382 2884 οὑ
3423 2833 3588 2902 μανία
3622 2833 3760 2905 πρό·

2092 2918 2249 2989 δηλος
2269 2918 2363 2971 καὶ
2388 2919 2563 2990 σαφὴς
2580 2919 2883 2990 προσδοκᾷν
2910 2937 2962 2971 τι
2984 2921 3094 2982 τοῖς
3123 2918 3308 2983 ὅπλοις
3326 2918 3536 2984 τούτοις
3554 2919 3761 2985 ἀνύειν,

2091 3006 2129 3061 ἃ.
2152 3007 2244 3059 τὸν
2280 3007 2617 3077 κεκτημένον
2642 3007 2796 3061 οὐδὲν
2819 3005 3061 3077 ὤνησεν;
3093 3007 3156 3058 El
3184 3008 3284 3078 μὲν
3314 3006 3423 3079 γὰρ
3453 3008 3612 3071 αὐτὸς
3647 3008 3764 3078 μεί-

2094 3093 2222 3159 ζονα
2258 3095 2354 3148 καὶ
2395 3096 2496 3165 τὴν
2528 3095 2723 3165 τέχνην
2748 3089 2848 3149 καὶ
2892 3096 2991 3166 τὴν
3019 3095 3316 3166 ἐμπειρίαν
3363 3095 3459 3150 τοῦ
3512 3097 3764 3167 δαίμονος

2091 3181 2237 3253 ἔχειν
2265 3183 2391 3254 φὴς,
2412 3182 2511 3235 οὑκ
2538 3183 2706 3254 ἐχρῆν
2743 3181 2906 3235 αὑτὸν
2949 3184 3114 3253 τιμᾷν
3147 3181 3517 3253 ἀμαθέστερόν
3545 3199 3604 3235 τε
3635 3183 3767 3237 ὄντα

2092 3271 2186 3324 καὶ
2217 3269 2625 3340 ἀσθενέστερον,
2655 3270 2712 3323 ἐν
2732 3266 2815 3334 οἷς
2840 3269 3001 3323 αὑτόν
3030 3287 3164 3340 φατε
3189 3270 3409 3324 πάντων
3433 3274 3671 3342 κρατεῖν.
3701 3273 3765 3324 El

2090 3357 2149 3410 δὲ
2171 3356 2280 3411 τῶν
2308 3356 2591 3425 πρωτείων
2621 3356 2814 3427 ἐκείνῳ
2845 3360 3212 3429 παραχωρεῖς,
3243 3358 3309 3411 ἀν
3334 3374 3393 3410 τε
3415 3358 3676 3424 τοξεύειν,
3698 3359 3769 3413 ἀν

2090 3463 2150 3499 τε
2194 3443 2553 3516 μαντεύεσθαι
2578 3443 2695 3515 δέῃ,
2727 3446 2845 3509 πῶς
2870 3447 2928 3498 ἐν
2948 3445 3026 3514 τῷ
3052 3446 3208 3516 μέρει
3236 3446 3338 3516 τῆς
3372 3446 3569 3517 τέχνης
3589 3448 3773 3501 ταῦτα⁴

2093 3532 2502 3604 προσεδόκησας
2525 3532 2765 3602 δράσειν,
2788 3532 2893 3586 ἀπε
2902 3549 2932 3603 ρ
2954 3534 2984 3585 ὁ
3002 3533 3101 3603 τὴν
3122 3532 3249 3604 ὅλην
3265 3532 3404 3604 ἔχων
3432 3535 3532 3587 οὑκ
3550 3534 3760 3605 ἴσχυσες

2163 3625 2235 3675 κ’.
2259 3618 2437 3682 Γέλως
2457 3618 2629 3671 ταῦτα
2655 3620 2752 3672 καὶ
2778 3617 2963 3689 λῆρος.
2982 3617 3120 3672 Οὔτε
3136 3621 3244 3692 γὰρ
3261 3619 3372 3690 εἶχέ
3392 3639 3446 3673 τι
3473 3622 3760 3693 μαντικῆς,

2089 3701 2215 3755 οὔτε
2231 3701 2334 3756 κᾶν
2356 3698 2502 3772 εῖχεν
2530 3702 2690 3771 ήνυεν
2705 3700 2792 3754 άν.
2820 3702 2894 3754 Οὑ
2922 3701 3030 3773 γάρ
3051 3704 3216 3765 ἐστιν,
3248 3706 3347 3756 οὑκ
3364 3703 3513 3757 ἐστιν
3541 3706 3569 3757 ὁ
3589 3704 3765 3759 ταῦτα

2090 3790 2465 3862 ἐργασάμενος
2504 3789 2665 3860 ἀνὴρ,
2694 3789 2832 3843 ἀλλά
2855 3789 2974 3843 θεία
2999 3806 3086 3854 τις
3126 3790 3374 3862 δύναμις.
3406 3794 3515 3846 Καὶ
3552 3793 3652 3865 τὴν
3675 3796 3762 3847 αί-

2090 3879 2211 3973 ¹Ξίαν
2245 3878 2304 3973 ἢ
2347 3877 2485 3948 μετά
2516 3877 2698 3961 ταῦτα
2740 3876 2883 3973 ἐρεῖν
2914 3877 3052 3973 τέως
3090 3879 3150 3932 δὲ
3200 3879 3349 3945 ἀξιον
3403 3883 3595 3952 μαθεῖν
3621 3884 3767 3952 ὑπὲρ

2089 3958 2165 4022 ὧν
2201 3956 2594 4036 ἀγῖωμοσύνην
2626 3964 2850 4033 ἐγκαλεῖ
2875 3964 2955 4036 τῷ
2994 3966 3296 4039 Ἡφαίστῳ,
3325 3969 3523 4023 οὑτωσί
3547 3987 3664 4034 πως
3677 3970 3766 4023 λέ-

2091 4070 2232 4123 γων’
2262 4053 2588 4121 Ἥφαιστος
2632 4052 2721 4116 δὲ,
2769 4052 2960 4120 πυρὸς
3008 4056 3254 4124 ταμίας,
3305 4058 3417 4113 οὐκ
3462 4057 3765 4126 ἠπείλησε

2091 4141 2171 4207 τῷ
2201 4142 2347 4210 πυρὶ
2382 4144 2820 4212 λυμαινομένῳ,
2855 4142 2972 4211 τὴν
3018 4144 3196 4213 χάριν
3228 4146 3489 4215 ὀφείλων
3540 4148 3620 4214 τῷ
3651 4148 3765 4213 θεῷ

2085 4230 2436 4299 μηνύματος
2467 4230 2741 4298 ἀρχαίου.
2787 4230 2967 4284 Ποίαν
2989 4233 3177 4309 χάριν;
3228 4234 3383 4287 ποίου
3446 4236 3765 4306 μηνύματος

2091 4319 2346 4390 ἀρχαίου,
2378 4318 2526 4384 είπέ;
2557 4317 2646 4373 διὰ
2672 4319 2726 4371 τί
2754 4319 3018 4391 κρύπτεις
3052 4338 3146 4374 σου
3176 4323 3245 4375 τὰ
3284 4325 3456 4392 σεμνά
3493 4325 3602 4378 τῶν
3623 4326 3770 4379 θεῶν

2091 4404 2524 4478 κατορθώματα;
2580 4407 2644 4460 Εἰ
2698 4406 2809 4479 γὰρ
2844 4409 2940 4462 καὶ
2998 4409 3098 4479 τὴν
3136 4409 3294 4481 χάριν
3327 4406 3477 4475 εἶπες
3514 4412 3531 4450 ί
3569 4413 3760 4485 αὑκτὴν,

2093 4493 2294 4565 μᾶλλον
2336 4492 2404 4548 ἂν
2441 4493 2738 4564 ἀγνώμονα
2785 4494 2891 4548 τὸν,
2908 4497 3209 4565 Ἥφαιστον
3237 4497 3465 4562 ἔδειξας.
3511 4500 3763 4555 Ἀλλάί-

2090 4582 2261 4656 σχύνῃ
2284 4583 2379 4637 καὶ
2400 4583 2676 4655 ἐρυθριᾷς·
2690 4583 2884 4636 οὐκοῦν
2911 4585 3069 4655 ἡμεῖς
3099 4585 3237 4653 μετά
3262 4587 3581 4657 παρρησίας
3605 4590 3763 4660 ἐροῦ-

2091 4688 2191 4741 μεν
2215 4671 2287 4724 τά
2313 4671 2399 4725 σά.
2419 4672 2517 4735 Τίς
2530 4667 2624 4725 οὖν
2644 4673 2902 4743 ήτχάρις;
2934 4672 3268 4743 Ἐρασθέντα
3298 4675 3427 4727 ποτέ
3459 4676 3552 4729 τὸν
3580 4679 3760 4749 ’Ἄρην

2087 4759 2186 4829 τῆς
2228 4758 2568 4830 Ἀφροδίτης,
2595 4760 2691 4814 καὶ
2731 4761 2824 4813 τὸν
2867 4759 3178 4828 ’Ἥφαιστον
3209 4761 3402 4834 (ἄνδρα
3436 4764 3547 4836 γὰρ
3588 4767 3761 4837 αὐτῆς

2086 4842 2246 4917 εἶναι)
2274 4846 2572 4917 δεδοικότα,
2602 4850 2703 4920 τὴν
2736 4849 3005 4902 ἀπουσίαν
3033 4851 3453 4922 ἐπιτηρήσαντα
3484 4856 3589 4925 τὴν
3616 4856 3761 4908 ἐκεί-

2086 4952 2202 4999 νου,
2228 4936 2365 5005 πρὸς
2410 4936 2579 5009 αὑτὴν
2621 4936 2886 4991 εἰσελθεῖν
2928 4954 3088 5005 φασι.
3124 4938 3229 4991 Τὸν
3263 4940 3321 4993 δὲ
3357 4940 3603 4994 Ἀπόλλω
3632 4941 3759 4995 θεα-

2088 5025 2320 5094 σάμενον
2377 5025 2743 5096 μιγνυμένους
2818 5026 3017 5089 αὐτοὺς
3040 5066 3057 5092 ,
3107 5025 3412 5082 ἀπελθόντα
3469 5028 3607 5099 πρὸς
3665 5029 3759 5081 τὸν

2088 5113 2392 5182 Ἥφαιστον
2439 5115 2540 5185 τὴν
2575 5112 2823 5184 μοιχείαν
2856 5116 3165 5169 κατειπεῖν·
3206 5115 3430 5170 ἐλθόντα
3458 5116 3517 5169 δὲ
3545 5118 3757 5171 ἐκείνον

2085 5204 2181 5256 καὶ
2211 5202 2554 5274 ἀμφοτέρους
2594 5203 2687 5256 ἐπὶ
2730 5203 2830 5273 τῆς
2852 5202 3041 5272 κλίνης
3077 5204 3329 5277 εὑρόντα,
3362 5202 3539 5274 δεσμά
3569 5205 3759 5268 αὐτοῖς

2083 5289 2263 5354 οὕτως
2286 5291 2363 5354 ὡς
2394 5286 2540 5361 εἶχον
2568 5289 2955 5361 περιϐαλόντα,
2984 5292 3213 5345 καλέσαι
3237 5309 3296 5346 τε
3318 5292 3446 5354 τοὺς
3473 5290 3631 5355 θεοὺς
3662 5294 3758 5347 ἐπὶ

2082 5377 2182 5450 τὴν
2212 5379 2502 5449 ἀσχήμονα
2537 5378 2793 5452 θεωρίαν,
2828 5380 2923 5434 καὶ
2973 5380 3176 5450 ταύτην
3220 5380 3321 5450 τῆς
3353 5380 3602 5449 μοιχείας
3648 5382 3760 5434 εἰσ-

2082 5464 2398 5537 πράξασθαι
2427 5465 2588 5537 δίκην
2636 5465 2854 5529 αὐτούς.
2882 5467 3099 5537 Ταύτης
3122 5462 3216 5520 οὖν
3248 5467 3348 5538 τῆς
3373 5468 3598 5539 χάριτος
3612 5471 3758 5539 όφει⁹

2080 5552 2244 5623 λέτην
2274 5553 2405 5608 ὅντα
2439 5554 2532 5607 τὸν
2564 5552 2894 5624 Ἥφαιστον,
2924 5552 3119 5625 καιροῦ
3140 5554 3465 5621 καλοῦντος,
3501 5558 3757 5629 ἀγνωμο-

2080 5642 2243 5713 νῆσαι
2283 5642 2413 5714 περὶ
2441 5642 2542 5715 τὴν
2580 5641 2852 5696 ἁντίδοσίν
2888 5659 3042 5711 φησι.
3084 5641 3151 5695 Τί
3193 5638 3288 5698 οῦν
3334 5643 3431 5699 καὶ
3467 5646 3497 5698 ὁ
3523 5646 3680 5711 Ζεὺς,
3708 5641 3763 5701 ὦ

2082 5728 2355 5799 βέλτιστε;
2389 5732 2483 5783 καὶ
2527 5731 2635 5801 γὰρ
2660 5730 2755 5783 καὶ
2790 5728 2964 5799 τούτῳ
2993 5729 3157 5783 πάλιν
3184 5731 3453 5801 ἀπήνειαν
3475 5732 3749 5801 ἐγκαλεῖς,

2086 5817 2237 5869 Ἀλλ’
2257 5816 2401 5870 οὐδὲ
2427 5817 2459 5870 ὸ
2485 5816 2656 5882 Ζεὺς,
2688 5815 2882 5886 λέγων,
2905 5814 3138 5886 ὄμϐρων
3174 5817 3349 5888 ήνιάς
3377 5817 3555 5889 ἔχων,
3595 5818 3756 5891 ὕδωρ.

2134 5926 2153 5947 ⁸
2175 5922 2322 5971 Savil.
2347 5923 2536 5984 ῐσχυσε.

2141 5984 2159 6023 ί
2185 5984 2282 6035 Alii
2310 5984 2461 6041 εἶπας.
