4032 6448
371 371 495 428 εςθδ

374 483 617 538 i‘mbriunt
636 478 922 533 moderator
945 489 1128 546 aquam
1154 473 1358 528 immisit
1380 473 1431 526 in
1461 469 1719 533 ﬂammam
1740 509 1756 534 ,
1783 467 1867 534 qui
1893 474 1971 518 ta-

378 590 496 628 men
543 570 804 642 Lydorum
846 569 951 639 regi
993 565 1300 638 periclitanti
1335 580 1516 634 pyram
1564 560 1814 616 restinxit.
1867 558 1973 613 Sed

377 665 528 720 enim
571 662 789 732 pulchre
830 661 982 714 nobis
1025 658 1230 730 Lydum
1259 658 1310 710 in
1334 654 1647 710 memoriam
1674 652 1972 708 revocasti:

379 771 509 810 nam
537 763 589 810 et
619 753 768 808 illum
798 751 884 806 hic
912 751 1124 804 daemon
1156 748 1365 818 decepit
1395 761 1527 800 vana
1545 760 1640 815 spe
1670 742 1860 798 iuilans
1879 783 1894 806 ,
1923 751 1979 797 et

380 849 439 901 in
491 843 825 900 manifestam
854 842 1141 913 perniciem
1179 840 1494 909 conjiciens.
1531 839 1610 894 Ac
1656 836 1759 893 nisi
1802 835 1978 906 Cyrus

379 938 652 991 humanus
681 935 890 999 fuisset,
917 933 1048 988 nihil
1075 934 1246 1000 ipsum
1265 933 1280 962 ¹
1310 931 1515 1000 Jupiter
1534 929 1775 1000 juvisset.
1802 927 1978 993 Quare

380 1029 582 1083 frustra
608 1027 726 1084 Jovi
751 1029 878 1081 vitio
901 1026 1060 1080 vertis
1077 1067 1092 1090 ,
1109 1023 1251 1094 quod
1279 1023 1483 1094 Lydum
1508 1022 1616 1076 tilio
1647 1020 1975 1091 praetulerit:

380 1135 562 1189 neque
591 1119 733 1173 enim
769 1117 870 1170 sibi
901 1116 1002 1185 ipsi
1035 1117 1088 1168 in
1117 1130 1220 1184 qua
1250 1115 1384 1168 urbe
1410 1113 1640 1167 maxime
1668 1111 1976 1177 colebatur,

380 1213 441 1266 in
472 1211 684 1266 Romuli
715 1211 920 1266 scilicet
948 1209 1118 1273 urbe,
1161 1208 1380 1262 fulmine
1427 1215 1598 1260 tactus
1638 1218 1795 1273 opem
1836 1203 1976 1257 tulit.

461 1302 662 1357 Libanii
686 1301 928 1356 verba.—
954 1298 1220 1354 Caeterum
1239 1299 1517 1352 audiamus
1544 1297 1744 1366 reliqua
1761 1294 1982 1350 lamenti

379 1396 549 1450 verba
580 1413 596 1450 :
626 1395 704 1450 sic
740 1396 882 1448 enim
910 1395 1109 1448 luctum
1143 1392 1291 1447 illum
1317 1434 1332 1458 ,
1367 1391 1457 1462 qui
1487 1405 1674 1446 eorum
1700 1389 1981 1458 occupavit

379 1489 595 1544 animos
613 1529 630 1554 ,
658 1487 823 1558 probe
851 1489 1101 1542 sciemus.
1132 1485 1275 1552 Viri,
1299 1485 1516 1538 trahitur
1534 1483 1658 1537 mihi
1683 1483 1882 1536 animus
1911 1481 1980 1535 ad

380 1582 598 1651 speciem
627 1580 742 1647 dei,
780 1581 1002 1649 mihique
1037 1578 1275 1652 cogitatio
1304 1586 1481 1646 typum
1508 1577 1624 1644 ejus
1644 1585 1761 1630 ante
1806 1575 1980 1629 oculos

379 1673 591 1738 statuit,
618 1677 798 1746 [ortum
815 1672 1070 1726 lenitatem
1091 1711 1109 1736 ,
1138 1671 1266 1723 cutis
1287 1667 1670 1722 teneritudinem
1694 1709 1708 1733 ,
1731 1677 1777 1720 et
1809 1666 1902 1720 hoc
1927 1667 1984 1720 in

380 1766 560 1836 lapide
576 1806 591 1832 ,
616 1764 874 1836 cingulum
899 1763 1036 1816 circa
1060 1769 1229 1831 pectus
1245 1776 1452 1813 auream
1472 1759 1694 1812 tunicam
1713 1757 1976 1828 colligens,

379 1859 459 1912 ita
486 1865 540 1910 ut
575 1855 677 1909 alia
705 1855 907 1922 quidem
934 1853 1282 1918 subsiderent,
1313 1851 1416 1904 alia
1447 1851 1821 1922 subsurgerent.
1853 1847 1982 1903 Tota

381 1968 504 2007 vero
532 1954 695 2023 forma
719 1951 866 2021 cujus
903 1951 1035 2004 iram
1064 1950 1140 2004 vel
1173 1949 1444 2019 ferventem
1472 1965 1575 2002 non
1601 1948 1860 2002 sedasset?
1893 1947 1983 2002 Si-

381 2047 522 2100 milis
547 2050 678 2100 enim
707 2055 812 2099 erat
833 2045 988 2100 melos
1009 2044 1206 2097 canenti
1236 2058 1256 2096 :
1279 2043 1381 2096 into
1405 2042 1654 2113 quispiam
1679 2040 1868 2094 audivit
1884 2081 1899 2104 ,
1925 2047 1984 2094 ut

379 2139 634 2204 aiunt,in
673 2137 879 2191 meridie
915 2136 1165 2190 citharam
1208 2135 1512 2204 pulsantem.
1561 2133 1724 2187 Aures
1769 2131 1982 2186 beatas'

381 2231 576 2284 Cantus
597 2245 711 2283 vero
731 2228 945 2298 fortasse
968 2237 1074 2282 erat
1099 2227 1329 2282 laudatio
1375 2235 1524 2280 terra:
1544 2267 1558 2292 ,
1603 2225 1686 2279 cui
1732 2224 1795 2278 de
1826 2239 1982 2277 aureo

379 2324 570 2395 cyatho
602 2323 728 2378 mihi
756 2323 914 2378 libare
937 2322 1150 2388 videtur,
1181 2322 1315 2391 quod
1337 2321 1560 2390 puellam
1584 2319 1853 2374 occultarit
1888 2318 1980 2371 dc-

384 2418 585 2472 hiscens
607 2458 623 2482 ,
651 2433 713 2470 ac
736 2415 920 2470 deinde
943 2432 1047 2470 sese
1073 2416 1396 2469 contrahens.
1429 2413 1555 2468 Post
1579 2412 1696 2468 haec
1723 2427 1887 2482 pauca
1913 2412 1984 2467 de

385 2508 636 2564 incendio
681 2518 900 2580 questus
933 2526 947 2561 :
983 2509 1277 2574 Clamabat,
1310 2508 1525 2578 inquit,
1574 2509 1740 2560 viator
1776 2506 1985 2576 fulgure

381 2611 676 2669 erumpente
703 2615 722 2654 :
748 2601 1042 2654 turbabatur
1066 2604 1118 2653 in
1140 2601 1254 2653 luco
1278 2598 1522 2668 Daphnes
1545 2599 1792 2668 inquilina
1814 2615 1985 2653 sacer-

383 2691 482 2745 dos
508 2691 588 2746 dei
609 2707 629 2746 :
651 2693 992 2761 percussiones
1016 2701 1183 2745 autem
1209 2701 1466 2760 pectorum
1486 2732 1502 2756 ,
1529 2699 1574 2744 et
1604 2690 1828 2756 eiulatus
1851 2706 1977 2743 acu-

384 2794 468 2836 tus
493 2799 581 2850 per
603 2783 769 2836 locum
791 2783 1055 2838 arboribus
1089 2783 1302 2837 densum
1343 2798 1641 2853 percurrens
1661 2823 1676 2848 ,
1715 2782 1784 2835 ad
1807 2782 1986 2836 urbem

382 2889 543 2944 usque
584 2873 844 2929 vehemens
895 2885 1044 2944 atque
1086 2875 1358 2944 horriﬁcus
1418 2874 1680 2945 pervadit;
1736 2874 1980 2944 principis

383 2963 564 3018 oculus
589 2975 708 3018 tunc
730 2981 961 3020 somnum
980 2982 1160 3034 capere
1187 2966 1431 3036 incipiens
1447 3006 1464 3032 ,
1495 2965 1562 3018 ad
1581 2965 1814 3019 acerbum
1844 2981 1979 3019 nun-

384 3055 515 3107 tium
543 3070 570 3108 e
596 3055 722 3108 lecto
749 3057 984 3110 surrexit.
1018 3055 1122 3110 Ille
1162 3060 1333 3127 furore
1373 3058 1594 3127 percitus
1619 3057 1732 3110 alas
1758 3073 1792 3109 α
1836 3056 1980 3112 Mer-

384 3145 530 3198 curio
555 3147 692 3216 petit.
710 3147 818 3217 ipse
843 3148 910 3200 ad
932 3147 1052 3202 mali
1076 3147 1298 3202 radicem
1324 3149 1647 3219 quaerendam
1679 3165 1977 3219 properans,

386 3253 491 3289 non
520 3239 684 3290 minus
707 3240 841 3292 intus
865 3238 1108 3307 ardebat,
1137 3255 1288 3309 quam
1317 3241 1579 3310 templum.
1609 3239 1796 3295 Trabes
1825 3241 1980 3295 cade-

385 3327 508 3380 bant
531 3327 764 3382 deorsum
805 3330 970 3398 ignem
998 3335 1211 3400 ferentes
1230 3372 1246 3398 ,
1276 3347 1388 3400 qua:
1416 3333 1644 3403 proxime
1666 3334 1866 3388 stabant
1889 3334 1981 3388 ab-

385 3428 669 3485 sumentes,
723 3420 1010 3490 Apollinem
1055 3436 1171 3475 vero
1213 3423 1412 3487 statim,
1463 3431 1634 3493 utpote
1671 3424 1757 3493 qui
1795 3441 1980 3494 parum

387 3517 596 3568 distaret
637 3533 667 3569 a
697 3519 858 3580 lecto,
891 3513 1008 3566 hinc
1032 3521 1080 3566 et
1112 3512 1217 3565 alia
1241 3523 1572 3580 ornamenta,
1617 3514 1984 3586 Musarumque

387 3617 582 3662 statuas
619 3609 687 3662 ibi
715 3621 932 3679 positas.
993 3606 1283 3676 lapillorum
1329 3608 1569 3678 fulgura,
1619 3611 1978 3664 columnarum

391 3700 835 3768 pulchritudinem.
867 3697 1145 3756 Multitudo
1170 3699 1499 3754 circumstans
1551 3701 1788 3772 lugebat,
1833 3719 1979 3772 Opem

388 3790 524 3857 ferre
550 3807 650 3844 non
670 3790 876 3858 valens,
926 3801 982 3845 ut
1015 3789 1198 3846 accidit
1236 3791 1298 3844 iis
1319 3791 1405 3861 qui
1434 3809 1461 3846 e
1491 3801 1624 3846 terra
1653 3795 1981 3866 naufragium

388 3882 587 3948 vident,
633 3899 846 3954 quorum
897 3887 1148 3939 auxilium
1191 3899 1347 3939 unum
1387 3893 1496 3952 est,
1547 3889 1738 3956 factum
1788 3885 1980 3958 lugere.

389 3971 536 4028 Certe
575 3991 816 4045 magnum
844 3978 1119 4031 excitavere
1148 3978 1336 4031 luctum
1357 3994 1418 4031 ea:
1443 3977 1666 4047 fontibus
1693 3981 1981 4036 exsilientes

389 4066 661 4137 nymphae,
709 4085 948 4137 magnum
975 4065 1182 4138 Jupiter
1220 4086 1376 4139 prope
1413 4069 1619 4139 sedens,
1670 4081 1724 4124 ut
1754 4089 1849 4141 par
1876 4081 1982 4125 erat

389 4159 705 4229 labefactatis
746 4161 840 4228 ﬁlii
867 4160 1138 4214 honoribus
1161 4177 1180 4215 :
1209 4162 1459 4233 ingentem
1486 4164 1604 4216 item
1629 4173 1978 4218 sexcentarum

389 4252 676 4302 dwmonum
706 4250 759 4303 in
781 4251 892 4304 luco
932 4252 1217 4322 degentium
1247 4264 1402 4306 cactus
1431 4269 1448 4307 .'
1479 4270 1567 4306 nec
1605 4255 1847 4308 minorem
1903 4253 1985 4307 lu-

389 4353 527 4392 ctum
547 4342 711 4394 media
729 4358 792 4396 ex
815 4345 934 4396 urbe
951 4343 1177 4414 CalliOpe
1200 4345 1452 4408 excitavit,
1479 4344 1746 4398 Musarum
1760 4347 1982 4418 chorago

391 4435 510 4502 igne
535 4433 674 4486 ltesa.
704 4435 895 4490 Postea
923 4436 1021 4490 sub
1046 4436 1206 4490 ﬁnem
1236 4438 1311 4491 ait
1343 4455 1356 4490 :
1397 4437 1526 4492 Esto
1557 4438 1678 4492 mihi
1715 4449 1763 4492 et
1808 4456 1974 4506 nunc,

394 4525 579 4594 Apollo
597 4569 614 4594 ,
643 4528 846 4598 qualem
880 4538 926 4584 te
954 4529 1174 4583 reddidit
1200 4529 1416 4602 Chryses
1436 4571 1452 4595 ,
1483 4533 1601 4586 dum
1647 4532 1849 4586 Achivis
1886 4533 1983 4586 im-

395 4630 704 4688 precaretur,
747 4621 826 4674 ira
843 4622 1047 4687 plenum
1075 4634 1120 4676 et
1145 4625 1278 4677 nocti
1305 4625 1554 4690 similent,
1594 4625 1712 4695 quia
1731 4642 1848 4679 cum
1876 4636 1980 4680 sto~

396 4711 479 4764 las
503 4713 524 4742 ³
553 4711 640 4766 tibi
668 4715 1026 4780 redderemus,
1053 4725 1098 4768 et
1145 4727 1389 4786 quantum
1441 4718 1665 4772 ablatum
1695 4721 1860 4790 fuerat
1899 4736 1982 4774 re-

395 4805 732 4869 stitueremus,
755 4816 1060 4876 prtereptum
1085 4818 1154 4861 est
1182 4809 1318 4876 quod
1342 4809 1583 4874 colimus,
1611 4827 1671 4864 ac
1699 4811 1744 4866 si
1768 4828 1986 4881 sponsus

393 4894 610 4962 aliquis,
640 4896 763 4948 dum
789 4911 989 4951 corona
1013 4908 1301 4963 nectuntur,
1328 4900 1660 4954 abscessisset.

469 4983 558 5038 2i.
605 4985 731 5039 Uzec
767 4985 1075 5043 lamentatio
1123 4989 1254 5054 fuit,
1294 5005 1386 5044 seu
1425 4995 1599 5059 potius
1643 4991 1726 5046 ha:
1757 4992 1984 5048 modica:

393 5086 520 5130 sunt
555 5077 947 5133 lamentationis
989 5091 1186 5149 partes.
1231 5082 1358 5136 Mihi
1403 5098 1531 5137 vero
1571 5085 1752 5139 mirari
1801 5086 1978 5153 subit,

395 5168 666 5237 quomodo
702 5169 753 5222 in
782 5170 877 5231 iis,
908 5185 1025 5239 quae
1068 5173 1268 5239 pudore
1310 5172 1528 5229 afﬁcere
1573 5175 1872 5244 debebant,
1926 5193 1988 5234 se

395 5269 644 5313 ornatum
667 5277 786 5316 esse
815 5272 962 5330 putet
991 5281 1004 5316 :
1038 5265 1204 5319 nihilo
1229 5269 1452 5333 melius,
1470 5285 1628 5338 quam
1653 5271 1904 5326 lascivum
1932 5283 1986 5328 et

397 5353 712 5409 obscaenum
739 5355 1028 5424 juvenem,
1057 5360 1108 5412 in
1138 5361 1359 5415 meridie
1397 5375 1520 5416 eum
1550 5363 1754 5418 cithara
1793 5365 1985 5419 luden-

399 5457 506 5499 tem
539 5447 816 5514 inducens,
843 5460 897 5503 et
924 5452 1114 5505 cantici
1145 5463 1514 5522 argumentum
1545 5456 1732 5511 dicens
1757 5458 1982 5512 amicam

397 5556 550 5606 esse,
582 5558 846 5613 auresque
875 5545 990 5600 illas
1039 5547 1221 5602 beatas
1249 5548 1545 5617 praedicans
1565 5593 1578 5616 ,
1605 5567 1724 5621 quae
1772 5561 1985 5623 turpem

404 5699 479 5773 ml
517 5706 620 5773 Salv,
649 5707 856 5773 etntnus
888 5703 1067 5773 segeti,
1107 5704 1202 5755 nisi
1229 5714 1384 5768 Cyrus
1419 5720 1525 5771 pra:
1563 5707 1856 5763 humanitate
1896 5725 1985 5764 sua

396 5761 535 5814 illum
555 5761 824 5825 dimisisset,
851 5763 971 5813 nihil
992 5763 1169 5825 ipsum,
1192 5761 1286 5818 etc:

465 5825 482 5853 '
519 5823 617 5881 Αιὶί,
636 5822 866 5882 victimas.
891 5839 994 5887 pro,
1013 5822 1180 5882 stolas.

1177 359 1264 416 or:
1301 359 1359 417 s.
1403 355 1698 422 essm,
1738 350 2016 410 CONTRA
2043 348 2393 408 romanum
2427 351 2518 407 nr
2555 329 2921 408 GEN'i'lLES.

3569 356 3672 412 566

2088 465 2230 520 illam
2252 465 2570 532 cantilenam
2609 466 2893 522 audierint.
2918 466 2982 521 Et
3012 464 3138 537 quid
3174 465 3387 536 quidem
3415 464 3556 521 dicat
3579 467 3675 520 all-

2083 575 2215 628 quos
2233 561 2402 628 exiis,
2431 559 2520 630 qui
2555 560 2808 630 Daphnen
2831 570 2886 615 et
2912 560 3343 630 circumjacentia
3373 561 3488 616 loca
3517 561 3676 614 habi-

2085 662 2227 720 tant,
2260 653 2578 724 lacrymatos
2604 669 2754 721 esse;
2781 655 3033 724 urbisque
3068 655 3357 724 principem
3394 653 3678 708 ardentem

2084 744 2283 809 fuisse,
2310 745 2551 816 nihilque
2579 746 2844 814 amplius,
2876 761 3035 814 quam
3071 745 3274 800 luctum
3307 746 3557 812 inducat,
3590 745 3677 799 ni-

2087 835 2160 890 hil
2188 837 2380 890 mirum
2417 854 2433 890 :
2463 837 2604 906 quod
2630 846 2805 892 autem
2840 836 2984 906 ipsos
3021 836 3154 892 deos
3191 837 3243 892 in
3274 837 3463 893 eadem
3495 839 3678 893 consi-

2085 928 2138 981 lii
2167 927 2344 996 inopia
2375 926 2540 982 fuisse
2572 927 2714 983 dieat
2734 968 2748 993 ,
2776 928 3059 998 solumque
3101 928 3242 998 apud
3269 944 3328 984 se
3354 929 3678 1000 lacrymatos

2083 1036 2233 1085 esse;
2265 1035 2328 1076 ao
2353 1036 2527 1091 neque
2550 1021 2734 1078 Jovem
2757 1064 2773 1089 ,
2802 1036 2975 1090 neque
3013 1022 3320 1092 CalliOpen,
3369 1038 3540 1092 neque
3571 1021 3680 1077 fre-

2085 1125 2338 1185 quentem
2378 1115 2522 1168 illam
2546 1115 2850 1169 daemonum
2875 1116 3084 1169 turbam
3103 1157 3118 1179 ,
3149 1131 3322 1186 neque
3352 1116 3495 1185 ipsas
3521 1130 3678 1186 nym-

2084 1205 2218 1276 phas
2248 1205 2447 1274 aliquid
2480 1214 2662 1260 contra
2694 1207 2996 1261 incendium
3044 1207 3314 1276 potuisse,
3348 1207 3440 1260 sed
3487 1221 3677 1260 omnes

2085 1300 2314 1371 ejulatus
2339 1310 2394 1354 et
2424 1300 2599 1356 luctus
2629 1300 2892 1354 excitasse
2915 1309 3118 1354 tantum
3153 1317 3166 1354 :
3197 1298 3248 1353 id
3279 1299 3518 1369 profecto
3548 1298 3677 1352 ridi-

2085 1394 2262 1449 culum
2297 1393 2584 1448 admodum
2613 1405 2711 1448 est.
2742 1393 2892 1462 Quod
2917 1394 3076 1462 igitur
3096 1408 3342 1462 magnam
3371 1392 3682 1461 acceperint.

2086 1485 2310 1555 plagam.
2342 1485 2472 1539 satis
2497 1501 2563 1540 ex
2608 1484 2716 1555 jam
2764 1471 2921 1540 dictis
2963 1484 3388 1540 demonstratum
3433 1493 3557 1540 est:
3597 1493 3678 1538 et-

2084 1577 2227 1631 enim
2255 1577 2306 1631 in
2338 1577 2515 1631 medio
2546 1578 2733 1632 incilia:
2777 1577 2921 1646 ipsos
2946 1576 3125 1631 lethali
3151 1577 3371 1632 vulnere
3405 1575 3679 1646 perfossos

2085 1671 2386 1726 coniitelur.
2438 1670 2550 1725 Non
2579 1671 2738 1741 igitur
2767 1670 2819 1724 id
2844 1671 3103 1738 patienter
3127 1669 3336 1724 tulisset
3360 1670 3673 1738 imperator,

2086 1762 2189 1816 nisi
2217 1762 2362 1816 illutn
2396 1763 2566 1832 major
2591 1771 2766 1816 metus
2791 1770 2846 1818 et
2875 1760 3102 1816 formido
3128 1769 3460 1830 occupasset.
3490 1761 3677 1814 Restat

2084 1853 2298 1907 demum
2322 1865 2378 1908 ut
2397 1853 2746 1908 ostendamus
2775 1868 2877 1922 qua
2908 1852 2976 1907 de
3001 1867 3161 1907 causa
3191 1853 3328 1906 Deus
3355 1852 3488 1906 iram
3526 1866 3676 1905 suam

2086 1945 2136 1999 in
2160 1943 2538 2016 Imperatorem
2585 1962 2689 2000 non
2724 1945 3033 2012 immiserit,
3057 1945 3151 2000 sed
3181 1945 3234 1999 in
3261 1945 3592 2010 daemonem,
3626 1953 3682 1998 et

2085 2055 2186 2092 cur
2206 2037 2343 2108 ignis
2379 2053 2486 2092 non
2516 2047 2682 2093 totum
2707 2037 2961 2108 templum
2988 2039 3382 2106 absumpserit,
3409 2037 3504 2093 sed
3533 2051 3682 2091 com-

2084 2132 2242 2188 busto
2285 2140 2426 2187 tecto
2466 2132 2627 2186 etiam
2673 2131 2870 2186 idolum
2901 2130 3268 2201 prostraverit.
3323 2129 3506 2199 Neque
3535 2129 3679 2183 enim

2086 2233 2289 2279 teinere
2313 2233 2368 2278 et
2394 2223 2509 2278 sine
2532 2238 2690 2278 causa
2720 2223 2835 2276 inec
2859 2220 2999 2276 facta
3025 2232 3190 2286 sunt,
3223 2221 3316 2276 sed
3340 2237 3405 2275 ex
3437 2220 3527 2275 Dei
3555 2235 3682 2290 erga

2085 2327 2328 2374 errantes
2354 2316 2636 2372 clementia
2668 2316 2848 2370 omnia
2885 2325 3032 2386 gesta
3066 2314 3234 2370 fuere.
3264 2313 3362 2382 Qui
3390 2314 3534 2368 enim
3564 2329 3682 2368 om-

2086 2411 2172 2466 nia
2204 2411 2352 2467 novit
2377 2419 2660 2482 antequam
2702 2409 2865 2476 ilant,
2890 2418 2946 2465 et
2972 2408 3076 2463 hoc
3101 2423 3220 2463 cum
3266 2408 3384 2461 aliis
3413 2416 3634 2461 noverat
3664 2423 3680 2461 :

2085 2503 2288 2559 scilicet
2312 2503 2354 2558 si
2399 2503 2596 2557 fulmen
2637 2503 2686 2556 in
2716 2502 3096 2571 Imperatorem
3128 2500 3432 2555 immissum
3457 2497 3680 2564 fuisset,

2084 2597 2173 2666 qui
2227 2605 2519 2666 praesentes
2546 2594 2859 2650 iuissentac
2887 2594 3182 2658 vidissent,
3223 2592 3288 2646 ad
3336 2601 3545 2662 tempus
3587 2606 3683 2647 ex-

2085 2688 2259 2742 territi
2288 2698 2502 2754 essent,
2532 2686 2767 2742 secundo
2793 2696 2970 2741 autem
3000 2685 3082 2740 vel
3114 2686 3272 2740 tertio
3300 2693 3514 2754 peracto
3538 2699 3680 2737 anno

2085 2782 2210 2836 facti
2240 2781 2499 2837 memoria
2531 2781 2812 2849 periisset,
2862 2779 3123 2848 multique
3165 2777 3328 2834 futuri
3372 2787 3563 2844 erant,
3591 2778 3682 2847 qui

2086 2873 2347 2928 miraculo
2374 2888 2481 2927 non
2511 2874 2814 2928 crederent.
2846 2871 2937 2926 Sin
2965 2886 3095 2925 vero
3123 2869 3380 2940 templum
3412 2867 3682 2922 flammam

2085 2968 2383 3036 reciperet,
2430 2967 2578 3021 omni
2618 2981 2866 3036 prmcone
2895 2965 3091 3019 clarius
3111 3005 3127 3031 ,
3159 2979 3264 3018 non
3298 2964 3362 3018 iis
3393 2962 3564 3018 solum
3591 2961 3682 3031 qui

2085 3067 2214 3114 tunc
2242 3067 2427 3125 erant,
2469 3057 2565 3114 sed
2615 3059 2776 3114 etiam
2805 3057 3035 3127 posteris
3076 3055 3325 3110 omnibus
3363 3054 3498 3109 iram
3528 3067 3680 3107 suam

2087 3151 2498 3207 denuntiaturus
2541 3158 2658 3206 erat
2693 3150 2836 3204 Deus
2868 3165 2880 3202 :
2913 3149 2984 3202 ita
3017 3155 3076 3202 ut
3113 3147 3159 3201 si
3196 3145 3285 3216 qui
3315 3160 3429 3201 rem
3472 3155 3682 3216 gestam

2086 3244 2289 3300 vellent
2316 3244 2654 3314 impudenter
2675 3243 2974 3308 occultare,
3005 3242 3068 3296 iis
3093 3241 3269 3296 omnis
3295 3240 3509 3296 occasio
3537 3254 3680 3310 pra--

2085 3337 2374 3392 cideretur.
2405 3337 2656 3406 Quisquis
2696 3337 2838 3390 enim
2879 3336 3055 3390 locum
3089 3335 3248 3404 petit,
3279 3333 3358 3388 sic
3393 3334 3573 3388 animo
3597 3332 3680 3387 af-

2089 3427 2282 3494 ficitur,
2320 3443 2384 3482 ac
2404 3428 2450 3482 si
2478 3426 2783 3482 incendium
2813 3441 2985 3496 nuper
3009 3425 3328 3488 accidisset,
3359 3434 3521 3495 atque
3551 3423 3681 3478 hor-

2087 3533 2178 3572 ror
2202 3517 2416 3588 quidam
2461 3517 2632 3587 ipsum
2679 3516 2909 3582 invadit,
2961 3524 3017 3570 et
3041 3514 3106 3570 ad
3146 3515 3335 3569 cadum
3386 3513 3684 3583 respiciens

2086 3611 2262 3664 statim
2310 3611 2546 3666 celebrat
2588 3611 2837 3664 virtutem
2867 3609 3018 3680 ejus,
3061 3609 3151 3679 qui
3205 3607 3390 3663 istluce
3430 3617 3682 3677 operatus

2087 3710 2188 3756 est.
2221 3702 2289 3756 Ut
2333 3702 2476 3757 enim
2507 3702 2550 3755 si
2578 3703 2695 3772 quis
2716 3701 3026 3771 praedonum
3077 3700 3331 3770 principis
3385 3709 3596 3754 antrum
3626 3709 3693 3755 et
3787 3719 3796 3726 ’ν

2088 3794 2366 3849 latibulum
2413 3793 2780 3865 perfringens,
2812 3796 3048 3848 vinctum
3079 3794 3228 3848 illum
3273 3792 3548 3859 eduxerit,
3594 3791 3681 3846 di-

2089 3889 2360 3960 reptisque
2388 3889 2503 3958 ejus
2530 3887 2868 3943 facultatibus
2887 3929 2902 3954 ,
2931 3888 3107 3942 locum
3135 3886 3414 3957 reliquerit
3437 3895 3680 3955 recepta-

2088 3981 2267 4036 culum
2298 3979 2529 4035 ferarum
2561 3990 2615 4036 et
2644 3980 3091 4045 monedularum;
3124 3978 3320 4034 deinde
3349 3993 3508 4045 vero,
3537 3978 3684 4047 quis-

2088 4074 2208 4145 quis
2251 4074 2303 4128 in
2349 4072 2652 4143 hujusmodi
2690 4072 2968 4126 latibulum
3009 4071 3251 4136 venerit,
3297 4072 3475 4126 statim
3522 4079 3684 4138 atque

2089 4170 2264 4223 locum
2293 4167 2472 4234 videt,
2506 4167 2751 4221 incursus
2779 4177 2834 4222 et
2859 4165 2996 4221 furta
3029 4167 3202 4221 locum
3233 4166 3379 4234 prius
3404 4163 3684 4218 incolentis

2089 4259 2189 4314 sibi
2243 4258 2422 4313 animo
2469 4257 2742 4328 depingit:
2777 4258 2850 4312 ita
2875 4266 2930 4312 et
2970 4256 3059 4311 hic
3084 4272 3182 4310 usu
3223 4256 3387 4311 venit.
3435 4254 3686 4324 Quisquis

2089 4351 2235 4405 enim
2265 4351 2538 4404 columnas
2571 4349 2756 4419 procul
2776 4349 3034 4419 conspicit
3055 4389 3070 4414 ,
3099 4347 3468 4418 accedensque
3499 4356 3681 4416 postea

2091 4444 2250 4498 limen
2276 4442 2682 4512 transgreditur,
2716 4441 2979 4497 daamonis
3005 4440 3458 4496 abominationcm
3502 4439 3688 4493 animo

2091 4536 2191 4591 sibi
2220 4535 2496 4606 depingit,
2527 4535 2786 4591 fallaciam
2814 4534 2942 4589 item
2969 4543 3022 4588 et
3044 4532 3261 4588 insidias
3296 4549 3308 4586 :
3341 4541 3500 4601 atque
3547 4531 3680 4584 iram

2089 4629 2450 4696 virtutemque
2489 4626 2583 4680 Dei
2611 4628 2832 4679 miratus
2857 4623 3114 4678 abscedit.
3144 4623 3232 4678 Sic
3254 4623 3395 4692 quod
3425 4622 3569 4689 prius
3594 4636 3684 4674 er-

2090 4719 2230 4775 roris
2263 4729 2317 4774 et
2342 4716 2689 4788 blasphemia:
2720 4715 3078 4770 habitaculum
3109 4715 3324 4782 fuerat,
3345 4731 3486 4769 nunc
3511 4714 3684 4768 laudis

2089 4809 2434 4866 decantandie
2455 4820 2831 4878 argumentum
2861 4815 2946 4864 est
2974 4825 2987 4861 :
3015 4816 3159 4860 tanta
3189 4807 3331 4862 Deus
3361 4816 3545 4862 noster
3571 4823 3683 4860 ma~

2089 4901 2340 4957 chinandi
2370 4910 2486 4956 arte
2505 4900 2672 4955 valet.
2690 4899 2759 4954 Et
2779 4899 3041 4954 mirabilia
3067 4897 3368 4967 hujusmodi
3401 4915 3506 4952 non
3537 4913 3680 4951 nunc

2089 4995 2322 5066 primum
2341 5036 2355 5059 ,
2379 4993 2473 5050 sed
2489 4993 2598 5065 jam
2621 4993 2750 5048 olim
2771 5007 2800 5046 a
2829 4992 3092 5062 prioribus
3103 4991 3538 5062 generationibus
3557 5007 3687 5062 ope-

2089 5097 2258 5142 ratur.
2285 5087 2472 5142 Omnia
2506 5101 2666 5157 porro
2693 5100 2975 5142 recensere
3002 5093 3214 5140 nonest
3241 5085 3520 5154 praesentis
3552 5093 3684 5138 tem-

2089 5183 2268 5252 poris:
2292 5197 2406 5236 rem
2444 5190 2618 5235 tamen
2661 5178 3096 5234 commemorabo
3127 5177 3250 5232 huic
3274 5177 3492 5230 omnino
3535 5175 3685 5229 simi-

2090 5277 2214 5329 lem.
2241 5276 2388 5330 Bello
2417 5275 2543 5328 olim
2580 5275 2638 5328 in
2657 5272 2940 5327 Palicstina
2982 5272 3202 5327 sohorlo
3229 5272 3367 5324 inter
3395 5269 3608 5324 Judzeos
3634 5279 3686 5324 et

2088 5366 2346 5438 quosdam
2399 5365 2756 5435 alienigenas,
2793 5365 3018 5418 victoria
3064 5363 3215 5432 potiti
3265 5361 3448 5415 hostes
3473 5370 3685 5430 captam

2091 5459 2184 5512 Dei
2211 5473 2388 5512 arcam
2425 5459 2500 5528 (i.
2525 5455 2634 5525 Reg
2683 5455 2736 5510 5.
2761 5455 2822 5526 2)
2841 5496 2856 5520 ,
2899 5454 3048 5525 quasi
3093 5451 3372 5506 manubias
3402 5460 3453 5506 et
3481 5451 3648 5522 spolia
3668 5493 3686 5519 ,

2089 5551 2296 5605 cuidam
2329 5549 2474 5604 idolo
2495 5557 2912 5613 consecrarunt,
2955 5547 3042 5602 cui
3091 5559 3286 5599 nomen
3321 5544 3500 5614 Dagon
3547 5554 3686 5598 erat.

2091 5644 2190 5699 Ubi
2218 5654 2395 5698 autem
2425 5644 2653 5713 primum
2703 5641 2916 5696 inducta
2947 5640 3045 5694 fuit
3074 5653 3196 5694 arca
3228 5681 3242 5703 ,
3285 5647 3458 5692 statua
3489 5637 3688 5692 decidit

2091 5745 2145 5788 ιιι
2178 5743 2440 5806 prostrata
2465 5733 2695 5803 jacehat.
2735 5731 2801 5786 Ut
2830 5739 3004 5784 autem
3035 5745 3100 5784 ex
3155 5730 3256 5784 hoc
3281 5745 3406 5784 casu
3442 5730 3530 5783 Dei
3577 5731 3680 5782 vir.

2095 5838 2260 5884 tutcm
2308 5843 2412 5883 non
2440 5825 2848 5892 intellexerunt,
2887 5822 2984 5880 scd
3025 5831 3256 5879 erectam
3309 5838 3494 5879 rursus
3542 5822 3683 5877 illam
