4032 6492
424 360 527 418 567

424 476 476 529 in
504 471 618 528 basi
645 486 741 527 sua
773 470 1137 538 collocarunt,
1161 470 1416 540 postridie
1436 470 1535 525 sub
1562 485 1769 524 aurora:
1797 477 2007 539 tempus

422 565 774 631 accedentes,
807 578 912 618 non
960 564 1131 618 solum
1175 544 1481 632 delapsam,
1509 562 1602 617 sed
1648 561 1859 631 penitus
1905 560 2013 615 fra-

426 666 563 709 ctam
587 663 923 725 repererunt.
955 652 1086 708 Nam
1114 654 1313 708 avulsa:
1341 666 1531 707 manus
1553 652 1622 706 ab
1645 652 1916 718 humeris,
1942 652 2010 707 ad

425 746 587 801 limen
618 746 802 816 templi
843 760 967 801 cum
1005 745 1223 815 pedibus
1265 744 1608 809 exsilierant,
1638 745 1841 816 reliqua
1887 761 2012 816 pars

380 834 386 840 ’
423 845 614 893 statua
653 836 859 893 divulsa
905 837 1030 892 alibi
1071 846 1280 905 reperta
1334 844 1436 891 est.
1484 836 1838 892 Sodomorum
1884 838 2010 893 item

425 928 588 985 tellus
607 970 623 997 ,
648 938 708 985 ut
727 944 892 999 parva
921 928 1127 998 magnis
1155 927 1523 995 conferamus,
1557 927 1679 982 ideo
1703 943 1824 982 cum
1858 927 2013 982 habi-

424 1020 684 1075 tatoribus
714 1021 836 1091 igne
863 1028 1133 1089 assumpta
1167 1020 1323 1088 periit
1351 1018 1501 1089 (Gen.
1534 1018 1624 1090 19)
1650 1060 1667 1085 ,
1721 1017 2016 1075 infructuo-

424 1125 591 1179 saque
620 1110 846 1173 mansit,
883 1118 942 1164 ut
982 1124 1086 1164 non
1119 1109 1283 1165 modo
1313 1110 1456 1164 illius
1482 1111 1580 1164 aevi
1612 1109 1888 1177 homines,
1917 1109 2014 1166 sed

429 1212 550 1271 post
570 1202 730 1258 futuri
756 1218 945 1258 omnes
972 1218 1003 1257 a
1030 1204 1163 1258 locis
1207 1203 1338 1273 ipsis
1380 1202 1446 1258 ad
1490 1204 1766 1259 meliorem
1810 1204 2013 1275 frugem

426 1294 825 1351 reducerentur.
854 1295 911 1351 Si
955 1296 1096 1351 enim
1139 1295 1385 1351 homines
1410 1304 1613 1351 tantum
1643 1297 1778 1352 ultio
1809 1298 2017 1366 attigis-

425 1394 543 1452 sct,
573 1385 770 1442 factum
812 1396 997 1458 postea
1040 1403 1148 1443 non
1186 1388 1447 1443 creditum
1480 1388 1686 1445 fuisset.
1715 1388 1839 1444 Ideo
1865 1389 2016 1446 locus

428 1481 633 1550 piagam
664 1479 894 1551 accipit,
924 1481 1016 1551 qui
1060 1489 1239 1551 potest
1267 1492 1509 1551 tempore
1536 1496 1640 1537 non
1668 1481 1870 1548 deleri,
1902 1484 2016 1538 sin-

427 1569 684 1644 gulasgue
733 1571 1109 1639 generationes
1162 1569 1607 1640 commonefacit,
1661 1572 1777 1643 lege
1822 1588 2018 1644 nempe

425 1667 681 1714 statutum
721 1674 877 1728 esse,
907 1669 965 1716 ut
1016 1661 1105 1731 qui
1153 1661 1273 1715 talia
1322 1671 1517 1731 agant,
1548 1662 1674 1718 talia
1715 1664 2015 1733 patiantur;

428 1749 639 1805 etiamsi
683 1765 793 1805 non
840 1752 1023 1806 statim
1068 1766 1252 1822 ptenas
1287 1759 1462 1821 luaut,
1491 1763 1549 1809 ut
1592 1754 1646 1809 in
1678 1754 1781 1809 hoc
1820 1757 2020 1827 templo

427 1841 670 1913 contigit.
698 1842 842 1898 Ecce
888 1858 1120 1914 namque
1144 1843 1430 1914 viges-imus
1473 1861 1645 1901 annus
1661 1862 1727 1903 ex
1758 1847 1849 1901 illo
1879 1857 2017 1904 tem-

430 1936 772 2007 poreagitur
802 1935 877 2011 (a)
902 1979 917 2004 ,
945 1954 1044 1994 nec
1086 1947 1264 1994 tamen
1317 1940 1528 1998 aedificii
1568 1942 1637 1997 ab
1686 1944 1808 2014 igne
1848 1944 2021 1999 relicti

430 2040 556 2094 pars
599 2027 704 2082 ulla
744 2031 933 2098 periit,
977 2029 1071 2085 sed
1100 2046 1219 2101 quas
1258 2041 1437 2102 partes
1481 2034 1655 2104 ignem
1681 2035 2017 2106 effugerunt,

430 2132 509 2173 ea:
531 2117 755 2174 firmiter
780 2128 923 2175 stant
950 2136 1117 2191 usque
1148 2121 1285 2178 adeo
1310 2124 1498 2179 valida:
1516 2165 1530 2188 ,
1556 2134 1616 2180 ut
1642 2134 1692 2181 et
1720 2137 1934 2183 centum
1965 2137 2023 2184 et

428 2207 513 2264 bis
542 2209 722 2278 plures
744 2251 759 2277 ,
790 2210 982 2281 hisque
1002 2227 1212 2267 rursum
1242 2212 1400 2285 longe
1427 2215 1604 2283 plures
1631 2231 1801 2273 annos
1825 2219 2021 2277 durare

428 2301 654 2368 possint.
689 2300 896 2372 Ecquid
919 2304 1114 2359 mirum
1138 2305 1184 2360 si
1210 2320 1280 2361 ex
1308 2307 1572 2363 columnis
1594 2309 1734 2364 nulla
1764 2312 1832 2367 ab
1852 2312 2021 2368 altera

430 2391 613 2446 avulsa
642 2392 710 2446 ad
738 2394 910 2450 solum
940 2394 1233 2452 deciderit?
1256 2397 1638 2454 Columnarum
1664 2401 1810 2456 enim
1835 2417 2020 2458 earum

428 2497 548 2553 qua:
577 2481 644 2538 ad
670 2487 1021 2554 posteriorem
1049 2487 1233 2558 templi
1251 2496 1455 2559 partem
1479 2500 1663 2552 erant.
1689 2507 1789 2546 una
1816 2502 2020 2548 tantum

428 2574 594 2631 fracta
612 2618 627 2641 ,
651 2592 718 2632 ne
744 2593 804 2632 ea
835 2578 1054 2648 quidem
1075 2582 1310 2650 corruit,
1337 2583 1432 2638 sed
1458 2599 1489 2638 a
1529 2598 1624 2640 sua
1651 2585 1765 2641 basi
1795 2598 1936 2643 mota
1967 2598 2023 2644 et

426 2667 497 2723 ad
521 2684 730 2724 murum
761 2672 1017 2728 reclinata
1046 2670 1242 2729 mansit
1262 2716 1277 2743 ,
1309 2675 1533 2747 ejusque
1564 2693 1689 2749 pars
1708 2679 1777 2734 ab
1800 2680 1908 2737 imo
1929 2697 2024 2737 us-

429 2775 535 2832 que
564 2761 632 2816 ad
662 2760 950 2819 fracturam
988 2762 1203 2836 oblique
1245 2783 1401 2823 muro
1442 2770 1663 2838 nititur;
1715 2759 1749 2827 a
1793 2771 2022 2829 fractura

429 2866 561 2907 vero
605 2867 773 2922 usque
817 2855 884 2909 ad
928 2858 1232 2925 capitellutu
1280 2858 1467 2929 supina
1497 2870 1638 2929 stat,
1671 2863 1739 2918 ab
1782 2864 2023 2921 inferiori

431 2951 584 3012 parte
606 2943 842 2999 suffulta.
870 2945 1201 3018 Quamquam
1229 2958 1407 3004 autem
1427 2960 1483 3006 et
1506 2954 1650 3008 venti
1677 2953 2026 3012 vehementer

430 3038 766 3109 iugruerint,
800 3051 961 3098 term
1002 3054 1178 3101 motus
1222 3047 1556 3116 acciderint,
1591 3060 1644 3105 et
1693 3059 1837 3107 terra
1891 3068 2023 3107 con-

428 3144 587 3186 cussa
615 3129 805 3199 fuerit,
839 3134 1069 3190 flamma:
1096 3138 1333 3207 reliquis:
1374 3154 1482 3195 non
1509 3153 1701 3197 amota:
1738 3153 1895 3209 sunt;
1927 3145 2023 3200 sed

427 3231 692 3279 steterunt
733 3228 1118 3299 propemodum
1150 3231 1473 3301 clamantes,
1510 3248 1570 3288 se
1593 3234 1660 3289 ad
1686 3244 2022 3306 posterorum

428 3315 858 3374 emendationem
881 3331 1127 3377 servatas
1146 3338 1290 3380 esse.

498 3408 587 3464 22.
613 3410 678 3465 Et
696 3412 909 3481 quidem
940 3415 1078 3485 quod
1110 3416 1363 3487 templum
1386 3434 1491 3474 non
1519 3418 1755 3477 funditus
1781 3423 2017 3480 dirutum

428 3497 619 3565 fuerit,
649 3501 788 3558 hanc
830 3519 1047 3560 causam
1076 3506 1257 3564 dicere
1285 3510 1457 3578 possis
1488 3529 1500 3564 :
1529 3513 1673 3582 quod
1700 3521 1878 3569 autem
1910 3516 2015 3569 ful-

344 3610 349 3625 ι
429 3608 553 3647 men
598 3591 981 3664 Imperatorem
1009 3612 1117 3653 non
1142 3600 1376 3670 attigerit
1400 3643 1414 3664 ,
1454 3601 1678 3657 alteram
1729 3618 1946 3659 causam
1976 3606 2023 3660 si

425 3700 638 3755 quaeras
667 3689 904 3756 reperies
927 3729 942 3752 ,
985 3704 1050 3744 ex
1079 3690 1269 3747 eodem
1314 3692 1431 3762 ipso
1469 3693 1810 3765 benignitatis
1837 3705 1890 3751 et
1913 3698 2022 3753 cle-

426 3777 644 3833 mentire
669 3779 869 3835 Christi
898 3779 1042 3837 fonte
1067 3793 1395 3839 manantem.
1425 3785 1551 3840 Ideo
1583 3787 1728 3841 enim
1756 3787 1929 3857 ignem
1955 3805 2022 3844 ex

427 3869 768 3939 Imperatoris
793 3874 967 3942 capite
990 3874 1216 3943 avertit,
1246 3875 1299 3930 in
1341 3876 1623 3948 ipsumque
1655 3889 1849 3935 tectum
1869 3881 2023 3948 jacu-

427 3960 568 4016 latus
588 3971 701 4025 est,
736 3972 795 4017 ut
827 3964 1019 4019 alienis
1047 3965 1438 4023 calamitatibus
1466 3968 1690 4024 edoctus
1733 3970 2022 4040 repositam

426 4054 527 4109 sibi
557 4069 766 4124 poenam
791 4056 1068 4128 etl‘ugeret,
1101 4068 1335 4115 mutatus
1360 4070 1417 4116 et
1434 4061 1503 4117 ab
1530 4077 1717 4118 errore
1743 4063 2020 4119 liberatus.

427 4144 610 4216 Neque
637 4145 740 4203 hoc
782 4148 956 4204 solum
980 4189 997 4217 ,
1050 4165 1225 4220 neque
1267 4152 1496 4222 primum
1544 4154 1776 4224 propriae
1813 4154 2024 4210 virtutis

426 4238 636 4309 signum
665 4240 713 4295 ei
740 4240 888 4296 dedit
911 4242 1192 4309 Christus,
1223 4244 1318 4301 sed
1360 4254 1416 4301 et
1456 4247 1560 4302 alia
1597 4248 1764 4303 multa
1804 4246 1888 4304 his
1914 4263 2021 4303 non

427 4329 656 4387 minora.
697 4330 832 4387 Nam
857 4341 912 4388 et
938 4343 1158 4404 patruus
1181 4336 1298 4405 ejus
1323 4346 1377 4392 et
1406 4347 1641 4407 quaestor
1658 4341 1881 4395 aerarius
1901 4381 1916 4407 ,
1944 4341 2025 4396 sic

426 4423 586 4478 ambo
611 4423 719 4478 vita
759 4425 925 4481 functi
952 4436 1111 4493 sunt;
1158 4427 1225 4482 ad
1261 4427 1380 4483 lucc
1420 4430 1588 4485 fames
1613 4447 1715 4486 una
1746 4448 1866 4487 eum
1904 4433 2023 4504 ipso

426 4514 612 4571 urbem
636 4517 916 4587 invadens,
948 4535 1212 4590 aquarum
1237 4536 1453 4593 quoque
1481 4525 1701 4593 penuria
1730 4541 2019 4597 numquam

426 4617 550 4663 ante
576 4610 718 4676 visa,
760 4627 921 4682 quam
948 4613 1015 4669 ab
1041 4628 1108 4670 eo
1137 4614 1397 4670 sacriﬁcia
1436 4615 1674 4673 fontibus
1707 4617 1845 4675 facta
1886 4618 2020 4675 fuis-

426 4708 548 4755 sent
571 4742 587 4768 ,
618 4704 828 4774 aliaque
856 4706 1019 4762 multa
1041 4749 1056 4775 ,
1103 4708 1218 4764 sive
1243 4709 1295 4764 in
1321 4710 1555 4766 exercitu
1583 4712 1696 4767 sive
1725 4711 1777 4767 in
1802 4713 2022 4771 urbibus

425 4790 744 4855 accidentia,
772 4798 1073 4863 potuissent
1091 4798 1179 4854 vel
1210 4799 1479 4870 lapideum
1509 4803 1746 4857 animum
1778 4802 2016 4871 ﬂectere,

431 4895 536 4936 non
562 4880 898 4940 multitudine
943 4895 1178 4953 tantum,
1228 4904 1405 4960 neque
1446 4892 1588 4959 quod
1637 4892 1816 4947 omnia
1860 4894 2022 4949 simul

427 4969 667 5025 facinora
693 4973 870 5027 statim
899 4988 1255 5046 sequerentur
1274 5021 1289 5046 ,
1338 4988 1396 5034 nt
1434 4981 1704 5050 quondam
1734 4980 2019 5054 Egyptia-

426 5079 545 5118 rum
577 5064 719 5135 regis
747 5075 1023 5136 tempore;
1066 5071 1159 5125 sed
1181 5072 1342 5127 etiam
1373 5072 1514 5143 quod
1540 5088 1637 5144 per
1660 5089 1719 5129 se
1745 5075 1865 5129 talia
1894 5075 2026 5131 ede-

426 5167 614 5211 rentur
639 5157 917 5224 mimcula,
943 5167 1000 5213 ut
1016 5160 1156 5215 aliud
1179 5163 1284 5218 alio
1310 5179 1417 5219 non
1439 5173 1620 5235 egeret
1638 5165 1704 5219 ad
1725 5165 2022 5222 videntium

424 5250 875 5317 conversionem,
908 5251 1002 5306 sed
1042 5253 1249 5323 singula
1284 5271 1351 5310 ex
1395 5272 1455 5312 se
1482 5257 1549 5312 ad
1582 5258 1634 5314 id
1663 5260 2022 5330 peragendum

424 5342 555 5397 satis
586 5352 789 5399 essent.
833 5342 968 5398 Nam
1009 5353 1067 5398 ut
1094 5354 1286 5400 caetera
1312 5347 1592 5414 omittam,
1639 5365 1798 5420 quem
1842 5351 1927 5406 vel
1956 5366 2022 5405 ex

426 5434 716 5490 admodum
741 5435 968 5505 stupidis
990 5451 1096 5491 non
1125 5435 1475 5494 deterruisset
1493 5440 1636 5511 quod
1659 5441 1803 5497 circa
1825 5441 2024 5497 veteris

427 5525 863 5600 Jerosolymitani
907 5529 1091 5598 templi
1136 5529 1477 5585 fundamenta
1511 5530 1807 5586 exhibitum
1842 5541 1925 5587 est
1948 5533 2023 5587 si-

431 5619 639 5687 gnum?
681 5620 947 5688 Quidnam
997 5621 1129 5679 illud
1159 5623 1319 5680 erat?
1365 5622 1503 5679 Cum
1531 5622 1737 5680 videret
1768 5634 2024 5695 tyrannus

494 5814 566 5875 (a)
603 5820 761 5863 Annus
788 5823 1048 5877 vngestmus
1065 5830 1092 5868 a
1106 5817 1290 5872 Iuliano
1305 5819 1622 5885 imperatore.

1135 355 1176 409 ς
1232 354 1511 414 JOANNIS
1544 351 2018 411 CHRYSOSTOMI
2045 349 2359 408 AﬂClllEP.
2392 344 2923 406 CONSTANTINOP.

3616 339 3712 397 δίη

2121 467 2174 522 in
2206 476 2311 521 tota
2337 481 2431 521 sua
2474 465 2674 521 dilione
2714 463 2961 521 diﬂ‘usam
3000 459 3195 518 Christi
3237 459 3411 516 fidem
3443 500 3460 525 ,
3507 458 3718 528 jamque

2118 556 2398 612 Persarum
2428 555 2559 611 fines
2589 562 2965 624 occupantem,
2995 553 3335 623 aliorumque
3364 551 3712 606 remotiorum

2118 648 2463 703 barbarorum
2486 688 2501 714 ,
2552 660 2870 714 rursumque
2918 646 3054 700 ultra
3096 659 3191 699 eos
3231 656 3589 713 progressam
3613 681 3628 701 ,
3658 656 3716 695 ac

2119 747 2287 794 totum
2312 780 2326 806 ,
2359 747 2417 793 ut
2444 738 2515 793 ita
2543 738 2715 793 dicam
2743 778 2761 803 ,
2793 738 2981 793 orbem
3004 744 3364 805 occupantem
3398 751 3415 788 :
3448 733 3716 789 cruciaba-

2118 841 2208 886 tur
2227 833 2407 887 animo
2431 842 2485 887 et
2503 832 2814 901 angebatur,
2841 830 3207 901 Ecclesiisque
3227 829 3444 884 bellum
3466 827 3721 898 parabat.

2120 927 2398 997 ignorabat
2419 938 2595 981 autem
2610 924 2790 981 infelix
2806 940 2865 980 se
2892 933 3078 980 contra
3097 924 3383 979 stimulum
3415 922 3713 978 calcitrare.

2119 1020 2198 1074 Ac
2223 1019 2396 1089 primo
2425 1018 2639 1087 quidem
2678 1016 3185 1087 Jerosolymitanum
3226 1014 3505 1085 templum
3525 1055 3544 1078 ,
3583 1013 3721 1084 quod

2120 1110 2359 1167 funditus
2384 1109 2584 1166 Christi
2605 1111 2772 1164 virtus
2788 1110 3040 1174 diruerat,
3066 1118 3381 1165 restaurare
3405 1108 3716 1171 conabatur,

2121 1206 2438 1277 gentilisque
2468 1203 2628 1258 homo
2650 1218 2737 1258 res
2763 1202 3071 1258 Judteorum
3104 1201 3439 1271 procurabat
3466 1242 3482 1267 ,
3513 1199 3717 1253 virtutis

2122 1297 2316 1353 Christi
2348 1295 2639 1366 periculum
2670 1293 2794 1349 inde
2838 1293 3015 1350 facere
3041 1293 3267 1359 volens;
3317 1300 3379 1346 et
3418 1292 3606 1346 accitis
3629 1290 3719 1345 Ju—

2122 1388 2252 1445 dmis
2275 1388 2611 1459 quibusdam,
2631 1388 2800 1459 iisque
2815 1387 3117 1442 sacriﬁeire
3135 1386 3305 1456 jussis
3319 1385 3477 1458 (nam
3500 1384 3721 1454 majores

2122 1495 2306 1536 eorum
2334 1480 2546 1535 dicebat
2588 1482 2692 1535 hoc
2729 1478 2906 1534 cultus
2951 1493 3147 1549 genere
3192 1493 3327 1532 usos
3375 1474 3563 1547 esse),
3606 1491 3719 1531 cum

2121 1574 2291 1631 Judmi
2321 1590 2388 1631 eo
2413 1575 2760 1645 confugerent
2782 1614 2798 1641 ,
2830 1580 2890 1627 ut
2919 1587 3026 1627 non
3068 1571 3147 1626 fas
3175 1586 3299 1627 esse
3326 1572 3438 1626 sibi
3469 1571 3720 1633 dicerent,

2124 1666 2325 1736 templo
2367 1666 2545 1721 diruto
2580 1674 2730 1721 extra
2777 1673 3014 1720 veterem
3057 1665 3389 1733 metropolin
3423 1663 3477 1717 id
3527 1663 3715 1727 facere,

2119 1758 2269 1830 jubet
2295 1758 2547 1828 pecunias
2576 1773 2643 1812 ex
2681 1757 3025 1826 imperatorio
3061 1756 3256 1809 aerario
3280 1755 3541 1824 accipere
3560 1794 3576 1819 ,
3605 1767 3721 1806 nec-

2126 1867 2231 1907 non
2267 1852 2368 1906 alia
2397 1851 2573 1907 omnia
2616 1849 2683 1905 ad
2717 1858 3040 1905 structuram
3084 1849 3397 1903 necessaria
3420 1890 3436 1914 ,
3479 1847 3722 1916 abireque

2124 1942 2482 1999 instauratum
2510 1941 2765 2012 templum
2791 1982 2806 2007 ,
2833 1955 2897 1996 ac
2922 1952 3157 1995 veterem
3188 1941 3589 2013 sacrificiorum
3618 1953 3719 1993 mo-

2125 2048 2240 2089 rem
2279 2035 2585 2105 rcpetitum.
2628 2034 2764 2089 Tum
2792 2034 2939 2089 stulti
2971 2033 3086 2099 illi,
3124 2032 3192 2088 ab
3219 2042 3379 2088 utero
3409 2042 3649 2087 errantes
3673 2038 3720 2085 ct

2125 2125 2193 2181 ad
2218 2140 2381 2181 canos
2422 2141 2591 2195 usque
2633 2126 2819 2196 puerili
2846 2133 3065 2194 egentes
3109 2124 3457 2180 institutione
3481 2164 3496 2189 ,
3532 2123 3721 2178 disces-

2126 2225 2346 2285 serunt,
2394 2226 2455 2272 ut
2500 2217 2827 2288 lmperatore
2866 2216 3077 2273 favente
3109 2232 3223 2273 rem
3264 2221 3635 2288 peragerent:
3664 2227 3720 2268 ac

2126 2310 2304 2365 statim
2326 2320 2485 2382 atque
2511 2310 2735 2367 humum
2766 2327 2988 2383 egerere
3016 2311 3346 2381 coepissent,
3379 2310 3523 2382 ignis
3548 2324 3579 2364 e
3605 2307 3716 2361 fun-

2126 2400 2388 2457 damentis
2416 2403 2668 2458 exsiliens
2697 2417 2790 2458 eos
2819 2404 2997 2458 statim
3026 2403 3387 2471 consumpsit.
3432 2402 3528 2455 His
3556 2400 3716 2467 Impe-

2125 2494 2292 2549 ratori
2319 2494 2574 2550 nuntiatis
2601 2509 2707 2550 non
2734 2494 2875 2549 ultra
2920 2509 3034 2548 rem
3080 2508 3407 2563 promovere
3433 2504 3596 2546 ausus
3622 2497 3716 2552 est,

2125 2600 2274 2643 metu
2322 2588 2529 2643 scilicet
2582 2586 2907 2654 cohibente;
2967 2600 3141 2655 neque
3192 2593 3377 2661 tamen
3425 2583 3497 2637 ab
3545 2592 3719 2636 errore

2126 2678 2429 2735 daamonum
2451 2718 2466 2744 ,
2504 2679 2696 2749 quibus
2728 2679 2884 2749 plane
2911 2678 3161 2733 subditus
3203 2686 3346 2742 erat,
3379 2671 3600 2730 liberari
3627 2683 3713 2724 vo-

2127 2773 2253 2838 luit;
2285 2773 2496 2829 interim
2524 2782 2699 2827 tamen
2724 2771 2940 2843 paulum
2965 2770 3191 2841 quievit.

2200 2864 2388 2919 Modus
2427 2864 2821 2937 persequutionis
2860 2864 2953 2917 sub
2976 2862 3208 2916 Iuliano.
3250 2890 3325 2901 —
3354 2858 3513 2915 Brevi
3544 2862 3713 2926 postea

2128 2964 2369 3026 tempore
2398 2971 2587 3010 vanam
2618 2954 2800 3010 itidem
2828 2969 3046 3024 operam
3074 2953 3345 3023 suscepit,
3380 2966 3489 3005 non
3513 2946 3713 3019 quidem

2126 3063 2289 3105 ausus
2311 3050 2446 3105 ultra
2473 3049 2727 3119 templum
2761 3058 3076 3103 construere
3099 3089 3115 3115 ,
3151 3046 3244 3103 sed
3277 3046 3562 3101 nobiscum
3590 3039 3715 3096 veli-

2128 3144 2418 3199 tationibus
2463 3157 2698 3213 pugnare
2732 3142 2919 3197 volens
2952 3158 2967 3195 :
3007 3149 3199 3209 aperto
3234 3140 3382 3193 enim
3428 3145 3598 3193 marte
3623 3144 3712 3186 nos
3790 3144 3797 3153 '

2126 3234 2325 3290 adoriri
2352 3234 2527 3289 adhuc
2552 3233 2833 3290 differebat
2860 3251 2874 3288 :
2901 3232 3002 3287 hac
3027 3248 3132 3287 una
3157 3241 3212 3287 et
3238 3232 3416 3303 prima
3450 3229 3521 3284 de
3543 3238 3710 3290 causa,

2126 3326 2269 3395 quod
2319 3340 2603 3396 persuasus
2627 3332 2771 3380 esset
2799 3337 2860 3379 se
2884 3323 2937 3378 id
2985 3324 3180 3377 frustra
3207 3330 3536 3377 teutatnrum
3565 3328 3710 3378 esse;

2128 3417 2365 3472 secunda
2385 3432 2551 3485 vero,
2590 3431 2660 3472 ne
2697 3416 2852 3472 nobis
2890 3416 3226 3471 occasionem
3256 3414 3525 3484 praeberet
3546 3417 3602 3464 ut
3626 3422 3707 3461 co-

2126 3523 2261 3563 rona
2289 3508 2528 3579 martyrii
2546 3507 2939 3563 redimiremur.
2971 3506 3083 3560 Hoc
3098 3507 3293 3576 quippe
3320 3499 3701 3560 intolerandum

2126 3598 2252 3668 ipsi,
2295 3605 2351 3653 et
2377 3598 2523 3653 omni
2551 3597 2855 3653 calamitate
2893 3596 3109 3667 gravius
3141 3605 3276 3662 erat,
3306 3598 3352 3651 si
3380 3595 3503 3667 quis
3530 3594 3581 3648 in
3608 3601 3705 3643 tne-

2127 3691 2274 3746 dium
2321 3690 2612 3760 productus
2658 3704 2758 3760 pro
2786 3689 3009 3745 veritate
3050 3703 3223 3761 usque
3270 3688 3340 3744 ad
3396 3694 3616 3742 mortem
3663 3680 3706 3731 in

2126 3781 2450 3837 cruciatibus
2483 3790 2853 3851 perseveraret
2884 3800 2898 3837 :
2930 3782 3005 3836 ita
3042 3795 3166 3837 sese
3205 3796 3272 3836 ex
3317 3782 3501 3836 animo
3542 3770 3705 3829 inimi-

2126 3889 2248 3929 cum
2299 3881 2543 3929 nostrum
2595 3873 2923 3930 declarabat.
2982 3873 3214 3929 Nov’erat
3255 3874 3445 3939 enim,
3499 3869 3703 3925 noveral

2127 3968 2304 4037 plane,
2331 3967 2377 4022 si
2406 3965 2461 4022 id
2494 3966 2753 4033 auderet,
2784 3982 2976 4023 omnes
3005 3983 3102 4037 pro
3125 3966 3339 4022 Christo
3366 3947 3567 4021 animas
3594 3970 3703 4015 suas

2126 4060 2425 4116 tradituros
2472 4076 2629 4127 esse;
2687 4062 2954 4131 malignus
3001 4069 3182 4116 autem
3228 4068 3283 4114 et
3328 4058 3551 4114 callidus
3593 4063 3700 4107 cum

2127 4162 2293 4219 esset,
2311 4167 2404 4207 eos
2429 4153 2520 4223 qui
2545 4153 2615 4206 ob
2642 4162 2916 4222 peccatum
2937 4152 3203 4221 quoddam
3228 4150 3486 4206 Ecclesia:
3515 4141 3699 4217 princi-

2128 4246 2285 4316 pibus
2328 4260 2514 4316 pinnas
2555 4244 2868 4311 dedissent,
2919 4254 3012 4299 aut
3049 4259 3080 4299 a
3111 4242 3430 4313 praefectura
3470 4235 3699 4311 quapiam
3744 4314 3753 4321 I

2127 4340 2292 4394 amoti
2312 4347 2498 4394 essent
2519 4379 2536 4403 ,
2580 4338 2782 4393 liberos
2811 4351 3000 4393 omnes
3027 4337 3223 4407 ubique
3252 4335 3583 4395 dimittebat,
3609 4326 3699 4381 hoc

2128 4432 2289 4487 modo
2323 4430 2664 4502 nequissimis
2691 4438 3012 4500 potestatem
3052 4430 3293 4484 tribuens
3315 4470 3331 4496 ,
3365 4422 3609 4483 Ecclesia!
3634 4417 3699 4471 le-

2128 4538 2221 4594 ges
2262 4532 2512 4579 evertens
2561 4530 2910 4591 mutuumque
2958 4522 3099 4576 inter
3136 4535 3231 4576 eos
3273 4519 3572 4575 conﬂictum
3597 4520 3697 4563 m0-

2127 4630 2259 4670 vens
2288 4633 2302 4669 :
2331 4630 2455 4669 nam
2485 4622 2786 4684 expugnatu
2831 4611 3014 4667 faciles
3052 4610 3270 4667 demum
3299 4610 3503 4665 futuros
3529 4611 3696 4673 spera'

2127 4706 2241 4773 bat,
2267 4721 2390 4762 cum
2414 4720 2533 4760 sese
2556 4704 2806 4760 intestino
2829 4702 2969 4758 bello
2993 4701 3474 4771 consumpsissent.
3518 4694 3695 4762 Quem-

2128 4799 2251 4854 dam
2280 4799 2444 4854 etiam
2483 4806 2595 4855 tum
2645 4811 2912 4867 perversa:
2959 4795 3220 4849 doctrinae
3245 4835 3261 4859 ,
3308 4801 3422 4847 tum
3458 4780 3693 4855 improba!

2129 4894 2251 4946 vita:
2280 4904 2469 4957 causa,
2509 4889 2874 4947 ecclesiastico
2904 4888 3204 4958 principatu
3237 4886 3470 4956 pulsum,
3499 4873 3694 4935 nomine

2131 4983 2460 5054 Stephanum
2486 5023 2501 5049 ,
2541 4982 2693 5053 jubet
2730 4996 2944 5036 rursum
2975 4979 3234 5033 doctrina:
3278 4977 3522 5031 thronum
3554 4978 3693 5059 οῆειιξ

2132 5090 2260 5144 pare
2288 5119 2304 5143 ,
2346 5083 2508 5143 atque
2556 5072 2889 5126 Dominicum
2938 5085 3130 5125 nomen
3157 5109 3173 5133 ,
3222 5067 3397 5137 quoad
3441 5064 3551 5133 ejus
3590 5055 3691 5144 fieri

2133 5141 2323 5234 patuit,
2352 5141 2692 5233 exstinguere
2720 5160 2963 5226 curabat,
2995 5158 3245 5215 Galilaeos
3274 5172 3371 5227 pro
3398 5141 3685 5211 Christianis

2130 5273 2230 5312 nos
2261 5265 2370 5311 tum
2394 5257 2447 5311 in
2468 5255 2659 5311 edictis
2692 5256 2806 5310 suis
2829 5268 3047 5320 vocans,
3079 5263 3188 5315 tum
3207 5251 3470 5321 principes
3493 5252 3547 5298 ut
3569 5237 3688 5337 idet“

2132 5352 2367 5407 facerent
2402 5350 2713 5406 adhortans.
2765 5348 2912 5406 Inter
2938 5355 3017 5403 tot
3051 5346 3202 5417 signa
3234 5355 3411 5400 autem
3435 5384 3449 5408 ,
3487 5346 3540 5393 ut
3573 5330 3685 5389 dixi.

2132 5458 2255 5513 qua:
2288 5458 2384 5513 per
2417 5441 2609 5496 famem
2636 5449 2691 5495 et
2732 5439 3028 5495 siccitatem
3061 5438 3392 5499 edebantur,
3428 5435 3479 5488 in
3523 5422 3685 5519 cadet“

2132 5508 2308 5589 adhuc
2350 5532 2682 5603 impudentia
2718 5546 2782 5587 ac
2808 5530 3004 5586 duritie
3044 5528 3437 5610 perseverabat.

2132 5627 2436 5697 tionemque
2473 5624 2742 5680 Persicam
2794 5631 3175 5692 suscepturus,
3226 5605 3372 5673 tanto
3417 5626 3530 5672 cum
3569 5605 3683 5659 fastu

2131 5718 2465 5775 descendens
2501 5733 2564 5773 ac
2590 5718 2633 5773 si
2674 5725 2837 5771 totam
2867 5714 3214 5770 barbarorum
3245 5719 3454 5782 gentem
3480 5702 3676 5798 vaslttlu'

2134 5824 2229 5867 rus
2253 5820 2432 5881 esset,
2473 5818 2754 5866 sescentas
2783 5809 2937 5865 nobis
2968 5807 3137 5863 minas
3162 5805 3471 5867 intentabat,
3504 5795 3674 5867 jactur
