4032 6482
421 304 525 364 559

420 428 595 491 λέγων
629 419 768 493 μετά
796 420 895 492 τὴν
941 418 1152 475 ἐκεῖθεν
1187 419 1449 473 ἐπάνοδον
1490 417 1695 479 πάντας
1742 414 1913 486 ἄρδην
1963 414 2097 467 ἀπο-

420 510 555 565 λεῖν.
589 510 830 580 Πόλεμον
860 510 970 581 γάρ
1014 508 1163 578 αὐτῷ
1211 506 1401 560 τοῦτον
1431 501 1570 560 εἶναι
1602 506 1777 559 ἐδόκει
1826 503 1919 559 τοῦ
1954 504 2097 572 Περ-

423 600 578 654 σικοῦ
616 598 1028 670 χαλεπώτερον,
1061 597 1155 649 καὶ
1194 597 1305 649 δεῖν
1359 594 1625 667 πρότερον
1673 591 2101 664 κατορθώσαντα

423 691 631 742 ἐκεῖνον
660 687 752 741 τὸν
778 687 1008 751 ἐλάττω,
1042 686 1164 738 τότε
1198 685 1292 737 ἐπὶ
1318 684 1408 737 τὸν
1437 685 1662 755 μείζονα
1684 680 1875 737 τοῦτον
1899 680 2097 735 ἐλθεῖν.

423 777 535 831 Kal
586 775 763 830 ταῦτα
805 777 938 845 ἡμῖν
989 776 1040 827 οἱ
1094 776 1191 845 τῆς
1234 771 1460 844 γνώμης
1517 770 1667 842 αὐτῷ
1713 768 2102 833 κοινωνοῦντες

422 864 787 935 ἀπήγγελλον.
807 864 953 918 Ζέων
978 863 1034 916 δέ
1066 862 1141 933 τῷ
1167 861 1288 915 καθ’
1318 861 1476 931 ἡμῶν
1499 858 1677 931 θυμῷ,
1705 860 1802 912 καὶ
1831 857 1955 912 καθι
1982 859 2103 910 ἐκά-

424 970 556 1025 στην
579 954 794 1025 ἡμέραν
838 952 999 1024 πρὸς·
1012 951 1235 1022 μείζονα
1268 950 1464 1021 μανίαν
1502 948 1813 1020 αἰρόμενος,
1839 946 2100 999 οὐδέποτε

422 1042 516 1094 ἐπὶ
543 1042 642 1111 τῆς
679 1041 850 1111 αὐτῆς
888 1040 1074 1093 ἵστατο
1106 1038 1350 1108 γνώμης,
1382 1036 1517 1091 ἀλλά
1544 1036 1645 1105 τὴν
1670 1034 1943 1106 προτέραν
1979 1032 2100 1103 βου-

420 1129 516 1201 λὴν
544 1130 899 1201 ἀποθέμενος,
931 1128 1094 1182 πάλιν
1123 1127 1339 1197 ήπείλει
1377 1126 1469 1179 τὸν
1511 1124 1752 1195 διωγμὸν
1794 1126 1946 1195 ἡμῖν.
1970 1121 2102 1175 Βου-

419 1219 645 1289 λόμενος
665 1220 723 1272 δὲ
745 1219 906 1272 αὐτὸν
929 1220 956 1271 ὀ
978 1217 1109 1281 Θεὸς
1134 1215 1601 1288 ἀνακρούσασθαι,
1637 1215 1728 1268 καὶ
1749 1212 2100 1267 καταστεῖλαι

420 1305 843 1376 φλεγμαίνοντα,
879 1305 1128 1377 ἐπήγαγε
1160 1303 1324 1357 πάλιν
1368 1302 1522 1355 τουτί
1556 1302 1615 1355 τὸ
1657 1303 1900 1372 σημεῖον,
1946 1301 2004 1353 ἐν
2032 1301 2098 1371 τῇ

418 1395 602 1464 Δάφνῃ
634 1394 695 1446 τὸ
723 1392 837 1465 πῦρ
861 1394 954 1445 ἐπὶ
979 1392 1070 1447 τὸν
1100 1391 1237 1447 νεὼν
1265 1392 1444 1461 ἀφείς.

488 1489 593 1551 κγ’.
628 1481 688 1535 Ὀ
720 1482 776 1534 δὲ
793 1482 914 1535 οὐδέ
930 1480 1075 1535 οὐτω
1094 1480 1380 1550 καθυφῆκε
1406 1480 1501 1534 τοῦ
1528 1479 1723 1551 θυμοῦ,
1754 1477 1968 1549 ἀλλὰτῇ
2002 1479 2100 1550 τῆς

416 1570 693 1641 ἡμετέρας
722 1568 1017 1640 λεηλασίας
1046 1568 1315 1641 ἐπιθυμίᾳ
1342 1568 1835 1640 διαρρηγνύμενος,
1861 1569 1982 1622 οὐδὲ
2009 1568 2102 1621 τὸν

415 1660 610 1731 καιρὸν
650 1659 709 1712 ὃν
756 1658 1056 1730 ἠπείλησεν
1102 1657 1316 1728 ἔμενεν,
1360 1656 1496 1710 ἀλλὰ
1530 1658 1620 1710 τὸν
1661 1658 1951 1728 Εὐφράτην
1986 1657 2103 1710 δια-

417 1746 628 1802 ϐαίνειν
664 1746 876 1818 μέλλων
923 1747 1234 1816 ἀπόπειραν
1286 1748 1522 1799 ἐποιεῖτο
1564 1744 1674 1801 τῶν
1727 1745 2099 1817 στρατιωτῶν,

419 1834 518 1888 καί
549 1852 703 1898 τινας
745 1834 1149 1905 εὐαριθμήτους
1180 1834 1442 1905 κολακείᾳ
1486 1833 1822 1904 διαφθείρας,
1858 1835 1982 1897 τοὺς
2006 1835 2102 1889 ἀν·

420 1923 760 1995 ιτὶιστάντας
792 1923 853 1977 οὐ
879 1923 1151 1994 παρέλυσε
1172 1923 1270 1992 τῆς
1292 1923 1598 1995 στρατείας,
1622 1920 1873 1980 δεδοικὼς
1896 1921 1971 1993 μὴ
1989 1922 2102 1975 δια-

419 2015 626 2084 στήσας
662 2012 859 2077 αὐτούς
913 2011 1299 2083 ἀσθενέστερον
1336 2012 1638 2083 ἐργάσηται
1674 2010 1751 2083 τῷ
1790 2011 1978 2084 Πέρσῃ
2008 2013 2100 2065 τὸν

421 2102 675 2174 στρατόν.
770 2137 793 2155 ε

491 2191 586 2255 Τίς
639 2192 774 2261 ἡμῖν
816 2189 1002 2244 λοιπὸν
1047 2189 1118 2244 τὰ
1159 2189 1411 2244 ἐντεῦθεν
1458 2187 1778 2260 διηγήσεται
1804 2226 1818 2250 ,
1858 2187 1953 2241 καί
1990 2186 2099 2240 τῶν

420 2278 564 2333 κατά
586 2278 686 2349 τὴν
714 2278 812 2351 ἐρη
823 2295 941 2349 μον,
974 2278 1199 2333 καὶτῶν
1227 2278 1369 2331 κατά
1404 2277 1505 2349 τὴν
1540 2276 1834 2341 θάλατταν,
1867 2276 1962 2329 καὶ
1989 2276 2099 2331 τῶν

420 2367 564 2421 κατὰ
598 2365 697 2439 τὴν
724 2367 1023 2436 Αἴγυπτον,
1051 2368 1142 2421 ὅτε
1171 2367 1200 2419 ὁ
1225 2365 1550 2437 ἀναίσθητος
1577 2365 1786 2428 ἐκεῖνος
1810 2364 2100 2430 ἐκολάζετο

419 2454 652 2527 Φαραὼ,
692 2457 789 2510 καὶ
837 2456 1038 2519 πάντες
1072 2455 1526 2520 κατεποντίζοντο
1545 2495 1560 2520 ,
1610 2454 1743 2507 ὄντα
1776 2452 1957 2523 πολλῷ
2002 2471 2100 2522 φο-

419 2542 737 2616 ϐερώτερας
774 2543 1046 2616 Καθάπερ
1075 2543 1187 2615 γὰρ
1217 2542 1364 2606 τότε,
1400 2543 1523 2596 ἐπεὶ
1563 2542 1755 2612 μηδενί
1790 2542 1900 2595 τῶν
1931 2542 2101 2595 τοιού-

417 2649 531 2686 των
552 2628 694 2698 εἷξαι
729 2632 1050 2703 συμφορῶν,
1079 2632 1176 2686 καὶ
1221 2630 1476 2700 γενέσθαι
1512 2630 1735 2701 βελτίων
1780 2631 2046 2703 ἠθέλησεν
2071 2633 2100 2685 ό

420 2721 741 2789 Αἰγύπτιος,
777 2720 929 2784 τέλος
959 2719 1124 2773 αὐτὸν
1160 2719 1257 2772 σὺν
1309 2719 1458 2790 αὐτῷ
1489 2718 1569 2790 τῷ
1594 2720 1946 2791 στρατοπέδῳ
1973 2736 2102 2772 κατ-

422 2809 632 2863 έδυσεν·
654 2807 798 2862 οὕτω
831 2809 925 2862 καὶ
951 2807 1068 2876 νῦν,
1101 2808 1288 2879 ἐπειδὴ
1320 2809 1458 2880 πρὸς
1487 2809 1666 2861 πάντα
1702 2807 1935 2872 ἀναιδῶς
1966 2808 2097 2881 ἐστη

421 2895 514 2949 τοῦ
544 2895 680 2950 Θεοῦ
706 2896 774 2950 τὰ
801 2897 1066 2968 τεράστια
1093 2909 1142 2962 ι,
1171 2897 1266 2951 καὶ
1304 2896 1457 2950 οὐδὲν
1504 2897 1600 2950 ἀπ’
1628 2895 1810 2950 αὐτῶν
1840 2896 2099 2968 κερδᾶναι

418 2984 707 3054 ἠθέλησεν,
747 2984 863 3039 ἀλλ’
896 2986 1089 3057 ἔμενεν
1117 2986 1464 3057 ἁδιόρθωτος,
1496 2988 1611 3049 τοῖς
1650 2986 1907 3057 ἐσχάτοις
1937 2986 2099 3041 αὐτὸν

422 3071 608 3127 λοιπὸν
652 3072 945 3143 περιέβαλε
981 3077 1196 3139 κακοῖς,
1231 3075 1296 3128 ἵν’
1327 3075 1518 3147 ἐπειδὴ
1541 3077 1655 3137 τοῖς
1687 3075 1894 3145 ἐτέρων
1935 3074 2098 3139 αὐτὸς

423 3159 860 3232 σωφρονισθῆναι
914 3161 1016 3214 οὐκ
1065 3161 1366 3232 ἠνέσχετο,
1423 3164 1537 3225 τοῖς
1589 3160 1753 3216 αὐτοῦ
1809 3162 2098 3233 παθήμασι

421 3247 685 3317 γένωνται
734 3247 976 3319 βελτίους
1024 3248 1223 3320 ἕτεροι,
1260 3250 1316 3302 Ὀ
1353 3249 1461 3321 γάρ
1508 3249 1776 3313 τοσαύτας
1829 3250 2100 3321 μυριάδας

424 3337 773 3408 στρατιωτῶν
806 3336 1160 3405 καταγαγὼν,
1210 3338 1343 3401 ὅσας
1381 3337 1557 3402 οὐδεὶς
1600 3338 1710 3391 τῶν
1744 3337 2101 3408 βασιλευσάν-

419 3441 529 3477 των
546 3424 696 3491 ποτὲ,
725 3425 819 3478 καὶ
853 3426 1032 3479 πᾶσαν
1049 3425 1148 3498 τὴν
1174 3426 1398 3497 Περσῶν
1443 3425 1503 3492 ἐξ
1526 3426 1826 3499 ἐπιδρομῆς
1858 3427 1954 3481 καὶ
1969 3428 2103 3481 ἀπο-

421 3513 543 3583 νητί
565 3513 943 3585 προσδοκήσας
975 3514 1139 3578 ἑλεῖν,
1172 3513 1323 3587 [576]
1342 3513 1515 3579 οὕτως
1540 3515 1742 3579 ἀθλίως
1777 3514 1983 3588 ἔπραξε
2007 3518 2100 3570 καὶ

422 3601 692 3666 ἐλεεινῶς,
726 3601 803 3665 ὡς
847 3603 1121 3671 γυναικῶν
1161 3603 1361 3673 μᾶλλον
1408 3604 1504 3658 καὶ
1547 3604 1778 3658 παιδίων
1816 3605 2030 3676 μικρῶν
2062 3606 2096 3676 ἦ

421 3687 633 3758 ἀνδρῶν
661 3690 1025 3761 στρατόπεδον
1053 3691 1193 3761 ἔχων
1222 3692 1339 3761 μεθ’
1363 3691 1583 3746 ἐαυτοῦ.
1607 3692 1833 3762 Πρῶτον
1861 3694 1959 3763 μὲν
1991 3693 2099 3767 γὰρ

425 3778 505 3840 εἰς
533 3777 805 3849 τοσαύτην
833 3778 1033 3841 αὐτοὺς
1066 3779 1313 3849 ἀνάγκην
1341 3779 1448 3833 ὑπὸ
1479 3780 1580 3850 τῆς
1609 3781 1815 3844 οἰκείας
1840 3780 2099 3846 ἀϐουλίας

426 3864 786 3935 κατέστησεν,
819 3864 963 3918 ὥστε
1014 3866 1249 3920 ἱππείων
1304 3866 1718 3935 ἀπογεύσασθαι
1767 3868 1972 3939 κρεῶν.
2004 3870 2100 3924 καὶ

421 3953 549 4015 τοὺς
585 3953 683 4023 μὲν
715 3953 794 4024 τῷ
827 3953 991 4025 λιμῷ,
1016 3956 1145 4016 τούς
1171 3955 1230 4009 δὲ
1255 3954 1334 4027 τῷ
1360 3956 1502 4025 δίψει
1538 3956 1939 4027 διαφθαρέντας
1964 3958 2100 4011 ἀπο-

423 4040 630 4094 θανεῖν.
659 4040 930 4114 Καθάπερ
961 4042 1069 4115 γὰρ
1086 4047 1200 4107 τοῖς
1230 4043 1472 4116 Πέρσαις
1504 4045 1849 4116 στρατηγῶν,
1883 4045 1980 4099 καὶ
1998 4047 2100 4099 οὐκ

422 4128 667 4193 ἐκείνους
707 4128 848 4184 ἑλεῖν
873 4170 889 4195 ,
943 4130 1079 4186 ἀλλά
1123 4135 1251 4197 τοὺς
1295 4133 1528 4198 οἰκείους
1568 4134 1754 4199 αὐτοῖς
1805 4134 2099 4207 προδοῦναι

330 4216 333 4218 ’
425 4216 762 4285 σπουδάζων,
792 4218 968 4282 οὕτως
997 4221 1196 4285 αὐτοὺς
1225 4222 1304 4285 εἰς
1329 4222 1506 4293 χωρία
1533 4222 1874 4277 συνέκλεισεν
1896 4222 2096 4294 ἄπορα,

423 4305 517 4359 καὶ
549 4305 707 4377 μόνον
731 4307 852 4378 ούχί
876 4308 1048 4379 δήσας
1081 4308 1421 4381 παρέδωκεν.
1463 4310 1627 4364 Ἀλλά
1656 4311 1838 4375 πάσας
1877 4311 1977 4383 μὲν
1999 4312 2098 4377 τάς

423 4394 542 4446 ἐκεῖ
569 4394 869 4464 γενομένας
919 4397 1245 4468 συμφορὰς,
1296 4395 1420 4451 οὐτε
1440 4398 1551 4451 τῶν
1607 4399 1824 4453 ἰδόντων
1870 4416 1955 4462 τις
2004 4400 2100 4453 καὶ

423 4483 620 4554 πεῖραν
653 4482 955 4555 εἰληφότων
996 4485 1285 4555 δυνήσεται
1326 4485 1576 4539 διελθεῖν·
1608 4485 1754 4540 οὓτω
1782 4488 1962 4541 πᾶσαν
1989 4488 2097 4540 ἀπ-

422 4568 662 4639 έκρυψεν
688 4571 718 4612 ι)
749 4569 1077 4643 ὑπερϐολήνο
1106 4569 1182 4635 ὡς
1205 4571 1260 4624 δὲ
1283 4572 1342 4624 ἐν
1372 4571 1653 4645 κεφαλαίῳ
1676 4576 1872 4637 εἰπεῖν,
1906 4574 2102 4627 πεσόν-

422 4672 514 4718 τος
539 4655 703 4710 αὐτοῦ
733 4656 976 4729 αἰσχρῶς
1010 4658 1102 4711 καί⁵
1135 4657 1388 4722 ἐλεεινῶς
1409 4676 1422 4689 ·
1470 4659 1521 4711 οἰ
1555 4660 1654 4729 μὲν
1685 4660 1798 4731 γὰρ
1827 4659 1933 4713 ὑπό
1952 4676 2099 4724 τινος

422 4742 532 4795 τῶν
578 4746 923 4817 σκευοφόρων
978 4749 1092 4810 τοῖς
1132 4745 1369 4817 παροῦσι
1408 4746 1933 4818 δυσανασχετοῦντος
1965 4747 2100 4819 βλη-

423 4829 588 4885 θέντα
634 4831 925 4888 ἀποθανεῖν
976 4835 1141 4889 αὐτόν
1174 4852 1358 4905 φασινο
1403 4836 1453 4889 οἰ
1496 4836 1578 4899 δέ,
1622 4836 1743 4889 οὐδὲ
1783 4837 1981 4891 εἰδέναι
2008 4835 2098 4890 τὸν

425 4919 643 4988 σφαγέα
668 4919 759 4973 τὸν
790 4922 1001 4976 ἐκείνου
1027 4923 1301 4993 λέγουσιν,
1326 4922 1445 4978 ἀλλ’
1473 4925 1553 4977 ὅτι
1583 4924 1744 4995 μόνον
1768 4925 1983 4997 ἐπλήγη
2005 4927 2100 4980 καὶ

423 5006 800 5077 παρεκάλεσεν
839 5011 920 5074 εἰς
958 5010 1058 5080 τὴν
1101 5011 1342 5066 Κιλίκων
1377 5013 1617 5083 ταφῆναι
1648 5012 1787 5083 γῆν,
1835 5012 1964 5065 ἔνθα
2005 5015 2100 5067 καὶ

423 5098 599 5150 κεῖται
642 5095 758 5151 νῦν.
800 5098 1064 5163 Πεσόντος
1109 5100 1173 5173 δὴ
1206 5098 1298 5157 οῦν
1345 5101 1518 5166 οὔτως
1560 5101 1828 5174 αἰσχρῶς,
1865 5101 2100 5174 ὁρῶντες

423 5185 481 5237 ἐν
502 5185 752 5257 ἐσχάτοις
800 5187 999 5251 αὐτοὺς
1048 5187 1205 5255 ὄντας
1253 5192 1303 5245 οἰ
1339 5190 1691 5264 στρατιῶται,
1752 5189 2097 5262 προσέπεσον

422 5275 534 5336 τοῖς
585 5273 833 5346 ἐχθροῖς,
886 5275 982 5328 καὶ
1045 5275 1226 5341 δόντες
1268 5279 1466 5350 ὅρκους
1536 5278 1943 5349 ἀποστήσεσθαι
2000 5278 2095 5331 τοῦ

423 5360 642 5415 πάντων
672 5362 1085 5433 ἀσφαλεστάτου
1114 5366 1375 5435 φρουρίου
1401 5375 1451 5431 (⁵,
1483 5365 1580 5420 καὶ
1611 5366 1640 5419 ὃ
1670 5366 1770 5437 τῆς
1795 5366 1919 5419 καθ’
1949 5367 2097 5437 ἡμᾶς

422 5446 744 5520 οἰκουμένης
774 5449 964 5522 ὥσπερ
993 5453 1173 5522 τεῖχος
1199 5447 1268 5523 ἦν
1301 5453 1565 5524 ἀρραγὲς,
1600 5452 2002 5524 φιλανθρώπων
2036 5468 2098 5505 τε

422 5532 676 5603 τυχόντες
707 5536 816 5589 τῶν
846 5538 1158 5609 βαρϐάρων,
1202 5538 1347 5593 οὕτω
1385 5540 1640 5609 διέφυγον
1675 5541 1770 5594 καί
1795 5538 2097 5610 ἐπανῆλθον

423 5619 490 5670 ἐκ
514 5619 722 5675 πολλῶν
760 5623 953 5692 ὀλίγοι.
998 5627 1095 5680 καὶ
1143 5629 1297 5682 αὐτοί
1340 5628 1710 5698 πεπονηκότες
1743 5628 1811 5681 τὰ
1843 5627 2092 5697 σώματα,

487 5728 514 5794 _‘
535 5726 617 5794 Sic
643 5727 794 5794 SayiL
822 5734 875 5778 et
897 5743 1012 5779 mss.
1048 5733 1221 5780 Morel.
1250 5747 1366 5783 vero
1384 5734 1445 5782 τὰ
1470 5734 1660 5794 τέρατα.

486 5783 514 5856 ξ)
536 5790 839 5856 λιιιεξιειιιίιιηιΔ
849 5804 1045 5849 prorsus
1071 5794 1263 5842 Videtur
1283 5783 1573 5856 ἀπέκρυψσίν.

487 5853 507 5877 τ
531 5852 682 5923 Savil.
720 5855 787 5923 et.
811 5851 908 5897 duo
931 5864 1043 5901 mss.
1077 5851 1438 5913 ἀσφαλεστάτου
1473 5851 1712 5920 φρουρίου,
1743 5860 1895 5911 Morel
1942 5861 2097 5920 alwa-

416 5903 649 5962 ὶιστάτου
666 5909 864 5974 χωρίου.

1254 309 1312 383 β.
1348 307 1631 365 JOANNIS
1667 309 2158 367 CHRYSOSTOMI
2196 310 2522 369 ARCHIEP.
2563 311 3116 373 CONSTANTINOP.
3692 294 3697 298 δ
3765 314 3851 372 570

2202 413 2582 485 αἰσχυνόμενοι
2620 417 2720 488 μὲν
2751 419 2836 489 ἐφ’
2866 412 2950 483 οἷς
2988 419 3292 487 συνέθεντο,
3344 421 3775 498 ἀναγκαζόμενοι
3806 432 3853 487 δέ

2200 500 2288 556 διὰ
2312 502 2441 566 τούς
2464 503 2663 574 ὅρκους
2688 505 2995 577 ἀποστῆναι
3023 506 3132 560 τῶν
3160 509 3460 580 πατρικῶν
3483 515 3765 586 κτημάτων
3781 520 3854 573 αὐ-

2199 593 2332 654 τοῖς.
2385 591 2496 645 Καὶ
2539 587 2609 663 ῆν
2667 593 2795 649 ἰδεῖν
2847 596 3031 667 πάσης
3082 597 3474 668 αἰχμαλωσίας
3531 600 3857 675 ἐλεεινότερον
3950 620 3951 623 ‘

2201 676 2405 749 θέαμα·
2451 681 2501 733 οἰ
2533 680 2643 754 γὰρ
2687 683 2788 755 τὴν
2844 684 2999 738 πόλιν
3032 685 3308 751 οἰκοῦντες
3346 689 3593 759 ἐκείνην,
3650 695 3767 764 παρ’
3793 688 3855 749 ὧν

2200 765 2433 836 χάριτας
2481 767 2894 840 προσεδόκησαν
2940 769 3238 842 λήψεσθαι,
3291 774 3385 828 ὅτι
3435 775 3593 847 δίκην
3624 779 3850 848 προὸόλου

2201 853 2414 917 πάντας
2441 855 2570 919 τοὺς
2599 856 2750 910 ἐνδον
2780 858 2841 912 ἐν
2864 858 3048 930 λιμένι
3073 861 3450 933 κατέστησαν,
3501 866 3625 917 ἀντὶ
3669 868 3851 924 πάντων

2202 942 2341 1010 πρὸς
2370 943 2580 1007 πάντας
2616 945 2771 999 αὐτοὶ
2805 946 3242 1019 προδεϐλημένοι
3274 952 3413 1014 τοὺς
3454 951 3729 1017 κινδύνους
3753 958 3848 1023 ἀεὶ,

2202 1029 2357 1100 παρά
2380 1031 2585 1087 τούτων
2611 1032 2679 1087 τὰ
2705 1033 2816 1087 τῶν
2854 1035 3132 1106 πολεμίων
3157 1037 3404 1109 ἔπασχον
3424 1081 3439 1105 ,
3487 1042 3568 1103 εἰς
3605 1039 3851 1115 ἀλλοτρίαν

2206 1122 2663 1191 μετανιστάμενοι
2709 1124 2834 1195 γῆν,
2874 1127 2969 1180 καὶ
3010 1128 3190 1192 οἰκίας
3220 1128 3462 1197 ἀφέντες
3511 1124 3625 1185 καὶί
3652 1135 3848 1204 ἀγροὺς,

2204 1210 2302 1262 καὶ
2331 1210 2550 1264 πάντων
2565 1210 2673 1265 τῶν
2700 1214 2996 1283 κτημάτων
3025 1216 3427 1288 ἀποσπώμενοι
3449 1217 3477 1257 ἀ
3505 1217 3612 1272 τῶν
3635 1236 3851 1292 προγονι-

2203 1296 2334 1358 κῶν.
2362 1300 2458 1352 καὶ
2481 1299 2653 1354 ταῦτα
2682 1300 2787 1355 ὐπὸ
2807 1302 2914 1356 τῶν
2951 1304 3170 1358 οἰκείων
3197 1306 3626 1377 ὑπομείναντες.
3647 1309 3846 1364 Τοιαῦτα

2201 1385 2296 1439 τοῦ
2347 1388 2594 1455 γενναίου
2639 1388 2908 1459 βασιλέως
2951 1391 3438 1467 ἀπολελαύκαμεν.
3470 1397 3515 1449 Τ
3519 1396 3657 1450 αῦτα
3688 1398 3738 1450 δέ
3775 1397 3846 1468 οὐχ

2204 1476 2391 1541 ἁπλῶς
2419 1478 2657 1551 εἴρηται,
2692 1481 2809 1535 ἀλλ’
2845 1481 2987 1536 ῶστε
3013 1482 3177 1538 λῦσαι
3216 1484 3317 1557 τὴν
3348 1486 3595 1558 ἀπορίαν
3634 1485 3732 1540 τῶν
3766 1487 3843 1557 ζη-

2201 1567 2462 1629 τούντων,
2487 1568 2541 1622 τί
2577 1568 2777 1640 δήποτε
2807 1570 2881 1640 μή
2914 1572 3009 1625 τὸν
3039 1571 3267 1642 βασιλέα
3292 1574 3564 1628 ἐκόλασεν
3588 1575 3645 1642 ἐξ
3666 1576 3845 1645 amp

2202 1657 2232 1709 ὀ
2267 1655 2432 1721 Θεός;
2475 1655 2773 1729 Ἐὁουλήθη
2809 1658 2911 1729 μὲν
2949 1660 3060 1731 γὰρ
3097 1660 3262 1713 αὐτὸν
3288 1660 3579 1716 λυττῶντα
3631 1663 3841 1726 πολλάκις

2202 1743 2512 1796 ἀναστεῖλαι
2550 1744 2650 1813 τῆς
2683 1746 2766 1808 εἰς
2795 1745 2858 1799 τὸ
2906 1746 3096 1818 πρόσω
3125 1749 3339 1817 φορᾶς,
3382 1750 3484 1803 καὶ
3527 1752 3639 1813 τοῖς
3680 1749 3847 1820 ἐτέρων

2200 1829 2493 1901 διορθῶσαι
2530 1834 2747 1897 κακοῖςο
2779 1833 2971 1906 ἐπειδὴ
3003 1834 3060 1888 δὲ
3090 1835 3366 1891 ἀντέτεινε
3385 1877 3402 1900 ,
3436 1837 3741 1909 παρέδωκεν
3765 1839 3840 1890 αύ-

2200 1918 2294 1971 τδν
2314 1921 2429 1983 τοῖς
2454 1920 2705 1990 ἐσχάτοις
2726 1925 2938 1986 κακοῖς,
2969 1921 3069 1994 τὴν
3099 1923 3198 1993 μὲν
3232 1924 3417 1996 ἀληθῆ
3440 1926 3556 1978 τῶν
3582 1923 3733 1979 αὐτοῦ
3755 1923 3842 1977 τολ-

2205 2006 2474 2078 μημάτων
2523 2007 2794 2062 ἀντίδοσιν
2838 2010 2982 2064 κατά
3024 2011 3126 2083 τὴν
3180 2013 3435 2086 μεγάλην
3492 2013 3840 2085 ταμιευόμενος

2200 2096 2436 2168 ἡμέραν,
2463 2096 2558 2150 καί
2586 2095 2675 2151 διά
2693 2098 2793 2170 τῆς
2827 2098 3112 2171 παρούσης
3131 2100 3191 2155 δέ
3220 2101 3509 2166 κολάσεως
3525 2104 3649 2166 τούς
3676 2103 3839 2155 ὑπτίω-

2201 2183 2393 2256 τέρους
2421 2184 2721 2250 διανιστάς,
2760 2187 2856 2239 καὶ
2893 2188 3377 2261 σωφρονεστέρους
3409 2189 3605 2245 ποιῶν.
3642 2188 3835 2259 Τοιαύτη

2201 2272 2368 2345 γάρή
2407 2271 2502 2325 τοῦ
2545 2271 2683 2326 Θεοῦ
2720 2274 3073 2347 μακροθυμία
3115 2278 3230 2365 τοῖς
3263 2278 3369 2331 οὐκ
3390 2279 3489 2365 ξίς
3512 2278 3627 2331 δέον
3653 2278 3834 2348 χρωμέ-

2201 2377 2315 2425 νοις
2340 2361 2478 2433 αὐτῇ
2502 2362 2839 2434 πικροτέραν
2872 2363 3012 2435 πρὸς
3047 2363 3112 2418 τὺ
3140 2363 3295 2429 τέλος
3337 2361 3542 2436 ἐπάγει
3570 2368 3663 2438 τὴν
3688 2365 3835 2433 δίκην·

2200 2451 2296 2504 καὶ
2317 2449 2573 2521 καθάπερ
2603 2453 2719 2515 τοῖς
2746 2451 3103 2522 μετανοοῦσιν
3141 2452 3455 2526 ὠφέλιμος,
3487 2454 3628 2509 οὕτω
3648 2455 3730 2507 καὶ
3750 2454 3835 2512 τοῖς

2202 2538 2515 2603 ἀνενδότοις
2565 2540 2661 2592 καὶ
2711 2540 2968 2613 σκληροῖς
3022 2541 3291 2613 μειζόνων
3341 2545 3556 2613 γίνεται
3609 2540 3836 2595 κολάσεων

2200 2628 2495 2699 πρόφασις.
2527 2628 2667 2682 Εἰδὲ
2689 2628 2836 2691 λέγοι
2868 2646 2973 2692 τις·
3009 2629 3077 2682 Τί
3101 2625 3195 2684 οῦν
3222 2630 3283 2683 οὐ
3322 2630 3550 2703 προῄδει
3576 2629 3663 2683 τὸν
3678 2627 3834 2697 τύρανο

2200 2732 2291 2769 νον
2319 2714 2643 2787 ἀδιόρθωτον
2673 2716 2931 2788 ἐσόμενον
2959 2719 2988 2770 ό
3012 2716 3184 2785 Θεός;
3235 2717 3498 2793 ἐροῦμεν,
3531 2718 3611 2771 ὅτι
3652 2712 3832 2787 προῄδει

2205 2804 2326 2876 μέν,
2376 2804 2492 2858 ἀλλ’
2538 2804 2796 2859 οὐδέποτε
2846 2805 3083 2861 παύεται
3134 2806 3224 2861 διὰ
3271 2807 3378 2878 τὴν
3428 2805 3723 2879 πρόγνωσιν
3756 2800 3833 2867 τῆς

2200 2891 2477 2965 ἡμετέρας
2505 2893 2706 2959 κακίας
2747 2894 2817 2948 τὰ
2857 2893 3023 2949 αὐτοῦ
3060 2894 3273 2949 ποιῶν*
3301 2895 3445 2949 ἀλλά
3474 2894 3578 2948 κᾶν
3611 2892 3749 2961 ἡμεῖς
3775 2886 3835 2957 μὴ

2198 2978 2488 3051 δεχώμεθα
2510 2979 2609 3052 τήν
2637 2980 2949 3046 νουθεσίαν,
2985 2981 3151 3047 αὐτὸς
3181 2982 3280 3053 τὴν
3313 2979 3713 3052 φιλανθρωπίαν
3736 2977 3833 3028 ἐπι-

2196 3068 2472 3123 δείκνυται
2494 3068 2596 3141 τήν
2638 3069 2855 3125 ἐαυτοῦ.
2887 3071 2952 3124 Εἰ
2983 3070 3041 3124 δέ
3080 3071 3163 3135 εἰς
3199 3068 3427 3141 μείζονα
3462 3067 3612 3142 [577]
3648 3062 3829 3123 ἑαυτοὺς

2198 3156 2451 3229 ὠθοῦμεν
2478 3157 2649 3222 κακά,
2689 3158 2878 3213 οὐκέτι
2915 3157 3080 3212 τοῦτο
3106 3160 3236 3230 παρ’
3261 3159 3440 3213 αὐτὸν
3460 3156 3508 3222 ί,
3534 3157 3593 3209 οὐ
3614 3154 3692 3208 διὰ
3710 3149 3830 3204 τοῦτο

2203 3250 2730 3322 μακροθυμήσαντα,
2781 3251 2869 3304 ῖνα
2895 3247 3262 3321 ἀπολώμεθα,
3308 3249 3430 3303 ἀλλ’
3460 3249 3551 3302 ῖνα
3592 3242 3826 3310 σωθῶμεν,

2200 3338 2338 3393 ἀλλά
2362 3341 2490 3411 παρ’
2518 3340 2669 3410 ἡμᾶς
2690 3340 2819 3403 τοὺς
2849 3337 3247 3409 ἐξυϐρίσαντας
3278 3328 3501 3408 εἰς’τὴν
3528 3336 3713 3404 ἄφατον
3739 3329 3788 3381 ἀν
3810 3354 3829 3365 ο

2200 3425 2488 3492 εξικακίαν
2537 3425 2726 3481 αὐτοῦ.
2781 3425 2893 3480 Καὶ
2939 3426 3082 3479 οὕτω
3107 3425 3165 3479 δὲ
3212 3425 3316 3496 τῆς
3357 3420 3740 3496 φιλανθρωπίας
3781 3413 3826 3464 τδ

2200 3515 2429 3586 ἄπειρον
2454 3514 2754 3571 δείκνυται.
2792 3513 2962 3568 ὀταν
2987 3512 3098 3584 γὰρ
3131 3511 3206 3585 μὴ
3237 3512 3561 3585 θελήσωμεν
3593 3504 3729 3563 αὐτοὶ
3752 3500 3827 3567 τῆς

2201 3602 2404 3674 πολλῆς
2431 3600 2598 3657 αὐτοῦ
2627 3601 3011 3674 μακροθυμίας
3034 3599 3341 3655 ἀπόνασθαι
3358 3642 3375 3668 ,
3414 3600 3536 3653 τότε
3561 3599 3634 3658 εὶς
3663 3592 3717 3645 τὸ
3742 3586 3825 3641 ἑτέ·

2203 3707 2313 3765 ρων
2347 3692 2373 3731 ε
2404 3690 2574 3762 αὐτὴν
2604 3689 2797 3763 τρέπει
2831 3688 3046 3761 κέρδος,
3086 3687 3367 3759 πανταχοῦ
3409 3687 3471 3741 τό
3499 3701 3558 3738 τε
3582 3674 3827 3765 φιλάνθρω-

2201 3760 2303 3833 πον
2328 3778 2466 3850 ὁμοῦ
2495 3760 2591 3833 καί
2628 3760 2693 3832 τὸ
2733 3760 3044 3848 εὐμήχανον
3087 3774 3402 3836 ἐπιδεικνύς
3420 3792 3434 3807 σ
3465 3774 3603 3844 ὅπερ
3626 3766 3708 3821 καί
3728 3760 3820 3815 τότε

2200 3867 2414 3937 γέγονε.
2450 3868 2562 3922 Καὶ
2602 3869 2632 3921 ό
2669 3867 2772 3938 μὲν
2809 3866 3073 3939 τύραννος
3107 3862 3253 3918 οὕτω
3292 3865 3390 3919 τὸν
3431 3862 3545 3935 βίον
3582 3853 3825 3913 κατέλυσεν

2199 3956 2304 4025 τῆς
2327 3956 2386 4010 δὲ
2414 3956 2613 4027 μανίας
2643 3954 2833 4021 αὐτοῦ,
2869 3955 2964 4009 καί
3002 3953 3106 4024 τῆς
3143 3952 3436 4023 δυνάμεως
3474 3948 3566 4003 τοῦ
3596 3939 3826 4017 μακαρίου

2202 4044 2453 4111 Βαϐύλα,
2506 4043 2738 4114 ἕστηκεν
2767 4043 3139 4113 ὑπομνήματα
3181 4043 3215 4095 ὃ
3250 4057 3311 4094 τε
3341 4039 3480 4103 νεὼς
3509 4036 3598 4091 καὶ
3623 4031 3677 4085 τὸ
3710 4040 3827 4098 μαρ·

2200 4133 2407 4205 τύριον,
2433 4135 2462 4186 ὁ
2486 4132 2585 4202 μὲν
2612 4131 2817 4205 ἔρημος
2841 4129 2938 4194 ὢν,
2961 4130 3024 4183 τὸ
3050 4129 3108 4183 δέ
3132 4128 3231 4201 τὴν
3259 4128 3433 4200 αὐτὴν
3453 4126 3571 4196 ἔχον
3588 4120 3822 4205 ἐνέργειεξν

2199 4198 2508 4294 ἦνέτερκαὶ
2886 4221 2952 4273 Ἦ
2990 4219 3049 4273 δὲ
3079 4198 3286 4290 λάρναξ
3318 4198 3506 4271 οὐκέτι
3550 4207 3695 4263 πάλιν
3718 4198 3821 4255 ἀνά-

2201 4328 2378 4380 γεται,
2409 4310 2501 4363 τοῦ
2546 4308 2682 4363 Θεοῦ
2712 4309 2806 4363 καὶ
2836 4308 2995 4361 τοῦτο
3033 4308 3491 4379 οἰκονομήσαντος
3509 4341 3524 4366 ,
3562 4299 3640 4352 ἵνα
3666 4301 3824 4362 τρανοο

2201 4401 2336 4471 τέρα
2357 4402 2469 4463 τοῖς
2498 4398 2898 4467 ἐπιγινομένοις
2934 4396 3160 4468 γένηται
3198 4394 3306 4449 τῶν
3343 4392 3438 4448 τοῦ
3470 4386 3617 4458 ἁγίου
3662 4389 3820 4471 ut?!”

2202 4461 2470 4560 θωμάτων
2516 4489 2550 4558 ὴ
2594 4461 2816 4556 γνῶσις.
2853 4461 3127 4548 Ἕκαστος
3173 4483 3283 4555 γὰρ
3332 4481 3442 4536 τῶν
3492 4476 3549 4542 ἐξ
3580 4461 3817 4562 ἀλλοτρίας

2199 4556 2445 4648 ἡκόντων
2466 4556 2830 4647 ἐφιστάμενος
2851 4572 2932 4645 τῷ
2959 4572 3133 4643 τόπῳ,
3154 4573 3251 4625 καὶ
3270 4571 3363 4625 τὸν
3388 4569 3627 4643 μάρτυρα
3656 4556 3817 4648 ξητῷνν

2200 4638 2320 4721 εἶτα
2346 4667 2449 4738 οὐχ
2478 4638 2622 4738 ὁρῶν
2660 4638 2797 4725 ἐκεῖ,
2839 4638 3043 4725 εὐθέως
3072 4638 3168 4714 ἐπὶ
3203 4660 3266 4714 τὸ
3299 4638 3527 4731 ζητῆσαι
3555 4638 3819 4738 τὴν-αιτίαν

2199 4734 2449 4828 ἔρχεταιξ
2469 4734 2566 4808 καὶ
2592 4752 2739 4808 οὕτω
2767 4754 2949 4807 πᾶσαν
2976 4751 3077 4823 τήν
3112 4749 3354 4821 ἱστορίαν
3391 4743 3619 4802 ἀκούσας
3644 4734 3809 4828 ἄπεισιν

2201 4822 2367 4899 πλέον
2401 4843 2669 4915 κερδάνας
2697 4842 2731 4912 ἢ
2770 4822 3037 4912 πρότερον
3055 4854 3069 4868 ⁹
3107 4837 3255 4892 οὕτω
3293 4836 3388 4891 καὶ
3426 4822 3811 4915 παραγενέμενσῖ

2197 4935 2265 5005 τῇ
2318 4910 2525 5005 Δάφνη,
2560 4930 2656 4986 καὶ
2698 4910 2863 4983 πάλιν
2898 4910 3069 4999 αὐτὴν
3111 4924 3491 5007 lynca);me
3519 4916 3584 4972 τὰ
3621 4910 3808 4984 μέγιστα

2197 5020 2426 5089 ὀνίνησι.

2268 5074 2506 5182 Τοιαύτη
2537 5109 2709 5181 ἡτῶν
2743 5106 3037 5180 μαρτύρων
3090 5107 3264 5177 ἰσχὺς,
3313 5104 3409 5158 καὶ
3459 5096 3685 5182 ζώντφγυ
3732 5074 3805 5181 "fl

2200 5198 2599 5265 τελευτώντων,
2639 5196 2736 5250 καὶ
2765 5202 2952 5260 τόποις
2992 5193 3376 5264 ἐφισταμένων
3395 5232 3410 5256 9
3446 5188 3533 5243 καὶ
3564 5176 3809 5265 “ﬂuam?

2195 5288 2322 5350 τοὺς
2347 5256 2892 5356 καταλιμΙπανόντων.
2921 5256 3167 5354 Καὶ-γὰρ
3192 5256 3253 5347 ἐξ
3283 5279 3457 5351 ἀρχῆς
3489 5273 3634 5347 μέχρι
3656 5256 3805 5356 iam?

2199 5348 2474 5447 συνῆπται
2511 5348 2579 5428 τά
2632 5370 3038 5445 κατορθώματα
3066 5348 3299 5441 συνεχῆ.
3322 5348 3474 5438 λ’ὁρα
3505 5359 3631 5447 γὰρι
3666 5348 3803 5447 *4“?

2196 5466 2311 5528 τοῖς
2326 5438 2430 5517 ’τοῦ
2463 5461 2600 5516 Θεοῦ
2625 5438 2814 5532 νόμοίς
2848 5438 3248 5531 ὑϐριζομένοιξι
3268 5438 3463 5509 νέλαδεν
3491 5446 3617 5514 ὑπὲρ
3637 5438 3716 5530 τοῦ
3736 5438 3803 5532 ἶ

2196 5521 2588 5621 τελευτηκότος
2625 5521 2815 5619 δίκην,
2868 5521 2937 5619 ἥν
2985 5521 3093 5600 ἔδει
3117 5562 3130 5576 ·
3185 5544 3386 5608 ἔδειξεν
3413 5521 3799 5621 ὅσον

2197 5640 2290 5692 καὶ
2322 5609 2602 5709 βασιλείας
2622 5636 2684 5690 τὸ
2709 5609 2901 5706 μέσον,
2927 5633 3194 5687 κατέλυσε
3219 5633 3396 5687 πάντα
3418 5629 3503 5684 τὸν
3524 5618 3607 5677 τοῦ
3634 5609 3795 5672 κόσμου

2258 5741 2283 5781 τι
2310 5743 2404 5792 Alii
2425 5743 2763 5805 ἀποσχόμενοι.

2263 5806 2291 5867 ’ί
2312 5805 2362 5853 In
2385 5803 2560 5853 Μοτριζ
2650 5804 2798 5867 ἀρχῆς
2815 5803 2976 5852 deest.

2274 5866 2292 5904 ί
2322 5868 2419 5916 Alii
2440 5868 2568 5928 παρὰ
2590 5867 2686 5914 τόν.

2269 5931 2293 5968 ὅ
2328 5929 2478 5978 Smll.
2508 5935 2559 5978 et
2583 5942 2709 5979 unus
2732 5931 2795 5983 εἰς
2816 5928 2870 5976 τὸ
2894 5928 3010 5990 ὑπὲρ
3034 5928 3210 5989 ἐτέρων
