  <div class='ocr_page' id='page_1' title='image "/cluster/home/n/w/nwhite01/storage/ocr_20150623/50:no.2:pt.2/coo.31924054869494/166.png"; bbox 0 0 4032 6436; ppageno 0'>
   <div class='ocr_carea' id='block_1_1' title="bbox 348 395 462 453">
    <p class='ocr_par' dir='ltr' id='par_1_1' title="bbox 348 395 462 453">
     <span class='ocr_line' id='line_1_1' title="bbox 348 395 462 453; baseline -0.026 0"><span class='ocrx_word' id='word_1_1' title='bbox 348 395 462 453; x_wconf 77' lang='grc'><strong>569</strong></span> 
     </span>
    </p>
   </div>
   <div class='ocr_carea' id='block_1_2' title="bbox 344 507 1946 580">
    <p class='ocr_par' dir='ltr' id='par_1_2' title="bbox 344 507 1946 580">
     <span class='ocr_line' id='line_1_2' title="bbox 344 507 1946 580; baseline 0.001 -16"><span class='ocrx_word' id='word_1_2' title='bbox 344 509 550 580; x_wconf 86' lang='lat' dir='ltr'><strong>batque</strong></span> <span class='ocrx_word' id='word_1_3' title='bbox 570 550 585 574; x_wconf 86' lang='lat'><strong>,</strong></span> <span class='ocrx_word' id='word_1_4' title='bbox 627 521 688 563; x_wconf 76' lang='lat' dir='ltr'><strong>se</strong></span> <span class='ocrx_word' id='word_1_5' title='bbox 717 517 837 578; x_wconf 89' lang='lat' dir='ltr'><strong>post</strong></span> <span class='ocrx_word' id='word_1_6' title='bbox 870 507 1100 562; x_wconf 99' lang='lat' dir='ltr'><strong>reditum</strong></span> <span class='ocrx_word' id='word_1_7' title='bbox 1137 523 1238 563; x_wconf 91' lang='lat' dir='ltr'><strong>nos</strong></span> <span class='ocrx_word' id='word_1_8' title='bbox 1261 524 1450 565; x_wconf 86' lang='lat' dir='ltr'><strong>omnes</strong></span> <span class='ocrx_word' id='word_1_9' title='bbox 1477 509 1712 578; x_wconf 80' lang='lat' dir='ltr'><strong>funditus</strong></span> <span class='ocrx_word' id='word_1_10' title='bbox 1737 510 1946 566; x_wconf 85' lang='lat' dir='ltr'><strong>deletu-</strong></span> 
     </span>
    </p>
   </div>
   <div class='ocr_carea' id='block_1_3' title="bbox 345 600 1950 672">
    <p class='ocr_par' dir='ltr' id='par_1_3' title="bbox 345 600 1950 672">
     <span class='ocr_line' id='line_1_3' title="bbox 345 600 1950 672; baseline 0.001 -15"><span class='ocrx_word' id='word_1_11' title='bbox 345 619 473 658; x_wconf 87' lang='lat' dir='ltr'><strong>rum</strong></span> <span class='ocrx_word' id='word_1_12' title='bbox 517 617 658 657; x_wconf 87' lang='lat' dir='ltr'><strong>esse.</strong></span> <span class='ocrx_word' id='word_1_13' title='bbox 715 600 827 656; x_wconf 84' lang='lat' dir='ltr'><strong>lloc</strong></span> <span class='ocrx_word' id='word_1_14' title='bbox 854 601 1050 671; x_wconf 85' lang='lat' dir='ltr'><strong>quippe</strong></span> <span class='ocrx_word' id='word_1_15' title='bbox 1096 601 1294 656; x_wconf 82' lang='lat' dir='ltr'><strong>bellant</strong></span> <span class='ocrx_word' id='word_1_16' title='bbox 1341 602 1557 657; x_wconf 89' lang='lat' dir='ltr'><strong>Persico</strong></span> <span class='ocrx_word' id='word_1_17' title='bbox 1592 603 1694 658; x_wconf 87' lang='lat' dir='ltr'><strong>sibi</strong></span> <span class='ocrx_word' id='word_1_18' title='bbox 1736 604 1950 672; x_wconf 84' lang='lat' dir='ltr'><strong>gravius</strong></span> 
     </span>
    </p>
   </div>
   <div class='ocr_carea' id='block_1_4' title="bbox 345 693 1949 766">
    <p class='ocr_par' dir='ltr' id='par_1_4' title="bbox 345 693 1949 766">
     <span class='ocr_line' id='line_1_4' title="bbox 345 693 1949 766; baseline 0.003 -19"><span class='ocrx_word' id='word_1_19' title='bbox 345 696 629 750; x_wconf 74' lang='lat' dir='ltr'><strong>videbatur</strong></span> <span class='ocrx_word' id='word_1_20' title='bbox 651 733 668 760; x_wconf 87' lang='lat'><strong>,</strong></span> <span class='ocrx_word' id='word_1_21' title='bbox 717 693 857 749; x_wconf 88' lang='lat' dir='ltr'><strong>unde</strong></span> <span class='ocrx_word' id='word_1_22' title='bbox 887 695 1033 764; x_wconf 89' lang='lat' dir='ltr'><strong>prius</strong></span> <span class='ocrx_word' id='word_1_23' title='bbox 1065 695 1310 750; x_wconf 91' lang='lat' dir='ltr'><strong>confecto</strong></span> <span class='ocrx_word' id='word_1_24' title='bbox 1340 697 1577 760; x_wconf 91' lang='lat' dir='ltr'><strong>minore,</strong></span> <span class='ocrx_word' id='word_1_25' title='bbox 1619 705 1748 752; x_wconf 92' lang='lat' dir='ltr'><strong>tunc</strong></span> <span class='ocrx_word' id='word_1_26' title='bbox 1775 696 1949 766; x_wconf 82' lang='lat' dir='ltr'><strong>majus</strong></span> 
     </span>
    </p>
   </div>
   <div class='ocr_carea' id='block_1_5' title="bbox 343 785 1940 856">
    <p class='ocr_par' dir='ltr' id='par_1_5' title="bbox 343 785 1940 856">
     <span class='ocr_line' id='line_1_5' title="bbox 343 785 1940 856; baseline 0.001 -16"><span class='ocrx_word' id='word_1_27' title='bbox 343 786 454 841; x_wconf 88' lang='lat' dir='ltr'><strong>hoc</strong></span> <span class='ocrx_word' id='word_1_28' title='bbox 482 785 582 840; x_wconf 86' lang='lat' dir='ltr'><strong>sibi</strong></span> <span class='ocrx_word' id='word_1_29' title='bbox 609 785 1006 855; x_wconf 87' lang='lat' dir='ltr'><strong>suscipiendum</strong></span> <span class='ocrx_word' id='word_1_30' title='bbox 1032 800 1154 840; x_wconf 90' lang='lat' dir='ltr'><strong>esse</strong></span> <span class='ocrx_word' id='word_1_31' title='bbox 1181 786 1420 856; x_wconf 92' lang='lat' dir='ltr'><strong>putabat.</strong></span> <span class='ocrx_word' id='word_1_32' title='bbox 1448 786 1576 841; x_wconf 62' lang='lat' dir='ltr'><strong>Haec</strong></span> <span class='ocrx_word' id='word_1_33' title='bbox 1604 802 1765 856; x_wconf 90' lang='lat' dir='ltr'><strong>porro</strong></span> <span class='ocrx_word' id='word_1_34' title='bbox 1784 787 1940 842; x_wconf 90' lang='lat' dir='ltr'><strong>nobis</strong></span> 
     </span>
    </p>
   </div>
   <div class='ocr_carea' id='block_1_6' title="bbox 343 877 1948 948">
    <p class='ocr_par' dir='ltr' id='par_1_6' title="bbox 343 877 1948 948">
     <span class='ocr_line' id='line_1_6' title="bbox 343 877 1948 948; baseline 0.001 -16"><span class='ocrx_word' id='word_1_35' title='bbox 343 877 726 932; x_wconf 72' lang='lat' dir='ltr'><strong>renuntiarunt</strong></span> <span class='ocrx_word' id='word_1_36' title='bbox 755 877 811 943; x_wconf 91' lang='lat' dir='ltr'><strong>ii,</strong></span> <span class='ocrx_word' id='word_1_37' title='bbox 835 878 924 948; x_wconf 88' lang='lat' dir='ltr'><strong>qui</strong></span> <span class='ocrx_word' id='word_1_38' title='bbox 957 878 1055 948; x_wconf 83' lang='lat' dir='ltr'><strong>ipsi</strong></span> <span class='ocrx_word' id='word_1_39' title='bbox 1085 894 1114 932; x_wconf 92' lang='lat' dir='ltr'><strong>a</strong></span> <span class='ocrx_word' id='word_1_40' title='bbox 1146 879 1385 933; x_wconf 84' lang='lat' dir='ltr'><strong>consiliis</strong></span> <span class='ocrx_word' id='word_1_41' title='bbox 1415 887 1591 933; x_wconf 89' lang='lat' dir='ltr'><strong>erant.</strong></span> <span class='ocrx_word' id='word_1_42' title='bbox 1619 879 1815 934; x_wconf 85' lang='lat' dir='ltr'><strong>Contra</strong></span> <span class='ocrx_word' id='word_1_43' title='bbox 1848 893 1948 934; x_wconf 87' lang='lat' dir='ltr'><strong>nos</strong></span> 
     </span>
    </p>
   </div>
   <div class='ocr_carea' id='block_1_7' title="bbox 349 966 1946 1041">
    <p class='ocr_par' dir='ltr' id='par_1_7' title="bbox 349 966 1946 1041">
     <span class='ocr_line' id='line_1_7' title="bbox 349 966 1946 1041; baseline 0.001 -19"><span class='ocrx_word' id='word_1_44' title='bbox 349 969 518 1038; x_wconf 81' lang='lat' dir='ltr'><strong>igitur</strong></span> <span class='ocrx_word' id='word_1_45' title='bbox 550 966 733 1024; x_wconf 86' lang='lat' dir='ltr'><strong>furore</strong></span> <span class='ocrx_word' id='word_1_46' title='bbox 761 969 989 1035; x_wconf 86' lang='lat' dir='ltr'><strong>ardens,</strong></span> <span class='ocrx_word' id='word_1_47' title='bbox 1027 978 1079 1024; x_wconf 91' lang='lat' dir='ltr'><strong>et</strong></span> <span class='ocrx_word' id='word_1_48' title='bbox 1107 969 1345 1039; x_wconf 81' lang='lat' dir='ltr'><strong>quotidie</strong></span> <span class='ocrx_word' id='word_1_49' title='bbox 1367 969 1435 1023; x_wconf 86' lang='lat' dir='ltr'><strong>ad</strong></span> <span class='ocrx_word' id='word_1_50' title='bbox 1479 969 1736 1041; x_wconf 86' lang='lat' dir='ltr'><strong>majorem</strong></span> <span class='ocrx_word' id='word_1_51' title='bbox 1772 970 1946 1025; x_wconf 90' lang='lat' dir='ltr'><strong>elatus</strong></span> 
     </span>
    </p>
   </div>
   <div class='ocr_carea' id='block_1_8' title="bbox 341 1063 1941 1133">
    <p class='ocr_par' dir='ltr' id='par_1_8' title="bbox 341 1063 1941 1133">
     <span class='ocr_line' id='line_1_8' title="bbox 341 1063 1941 1133; baseline -0.001 -16"><span class='ocrx_word' id='word_1_52' title='bbox 341 1063 611 1118; x_wconf 83' lang='lat' dir='ltr'><strong>insaniam</strong></span> <span class='ocrx_word' id='word_1_53' title='bbox 633 1103 647 1125; x_wconf 92' lang='lat'><strong>,</strong></span> <span class='ocrx_word' id='word_1_54' title='bbox 682 1077 970 1132; x_wconf 84' lang='lat' dir='ltr'><strong>numquam</strong></span> <span class='ocrx_word' id='word_1_55' title='bbox 1000 1063 1052 1116; x_wconf 91' lang='lat' dir='ltr'><strong>in</strong></span> <span class='ocrx_word' id='word_1_56' title='bbox 1079 1063 1265 1116; x_wconf 89' lang='lat' dir='ltr'><strong>eadem</strong></span> <span class='ocrx_word' id='word_1_57' title='bbox 1293 1063 1556 1117; x_wconf 89' lang='lat' dir='ltr'><strong>sententia</strong></span> <span class='ocrx_word' id='word_1_58' title='bbox 1588 1063 1941 1133; x_wconf 87' lang='lat' dir='ltr'><strong>persistebat;</strong></span> 
     </span>
    </p>
   </div>
   <div class='ocr_carea' id='block_1_9' title="bbox 339 1153 1948 1222">
    <p class='ocr_par' dir='ltr' id='par_1_9' title="bbox 339 1153 1948 1222">
     <span class='ocr_line' id='line_1_9' title="bbox 339 1153 1948 1222; baseline 0 -16"><span class='ocrx_word' id='word_1_59' title='bbox 339 1153 443 1208; x_wconf 88' lang='lat' dir='ltr'><strong>sed</strong></span> <span class='ocrx_word' id='word_1_60' title='bbox 491 1154 672 1222; x_wconf 85' lang='lat' dir='ltr'><strong>priore</strong></span> <span class='ocrx_word' id='word_1_61' title='bbox 707 1153 931 1206; x_wconf 81' lang='lat' dir='ltr'><strong>consilio</strong></span> <span class='ocrx_word' id='word_1_62' title='bbox 983 1154 1155 1221; x_wconf 90' lang='lat' dir='ltr'><strong>posito</strong></span> <span class='ocrx_word' id='word_1_63' title='bbox 1185 1168 1370 1206; x_wconf 84' lang='lat' dir='ltr'><strong>rursus</strong></span> <span class='ocrx_word' id='word_1_64' title='bbox 1397 1153 1549 1208; x_wconf 92' lang='lat' dir='ltr'><strong>nobis</strong></span> <span class='ocrx_word' id='word_1_65' title='bbox 1577 1153 1948 1222; x_wconf 88' lang='lat' dir='ltr'><strong>persequutio-</strong></span> 
     </span>
    </p>
   </div>
   <div class='ocr_carea' id='block_1_10' title="bbox 340 1246 1948 1312">
    <p class='ocr_par' dir='ltr' id='par_1_10' title="bbox 340 1246 1948 1312">
     <span class='ocr_line' id='line_1_10' title="bbox 340 1246 1948 1312; baseline 0 -12"><span class='ocrx_word' id='word_1_66' title='bbox 340 1262 472 1300; x_wconf 87' lang='lat' dir='ltr'><strong>nem</strong></span> <span class='ocrx_word' id='word_1_67' title='bbox 500 1246 822 1300; x_wconf 76' lang='lat' dir='ltr'><strong>minabatur.</strong></span> <span class='ocrx_word' id='word_1_68' title='bbox 872 1246 1006 1300; x_wconf 92' lang='lat' dir='ltr'><strong>Cum</strong></span> <span class='ocrx_word' id='word_1_69' title='bbox 1033 1259 1161 1299; x_wconf 90' lang='lat' dir='ltr'><strong>vero</strong></span> <span class='ocrx_word' id='word_1_70' title='bbox 1193 1247 1331 1300; x_wconf 85' lang='lat' dir='ltr'><strong>Deus</strong></span> <span class='ocrx_word' id='word_1_71' title='bbox 1361 1247 1504 1300; x_wconf 90' lang='lat' dir='ltr'><strong>illum</strong></span> <span class='ocrx_word' id='word_1_72' title='bbox 1543 1261 1828 1312; x_wconf 87' lang='lat' dir='ltr'><strong>coercere,</strong></span> <span class='ocrx_word' id='word_1_73' title='bbox 1859 1262 1948 1300; x_wconf 89' lang='lat' dir='ltr'><strong>ar-</strong></span> 
     </span>
    </p>
   </div>
   <div class='ocr_carea' id='block_1_11' title="bbox 338 1336 1946 1408">
    <p class='ocr_par' dir='ltr' id='par_1_11' title="bbox 338 1336 1946 1408">
     <span class='ocr_line' id='line_1_11' title="bbox 338 1336 1946 1408; baseline 0.001 -18"><span class='ocrx_word' id='word_1_74' title='bbox 338 1337 674 1405; x_wconf 87' lang='lat' dir='ltr'><strong>dentemque</strong></span> <span class='ocrx_word' id='word_1_75' title='bbox 715 1337 1073 1404; x_wconf 83' lang='lat' dir='ltr'><strong>comprimere</strong></span> <span class='ocrx_word' id='word_1_76' title='bbox 1115 1337 1313 1402; x_wconf 84' lang='lat' dir='ltr'><strong>vellet,</strong></span> <span class='ocrx_word' id='word_1_77' title='bbox 1365 1337 1465 1392; x_wconf 91' lang='lat' dir='ltr'><strong>hoc</strong></span> <span class='ocrx_word' id='word_1_78' title='bbox 1507 1336 1684 1392; x_wconf 91' lang='lat' dir='ltr'><strong>denuo</strong></span> <span class='ocrx_word' id='word_1_79' title='bbox 1735 1337 1946 1408; x_wconf 86' lang='lat' dir='ltr'><strong>signum</strong></span> 
     </span>
    </p>
   </div>
   <div class='ocr_carea' id='block_1_12' title="bbox 339 1427 1659 1498">
    <p class='ocr_par' dir='ltr' id='par_1_12' title="bbox 339 1427 1659 1498">
     <span class='ocr_line' id='line_1_12' title="bbox 339 1427 1659 1498; baseline -0.002 -16"><span class='ocrx_word' id='word_1_80' title='bbox 339 1428 575 1493; x_wconf 80' lang='lat' dir='ltr'><strong>induxit,</strong></span> <span class='ocrx_word' id='word_1_81' title='bbox 613 1428 719 1498; x_wconf 93' lang='lat' dir='ltr'><strong>igni</strong></span> <span class='ocrx_word' id='word_1_82' title='bbox 748 1429 801 1482; x_wconf 91' lang='lat' dir='ltr'><strong>in</strong></span> <span class='ocrx_word' id='word_1_83' title='bbox 829 1427 1084 1496; x_wconf 90' lang='lat' dir='ltr'><strong>templum</strong></span> <span class='ocrx_word' id='word_1_84' title='bbox 1119 1428 1367 1497; x_wconf 89' lang='lat' dir='ltr'><strong>Daphnes</strong></span> <span class='ocrx_word' id='word_1_85' title='bbox 1399 1428 1659 1482; x_wconf 91' lang='lat' dir='ltr'><strong>immisso.</strong></span> 
     </span>
    </p>
   </div>
   <div class='ocr_carea' id='block_1_13' title="bbox 416 1519 1946 1589">
    <p class='ocr_par' dir='ltr' id='par_1_13' title="bbox 416 1519 1946 1589">
     <span class='ocr_line' id='line_1_13' title="bbox 416 1519 1946 1589; baseline 0.001 -16"><span class='ocrx_word' id='word_1_86' title='bbox 416 1521 510 1575; x_wconf 70' lang='lat'><strong>25.</strong></span> <span class='ocrx_word' id='word_1_87' title='bbox 543 1520 636 1575; x_wconf 91' lang='lat' dir='ltr'><strong>llle</strong></span> <span class='ocrx_word' id='word_1_88' title='bbox 658 1533 788 1574; x_wconf 85' lang='lat' dir='ltr'><strong>vero</strong></span> <span class='ocrx_word' id='word_1_89' title='bbox 818 1534 886 1573; x_wconf 92' lang='lat' dir='ltr'><strong>ne</strong></span> <span class='ocrx_word' id='word_1_90' title='bbox 909 1525 987 1573; x_wconf 88' lang='lat' dir='ltr'><strong>slc</strong></span> <span class='ocrx_word' id='word_1_91' title='bbox 1016 1519 1233 1589; x_wconf 89' lang='lat' dir='ltr'><strong>quidem</strong></span> <span class='ocrx_word' id='word_1_92' title='bbox 1273 1519 1506 1574; x_wconf 89' lang='lat' dir='ltr'><strong>furorem</strong></span> <span class='ocrx_word' id='word_1_93' title='bbox 1547 1520 1791 1584; x_wconf 89' lang='lat' dir='ltr'><strong>sedavit,</strong></span> <span class='ocrx_word' id='word_1_94' title='bbox 1837 1521 1946 1575; x_wconf 91' lang='lat' dir='ltr'><strong>imo</strong></span> 
     </span>
    </p>
   </div>
   <div class='ocr_carea' id='block_1_14' title="bbox 340 1610 1945 1681">
    <p class='ocr_par' dir='ltr' id='par_1_14' title="bbox 340 1610 1945 1681">
     <span class='ocr_line' id='line_1_14' title="bbox 340 1610 1945 1681; baseline 0.001 -17"><span class='ocrx_word' id='word_1_95' title='bbox 340 1611 528 1680; x_wconf 88' lang='lat' dir='ltr'><strong>potius</strong></span> <span class='ocrx_word' id='word_1_96' title='bbox 555 1625 676 1665; x_wconf 91' lang='lat' dir='ltr'><strong>cum</strong></span> <span class='ocrx_word' id='word_1_97' title='bbox 702 1611 779 1665; x_wconf 87' lang='lat' dir='ltr'><strong>rei</strong></span> <span class='ocrx_word' id='word_1_98' title='bbox 815 1620 1014 1665; x_wconf 70' lang='lat' dir='ltr'><strong>nostrae</strong></span> <span class='ocrx_word' id='word_1_99' title='bbox 1050 1610 1391 1665; x_wconf 69' lang='lat' dir='ltr'><strong>devastandae</strong></span> <span class='ocrx_word' id='word_1_100' title='bbox 1417 1612 1670 1681; x_wconf 84' lang='lat' dir='ltr'><strong>cupidine</strong></span> <span class='ocrx_word' id='word_1_101' title='bbox 1701 1613 1945 1666; x_wconf 87' lang='lat' dir='ltr'><strong>disrum-</strong></span> 
     </span>
    </p>
   </div>
   <div class='ocr_carea' id='block_1_15' title="bbox 340 1701 1945 1771">
    <p class='ocr_par' dir='ltr' id='par_1_15' title="bbox 340 1701 1945 1771">
     <span class='ocr_line' id='line_1_15' title="bbox 340 1701 1945 1771; baseline 0.002 -16"><span class='ocrx_word' id='word_1_102' title='bbox 340 1709 597 1770; x_wconf 83' lang='lat' dir='ltr'><strong>peretur,</strong></span> <span class='ocrx_word' id='word_1_103' title='bbox 645 1717 714 1756; x_wconf 90' lang='lat' dir='ltr'><strong>ne</strong></span> <span class='ocrx_word' id='word_1_104' title='bbox 738 1701 952 1771; x_wconf 90' lang='lat' dir='ltr'><strong>quidem</strong></span> <span class='ocrx_word' id='word_1_105' title='bbox 982 1710 1190 1771; x_wconf 88' lang='lat' dir='ltr'><strong>tempus</strong></span> <span class='ocrx_word' id='word_1_106' title='bbox 1209 1744 1223 1766; x_wconf 91' lang='lat'><strong>,</strong></span> <span class='ocrx_word' id='word_1_107' title='bbox 1268 1702 1410 1771; x_wconf 92' lang='lat' dir='ltr'><strong>quod</strong></span> <span class='ocrx_word' id='word_1_108' title='bbox 1437 1704 1814 1758; x_wconf 90' lang='lat' dir='ltr'><strong>comminando</strong></span> <span class='ocrx_word' id='word_1_109' title='bbox 1843 1704 1945 1758; x_wconf 88' lang='lat' dir='ltr'><strong>sibi</strong></span> 
     </span>
    </p>
   </div>
   <div class='ocr_carea' id='block_1_16' title="bbox 341 1795 1941 1866">
    <p class='ocr_par' dir='ltr' id='par_1_16' title="bbox 341 1795 1941 1866">
     <span class='ocr_line' id='line_1_16' title="bbox 341 1795 1941 1866; baseline 0.003 -20"><span class='ocrx_word' id='word_1_110' title='bbox 341 1796 724 1864; x_wconf 71' lang='lat' dir='ltr'><strong>prtestituerat,</strong></span> <span class='ocrx_word' id='word_1_111' title='bbox 752 1796 1108 1865; x_wconf 76' lang='lat' dir='ltr'><strong>exspectavit;</strong></span> <span class='ocrx_word' id='word_1_112' title='bbox 1137 1795 1230 1850; x_wconf 91' lang='lat' dir='ltr'><strong>sed</strong></span> <span class='ocrx_word' id='word_1_113' title='bbox 1263 1795 1586 1866; x_wconf 85' lang='lat' dir='ltr'><strong>Euphratem</strong></span> <span class='ocrx_word' id='word_1_114' title='bbox 1606 1796 1941 1864; x_wconf 86' lang='lat' dir='ltr'><strong>trajecturus,</strong></span> 
     </span>
    </p>
   </div>
   <div class='ocr_carea' id='block_1_17' title="bbox 336 1884 1942 1957">
    <p class='ocr_par' dir='ltr' id='par_1_17' title="bbox 336 1884 1942 1957">
     <span class='ocr_line' id='line_1_17' title="bbox 336 1884 1942 1957; baseline 0.002 -20"><span class='ocrx_word' id='word_1_115' title='bbox 336 1884 416 1938; x_wconf 88' lang='lat' dir='ltr'><strong>de</strong></span> <span class='ocrx_word' id='word_1_116' title='bbox 456 1884 712 1940; x_wconf 87' lang='lat' dir='ltr'><strong>militibus</strong></span> <span class='ocrx_word' id='word_1_117' title='bbox 746 1886 1174 1955; x_wconf 77' lang='lat' dir='ltr'><strong>experimentum</strong></span> <span class='ocrx_word' id='word_1_118' title='bbox 1205 1887 1446 1940; x_wconf 84' lang='lat' dir='ltr'><strong>sumebat</strong></span> <span class='ocrx_word' id='word_1_119' title='bbox 1475 1904 1488 1940; x_wconf 91' lang='lat'><strong>:</strong></span> <span class='ocrx_word' id='word_1_120' title='bbox 1535 1901 1598 1941; x_wconf 92' lang='lat' dir='ltr'><strong>ac</strong></span> <span class='ocrx_word' id='word_1_121' title='bbox 1626 1887 1942 1957; x_wconf 90' lang='lat' dir='ltr'><strong>quibusdam</strong></span> 
     </span>
    </p>
   </div>
   <div class='ocr_carea' id='block_1_18' title="bbox 338 1977 1943 2050">
    <p class='ocr_par' dir='ltr' id='par_1_18' title="bbox 338 1977 1943 2050">
     <span class='ocr_line' id='line_1_18' title="bbox 338 1977 1943 2050; baseline 0.004 -21"><span class='ocrx_word' id='word_1_122' title='bbox 338 1991 572 2031; x_wconf 88' lang='lat' dir='ltr'><strong>numero</strong></span> <span class='ocrx_word' id='word_1_123' title='bbox 629 1977 811 2047; x_wconf 85' lang='lat' dir='ltr'><strong>paucis</strong></span> <span class='ocrx_word' id='word_1_124' title='bbox 863 1977 1170 2032; x_wconf 89' lang='lat' dir='ltr'><strong>adulatione</strong></span> <span class='ocrx_word' id='word_1_125' title='bbox 1221 1980 1524 2049; x_wconf 87' lang='lat' dir='ltr'><strong>corruptis,</strong></span> <span class='ocrx_word' id='word_1_126' title='bbox 1585 1990 1943 2050; x_wconf 80' lang='lat' dir='ltr'><strong>repugnantes</strong></span> 
     </span>
    </p>
   </div>
   <div class='ocr_carea' id='block_1_19' title="bbox 336 2069 1944 2139">
    <p class='ocr_par' dir='ltr' id='par_1_19' title="bbox 336 2069 1944 2139">
     <span class='ocr_line' id='line_1_19' title="bbox 336 2069 1944 2139; baseline 0.002 -17"><span class='ocrx_word' id='word_1_127' title='bbox 336 2069 448 2124; x_wconf 76' lang='lat' dir='ltr'><strong>sibi</strong></span> <span class='ocrx_word' id='word_1_128' title='bbox 495 2084 825 2139; x_wconf 86' lang='lat' dir='ltr'><strong>nequaquam</strong></span> <span class='ocrx_word' id='word_1_129' title='bbox 880 2070 1119 2136; x_wconf 89' lang='lat' dir='ltr'><strong>remisit,</strong></span> <span class='ocrx_word' id='word_1_130' title='bbox 1158 2071 1358 2125; x_wconf 87' lang='lat' dir='ltr'><strong>veritus</strong></span> <span class='ocrx_word' id='word_1_131' title='bbox 1401 2087 1467 2125; x_wconf 89' lang='lat' dir='ltr'><strong>ne</strong></span> <span class='ocrx_word' id='word_1_132' title='bbox 1513 2070 1560 2125; x_wconf 89' lang='lat' dir='ltr'><strong>si</strong></span> <span class='ocrx_word' id='word_1_133' title='bbox 1604 2082 1826 2126; x_wconf 74' lang='lat' dir='ltr'><strong>cazteros</strong></span> <span class='ocrx_word' id='word_1_134' title='bbox 1857 2086 1944 2126; x_wconf 84' lang='lat' dir='ltr'><strong>se-</strong></span> 
     </span>
    </p>
   </div>
   <div class='ocr_carea' id='block_1_20' title="bbox 335 2161 1942 2231">
    <p class='ocr_par' dir='ltr' id='par_1_20' title="bbox 335 2161 1942 2231">
     <span class='ocr_line' id='line_1_20' title="bbox 335 2161 1942 2231; baseline 0.003 -18"><span class='ocrx_word' id='word_1_135' title='bbox 335 2172 617 2231; x_wconf 81' lang='lat' dir='ltr'><strong>gregasset</strong></span> <span class='ocrx_word' id='word_1_136' title='bbox 639 2202 654 2230; x_wconf 95' lang='lat'><strong>,</strong></span> <span class='ocrx_word' id='word_1_137' title='bbox 701 2161 1016 2216; x_wconf 86' lang='lat' dir='ltr'><strong>debiliorem</strong></span> <span class='ocrx_word' id='word_1_138' title='bbox 1044 2171 1230 2217; x_wconf 87' lang='lat' dir='ltr'><strong>contra</strong></span> <span class='ocrx_word' id='word_1_139' title='bbox 1266 2161 1455 2216; x_wconf 85' lang='lat' dir='ltr'><strong>Persas</strong></span> <span class='ocrx_word' id='word_1_140' title='bbox 1489 2163 1787 2217; x_wconf 89' lang='lat' dir='ltr'><strong>exercitum</strong></span> <span class='ocrx_word' id='word_1_141' title='bbox 1816 2163 1942 2218; x_wconf 88' lang='lat' dir='ltr'><strong>red-</strong></span> 
     </span>
    </p>
   </div>
   <div class='ocr_carea' id='block_1_21' title="bbox 339 2253 520 2307">
    <p class='ocr_par' dir='ltr' id='par_1_21' title="bbox 339 2253 520 2307">
     <span class='ocr_line' id='line_1_21' title="bbox 339 2253 520 2307; baseline 0 -1"><span class='ocrx_word' id='word_1_142' title='bbox 339 2253 520 2307; x_wconf 84' lang='lat' dir='ltr'><strong>deret.</strong></span> 
     </span>
    </p>
   </div>
   <div class='ocr_carea' id='block_1_22' title="bbox 413 2342 1944 2416">
    <p class='ocr_par' dir='ltr' id='par_1_22' title="bbox 413 2342 1944 2416">
     <span class='ocr_line' id='line_1_22' title="bbox 413 2342 1944 2416; baseline 0.001 -18"><span class='ocrx_word' id='word_1_143' title='bbox 413 2342 654 2398; x_wconf 81' lang='lat' dir='ltr'><strong>Julianus</strong></span> <span class='ocrx_word' id='word_1_144' title='bbox 683 2343 735 2398; x_wconf 84' lang='lat' dir='ltr'><strong>in</strong></span> <span class='ocrx_word' id='word_1_145' title='bbox 763 2343 971 2398; x_wconf 78' lang='lat' dir='ltr'><strong>Persico</strong></span> <span class='ocrx_word' id='word_1_146' title='bbox 1000 2342 1129 2398; x_wconf 81' lang='lat' dir='ltr'><strong>bello</strong></span> <span class='ocrx_word' id='word_1_147' title='bbox 1156 2344 1304 2416; x_wconf 78' lang='lat' dir='ltr'><strong>perit.</strong></span> <span class='ocrx_word' id='word_1_148' title='bbox 1351 2373 1424 2385; x_wconf 90' lang='lat'><strong>-—</strong></span> <span class='ocrx_word' id='word_1_149' title='bbox 1452 2344 1583 2412; x_wconf 84' lang='lat' dir='ltr'><strong>Quis</strong></span> <span class='ocrx_word' id='word_1_150' title='bbox 1626 2345 1783 2400; x_wconf 88' lang='lat' dir='ltr'><strong>nobis</strong></span> <span class='ocrx_word' id='word_1_151' title='bbox 1824 2361 1944 2415; x_wconf 72' lang='lat' dir='ltr'><strong>qua:</strong></span> 
     </span>
    </p>
   </div>
   <div class='ocr_carea' id='block_1_23' title="bbox 337 2425 1942 2508">
    <p class='ocr_par' dir='ltr' id='par_1_23' title="bbox 337 2425 1942 2508">
     <span class='ocr_line' id='line_1_23' title="bbox 337 2425 1942 2508; baseline 0.002 -17"><span class='ocrx_word' id='word_1_152' title='bbox 337 2437 472 2492; x_wconf 88' lang='lat' dir='ltr'><strong>hinc</strong></span> <span class='ocrx_word' id='word_1_153' title='bbox 493 2446 820 2508; x_wconf 87' lang='lat' dir='ltr'><strong>consequuta</strong></span> <span class='ocrx_word' id='word_1_154' title='bbox 851 2447 974 2492; x_wconf 86' lang='lat' dir='ltr'><strong>sunt</strong></span> <span class='ocrx_word' id='word_1_155' title='bbox 999 2425 1314 2504; x_wconf 83' lang='lat' dir='ltr'><strong>recenseat,</strong></span> <span class='ocrx_word' id='word_1_156' title='bbox 1354 2437 1511 2508; x_wconf 88' lang='lat' dir='ltr'><strong>longe</strong></span> <span class='ocrx_word' id='word_1_157' title='bbox 1535 2440 1852 2494; x_wconf 83' lang='lat' dir='ltr'><strong>terribiliora</strong></span> <span class='ocrx_word' id='word_1_158' title='bbox 1876 2439 1942 2494; x_wconf 90' lang='lat' dir='ltr'><strong>iis</strong></span> 
     </span>
    </p>
   </div>
   <div class='ocr_carea' id='block_1_24' title="bbox 334 2531 1940 2604">
    <p class='ocr_par' dir='ltr' id='par_1_24' title="bbox 334 2531 1940 2604">
     <span class='ocr_line' id='line_1_24' title="bbox 334 2531 1940 2604; baseline 0.003 -22"><span class='ocrx_word' id='word_1_159' title='bbox 334 2545 462 2600; x_wconf 68' lang='lat' dir='ltr'><strong>quae</strong></span> <span class='ocrx_word' id='word_1_160' title='bbox 493 2531 542 2585; x_wconf 91' lang='lat' dir='ltr'><strong>in</strong></span> <span class='ocrx_word' id='word_1_161' title='bbox 569 2531 782 2586; x_wconf 90' lang='lat' dir='ltr'><strong>deserto</strong></span> <span class='ocrx_word' id='word_1_162' title='bbox 809 2573 826 2598; x_wconf 93' lang='lat'><strong>,</strong></span> <span class='ocrx_word' id='word_1_163' title='bbox 869 2546 989 2602; x_wconf 73' lang='lat' dir='ltr'><strong>quae</strong></span> <span class='ocrx_word' id='word_1_164' title='bbox 1019 2533 1070 2584; x_wconf 94' lang='lat' dir='ltr'><strong>in</strong></span> <span class='ocrx_word' id='word_1_165' title='bbox 1101 2532 1256 2598; x_wconf 90' lang='lat' dir='ltr'><strong>mari,</strong></span> <span class='ocrx_word' id='word_1_166' title='bbox 1305 2547 1422 2602; x_wconf 67' lang='lat' dir='ltr'><strong>quae</strong></span> <span class='ocrx_word' id='word_1_167' title='bbox 1454 2531 1505 2586; x_wconf 89' lang='lat' dir='ltr'><strong>in</strong></span> <span class='ocrx_word' id='word_1_168' title='bbox 1538 2531 1771 2604; x_wconf 61' lang='lat' dir='ltr'><strong>IEgypto</strong></span> <span class='ocrx_word' id='word_1_169' title='bbox 1792 2576 1805 2597; x_wconf 92' lang='lat'><strong>,</strong></span> <span class='ocrx_word' id='word_1_170' title='bbox 1833 2549 1940 2603; x_wconf 92' lang='lat' dir='ltr'><strong>quo</strong></span> 
     </span>
    </p>
   </div>
   <div class='ocr_carea' id='block_1_25' title="bbox 338 2622 1940 2695">
    <p class='ocr_par' dir='ltr' id='par_1_25' title="bbox 338 2622 1940 2695">
     <span class='ocr_line' id='line_1_25' title="bbox 338 2622 1940 2695; baseline 0.003 -20"><span class='ocrx_word' id='word_1_171' title='bbox 338 2633 588 2690; x_wconf 87' lang='lat' dir='ltr'><strong>tempore</strong></span> <span class='ocrx_word' id='word_1_172' title='bbox 617 2622 892 2676; x_wconf 86' lang='lat' dir='ltr'><strong>induratus</strong></span> <span class='ocrx_word' id='word_1_173' title='bbox 923 2623 1010 2678; x_wconf 92' lang='lat' dir='ltr'><strong>ille</strong></span> <span class='ocrx_word' id='word_1_174' title='bbox 1029 2622 1239 2677; x_wconf 87' lang='lat' dir='ltr'><strong>Pharao</strong></span> <span class='ocrx_word' id='word_1_175' title='bbox 1265 2623 1616 2692; x_wconf 89' lang='lat' dir='ltr'><strong>plectebatur,</strong></span> <span class='ocrx_word' id='word_1_176' title='bbox 1644 2640 1940 2695; x_wconf 90' lang='lat' dir='ltr'><strong>omnesque</strong></span> 
     </span>
    </p>
   </div>
   <div class='ocr_carea' id='block_1_26' title="bbox 333 2714 1941 2792">
    <p class='ocr_par' dir='ltr' id='par_1_26' title="bbox 333 2714 1941 2792">
     <span class='ocr_line' id='line_1_26' title="bbox 333 2714 1941 2792; baseline 0.006 -25"><span class='ocrx_word' id='word_1_177' title='bbox 333 2714 431 2768; x_wconf 84' lang='lat' dir='ltr'><strong>alii</strong></span> <span class='ocrx_word' id='word_1_178' title='bbox 450 2716 964 2786; x_wconf 82' lang='lat' dir='ltr'><strong>submergebantur?</strong></span> <span class='ocrx_word' id='word_1_179' title='bbox 991 2717 1445 2785; x_wconf 85' lang='lat' dir='ltr'><strong>Quemadmodum</strong></span> <span class='ocrx_word' id='word_1_180' title='bbox 1471 2721 1611 2774; x_wconf 89' lang='lat' dir='ltr'><strong>enint</strong></span> <span class='ocrx_word' id='word_1_181' title='bbox 1638 2729 1782 2788; x_wconf 91' lang='lat' dir='ltr'><strong>tunc,</strong></span> <span class='ocrx_word' id='word_1_182' title='bbox 1803 2732 1941 2792; x_wconf 87' lang='lat' dir='ltr'><strong>post-</strong></span> 
     </span>
    </p>
   </div>
   <div class='ocr_carea' id='block_1_27' title="bbox 332 2809 1939 2884">
    <p class='ocr_par' dir='ltr' id='par_1_27' title="bbox 332 2809 1939 2884">
     <span class='ocr_line' id='line_1_27' title="bbox 332 2809 1939 2884; baseline 0.007 -25"><span class='ocrx_word' id='word_1_183' title='bbox 332 2824 500 2876; x_wconf 81' lang='lat' dir='ltr'><strong>quam</strong></span> <span class='ocrx_word' id='word_1_184' title='bbox 535 2810 693 2863; x_wconf 90' lang='lat' dir='ltr'><strong>nullis</strong></span> <span class='ocrx_word' id='word_1_185' title='bbox 733 2809 1038 2879; x_wconf 88' lang='lat' dir='ltr'><strong>hujusmodi</strong></span> <span class='ocrx_word' id='word_1_186' title='bbox 1067 2811 1462 2866; x_wconf 83' lang='lat' dir='ltr'><strong>calamitatibus</strong></span> <span class='ocrx_word' id='word_1_187' title='bbox 1487 2813 1683 2869; x_wconf 89' lang='lat' dir='ltr'><strong>cedere</strong></span> <span class='ocrx_word' id='word_1_188' title='bbox 1708 2855 1722 2876; x_wconf 89' lang='lat'><strong>,</strong></span> <span class='ocrx_word' id='word_1_189' title='bbox 1766 2828 1939 2884; x_wconf 86' lang='lat' dir='ltr'><strong>neque</strong></span> 
     </span>
    </p>
   </div>
   <div class='ocr_carea' id='block_1_28' title="bbox 336 2901 1935 2974">
    <p class='ocr_par' dir='ltr' id='par_1_28' title="bbox 336 2901 1935 2974">
     <span class='ocr_line' id='line_1_28' title="bbox 336 2901 1935 2974; baseline 0.004 -19"><span class='ocrx_word' id='word_1_190' title='bbox 336 2901 658 2969; x_wconf 88' lang='lat' dir='ltr'><strong>resipiscere</strong></span> <span class='ocrx_word' id='word_1_191' title='bbox 687 2903 851 2956; x_wconf 89' lang='lat' dir='ltr'><strong>voluit</strong></span> <span class='ocrx_word' id='word_1_192' title='bbox 891 2903 1204 2974; x_wconf 66' lang='lat' dir='ltr'><strong>Egyptius,</strong></span> <span class='ocrx_word' id='word_1_193' title='bbox 1236 2905 1446 2960; x_wconf 86' lang='lat' dir='ltr'><strong>tandem</strong></span> <span class='ocrx_word' id='word_1_194' title='bbox 1476 2905 1621 2960; x_wconf 91' lang='lat' dir='ltr'><strong>illum</strong></span> <span class='ocrx_word' id='word_1_195' title='bbox 1654 2907 1792 2962; x_wconf 89' lang='lat' dir='ltr'><strong>Deus</strong></span> <span class='ocrx_word' id='word_1_196' title='bbox 1814 2922 1935 2962; x_wconf 91' lang='lat' dir='ltr'><strong>cum</strong></span> 
     </span>
    </p>
   </div>
   <div class='ocr_carea' id='block_1_29' title="bbox 335 2995 1936 3068">
    <p class='ocr_par' dir='ltr' id='par_1_29' title="bbox 335 2995 1936 3068">
     <span class='ocr_line' id='line_1_29' title="bbox 335 2995 1936 3068; baseline 0.004 -20"><span class='ocrx_word' id='word_1_197' title='bbox 335 2995 549 3062; x_wconf 87' lang='lat' dir='ltr'><strong>reliquo</strong></span> <span class='ocrx_word' id='word_1_198' title='bbox 577 2995 812 3050; x_wconf 89' lang='lat' dir='ltr'><strong>exercitu</strong></span> <span class='ocrx_word' id='word_1_199' title='bbox 842 2996 1071 3066; x_wconf 89' lang='lat' dir='ltr'><strong>perdidit</strong></span> <span class='ocrx_word' id='word_1_200' title='bbox 1103 3015 1116 3050; x_wconf 74' lang='grc' dir='ltr'>ε</span> <span class='ocrx_word' id='word_1_201' title='bbox 1151 2997 1222 3051; x_wconf 88' lang='lat' dir='ltr'><strong>ita</strong></span> <span class='ocrx_word' id='word_1_202' title='bbox 1247 3006 1302 3052; x_wconf 91' lang='lat' dir='ltr'><strong>et</strong></span> <span class='ocrx_word' id='word_1_203' title='bbox 1330 3013 1472 3052; x_wconf 90' lang='lat' dir='ltr'><strong>nunc</strong></span> <span class='ocrx_word' id='word_1_204' title='bbox 1496 3038 1513 3065; x_wconf 94' lang='lat'><strong>,</strong></span> <span class='ocrx_word' id='word_1_205' title='bbox 1547 3010 1828 3068; x_wconf 86' lang='lat' dir='ltr'><strong>postquam</strong></span> <span class='ocrx_word' id='word_1_206' title='bbox 1867 2999 1936 3054; x_wconf 91' lang='lat' dir='ltr'><strong>ad</strong></span> 
     </span>
    </p>
   </div>
   <div class='ocr_carea' id='block_1_30' title="bbox 334 3087 1936 3162">
    <p class='ocr_par' dir='ltr' id='par_1_30' title="bbox 334 3087 1936 3162">
     <span class='ocr_line' id='line_1_30' title="bbox 334 3087 1936 3162; baseline 0.006 -24"><span class='ocrx_word' id='word_1_207' title='bbox 334 3087 518 3140; x_wconf 82' lang='lat' dir='ltr'><strong>ontnia</strong></span> <span class='ocrx_word' id='word_1_208' title='bbox 546 3087 638 3142; x_wconf 90' lang='lat' dir='ltr'><strong>Dei</strong></span> <span class='ocrx_word' id='word_1_209' title='bbox 667 3088 908 3158; x_wconf 88' lang='lat' dir='ltr'><strong>prodigia</strong></span> <span class='ocrx_word' id='word_1_210' title='bbox 932 3088 1270 3160; x_wconf 91' lang='lat' dir='ltr'><strong>impudenter</strong></span> <span class='ocrx_word' id='word_1_211' title='bbox 1297 3090 1384 3144; x_wconf 90' lang='lat' dir='ltr'><strong>ille</strong></span> <span class='ocrx_word' id='word_1_212' title='bbox 1406 3093 1665 3156; x_wconf 89' lang='lat' dir='ltr'><strong>constitit,</strong></span> <span class='ocrx_word' id='word_1_213' title='bbox 1695 3091 1936 3162; x_wconf 88' lang='lat' dir='ltr'><strong>nihilque</strong></span> 
     </span>
    </p>
   </div>
   <div class='ocr_carea' id='block_1_31' title="bbox 335 3177 1931 3250">
    <p class='ocr_par' dir='ltr' id='par_1_31' title="bbox 335 3177 1931 3250">
     <span class='ocr_line' id='line_1_31' title="bbox 335 3177 1931 3250; baseline 0.001 -15"><span class='ocrx_word' id='word_1_214' title='bbox 335 3177 470 3235; x_wconf 72' lang='lat' dir='ltr'><strong>inde</strong></span> <span class='ocrx_word' id='word_1_215' title='bbox 506 3179 636 3233; x_wconf 90' lang='lat' dir='ltr'><strong>lucri</strong></span> <span class='ocrx_word' id='word_1_216' title='bbox 687 3181 958 3250; x_wconf 89' lang='lat' dir='ltr'><strong>percepit,</strong></span> <span class='ocrx_word' id='word_1_217' title='bbox 1007 3181 1102 3235; x_wconf 89' lang='lat' dir='ltr'><strong>sed</strong></span> <span class='ocrx_word' id='word_1_218' title='bbox 1150 3181 1267 3236; x_wconf 88' lang='lat' dir='ltr'><strong>sine</strong></span> <span class='ocrx_word' id='word_1_219' title='bbox 1296 3181 1676 3235; x_wconf 82' lang='lat' dir='ltr'><strong>emendatione</strong></span> <span class='ocrx_word' id='word_1_220' title='bbox 1715 3183 1931 3244; x_wconf 84' lang='lat' dir='ltr'><strong>mansit,</strong></span> 
     </span>
    </p>
   </div>
   <div class='ocr_carea' id='block_1_32' title="bbox 333 3272 1935 3346">
    <p class='ocr_par' dir='ltr' id='par_1_32' title="bbox 333 3272 1935 3346">
     <span class='ocr_line' id='line_1_32' title="bbox 333 3272 1935 3346; baseline 0.002 -21"><span class='ocrx_word' id='word_1_221' title='bbox 333 3272 596 3325; x_wconf 80' lang='lat' dir='ltr'><strong>extremis</strong></span> <span class='ocrx_word' id='word_1_222' title='bbox 627 3272 774 3326; x_wconf 91' lang='lat' dir='ltr'><strong>illum</strong></span> <span class='ocrx_word' id='word_1_223' title='bbox 822 3274 961 3327; x_wconf 91' lang='lat' dir='ltr'><strong>Deus</strong></span> <span class='ocrx_word' id='word_1_224' title='bbox 987 3273 1142 3327; x_wconf 91' lang='lat' dir='ltr'><strong>malis</strong></span> <span class='ocrx_word' id='word_1_225' title='bbox 1170 3273 1424 3338; x_wconf 91' lang='lat' dir='ltr'><strong>involvit,</strong></span> <span class='ocrx_word' id='word_1_226' title='bbox 1467 3283 1554 3339; x_wconf 92' lang='lat' dir='ltr'><strong>ut,</strong></span> <span class='ocrx_word' id='word_1_227' title='bbox 1600 3274 1935 3346; x_wconf 90' lang='lat' dir='ltr'><strong>quandoqui-</strong></span> 
     </span>
    </p>
   </div>
   <div class='ocr_carea' id='block_1_33' title="bbox 335 3360 1930 3436">
    <p class='ocr_par' dir='ltr' id='par_1_33' title="bbox 335 3360 1930 3436">
     <span class='ocr_line' id='line_1_33' title="bbox 335 3360 1930 3436; baseline 0.003 -21"><span class='ocrx_word' id='word_1_228' title='bbox 335 3360 465 3415; x_wconf 86' lang='lat' dir='ltr'><strong>dem</strong></span> <span class='ocrx_word' id='word_1_229' title='bbox 496 3362 584 3417; x_wconf 89' lang='lat' dir='ltr'><strong>ille</strong></span> <span class='ocrx_word' id='word_1_230' title='bbox 616 3363 841 3417; x_wconf 88' lang='lat' dir='ltr'><strong>aliorum</strong></span> <span class='ocrx_word' id='word_1_231' title='bbox 871 3363 1262 3419; x_wconf 86' lang='lat' dir='ltr'><strong>calamitatibus</strong></span> <span class='ocrx_word' id='word_1_232' title='bbox 1299 3364 1365 3419; x_wconf 87' lang='lat' dir='ltr'><strong>ad</strong></span> <span class='ocrx_word' id='word_1_233' title='bbox 1404 3365 1680 3420; x_wconf 87' lang='lat' dir='ltr'><strong>meliorem</strong></span> <span class='ocrx_word' id='word_1_234' title='bbox 1726 3367 1930 3436; x_wconf 80' lang='lat' dir='ltr'><strong>frugem</strong></span> 
     </span>
    </p>
   </div>
   <div class='ocr_carea' id='block_1_34' title="bbox 335 3451 1934 3525">
    <p class='ocr_par' dir='ltr' id='par_1_34' title="bbox 335 3451 1934 3525">
     <span class='ocr_line' id='line_1_34' title="bbox 335 3451 1934 3525; baseline 0.006 -21"><span class='ocrx_word' id='word_1_235' title='bbox 335 3451 526 3506; x_wconf 81' lang='lat' dir='ltr'><strong>reduci</strong></span> <span class='ocrx_word' id='word_1_236' title='bbox 556 3454 817 3519; x_wconf 90' lang='lat' dir='ltr'><strong>uoluerat,</strong></span> <span class='ocrx_word' id='word_1_237' title='bbox 845 3454 960 3524; x_wconf 82' lang='lat' dir='ltr'><strong>ejus</strong></span> <span class='ocrx_word' id='word_1_238' title='bbox 985 3456 1148 3510; x_wconf 81' lang='lat' dir='ltr'><strong>exitio</strong></span> <span class='ocrx_word' id='word_1_239' title='bbox 1171 3456 1352 3511; x_wconf 61' lang='lat' dir='ltr'><strong>caeteri</strong></span> <span class='ocrx_word' id='word_1_240' title='bbox 1373 3457 1804 3512; x_wconf 83' lang='lat' dir='ltr'><strong>emendarentur.</strong></span> <span class='ocrx_word' id='word_1_241' title='bbox 1833 3459 1934 3525; x_wconf 88' lang='lat' dir='ltr'><strong>Qui</strong></span> 
     </span>
    </p>
   </div>
   <div class='ocr_carea' id='block_1_35' title="bbox 336 3543 1934 3618">
    <p class='ocr_par' dir='ltr' id='par_1_35' title="bbox 336 3543 1934 3618">
     <span class='ocr_line' id='line_1_35' title="bbox 336 3543 1934 3618; baseline 0.006 -22"><span class='ocrx_word' id='word_1_242' title='bbox 336 3543 486 3596; x_wconf 86' lang='lat' dir='ltr'><strong>enim</strong></span> <span class='ocrx_word' id='word_1_243' title='bbox 532 3553 609 3597; x_wconf 92' lang='lat' dir='ltr'><strong>tot</strong></span> <span class='ocrx_word' id='word_1_244' title='bbox 654 3544 886 3598; x_wconf 89' lang='lat' dir='ltr'><strong>militum</strong></span> <span class='ocrx_word' id='word_1_245' title='bbox 933 3547 1199 3617; x_wconf 88' lang='lat' dir='ltr'><strong>myriadas</strong></span> <span class='ocrx_word' id='word_1_246' title='bbox 1244 3547 1532 3613; x_wconf 82' lang='lat' dir='ltr'><strong>eduxerat,</strong></span> <span class='ocrx_word' id='word_1_247' title='bbox 1578 3559 1706 3618; x_wconf 90' lang='lat' dir='ltr'><strong>quot</strong></span> <span class='ocrx_word' id='word_1_248' title='bbox 1756 3550 1934 3606; x_wconf 88' lang='lat' dir='ltr'><strong>nuHus</strong></span> 
     </span>
    </p>
   </div>
   <div class='ocr_carea' id='block_1_36' title="bbox 335 3638 1926 3712">
    <p class='ocr_par' dir='ltr' id='par_1_36' title="bbox 335 3638 1926 3712">
     <span class='ocr_line' id='line_1_36' title="bbox 335 3638 1926 3712; baseline 0.004 -24"><span class='ocrx_word' id='word_1_249' title='bbox 335 3642 497 3689; x_wconf 81' lang='lat' dir='ltr'><strong>antea</strong></span> <span class='ocrx_word' id='word_1_250' title='bbox 525 3638 932 3705; x_wconf 86' lang='lat' dir='ltr'><strong>lmperatorum,</strong></span> <span class='ocrx_word' id='word_1_251' title='bbox 965 3648 1236 3709; x_wconf 89' lang='lat' dir='ltr'><strong>totamque</strong></span> <span class='ocrx_word' id='word_1_252' title='bbox 1262 3639 1536 3694; x_wconf 80' lang='lat' dir='ltr'><strong>Persidem</strong></span> <span class='ocrx_word' id='word_1_253' title='bbox 1566 3642 1780 3696; x_wconf 86' lang='lat' dir='ltr'><strong>incursu</strong></span> <span class='ocrx_word' id='word_1_254' title='bbox 1797 3659 1926 3712; x_wconf 87' lang='lat' dir='ltr'><strong>quo-</strong></span> 
     </span>
    </p>
   </div>
   <div class='ocr_carea' id='block_1_37' title="bbox 335 3726 1935 3802">
    <p class='ocr_par' dir='ltr' id='par_1_37' title="bbox 335 3726 1935 3802">
     <span class='ocr_line' id='line_1_37' title="bbox 335 3726 1935 3802; baseline 0.007 -22"><span class='ocrx_word' id='word_1_255' title='bbox 335 3726 465 3780; x_wconf 85' lang='lat' dir='ltr'><strong>dam</strong></span> <span class='ocrx_word' id='word_1_256' title='bbox 492 3737 550 3781; x_wconf 92' lang='lat' dir='ltr'><strong>et</strong></span> <span class='ocrx_word' id='word_1_257' title='bbox 579 3729 694 3782; x_wconf 91' lang='lat' dir='ltr'><strong>sine</strong></span> <span class='ocrx_word' id='word_1_258' title='bbox 722 3729 918 3784; x_wconf 90' lang='lat' dir='ltr'><strong>sudore</strong></span> <span class='ocrx_word' id='word_1_259' title='bbox 953 3745 1012 3785; x_wconf 90' lang='lat' dir='ltr'><strong>se</strong></span> <span class='ocrx_word' id='word_1_260' title='bbox 1037 3741 1316 3802; x_wconf 89' lang='lat' dir='ltr'><strong>capturum</strong></span> <span class='ocrx_word' id='word_1_261' title='bbox 1345 3734 1614 3801; x_wconf 88' lang='lat' dir='ltr'><strong>sperabat,</strong></span> <span class='ocrx_word' id='word_1_262' title='bbox 1638 3735 1707 3787; x_wconf 90' lang='lat' dir='ltr'><strong>ita</strong></span> <span class='ocrx_word' id='word_1_263' title='bbox 1740 3735 1935 3791; x_wconf 77' lang='lat' dir='ltr'><strong>misere</strong></span> 
     </span>
    </p>
   </div>
   <div class='ocr_carea' id='block_1_38' title="bbox 336 3816 1933 3894">
    <p class='ocr_par' dir='ltr' id='par_1_38' title="bbox 336 3816 1933 3894">
     <span class='ocr_line' id='line_1_38' title="bbox 336 3816 1933 3894; baseline 0.006 -23"><span class='ocrx_word' id='word_1_264' title='bbox 336 3827 395 3871; x_wconf 86' lang='lat' dir='ltr'><strong>et</strong></span> <span class='ocrx_word' id='word_1_265' title='bbox 424 3816 709 3873; x_wconf 74' lang='lat' dir='ltr'><strong>infeliciter</strong></span> <span class='ocrx_word' id='word_1_266' title='bbox 733 3836 844 3874; x_wconf 90' lang='lat' dir='ltr'><strong>rem</strong></span> <span class='ocrx_word' id='word_1_267' title='bbox 876 3821 1060 3891; x_wconf 78' lang='lat' dir='ltr'><strong>gessit,</strong></span> <span class='ocrx_word' id='word_1_268' title='bbox 1093 3837 1156 3877; x_wconf 90' lang='lat' dir='ltr'><strong>ac</strong></span> <span class='ocrx_word' id='word_1_269' title='bbox 1182 3823 1224 3876; x_wconf 90' lang='lat' dir='ltr'><strong>si</strong></span> <span class='ocrx_word' id='word_1_270' title='bbox 1257 3825 1541 3878; x_wconf 91' lang='lat' dir='ltr'><strong>mulierum</strong></span> <span class='ocrx_word' id='word_1_271' title='bbox 1572 3825 1652 3880; x_wconf 86' lang='lat' dir='ltr'><strong>vel</strong></span> <span class='ocrx_word' id='word_1_272' title='bbox 1683 3827 1933 3894; x_wconf 87' lang='lat' dir='ltr'><strong>parvulo-</strong></span> 
     </span>
    </p>
   </div>
   <div class='ocr_carea' id='block_1_39' title="bbox 338 3912 1932 3983">
    <p class='ocr_par' dir='ltr' id='par_1_39' title="bbox 338 3912 1932 3983">
     <span class='ocr_line' id='line_1_39' title="bbox 338 3912 1932 3983; baseline 0.005 -19"><span class='ocrx_word' id='word_1_273' title='bbox 338 3926 461 3964; x_wconf 87' lang='lat' dir='ltr'><strong>rum</strong></span> <span class='ocrx_word' id='word_1_274' title='bbox 491 3912 666 3979; x_wconf 90' lang='lat' dir='ltr'><strong>potius</strong></span> <span class='ocrx_word' id='word_1_275' title='bbox 686 3953 702 3978; x_wconf 92' lang='lat'><strong>,</strong></span> <span class='ocrx_word' id='word_1_276' title='bbox 729 3928 886 3983; x_wconf 89' lang='lat' dir='ltr'><strong>quam</strong></span> <span class='ocrx_word' id='word_1_277' title='bbox 919 3914 1152 3968; x_wconf 89' lang='lat' dir='ltr'><strong>virorum</strong></span> <span class='ocrx_word' id='word_1_278' title='bbox 1182 3917 1476 3970; x_wconf 85' lang='lat' dir='ltr'><strong>exercitum</strong></span> <span class='ocrx_word' id='word_1_279' title='bbox 1507 3930 1688 3971; x_wconf 87' lang='lat' dir='ltr'><strong>secum</strong></span> <span class='ocrx_word' id='word_1_280' title='bbox 1714 3917 1932 3972; x_wconf 90' lang='lat' dir='ltr'><strong>habuis-</strong></span> 
     </span>
    </p>
   </div>
   <div class='ocr_carea' id='block_1_40' title="bbox 338 4005 1932 4078">
    <p class='ocr_par' dir='ltr' id='par_1_40' title="bbox 338 4005 1932 4078">
     <span class='ocr_line' id='line_1_40' title="bbox 338 4005 1932 4078; baseline 0.004 -20"><span class='ocrx_word' id='word_1_281' title='bbox 338 4014 447 4058; x_wconf 87' lang='lat' dir='ltr'><strong>set.</strong></span> <span class='ocrx_word' id='word_1_282' title='bbox 510 4005 744 4059; x_wconf 81' lang='lat' dir='ltr'><strong>Prinium</strong></span> <span class='ocrx_word' id='word_1_283' title='bbox 787 4014 1017 4077; x_wconf 89' lang='lat' dir='ltr'><strong>namque</strong></span> <span class='ocrx_word' id='word_1_284' title='bbox 1045 4007 1167 4062; x_wconf 92' lang='lat' dir='ltr'><strong>illos</strong></span> <span class='ocrx_word' id='word_1_285' title='bbox 1195 4009 1402 4062; x_wconf 83' lang='lat' dir='ltr'><strong>consilii</strong></span> <span class='ocrx_word' id='word_1_286' title='bbox 1430 4009 1607 4078; x_wconf 87' lang='lat' dir='ltr'><strong>inepia</strong></span> <span class='ocrx_word' id='word_1_287' title='bbox 1639 4010 1690 4064; x_wconf 90' lang='lat' dir='ltr'><strong>in</strong></span> <span class='ocrx_word' id='word_1_288' title='bbox 1734 4021 1932 4065; x_wconf 88' lang='lat' dir='ltr'><strong>tantam</strong></span> 
     </span>
    </p>
   </div>
   <div class='ocr_carea' id='block_1_41' title="bbox 338 4099 1930 4171">
    <p class='ocr_par' dir='ltr' id='par_1_41' title="bbox 338 4099 1930 4171">
     <span class='ocr_line' id='line_1_41' title="bbox 338 4099 1930 4171; baseline 0.003 -19"><span class='ocrx_word' id='word_1_289' title='bbox 338 4099 716 4153; x_wconf 83' lang='lat' dir='ltr'><strong>necessitatem</strong></span> <span class='ocrx_word' id='word_1_290' title='bbox 741 4099 938 4169; x_wconf 79' lang='lat' dir='ltr'><strong>adegit,</strong></span> <span class='ocrx_word' id='word_1_291' title='bbox 969 4110 1025 4154; x_wconf 91' lang='lat' dir='ltr'><strong>ut</strong></span> <span class='ocrx_word' id='word_1_292' title='bbox 1053 4101 1261 4171; x_wconf 89' lang='lat' dir='ltr'><strong>equinis</strong></span> <span class='ocrx_word' id='word_1_293' title='bbox 1285 4102 1536 4156; x_wconf 88' lang='lat' dir='ltr'><strong>carnibus</strong></span> <span class='ocrx_word' id='word_1_294' title='bbox 1563 4113 1930 4169; x_wconf 89' lang='lat' dir='ltr'><strong>vescerentur,</strong></span> 
     </span>
    </p>
   </div>
   <div class='ocr_carea' id='block_1_42' title="bbox 339 4189 1932 4262">
    <p class='ocr_par' dir='ltr' id='par_1_42' title="bbox 339 4189 1932 4262">
     <span class='ocr_line' id='line_1_42' title="bbox 339 4189 1932 4262; baseline 0.004 -20"><span class='ocrx_word' id='word_1_295' title='bbox 339 4199 396 4242; x_wconf 87' lang='lat' dir='ltr'><strong>et</strong></span> <span class='ocrx_word' id='word_1_296' title='bbox 422 4191 510 4242; x_wconf 86' lang='lat' dir='ltr'><strong>alii</strong></span> <span class='ocrx_word' id='word_1_297' title='bbox 544 4189 714 4256; x_wconf 88' lang='lat' dir='ltr'><strong>fame,</strong></span> <span class='ocrx_word' id='word_1_298' title='bbox 750 4192 836 4244; x_wconf 91' lang='lat' dir='ltr'><strong>alii</strong></span> <span class='ocrx_word' id='word_1_299' title='bbox 865 4191 952 4245; x_wconf 86' lang='lat' dir='ltr'><strong>siti</strong></span> <span class='ocrx_word' id='word_1_300' title='bbox 976 4192 1276 4262; x_wconf 89' lang='lat' dir='ltr'><strong>absumpti,</strong></span> <span class='ocrx_word' id='word_1_301' title='bbox 1307 4193 1564 4262; x_wconf 87' lang='lat' dir='ltr'><strong>perirent.</strong></span> <span class='ocrx_word' id='word_1_302' title='bbox 1597 4191 1758 4259; x_wconf 88' lang='lat' dir='ltr'><strong>Quasi</strong></span> <span class='ocrx_word' id='word_1_303' title='bbox 1789 4194 1932 4248; x_wconf 88' lang='lat' dir='ltr'><strong>enim</strong></span> 
     </span>
    </p>
   </div>
   <div class='ocr_carea' id='block_1_43' title="bbox 343 4282 1933 4356">
    <p class='ocr_par' dir='ltr' id='par_1_43' title="bbox 343 4282 1933 4356">
     <span class='ocr_line' id='line_1_43' title="bbox 343 4282 1933 4356; baseline 0.004 -20"><span class='ocrx_word' id='word_1_304' title='bbox 343 4282 398 4336; x_wconf 93' lang='lat' dir='ltr'><strong>in</strong></span> <span class='ocrx_word' id='word_1_305' title='bbox 436 4282 712 4335; x_wconf 89' lang='lat' dir='ltr'><strong>Persarum</strong></span> <span class='ocrx_word' id='word_1_306' title='bbox 743 4285 965 4351; x_wconf 78' lang='lat' dir='ltr'><strong>gratiam</strong></span> <span class='ocrx_word' id='word_1_307' title='bbox 1009 4287 1299 4340; x_wconf 80' lang='lat' dir='ltr'><strong>exercitum</strong></span> <span class='ocrx_word' id='word_1_308' title='bbox 1347 4299 1506 4356; x_wconf 85' lang='lat' dir='ltr'><strong>agere</strong></span> <span class='ocrx_word' id='word_1_309' title='bbox 1529 4325 1546 4351; x_wconf 91' lang='lat'><strong>,</strong></span> <span class='ocrx_word' id='word_1_310' title='bbox 1593 4300 1655 4340; x_wconf 93' lang='lat' dir='ltr'><strong>ac</strong></span> <span class='ocrx_word' id='word_1_311' title='bbox 1684 4301 1787 4340; x_wconf 91' lang='lat' dir='ltr'><strong>non</strong></span> <span class='ocrx_word' id='word_1_312' title='bbox 1814 4286 1933 4342; x_wconf 90' lang='lat' dir='ltr'><strong>illos</strong></span> 
     </span>
    </p>
   </div>
   <div class='ocr_carea' id='block_1_44' title="bbox 338 4375 1930 4446">
    <p class='ocr_par' dir='ltr' id='par_1_44' title="bbox 338 4375 1930 4446">
     <span class='ocr_line' id='line_1_44' title="bbox 338 4375 1930 4446; baseline 0.004 -20"><span class='ocrx_word' id='word_1_313' title='bbox 338 4388 558 4443; x_wconf 85' lang='lat' dir='ltr'><strong>capere,</strong></span> <span class='ocrx_word' id='word_1_314' title='bbox 598 4375 691 4428; x_wconf 90' lang='lat' dir='ltr'><strong>sed</strong></span> <span class='ocrx_word' id='word_1_315' title='bbox 737 4390 860 4429; x_wconf 91' lang='lat' dir='ltr'><strong>suos</strong></span> <span class='ocrx_word' id='word_1_316' title='bbox 893 4375 1117 4444; x_wconf 87' lang='lat' dir='ltr'><strong>prodere</strong></span> <span class='ocrx_word' id='word_1_317' title='bbox 1146 4376 1348 4440; x_wconf 89' lang='lat' dir='ltr'><strong>vellet,</strong></span> <span class='ocrx_word' id='word_1_318' title='bbox 1381 4378 1458 4430; x_wconf 92' lang='lat' dir='ltr'><strong>sic</strong></span> <span class='ocrx_word' id='word_1_319' title='bbox 1488 4377 1540 4430; x_wconf 92' lang='lat' dir='ltr'><strong>in</strong></span> <span class='ocrx_word' id='word_1_320' title='bbox 1565 4386 1787 4446; x_wconf 85' lang='lat' dir='ltr'><strong>angusta</strong></span> <span class='ocrx_word' id='word_1_321' title='bbox 1817 4377 1930 4432; x_wconf 89' lang='lat' dir='ltr'><strong>loca</strong></span> 
     </span>
    </p>
   </div>
   <div class='ocr_carea' id='block_1_45' title="bbox 339 4466 1933 4524">
    <p class='ocr_par' dir='ltr' id='par_1_45' title="bbox 339 4466 1933 4524">
     <span class='ocr_line' id='line_1_45' title="bbox 339 4466 1933 4524; baseline 0.002 -4"><span class='ocrx_word' id='word_1_322' title='bbox 339 4466 624 4524; x_wconf 80' lang='lat' dir='ltr'><strong>euticlusit.</strong></span> <span class='ocrx_word' id='word_1_323' title='bbox 651 4482 712 4520; x_wconf 92' lang='lat' dir='ltr'><strong>ac</strong></span> <span class='ocrx_word' id='word_1_324' title='bbox 736 4476 937 4522; x_wconf 88' lang='lat' dir='ltr'><strong>tantum</strong></span> <span class='ocrx_word' id='word_1_325' title='bbox 962 4483 1065 4520; x_wconf 90' lang='lat' dir='ltr'><strong>non</strong></span> <span class='ocrx_word' id='word_1_326' title='bbox 1087 4466 1297 4522; x_wconf 88' lang='lat' dir='ltr'><strong>vinctos</strong></span> <span class='ocrx_word' id='word_1_327' title='bbox 1315 4468 1452 4523; x_wconf 89' lang='lat' dir='ltr'><strong>hosti</strong></span> <span class='ocrx_word' id='word_1_328' title='bbox 1484 4467 1933 4523; x_wconf 80' lang='lat' dir='ltr'><strong>tradidit.0mnes</strong></span> 
     </span>
    </p>
   </div>
   <div class='ocr_carea' id='block_1_46' title="bbox 339 4558 1935 4629">
    <p class='ocr_par' dir='ltr' id='par_1_46' title="bbox 339 4558 1935 4629">
     <span class='ocr_line' id='line_1_46' title="bbox 339 4558 1935 4629; baseline 0.002 -19"><span class='ocrx_word' id='word_1_329' title='bbox 339 4571 505 4626; x_wconf 90' lang='lat' dir='ltr'><strong>porro</strong></span> <span class='ocrx_word' id='word_1_330' title='bbox 529 4573 646 4625; x_wconf 72' lang='grc' dir='ltr'><strong>(μιιε</strong></span> <span class='ocrx_word' id='word_1_331' title='bbox 684 4558 790 4612; x_wconf 92' lang='lat' dir='ltr'><strong>illic</strong></span> <span class='ocrx_word' id='word_1_332' title='bbox 815 4560 1085 4628; x_wconf 87' lang='lat' dir='ltr'><strong>contigere</strong></span> <span class='ocrx_word' id='word_1_333' title='bbox 1129 4559 1460 4614; x_wconf 87' lang='lat' dir='ltr'><strong>calamitates</strong></span> <span class='ocrx_word' id='word_1_334' title='bbox 1480 4601 1496 4626; x_wconf 92' lang='lat'><strong>,</strong></span> <span class='ocrx_word' id='word_1_335' title='bbox 1537 4574 1604 4614; x_wconf 93' lang='lat' dir='ltr'><strong>ne</strong></span> <span class='ocrx_word' id='word_1_336' title='bbox 1628 4576 1693 4614; x_wconf 85' lang='lat' dir='ltr'><strong>ex</strong></span> <span class='ocrx_word' id='word_1_337' title='bbox 1725 4560 1788 4614; x_wconf 89' lang='lat' dir='ltr'><strong>iis</strong></span> <span class='ocrx_word' id='word_1_338' title='bbox 1817 4561 1935 4629; x_wconf 87' lang='lat' dir='ltr'><strong>qui-</strong></span> 
     </span>
    </p>
   </div>
   <div class='ocr_carea' id='block_1_47' title="bbox 338 4649 1933 4722">
    <p class='ocr_par' dir='ltr' id='par_1_47' title="bbox 338 4649 1933 4722">
     <span class='ocr_line' id='line_1_47' title="bbox 338 4649 1933 4722; baseline 0.002 -20"><span class='ocrx_word' id='word_1_339' title='bbox 338 4649 487 4711; x_wconf 82' lang='lat' dir='ltr'><strong>dem,</strong></span> <span class='ocrx_word' id='word_1_340' title='bbox 516 4649 604 4718; x_wconf 91' lang='lat' dir='ltr'><strong>qui</strong></span> <span class='ocrx_word' id='word_1_341' title='bbox 635 4649 775 4703; x_wconf 89' lang='lat' dir='ltr'><strong>illam</strong></span> <span class='ocrx_word' id='word_1_342' title='bbox 804 4650 1050 4706; x_wconf 87' lang='lat' dir='ltr'><strong>viderunt</strong></span> <span class='ocrx_word' id='word_1_343' title='bbox 1077 4659 1132 4706; x_wconf 91' lang='lat' dir='ltr'><strong>et</strong></span> <span class='ocrx_word' id='word_1_344' title='bbox 1160 4653 1363 4720; x_wconf 80' lang='lat' dir='ltr'><strong>experti</strong></span> <span class='ocrx_word' id='word_1_345' title='bbox 1393 4661 1539 4715; x_wconf 88' lang='lat' dir='ltr'><strong>sunt,</strong></span> <span class='ocrx_word' id='word_1_346' title='bbox 1573 4652 1747 4722; x_wconf 89' lang='lat' dir='ltr'><strong>possit</strong></span> <span class='ocrx_word' id='word_1_347' title='bbox 1787 4654 1933 4721; x_wconf 88' lang='lat' dir='ltr'><strong>quis-</strong></span> 
     </span>
    </p>
   </div>
   <div class='ocr_carea' id='block_1_48' title="bbox 338 4740 1930 4812">
    <p class='ocr_par' dir='ltr' id='par_1_48' title="bbox 338 4740 1930 4812">
     <span class='ocr_line' id='line_1_48' title="bbox 338 4740 1930 4812; baseline 0.006 -21"><span class='ocrx_word' id='word_1_348' title='bbox 338 4740 482 4808; x_wconf 86' lang='lat' dir='ltr'><strong>piam</strong></span> <span class='ocrx_word' id='word_1_349' title='bbox 512 4755 827 4808; x_wconf 87' lang='lat' dir='ltr'><strong>recensere,</strong></span> <span class='ocrx_word' id='word_1_350' title='bbox 872 4743 941 4795; x_wconf 90' lang='lat' dir='ltr'><strong>ita</strong></span> <span class='ocrx_word' id='word_1_351' title='bbox 969 4757 1182 4797; x_wconf 91' lang='lat' dir='ltr'><strong>omnem</strong></span> <span class='ocrx_word' id='word_1_352' title='bbox 1217 4743 1432 4797; x_wconf 87' lang='lat' dir='ltr'><strong>modum</strong></span> <span class='ocrx_word' id='word_1_353' title='bbox 1459 4751 1794 4812; x_wconf 87' lang='lat' dir='ltr'><strong>superarunt.</strong></span> <span class='ocrx_word' id='word_1_354' title='bbox 1826 4743 1930 4800; x_wconf 85' lang='lat' dir='ltr'><strong>Sed</strong></span> 
     </span>
    </p>
   </div>
   <div class='ocr_carea' id='block_1_49' title="bbox 337 4833 1926 4904">
    <p class='ocr_par' dir='ltr' id='par_1_49' title="bbox 337 4833 1926 4904">
     <span class='ocr_line' id='line_1_49' title="bbox 337 4833 1926 4904; baseline 0.004 -19"><span class='ocrx_word' id='word_1_355' title='bbox 337 4839 398 4885; x_wconf 90' lang='lat' dir='ltr'><strong>ut</strong></span> <span class='ocrx_word' id='word_1_356' title='bbox 427 4834 728 4887; x_wconf 89' lang='lat' dir='ltr'><strong>summatim</strong></span> <span class='ocrx_word' id='word_1_357' title='bbox 760 4833 931 4889; x_wconf 88' lang='lat' dir='ltr'><strong>dicam</strong></span> <span class='ocrx_word' id='word_1_358' title='bbox 958 4877 974 4900; x_wconf 92' lang='lat'><strong>,</strong></span> <span class='ocrx_word' id='word_1_359' title='bbox 1004 4835 1096 4889; x_wconf 92' lang='lat' dir='ltr'><strong>illo</strong></span> <span class='ocrx_word' id='word_1_360' title='bbox 1120 4836 1342 4904; x_wconf 85' lang='lat' dir='ltr'><strong>turpiter</strong></span> <span class='ocrx_word' id='word_1_361' title='bbox 1367 4851 1430 4890; x_wconf 92' lang='lat' dir='ltr'><strong>ac</strong></span> <span class='ocrx_word' id='word_1_362' title='bbox 1457 4837 1651 4891; x_wconf 90' lang='lat' dir='ltr'><strong>misere</strong></span> <span class='ocrx_word' id='word_1_363' title='bbox 1679 4847 1888 4892; x_wconf 88' lang='lat' dir='ltr'><strong>mortuo</strong></span> <span class='ocrx_word' id='word_1_364' title='bbox 1914 4856 1926 4891; x_wconf 92' lang='lat'><strong>:</strong></span> 
     </span>
    </p>
   </div>
   <div class='ocr_carea' id='block_1_50' title="bbox 335 4925 1930 4998">
    <p class='ocr_par' dir='ltr' id='par_1_50' title="bbox 335 4925 1930 4998">
     <span class='ocr_line' id='line_1_50' title="bbox 335 4925 1930 4998; baseline 0.002 -19"><span class='ocrx_word' id='word_1_365' title='bbox 335 4925 432 4979; x_wconf 90' lang='lat' dir='ltr'><strong>alii</strong></span> <span class='ocrx_word' id='word_1_366' title='bbox 456 4926 597 4981; x_wconf 87' lang='lat' dir='ltr'><strong>enim</strong></span> <span class='ocrx_word' id='word_1_367' title='bbox 631 4926 814 4982; x_wconf 91' lang='lat' dir='ltr'><strong>dicunt</strong></span> <span class='ocrx_word' id='word_1_368' title='bbox 855 4927 1001 4982; x_wconf 92' lang='lat' dir='ltr'><strong>illum</strong></span> <span class='ocrx_word' id='word_1_369' title='bbox 1046 4943 1075 4982; x_wconf 94' lang='lat' dir='ltr'><strong>a</strong></span> <span class='ocrx_word' id='word_1_370' title='bbox 1103 4929 1290 4984; x_wconf 86' lang='lat' dir='ltr'><strong>calone</strong></span> <span class='ocrx_word' id='word_1_371' title='bbox 1336 4929 1602 4998; x_wconf 89' lang='lat' dir='ltr'><strong>quodam,</strong></span> <span class='ocrx_word' id='word_1_372' title='bbox 1642 4929 1709 4984; x_wconf 89' lang='lat' dir='ltr'><strong>de</strong></span> <span class='ocrx_word' id='word_1_373' title='bbox 1751 4945 1930 4983; x_wconf 93' lang='lat' dir='ltr'><strong>rerum</strong></span> 
     </span>
    </p>
   </div>
   <div class='ocr_carea' id='block_1_51' title="bbox 336 5019 1931 5090">
    <p class='ocr_par' dir='ltr' id='par_1_51' title="bbox 336 5019 1931 5090">
     <span class='ocr_line' id='line_1_51' title="bbox 336 5019 1931 5090; baseline 0.003 -18"><span class='ocrx_word' id='word_1_374' title='bbox 336 5028 481 5074; x_wconf 85' lang='lat' dir='ltr'><strong>statu</strong></span> <span class='ocrx_word' id='word_1_375' title='bbox 529 5019 857 5089; x_wconf 85' lang='lat' dir='ltr'><strong>indignante,</strong></span> <span class='ocrx_word' id='word_1_376' title='bbox 908 5036 1223 5090; x_wconf 86' lang='lat' dir='ltr'><strong>percussum</strong></span> <span class='ocrx_word' id='word_1_377' title='bbox 1273 5023 1570 5086; x_wconf 89' lang='lat' dir='ltr'><strong>cecidisse;</strong></span> <span class='ocrx_word' id='word_1_378' title='bbox 1624 5023 1713 5076; x_wconf 87' lang='lat' dir='ltr'><strong>alii</strong></span> <span class='ocrx_word' id='word_1_379' title='bbox 1769 5024 1931 5077; x_wconf 88' lang='lat' dir='ltr'><strong>inter-</strong></span> 
     </span>
    </p>
   </div>
   <div class='ocr_carea' id='block_1_52' title="bbox 337 5109 1927 5184">
    <p class='ocr_par' dir='ltr' id='par_1_52' title="bbox 337 5109 1927 5184">
     <span class='ocr_line' id='line_1_52' title="bbox 337 5109 1927 5184; baseline 0.003 -20"><span class='ocrx_word' id='word_1_380' title='bbox 337 5109 596 5165; x_wconf 67' lang='lat' dir='ltr'><strong>fectorem</strong></span> <span class='ocrx_word' id='word_1_381' title='bbox 627 5127 732 5165; x_wconf 91' lang='lat' dir='ltr'><strong>non</strong></span> <span class='ocrx_word' id='word_1_382' title='bbox 781 5113 1025 5174; x_wconf 86' lang='lat' dir='ltr'><strong>novisse.</strong></span> <span class='ocrx_word' id='word_1_383' title='bbox 1073 5113 1167 5168; x_wconf 79' lang='lat' dir='ltr'><strong>scd</strong></span> <span class='ocrx_word' id='word_1_384' title='bbox 1217 5114 1586 5168; x_wconf 87' lang='lat' dir='ltr'><strong>tantummodo</strong></span> <span class='ocrx_word' id='word_1_385' title='bbox 1618 5129 1927 5184; x_wconf 87' lang='lat' dir='ltr'><strong>percussum</strong></span> 
     </span>
    </p>
   </div>
   <div class='ocr_carea' id='block_1_53' title="bbox 335 5203 1930 5277">
    <p class='ocr_par' dir='ltr' id='par_1_53' title="bbox 335 5203 1930 5277">
     <span class='ocr_line' id='line_1_53' title="bbox 335 5203 1930 5277; baseline 0.005 -21"><span class='ocrx_word' id='word_1_386' title='bbox 335 5203 524 5257; x_wconf 90' lang='lat' dir='ltr'><strong>dicunt</strong></span> <span class='ocrx_word' id='word_1_387' title='bbox 564 5219 779 5274; x_wconf 85' lang='lat' dir='ltr'><strong>rogasse</strong></span> <span class='ocrx_word' id='word_1_388' title='bbox 825 5215 881 5260; x_wconf 91' lang='lat' dir='ltr'><strong>ut</strong></span> <span class='ocrx_word' id='word_1_389' title='bbox 925 5206 980 5261; x_wconf 93' lang='lat' dir='ltr'><strong>in</strong></span> <span class='ocrx_word' id='word_1_390' title='bbox 1025 5205 1208 5262; x_wconf 87' lang='lat' dir='ltr'><strong>Cilicia</strong></span> <span class='ocrx_word' id='word_1_391' title='bbox 1253 5209 1598 5277; x_wconf 85' lang='lat' dir='ltr'><strong>sepeliretur,</strong></span> <span class='ocrx_word' id='word_1_392' title='bbox 1650 5209 1740 5262; x_wconf 89' lang='lat' dir='ltr'><strong>ubi</strong></span> <span class='ocrx_word' id='word_1_393' title='bbox 1788 5225 1930 5264; x_wconf 91' lang='lat' dir='ltr'><strong>nunc</strong></span> 
     </span>
    </p>
   </div>
   <div class='ocr_carea' id='block_1_54' title="bbox 333 5293 1930 5367">
    <p class='ocr_par' dir='ltr' id='par_1_54' title="bbox 333 5293 1930 5367">
     <span class='ocr_line' id='line_1_54' title="bbox 333 5293 1930 5367; baseline 0.006 -21"><span class='ocrx_word' id='word_1_394' title='bbox 333 5293 479 5364; x_wconf 85' lang='lat' dir='ltr'><strong>jacet</strong></span> <span class='ocrx_word' id='word_1_395' title='bbox 509 5310 669 5349; x_wconf 89' lang='lat' dir='ltr'><strong>:cum</strong></span> <span class='ocrx_word' id='word_1_396' title='bbox 702 5297 876 5366; x_wconf 91' lang='lat' dir='ltr'><strong>itaque</strong></span> <span class='ocrx_word' id='word_1_397' title='bbox 917 5298 995 5351; x_wconf 93' lang='lat' dir='ltr'><strong>sic</strong></span> <span class='ocrx_word' id='word_1_398' title='bbox 1021 5297 1108 5352; x_wconf 90' lang='lat' dir='ltr'><strong>ille</strong></span> <span class='ocrx_word' id='word_1_399' title='bbox 1131 5300 1354 5367; x_wconf 88' lang='lat' dir='ltr'><strong>turpiter</strong></span> <span class='ocrx_word' id='word_1_400' title='bbox 1381 5300 1695 5364; x_wconf 88' lang='lat' dir='ltr'><strong>cecidisset,</strong></span> <span class='ocrx_word' id='word_1_401' title='bbox 1731 5301 1930 5355; x_wconf 89' lang='lat' dir='ltr'><strong>milites</strong></span> 
     </span>
    </p>
   </div>
   <div class='ocr_carea' id='block_1_55' title="bbox 336 5385 1929 5456">
    <p class='ocr_par' dir='ltr' id='par_1_55' title="bbox 336 5385 1929 5456">
     <span class='ocr_line' id='line_1_55' title="bbox 336 5385 1929 5456; baseline 0.005 -18"><span class='ocrx_word' id='word_1_402' title='bbox 336 5399 398 5439; x_wconf 87' lang='lat' dir='ltr'><strong>se</strong></span> <span class='ocrx_word' id='word_1_403' title='bbox 425 5385 477 5438; x_wconf 90' lang='lat' dir='ltr'><strong>in</strong></span> <span class='ocrx_word' id='word_1_404' title='bbox 503 5389 758 5442; x_wconf 80' lang='lat' dir='ltr'><strong>extremis</strong></span> <span class='ocrx_word' id='word_1_405' title='bbox 786 5394 1106 5443; x_wconf 88' lang='lat' dir='ltr'><strong>constitutos</strong></span> <span class='ocrx_word' id='word_1_406' title='bbox 1143 5406 1266 5446; x_wconf 90' lang='lat' dir='ltr'><strong>esse</strong></span> <span class='ocrx_word' id='word_1_407' title='bbox 1313 5401 1596 5445; x_wconf 86' lang='lat' dir='ltr'><strong>cernentes</strong></span> <span class='ocrx_word' id='word_1_408' title='bbox 1620 5431 1637 5456; x_wconf 93' lang='lat'><strong>,</strong></span> <span class='ocrx_word' id='word_1_409' title='bbox 1689 5391 1929 5446; x_wconf 87' lang='lat' dir='ltr'><strong>hostibus</strong></span> 
     </span>
    </p>
   </div>
   <div class='ocr_carea' id='block_1_56' title="bbox 336 5476 1926 5549">
    <p class='ocr_par' dir='ltr' id='par_1_56' title="bbox 336 5476 1926 5549">
     <span class='ocr_line' id='line_1_56' title="bbox 336 5476 1926 5549; baseline 0.006 -22"><span class='ocrx_word' id='word_1_410' title='bbox 336 5476 608 5542; x_wconf 85' lang='lat' dir='ltr'><strong>supplices</strong></span> <span class='ocrx_word' id='word_1_411' title='bbox 636 5478 896 5532; x_wconf 82' lang='lat' dir='ltr'><strong>accedunt</strong></span> <span class='ocrx_word' id='word_1_412' title='bbox 919 5519 935 5544; x_wconf 94' lang='lat'><strong>,</strong></span> <span class='ocrx_word' id='word_1_413' title='bbox 964 5478 1207 5549; x_wconf 85' lang='lat' dir='ltr'><strong>datisque</strong></span> <span class='ocrx_word' id='word_1_414' title='bbox 1228 5479 1564 5549; x_wconf 87' lang='lat' dir='ltr'><strong>juramentis,</strong></span> <span class='ocrx_word' id='word_1_415' title='bbox 1601 5497 1659 5536; x_wconf 91' lang='lat' dir='ltr'><strong>se</strong></span> <span class='ocrx_word' id='word_1_416' title='bbox 1687 5483 1926 5536; x_wconf 90' lang='lat' dir='ltr'><strong>omnium</strong></span> 
     </span>
    </p>
   </div>
   <div class='ocr_carea' id='block_1_57' title="bbox 337 5567 1930 5641">
    <p class='ocr_par' dir='ltr' id='par_1_57' title="bbox 337 5567 1930 5641">
     <span class='ocr_line' id='line_1_57' title="bbox 337 5567 1930 5641; baseline 0.004 -22"><span class='ocrx_word' id='word_1_417' title='bbox 337 5567 697 5621; x_wconf 89' lang='lat' dir='ltr'><strong>munitissimo</strong></span> <span class='ocrx_word' id='word_1_418' title='bbox 728 5570 976 5638; x_wconf 64' lang='lat' dir='ltr'><strong>pratsidio</strong></span> <span class='ocrx_word' id='word_1_419' title='bbox 1004 5586 1271 5634; x_wconf 85' lang='lat' dir='ltr'><strong>cessuros,</strong></span> <span class='ocrx_word' id='word_1_420' title='bbox 1301 5572 1441 5641; x_wconf 90' lang='lat' dir='ltr'><strong>quod</strong></span> <span class='ocrx_word' id='word_1_421' title='bbox 1467 5573 1691 5638; x_wconf 89' lang='lat' dir='ltr'><strong>partium</strong></span> <span class='ocrx_word' id='word_1_422' title='bbox 1721 5583 1930 5626; x_wconf 82' lang='lat' dir='ltr'><strong>nostra-</strong></span> 
     </span>
    </p>
   </div>
   <div class='ocr_carea' id='block_1_58' title="bbox 337 5663 1926 5734">
    <p class='ocr_par' dir='ltr' id='par_1_58' title="bbox 337 5663 1926 5734">
     <span class='ocr_line' id='line_1_58' title="bbox 337 5663 1926 5734; baseline 0.004 -22"><span class='ocrx_word' id='word_1_423' title='bbox 337 5672 458 5712; x_wconf 83' lang='lat' dir='ltr'><strong>rum</strong></span> <span class='ocrx_word' id='word_1_424' title='bbox 503 5673 602 5714; x_wconf 91' lang='lat' dir='ltr'><strong>ceu</strong></span> <span class='ocrx_word' id='word_1_425' title='bbox 652 5675 838 5716; x_wconf 86' lang='lat' dir='ltr'><strong>murus</strong></span> <span class='ocrx_word' id='word_1_426' title='bbox 883 5670 1000 5716; x_wconf 89' lang='lat' dir='ltr'><strong>erat</strong></span> <span class='ocrx_word' id='word_1_427' title='bbox 1049 5663 1504 5732; x_wconf 79' lang='lat' dir='ltr'><strong>inexpugnabilis,</strong></span> <span class='ocrx_word' id='word_1_428' title='bbox 1559 5663 1926 5734; x_wconf 88' lang='lat' dir='ltr'><strong>humanosque</strong></span> 
     </span>
    </p>
   </div>
   <div class='ocr_carea' id='block_1_59' title="bbox 341 5751 1924 5828">
    <p class='ocr_par' dir='ltr' id='par_1_59' title="bbox 341 5751 1924 5828">
     <span class='ocr_line' id='line_1_59' title="bbox 341 5751 1924 5828; baseline 0.005 -25"><span class='ocrx_word' id='word_1_429' title='bbox 341 5752 481 5804; x_wconf 55' lang='lat' dir='ltr'><strong>nacti</strong></span> <span class='ocrx_word' id='word_1_430' title='bbox 513 5751 808 5817; x_wconf 88' lang='lat' dir='ltr'><strong>barbaros,</strong></span> <span class='ocrx_word' id='word_1_431' title='bbox 858 5754 936 5809; x_wconf 91' lang='lat' dir='ltr'><strong>sic</strong></span> <span class='ocrx_word' id='word_1_432' title='bbox 979 5765 1294 5819; x_wconf 88' lang='lat' dir='ltr'><strong>evaserunt,</strong></span> <span class='ocrx_word' id='word_1_433' title='bbox 1340 5771 1405 5809; x_wconf 90' lang='lat' dir='ltr'><strong>ex</strong></span> <span class='ocrx_word' id='word_1_434' title='bbox 1450 5755 1736 5826; x_wconf 89' lang='lat' dir='ltr'><strong>multisque</strong></span> <span class='ocrx_word' id='word_1_435' title='bbox 1770 5757 1924 5828; x_wconf 87' lang='lat' dir='ltr'><strong>pauci</strong></span> 
     </span>
    </p>
   </div>
   <div class='ocr_carea' id='block_1_60' title="bbox 343 5845 1924 5918">
    <p class='ocr_par' dir='ltr' id='par_1_60' title="bbox 343 5845 1924 5918">
     <span class='ocr_line' id='line_1_60' title="bbox 343 5845 1924 5918; baseline 0.006 -20"><span class='ocrx_word' id='word_1_436' title='bbox 343 5846 697 5914; x_wconf 74' lang='lat' dir='ltr'><strong>remigraiunt</strong></span> <span class='ocrx_word' id='word_1_437' title='bbox 716 5886 731 5911; x_wconf 90' lang='lat'><strong>,</strong></span> <span class='ocrx_word' id='word_1_438' title='bbox 768 5845 860 5902; x_wconf 89' lang='lat' dir='ltr'><strong>sed</strong></span> <span class='ocrx_word' id='word_1_439' title='bbox 885 5845 1087 5904; x_wconf 75' lang='lat' dir='ltr'><strong>allectis</strong></span> <span class='ocrx_word' id='word_1_440' title='bbox 1107 5847 1440 5918; x_wconf 79' lang='lat' dir='ltr'><strong>corporibus,</strong></span> <span class='ocrx_word' id='word_1_441' title='bbox 1473 5848 1539 5907; x_wconf 86' lang='lat' dir='ltr'><strong>de</strong></span> <span class='ocrx_word' id='word_1_442' title='bbox 1568 5849 1697 5907; x_wconf 90' lang='lat' dir='ltr'><strong>inito</strong></span> <span class='ocrx_word' id='word_1_443' title='bbox 1724 5851 1924 5908; x_wconf 69' lang='lat' dir='ltr'><strong>findere</strong></span> 
     </span>
    </p>
   </div>
   <div class='ocr_carea' id='block_1_61' title="bbox 1152 393 2904 465">
    <p class='ocr_par' dir='ltr' id='par_1_61' title="bbox 1152 393 2904 465">
     <span class='ocr_line' id='line_1_61' title="bbox 1152 393 2904 465; baseline 0.007 -16"><span class='ocrx_word' id='word_1_444' title='bbox 1152 393 1240 450; x_wconf 86' lang='lat' dir='ltr'><strong>DE</strong></span> <span class='ocrx_word' id='word_1_445' title='bbox 1281 397 1340 452; x_wconf 87' lang='lat' dir='ltr'><strong>S.</strong></span> <span class='ocrx_word' id='word_1_446' title='bbox 1382 394 1678 465; x_wconf 76' lang='lat' dir='ltr'><strong>BABYLA,</strong></span> <span class='ocrx_word' id='word_1_447' title='bbox 1716 395 1992 456; x_wconf 79' lang='lat' dir='ltr'><strong>CONTRA</strong></span> <span class='ocrx_word' id='word_1_448' title='bbox 2032 400 2374 460; x_wconf 75' lang='lat' dir='ltr'><strong>JULIANUM</strong></span> <span class='ocrx_word' id='word_1_449' title='bbox 2413 403 2504 458; x_wconf 82' lang='lat' dir='ltr'><strong>ET</strong></span> <span class='ocrx_word' id='word_1_450' title='bbox 2541 401 2904 462; x_wconf 82' lang='lat' dir='ltr'><strong>GENTILES.</strong></span> 
     </span>
    </p>
   </div>
   <div class='ocr_carea' id='block_1_62' title="bbox 3544 415 3650 470">
    <p class='ocr_par' dir='ltr' id='par_1_62' title="bbox 3544 415 3650 470">
     <span class='ocr_line' id='line_1_62' title="bbox 3544 415 3650 470; baseline -0.009 -1"><span class='ocrx_word' id='word_1_451' title='bbox 3544 415 3650 470; x_wconf 75' lang='lat'><strong>570</strong></span> 
     </span>
    </p>
   </div>
   <div class='ocr_carea' id='block_1_63' title="bbox 2061 512 3649 592">
    <p class='ocr_par' dir='ltr' id='par_1_63' title="bbox 2061 512 3649 592">
     <span class='ocr_line' id='line_1_63' title="bbox 2061 512 3649 592; baseline 0.008 -26"><span class='ocrx_word' id='word_1_452' title='bbox 2061 512 2345 582; x_wconf 88' lang='lat' dir='ltr'><strong>pudefactl,</strong></span> <span class='ocrx_word' id='word_1_453' title='bbox 2373 529 2471 586; x_wconf 89' lang='lat' dir='ltr'><strong>per</strong></span> <span class='ocrx_word' id='word_1_454' title='bbox 2488 515 2858 585; x_wconf 87' lang='lat' dir='ltr'><strong>jusjurandum</strong></span> <span class='ocrx_word' id='word_1_455' title='bbox 2886 533 3014 573; x_wconf 80' lang='lat' dir='ltr'><strong>vero</strong></span> <span class='ocrx_word' id='word_1_456' title='bbox 3038 521 3207 576; x_wconf 92' lang='lat' dir='ltr'><strong>coacti</strong></span> <span class='ocrx_word' id='word_1_457' title='bbox 3230 524 3468 592; x_wconf 81' lang='lat' dir='ltr'><strong>paternis</strong></span> <span class='ocrx_word' id='word_1_458' title='bbox 3493 523 3649 579; x_wconf 85' lang='lat' dir='ltr'><strong>bonis</strong></span> 
     </span>
    </p>
   </div>
   <div class='ocr_carea' id='block_1_64' title="bbox 2058 604 3648 680">
    <p class='ocr_par' dir='ltr' id='par_1_64' title="bbox 2058 604 3648 680">
     <span class='ocr_line' id='line_1_64' title="bbox 2058 604 3648 680; baseline 0.008 -21"><span class='ocrx_word' id='word_1_459' title='bbox 2058 604 2274 660; x_wconf 88' lang='lat' dir='ltr'><strong>cedere.</strong></span> <span class='ocrx_word' id='word_1_460' title='bbox 2309 605 2609 678; x_wconf 89' lang='lat' dir='ltr'><strong>Videreque</strong></span> <span class='ocrx_word' id='word_1_461' title='bbox 2651 618 2767 664; x_wconf 89' lang='lat' dir='ltr'><strong>erat</strong></span> <span class='ocrx_word' id='word_1_462' title='bbox 2795 610 2982 680; x_wconf 85' lang='lat' dir='ltr'><strong>quavis</strong></span> <span class='ocrx_word' id='word_1_463' title='bbox 3011 612 3318 680; x_wconf 76' lang='lat' dir='ltr'><strong>captivitate</strong></span> <span class='ocrx_word' id='word_1_464' title='bbox 3364 615 3648 670; x_wconf 84' lang='lat' dir='ltr'><strong>miserabi-</strong></span> 
     </span>
    </p>
   </div>
   <div class='ocr_carea' id='block_1_65' title="bbox 2057 697 3650 776">
    <p class='ocr_par' dir='ltr' id='par_1_65' title="bbox 2057 697 3650 776">
     <span class='ocr_line' id='line_1_65' title="bbox 2057 697 3650 776; baseline 0.007 -24"><span class='ocrx_word' id='word_1_465' title='bbox 2057 697 2162 752; x_wconf 87' lang='lat' dir='ltr'><strong>lius</strong></span> <span class='ocrx_word' id='word_1_466' title='bbox 2193 700 2553 767; x_wconf 86' lang='lat' dir='ltr'><strong>spectaculum</strong></span> <span class='ocrx_word' id='word_1_467' title='bbox 2589 718 2603 754; x_wconf 92' lang='lat'><strong>:</strong></span> <span class='ocrx_word' id='word_1_468' title='bbox 2633 717 2754 755; x_wconf 88' lang='lat' dir='ltr'><strong>nam</strong></span> <span class='ocrx_word' id='word_1_469' title='bbox 2782 701 2933 758; x_wconf 87' lang='lat' dir='ltr'><strong>urbis</strong></span> <span class='ocrx_word' id='word_1_470' title='bbox 2974 703 3117 757; x_wconf 91' lang='lat' dir='ltr'><strong>illius</strong></span> <span class='ocrx_word' id='word_1_471' title='bbox 3163 706 3343 772; x_wconf 86' lang='lat' dir='ltr'><strong>cives,</strong></span> <span class='ocrx_word' id='word_1_472' title='bbox 3385 722 3416 761; x_wconf 90' lang='lat' dir='ltr'><strong>a</strong></span> <span class='ocrx_word' id='word_1_473' title='bbox 3455 708 3650 776; x_wconf 85' lang='lat' dir='ltr'><strong>quibus</strong></span> 
     </span>
    </p>
   </div>
   <div class='ocr_carea' id='block_1_66' title="bbox 2054 795 3650 873">
    <p class='ocr_par' dir='ltr' id='par_1_66' title="bbox 2054 795 3650 873">
     <span class='ocr_line' id='line_1_66' title="bbox 2054 795 3650 873; baseline 0.006 -26"><span class='ocrx_word' id='word_1_474' title='bbox 2054 795 2277 864; x_wconf 83' lang='lat' dir='ltr'><strong>gratiam</strong></span> <span class='ocrx_word' id='word_1_475' title='bbox 2300 797 2712 866; x_wconf 81' lang='lat' dir='ltr'><strong>exspectabant,</strong></span> <span class='ocrx_word' id='word_1_476' title='bbox 2765 797 2906 868; x_wconf 90' lang='lat' dir='ltr'><strong>quod</strong></span> <span class='ocrx_word' id='word_1_477' title='bbox 2942 799 3109 853; x_wconf 87' lang='lat' dir='ltr'><strong>instar</strong></span> <span class='ocrx_word' id='word_1_478' title='bbox 3137 801 3518 870; x_wconf 84' lang='lat' dir='ltr'><strong>prepugnaculi</strong></span> <span class='ocrx_word' id='word_1_479' title='bbox 3553 819 3650 873; x_wconf 84' lang='lat' dir='ltr'><strong>po-</strong></span> 
     </span>
    </p>
   </div>
   <div class='ocr_carea' id='block_1_67' title="bbox 2055 887 3649 962">
    <p class='ocr_par' dir='ltr' id='par_1_67' title="bbox 2055 887 3649 962">
     <span class='ocr_line' id='line_1_67' title="bbox 2055 887 3649 962; baseline 0.005 -24"><span class='ocrx_word' id='word_1_480' title='bbox 2055 887 2142 938; x_wconf 94' lang='lat' dir='ltr'><strong>siti</strong></span> <span class='ocrx_word' id='word_1_481' title='bbox 2172 900 2267 941; x_wconf 91' lang='lat' dir='ltr'><strong>eos</strong></span> <span class='ocrx_word' id='word_1_482' title='bbox 2296 903 2505 952; x_wconf 90' lang='lat' dir='ltr'><strong>omnes,</strong></span> <span class='ocrx_word' id='word_1_483' title='bbox 2534 889 2623 958; x_wconf 89' lang='lat' dir='ltr'><strong>qui</strong></span> <span class='ocrx_word' id='word_1_484' title='bbox 2646 889 2779 943; x_wconf 92' lang='lat' dir='ltr'><strong>intra</strong></span> <span class='ocrx_word' id='word_1_485' title='bbox 2809 889 2906 943; x_wconf 91' lang='lat' dir='ltr'><strong>hos</strong></span> <span class='ocrx_word' id='word_1_486' title='bbox 2935 890 3133 945; x_wconf 89' lang='lat' dir='ltr'><strong>limites</strong></span> <span class='ocrx_word' id='word_1_487' title='bbox 3162 904 3344 946; x_wconf 89' lang='lat' dir='ltr'><strong>essent</strong></span> <span class='ocrx_word' id='word_1_488' title='bbox 3368 935 3383 959; x_wconf 95' lang='lat'><strong>,</strong></span> <span class='ocrx_word' id='word_1_489' title='bbox 3407 894 3558 962; x_wconf 89' lang='lat' dir='ltr'><strong>quasi</strong></span> <span class='ocrx_word' id='word_1_490' title='bbox 3596 894 3649 946; x_wconf 93' lang='lat' dir='ltr'><strong>in</strong></span> 
     </span>
    </p>
   </div>
   <div class='ocr_carea' id='block_1_68' title="bbox 2056 980 3648 1052">
    <p class='ocr_par' dir='ltr' id='par_1_68' title="bbox 2056 980 3648 1052">
     <span class='ocr_line' id='line_1_68' title="bbox 2056 980 3648 1052; baseline 0.004 -23"><span class='ocrx_word' id='word_1_491' title='bbox 2056 985 2210 1045; x_wconf 87' lang='lat' dir='ltr'><strong>portu</strong></span> <span class='ocrx_word' id='word_1_492' title='bbox 2241 980 2678 1044; x_wconf 90' lang='lat' dir='ltr'><strong>constituissent,</strong></span> <span class='ocrx_word' id='word_1_493' title='bbox 2723 995 2820 1049; x_wconf 92' lang='lat' dir='ltr'><strong>pro</strong></span> <span class='ocrx_word' id='word_1_494' title='bbox 2845 981 3094 1036; x_wconf 91' lang='lat' dir='ltr'><strong>omnibus</strong></span> <span class='ocrx_word' id='word_1_495' title='bbox 3125 997 3342 1052; x_wconf 88' lang='lat' dir='ltr'><strong>semper</strong></span> <span class='ocrx_word' id='word_1_496' title='bbox 3368 983 3435 1037; x_wconf 94' lang='lat' dir='ltr'><strong>ad</strong></span> <span class='ocrx_word' id='word_1_497' title='bbox 3465 983 3648 1037; x_wconf 88' lang='lat' dir='ltr'><strong>omnia</strong></span> 
     </span>
    </p>
   </div>
   <div class='ocr_carea' id='block_1_69' title="bbox 2057 1067 3642 1142">
    <p class='ocr_par' dir='ltr' id='par_1_69' title="bbox 2057 1067 3642 1142">
     <span class='ocr_line' id='line_1_69' title="bbox 2057 1067 3642 1142; baseline 0.004 -22"><span class='ocrx_word' id='word_1_498' title='bbox 2057 1067 2289 1135; x_wconf 88' lang='lat' dir='ltr'><strong>pericula</strong></span> <span class='ocrx_word' id='word_1_499' title='bbox 2312 1069 2526 1138; x_wconf 83' lang='lat' dir='ltr'><strong>objecti.</strong></span> <span class='ocrx_word' id='word_1_500' title='bbox 2559 1072 2625 1124; x_wconf 89' lang='lat' dir='ltr'><strong>ab</strong></span> <span class='ocrx_word' id='word_1_501' title='bbox 2655 1071 2840 1125; x_wconf 89' lang='lat' dir='ltr'><strong>iisdem</strong></span> <span class='ocrx_word' id='word_1_502' title='bbox 2871 1071 3080 1125; x_wconf 90' lang='lat' dir='ltr'><strong>hostilia</strong></span> <span class='ocrx_word' id='word_1_503' title='bbox 3112 1075 3254 1142; x_wconf 88' lang='lat' dir='ltr'><strong>passi</strong></span> <span class='ocrx_word' id='word_1_504' title='bbox 3283 1083 3428 1139; x_wconf 89' lang='lat' dir='ltr'><strong>sunt,</strong></span> <span class='ocrx_word' id='word_1_505' title='bbox 3459 1084 3513 1128; x_wconf 91' lang='lat' dir='ltr'><strong>ct</strong></span> <span class='ocrx_word' id='word_1_506' title='bbox 3542 1075 3642 1127; x_wconf 87' lang='lat' dir='ltr'><strong>do-</strong></span> 
     </span>
    </p>
   </div>
   <div class='ocr_carea' id='block_1_70' title="bbox 2053 1158 3646 1234">
    <p class='ocr_par' dir='ltr' id='par_1_70' title="bbox 2053 1158 3646 1234">
     <span class='ocr_line' id='line_1_70' title="bbox 2053 1158 3646 1234; baseline 0.008 -25"><span class='ocrx_word' id='word_1_507' title='bbox 2053 1158 2228 1215; x_wconf 91' lang='lat' dir='ltr'><strong>mibus</strong></span> <span class='ocrx_word' id='word_1_508' title='bbox 2257 1161 2508 1217; x_wconf 89' lang='lat' dir='ltr'><strong>cedentes</strong></span> <span class='ocrx_word' id='word_1_509' title='bbox 2537 1172 2591 1216; x_wconf 90' lang='lat' dir='ltr'><strong>et</strong></span> <span class='ocrx_word' id='word_1_510' title='bbox 2616 1163 2756 1232; x_wconf 88' lang='lat' dir='ltr'><strong>agris</strong></span> <span class='ocrx_word' id='word_1_511' title='bbox 2780 1206 2795 1230; x_wconf 88' lang='lat'><strong>,</strong></span> <span class='ocrx_word' id='word_1_512' title='bbox 2821 1174 2873 1218; x_wconf 91' lang='lat' dir='ltr'><strong>et</strong></span> <span class='ocrx_word' id='word_1_513' title='bbox 2902 1181 2928 1216; x_wconf 89' lang='lat' dir='ltr'><strong>a</strong></span> <span class='ocrx_word' id='word_1_514' title='bbox 2955 1165 3189 1233; x_wconf 88' lang='lat' dir='ltr'><strong>paternis</strong></span> <span class='ocrx_word' id='word_1_515' title='bbox 3216 1166 3646 1234; x_wconf 87' lang='lat' dir='ltr'><strong>possessionibus</strong></span> 
     </span>
    </p>
   </div>
   <div class='ocr_carea' id='block_1_71' title="bbox 2052 1251 3644 1322">
    <p class='ocr_par' dir='ltr' id='par_1_71' title="bbox 2052 1251 3644 1322">
     <span class='ocr_line' id='line_1_71' title="bbox 2052 1251 3644 1322; baseline 0.006 -18"><span class='ocrx_word' id='word_1_516' title='bbox 2052 1251 2262 1316; x_wconf 86' lang='lat' dir='ltr'><strong>avulsi,</strong></span> <span class='ocrx_word' id='word_1_517' title='bbox 2294 1268 2394 1322; x_wconf 90' lang='lat' dir='ltr'><strong>qua</strong></span> <span class='ocrx_word' id='word_1_518' title='bbox 2425 1254 2728 1309; x_wconf 88' lang='lat' dir='ltr'><strong>calamitate</strong></span> <span class='ocrx_word' id='word_1_519' title='bbox 2753 1271 2782 1308; x_wconf 91' lang='lat' dir='ltr'><strong>a</strong></span> <span class='ocrx_word' id='word_1_520' title='bbox 2811 1256 2922 1309; x_wconf 91' lang='lat' dir='ltr'><strong>suis</strong></span> <span class='ocrx_word' id='word_1_521' title='bbox 2950 1255 3122 1311; x_wconf 64' lang='lat' dir='ltr'><strong>affecti</strong></span> <span class='ocrx_word' id='word_1_522' title='bbox 3157 1268 3301 1312; x_wconf 90' lang='lat' dir='ltr'><strong>sunt.</strong></span> <span class='ocrx_word' id='word_1_523' title='bbox 3351 1259 3504 1314; x_wconf 84' lang='lat' dir='ltr'><strong>Hunc</strong></span> <span class='ocrx_word' id='word_1_524' title='bbox 3546 1274 3644 1314; x_wconf 87' lang='lat' dir='ltr'><strong>nos</strong></span> 
     </span>
    </p>
   </div>
   <div class='ocr_carea' id='block_1_72' title="bbox 2051 1342 3644 1420">
    <p class='ocr_par' dir='ltr' id='par_1_72' title="bbox 2051 1342 3644 1420">
     <span class='ocr_line' id='line_1_72' title="bbox 2051 1342 3644 1420; baseline 0.004 -24"><span class='ocrx_word' id='word_1_525' title='bbox 2051 1342 2282 1398; x_wconf 90' lang='lat' dir='ltr'><strong>fructum</strong></span> <span class='ocrx_word' id='word_1_526' title='bbox 2302 1347 2368 1398; x_wconf 90' lang='lat' dir='ltr'><strong>ab</strong></span> <span class='ocrx_word' id='word_1_527' title='bbox 2393 1347 2606 1416; x_wconf 74' lang='lat' dir='ltr'><strong>egregio</strong></span> <span class='ocrx_word' id='word_1_528' title='bbox 2629 1346 2949 1416; x_wconf 86' lang='lat' dir='ltr'><strong>lmperatore</strong></span> <span class='ocrx_word' id='word_1_529' title='bbox 2974 1350 3328 1419; x_wconf 83' lang='lat' dir='ltr'><strong>percepimus.</strong></span> <span class='ocrx_word' id='word_1_530' title='bbox 3354 1353 3470 1405; x_wconf 58' lang='lat' dir='ltr'><strong>llaec</strong></span> <span class='ocrx_word' id='word_1_531' title='bbox 3484 1365 3644 1420; x_wconf 86' lang='lat' dir='ltr'><strong>porro</strong></span> 
     </span>
    </p>
   </div>
   <div class='ocr_carea' id='block_1_73' title="bbox 2051 1439 3640 1513">
    <p class='ocr_par' dir='ltr' id='par_1_73' title="bbox 2051 1439 3640 1513">
     <span class='ocr_line' id='line_1_73' title="bbox 2051 1439 3640 1513; baseline 0.004 -23"><span class='ocrx_word' id='word_1_532' title='bbox 2051 1453 2159 1490; x_wconf 90' lang='lat' dir='ltr'><strong>non</strong></span> <span class='ocrx_word' id='word_1_533' title='bbox 2189 1447 2389 1493; x_wconf 89' lang='lat' dir='ltr'><strong>temere</strong></span> <span class='ocrx_word' id='word_1_534' title='bbox 2415 1439 2550 1492; x_wconf 86' lang='lat' dir='ltr'><strong>dicta</strong></span> <span class='ocrx_word' id='word_1_535' title='bbox 2579 1450 2735 1503; x_wconf 89' lang='lat' dir='ltr'><strong>sunt,</strong></span> <span class='ocrx_word' id='word_1_536' title='bbox 2767 1439 2860 1493; x_wconf 91' lang='lat' dir='ltr'><strong>sed</strong></span> <span class='ocrx_word' id='word_1_537' title='bbox 2889 1451 2944 1492; x_wconf 89' lang='lat' dir='ltr'><strong>ttt</strong></span> <span class='ocrx_word' id='word_1_538' title='bbox 2974 1442 3416 1508; x_wconf 89' lang='lat' dir='ltr'><strong>rcsponderemus</strong></span> <span class='ocrx_word' id='word_1_539' title='bbox 3439 1443 3526 1507; x_wconf 90' lang='lat' dir='ltr'><strong>iis,</strong></span> <span class='ocrx_word' id='word_1_540' title='bbox 3551 1445 3640 1513; x_wconf 93' lang='lat' dir='ltr'><strong>qui</strong></span> 
     </span>
    </p>
   </div>
   <div class='ocr_carea' id='block_1_74' title="bbox 2050 1530 3642 1600">
    <p class='ocr_par' dir='ltr' id='par_1_74' title="bbox 2050 1530 3642 1600">
     <span class='ocr_line' id='line_1_74' title="bbox 2050 1530 3642 1600; baseline 0.006 -22"><span class='ocrx_word' id='word_1_541' title='bbox 2050 1539 2388 1597; x_wconf 66' lang='lat' dir='ltr'><strong>quaarerent,</strong></span> <span class='ocrx_word' id='word_1_542' title='bbox 2441 1546 2535 1583; x_wconf 92' lang='lat' dir='ltr'><strong>cur</strong></span> <span class='ocrx_word' id='word_1_543' title='bbox 2580 1546 2683 1583; x_wconf 88' lang='lat' dir='ltr'><strong>non</strong></span> <span class='ocrx_word' id='word_1_544' title='bbox 2724 1530 2792 1583; x_wconf 91' lang='lat' dir='ltr'><strong>ab</strong></span> <span class='ocrx_word' id='word_1_545' title='bbox 2838 1531 2990 1584; x_wconf 91' lang='lat' dir='ltr'><strong>initio</strong></span> <span class='ocrx_word' id='word_1_546' title='bbox 3030 1532 3097 1584; x_wconf 92' lang='lat' dir='ltr'><strong>de</strong></span> <span class='ocrx_word' id='word_1_547' title='bbox 3143 1532 3469 1600; x_wconf 87' lang='lat' dir='ltr'><strong>lmperatore</strong></span> <span class='ocrx_word' id='word_1_548' title='bbox 3499 1533 3642 1588; x_wconf 89' lang='lat' dir='ltr'><strong>Deus</strong></span> 
     </span>
    </p>
   </div>
   <div class='ocr_carea' id='block_1_75' title="bbox 2052 1622 3638 1696">
    <p class='ocr_par' dir='ltr' id='par_1_75' title="bbox 2052 1622 3638 1696">
     <span class='ocr_line' id='line_1_75' title="bbox 2052 1622 3638 1696; baseline 0.004 -23"><span class='ocrx_word' id='word_1_549' title='bbox 2052 1635 2236 1688; x_wconf 62' lang='lat' dir='ltr'><strong>paruas</strong></span> <span class='ocrx_word' id='word_1_550' title='bbox 2261 1623 2564 1690; x_wconf 86' lang='lat' dir='ltr'><strong>sumpserit.</strong></span> <span class='ocrx_word' id='word_1_551' title='bbox 2611 1622 2759 1676; x_wconf 89' lang='lat' dir='ltr'><strong>Illum</strong></span> <span class='ocrx_word' id='word_1_552' title='bbox 2786 1623 2927 1678; x_wconf 91' lang='lat' dir='ltr'><strong>enim</strong></span> <span class='ocrx_word' id='word_1_553' title='bbox 2956 1625 3102 1678; x_wconf 87' lang='lat' dir='ltr'><strong>rabie</strong></span> <span class='ocrx_word' id='word_1_554' title='bbox 3128 1625 3343 1679; x_wconf 91' lang='lat' dir='ltr'><strong>ductum</strong></span> <span class='ocrx_word' id='word_1_555' title='bbox 3373 1641 3517 1696; x_wconf 49' lang='lat' dir='ltr'><strong>saipe</strong></span> <span class='ocrx_word' id='word_1_556' title='bbox 3545 1643 3638 1680; x_wconf 87' lang='lat' dir='ltr'><strong>vo-</strong></span> 
     </span>
    </p>
   </div>
   <div class='ocr_carea' id='block_1_76' title="bbox 2051 1714 3639 1788">
    <p class='ocr_par' dir='ltr' id='par_1_76' title="bbox 2051 1714 3639 1788">
     <span class='ocr_line' id='line_1_76' title="bbox 2051 1714 3639 1788; baseline 0.003 -20"><span class='ocrx_word' id='word_1_557' title='bbox 2051 1714 2148 1768; x_wconf 92' lang='lat' dir='ltr'><strong>luit</strong></span> <span class='ocrx_word' id='word_1_558' title='bbox 2173 1715 2241 1769; x_wconf 91' lang='lat' dir='ltr'><strong>ab</strong></span> <span class='ocrx_word' id='word_1_559' title='bbox 2268 1717 2521 1771; x_wconf 84' lang='lat' dir='ltr'><strong>ulteriore</strong></span> <span class='ocrx_word' id='word_1_560' title='bbox 2547 1717 2749 1786; x_wconf 91' lang='lat' dir='ltr'><strong>impetu</strong></span> <span class='ocrx_word' id='word_1_561' title='bbox 2777 1733 3050 1778; x_wconf 82' lang='lat' dir='ltr'><strong>coercere.</strong></span> <span class='ocrx_word' id='word_1_562' title='bbox 3081 1718 3487 1788; x_wconf 90' lang='lat' dir='ltr'><strong>alienorumque</strong></span> <span class='ocrx_word' id='word_1_563' title='bbox 3517 1735 3639 1773; x_wconf 88' lang='lat' dir='ltr'><strong>ma-</strong></span> 
     </span>
    </p>
   </div>
   <div class='ocr_carea' id='block_1_77' title="bbox 2051 1804 3636 1878">
    <p class='ocr_par' dir='ltr' id='par_1_77' title="bbox 2051 1804 3636 1878">
     <span class='ocr_line' id='line_1_77' title="bbox 2051 1804 3636 1878; baseline 0.003 -20"><span class='ocrx_word' id='word_1_564' title='bbox 2051 1804 2222 1860; x_wconf 87' lang='lat' dir='ltr'><strong>lorum</strong></span> <span class='ocrx_word' id='word_1_565' title='bbox 2250 1808 2495 1877; x_wconf 83' lang='lat' dir='ltr'><strong>exemplo</strong></span> <span class='ocrx_word' id='word_1_566' title='bbox 2521 1807 2808 1861; x_wconf 86' lang='lat' dir='ltr'><strong>emendare</strong></span> <span class='ocrx_word' id='word_1_567' title='bbox 2842 1826 2854 1861; x_wconf 92' lang='lat'>:</span> <span class='ocrx_word' id='word_1_568' title='bbox 2888 1809 3007 1878; x_wconf 87' lang='lat' dir='ltr'><strong>quia</strong></span> <span class='ocrx_word' id='word_1_569' title='bbox 3032 1823 3159 1863; x_wconf 88' lang='lat' dir='ltr'><strong>vero</strong></span> <span class='ocrx_word' id='word_1_570' title='bbox 3189 1809 3274 1863; x_wconf 90' lang='lat' dir='ltr'><strong>ille</strong></span> <span class='ocrx_word' id='word_1_571' title='bbox 3301 1811 3636 1877; x_wconf 87' lang='lat' dir='ltr'><strong>repugnavit.</strong></span> 
     </span>
    </p>
   </div>
   <div class='ocr_carea' id='block_1_78' title="bbox 2049 1895 3640 1970">
    <p class='ocr_par' dir='ltr' id='par_1_78' title="bbox 2049 1895 3640 1970">
     <span class='ocr_line' id='line_1_78' title="bbox 2049 1895 3640 1970; baseline 0.003 -21"><span class='ocrx_word' id='word_1_572' title='bbox 2049 1895 2102 1949; x_wconf 88' lang='lat' dir='ltr'><strong>in</strong></span> <span class='ocrx_word' id='word_1_573' title='bbox 2131 1906 2367 1950; x_wconf 79' lang='lat' dir='ltr'><strong>extrema</strong></span> <span class='ocrx_word' id='word_1_574' title='bbox 2395 1913 2516 1952; x_wconf 87' lang='lat' dir='ltr'><strong>eum</strong></span> <span class='ocrx_word' id='word_1_575' title='bbox 2563 1899 2699 1953; x_wconf 88' lang='lat' dir='ltr'><strong>mala</strong></span> <span class='ocrx_word' id='word_1_576' title='bbox 2737 1898 2964 1967; x_wconf 87' lang='lat' dir='ltr'><strong>conjecit</strong></span> <span class='ocrx_word' id='word_1_577' title='bbox 2997 1916 3010 1951; x_wconf 93' lang='lat'>:</span> <span class='ocrx_word' id='word_1_578' title='bbox 3048 1915 3230 1953; x_wconf 87' lang='lat' dir='ltr'><strong>veram</strong></span> <span class='ocrx_word' id='word_1_579' title='bbox 3271 1899 3483 1970; x_wconf 87' lang='lat' dir='ltr'><strong>quidem</strong></span> <span class='ocrx_word' id='word_1_580' title='bbox 3511 1915 3640 1969; x_wconf 86' lang='lat' dir='ltr'><strong>pec-</strong></span> 
     </span>
    </p>
   </div>
   <div class='ocr_carea' id='block_1_79' title="bbox 2047 1987 3637 2060">
    <p class='ocr_par' dir='ltr' id='par_1_79' title="bbox 2047 1987 3637 2060">
     <span class='ocr_line' id='line_1_79' title="bbox 2047 1987 3637 2060; baseline 0.004 -20"><span class='ocrx_word' id='word_1_581' title='bbox 2047 1996 2288 2041; x_wconf 89' lang='lat' dir='ltr'><strong>catorum</strong></span> <span class='ocrx_word' id='word_1_582' title='bbox 2335 1987 2590 2043; x_wconf 90' lang='lat' dir='ltr'><strong>ultionem</strong></span> <span class='ocrx_word' id='word_1_583' title='bbox 2628 1990 2678 2043; x_wconf 91' lang='lat' dir='ltr'><strong>in</strong></span> <span class='ocrx_word' id='word_1_584' title='bbox 2708 2006 2955 2060; x_wconf 82' lang='lat' dir='ltr'><strong>magnum</strong></span> <span class='ocrx_word' id='word_1_585' title='bbox 2983 1991 3132 2044; x_wconf 91' lang='lat' dir='ltr'><strong>illum</strong></span> <span class='ocrx_word' id='word_1_586' title='bbox 3162 1991 3304 2046; x_wconf 91' lang='lat' dir='ltr'><strong>diem</strong></span> <span class='ocrx_word' id='word_1_587' title='bbox 3334 2007 3637 2059; x_wconf 82' lang='lat' dir='ltr'><strong>reservans,</strong></span> 
     </span>
    </p>
   </div>
   <div class='ocr_carea' id='block_1_80' title="bbox 2049 2079 3638 2150">
    <p class='ocr_par' dir='ltr' id='par_1_80' title="bbox 2049 2079 3638 2150">
     <span class='ocr_line' id='line_1_80' title="bbox 2049 2079 3638 2150; baseline 0.006 -21"><span class='ocrx_word' id='word_1_588' title='bbox 2049 2079 2299 2145; x_wconf 61' lang='lat' dir='ltr'><strong>praesenti</strong></span> <span class='ocrx_word' id='word_1_589' title='bbox 2341 2095 2470 2134; x_wconf 83' lang='lat' dir='ltr'><strong>vero</strong></span> <span class='ocrx_word' id='word_1_590' title='bbox 2498 2097 2653 2149; x_wconf 79' lang='lat' dir='ltr'><strong>pteua</strong></span> <span class='ocrx_word' id='word_1_591' title='bbox 2681 2083 2982 2150; x_wconf 86' lang='lat' dir='ltr'><strong>supiniores</strong></span> <span class='ocrx_word' id='word_1_592' title='bbox 3011 2084 3248 2137; x_wconf 83' lang='lat' dir='ltr'><strong>excitans</strong></span> <span class='ocrx_word' id='word_1_593' title='bbox 3278 2093 3332 2138; x_wconf 92' lang='lat' dir='ltr'><strong>et</strong></span> <span class='ocrx_word' id='word_1_594' title='bbox 3356 2085 3422 2138; x_wconf 91' lang='lat' dir='ltr'><strong>ad</strong></span> <span class='ocrx_word' id='word_1_595' title='bbox 3451 2085 3638 2138; x_wconf 88' lang='lat' dir='ltr'><strong>melio-</strong></span> 
     </span>
    </p>
   </div>
   <div class='ocr_carea' id='block_1_81' title="bbox 2047 2169 3636 2242">
    <p class='ocr_par' dir='ltr' id='par_1_81' title="bbox 2047 2169 3636 2242">
     <span class='ocr_line' id='line_1_81' title="bbox 2047 2169 3636 2242; baseline 0.004 -20"><span class='ocrx_word' id='word_1_596' title='bbox 2047 2185 2160 2224; x_wconf 91' lang='lat' dir='ltr'><strong>rem</strong></span> <span class='ocrx_word' id='word_1_597' title='bbox 2185 2169 2386 2242; x_wconf 82' lang='lat' dir='ltr'><strong>frugem</strong></span> <span class='ocrx_word' id='word_1_598' title='bbox 2416 2173 2697 2228; x_wconf 89' lang='lat' dir='ltr'><strong>reducens.</strong></span> <span class='ocrx_word' id='word_1_599' title='bbox 2747 2173 2913 2227; x_wconf 89' lang='lat' dir='ltr'><strong>Tanta</strong></span> <span class='ocrx_word' id='word_1_600' title='bbox 2942 2176 3084 2229; x_wconf 92' lang='lat' dir='ltr'><strong>enim</strong></span> <span class='ocrx_word' id='word_1_601' title='bbox 3106 2184 3188 2230; x_wconf 90' lang='lat' dir='ltr'><strong>est</strong></span> <span class='ocrx_word' id='word_1_602' title='bbox 3214 2175 3304 2229; x_wconf 89' lang='lat' dir='ltr'><strong>Dei</strong></span> <span class='ocrx_word' id='word_1_603' title='bbox 3335 2176 3636 2241; x_wconf 89' lang='lat' dir='ltr'><strong>tolerantia,</strong></span> 
     </span>
    </p>
   </div>
   <div class='ocr_carea' id='block_1_82' title="bbox 2048 2262 3635 2334">
    <p class='ocr_par' dir='ltr' id='par_1_82' title="bbox 2048 2262 3635 2334">
     <span class='ocr_line' id='line_1_82' title="bbox 2048 2262 3635 2334; baseline 0.005 -20"><span class='ocrx_word' id='word_1_604' title='bbox 2048 2271 2105 2314; x_wconf 93' lang='lat' dir='ltr'><strong>ut</strong></span> <span class='ocrx_word' id='word_1_605' title='bbox 2134 2262 2223 2331; x_wconf 91' lang='lat' dir='ltr'><strong>qui</strong></span> <span class='ocrx_word' id='word_1_606' title='bbox 2251 2278 2312 2316; x_wconf 89' lang='lat' dir='ltr'><strong>ea</strong></span> <span class='ocrx_word' id='word_1_607' title='bbox 2351 2278 2454 2317; x_wconf 90' lang='lat' dir='ltr'><strong>non</strong></span> <span class='ocrx_word' id='word_1_608' title='bbox 2487 2274 2631 2318; x_wconf 91' lang='lat' dir='ltr'><strong>recte</strong></span> <span class='ocrx_word' id='word_1_609' title='bbox 2676 2274 2928 2329; x_wconf 89' lang='lat' dir='ltr'><strong>utuntur,</strong></span> <span class='ocrx_word' id='word_1_610' title='bbox 2981 2282 3074 2320; x_wconf 91' lang='lat' dir='ltr'><strong>eos</strong></span> <span class='ocrx_word' id='word_1_611' title='bbox 3123 2266 3368 2334; x_wconf 82' lang='lat' dir='ltr'><strong>graviore</strong></span> <span class='ocrx_word' id='word_1_612' title='bbox 3422 2268 3635 2322; x_wconf 88' lang='lat' dir='ltr'><strong>tandem</strong></span> 
     </span>
    </p>
   </div>
   <div class='ocr_carea' id='block_1_83' title="bbox 2048 2353 3635 2426">
    <p class='ocr_par' dir='ltr' id='par_1_83' title="bbox 2048 2353 3635 2426">
     <span class='ocr_line' id='line_1_83' title="bbox 2048 2353 3635 2426; baseline 0.001 -18"><span class='ocrx_word' id='word_1_613' title='bbox 2048 2367 2204 2422; x_wconf 78' lang='lat' dir='ltr'><strong>pcena</strong></span> <span class='ocrx_word' id='word_1_614' title='bbox 2225 2353 2421 2408; x_wconf 84' lang='lat' dir='ltr'><strong>afficiat</strong></span> <span class='ocrx_word' id='word_1_615' title='bbox 2449 2371 2462 2406; x_wconf 90' lang='lat'><strong>:</strong></span> <span class='ocrx_word' id='word_1_616' title='bbox 2492 2369 2556 2408; x_wconf 91' lang='lat' dir='ltr'><strong>ac</strong></span> <span class='ocrx_word' id='word_1_617' title='bbox 2583 2356 3030 2424; x_wconf 88' lang='lat' dir='ltr'><strong>quemadmodum</strong></span> <span class='ocrx_word' id='word_1_618' title='bbox 3061 2357 3440 2426; x_wconf 63' lang='lat' dir='ltr'><strong>paenitentibus</strong></span> <span class='ocrx_word' id='word_1_619' title='bbox 3469 2359 3635 2422; x_wconf 84' lang='lat' dir='ltr'><strong>utilis,</strong></span> 
     </span>
    </p>
   </div>
   <div class='ocr_carea' id='block_1_84' title="bbox 2047 2446 3636 2518">
    <p class='ocr_par' dir='ltr' id='par_1_84' title="bbox 2047 2446 3636 2518">
     <span class='ocr_line' id='line_1_84' title="bbox 2047 2446 3636 2518; baseline 0.001 -17"><span class='ocrx_word' id='word_1_620' title='bbox 2047 2448 2116 2501; x_wconf 85' lang='lat' dir='ltr'><strong>ita</strong></span> <span class='ocrx_word' id='word_1_621' title='bbox 2146 2446 2512 2515; x_wconf 74' lang='lat' dir='ltr'><strong>pervicacibus</strong></span> <span class='ocrx_word' id='word_1_622' title='bbox 2537 2457 2590 2501; x_wconf 91' lang='lat' dir='ltr'><strong>et</strong></span> <span class='ocrx_word' id='word_1_623' title='bbox 2618 2447 2899 2502; x_wconf 81' lang='lat' dir='ltr'><strong>obstinatis</strong></span> <span class='ocrx_word' id='word_1_624' title='bbox 2941 2449 3160 2517; x_wconf 86' lang='lat' dir='ltr'><strong>majoris</strong></span> <span class='ocrx_word' id='word_1_625' title='bbox 3202 2449 3446 2518; x_wconf 86' lang='lat' dir='ltr'><strong>supplicii</strong></span> <span class='ocrx_word' id='word_1_626' title='bbox 3473 2464 3636 2504; x_wconf 88' lang='lat' dir='ltr'><strong>causa</strong></span> 
     </span>
    </p>
   </div>
   <div class='ocr_carea' id='block_1_85' title="bbox 2045 2537 3632 2608">
    <p class='ocr_par' dir='ltr' id='par_1_85' title="bbox 2045 2537 3632 2608">
     <span class='ocr_line' id='line_1_85' title="bbox 2045 2537 3632 2608; baseline 0.001 -17"><span class='ocrx_word' id='word_1_627' title='bbox 2045 2537 2240 2591; x_wconf 85' lang='lat' dir='ltr'><strong>evadit.</strong></span> <span class='ocrx_word' id='word_1_628' title='bbox 2288 2537 2439 2606; x_wconf 91' lang='lat' dir='ltr'><strong>Quod</strong></span> <span class='ocrx_word' id='word_1_629' title='bbox 2466 2539 2511 2594; x_wconf 88' lang='lat' dir='ltr'><strong>si</strong></span> <span class='ocrx_word' id='word_1_630' title='bbox 2543 2539 2662 2608; x_wconf 89' lang='lat' dir='ltr'><strong>quis</strong></span> <span class='ocrx_word' id='word_1_631' title='bbox 2692 2539 2834 2592; x_wconf 89' lang='lat' dir='ltr'><strong>dicat</strong></span> <span class='ocrx_word' id='word_1_632' title='bbox 2859 2556 2873 2593; x_wconf 92' lang='lat'>:</span> <span class='ocrx_word' id='word_1_633' title='bbox 2904 2538 3040 2605; x_wconf 88' lang='lat' dir='ltr'><strong>Quid</strong></span> <span class='ocrx_word' id='word_1_634' title='bbox 3073 2539 3269 2608; x_wconf 85' lang='lat' dir='ltr'><strong>igitur?</strong></span> <span class='ocrx_word' id='word_1_635' title='bbox 3294 2556 3468 2594; x_wconf 91' lang='lat' dir='ltr'><strong>annon</strong></span> <span class='ocrx_word' id='word_1_636' title='bbox 3498 2555 3632 2607; x_wconf 77' lang='lat' dir='ltr'><strong>pra:-</strong></span> 
     </span>
    </p>
   </div>
   <div class='ocr_carea' id='block_1_86' title="bbox 2045 2630 3638 2702">
    <p class='ocr_par' dir='ltr' id='par_1_86' title="bbox 2045 2630 3638 2702">
     <span class='ocr_line' id='line_1_86' title="bbox 2045 2630 3638 2702; baseline 0.001 -19"><span class='ocrx_word' id='word_1_637' title='bbox 2045 2631 2250 2685; x_wconf 88' lang='lat' dir='ltr'><strong>viderat</strong></span> <span class='ocrx_word' id='word_1_638' title='bbox 2279 2631 2416 2684; x_wconf 90' lang='lat' dir='ltr'><strong>Deus</strong></span> <span class='ocrx_word' id='word_1_639' title='bbox 2440 2630 2552 2685; x_wconf 89' lang='lat' dir='ltr'><strong>fore</strong></span> <span class='ocrx_word' id='word_1_640' title='bbox 2576 2673 2590 2697; x_wconf 91' lang='lat'><strong>,</strong></span> <span class='ocrx_word' id='word_1_641' title='bbox 2630 2641 2686 2684; x_wconf 87' lang='lat' dir='ltr'><strong>ut</strong></span> <span class='ocrx_word' id='word_1_642' title='bbox 2718 2640 2976 2702; x_wconf 87' lang='lat' dir='ltr'><strong>tyrannus</strong></span> <span class='ocrx_word' id='word_1_643' title='bbox 3005 2647 3292 2701; x_wconf 90' lang='lat' dir='ltr'><strong>numquam</strong></span> <span class='ocrx_word' id='word_1_644' title='bbox 3323 2631 3638 2686; x_wconf 83' lang='lat' dir='ltr'><strong>emendare-</strong></span> 
     </span>
    </p>
   </div>
   <div class='ocr_carea' id='block_1_87' title="bbox 2044 2721 3631 2792">
    <p class='ocr_par' dir='ltr' id='par_1_87' title="bbox 2044 2721 3631 2792">
     <span class='ocr_line' id='line_1_87' title="bbox 2044 2721 3631 2792; baseline 0 -17"><span class='ocrx_word' id='word_1_645' title='bbox 2044 2723 2163 2776; x_wconf 83' lang='lat' dir='ltr'><strong>tur?</strong></span> <span class='ocrx_word' id='word_1_646' title='bbox 2214 2721 2338 2776; x_wconf 92' lang='lat' dir='ltr'><strong>huic</strong></span> <span class='ocrx_word' id='word_1_647' title='bbox 2381 2721 2857 2791; x_wconf 87' lang='lat' dir='ltr'><strong>respondebimus,</strong></span> <span class='ocrx_word' id='word_1_648' title='bbox 2906 2723 3217 2792; x_wconf 72' lang='lat' dir='ltr'><strong>prmvidisse</strong></span> <span class='ocrx_word' id='word_1_649' title='bbox 3249 2722 3503 2792; x_wconf 89' lang='lat' dir='ltr'><strong>quidem,</strong></span> <span class='ocrx_word' id='word_1_650' title='bbox 3537 2722 3631 2775; x_wconf 86' lang='lat' dir='ltr'><strong>sed</strong></span> 
     </span>
    </p>
   </div>
   <div class='ocr_carea' id='block_1_88' title="bbox 2043 2814 3635 2884">
    <p class='ocr_par' dir='ltr' id='par_1_88' title="bbox 2043 2814 3635 2884">
     <span class='ocr_line' id='line_1_88' title="bbox 2043 2814 3635 2884; baseline -0.001 -17"><span class='ocrx_word' id='word_1_651' title='bbox 2043 2829 2332 2883; x_wconf 87' lang='lat' dir='ltr'><strong>numquam</strong></span> <span class='ocrx_word' id='word_1_652' title='bbox 2380 2822 2600 2884; x_wconf 88' lang='lat' dir='ltr'><strong>propter</strong></span> <span class='ocrx_word' id='word_1_653' title='bbox 2638 2814 2855 2869; x_wconf 64' lang='lat' dir='ltr'><strong>malitia)</strong></span> <span class='ocrx_word' id='word_1_654' title='bbox 2889 2823 3086 2869; x_wconf 66' lang='lat' dir='ltr'><strong>nostra)</strong></span> <span class='ocrx_word' id='word_1_655' title='bbox 3115 2814 3486 2884; x_wconf 78' lang='lat' dir='ltr'><strong>przevisionem</strong></span> <span class='ocrx_word' id='word_1_656' title='bbox 3513 2828 3635 2867; x_wconf 87' lang='lat' dir='ltr'><strong>ces-</strong></span> 
     </span>
    </p>
   </div>
   <div class='ocr_carea' id='block_1_89' title="bbox 2041 2904 3635 2975">
    <p class='ocr_par' dir='ltr' id='par_1_89' title="bbox 2041 2904 3635 2975">
     <span class='ocr_line' id='line_1_89' title="bbox 2041 2904 3635 2975; baseline -0.001 -17"><span class='ocrx_word' id='word_1_657' title='bbox 2041 2913 2280 2959; x_wconf 88' lang='lat' dir='ltr'><strong>saturum</strong></span> <span class='ocrx_word' id='word_1_658' title='bbox 2308 2919 2428 2960; x_wconf 91' lang='lat' dir='ltr'><strong>esse</strong></span> <span class='ocrx_word' id='word_1_659' title='bbox 2451 2920 2571 2975; x_wconf 65' lang='lat' dir='ltr'><strong>quae</strong></span> <span class='ocrx_word' id='word_1_660' title='bbox 2596 2906 2663 2958; x_wconf 91' lang='lat' dir='ltr'><strong>ad</strong></span> <span class='ocrx_word' id='word_1_661' title='bbox 2692 2920 2750 2960; x_wconf 90' lang='lat' dir='ltr'><strong>se</strong></span> <span class='ocrx_word' id='word_1_662' title='bbox 2786 2914 3032 2975; x_wconf 89' lang='lat' dir='ltr'><strong>spectant</strong></span> <span class='ocrx_word' id='word_1_663' title='bbox 3067 2907 3262 2960; x_wconf 85' lang='lat' dir='ltr'><strong>facere.</strong></span> <span class='ocrx_word' id='word_1_664' title='bbox 3306 2904 3502 2959; x_wconf 77' lang='lat' dir='ltr'><strong>Verum</strong></span> <span class='ocrx_word' id='word_1_665' title='bbox 3533 2904 3635 2958; x_wconf 90' lang='lat' dir='ltr'><strong>etsi</strong></span> 
     </span>
    </p>
   </div>
   <div class='ocr_carea' id='block_1_90' title="bbox 2041 2995 3636 3060">
    <p class='ocr_par' dir='ltr' id='par_1_90' title="bbox 2041 2995 3636 3060">
     <span class='ocr_line' id='line_1_90' title="bbox 2041 2995 3636 3060; baseline -0.001 -10"><span class='ocrx_word' id='word_1_666' title='bbox 2041 3012 2142 3050; x_wconf 85' lang='lat' dir='ltr'><strong>nos</strong></span> <span class='ocrx_word' id='word_1_667' title='bbox 2177 2997 2594 3052; x_wconf 87' lang='lat' dir='ltr'><strong>admonitionem</strong></span> <span class='ocrx_word' id='word_1_668' title='bbox 2625 3013 2730 3051; x_wconf 87' lang='lat' dir='ltr'><strong>non</strong></span> <span class='ocrx_word' id='word_1_669' title='bbox 2763 2997 3106 3051; x_wconf 90' lang='lat' dir='ltr'><strong>admittamus</strong></span> <span class='ocrx_word' id='word_1_670' title='bbox 3127 3038 3141 3060; x_wconf 92' lang='lat'><strong>,</strong></span> <span class='ocrx_word' id='word_1_671' title='bbox 3175 2996 3266 3050; x_wconf 90' lang='lat' dir='ltr'><strong>ille</strong></span> <span class='ocrx_word' id='word_1_672' title='bbox 3291 2995 3636 3050; x_wconf 87' lang='lat' dir='ltr'><strong>nihilominus</strong></span> 
     </span>
    </p>
   </div>
   <div class='ocr_carea' id='block_1_91' title="bbox 2041 3085 3633 3157">
    <p class='ocr_par' dir='ltr' id='par_1_91' title="bbox 2041 3085 3633 3157">
     <span class='ocr_line' id='line_1_91' title="bbox 2041 3085 3633 3157; baseline -0.003 -17"><span class='ocrx_word' id='word_1_673' title='bbox 2041 3086 2418 3157; x_wconf 86' lang='lat' dir='ltr'><strong>benignitatem</strong></span> <span class='ocrx_word' id='word_1_674' title='bbox 2461 3103 2611 3140; x_wconf 87' lang='lat' dir='ltr'><strong>suam</strong></span> <span class='ocrx_word' id='word_1_675' title='bbox 2651 3087 3019 3152; x_wconf 89' lang='lat' dir='ltr'><strong>demonstrat;</strong></span> <span class='ocrx_word' id='word_1_676' title='bbox 3049 3086 3128 3140; x_wconf 89' lang='lat' dir='ltr'><strong>sin</strong></span> <span class='ocrx_word' id='word_1_677' title='bbox 3158 3087 3317 3140; x_wconf 84' lang='lat' dir='ltr'><strong>etiam</strong></span> <span class='ocrx_word' id='word_1_678' title='bbox 3350 3088 3401 3139; x_wconf 92' lang='lat' dir='ltr'><strong>in</strong></span> <span class='ocrx_word' id='word_1_679' title='bbox 3435 3085 3633 3154; x_wconf 88' lang='lat' dir='ltr'><strong>majora</strong></span> 
     </span>
    </p>
   </div>
   <div class='ocr_carea' id='block_1_92' title="bbox 2040 3177 3634 3249">
    <p class='ocr_par' dir='ltr' id='par_1_92' title="bbox 2040 3177 3634 3249">
     <span class='ocr_line' id='line_1_92' title="bbox 2040 3177 3634 3249; baseline -0.001 -17"><span class='ocrx_word' id='word_1_680' title='bbox 2040 3177 2394 3249; x_wconf 84' lang='lat' dir='ltr'><strong>impingamus</strong></span> <span class='ocrx_word' id='word_1_681' title='bbox 2422 3180 2579 3245; x_wconf 90' lang='lat' dir='ltr'><strong>mala,</strong></span> <span class='ocrx_word' id='word_1_682' title='bbox 2610 3179 2739 3232; x_wconf 87' lang='lat' dir='ltr'><strong>nihil</strong></span> <span class='ocrx_word' id='word_1_683' title='bbox 2765 3179 2866 3234; x_wconf 92' lang='lat' dir='ltr'><strong>hoc</strong></span> <span class='ocrx_word' id='word_1_684' title='bbox 2891 3179 2955 3232; x_wconf 91' lang='lat' dir='ltr'><strong>ad</strong></span> <span class='ocrx_word' id='word_1_685' title='bbox 2986 3193 3108 3233; x_wconf 89' lang='lat' dir='ltr'><strong>eum</strong></span> <span class='ocrx_word' id='word_1_686' title='bbox 3135 3187 3378 3247; x_wconf 80' lang='lat' dir='ltr'><strong>Spectat,</strong></span> <span class='ocrx_word' id='word_1_687' title='bbox 3401 3177 3489 3247; x_wconf 94' lang='lat' dir='ltr'><strong>qui</strong></span> <span class='ocrx_word' id='word_1_688' title='bbox 3529 3191 3634 3231; x_wconf 92' lang='lat' dir='ltr'><strong>non</strong></span> 
     </span>
    </p>
   </div>
   <div class='ocr_carea' id='block_1_93' title="bbox 2040 3267 3630 3340">
    <p class='ocr_par' dir='ltr' id='par_1_93' title="bbox 2040 3267 3630 3340">
     <span class='ocr_line' id='line_1_93' title="bbox 2040 3267 3630 3340; baseline 0 -18"><span class='ocrx_word' id='word_1_689' title='bbox 2040 3267 2162 3322; x_wconf 89' lang='lat' dir='ltr'><strong>ideo</strong></span> <span class='ocrx_word' id='word_1_690' title='bbox 2191 3284 2288 3324; x_wconf 89' lang='lat' dir='ltr'><strong>nos</strong></span> <span class='ocrx_word' id='word_1_691' title='bbox 2315 3279 2596 3338; x_wconf 87' lang='lat' dir='ltr'><strong>peccantes</strong></span> <span class='ocrx_word' id='word_1_692' title='bbox 2620 3270 2711 3324; x_wconf 90' lang='lat' dir='ltr'><strong>diu</strong></span> <span class='ocrx_word' id='word_1_693' title='bbox 2741 3271 2861 3324; x_wconf 91' lang='lat' dir='ltr'><strong>tulit</strong></span> <span class='ocrx_word' id='word_1_694' title='bbox 2889 3279 2946 3324; x_wconf 90' lang='lat' dir='ltr'><strong>ut</strong></span> <span class='ocrx_word' id='word_1_695' title='bbox 2973 3271 3302 3340; x_wconf 90' lang='lat' dir='ltr'><strong>periremus,</strong></span> <span class='ocrx_word' id='word_1_696' title='bbox 3334 3267 3431 3323; x_wconf 89' lang='lat' dir='ltr'><strong>sed</strong></span> <span class='ocrx_word' id='word_1_697' title='bbox 3460 3277 3515 3322; x_wconf 91' lang='lat' dir='ltr'><strong>ut</strong></span> <span class='ocrx_word' id='word_1_698' title='bbox 3538 3283 3630 3322; x_wconf 86' lang='lat' dir='ltr'><strong>sa-</strong></span> 
     </span>
    </p>
   </div>
   <div class='ocr_carea' id='block_1_94' title="bbox 2038 3360 3634 3432">
    <p class='ocr_par' dir='ltr' id='par_1_94' title="bbox 2038 3360 3634 3432">
     <span class='ocr_line' id='line_1_94' title="bbox 2038 3360 3634 3432; baseline 0 -18"><span class='ocrx_word' id='word_1_699' title='bbox 2038 3360 2204 3414; x_wconf 91' lang='lat' dir='ltr'><strong>lutem</strong></span> <span class='ocrx_word' id='word_1_700' title='bbox 2245 3377 2736 3431; x_wconf 87' lang='lat' dir='ltr'><strong>consequeremur;</strong></span> <span class='ocrx_word' id='word_1_701' title='bbox 2787 3377 2974 3417; x_wconf 87' lang='lat' dir='ltr'><strong>verum</strong></span> <span class='ocrx_word' id='word_1_702' title='bbox 3017 3371 3196 3416; x_wconf 86' lang='lat' dir='ltr'><strong>nostra</strong></span> <span class='ocrx_word' id='word_1_703' title='bbox 3241 3363 3395 3432; x_wconf 91' lang='lat' dir='ltr'><strong>culpa</strong></span> <span class='ocrx_word' id='word_1_704' title='bbox 3436 3361 3634 3427; x_wconf 89' lang='lat' dir='ltr'><strong>evenit,</strong></span> 
     </span>
    </p>
   </div>
   <div class='ocr_carea' id='block_1_95' title="bbox 2039 3452 3628 3524">
    <p class='ocr_par' dir='ltr' id='par_1_95' title="bbox 2039 3452 3628 3524">
     <span class='ocr_line' id='line_1_95' title="bbox 2039 3452 3628 3524; baseline 0.002 -19"><span class='ocrx_word' id='word_1_705' title='bbox 2039 3453 2128 3522; x_wconf 91' lang='lat' dir='ltr'><strong>qui</strong></span> <span class='ocrx_word' id='word_1_706' title='bbox 2159 3452 2479 3507; x_wconf 70' lang='lat' dir='ltr'><strong>ineﬂahilem</strong></span> <span class='ocrx_word' id='word_1_707' title='bbox 2515 3453 2632 3523; x_wconf 91' lang='lat' dir='ltr'><strong>ejus</strong></span> <span class='ocrx_word' id='word_1_708' title='bbox 2678 3454 3014 3508; x_wconf 90' lang='lat' dir='ltr'><strong>tolerantiam</strong></span> <span class='ocrx_word' id='word_1_709' title='bbox 3044 3455 3410 3522; x_wconf 89' lang='lat' dir='ltr'><strong>despeximus.</strong></span> <span class='ocrx_word' id='word_1_710' title='bbox 3448 3455 3628 3524; x_wconf 86' lang='lat' dir='ltr'><strong>Atque</strong></span> 
     </span>
    </p>
   </div>
   <div class='ocr_carea' id='block_1_96' title="bbox 2039 3543 3630 3616">
    <p class='ocr_par' dir='ltr' id='par_1_96' title="bbox 2039 3543 3630 3616">
     <span class='ocr_line' id='line_1_96' title="bbox 2039 3543 3630 3616; baseline 0 -18"><span class='ocrx_word' id='word_1_711' title='bbox 2039 3544 2112 3598; x_wconf 90' lang='lat' dir='ltr'><strong>ita</strong></span> <span class='ocrx_word' id='word_1_712' title='bbox 2159 3543 2419 3600; x_wconf 89' lang='lat' dir='ltr'><strong>immensa</strong></span> <span class='ocrx_word' id='word_1_713' title='bbox 2446 3546 2562 3615; x_wconf 91' lang='lat' dir='ltr'><strong>ejus</strong></span> <span class='ocrx_word' id='word_1_714' title='bbox 2607 3547 2903 3616; x_wconf 83' lang='lat' dir='ltr'><strong>benignitas</strong></span> <span class='ocrx_word' id='word_1_715' title='bbox 2941 3546 3263 3600; x_wconf 87' lang='lat' dir='ltr'><strong>declaratur.</strong></span> <span class='ocrx_word' id='word_1_716' title='bbox 3307 3546 3440 3600; x_wconf 86' lang='lat' dir='ltr'><strong>Cum</strong></span> <span class='ocrx_word' id='word_1_717' title='bbox 3488 3547 3630 3601; x_wconf 89' lang='lat' dir='ltr'><strong>enim</strong></span> 
     </span>
    </p>
   </div>
   <div class='ocr_carea' id='block_1_97' title="bbox 2040 3637 3629 3708">
    <p class='ocr_par' dir='ltr' id='par_1_97' title="bbox 2040 3637 3629 3708">
     <span class='ocr_line' id='line_1_97' title="bbox 2040 3637 3629 3708; baseline -0.001 -19"><span class='ocrx_word' id='word_1_718' title='bbox 2040 3637 2288 3691; x_wconf 91' lang='lat' dir='ltr'><strong>nolumus</strong></span> <span class='ocrx_word' id='word_1_719' title='bbox 2329 3653 2518 3708; x_wconf 87' lang='lat' dir='ltr'><strong>magna</strong></span> <span class='ocrx_word' id='word_1_720' title='bbox 2545 3637 2662 3707; x_wconf 88' lang='lat' dir='ltr'><strong>ejus</strong></span> <span class='ocrx_word' id='word_1_721' title='bbox 2701 3637 2804 3692; x_wconf 92' lang='lat' dir='ltr'><strong>frui</strong></span> <span class='ocrx_word' id='word_1_722' title='bbox 2832 3638 3082 3708; x_wconf 90' lang='lat' dir='ltr'><strong>patientia</strong></span> <span class='ocrx_word' id='word_1_723' title='bbox 3108 3679 3123 3704; x_wconf 96' lang='lat'><strong>,</strong></span> <span class='ocrx_word' id='word_1_724' title='bbox 3159 3647 3280 3692; x_wconf 91' lang='lat' dir='ltr'><strong>tunc</strong></span> <span class='ocrx_word' id='word_1_725' title='bbox 3310 3653 3426 3691; x_wconf 89' lang='lat' dir='ltr'><strong>eam</strong></span> <span class='ocrx_word' id='word_1_726' title='bbox 3458 3637 3546 3691; x_wconf 92' lang='lat' dir='ltr'><strong>ille</strong></span> <span class='ocrx_word' id='word_1_727' title='bbox 3578 3637 3629 3689; x_wconf 91' lang='lat' dir='ltr'><strong>in</strong></span> 
     </span>
    </p>
   </div>
   <div class='ocr_carea' id='block_1_98' title="bbox 2037 3729 3629 3800">
    <p class='ocr_par' dir='ltr' id='par_1_98' title="bbox 2037 3729 3629 3800">
     <span class='ocr_line' id='line_1_98' title="bbox 2037 3729 3629 3800; baseline -0.001 -17"><span class='ocrx_word' id='word_1_728' title='bbox 2037 3730 2264 3784; x_wconf 88' lang='lat' dir='ltr'><strong>aliorum</strong></span> <span class='ocrx_word' id='word_1_729' title='bbox 2297 3731 2500 3784; x_wconf 91' lang='lat' dir='ltr'><strong>lucrum</strong></span> <span class='ocrx_word' id='word_1_730' title='bbox 2529 3732 2810 3796; x_wconf 84' lang='lat' dir='ltr'><strong>convertit,</strong></span> <span class='ocrx_word' id='word_1_731' title='bbox 2846 3730 3038 3800; x_wconf 89' lang='lat' dir='ltr'><strong>ubique</strong></span> <span class='ocrx_word' id='word_1_732' title='bbox 3065 3731 3219 3784; x_wconf 88' lang='lat' dir='ltr'><strong>simul</strong></span> <span class='ocrx_word' id='word_1_733' title='bbox 3250 3729 3629 3798; x_wconf 85' lang='lat' dir='ltr'><strong>benignitatem</strong></span> 
     </span>
    </p>
   </div>
   <div class='ocr_carea' id='block_1_99' title="bbox 2039 3819 3630 3890">
    <p class='ocr_par' dir='ltr' id='par_1_99' title="bbox 2039 3819 3630 3890">
     <span class='ocr_line' id='line_1_99' title="bbox 2039 3819 3630 3890; baseline -0.004 -11"><span class='ocrx_word' id='word_1_734' title='bbox 2039 3835 2094 3878; x_wconf 87' lang='lat' dir='ltr'><strong>et</strong></span> <span class='ocrx_word' id='word_1_735' title='bbox 2118 3823 2391 3878; x_wconf 89' lang='lat' dir='ltr'><strong>solertiam</strong></span> <span class='ocrx_word' id='word_1_736' title='bbox 2417 3835 2566 3875; x_wconf 88' lang='lat' dir='ltr'><strong>suam</strong></span> <span class='ocrx_word' id='word_1_737' title='bbox 2609 3821 2860 3890; x_wconf 87' lang='lat' dir='ltr'><strong>prodens.</strong></span> <span class='ocrx_word' id='word_1_738' title='bbox 2907 3820 3058 3888; x_wconf 88' lang='lat' dir='ltr'><strong>Quod</strong></span> <span class='ocrx_word' id='word_1_739' title='bbox 3083 3821 3242 3874; x_wconf 86' lang='lat' dir='ltr'><strong>etiam</strong></span> <span class='ocrx_word' id='word_1_740' title='bbox 3283 3830 3404 3874; x_wconf 91' lang='lat' dir='ltr'><strong>tunc</strong></span> <span class='ocrx_word' id='word_1_741' title='bbox 3434 3819 3630 3874; x_wconf 89' lang='lat' dir='ltr'><strong>factum</strong></span> 
     </span>
    </p>
   </div>
   <div class='ocr_carea' id='block_1_100' title="bbox 2040 3913 3630 3986">
    <p class='ocr_par' dir='ltr' id='par_1_100' title="bbox 2040 3913 3630 3986">
     <span class='ocr_line' id='line_1_100' title="bbox 2040 3913 3630 3986; baseline -0.004 -14"><span class='ocrx_word' id='word_1_742' title='bbox 2040 3926 2144 3972; x_wconf 89' lang='lat' dir='ltr'><strong>est.</strong></span> <span class='ocrx_word' id='word_1_743' title='bbox 2194 3915 2263 3970; x_wconf 88' lang='lat' dir='ltr'><strong>Et</strong></span> <span class='ocrx_word' id='word_1_744' title='bbox 2308 3923 2564 3986; x_wconf 91' lang='lat' dir='ltr'><strong>tyrannus</strong></span> <span class='ocrx_word' id='word_1_745' title='bbox 2589 3914 2808 3984; x_wconf 89' lang='lat' dir='ltr'><strong>quidem</strong></span> <span class='ocrx_word' id='word_1_746' title='bbox 2837 3914 2914 3968; x_wconf 91' lang='lat' dir='ltr'><strong>sic</strong></span> <span class='ocrx_word' id='word_1_747' title='bbox 2940 3916 3102 3967; x_wconf 90' lang='lat' dir='ltr'><strong>vitam</strong></span> <span class='ocrx_word' id='word_1_748' title='bbox 3130 3913 3360 3978; x_wconf 89' lang='lat' dir='ltr'><strong>clausit;</strong></span> <span class='ocrx_word' id='word_1_749' title='bbox 3404 3927 3469 3967; x_wconf 90' lang='lat' dir='ltr'><strong>ac</strong></span> <span class='ocrx_word' id='word_1_750' title='bbox 3519 3922 3630 3966; x_wconf 91' lang='lat' dir='ltr'><strong>tum</strong></span> 
     </span>
    </p>
   </div>
   <div class='ocr_carea' id='block_1_101' title="bbox 2040 4009 3633 4080">
    <p class='ocr_par' dir='ltr' id='par_1_101' title="bbox 2040 4009 3633 4080">
     <span class='ocr_line' id='line_1_101' title="bbox 2040 4009 3633 4080; baseline -0.003 -16"><span class='ocrx_word' id='word_1_751' title='bbox 2040 4009 2260 4064; x_wconf 73' lang='lat' dir='ltr'><strong>insania:</strong></span> <span class='ocrx_word' id='word_1_752' title='bbox 2301 4011 2455 4078; x_wconf 88' lang='lat' dir='ltr'><strong>ejus,</strong></span> <span class='ocrx_word' id='word_1_753' title='bbox 2507 4018 2617 4063; x_wconf 89' lang='lat' dir='ltr'><strong>tum</strong></span> <span class='ocrx_word' id='word_1_754' title='bbox 2666 4009 2882 4080; x_wconf 62' lang='lat' dir='ltr'><strong>Babylte</strong></span> <span class='ocrx_word' id='word_1_755' title='bbox 2921 4009 3131 4062; x_wconf 90' lang='lat' dir='ltr'><strong>virtutis</strong></span> <span class='ocrx_word' id='word_1_756' title='bbox 3169 4019 3508 4062; x_wconf 87' lang='lat' dir='ltr'><strong>monumenta</strong></span> <span class='ocrx_word' id='word_1_757' title='bbox 3541 4022 3633 4060; x_wconf 86' lang='lat' dir='ltr'><strong>ex-</strong></span> 
     </span>
    </p>
   </div>
   <div class='ocr_carea' id='block_1_102' title="bbox 2037 4097 3626 4171">
    <p class='ocr_par' dir='ltr' id='par_1_102' title="bbox 2037 4097 3626 4171">
     <span class='ocr_line' id='line_1_102' title="bbox 2037 4097 3626 4171; baseline -0.004 -15"><span class='ocrx_word' id='word_1_758' title='bbox 2037 4110 2181 4156; x_wconf 87' lang='lat' dir='ltr'><strong>stant</strong></span> <span class='ocrx_word' id='word_1_759' title='bbox 2221 4118 2233 4153; x_wconf 87' lang='lat'><strong>:</strong></span> <span class='ocrx_word' id='word_1_760' title='bbox 2270 4101 2522 4171; x_wconf 89' lang='lat' dir='ltr'><strong>templum</strong></span> <span class='ocrx_word' id='word_1_761' title='bbox 2548 4141 2563 4163; x_wconf 91' lang='lat'><strong>,</strong></span> <span class='ocrx_word' id='word_1_762' title='bbox 2616 4100 2741 4154; x_wconf 91' lang='lat' dir='ltr'><strong>item</strong></span> <span class='ocrx_word' id='word_1_763' title='bbox 2770 4109 2824 4154; x_wconf 91' lang='lat' dir='ltr'><strong>et</strong></span> <span class='ocrx_word' id='word_1_764' title='bbox 2865 4099 3209 4170; x_wconf 85' lang='lat' dir='ltr'><strong>martyrium,</strong></span> <span class='ocrx_word' id='word_1_765' title='bbox 3261 4097 3387 4151; x_wconf 91' lang='lat' dir='ltr'><strong>illud</strong></span> <span class='ocrx_word' id='word_1_766' title='bbox 3413 4097 3626 4167; x_wconf 89' lang='lat' dir='ltr'><strong>quidem</strong></span> 
     </span>
    </p>
   </div>
   <div class='ocr_carea' id='block_1_103' title="bbox 2038 4189 3628 4262">
    <p class='ocr_par' dir='ltr' id='par_1_103' title="bbox 2038 4189 3628 4262">
     <span class='ocr_line' id='line_1_103' title="bbox 2038 4189 3628 4262; baseline -0.003 -14"><span class='ocrx_word' id='word_1_767' title='bbox 2038 4193 2326 4258; x_wconf 90' lang='lat' dir='ltr'><strong>desertum,</strong></span> <span class='ocrx_word' id='word_1_768' title='bbox 2356 4192 2455 4247; x_wconf 87' lang='lat' dir='ltr'><strong>huc</strong></span> <span class='ocrx_word' id='word_1_769' title='bbox 2476 4193 2720 4248; x_wconf 89' lang='lat' dir='ltr'><strong>eamdem</strong></span> <span class='ocrx_word' id='word_1_770' title='bbox 2748 4208 2906 4262; x_wconf 87' lang='lat' dir='ltr'><strong>quam</strong></span> <span class='ocrx_word' id='word_1_771' title='bbox 2936 4193 3080 4260; x_wconf 86' lang='lat' dir='ltr'><strong>prius</strong></span> <span class='ocrx_word' id='word_1_772' title='bbox 3099 4192 3344 4245; x_wconf 86' lang='lat' dir='ltr'><strong>virtutem</strong></span> <span class='ocrx_word' id='word_1_773' title='bbox 3369 4189 3628 4244; x_wconf 89' lang='lat' dir='ltr'><strong>retinens.</strong></span> 
     </span>
    </p>
   </div>
   <div class='ocr_carea' id='block_1_104' title="bbox 2038 4279 3625 4354">
    <p class='ocr_par' dir='ltr' id='par_1_104' title="bbox 2038 4279 3625 4354">
     <span class='ocr_line' id='line_1_104' title="bbox 2038 4279 3625 4354; baseline -0.005 -14"><span class='ocrx_word' id='word_1_774' title='bbox 2038 4285 2212 4354; x_wconf 89' lang='lat' dir='ltr'><strong>Capsa</strong></span> <span class='ocrx_word' id='word_1_775' title='bbox 2239 4297 2416 4338; x_wconf 88' lang='lat' dir='ltr'><strong>autem</strong></span> <span class='ocrx_word' id='word_1_776' title='bbox 2447 4301 2553 4338; x_wconf 88' lang='lat' dir='ltr'><strong>non</strong></span> <span class='ocrx_word' id='word_1_777' title='bbox 2586 4284 2722 4338; x_wconf 89' lang='lat' dir='ltr'><strong>ultra</strong></span> <span class='ocrx_word' id='word_1_778' title='bbox 2753 4282 2980 4338; x_wconf 74' lang='lat' dir='ltr'><strong>refertur</strong></span> <span class='ocrx_word' id='word_1_779' title='bbox 3001 4325 3015 4350; x_wconf 93' lang='lat'><strong>,</strong></span> <span class='ocrx_word' id='word_1_780' title='bbox 3061 4282 3172 4335; x_wconf 90' lang='lat' dir='ltr'><strong>Deo</strong></span> <span class='ocrx_word' id='word_1_781' title='bbox 3200 4281 3269 4334; x_wconf 91' lang='lat' dir='ltr'><strong>ita</strong></span> <span class='ocrx_word' id='word_1_782' title='bbox 3298 4279 3625 4348; x_wconf 86' lang='lat' dir='ltr'><strong>providente.</strong></span> 
     </span>
    </p>
   </div>
   <div class='ocr_carea' id='block_1_105' title="bbox 2039 4370 3627 4445">
    <p class='ocr_par' dir='ltr' id='par_1_105' title="bbox 2039 4370 3627 4445">
     <span class='ocr_line' id='line_1_105' title="bbox 2039 4370 3627 4445; baseline -0.004 -15"><span class='ocrx_word' id='word_1_783' title='bbox 2039 4385 2095 4430; x_wconf 93' lang='lat' dir='ltr'><strong>ut</strong></span> <span class='ocrx_word' id='word_1_784' title='bbox 2115 4375 2522 4430; x_wconf 79' lang='lat' dir='ltr'><strong>adventantibus</strong></span> <span class='ocrx_word' id='word_1_785' title='bbox 2543 4375 2736 4429; x_wconf 86' lang='lat' dir='ltr'><strong>clarior</strong></span> <span class='ocrx_word' id='word_1_786' title='bbox 2761 4374 2970 4445; x_wconf 67' lang='lat' dir='ltr'><strong>Babylaa</strong></span> <span class='ocrx_word' id='word_1_787' title='bbox 2991 4382 3260 4441; x_wconf 87' lang='lat' dir='ltr'><strong>gestorum</strong></span> <span class='ocrx_word' id='word_1_788' title='bbox 3289 4370 3474 4426; x_wconf 86' lang='lat' dir='ltr'><strong>notitia</strong></span> <span class='ocrx_word' id='word_1_789' title='bbox 3505 4385 3627 4424; x_wconf 85' lang='lat' dir='ltr'><strong>eva-</strong></span> 
     </span>
    </p>
   </div>
   <div class='ocr_carea' id='block_1_106' title="bbox 2038 4464 3624 4537">
    <p class='ocr_par' dir='ltr' id='par_1_106' title="bbox 2038 4464 3624 4537">
     <span class='ocr_line' id='line_1_106' title="bbox 2038 4464 3624 4537; baseline -0.004 -16"><span class='ocrx_word' id='word_1_790' title='bbox 2038 4467 2149 4521; x_wconf 89' lang='lat' dir='ltr'><strong>dat.</strong></span> <span class='ocrx_word' id='word_1_791' title='bbox 2198 4468 2447 4537; x_wconf 89' lang='lat' dir='ltr'><strong>Quisquis</strong></span> <span class='ocrx_word' id='word_1_792' title='bbox 2472 4468 2614 4522; x_wconf 90' lang='lat' dir='ltr'><strong>euim</strong></span> <span class='ocrx_word' id='word_1_793' title='bbox 2643 4467 2958 4536; x_wconf 86' lang='lat' dir='ltr'><strong>peregrinus</strong></span> <span class='ocrx_word' id='word_1_794' title='bbox 2990 4466 3162 4519; x_wconf 85' lang='lat' dir='ltr'><strong>locum</strong></span> <span class='ocrx_word' id='word_1_795' title='bbox 3191 4464 3375 4516; x_wconf 88' lang='lat' dir='ltr'><strong>adiens</strong></span> <span class='ocrx_word' id='word_1_796' title='bbox 3403 4474 3454 4517; x_wconf 91' lang='lat' dir='ltr'><strong>et</strong></span> <span class='ocrx_word' id='word_1_797' title='bbox 3487 4479 3624 4515; x_wconf 84' lang='lat' dir='ltr'><strong>mar-</strong></span> 
     </span>
    </p>
   </div>
   <div class='ocr_carea' id='block_1_107' title="bbox 2039 4553 3628 4630">
    <p class='ocr_par' dir='ltr' id='par_1_107' title="bbox 2039 4553 3628 4630">
     <span class='ocr_line' id='line_1_107' title="bbox 2039 4553 3628 4630; baseline -0.005 -18"><span class='ocrx_word' id='word_1_798' title='bbox 2039 4568 2208 4630; x_wconf 87' lang='lat' dir='ltr'><strong>tyrem</strong></span> <span class='ocrx_word' id='word_1_799' title='bbox 2237 4575 2508 4630; x_wconf 85' lang='lat' dir='ltr'><strong>qua-rens,</strong></span> <span class='ocrx_word' id='word_1_800' title='bbox 2539 4575 2660 4613; x_wconf 91' lang='lat' dir='ltr'><strong>cum</strong></span> <span class='ocrx_word' id='word_1_801' title='bbox 2689 4559 2833 4611; x_wconf 90' lang='lat' dir='ltr'><strong>illum</strong></span> <span class='ocrx_word' id='word_1_802' title='bbox 2861 4557 3052 4612; x_wconf 90' lang='lat' dir='ltr'><strong>abesse</strong></span> <span class='ocrx_word' id='word_1_803' title='bbox 3081 4556 3261 4620; x_wconf 90' lang='lat' dir='ltr'><strong>videt,</strong></span> <span class='ocrx_word' id='word_1_804' title='bbox 3293 4553 3470 4608; x_wconf 90' lang='lat' dir='ltr'><strong>statim</strong></span> <span class='ocrx_word' id='word_1_805' title='bbox 3498 4568 3628 4606; x_wconf 86' lang='lat' dir='ltr'><strong>eau-</strong></span> 
     </span>
    </p>
   </div>
   <div class='ocr_carea' id='block_1_108' title="bbox 2036 4645 3625 4718">
    <p class='ocr_par' dir='ltr' id='par_1_108' title="bbox 2036 4645 3625 4718">
     <span class='ocr_line' id='line_1_108' title="bbox 2036 4645 3625 4718; baseline -0.008 -9"><span class='ocrx_word' id='word_1_806' title='bbox 2036 4670 2149 4709; x_wconf 88' lang='lat' dir='ltr'><strong>sam</strong></span> <span class='ocrx_word' id='word_1_807' title='bbox 2178 4655 2495 4718; x_wconf 81' lang='lat' dir='ltr'><strong>sciscitatur,</strong></span> <span class='ocrx_word' id='word_1_808' title='bbox 2524 4661 2578 4706; x_wconf 89' lang='lat' dir='ltr'><strong>et</strong></span> <span class='ocrx_word' id='word_1_809' title='bbox 2600 4652 2676 4705; x_wconf 87' lang='lat' dir='ltr'><strong>sic</strong></span> <span class='ocrx_word' id='word_1_810' title='bbox 2694 4659 2854 4704; x_wconf 88' lang='lat' dir='ltr'><strong>totam</strong></span> <span class='ocrx_word' id='word_1_811' title='bbox 2871 4649 3092 4703; x_wconf 90' lang='lat' dir='ltr'><strong>edoctus</strong></span> <span class='ocrx_word' id='word_1_812' title='bbox 3112 4647 3384 4700; x_wconf 88' lang='lat' dir='ltr'><strong>historiam</strong></span> <span class='ocrx_word' id='word_1_813' title='bbox 3406 4645 3625 4710; x_wconf 85' lang='lat' dir='ltr'><strong>recedit,</strong></span> 
     </span>
    </p>
   </div>
   <div class='ocr_carea' id='block_1_109' title="bbox 2037 4737 3629 4816">
    <p class='ocr_par' dir='ltr' id='par_1_109' title="bbox 2037 4737 3629 4816">
     <span class='ocr_line' id='line_1_109' title="bbox 2037 4737 3629 4816; baseline -0.008 -14"><span class='ocrx_word' id='word_1_814' title='bbox 2037 4747 2240 4816; x_wconf 87' lang='lat' dir='ltr'><strong>majus,</strong></span> <span class='ocrx_word' id='word_1_815' title='bbox 2289 4762 2446 4816; x_wconf 89' lang='lat' dir='ltr'><strong>quam</strong></span> <span class='ocrx_word' id='word_1_816' title='bbox 2483 4745 2664 4816; x_wconf 88' lang='lat' dir='ltr'><strong>prius,</strong></span> <span class='ocrx_word' id='word_1_817' title='bbox 2712 4743 2914 4795; x_wconf 85' lang='lat' dir='ltr'><strong>lucrum</strong></span> <span class='ocrx_word' id='word_1_818' title='bbox 2949 4749 3265 4809; x_wconf 88' lang='lat' dir='ltr'><strong>reportans;</strong></span> <span class='ocrx_word' id='word_1_819' title='bbox 3314 4738 3392 4790; x_wconf 91' lang='lat' dir='ltr'><strong>sic</strong></span> <span class='ocrx_word' id='word_1_820' title='bbox 3438 4747 3492 4791; x_wconf 90' lang='lat' dir='ltr'><strong>et</strong></span> <span class='ocrx_word' id='word_1_821' title='bbox 3525 4737 3629 4791; x_wconf 81' lang='lat' dir='ltr'><strong>Da-</strong></span> 
     </span>
    </p>
   </div>
   <div class='ocr_carea' id='block_1_110' title="bbox 2039 4832 3631 4910">
    <p class='ocr_par' dir='ltr' id='par_1_110' title="bbox 2039 4832 3631 4910">
     <span class='ocr_line' id='line_1_110' title="bbox 2039 4832 3631 4910; baseline -0.004 -20"><span class='ocrx_word' id='word_1_822' title='bbox 2039 4840 2214 4910; x_wconf 84' lang='lat' dir='ltr'><strong>pbuen</strong></span> <span class='ocrx_word' id='word_1_823' title='bbox 2244 4840 2558 4904; x_wconf 82' lang='lat' dir='ltr'><strong>adventans,</strong></span> <span class='ocrx_word' id='word_1_824' title='bbox 2588 4846 2642 4892; x_wconf 92' lang='lat' dir='ltr'><strong>et</strong></span> <span class='ocrx_word' id='word_1_825' title='bbox 2664 4836 2784 4891; x_wconf 87' lang='lat' dir='ltr'><strong>inde</strong></span> <span class='ocrx_word' id='word_1_826' title='bbox 2811 4834 3088 4901; x_wconf 89' lang='lat' dir='ltr'><strong>recedens,</strong></span> <span class='ocrx_word' id='word_1_827' title='bbox 3116 4833 3402 4888; x_wconf 83' lang='lat' dir='ltr'><strong>maximam</strong></span> <span class='ocrx_word' id='word_1_828' title='bbox 3432 4832 3631 4888; x_wconf 71' lang='lat' dir='ltr'><strong>utilita.</strong></span> 
     </span>
    </p>
   </div>
   <div class='ocr_carea' id='block_1_111' title="bbox 2039 4931 2425 4999">
    <p class='ocr_par' dir='ltr' id='par_1_111' title="bbox 2039 4931 2425 4999">
     <span class='ocr_line' id='line_1_111' title="bbox 2039 4931 2425 4999; baseline -0.008 -14"><span class='ocrx_word' id='word_1_829' title='bbox 2039 4940 2144 4985; x_wconf 83' lang='lat' dir='ltr'><strong>tem</strong></span> <span class='ocrx_word' id='word_1_830' title='bbox 2177 4931 2425 4999; x_wconf 86' lang='lat' dir='ltr'><strong>percipit.</strong></span> 
     </span>
    </p>
   </div>
   <div class='ocr_carea' id='block_1_112' title="bbox 2109 5017 3634 5093">
    <p class='ocr_par' dir='ltr' id='par_1_112' title="bbox 2109 5017 3634 5093">
     <span class='ocr_line' id='line_1_112' title="bbox 2109 5017 3634 5093; baseline -0.005 -19"><span class='ocrx_word' id='word_1_831' title='bbox 2109 5022 2397 5093; x_wconf 81' lang='lat' dir='ltr'><strong>Martyrum</strong></span> <span class='ocrx_word' id='word_1_832' title='bbox 2426 5032 2528 5074; x_wconf 75' lang='lat' dir='ltr'><strong>tum</strong></span> <span class='ocrx_word' id='word_1_833' title='bbox 2556 5021 2808 5081; x_wconf 80' lang='lat' dir='ltr'><strong>vivorum,</strong></span> <span class='ocrx_word' id='word_1_834' title='bbox 2837 5035 2988 5088; x_wconf 83' lang='lat' dir='ltr'><strong>quam</strong></span> <span class='ocrx_word' id='word_1_835' title='bbox 3018 5027 3334 5071; x_wconf 84' lang='lat' dir='ltr'><strong>mortuorum</strong></span> <span class='ocrx_word' id='word_1_836' title='bbox 3361 5017 3535 5070; x_wconf 77' lang='lat' dir='ltr'><strong>virtus.</strong></span> <span class='ocrx_word' id='word_1_837' title='bbox 3565 5045 3634 5054; x_wconf 93' lang='lat'><strong>——</strong></span> 
     </span>
    </p>
   </div>
   <div class='ocr_carea' id='block_1_113' title="bbox 2035 5109 3630 5182">
    <p class='ocr_par' dir='ltr' id='par_1_113' title="bbox 2035 5109 3630 5182">
     <span class='ocr_line' id='line_1_113' title="bbox 2035 5109 3630 5182; baseline -0.006 -15"><span class='ocrx_word' id='word_1_838' title='bbox 2035 5111 2114 5167; x_wconf 88' lang='lat' dir='ltr'><strong>Ea</strong></span> <span class='ocrx_word' id='word_1_839' title='bbox 2157 5122 2239 5166; x_wconf 91' lang='lat' dir='ltr'><strong>est</strong></span> <span class='ocrx_word' id='word_1_840' title='bbox 2280 5122 2570 5182; x_wconf 77' lang='lat' dir='ltr'><strong>martyrum</strong></span> <span class='ocrx_word' id='word_1_841' title='bbox 2616 5112 2822 5176; x_wconf 84' lang='lat' dir='ltr'><strong>virtus,</strong></span> <span class='ocrx_word' id='word_1_842' title='bbox 2870 5109 3197 5170; x_wconf 82' lang='lat' dir='ltr'><strong>viventium.</strong></span> <span class='ocrx_word' id='word_1_843' title='bbox 3254 5117 3584 5162; x_wconf 87' lang='lat' dir='ltr'><strong>mortuorum</strong></span> <span class='ocrx_word' id='word_1_844' title='bbox 3613 5143 3630 5170; x_wconf 92' lang='lat'><strong>,</strong></span> 
     </span>
    </p>
   </div>
   <div class='ocr_carea' id='block_1_114' title="bbox 2036 5198 3631 5274">
    <p class='ocr_par' dir='ltr' id='par_1_114' title="bbox 2036 5198 3631 5274">
     <span class='ocr_line' id='line_1_114' title="bbox 2036 5198 3631 5274; baseline -0.006 -17"><span class='ocrx_word' id='word_1_845' title='bbox 2036 5204 2378 5274; x_wconf 59' lang='lat' dir='ltr'><strong>praesentium</strong></span> <span class='ocrx_word' id='word_1_846' title='bbox 2420 5203 2588 5268; x_wconf 72' lang='lat' dir='ltr'><strong>loris,</strong></span> <span class='ocrx_word' id='word_1_847' title='bbox 2629 5201 2950 5255; x_wconf 87' lang='lat' dir='ltr'><strong>absentium.</strong></span> <span class='ocrx_word' id='word_1_848' title='bbox 3002 5200 3212 5254; x_wconf 84' lang='lat' dir='ltr'><strong>Etenim</strong></span> <span class='ocrx_word' id='word_1_849' title='bbox 3255 5200 3323 5252; x_wconf 92' lang='lat' dir='ltr'><strong>ab</strong></span> <span class='ocrx_word' id='word_1_850' title='bbox 3367 5198 3516 5252; x_wconf 90' lang='lat' dir='ltr'><strong>initio</strong></span> <span class='ocrx_word' id='word_1_851' title='bbox 3565 5198 3631 5252; x_wconf 85' lang='lat' dir='ltr'><strong>ad</strong></span> 
     </span>
    </p>
   </div>
   <div class='ocr_carea' id='block_1_115' title="bbox 2037 5290 3631 5364">
    <p class='ocr_par' dir='ltr' id='par_1_115' title="bbox 2037 5290 3631 5364">
     <span class='ocr_line' id='line_1_115' title="bbox 2037 5290 3631 5364; baseline -0.005 -14"><span class='ocrx_word' id='word_1_852' title='bbox 2037 5299 2195 5352; x_wconf 86' lang='lat' dir='ltr'><strong>linem</strong></span> <span class='ocrx_word' id='word_1_853' title='bbox 2250 5298 2369 5364; x_wconf 85' lang='lat' dir='ltr'><strong>ejus</strong></span> <span class='ocrx_word' id='word_1_854' title='bbox 2414 5297 2640 5350; x_wconf 87' lang='lat' dir='ltr'><strong>facinora</strong></span> <span class='ocrx_word' id='word_1_855' title='bbox 2689 5295 2938 5348; x_wconf 90' lang='lat' dir='ltr'><strong>continua</strong></span> <span class='ocrx_word' id='word_1_856' title='bbox 2987 5296 3136 5363; x_wconf 85' lang='lat' dir='ltr'><strong>quasi</strong></span> <span class='ocrx_word' id='word_1_857' title='bbox 3185 5293 3325 5347; x_wconf 87' lang='lat' dir='ltr'><strong>serie</strong></span> <span class='ocrx_word' id='word_1_858' title='bbox 3383 5290 3631 5358; x_wconf 89' lang='lat' dir='ltr'><strong>copulata</strong></span> 
     </span>
    </p>
   </div>
   <div class='ocr_carea' id='block_1_116' title="bbox 2035 5383 3625 5460">
    <p class='ocr_par' dir='ltr' id='par_1_116' title="bbox 2035 5383 3625 5460">
     <span class='ocr_line' id='line_1_116' title="bbox 2035 5383 3625 5460; baseline -0.005 -16"><span class='ocrx_word' id='word_1_859' title='bbox 2035 5389 2206 5445; x_wconf 87' lang='lat' dir='ltr'><strong>fuere.</strong></span> <span class='ocrx_word' id='word_1_860' title='bbox 2260 5391 2315 5444; x_wconf 91' lang='lat' dir='ltr'><strong>Si</strong></span> <span class='ocrx_word' id='word_1_861' title='bbox 2363 5389 2659 5460; x_wconf 85' lang='lat' dir='ltr'><strong>perpendas</strong></span> <span class='ocrx_word' id='word_1_862' title='bbox 2706 5390 2883 5454; x_wconf 90' lang='lat' dir='ltr'><strong>enim,</strong></span> <span class='ocrx_word' id='word_1_863' title='bbox 2933 5387 3155 5440; x_wconf 89' lang='lat' dir='ltr'><strong>violatas</strong></span> <span class='ocrx_word' id='word_1_864' title='bbox 3185 5385 3277 5439; x_wconf 92' lang='lat' dir='ltr'><strong>Dei</strong></span> <span class='ocrx_word' id='word_1_865' title='bbox 3308 5384 3451 5454; x_wconf 82' lang='lat' dir='ltr'><strong>leges</strong></span> <span class='ocrx_word' id='word_1_866' title='bbox 3482 5383 3625 5437; x_wconf 91' lang='lat' dir='ltr'><strong>ultus</strong></span> 
     </span>
    </p>
   </div>
   <div class='ocr_carea' id='block_1_117' title="bbox 2036 5475 3628 5554">
    <p class='ocr_par' dir='ltr' id='par_1_117' title="bbox 2036 5475 3628 5554">
     <span class='ocr_line' id='line_1_117' title="bbox 2036 5475 3628 5554; baseline -0.006 -16"><span class='ocrx_word' id='word_1_867' title='bbox 2036 5495 2117 5538; x_wconf 89' lang='lat' dir='ltr'><strong>est</strong></span> <span class='ocrx_word' id='word_1_868' title='bbox 2140 5524 2155 5548; x_wconf 95' lang='lat'><strong>,</strong></span> <span class='ocrx_word' id='word_1_869' title='bbox 2207 5500 2304 5554; x_wconf 88' lang='lat' dir='ltr'><strong>pro</strong></span> <span class='ocrx_word' id='word_1_870' title='bbox 2333 5485 2510 5537; x_wconf 85' lang='lat' dir='ltr'><strong>occiso</strong></span> <span class='ocrx_word' id='word_1_871' title='bbox 2539 5482 2746 5536; x_wconf 85' lang='lat' dir='ltr'><strong>debitas</strong></span> <span class='ocrx_word' id='word_1_872' title='bbox 2775 5494 2960 5550; x_wconf 63' lang='lat' dir='ltr'><strong>poenas</strong></span> <span class='ocrx_word' id='word_1_873' title='bbox 2996 5479 3259 5546; x_wconf 88' lang='lat' dir='ltr'><strong>sumpsit,</strong></span> <span class='ocrx_word' id='word_1_874' title='bbox 3307 5485 3504 5545; x_wconf 90' lang='lat' dir='ltr'><strong>quanta</strong></span> <span class='ocrx_word' id='word_1_875' title='bbox 3559 5475 3628 5528; x_wconf 90' lang='lat' dir='ltr'><strong>sit</strong></span> 
     </span>
    </p>
   </div>
   <div class='ocr_carea' id='block_1_118' title="bbox 2036 5566 3624 5638">
    <p class='ocr_par' dir='ltr' id='par_1_118' title="bbox 2036 5566 3624 5638">
     <span class='ocr_line' id='line_1_118' title="bbox 2036 5566 3624 5638; baseline -0.008 -10"><span class='ocrx_word' id='word_1_876' title='bbox 2036 5574 2391 5628; x_wconf 86' lang='lat' dir='ltr'><strong>sacerdotium</strong></span> <span class='ocrx_word' id='word_1_877' title='bbox 2425 5575 2562 5626; x_wconf 88' lang='lat' dir='ltr'><strong>inter</strong></span> <span class='ocrx_word' id='word_1_878' title='bbox 2608 5582 2661 5626; x_wconf 90' lang='lat' dir='ltr'><strong>et</strong></span> <span class='ocrx_word' id='word_1_879' title='bbox 2705 5566 3307 5638; x_wconf 79' lang='lat' dir='ltr'><strong>imperiumdifferentia</strong></span> <span class='ocrx_word' id='word_1_880' title='bbox 3345 5567 3578 5620; x_wconf 78' lang='lat' dir='ltr'><strong>ostendit</strong></span> <span class='ocrx_word' id='word_1_881' title='bbox 3609 5607 3624 5628; x_wconf 85' lang='lat'><strong>,</strong></span> 
     </span>
    </p>
   </div>
   <div class='ocr_carea' id='block_1_119' title="bbox 2041 5660 3626 5730">
    <p class='ocr_par' dir='ltr' id='par_1_119' title="bbox 2041 5660 3626 5730">
     <span class='ocr_line' id='line_1_119' title="bbox 2041 5660 3626 5730; baseline -0.008 -6"><span class='ocrx_word' id='word_1_882' title='bbox 2041 5670 2223 5724; x_wconf 87' lang='lat' dir='ltr'><strong>tmtndi</strong></span> <span class='ocrx_word' id='word_1_883' title='bbox 2256 5669 2448 5722; x_wconf 82' lang='lat' dir='ltr'><strong>fastum</strong></span> <span class='ocrx_word' id='word_1_884' title='bbox 2477 5682 2690 5720; x_wconf 87' lang='lat' dir='ltr'><strong>onmem</strong></span> <span class='ocrx_word' id='word_1_885' title='bbox 2729 5663 2998 5724; x_wconf 76' lang='lat' dir='ltr'><strong>dissolvit,</strong></span> <span class='ocrx_word' id='word_1_886' title='bbox 3033 5660 3211 5715; x_wconf 90' lang='lat' dir='ltr'><strong>tnnudi</strong></span> <span class='ocrx_word' id='word_1_887' title='bbox 3237 5676 3482 5730; x_wconf 84' lang='lat' dir='ltr'><strong>pompam</strong></span> <span class='ocrx_word' id='word_1_888' title='bbox 3512 5661 3626 5714; x_wconf 81' lang='lat' dir='ltr'><strong>cal—</strong></span> 
     </span>
    </p>
   </div>
   <div class='ocr_carea' id='block_1_120' title="bbox 2034 5750 3623 5830">
    <p class='ocr_par' dir='ltr' id='par_1_120' title="bbox 2034 5750 3623 5830">
     <span class='ocr_line' id='line_1_120' title="bbox 2034 5750 3623 5830; baseline -0.007 -15"><span class='ocrx_word' id='word_1_889' title='bbox 2034 5762 2207 5826; x_wconf 74' lang='lat' dir='ltr'><strong>cavit,</strong></span> <span class='ocrx_word' id='word_1_890' title='bbox 2255 5761 2603 5830; x_wconf 84' lang='lat' dir='ltr'><strong>Imperatores</strong></span> <span class='ocrx_word' id='word_1_891' title='bbox 2649 5755 2864 5818; x_wconf 90' lang='lat' dir='ltr'><strong>docuit,</strong></span> <span class='ocrx_word' id='word_1_892' title='bbox 2923 5767 2991 5808; x_wconf 91' lang='lat' dir='ltr'><strong>ne</strong></span> <span class='ocrx_word' id='word_1_893' title='bbox 3021 5750 3160 5806; x_wconf 89' lang='lat' dir='ltr'><strong>ultra</strong></span> <span class='ocrx_word' id='word_1_894' title='bbox 3190 5768 3494 5807; x_wconf 89' lang='lat' dir='ltr'><strong>mensuram</strong></span> <span class='ocrx_word' id='word_1_895' title='bbox 3525 5751 3623 5804; x_wconf 88' lang='lat' dir='ltr'><strong>sibi</strong></span> 
     </span>
    </p>
   </div>
   <div class='ocr_carea' id='block_1_121' title="bbox 2037 5845 3616 5922">
    <p class='ocr_par' dir='ltr' id='par_1_121' title="bbox 2037 5845 3616 5922">
     <span class='ocr_line' id='line_1_121' title="bbox 2037 5845 3616 5922; baseline -0.008 -15"><span class='ocrx_word' id='word_1_896' title='bbox 2037 5868 2066 5907; x_wconf 87' lang='lat' dir='ltr'><strong>a</strong></span> <span class='ocrx_word' id='word_1_897' title='bbox 2095 5853 2204 5908; x_wconf 83' lang='lat' dir='ltr'><strong>Deo</strong></span> <span class='ocrx_word' id='word_1_898' title='bbox 2249 5851 2608 5922; x_wconf 64' lang='lat' dir='ltr'><strong>pra~scriptam</strong></span> <span class='ocrx_word' id='word_1_899' title='bbox 2651 5853 2966 5919; x_wconf 79' lang='lat' dir='ltr'><strong>potestatein</strong></span> <span class='ocrx_word' id='word_1_900' title='bbox 3008 5845 3354 5900; x_wconf 79' lang='lat' dir='ltr'><strong>extenderent</strong></span> <span class='ocrx_word' id='word_1_901' title='bbox 3380 5885 3394 5911; x_wconf 91' lang='lat'><strong>,</strong></span> <span class='ocrx_word' id='word_1_902' title='bbox 3441 5857 3616 5896; x_wconf 81' lang='lat' dir='ltr'><strong>sacer-</strong></span> 
     </span>
    </p>
   </div>
  </div>
