  <div class='ocr_page' id='page_1' title='image "/cluster/home/n/w/nwhite01/storage/ocr_20150623/50:no.2:pt.2/coo.31924054869494/167.png"; bbox 0 0 4032 6448; ppageno 0'>
   <div class='ocr_carea' id='block_1_1' title="bbox 502 365 3763 435">
    <p class='ocr_par' dir='ltr' id='par_1_1' title="bbox 502 365 3763 435">
     <span class='ocr_line' id='line_1_1' title="bbox 502 365 3763 435; baseline 0.005 -16"><span class='ocrx_word' id='word_1_1' title='bbox 502 365 602 420; x_wconf 76' lang='grc'><strong>571</strong></span> <span class='ocrx_word' id='word_1_2' title='bbox 1212 369 1270 426; x_wconf 88' lang='lat' dir='ltr'><strong>S.</strong></span> <span class='ocrx_word' id='word_1_3' title='bbox 1308 367 1585 426; x_wconf 76' lang='lat' dir='ltr'><strong>JOANNIS</strong></span> <span class='ocrx_word' id='word_1_4' title='bbox 1621 368 2096 428; x_wconf 71' lang='lat' dir='ltr'><strong>CIIRYSOSTOMI</strong></span> <span class='ocrx_word' id='word_1_5' title='bbox 2134 373 2451 430; x_wconf 79' lang='lat' dir='ltr'><strong>ARCHIEP.</strong></span> <span class='ocrx_word' id='word_1_6' title='bbox 2489 374 3023 435; x_wconf 74' lang='lat' dir='ltr'><strong>CONS&#39;I&#39;ANTINOP.</strong></span> <span class='ocrx_word' id='word_1_7' title='bbox 3679 382 3763 434; x_wconf 70' lang='grc' dir='ltr'><strong>δτι</strong></span> 
     </span>
    </p>
   </div>
   <div class='ocr_carea' id='block_1_2' title="bbox 505 479 2092 553">
    <p class='ocr_par' dir='ltr' id='par_1_2' title="bbox 505 479 2092 553">
     <span class='ocr_line' id='line_1_2' title="bbox 505 479 2092 553; baseline 0.004 -20"><span class='ocrx_word' id='word_1_8' title='bbox 505 483 655 537; x_wconf 82' lang='lat' dir='ltr'><strong>dotes</strong></span> <span class='ocrx_word' id='word_1_9' title='bbox 683 480 864 538; x_wconf 82' lang='lat' dir='ltr'><strong>docuit</strong></span> <span class='ocrx_word' id='word_1_10' title='bbox 884 524 899 548; x_wconf 88' lang='lat'><strong>,</strong></span> <span class='ocrx_word' id='word_1_11' title='bbox 945 491 1002 536; x_wconf 93' lang='lat' dir='ltr'><strong>ut</strong></span> <span class='ocrx_word' id='word_1_12' title='bbox 1023 479 1075 536; x_wconf 90' lang='lat' dir='ltr'><strong>iu</strong></span> <span class='ocrx_word' id='word_1_13' title='bbox 1103 482 1205 536; x_wconf 89' lang='lat' dir='ltr'><strong>hoc</strong></span> <span class='ocrx_word' id='word_1_14' title='bbox 1231 482 1525 553; x_wconf 90' lang='lat' dir='ltr'><strong>principatu</strong></span> <span class='ocrx_word' id='word_1_15' title='bbox 1572 496 1804 551; x_wconf 66' lang='lat' dir='ltr'><strong>praeesse</strong></span> <span class='ocrx_word' id='word_1_16' title='bbox 1830 493 2092 552; x_wconf 74' lang='lat' dir='ltr'><strong>oporteat.</strong></span> 
     </span>
    </p>
   </div>
   <div class='ocr_carea' id='block_1_3' title="bbox 506 572 2094 643">
    <p class='ocr_par' dir='ltr' id='par_1_3' title="bbox 506 572 2094 643">
     <span class='ocr_line' id='line_1_3' title="bbox 506 572 2094 643; baseline 0.001 -16"><span class='ocrx_word' id='word_1_17' title='bbox 506 572 572 627; x_wconf 81' lang='lat' dir='ltr'><strong>Et</strong></span> <span class='ocrx_word' id='word_1_18' title='bbox 599 572 715 627; x_wconf 62' lang='lat' dir='ltr'><strong>haec</strong></span> <span class='ocrx_word' id='word_1_19' title='bbox 742 572 958 643; x_wconf 84' lang='lat' dir='ltr'><strong>quidem</strong></span> <span class='ocrx_word' id='word_1_20' title='bbox 989 572 1178 643; x_wconf 88' lang='lat' dir='ltr'><strong>hisque</strong></span> <span class='ocrx_word' id='word_1_21' title='bbox 1202 574 1353 641; x_wconf 85' lang='lat' dir='ltr'><strong>plura</strong></span> <span class='ocrx_word' id='word_1_22' title='bbox 1382 573 1508 626; x_wconf 90' lang='lat' dir='ltr'><strong>dum</strong></span> <span class='ocrx_word' id='word_1_23' title='bbox 1537 573 1588 626; x_wconf 93' lang='lat' dir='ltr'><strong>in</strong></span> <span class='ocrx_word' id='word_1_24' title='bbox 1615 587 1777 628; x_wconf 88' lang='lat' dir='ltr'><strong>carne</strong></span> <span class='ocrx_word' id='word_1_25' title='bbox 1795 583 1940 628; x_wconf 87' lang='lat' dir='ltr'><strong>esset</strong></span> <span class='ocrx_word' id='word_1_26' title='bbox 1966 592 1981 629; x_wconf 89' lang='lat'><strong>:</strong></span> <span class='ocrx_word' id='word_1_27' title='bbox 2007 573 2094 629; x_wconf 84' lang='lat' dir='ltr'><strong>tibi</strong></span> 
     </span>
    </p>
   </div>
   <div class='ocr_carea' id='block_1_4' title="bbox 505 662 2093 733">
    <p class='ocr_par' dir='ltr' id='par_1_4' title="bbox 505 662 2093 733">
     <span class='ocr_line' id='line_1_4' title="bbox 505 662 2093 733; baseline 0.003 -18"><span class='ocrx_word' id='word_1_28' title='bbox 505 672 681 715; x_wconf 83' lang='lat' dir='ltr'><strong>autem</strong></span> <span class='ocrx_word' id='word_1_29' title='bbox 735 663 858 717; x_wconf 89' lang='lat' dir='ltr'><strong>hinc</strong></span> <span class='ocrx_word' id='word_1_30' title='bbox 900 664 1214 733; x_wconf 88' lang='lat' dir='ltr'><strong>emigravit,</strong></span> <span class='ocrx_word' id='word_1_31' title='bbox 1260 662 1522 717; x_wconf 55' lang='lat' dir='ltr'><strong>da‘monis</strong></span> <span class='ocrx_word' id='word_1_32' title='bbox 1582 663 1745 718; x_wconf 83' lang='lat' dir='ltr'><strong>robur</strong></span> <span class='ocrx_word' id='word_1_33' title='bbox 1788 667 2093 729; x_wconf 88' lang='lat' dir='ltr'><strong>enervavit,</strong></span> 
     </span>
    </p>
   </div>
   <div class='ocr_carea' id='block_1_5' title="bbox 505 753 2097 827">
    <p class='ocr_par' dir='ltr' id='par_1_5' title="bbox 505 753 2097 827">
     <span class='ocr_line' id='line_1_5' title="bbox 505 753 2097 827; baseline 0.003 -20"><span class='ocrx_word' id='word_1_34' title='bbox 505 754 783 822; x_wconf 72' lang='lat' dir='ltr'><strong>gentilium</strong></span> <span class='ocrx_word' id='word_1_35' title='bbox 820 755 1078 809; x_wconf 80' lang='lat' dir='ltr'><strong>fallaciam</strong></span> <span class='ocrx_word' id='word_1_36' title='bbox 1105 753 1428 822; x_wconf 90' lang='lat' dir='ltr'><strong>confutavit,</strong></span> <span class='ocrx_word' id='word_1_37' title='bbox 1473 753 1707 810; x_wconf 82' lang='lat' dir='ltr'><strong>vaticinii</strong></span> <span class='ocrx_word' id='word_1_38' title='bbox 1746 758 2097 827; x_wconf 81' lang='lat' dir='ltr'><strong>nugacitutem</strong></span> 
     </span>
    </p>
   </div>
   <div class='ocr_carea' id='block_1_6' title="bbox 506 849 2100 920">
    <p class='ocr_par' dir='ltr' id='par_1_6' title="bbox 506 849 2100 920">
     <span class='ocr_line' id='line_1_6' title="bbox 506 849 2100 920; baseline 0.001 -17"><span class='ocrx_word' id='word_1_39' title='bbox 506 850 746 916; x_wconf 80' lang='lat' dir='ltr'><strong>detexit,</strong></span> <span class='ocrx_word' id='word_1_40' title='bbox 797 850 913 920; x_wconf 85' lang='lat' dir='ltr'><strong>ejus</strong></span> <span class='ocrx_word' id='word_1_41' title='bbox 967 852 1166 905; x_wconf 81' lang='lat' dir='ltr'><strong>larvam</strong></span> <span class='ocrx_word' id='word_1_42' title='bbox 1218 850 1509 914; x_wconf 76' lang='lat' dir='ltr'><strong>contrivit,</strong></span> <span class='ocrx_word' id='word_1_43' title='bbox 1558 849 1924 904; x_wconf 88' lang='lat' dir='ltr'><strong>histrionicam</strong></span> <span class='ocrx_word' id='word_1_44' title='bbox 1981 851 2100 918; x_wconf 85' lang='lat' dir='ltr'><strong>ejus</strong></span> 
     </span>
    </p>
   </div>
   <div class='ocr_carea' id='block_1_7' title="bbox 506 940 3758 1045">
    <p class='ocr_par' dir='ltr' id='par_1_7' title="bbox 506 940 3758 1045">
     <span class='ocr_line' id='line_1_7' title="bbox 506 940 3758 1045; baseline 0.001 -50"><span class='ocrx_word' id='word_1_45' title='bbox 506 956 722 996; x_wconf 84' lang='lat' dir='ltr'><strong>onmem</strong></span> <span class='ocrx_word' id='word_1_46' title='bbox 762 941 963 996; x_wconf 79' lang='lat' dir='ltr'><strong>detexit</strong></span> <span class='ocrx_word' id='word_1_47' title='bbox 987 951 1193 1007; x_wconf 84' lang='lat' dir='ltr'><strong>artem,</strong></span> <span class='ocrx_word' id='word_1_48' title='bbox 1243 955 1365 995; x_wconf 91' lang='lat' dir='ltr'><strong>eum</strong></span> <span class='ocrx_word' id='word_1_49' title='bbox 1392 942 1480 1009; x_wconf 88' lang='lat' dir='ltr'><strong>qui</strong></span> <span class='ocrx_word' id='word_1_50' title='bbox 1513 942 1565 995; x_wconf 90' lang='lat' dir='ltr'><strong>in</strong></span> <span class='ocrx_word' id='word_1_51' title='bbox 1594 957 1655 994; x_wconf 86' lang='lat' dir='ltr'><strong>ea</strong></span> <span class='ocrx_word' id='word_1_52' title='bbox 1685 954 1918 1045; x_wconf 70' lang='lat' dir='ltr'><strong>praeesse</strong></span> <span class='ocrx_word' id='word_1_53' title='bbox 1956 940 2103 1043; x_wconf 82' lang='lat' dir='ltr'><strong>vide-</strong></span> <span class='ocrx_word' id='word_1_54' title='bbox 2253 978 2270 1043; x_wconf 42' lang='grc' dir='ltr'>ε</span> <span class='ocrx_word' id='word_1_55' title='bbox 2300 977 2469 1045; x_wconf 44' lang='lat' dir='ltr'><strong>mane</strong></span> <span class='ocrx_word' id='word_1_56' title='bbox 2493 976 2733 1040; x_wconf 55' lang='lat' dir='ltr'><strong>opusculi</strong></span> <span class='ocrx_word' id='word_1_57' title='bbox 2753 979 2907 1029; x_wconf 47' lang='lat'><strong>3”“.</strong></span> <span class='ocrx_word' id='word_1_58' title='bbox 2931 986 2985 1030; x_wconf 55' lang='lat' dir='ltr'><strong>et</strong></span> <span class='ocrx_word' id='word_1_59' title='bbox 3004 995 3137 1030; x_wconf 58' lang='lat' dir='ltr'><strong>unus</strong></span> <span class='ocrx_word' id='word_1_60' title='bbox 3156 981 3350 1045; x_wconf 49' lang='lat' dir='ltr'><strong>eqd&quot;,</strong></span> <span class='ocrx_word' id='word_1_61' title='bbox 3372 987 3492 1045; x_wconf 57' lang='lat' dir='ltr'><strong>post</strong></span> <span class='ocrx_word' id='word_1_62' title='bbox 3508 983 3758 1033; x_wconf 54' lang='lat' dir='ltr'><strong>“meum</strong></span> 
     </span>
    </p>
   </div>
   <div class='ocr_carea' id='block_1_8' title="bbox 506 1032 3761 1107">
    <p class='ocr_par' dir='ltr' id='par_1_8' title="bbox 506 1032 3761 1107">
     <span class='ocr_line' id='line_1_8' title="bbox 506 1032 3761 1107; baseline 0.002 -20"><span class='ocrx_word' id='word_1_63' title='bbox 506 1043 658 1090; x_wconf 84' lang='lat' dir='ltr'><strong>retur</strong></span> <span class='ocrx_word' id='word_1_64' title='bbox 712 1034 1080 1088; x_wconf 86' lang='lat' dir='ltr'><strong>obmutescere</strong></span> <span class='ocrx_word' id='word_1_65' title='bbox 1127 1048 1344 1102; x_wconf 81' lang='lat' dir='ltr'><strong>cogens,</strong></span> <span class='ocrx_word' id='word_1_66' title='bbox 1409 1048 1474 1089; x_wconf 88' lang='lat' dir='ltr'><strong>ac</strong></span> <span class='ocrx_word' id='word_1_67' title='bbox 1530 1047 1718 1103; x_wconf 88' lang='lat' dir='ltr'><strong>magna</strong></span> <span class='ocrx_word' id='word_1_68' title='bbox 1766 1032 2100 1087; x_wconf 83' lang='lat' dir='ltr'><strong>vehementia</strong></span> <span class='ocrx_word' id='word_1_69' title='bbox 2188 1032 3761 1107; x_wconf 51' lang='lat' dir='ltr'><strong>primipi,hanchanc:Regnumeuimetrirtussoliuslesubhri-</strong></span> 
     </span>
    </p>
   </div>
   <div class='ocr_carea' id='block_1_9' title="bbox 504 1099 2099 1229">
    <p class='ocr_par' dir='ltr' id='par_1_9' title="bbox 504 1099 2099 1193">
     <span class='ocr_line' id='line_1_9' title="bbox 504 1099 2099 1193; baseline 0.002 -20"><span class='ocrx_word' id='word_1_70' title='bbox 504 1124 836 1193; x_wconf 85' lang='lat' dir='ltr'><strong>upprimeus.</strong></span> <span class='ocrx_word' id='word_1_71' title='bbox 887 1123 1040 1177; x_wconf 86' lang='lat' dir='ltr'><strong>Stant</strong></span> <span class='ocrx_word' id='word_1_72' title='bbox 1084 1099 1348 1193; x_wconf 78' lang='lat' dir='ltr'><strong>hodieque</strong></span> <span class='ocrx_word' id='word_1_73' title='bbox 1392 1123 1574 1191; x_wconf 84' lang='lat' dir='ltr'><strong>templi</strong></span> <span class='ocrx_word' id='word_1_74' title='bbox 1620 1099 1806 1187; x_wconf 63' lang='lat' dir='ltr'><strong>inuri,</strong></span> <span class='ocrx_word' id='word_1_75' title='bbox 1844 1121 2099 1176; x_wconf 60' lang='lat' dir='ltr'><strong>daemonis</strong></span> 
     </span>
    </p>
   </div>
   <div class='ocr_carea' id='block_1_10' title="bbox 2207 1099 3760 1229">
    <p class='ocr_par' dir='ltr' id='par_1_10' title="bbox 2207 1099 3760 1229">
     <span class='ocr_line' id='line_1_10' title="bbox 2207 1099 3760 1169; baseline 0.01 -22"><span class='ocrx_word' id='word_1_76' title='bbox 2207 1099 2251 1148; x_wconf 76' lang='lat' dir='ltr'><strong>:ti</strong></span> <span class='ocrx_word' id='word_1_77' title='bbox 2275 1099 2466 1149; x_wconf 76' lang='lat' dir='ltr'><strong>Doiniui</strong></span> <span class='ocrx_word' id='word_1_78' title='bbox 2478 1101 2630 1151; x_wconf 77' lang='lat' dir='ltr'><strong>nostri</strong></span> <span class='ocrx_word' id='word_1_79' title='bbox 2645 1116 2661 1161; x_wconf 88' lang='lat'><strong><em>;</em></strong></span> <span class='ocrx_word' id='word_1_80' title='bbox 2683 1099 2841 1160; x_wconf 66' lang='lat' dir='ltr'><strong>ipsum</strong></span> <span class='ocrx_word' id='word_1_81' title='bbox 2854 1105 3012 1153; x_wconf 79' lang='lat' dir='ltr'><strong>solum</strong></span> <span class='ocrx_word' id='word_1_82' title='bbox 3030 1104 3163 1155; x_wconf 81' lang='lat' dir='ltr'><strong>deret</strong></span> <span class='ocrx_word' id='word_1_83' title='bbox 3175 1106 3356 1169; x_wconf 83' lang='lat' dir='ltr'><strong>gloria,</strong></span> <span class='ocrx_word' id='word_1_84' title='bbox 3369 1120 3485 1155; x_wconf 81' lang='lat' dir='ltr'><strong>cum</strong></span> <span class='ocrx_word' id='word_1_85' title='bbox 3495 1115 3669 1159; x_wconf 69' lang='lat' dir='ltr'><strong>retento</strong></span> <span class='ocrx_word' id='word_1_86' title='bbox 3682 1116 3760 1162; x_wconf 84' lang='lat' dir='ltr'><strong>Pa-</strong></span> 
     </span>
     <span class='ocr_line' id='line_1_11' title="bbox 2207 1164 3758 1229; baseline 0.008 -18"><span class='ocrx_word' id='word_1_87' title='bbox 2207 1175 2264 1229; x_wconf 25' lang='lat' dir='ltr'><strong>‘re</strong></span> <span class='ocrx_word' id='word_1_88' title='bbox 2283 1169 2326 1212; x_wconf 86' lang='lat' dir='ltr'><strong>et</strong></span> <span class='ocrx_word' id='word_1_89' title='bbox 2347 1168 2589 1229; x_wconf 71' lang='lat' dir='ltr'><strong>ceteterno</strong></span> <span class='ocrx_word' id='word_1_90' title='bbox 2599 1164 2791 1227; x_wconf 84' lang='lat' dir='ltr'><strong>Spiritu</strong></span> <span class='ocrx_word' id='word_1_91' title='bbox 2811 1165 2860 1214; x_wconf 83' lang='lat' dir='ltr'><strong>in</strong></span> <span class='ocrx_word' id='word_1_92' title='bbox 2880 1164 3065 1229; x_wconf 74' lang='lat' dir='ltr'><strong>inﬁnita</strong></span> <span class='ocrx_word' id='word_1_93' title='bbox 3083 1180 3163 1218; x_wconf 61' lang='lat' dir='ltr'><strong>sua</strong></span> <span class='ocrx_word' id='word_1_94' title='bbox 3178 1169 3259 1216; x_wconf 83' lang='lat' dir='ltr'><strong>uta</strong></span> <span class='ocrx_word' id='word_1_95' title='bbox 3272 1170 3588 1229; x_wconf 63' lang='lat' dir='ltr'><strong>acciderunt.</strong></span> <span class='ocrx_word' id='word_1_96' title='bbox 3610 1178 3758 1224; x_wconf 75' lang='lat' dir='ltr'><strong>Amen.</strong></span> 
     </span>
    </p>
   </div>
   <div class='ocr_carea' id='block_1_11' title="bbox 506 1212 3757 1294">
    <p class='ocr_par' dir='ltr' id='par_1_11' title="bbox 506 1212 3757 1294">
     <span class='ocr_line' id='line_1_12' title="bbox 506 1212 3757 1294; baseline 0.006 -27"><span class='ocrx_word' id='word_1_97' title='bbox 506 1214 849 1285; x_wconf 82' lang='lat' dir='ltr'><strong>ignominiam</strong></span> <span class='ocrx_word' id='word_1_98' title='bbox 895 1214 1143 1270; x_wconf 87' lang='lat' dir='ltr'><strong>omnibus</strong></span> <span class='ocrx_word' id='word_1_99' title='bbox 1194 1214 1574 1285; x_wconf 59' lang='lat' dir='ltr'><strong>praedicantes,</strong></span> <span class='ocrx_word' id='word_1_100' title='bbox 1623 1214 1790 1270; x_wconf 88' lang='lat' dir='ltr'><strong>risum</strong></span> <span class='ocrx_word' id='word_1_101' title='bbox 1820 1213 1947 1268; x_wconf 85' lang='lat' dir='ltr'><strong>item</strong></span> <span class='ocrx_word' id='word_1_102' title='bbox 1991 1212 2093 1268; x_wconf 89' lang='lat' dir='ltr'><strong>im-</strong></span> <span class='ocrx_word' id='word_1_103' title='bbox 2194 1226 2316 1283; x_wconf 78' lang='lat' dir='ltr'><strong>Quae</strong></span> <span class='ocrx_word' id='word_1_104' title='bbox 2341 1240 2368 1274; x_wconf 86' lang='lat' dir='ltr'><strong>a</strong></span> <span class='ocrx_word' id='word_1_105' title='bbox 2391 1212 3757 1294; x_wconf 35' lang='lat' dir='ltr'><strong>quaesissem;iisaeis&#39;ﬁa‘aadifb&#39;izmihist}?</strong></span> 
     </span>
    </p>
   </div>
   <div class='ocr_carea' id='block_1_12' title="bbox 2203 486 3764 567">
    <p class='ocr_par' dir='ltr' id='par_1_12' title="bbox 2203 486 3764 567">
     <span class='ocr_line' id='line_1_13' title="bbox 2203 486 3764 567; baseline 0.008 -25"><span class='ocrx_word' id='word_1_106' title='bbox 2203 486 2687 558; x_wconf 85' lang='lat' dir='ltr'><strong>becillitatemque;</strong></span> <span class='ocrx_word' id='word_1_107' title='bbox 2737 491 2987 563; x_wconf 86' lang='lat' dir='ltr'><strong>martyris</strong></span> <span class='ocrx_word' id='word_1_108' title='bbox 3006 507 3136 547; x_wconf 88' lang='lat' dir='ltr'><strong>vero</strong></span> <span class='ocrx_word' id='word_1_109' title='bbox 3158 507 3393 549; x_wconf 75' lang='lat' dir='ltr'><strong>coronas</strong></span> <span class='ocrx_word' id='word_1_110' title='bbox 3415 535 3431 560; x_wconf 94' lang='lat'><strong>,</strong></span> <span class='ocrx_word' id='word_1_111' title='bbox 3474 494 3729 553; x_wconf 75' lang='lat' dir='ltr'><strong>victoriam</strong></span> <span class='ocrx_word' id='word_1_112' title='bbox 3749 541 3764 567; x_wconf 89' lang='lat'><strong>,</strong></span> 
     </span>
    </p>
   </div>
   <div class='ocr_carea' id='block_1_13' title="bbox 2205 580 3765 653">
    <p class='ocr_par' dir='ltr' id='par_1_13' title="bbox 2205 580 3765 653">
     <span class='ocr_line' id='line_1_14' title="bbox 2205 580 3765 653; baseline 0.008 -20"><span class='ocrx_word' id='word_1_113' title='bbox 2205 580 2477 633; x_wconf 82' lang='lat' dir='ltr'><strong>virtutem.</strong></span> <span class='ocrx_word' id='word_1_114' title='bbox 2506 580 2675 635; x_wconf 85' lang='lat' dir='ltr'><strong>Tanta</strong></span> <span class='ocrx_word' id='word_1_115' title='bbox 2704 590 2788 637; x_wconf 86' lang='lat' dir='ltr'><strong>est</strong></span> <span class='ocrx_word' id='word_1_116' title='bbox 2812 593 3117 638; x_wconf 82' lang='lat' dir='ltr'><strong>sanctorum</strong></span> <span class='ocrx_word' id='word_1_117' title='bbox 3147 583 3443 653; x_wconf 78' lang='lat' dir='ltr'><strong>fortitudo,</strong></span> <span class='ocrx_word' id='word_1_118' title='bbox 3469 595 3574 642; x_wconf 86' lang='lat' dir='ltr'><strong>tam</strong></span> <span class='ocrx_word' id='word_1_119' title='bbox 3601 587 3765 645; x_wconf 82' lang='lat' dir='ltr'><strong>invicta</strong></span> 
     </span>
    </p>
   </div>
   <div class='ocr_carea' id='block_1_14' title="bbox 2203 670 3766 749">
    <p class='ocr_par' dir='ltr' id='par_1_14' title="bbox 2203 670 3766 749">
     <span class='ocr_line' id='line_1_15' title="bbox 2203 670 3766 749; baseline 0.008 -24"><span class='ocrx_word' id='word_1_120' title='bbox 2203 680 2258 725; x_wconf 91' lang='lat' dir='ltr'><strong>et</strong></span> <span class='ocrx_word' id='word_1_121' title='bbox 2282 670 2633 727; x_wconf 79' lang='lat' dir='ltr'><strong>formidabilis</strong></span> <span class='ocrx_word' id='word_1_122' title='bbox 2652 715 2668 738; x_wconf 94' lang='lat'><strong>,</strong></span> <span class='ocrx_word' id='word_1_123' title='bbox 2697 685 2753 728; x_wconf 89' lang='lat' dir='ltr'><strong>et</strong></span> <span class='ocrx_word' id='word_1_124' title='bbox 2776 674 3185 744; x_wconf 88' lang='lat' dir='ltr'><strong>lmperatoribus</strong></span> <span class='ocrx_word' id='word_1_125' title='bbox 3209 685 3262 734; x_wconf 82' lang='lat' dir='ltr'><strong>et</strong></span> <span class='ocrx_word' id='word_1_126' title='bbox 3277 676 3621 736; x_wconf 64' lang='lat' dir='ltr'><strong>daemonibus</strong></span> <span class='ocrx_word' id='word_1_127' title='bbox 3640 723 3655 749; x_wconf 90' lang='lat'><strong>,</strong></span> <span class='ocrx_word' id='word_1_128' title='bbox 3681 682 3766 738; x_wconf 80' lang='lat' dir='ltr'><strong>ima</strong></span> 
     </span>
    </p>
   </div>
   <div class='ocr_carea' id='block_1_15' title="bbox 2205 759 3185 836">
    <p class='ocr_par' dir='ltr' id='par_1_15' title="bbox 2205 759 3185 836">
     <span class='ocr_line' id='line_1_16' title="bbox 2205 759 3185 836; baseline 0.007 -22"><span class='ocrx_word' id='word_1_129' title='bbox 2205 759 2302 830; x_wconf 84' lang='lat' dir='ltr'><strong>ipsi</strong></span> <span class='ocrx_word' id='word_1_130' title='bbox 2329 776 2539 831; x_wconf 83' lang='lat' dir='ltr'><strong>quoque</strong></span> <span class='ocrx_word' id='word_1_131' title='bbox 2564 762 2865 819; x_wconf 71' lang='lat' dir='ltr'><strong>daemonum</strong></span> <span class='ocrx_word' id='word_1_132' title='bbox 2898 765 3118 836; x_wconf 87' lang='lat' dir='ltr'><strong>principi</strong></span> <span class='ocrx_word' id='word_1_133' title='bbox 3145 766 3185 820; x_wconf 79' lang='grc' dir='ltr'><strong>ί.</strong></span> 
     </span>
    </p>
   </div>
   <div class='ocr_carea' id='block_1_16' title="bbox 542 1606 3715 1651">
    <p class='ocr_par' dir='ltr' id='par_1_16' title="bbox 542 1606 3715 1651">
     <span class='ocr_line' id='line_1_17' title="bbox 542 1606 3715 1651; baseline -0.004 0"><span class='ocrx_word' id='word_1_134' title='bbox 542 1606 3715 1651; x_wconf 55' lang='lat' dir='ltr'>W</span> 
     </span>
    </p>
   </div>
   <div class='ocr_carea' id='block_1_17' title="bbox 946 1798 3361 1918">
    <p class='ocr_par' dir='ltr' id='par_1_17' title="bbox 946 1798 3361 1918">
     <span class='ocr_line' id='line_1_18' title="bbox 946 1798 3361 1918; baseline 0.006 -14"><span class='ocrx_word' id='word_1_135' title='bbox 946 1842 1029 1906; x_wconf 91' lang='lat' dir='ltr'><strong>IN</strong></span> <span class='ocrx_word' id='word_1_136' title='bbox 1073 1844 1453 1906; x_wconf 84' lang='lat' dir='ltr'><strong>HOMILIAM</strong></span> <span class='ocrx_word' id='word_1_137' title='bbox 1478 1798 1573 1907; x_wconf 34' lang='grc' dir='ltr'><strong>ἸΝ</strong></span> <span class='ocrx_word' id='word_1_138' title='bbox 1615 1845 2181 1910; x_wconf 62' lang='lat' dir='ltr'><strong>SS..MARTYRES</strong></span> <span class='ocrx_word' id='word_1_139' title='bbox 2219 1849 2713 1914; x_wconf 83' lang='lat' dir='ltr'><strong>JUVENTINUM</strong></span> <span class='ocrx_word' id='word_1_140' title='bbox 2753 1854 2850 1915; x_wconf 86' lang='lat' dir='ltr'><strong>ET</strong></span> <span class='ocrx_word' id='word_1_141' title='bbox 2890 1854 3361 1918; x_wconf 80' lang='lat' dir='ltr'><strong>MAXIMINUM.</strong></span> 
     </span>
    </p>
   </div>
   <div class='ocr_carea' id='block_1_18' title="bbox 575 2058 3753 2159">
    <p class='ocr_par' dir='ltr' id='par_1_18' title="bbox 575 2058 3753 2159">
     <span class='ocr_line' id='line_1_19' title="bbox 575 2058 3753 2159; baseline -0.001 -11"><span class='ocrx_word' id='word_1_142' title='bbox 575 2092 645 2148; x_wconf 88' lang='lat' dir='ltr'><strong>Ut</strong></span> <span class='ocrx_word' id='word_1_143' title='bbox 681 2089 839 2146; x_wconf 90' lang='lat' dir='ltr'><strong>initio</strong></span> <span class='ocrx_word' id='word_1_144' title='bbox 860 2087 1021 2159; x_wconf 87' lang='lat' dir='ltr'><strong>hujus</strong></span> <span class='ocrx_word' id='word_1_145' title='bbox 1043 2087 1324 2143; x_wconf 90' lang='lat' dir='ltr'><strong>concioms</strong></span> <span class='ocrx_word' id='word_1_146' title='bbox 1355 2087 1577 2151; x_wconf 89' lang='lat' dir='ltr'><strong>dicitur,</strong></span> <span class='ocrx_word' id='word_1_147' title='bbox 1607 2086 1791 2141; x_wconf 88' lang='lat' dir='ltr'><strong>habita</strong></span> <span class='ocrx_word' id='word_1_148' title='bbox 1814 2086 1930 2141; x_wconf 66' lang='lat' dir='ltr'><strong>haec</strong></span> <span class='ocrx_word' id='word_1_149' title='bbox 1951 2085 2055 2140; x_wconf 87' lang='lat' dir='ltr'><strong>fuit</strong></span> <span class='ocrx_word' id='word_1_150' title='bbox 2090 2085 2284 2156; x_wconf 85' lang='lat' dir='ltr'><strong>paucis</strong></span> <span class='ocrx_word' id='word_1_151' title='bbox 2327 2094 2449 2157; x_wconf 89' lang='lat' dir='ltr'><strong>post</strong></span> <span class='ocrx_word' id='word_1_152' title='bbox 2477 2085 2766 2141; x_wconf 87' lang='lat' dir='ltr'><strong>Homiliam</strong></span> <span class='ocrx_word' id='word_1_153' title='bbox 2822 2086 2876 2141; x_wconf 90' lang='lat' dir='ltr'><strong>in</strong></span> <span class='ocrx_word' id='word_1_154' title='bbox 2911 2084 2967 2140; x_wconf 89' lang='lat' dir='ltr'><strong>S.</strong></span> <span class='ocrx_word' id='word_1_155' title='bbox 3004 2058 3264 2157; x_wconf 65' lang='lat' dir='ltr'><strong>Babylam</strong></span> <span class='ocrx_word' id='word_1_156' title='bbox 3294 2086 3498 2143; x_wconf 88' lang='lat' dir='ltr'><strong>diebus</strong></span> <span class='ocrx_word' id='word_1_157' title='bbox 3526 2106 3539 2142; x_wconf 92' lang='lat'>:</span> <span class='ocrx_word' id='word_1_158' title='bbox 3570 2088 3753 2155; x_wconf 76' lang='lat' dir='ltr'><strong>Nuper.</strong></span> 
     </span>
    </p>
   </div>
   <div class='ocr_carea' id='block_1_19' title="bbox 503 2199 3841 2305">
    <p class='ocr_par' dir='ltr' id='par_1_19' title="bbox 503 2199 3841 2305">
     <span class='ocr_line' id='line_1_20' title="bbox 503 2199 3841 2305; baseline -0.003 -46"><span class='ocrx_word' id='word_1_159' title='bbox 503 2204 700 2274; x_wconf 87' lang='lat' dir='ltr'><strong>inquit,</strong></span> <span class='ocrx_word' id='word_1_160' title='bbox 734 2202 948 2275; x_wconf 81' lang='grc' dir='ltr'><strong>πρῴην,</strong></span> <span class='ocrx_word' id='word_1_161' title='bbox 985 2216 1094 2257; x_wconf 89' lang='lat' dir='ltr'><strong>non</strong></span> <span class='ocrx_word' id='word_1_162' title='bbox 1128 2211 1333 2264; x_wconf 90' lang='lat' dir='ltr'><strong>autem,</strong></span> <span class='ocrx_word' id='word_1_163' title='bbox 1366 2202 1500 2268; x_wconf 83' lang='lat' dir='ltr'><strong>heri,</strong></span> <span class='ocrx_word' id='word_1_164' title='bbox 1555 2212 1615 2256; x_wconf 93' lang='lat' dir='ltr'><strong>ut</strong></span> <span class='ocrx_word' id='word_1_165' title='bbox 1643 2209 1881 2257; x_wconf 81' lang='lat' dir='ltr'><strong>verterat</strong></span> <span class='ocrx_word' id='word_1_166' title='bbox 1908 2201 2201 2273; x_wconf 90' lang='lat' dir='ltr'><strong>lnterpres,</strong></span> <span class='ocrx_word' id='word_1_167' title='bbox 2236 2199 2425 2271; x_wconf 85' lang='lat' dir='ltr'><strong>Nuper</strong></span> <span class='ocrx_word' id='word_1_168' title='bbox 2469 2202 2653 2256; x_wconf 76' lang='lat' dir='ltr'><strong>beatus</strong></span> <span class='ocrx_word' id='word_1_169' title='bbox 2682 2199 2918 2273; x_wconf 69' lang='lat' dir='ltr'><strong>Babylo:</strong></span> <span class='ocrx_word' id='word_1_170' title='bbox 2944 2216 3063 2254; x_wconf 79' lang='lat' dir='ltr'><strong>cum</strong></span> <span class='ocrx_word' id='word_1_171' title='bbox 3120 2200 3291 2254; x_wconf 77' lang='lat' dir='ltr'><strong>tribus</strong></span> <span class='ocrx_word' id='word_1_172' title='bbox 3329 2201 3518 2271; x_wconf 78' lang='lat' dir='ltr'><strong>pueris</strong></span> <span class='ocrx_word' id='word_1_173' title='bbox 3567 2216 3654 2253; x_wconf 76' lang='lat' dir='ltr'><strong>nos</strong></span> <span class='ocrx_word' id='word_1_174' title='bbox 3684 2199 3756 2250; x_wconf 82' lang='lat' dir='ltr'><strong>hic</strong></span> <span class='ocrx_word' id='word_1_175' title='bbox 3826 2276 3841 2305; x_wconf 42' lang='grc' dir='ltr'><strong><em>θ</em></strong></span> 
     </span>
    </p>
   </div>
   <div class='ocr_carea' id='block_1_20' title="bbox 501 2314 3759 2390">
    <p class='ocr_par' dir='ltr' id='par_1_20' title="bbox 501 2314 3759 2390">
     <span class='ocr_line' id='line_1_21' title="bbox 501 2314 3759 2390; baseline -0.002 -16"><span class='ocrx_word' id='word_1_176' title='bbox 501 2319 851 2390; x_wconf 82' lang='lat' dir='ltr'><strong>congregabat</strong></span> <span class='ocrx_word' id='word_1_177' title='bbox 883 2335 903 2372; x_wconf 89' lang='lat'><strong><em>:</em></strong></span> <span class='ocrx_word' id='word_1_178' title='bbox 935 2318 1090 2372; x_wconf 81' lang='lat' dir='ltr'><strong>hodie</strong></span> <span class='ocrx_word' id='word_1_179' title='bbox 1120 2336 1237 2374; x_wconf 85' lang='lat' dir='ltr'><strong>vero</strong></span> <span class='ocrx_word' id='word_1_180' title='bbox 1284 2335 1385 2388; x_wconf 86' lang='lat' dir='ltr'><strong>par</strong></span> <span class='ocrx_word' id='word_1_181' title='bbox 1413 2328 1720 2373; x_wconf 83' lang='lat' dir='ltr'><strong>sanctorum</strong></span> <span class='ocrx_word' id='word_1_182' title='bbox 1759 2320 1992 2373; x_wconf 83' lang='lat' dir='ltr'><strong>militum</strong></span> <span class='ocrx_word' id='word_1_183' title='bbox 2032 2320 2089 2374; x_wconf 82' lang='lat' dir='ltr'><strong>in</strong></span> <span class='ocrx_word' id='word_1_184' title='bbox 2115 2321 2231 2375; x_wconf 83' lang='lat' dir='ltr'><strong>acie</strong></span> <span class='ocrx_word' id='word_1_185' title='bbox 2269 2320 2563 2374; x_wconf 72' lang='lat' dir='ltr'><strong>exercitum</strong></span> <span class='ocrx_word' id='word_1_186' title='bbox 2592 2315 2794 2374; x_wconf 76' lang='lat' dir='ltr'><strong>Christi</strong></span> <span class='ocrx_word' id='word_1_187' title='bbox 2823 2318 3114 2373; x_wconf 72' lang='lat' dir='ltr'><strong>constituit.</strong></span> <span class='ocrx_word' id='word_1_188' title='bbox 3170 2318 3234 2373; x_wconf 85' lang='lat' dir='ltr'><strong>Et</strong></span> <span class='ocrx_word' id='word_1_189' title='bbox 3262 2327 3448 2372; x_wconf 86' lang='lat' dir='ltr'><strong>tamen</strong></span> <span class='ocrx_word' id='word_1_190' title='bbox 3502 2316 3606 2371; x_wconf 82' lang='lat' dir='ltr'><strong>hoc</strong></span> <span class='ocrx_word' id='word_1_191' title='bbox 3651 2314 3759 2369; x_wconf 87' lang='lat' dir='ltr'><strong>loco</strong></span> 
     </span>
    </p>
   </div>
   <div class='ocr_carea' id='block_1_21' title="bbox 502 2433 3753 2509">
    <p class='ocr_par' dir='ltr' id='par_1_21' title="bbox 502 2433 3753 2509">
     <span class='ocr_line' id='line_1_22' title="bbox 502 2433 3753 2509; baseline -0.001 -20"><span class='ocrx_word' id='word_1_192' title='bbox 502 2436 621 2490; x_wconf 88' lang='lat' dir='ltr'><strong>fulti</strong></span> <span class='ocrx_word' id='word_1_193' title='bbox 653 2437 713 2502; x_wconf 88' lang='lat' dir='ltr'><strong>ii,</strong></span> <span class='ocrx_word' id='word_1_194' title='bbox 747 2438 839 2507; x_wconf 88' lang='lat' dir='ltr'><strong>qui</strong></span> <span class='ocrx_word' id='word_1_195' title='bbox 864 2436 1265 2509; x_wconf 79' lang='lat' dir='ltr'><strong>Martyrologiis</strong></span> <span class='ocrx_word' id='word_1_196' title='bbox 1298 2452 1521 2507; x_wconf 83' lang='lat' dir='ltr'><strong>operam</strong></span> <span class='ocrx_word' id='word_1_197' title='bbox 1551 2438 1841 2505; x_wconf 90' lang='lat' dir='ltr'><strong>dederunt,</strong></span> <span class='ocrx_word' id='word_1_198' title='bbox 1872 2438 1927 2492; x_wconf 91' lang='lat' dir='ltr'><strong>in</strong></span> <span class='ocrx_word' id='word_1_199' title='bbox 1955 2438 2027 2493; x_wconf 71' lang='lat'><strong>25</strong></span> <span class='ocrx_word' id='word_1_200' title='bbox 2054 2437 2303 2493; x_wconf 83' lang='lat' dir='ltr'><strong>Januarii</strong></span> <span class='ocrx_word' id='word_1_201' title='bbox 2337 2438 2536 2493; x_wconf 85' lang='lat' dir='ltr'><strong>horum</strong></span> <span class='ocrx_word' id='word_1_202' title='bbox 2586 2447 2890 2509; x_wconf 86' lang='lat' dir='ltr'><strong>martyrum</strong></span> <span class='ocrx_word' id='word_1_203' title='bbox 2917 2438 3062 2492; x_wconf 86' lang='lat' dir='ltr'><strong>diem</strong></span> <span class='ocrx_word' id='word_1_204' title='bbox 3091 2437 3326 2492; x_wconf 86' lang='lat' dir='ltr'><strong>natalem</strong></span> <span class='ocrx_word' id='word_1_205' title='bbox 3361 2435 3670 2499; x_wconf 82' lang='lat' dir='ltr'><strong>conferunt,</strong></span> <span class='ocrx_word' id='word_1_206' title='bbox 3693 2433 3753 2485; x_wconf 86' lang='lat' dir='ltr'><strong>li—</strong></span> 
     </span>
    </p>
   </div>
   <div class='ocr_carea' id='block_1_22' title="bbox 499 2547 3759 2621">
    <p class='ocr_par' dir='ltr' id='par_1_22' title="bbox 499 2547 3759 2621">
     <span class='ocr_line' id='line_1_23' title="bbox 499 2547 3759 2621; baseline -0.001 -20"><span class='ocrx_word' id='word_1_207' title='bbox 499 2557 586 2602; x_wconf 85' lang='lat' dir='ltr'><strong>cet</strong></span> <span class='ocrx_word' id='word_1_208' title='bbox 609 2562 717 2600; x_wconf 91' lang='lat' dir='ltr'><strong>non</strong></span> <span class='ocrx_word' id='word_1_209' title='bbox 744 2547 898 2603; x_wconf 90' lang='lat' dir='ltr'><strong>initio</strong></span> <span class='ocrx_word' id='word_1_210' title='bbox 928 2555 1163 2609; x_wconf 87' lang='lat' dir='ltr'><strong>tantum,</strong></span> <span class='ocrx_word' id='word_1_211' title='bbox 1201 2548 1296 2603; x_wconf 92' lang='lat' dir='ltr'><strong>sed</strong></span> <span class='ocrx_word' id='word_1_212' title='bbox 1322 2548 1484 2602; x_wconf 91' lang='lat' dir='ltr'><strong>etiam</strong></span> <span class='ocrx_word' id='word_1_213' title='bbox 1519 2549 1683 2618; x_wconf 87' lang='lat' dir='ltr'><strong>paulo</strong></span> <span class='ocrx_word' id='word_1_214' title='bbox 1728 2558 1917 2620; x_wconf 89' lang='lat' dir='ltr'><strong>postea</strong></span> <span class='ocrx_word' id='word_1_215' title='bbox 1948 2549 2379 2621; x_wconf 87' lang='lat' dir='ltr'><strong>Chrysostomus</strong></span> <span class='ocrx_word' id='word_1_216' title='bbox 2429 2550 2498 2606; x_wconf 90' lang='lat' dir='ltr'><strong>de</strong></span> <span class='ocrx_word' id='word_1_217' title='bbox 2522 2549 2758 2606; x_wconf 87' lang='lat' dir='ltr'><strong>Homilia</strong></span> <span class='ocrx_word' id='word_1_218' title='bbox 2784 2550 2838 2605; x_wconf 91' lang='lat' dir='ltr'><strong>in</strong></span> <span class='ocrx_word' id='word_1_219' title='bbox 2868 2547 2927 2605; x_wconf 92' lang='lat' dir='ltr'><strong>S.</strong></span> <span class='ocrx_word' id='word_1_220' title='bbox 2955 2549 3215 2621; x_wconf 82' lang='lat' dir='ltr'><strong>Babylam</strong></span> <span class='ocrx_word' id='word_1_221' title='bbox 3239 2548 3499 2619; x_wconf 87' lang='lat' dir='ltr'><strong>loquens,</strong></span> <span class='ocrx_word' id='word_1_222' title='bbox 3525 2561 3640 2603; x_wconf 88' lang='lat' dir='ltr'><strong>eam</strong></span> <span class='ocrx_word' id='word_1_223' title='bbox 3666 2557 3759 2597; x_wconf 86' lang='lat' dir='ltr'><strong>non</strong></span> 
     </span>
    </p>
   </div>
   <div class='ocr_carea' id='block_1_23' title="bbox 500 2664 3759 2739">
    <p class='ocr_par' dir='ltr' id='par_1_23' title="bbox 500 2664 3759 2739">
     <span class='ocr_line' id='line_1_24' title="bbox 500 2664 3759 2739; baseline -0.002 -20"><span class='ocrx_word' id='word_1_224' title='bbox 500 2668 632 2732; x_wconf 86' lang='lat' dir='ltr'><strong>heri,</strong></span> <span class='ocrx_word' id='word_1_225' title='bbox 671 2666 764 2721; x_wconf 88' lang='lat' dir='ltr'><strong>sed</strong></span> <span class='ocrx_word' id='word_1_226' title='bbox 797 2683 981 2737; x_wconf 84' lang='lat' dir='ltr'><strong>nuper,</strong></span> <span class='ocrx_word' id='word_1_227' title='bbox 1013 2664 1226 2739; x_wconf 79' lang='grc' dir='ltr'><strong>πρῴην,</strong></span> <span class='ocrx_word' id='word_1_228' title='bbox 1255 2667 1457 2723; x_wconf 89' lang='lat' dir='ltr'><strong>dictam</strong></span> <span class='ocrx_word' id='word_1_229' title='bbox 1482 2668 1749 2724; x_wconf 85' lang='lat' dir='ltr'><strong>enuntiet.</strong></span> <span class='ocrx_word' id='word_1_230' title='bbox 1782 2669 1912 2725; x_wconf 88' lang='lat' dir='ltr'><strong>Inde</strong></span> <span class='ocrx_word' id='word_1_231' title='bbox 1958 2668 2146 2726; x_wconf 84' lang='lat' dir='ltr'><strong>forsan</strong></span> <span class='ocrx_word' id='word_1_232' title='bbox 2179 2686 2301 2728; x_wconf 89' lang='lat' dir='ltr'><strong>mos</strong></span> <span class='ocrx_word' id='word_1_233' title='bbox 2333 2671 2572 2726; x_wconf 90' lang='lat' dir='ltr'><strong>obtinuit</strong></span> <span class='ocrx_word' id='word_1_234' title='bbox 2616 2678 2677 2726; x_wconf 90' lang='lat' dir='ltr'><strong>ut</strong></span> <span class='ocrx_word' id='word_1_235' title='bbox 2719 2670 2809 2726; x_wconf 89' lang='lat' dir='ltr'><strong>die</strong></span> <span class='ocrx_word' id='word_1_236' title='bbox 2835 2667 3035 2726; x_wconf 86' lang='lat' dir='ltr'><strong>festum</strong></span> <span class='ocrx_word' id='word_1_237' title='bbox 3072 2668 3131 2723; x_wconf 91' lang='lat' dir='ltr'><strong>S.</strong></span> <span class='ocrx_word' id='word_1_238' title='bbox 3170 2667 3388 2739; x_wconf 73' lang='lat' dir='ltr'><strong>Babylze</strong></span> <span class='ocrx_word' id='word_1_239' title='bbox 3434 2667 3759 2736; x_wconf 82' lang='lat' dir='ltr'><strong>insequente,</strong></span> 
     </span>
    </p>
   </div>
   <div class='ocr_carea' id='block_1_24' title="bbox 505 2779 3759 2853">
    <p class='ocr_par' dir='ltr' id='par_1_24' title="bbox 505 2779 3759 2853">
     <span class='ocr_line' id='line_1_25' title="bbox 505 2779 3759 2853; baseline 0.001 -19"><span class='ocrx_word' id='word_1_240' title='bbox 505 2780 608 2835; x_wconf 84' lang='lat' dir='ltr'><strong>SS.</strong></span> <span class='ocrx_word' id='word_1_241' title='bbox 643 2780 919 2834; x_wconf 81' lang='lat' dir='ltr'><strong>.luventini</strong></span> <span class='ocrx_word' id='word_1_242' title='bbox 944 2789 1000 2835; x_wconf 92' lang='lat' dir='ltr'><strong>et</strong></span> <span class='ocrx_word' id='word_1_243' title='bbox 1021 2779 1307 2835; x_wconf 78' lang='lat' dir='ltr'><strong>Maximini</strong></span> <span class='ocrx_word' id='word_1_244' title='bbox 1335 2784 1653 2837; x_wconf 84' lang='lat' dir='ltr'><strong>memoriam</strong></span> <span class='ocrx_word' id='word_1_245' title='bbox 1695 2785 1986 2839; x_wconf 90' lang='lat' dir='ltr'><strong>enuntient</strong></span> <span class='ocrx_word' id='word_1_246' title='bbox 2024 2801 2038 2838; x_wconf 91' lang='lat'><strong>:</strong></span> <span class='ocrx_word' id='word_1_247' title='bbox 2070 2800 2178 2840; x_wconf 87' lang='lat' dir='ltr'><strong>non</strong></span> <span class='ocrx_word' id='word_1_248' title='bbox 2212 2801 2278 2841; x_wconf 80' lang='lat' dir='ltr'><strong>ex</strong></span> <span class='ocrx_word' id='word_1_249' title='bbox 2300 2785 2616 2843; x_wconf 68' lang='lat' dir='ltr'><strong>Graecorum</strong></span> <span class='ocrx_word' id='word_1_250' title='bbox 2644 2785 2866 2843; x_wconf 66' lang='lat' dir='ltr'><strong>Menaeis</strong></span> <span class='ocrx_word' id='word_1_251' title='bbox 2897 2785 2949 2839; x_wconf 93' lang='lat' dir='ltr'><strong>id</strong></span> <span class='ocrx_word' id='word_1_252' title='bbox 2981 2785 3236 2840; x_wconf 88' lang='lat' dir='ltr'><strong>mutuati:</strong></span> <span class='ocrx_word' id='word_1_253' title='bbox 3267 2782 3564 2853; x_wconf 88' lang='lat' dir='ltr'><strong>siquidem,</strong></span> <span class='ocrx_word' id='word_1_254' title='bbox 3597 2787 3652 2834; x_wconf 88' lang='lat' dir='ltr'><strong>ut</strong></span> <span class='ocrx_word' id='word_1_255' title='bbox 3676 2791 3759 2830; x_wconf 84' lang='lat' dir='ltr'><strong>n0-</strong></span> 
     </span>
    </p>
   </div>
   <div class='ocr_carea' id='block_1_25' title="bbox 506 2894 3759 2971">
    <p class='ocr_par' dir='ltr' id='par_1_25' title="bbox 506 2894 3759 2971">
     <span class='ocr_line' id='line_1_26' title="bbox 506 2894 3759 2971; baseline -0.001 -21"><span class='ocrx_word' id='word_1_256' title='bbox 506 2906 583 2950; x_wconf 88' lang='lat' dir='ltr'><strong>tat</strong></span> <span class='ocrx_word' id='word_1_257' title='bbox 614 2895 816 2965; x_wconf 88' lang='lat' dir='ltr'><strong>optime</strong></span> <span class='ocrx_word' id='word_1_258' title='bbox 846 2894 1161 2960; x_wconf 81' lang='lat' dir='ltr'><strong>Bnllandus,</strong></span> <span class='ocrx_word' id='word_1_259' title='bbox 1193 2896 1342 2952; x_wconf 88' lang='lat' dir='ltr'><strong>nulla</strong></span> <span class='ocrx_word' id='word_1_260' title='bbox 1378 2897 1431 2951; x_wconf 91' lang='lat' dir='ltr'><strong>in</strong></span> <span class='ocrx_word' id='word_1_261' title='bbox 1465 2896 1704 2965; x_wconf 71' lang='lat' dir='ltr'><strong>Menaeis,</strong></span> <span class='ocrx_word' id='word_1_262' title='bbox 1727 2898 2065 2970; x_wconf 77' lang='lat' dir='ltr'><strong>Menologiis,</strong></span> <span class='ocrx_word' id='word_1_263' title='bbox 2096 2901 2445 2971; x_wconf 85' lang='lat' dir='ltr'><strong>Antbologio,</strong></span> <span class='ocrx_word' id='word_1_264' title='bbox 2479 2901 2669 2956; x_wconf 88' lang='lat' dir='ltr'><strong>aliisve</strong></span> <span class='ocrx_word' id='word_1_265' title='bbox 2700 2900 2858 2956; x_wconf 86' lang='lat' dir='ltr'><strong>fastis</strong></span> <span class='ocrx_word' id='word_1_266' title='bbox 2886 2900 3059 2955; x_wconf 88' lang='lat' dir='ltr'><strong>sacris</strong></span> <span class='ocrx_word' id='word_1_267' title='bbox 3078 2899 3393 2955; x_wconf 67' lang='lat' dir='ltr'><strong>Graecorum</strong></span> <span class='ocrx_word' id='word_1_268' title='bbox 3420 2938 3436 2961; x_wconf 95' lang='lat'><strong>,</strong></span> <span class='ocrx_word' id='word_1_269' title='bbox 3464 2910 3651 2951; x_wconf 88' lang='lat' dir='ltr'><strong>eorum</strong></span> <span class='ocrx_word' id='word_1_270' title='bbox 3678 2908 3759 2949; x_wconf 75' lang='lat' dir='ltr'><strong>ex-</strong></span> 
     </span>
    </p>
   </div>
   <div class='ocr_carea' id='block_1_26' title="bbox 504 3017 3760 3097">
    <p class='ocr_par' dir='ltr' id='par_1_26' title="bbox 504 3017 3760 3097">
     <span class='ocr_line' id='line_1_27' title="bbox 504 3017 3760 3097; baseline -0.002 -23"><span class='ocrx_word' id='word_1_271' title='bbox 504 3030 615 3075; x_wconf 76' lang='lat' dir='ltr'><strong>stat</strong></span> <span class='ocrx_word' id='word_1_272' title='bbox 663 3022 943 3078; x_wconf 86' lang='lat' dir='ltr'><strong>memoria.</strong></span> <span class='ocrx_word' id='word_1_273' title='bbox 994 3022 1099 3077; x_wconf 89' lang='lat' dir='ltr'><strong>Sed</strong></span> <span class='ocrx_word' id='word_1_274' title='bbox 1130 3038 1157 3074; x_wconf 92' lang='lat' dir='ltr'><strong>a</strong></span> <span class='ocrx_word' id='word_1_275' title='bbox 1192 3022 1609 3090; x_wconf 86' lang='lat' dir='ltr'><strong>recentioribus,</strong></span> <span class='ocrx_word' id='word_1_276' title='bbox 1666 3025 1744 3079; x_wconf 87' lang='lat' dir='ltr'><strong>ait</strong></span> <span class='ocrx_word' id='word_1_277' title='bbox 1778 3023 1886 3091; x_wconf 92' lang='lat' dir='ltr'><strong>ille,</strong></span> <span class='ocrx_word' id='word_1_278' title='bbox 1916 3026 2166 3094; x_wconf 74' lang='lat' dir='ltr'><strong>postridie</strong></span> <span class='ocrx_word' id='word_1_279' title='bbox 2201 3024 2261 3080; x_wconf 90' lang='lat' dir='ltr'><strong>S.</strong></span> <span class='ocrx_word' id='word_1_280' title='bbox 2295 3023 2513 3097; x_wconf 71' lang='lat' dir='ltr'><strong>Baltwa</strong></span> <span class='ocrx_word' id='word_1_281' title='bbox 2541 3033 2592 3079; x_wconf 84' lang='lat' dir='ltr'><strong>et</strong></span> <span class='ocrx_word' id='word_1_282' title='bbox 2622 3026 2784 3079; x_wconf 87' lang='lat' dir='ltr'><strong>trium</strong></span> <span class='ocrx_word' id='word_1_283' title='bbox 2815 3039 3099 3093; x_wconf 80' lang='lat' dir='ltr'><strong>puerorum</strong></span> <span class='ocrx_word' id='word_1_284' title='bbox 3125 3022 3415 3087; x_wconf 84' lang='lat' dir='ltr'><strong>locantur;</strong></span> <span class='ocrx_word' id='word_1_285' title='bbox 3446 3020 3542 3091; x_wconf 91' lang='lat' dir='ltr'><strong>qui</strong></span> <span class='ocrx_word' id='word_1_286' title='bbox 3573 3017 3760 3073; x_wconf 88' lang='lat' dir='ltr'><strong>scilicet</strong></span> 
     </span>
    </p>
   </div>
   <div class='ocr_carea' id='block_1_27' title="bbox 510 3135 3758 3215">
    <p class='ocr_par' dir='ltr' id='par_1_27' title="bbox 510 3135 3758 3215">
     <span class='ocr_line' id='line_1_28' title="bbox 510 3135 3758 3215; baseline -0.003 -23"><span class='ocrx_word' id='word_1_287' title='bbox 510 3156 572 3192; x_wconf 76' lang='lat' dir='ltr'><strong>ea</strong></span> <span class='ocrx_word' id='word_1_288' title='bbox 610 3140 664 3194; x_wconf 91' lang='lat' dir='ltr'><strong>in</strong></span> <span class='ocrx_word' id='word_1_289' title='bbox 697 3155 755 3194; x_wconf 90' lang='lat' dir='ltr'><strong>re</strong></span> <span class='ocrx_word' id='word_1_290' title='bbox 798 3148 1032 3195; x_wconf 81' lang='lat' dir='ltr'><strong>veterem</strong></span> <span class='ocrx_word' id='word_1_291' title='bbox 1065 3139 1210 3194; x_wconf 84' lang='lat' dir='ltr'><strong>illam</strong></span> <span class='ocrx_word' id='word_1_292' title='bbox 1247 3138 1497 3196; x_wconf 65' lang='lat' dir='ltr'><strong>llomiliaz</strong></span> <span class='ocrx_word' id='word_1_293' title='bbox 1529 3141 1908 3214; x_wconf 83' lang='lat' dir='ltr'><strong>Chrysostomi</strong></span> <span class='ocrx_word' id='word_1_294' title='bbox 1966 3143 2021 3198; x_wconf 90' lang='lat' dir='ltr'><strong>in</strong></span> <span class='ocrx_word' id='word_1_295' title='bbox 2064 3142 2167 3198; x_wconf 83' lang='lat' dir='ltr'><strong>SS.</strong></span> <span class='ocrx_word' id='word_1_296' title='bbox 2202 3142 2469 3215; x_wconf 83' lang='lat' dir='ltr'><strong>Martyres</strong></span> <span class='ocrx_word' id='word_1_297' title='bbox 2504 3142 3010 3213; x_wconf 88' lang='lat' dir='ltr'><strong>interpretationem</strong></span> <span class='ocrx_word' id='word_1_298' title='bbox 3039 3149 3347 3211; x_wconf 87' lang='lat' dir='ltr'><strong>sequuntur</strong></span> <span class='ocrx_word' id='word_1_299' title='bbox 3373 3157 3389 3193; x_wconf 91' lang='lat'><strong>:</strong></span> <span class='ocrx_word' id='word_1_300' title='bbox 3419 3137 3555 3193; x_wconf 83' lang='lat' dir='ltr'><strong>Heri</strong></span> <span class='ocrx_word' id='word_1_301' title='bbox 3578 3135 3758 3189; x_wconf 67' lang='lat' dir='ltr'><strong>beatus</strong></span> 
     </span>
    </p>
   </div>
   <div class='ocr_carea' id='block_1_28' title="bbox 506 3246 3762 3327">
    <p class='ocr_par' dir='ltr' id='par_1_28' title="bbox 506 3246 3762 3327">
     <span class='ocr_line' id='line_1_29' title="bbox 506 3246 3762 3327; baseline -0.004 -19"><span class='ocrx_word' id='word_1_302' title='bbox 506 3254 735 3326; x_wconf 79' lang='lat' dir='ltr'><strong>Babgtas</strong></span> <span class='ocrx_word' id='word_1_303' title='bbox 768 3269 887 3307; x_wconf 82' lang='lat' dir='ltr'><strong>cum</strong></span> <span class='ocrx_word' id='word_1_304' title='bbox 920 3253 1088 3307; x_wconf 76' lang='lat' dir='ltr'><strong>tribus</strong></span> <span class='ocrx_word' id='word_1_305' title='bbox 1120 3255 1320 3323; x_wconf 74' lang='lat' dir='ltr'><strong>pueris.</strong></span> <span class='ocrx_word' id='word_1_306' title='bbox 1363 3253 1598 3311; x_wconf 80' lang='lat' dir='ltr'><strong>Videant</strong></span> <span class='ocrx_word' id='word_1_307' title='bbox 1639 3256 1805 3326; x_wconf 80' lang='lat' dir='ltr'><strong>igitur</strong></span> <span class='ocrx_word' id='word_1_308' title='bbox 1837 3256 1870 3310; x_wconf 92' lang='lat' dir='ltr'><strong>ii</strong></span> <span class='ocrx_word' id='word_1_309' title='bbox 1919 3257 2011 3327; x_wconf 90' lang='lat' dir='ltr'><strong>qui</strong></span> <span class='ocrx_word' id='word_1_310' title='bbox 2042 3255 2142 3311; x_wconf 82' lang='lat' dir='ltr'><strong>SS.</strong></span> <span class='ocrx_word' id='word_1_311' title='bbox 2176 3255 2333 3310; x_wconf 87' lang='lat' dir='ltr'><strong>tastis</strong></span> <span class='ocrx_word' id='word_1_312' title='bbox 2381 3255 2516 3309; x_wconf 84' lang='lat' dir='ltr'><strong>dant</strong></span> <span class='ocrx_word' id='word_1_313' title='bbox 2548 3268 2793 3325; x_wconf 84' lang='lat' dir='ltr'><strong>operam,</strong></span> <span class='ocrx_word' id='word_1_314' title='bbox 2827 3269 2959 3309; x_wconf 91' lang='lat' dir='ltr'><strong>num</strong></span> <span class='ocrx_word' id='word_1_315' title='bbox 2990 3252 3098 3308; x_wconf 89' lang='lat' dir='ltr'><strong>alia</strong></span> <span class='ocrx_word' id='word_1_316' title='bbox 3127 3254 3197 3309; x_wconf 86' lang='lat' dir='ltr'><strong>sit</strong></span> <span class='ocrx_word' id='word_1_317' title='bbox 3239 3251 3534 3308; x_wconf 85' lang='lat' dir='ltr'><strong>statuenda</strong></span> <span class='ocrx_word' id='word_1_318' title='bbox 3587 3246 3762 3302; x_wconf 55' lang='lat' dir='ltr'><strong>colon-</strong></span> 
     </span>
    </p>
   </div>
   <div class='ocr_carea' id='block_1_29' title="bbox 504 3362 3755 3442">
    <p class='ocr_par' dir='ltr' id='par_1_29' title="bbox 504 3362 3755 3442">
     <span class='ocr_line' id='line_1_30' title="bbox 504 3362 3755 3442; baseline -0.003 -15"><span class='ocrx_word' id='word_1_319' title='bbox 504 3373 589 3427; x_wconf 80' lang='lat' dir='ltr'><strong>dae</strong></span> <span class='ocrx_word' id='word_1_320' title='bbox 616 3369 715 3426; x_wconf 90' lang='lat' dir='ltr'><strong>SS.</strong></span> <span class='ocrx_word' id='word_1_321' title='bbox 743 3368 1018 3426; x_wconf 83' lang='lat' dir='ltr'><strong>Juventini</strong></span> <span class='ocrx_word' id='word_1_322' title='bbox 1036 3379 1091 3426; x_wconf 92' lang='lat' dir='ltr'><strong>et</strong></span> <span class='ocrx_word' id='word_1_323' title='bbox 1115 3367 1397 3425; x_wconf 76' lang='lat' dir='ltr'><strong>Maximini</strong></span> <span class='ocrx_word' id='word_1_324' title='bbox 1419 3373 1700 3427; x_wconf 73' lang='lat' dir='ltr'><strong>memoriae</strong></span> <span class='ocrx_word' id='word_1_325' title='bbox 1719 3373 1854 3428; x_wconf 90' lang='lat' dir='ltr'><strong>dies.</strong></span> <span class='ocrx_word' id='word_1_326' title='bbox 1887 3370 1995 3428; x_wconf 88' lang='lat' dir='ltr'><strong>llos</strong></span> <span class='ocrx_word' id='word_1_327' title='bbox 2029 3381 2293 3442; x_wconf 83' lang='lat' dir='ltr'><strong>martyres</strong></span> <span class='ocrx_word' id='word_1_328' title='bbox 2320 3377 2719 3426; x_wconf 89' lang='lat' dir='ltr'><strong>commemorat</strong></span> <span class='ocrx_word' id='word_1_329' title='bbox 2740 3367 3122 3427; x_wconf 87' lang='lat' dir='ltr'><strong>Theodoretus</strong></span> <span class='ocrx_word' id='word_1_330' title='bbox 3143 3367 3182 3423; x_wconf 90' lang='lat' dir='ltr'><strong>l.</strong></span> <span class='ocrx_word' id='word_1_331' title='bbox 3201 3368 3237 3423; x_wconf 81' lang='lat'><strong>3</strong></span> <span class='ocrx_word' id='word_1_332' title='bbox 3257 3368 3400 3425; x_wconf 81' lang='lat' dir='ltr'><strong>Hist.</strong></span> <span class='ocrx_word' id='word_1_333' title='bbox 3434 3366 3577 3423; x_wconf 74' lang='lat' dir='ltr'><strong>Eccl.</strong></span> <span class='ocrx_word' id='word_1_334' title='bbox 3605 3379 3651 3420; x_wconf 94' lang='lat' dir='ltr'><strong>c.</strong></span> <span class='ocrx_word' id='word_1_335' title='bbox 3680 3362 3755 3417; x_wconf 68' lang='lat' dir='ltr'><strong>li-</strong></span> 
     </span>
    </p>
   </div>
   <div class='ocr_carea' id='block_1_30' title="bbox 509 3805 3761 3838">
    <p class='ocr_par' dir='ltr' id='par_1_30' title="bbox 509 3805 3761 3838">
     <span class='ocr_line' id='line_1_31' title="bbox 509 3805 3761 3838; baseline 0.002 -23"><span class='ocrx_word' id='word_1_336' title='bbox 509 3805 3761 3838; x_wconf 83' lang='lat'><strong>_____________________________________________________..</strong></span> 
     </span>
    </p>
   </div>
   <div class='ocr_carea' id='block_1_31' title="bbox 507 3897 2099 3969">
    <p class='ocr_par' dir='ltr' id='par_1_31' title="bbox 507 3908 2099 3956">
     <span class='ocr_line' id='line_1_32' title="bbox 507 3908 2099 3956; baseline -0.001 -3"><span class='ocrx_word' id='word_1_337' title='bbox 507 3910 795 3955; x_wconf 70' lang='lat' dir='ltr'><strong>BJUSDEM</strong></span> <span class='ocrx_word' id='word_1_338' title='bbox 837 3912 903 3955; x_wconf 82' lang='lat' dir='ltr'><strong>IN</strong></span> <span class='ocrx_word' id='word_1_339' title='bbox 948 3912 1035 3955; x_wconf 81' lang='lat' dir='ltr'><strong>SS.</strong></span> <span class='ocrx_word' id='word_1_340' title='bbox 1081 3911 1419 3956; x_wconf 70' lang='lat' dir='ltr'><strong>MARTYRES</strong></span> <span class='ocrx_word' id='word_1_341' title='bbox 1459 3910 1873 3956; x_wconf 75' lang='lat' dir='ltr'><strong>JUVENTINUM</strong></span> <span class='ocrx_word' id='word_1_342' title='bbox 1926 3909 2007 3952; x_wconf 76' lang='grc' dir='ltr'><strong>ΕΤ</strong></span> <span class='ocrx_word' id='word_1_343' title='bbox 2059 3908 2099 3952; x_wconf 71' lang='grc' dir='ltr'>Π</span> 
     </span>
    </p>
   </div>
   <div class='ocr_carea' id='block_1_32' title="bbox 2207 3897 3764 3969">
    <p class='ocr_par' dir='ltr' id='par_1_32' title="bbox 2207 3897 3764 3969">
     <span class='ocr_line' id='line_1_33' title="bbox 2207 3897 3764 3969; baseline -0.006 -21"><span class='ocrx_word' id='word_1_344' title='bbox 2207 3905 2463 3960; x_wconf 68' lang='grc' dir='ltr'><strong>[ΠΙΝΙῙΜ,</strong></span> <span class='ocrx_word' id='word_1_345' title='bbox 2523 3904 2633 3958; x_wconf 83' lang='lat' dir='ltr'><strong>QUI</strong></span> <span class='ocrx_word' id='word_1_346' title='bbox 2692 3905 2810 3948; x_wconf 85' lang='lat' dir='ltr'><strong>SUB</strong></span> <span class='ocrx_word' id='word_1_347' title='bbox 2851 3905 3120 3969; x_wconf 65' lang='lat' dir='ltr'><strong>JleANO</strong></span> <span class='ocrx_word' id='word_1_348' title='bbox 3162 3904 3492 3949; x_wconf 72' lang='lat' dir='ltr'><strong>APOSTATA</strong></span> <span class='ocrx_word' id='word_1_349' title='bbox 3538 3897 3764 3947; x_wconf 70' lang='grc' dir='ltr'><strong>ΜΔξιΤίο</strong></span> 
     </span>
    </p>
   </div>
   <div class='ocr_carea' id='block_1_33' title="bbox 1463 4004 2818 4063">
    <p class='ocr_par' dir='ltr' id='par_1_33' title="bbox 1463 4004 2818 4063">
     <span class='ocr_line' id='line_1_34' title="bbox 1463 4004 2818 4063; baseline -0.004 -11"><span class='ocrx_word' id='word_1_350' title='bbox 1463 4010 1624 4056; x_wconf 70' lang='lat' dir='ltr'><strong>RIUM</strong></span> <span class='ocrx_word' id='word_1_351' title='bbox 1668 4010 1831 4054; x_wconf 80' lang='lat' dir='ltr'><strong>SUNT</strong></span> <span class='ocrx_word' id='word_1_352' title='bbox 1875 4007 2066 4063; x_wconf 74' lang='lat' dir='ltr'><strong>PASSI,</strong></span> <span class='ocrx_word' id='word_1_353' title='bbox 2112 4004 2322 4049; x_wconf 69' lang='grc' dir='ltr'><strong>δειιιιο</strong></span> <span class='ocrx_word' id='word_1_354' title='bbox 2364 4004 2818 4049; x_wconf 72' lang='lat' dir='ltr'><strong>PANEGYRICUS.</strong></span> 
     </span>
    </p>
   </div>
   <div class='ocr_carea' id='block_1_34' title="bbox 1911 4137 2323 4207">
    <p class='ocr_par' dir='ltr' id='par_1_34' title="bbox 1911 4137 2323 4207">
     <span class='ocr_line' id='line_1_35' title="bbox 1911 4137 2323 4207; baseline -0.015 1"><span class='ocrx_word' id='word_1_355' title='bbox 1911 4137 2323 4207; x_wconf 58' lang='lat' dir='ltr'><strong>mm</strong></span> 
     </span>
    </p>
   </div>
   <div class='ocr_carea' id='block_1_35' title="bbox 578 4290 3765 4367">
    <p class='ocr_par' dir='ltr' id='par_1_35' title="bbox 578 4290 3765 4367">
     <span class='ocr_line' id='line_1_36' title="bbox 578 4290 3765 4367; baseline -0.002 -20"><span class='ocrx_word' id='word_1_356' title='bbox 578 4292 632 4347; x_wconf 78' lang='lat' dir='ltr'><strong>l.</strong></span> <span class='ocrx_word' id='word_1_357' title='bbox 662 4290 844 4360; x_wconf 88' lang='lat' dir='ltr'><strong>Nuper</strong></span> <span class='ocrx_word' id='word_1_358' title='bbox 866 4292 1054 4346; x_wconf 85' lang='lat' dir='ltr'><strong>beatus</strong></span> <span class='ocrx_word' id='word_1_359' title='bbox 1084 4291 1308 4363; x_wconf 83' lang='lat' dir='ltr'><strong>Babylas</strong></span> <span class='ocrx_word' id='word_1_360' title='bbox 1332 4308 1451 4347; x_wconf 90' lang='lat' dir='ltr'><strong>cum</strong></span> <span class='ocrx_word' id='word_1_361' title='bbox 1480 4294 1648 4350; x_wconf 90' lang='lat' dir='ltr'><strong>tribus</strong></span> <span class='ocrx_word' id='word_1_362' title='bbox 1672 4295 1856 4367; x_wconf 87' lang='lat' dir='ltr'><strong>pueris</strong></span> <span class='ocrx_word' id='word_1_363' title='bbox 1874 4312 1972 4353; x_wconf 89' lang='lat' dir='ltr'><strong>nos</strong></span> <span class='ocrx_word' id='word_1_364' title='bbox 2010 4297 2098 4354; x_wconf 88' lang='lat' dir='ltr'><strong>hic</strong></span> <span class='ocrx_word' id='word_1_365' title='bbox 2207 4297 2368 4353; x_wconf 87' lang='lat' dir='ltr'><strong>habet</strong></span> <span class='ocrx_word' id='word_1_366' title='bbox 2391 4296 2442 4351; x_wconf 92' lang='lat' dir='ltr'><strong>in</strong></span> <span class='ocrx_word' id='word_1_367' title='bbox 2473 4293 2838 4366; x_wconf 84' lang='lat' dir='ltr'><strong>spiritualibus</strong></span> <span class='ocrx_word' id='word_1_368' title='bbox 2864 4291 3129 4347; x_wconf 84' lang='lat' dir='ltr'><strong>thesauris</strong></span> <span class='ocrx_word' id='word_1_369' title='bbox 3148 4334 3163 4358; x_wconf 95' lang='lat'><strong>,</strong></span> <span class='ocrx_word' id='word_1_370' title='bbox 3214 4290 3282 4346; x_wconf 92' lang='lat' dir='ltr'><strong>de</strong></span> <span class='ocrx_word' id='word_1_371' title='bbox 3305 4290 3657 4363; x_wconf 81' lang='lat' dir='ltr'><strong>martyribus,</strong></span> <span class='ocrx_word' id='word_1_372' title='bbox 3701 4300 3765 4336; x_wconf 83' lang='lat' dir='ltr'><strong>m-</strong></span> 
     </span>
    </p>
   </div>
   <div class='ocr_carea' id='block_1_36' title="bbox 506 4383 2095 4454">
    <p class='ocr_par' dir='ltr' id='par_1_36' title="bbox 506 4383 2095 4454">
     <span class='ocr_line' id='line_1_37' title="bbox 506 4383 2095 4454; baseline 0.004 -16"><span class='ocrx_word' id='word_1_373' title='bbox 506 4383 863 4454; x_wconf 81' lang='lat' dir='ltr'><strong>congrcgabat</strong></span> <span class='ocrx_word' id='word_1_374' title='bbox 895 4401 909 4435; x_wconf 87' lang='lat'><strong>:</strong></span> <span class='ocrx_word' id='word_1_375' title='bbox 952 4383 1112 4439; x_wconf 90' lang='lat' dir='ltr'><strong>hodie</strong></span> <span class='ocrx_word' id='word_1_376' title='bbox 1142 4400 1269 4439; x_wconf 89' lang='lat' dir='ltr'><strong>vero</strong></span> <span class='ocrx_word' id='word_1_377' title='bbox 1315 4400 1408 4453; x_wconf 89' lang='lat' dir='ltr'><strong>par</strong></span> <span class='ocrx_word' id='word_1_378' title='bbox 1433 4398 1735 4441; x_wconf 89' lang='lat' dir='ltr'><strong>sanctorum</strong></span> <span class='ocrx_word' id='word_1_379' title='bbox 1769 4389 1997 4443; x_wconf 88' lang='lat' dir='ltr'><strong>militum</strong></span> <span class='ocrx_word' id='word_1_380' title='bbox 2040 4391 2095 4445; x_wconf 90' lang='lat' dir='ltr'><strong>in</strong></span> 
     </span>
    </p>
   </div>
   <div class='ocr_carea' id='block_1_37' title="bbox 506 4475 2094 4554">
    <p class='ocr_par' dir='ltr' id='par_1_37' title="bbox 506 4475 2094 4554">
     <span class='ocr_line' id='line_1_38' title="bbox 506 4475 2094 4554; baseline 0.005 -24"><span class='ocrx_word' id='word_1_381' title='bbox 506 4478 620 4533; x_wconf 90' lang='lat' dir='ltr'><strong>acie</strong></span> <span class='ocrx_word' id='word_1_382' title='bbox 661 4477 953 4531; x_wconf 83' lang='lat' dir='ltr'><strong>exercitum</strong></span> <span class='ocrx_word' id='word_1_383' title='bbox 1003 4475 1198 4532; x_wconf 90' lang='lat' dir='ltr'><strong>Christi</strong></span> <span class='ocrx_word' id='word_1_384' title='bbox 1260 4480 1582 4547; x_wconf 86' lang='lat' dir='ltr'><strong>constituit;</strong></span> <span class='ocrx_word' id='word_1_385' title='bbox 1628 4497 1798 4550; x_wconf 87' lang='lat' dir='ltr'><strong>nuper</strong></span> <span class='ocrx_word' id='word_1_386' title='bbox 1840 4484 2094 4554; x_wconf 81' lang='lat' dir='ltr'><strong>quadriga</strong></span> 
     </span>
    </p>
   </div>
   <div class='ocr_carea' id='block_1_38' title="bbox 510 4568 2097 4641">
    <p class='ocr_par' dir='ltr' id='par_1_38' title="bbox 510 4568 2097 4641">
     <span class='ocr_line' id='line_1_39' title="bbox 510 4568 2097 4641; baseline 0.006 -20"><span class='ocrx_word' id='word_1_387' title='bbox 510 4578 803 4638; x_wconf 86' lang='lat' dir='ltr'><strong>martyrum</strong></span> <span class='ocrx_word' id='word_1_388' title='bbox 824 4609 839 4632; x_wconf 96' lang='lat'><strong>,</strong></span> <span class='ocrx_word' id='word_1_389' title='bbox 874 4568 1033 4624; x_wconf 92' lang='lat' dir='ltr'><strong>hodie</strong></span> <span class='ocrx_word' id='word_1_390' title='bbox 1064 4570 1203 4640; x_wconf 88' lang='lat' dir='ltr'><strong>biga.</strong></span> <span class='ocrx_word' id='word_1_391' title='bbox 1246 4569 1421 4640; x_wconf 87' lang='lat' dir='ltr'><strong>Impar</strong></span> <span class='ocrx_word' id='word_1_392' title='bbox 1454 4586 1640 4625; x_wconf 91' lang='lat' dir='ltr'><strong>eorum</strong></span> <span class='ocrx_word' id='word_1_393' title='bbox 1672 4583 1759 4631; x_wconf 76' lang='lat' dir='ltr'><strong>est</strong></span> <span class='ocrx_word' id='word_1_394' title='bbox 1790 4584 1952 4641; x_wconf 66' lang='lat' dir='ltr'><strong>tetas,</strong></span> <span class='ocrx_word' id='word_1_395' title='bbox 2000 4574 2097 4630; x_wconf 90' lang='lat' dir='ltr'><strong>sed</strong></span> 
     </span>
    </p>
   </div>
   <div class='ocr_carea' id='block_1_39' title="bbox 509 4658 2098 4727">
    <p class='ocr_par' dir='ltr' id='par_1_39' title="bbox 509 4658 2098 4727">
     <span class='ocr_line' id='line_1_40' title="bbox 509 4658 2098 4727; baseline 0.006 -17"><span class='ocrx_word' id='word_1_396' title='bbox 509 4672 611 4711; x_wconf 89' lang='lat' dir='ltr'><strong>una</strong></span> <span class='ocrx_word' id='word_1_397' title='bbox 646 4658 776 4714; x_wconf 88' lang='lat' dir='ltr'><strong>fides</strong></span> <span class='ocrx_word' id='word_1_398' title='bbox 800 4675 815 4725; x_wconf 90' lang='lat'><strong>;</strong></span> <span class='ocrx_word' id='word_1_399' title='bbox 842 4660 985 4713; x_wconf 89' lang='lat' dir='ltr'><strong>varia</strong></span> <span class='ocrx_word' id='word_1_400' title='bbox 1017 4661 1332 4727; x_wconf 89' lang='lat' dir='ltr'><strong>certamina,</strong></span> <span class='ocrx_word' id='word_1_401' title='bbox 1362 4661 1453 4715; x_wconf 91' lang='lat' dir='ltr'><strong>sed</strong></span> <span class='ocrx_word' id='word_1_402' title='bbox 1481 4661 1666 4717; x_wconf 86' lang='lat' dir='ltr'><strong>eadem</strong></span> <span class='ocrx_word' id='word_1_403' title='bbox 1695 4662 1950 4719; x_wconf 79' lang='lat' dir='ltr'><strong>fortitudo</strong></span> <span class='ocrx_word' id='word_1_404' title='bbox 1978 4682 1989 4718; x_wconf 91' lang='lat'><strong>:</strong></span> <span class='ocrx_word' id='word_1_405' title='bbox 2021 4665 2098 4719; x_wconf 88' lang='lat' dir='ltr'><strong>illi</strong></span> 
     </span>
    </p>
   </div>
   <div class='ocr_carea' id='block_1_40' title="bbox 511 4752 2101 4822">
    <p class='ocr_par' dir='ltr' id='par_1_40' title="bbox 511 4752 2101 4822">
     <span class='ocr_line' id='line_1_41' title="bbox 511 4752 2101 4822; baseline 0.005 -21"><span class='ocrx_word' id='word_1_406' title='bbox 511 4758 753 4817; x_wconf 88' lang='lat' dir='ltr'><strong>tempore</strong></span> <span class='ocrx_word' id='word_1_407' title='bbox 795 4752 1124 4819; x_wconf 85' lang='lat' dir='ltr'><strong>superiores,</strong></span> <span class='ocrx_word' id='word_1_408' title='bbox 1170 4754 1257 4805; x_wconf 89' lang='lat' dir='ltr'><strong>isti</strong></span> <span class='ocrx_word' id='word_1_409' title='bbox 1303 4753 1648 4808; x_wconf 88' lang='lat' dir='ltr'><strong>recentiores.</strong></span> <span class='ocrx_word' id='word_1_410' title='bbox 1695 4754 1967 4822; x_wconf 82' lang='lat' dir='ltr'><strong>Ejusmodi</strong></span> <span class='ocrx_word' id='word_1_411' title='bbox 2014 4763 2101 4810; x_wconf 91' lang='lat' dir='ltr'><strong>est</strong></span> 
     </span>
    </p>
   </div>
   <div class='ocr_carea' id='block_1_41' title="bbox 514 4840 2098 4915">
    <p class='ocr_par' dir='ltr' id='par_1_41' title="bbox 514 4840 2098 4915">
     <span class='ocr_line' id='line_1_42' title="bbox 514 4840 2098 4915; baseline 0.004 -23"><span class='ocrx_word' id='word_1_412' title='bbox 514 4840 795 4893; x_wconf 88' lang='lat' dir='ltr'><strong>thesaurus</strong></span> <span class='ocrx_word' id='word_1_413' title='bbox 816 4840 1097 4909; x_wconf 69' lang='lat' dir='ltr'><strong>Ecclesiae,</strong></span> <span class='ocrx_word' id='word_1_414' title='bbox 1130 4858 1294 4897; x_wconf 88' lang='lat' dir='ltr'><strong>novas</strong></span> <span class='ocrx_word' id='word_1_415' title='bbox 1329 4851 1383 4898; x_wconf 90' lang='lat' dir='ltr'><strong>et</strong></span> <span class='ocrx_word' id='word_1_416' title='bbox 1411 4853 1621 4898; x_wconf 87' lang='lat' dir='ltr'><strong>veteres</strong></span> <span class='ocrx_word' id='word_1_417' title='bbox 1655 4843 1814 4899; x_wconf 87' lang='lat' dir='ltr'><strong>habet</strong></span> <span class='ocrx_word' id='word_1_418' title='bbox 1835 4846 2098 4915; x_wconf 83' lang='lat' dir='ltr'><strong>margari-</strong></span> 
     </span>
    </p>
   </div>
   <div class='ocr_carea' id='block_1_42' title="bbox 511 4929 2101 5001">
    <p class='ocr_par' dir='ltr' id='par_1_42' title="bbox 511 4929 2101 5001">
     <span class='ocr_line' id='line_1_43' title="bbox 511 4929 2101 5001; baseline 0.006 -20"><span class='ocrx_word' id='word_1_419' title='bbox 511 4936 593 4982; x_wconf 87' lang='lat' dir='ltr'><strong>tas</strong></span> <span class='ocrx_word' id='word_1_420' title='bbox 623 4945 639 4982; x_wconf 90' lang='lat'><strong>:</strong></span> <span class='ocrx_word' id='word_1_421' title='bbox 669 4929 766 4983; x_wconf 89' lang='lat' dir='ltr'><strong>sed</strong></span> <span class='ocrx_word' id='word_1_422' title='bbox 812 4944 912 4984; x_wconf 92' lang='lat' dir='ltr'><strong>una</strong></span> <span class='ocrx_word' id='word_1_423' title='bbox 956 4933 1194 4987; x_wconf 90' lang='lat' dir='ltr'><strong>omnium</strong></span> <span class='ocrx_word' id='word_1_424' title='bbox 1238 4943 1318 4987; x_wconf 84' lang='lat' dir='ltr'><strong>est</strong></span> <span class='ocrx_word' id='word_1_425' title='bbox 1354 4932 1713 5001; x_wconf 87' lang='lat' dir='ltr'><strong>pulchritudo.</strong></span> <span class='ocrx_word' id='word_1_426' title='bbox 1761 4934 1959 4989; x_wconf 85' lang='lat' dir='ltr'><strong>Eorum</strong></span> <span class='ocrx_word' id='word_1_427' title='bbox 2000 4934 2101 4991; x_wconf 85' lang='lat' dir='ltr'><strong>llos</strong></span> 
     </span>
    </p>
   </div>
   <div class='ocr_carea' id='block_1_43' title="bbox 512 5022 2102 5094">
    <p class='ocr_par' dir='ltr' id='par_1_43' title="bbox 512 5022 2102 5094">
     <span class='ocr_line' id='line_1_44' title="bbox 512 5022 2102 5094; baseline 0.005 -21"><span class='ocrx_word' id='word_1_428' title='bbox 512 5034 686 5090; x_wconf 88' lang='lat' dir='ltr'><strong>neque</strong></span> <span class='ocrx_word' id='word_1_429' title='bbox 715 5022 1031 5087; x_wconf 90' lang='lat' dir='ltr'><strong>marcescit,</strong></span> <span class='ocrx_word' id='word_1_430' title='bbox 1064 5038 1238 5093; x_wconf 87' lang='lat' dir='ltr'><strong>neque</strong></span> <span class='ocrx_word' id='word_1_431' title='bbox 1264 5022 1448 5079; x_wconf 83' lang='lat' dir='ltr'><strong>deﬂuit</strong></span> <span class='ocrx_word' id='word_1_432' title='bbox 1476 5033 1751 5094; x_wconf 87' lang='lat' dir='ltr'><strong>tempore;</strong></span> <span class='ocrx_word' id='word_1_433' title='bbox 1795 5027 1966 5081; x_wconf 88' lang='lat' dir='ltr'><strong>nescit</strong></span> <span class='ocrx_word' id='word_1_434' title='bbox 2009 5042 2102 5081; x_wconf 89' lang='lat' dir='ltr'><strong>ve-</strong></span> 
     </span>
    </p>
   </div>
   <div class='ocr_carea' id='block_1_44' title="bbox 513 5109 2103 5185">
    <p class='ocr_par' dir='ltr' id='par_1_44' title="bbox 513 5109 2103 5185">
     <span class='ocr_line' id='line_1_45' title="bbox 513 5109 2103 5185; baseline 0.004 -21"><span class='ocrx_word' id='word_1_435' title='bbox 513 5111 726 5175; x_wconf 72' lang='lat' dir='ltr'><strong>tustatis</strong></span> <span class='ocrx_word' id='word_1_436' title='bbox 751 5109 1047 5179; x_wconf 88' lang='lat' dir='ltr'><strong>rubiginem</strong></span> <span class='ocrx_word' id='word_1_437' title='bbox 1079 5115 1378 5182; x_wconf 91' lang='lat' dir='ltr'><strong>splendoris</strong></span> <span class='ocrx_word' id='word_1_438' title='bbox 1406 5116 1558 5170; x_wconf 90' lang='lat' dir='ltr'><strong>istius</strong></span> <span class='ocrx_word' id='word_1_439' title='bbox 1586 5125 1795 5170; x_wconf 85' lang='lat' dir='ltr'><strong>natura.</strong></span> <span class='ocrx_word' id='word_1_440' title='bbox 1823 5115 2103 5185; x_wconf 86' lang='lat' dir='ltr'><strong>Temporis</strong></span> 
     </span>
    </p>
   </div>
   <div class='ocr_carea' id='block_1_45' title="bbox 512 5202 2104 5277">
    <p class='ocr_par' dir='ltr' id='par_1_45' title="bbox 512 5202 2104 5277">
     <span class='ocr_line' id='line_1_46' title="bbox 512 5202 2104 5277; baseline 0.005 -22"><span class='ocrx_word' id='word_1_441' title='bbox 512 5202 864 5257; x_wconf 88' lang='lat' dir='ltr'><strong>diuturnitate</strong></span> <span class='ocrx_word' id='word_1_442' title='bbox 908 5217 1063 5272; x_wconf 87' lang='lat' dir='ltr'><strong>epes,</strong></span> <span class='ocrx_word' id='word_1_443' title='bbox 1114 5221 1231 5273; x_wconf 71' lang='lat' dir='ltr'><strong>quae</strong></span> <span class='ocrx_word' id='word_1_444' title='bbox 1255 5207 1321 5260; x_wconf 89' lang='lat' dir='ltr'><strong>ad</strong></span> <span class='ocrx_word' id='word_1_445' title='bbox 1361 5222 1586 5276; x_wconf 89' lang='lat' dir='ltr'><strong>corpora</strong></span> <span class='ocrx_word' id='word_1_446' title='bbox 1632 5217 1910 5277; x_wconf 84' lang='lat' dir='ltr'><strong>spectant,</strong></span> <span class='ocrx_word' id='word_1_447' title='bbox 1948 5208 2104 5263; x_wconf 86' lang='lat' dir='ltr'><strong>facile</strong></span> 
     </span>
    </p>
   </div>
   <div class='ocr_carea' id='block_1_46' title="bbox 517 5296 2105 5363">
    <p class='ocr_par' dir='ltr' id='par_1_46' title="bbox 517 5296 2105 5363">
     <span class='ocr_line' id='line_1_47' title="bbox 517 5296 2105 5363; baseline 0.005 -18"><span class='ocrx_word' id='word_1_448' title='bbox 517 5302 785 5349; x_wconf 82' lang='lat' dir='ltr'><strong>intereunt</strong></span> <span class='ocrx_word' id='word_1_449' title='bbox 836 5311 849 5347; x_wconf 91' lang='lat'><strong>:</strong></span> <span class='ocrx_word' id='word_1_450' title='bbox 903 5296 1219 5349; x_wconf 89' lang='lat' dir='ltr'><strong>vestimenta</strong></span> <span class='ocrx_word' id='word_1_451' title='bbox 1271 5298 1413 5351; x_wconf 88' lang='lat' dir='ltr'><strong>enim</strong></span> <span class='ocrx_word' id='word_1_452' title='bbox 1459 5298 1852 5363; x_wconf 86' lang='lat' dir='ltr'><strong>absumuntur,</strong></span> <span class='ocrx_word' id='word_1_453' title='bbox 1913 5298 2105 5353; x_wconf 88' lang='lat' dir='ltr'><strong>domus</strong></span> 
     </span>
    </p>
   </div>
   <div class='ocr_carea' id='block_1_47' title="bbox 513 5382 2101 5457">
    <p class='ocr_par' dir='ltr' id='par_1_47' title="bbox 513 5382 2101 5457">
     <span class='ocr_line' id='line_1_48' title="bbox 513 5382 2101 5457; baseline 0.004 -21"><span class='ocrx_word' id='word_1_454' title='bbox 513 5382 878 5453; x_wconf 86' lang='lat' dir='ltr'><strong>destruuntur,</strong></span> <span class='ocrx_word' id='word_1_455' title='bbox 918 5395 974 5441; x_wconf 89' lang='lat' dir='ltr'><strong>et</strong></span> <span class='ocrx_word' id='word_1_456' title='bbox 1036 5401 1221 5439; x_wconf 88' lang='lat' dir='ltr'><strong>aurum</strong></span> <span class='ocrx_word' id='word_1_457' title='bbox 1263 5388 1503 5457; x_wconf 80' lang='lat' dir='ltr'><strong>rubigine</strong></span> <span class='ocrx_word' id='word_1_458' title='bbox 1543 5391 1913 5454; x_wconf 88' lang='lat' dir='ltr'><strong>consumitur;</strong></span> <span class='ocrx_word' id='word_1_459' title='bbox 1957 5398 2011 5443; x_wconf 89' lang='lat' dir='ltr'><strong>et</strong></span> <span class='ocrx_word' id='word_1_460' title='bbox 2050 5389 2101 5443; x_wconf 91' lang='lat' dir='ltr'><strong>iu</strong></span> 
     </span>
    </p>
   </div>
   <div class='ocr_carea' id='block_1_48' title="bbox 515 5478 2106 5540">
    <p class='ocr_par' dir='ltr' id='par_1_48' title="bbox 515 5478 2106 5540">
     <span class='ocr_line' id='line_1_49' title="bbox 515 5478 2106 5540; baseline 0.006 -17"><span class='ocrx_word' id='word_1_461' title='bbox 515 5486 719 5527; x_wconf 77' lang='lat' dir='ltr'><strong>summa</strong></span> <span class='ocrx_word' id='word_1_462' title='bbox 743 5515 758 5540; x_wconf 92' lang='lat'><strong>,</strong></span> <span class='ocrx_word' id='word_1_463' title='bbox 788 5478 1027 5531; x_wconf 91' lang='lat' dir='ltr'><strong>onmium</strong></span> <span class='ocrx_word' id='word_1_464' title='bbox 1055 5478 1384 5531; x_wconf 87' lang='lat' dir='ltr'><strong>sensibilium</strong></span> <span class='ocrx_word' id='word_1_465' title='bbox 1414 5479 1723 5533; x_wconf 79' lang='lat' dir='ltr'><strong>facultatum</strong></span> <span class='ocrx_word' id='word_1_466' title='bbox 1755 5490 1940 5532; x_wconf 88' lang='lat' dir='ltr'><strong>natura</strong></span> <span class='ocrx_word' id='word_1_467' title='bbox 1972 5490 2106 5533; x_wconf 79' lang='lat' dir='ltr'><strong>tem-</strong></span> 
     </span>
    </p>
   </div>
   <div class='ocr_carea' id='block_1_49' title="bbox 518 5564 2104 5626">
    <p class='ocr_par' dir='ltr' id='par_1_49' title="bbox 518 5564 2104 5626">
     <span class='ocr_line' id='line_1_50' title="bbox 518 5564 2104 5626; baseline 0.008 -13"><span class='ocrx_word' id='word_1_468' title='bbox 518 5576 648 5623; x_wconf 84' lang='lat' dir='ltr'><strong>pore</strong></span> <span class='ocrx_word' id='word_1_469' title='bbox 684 5564 897 5620; x_wconf 86' lang='lat' dir='ltr'><strong>tandem</strong></span> <span class='ocrx_word' id='word_1_470' title='bbox 924 5567 1169 5622; x_wconf 88' lang='lat' dir='ltr'><strong>aboletur</strong></span> <span class='ocrx_word' id='word_1_471' title='bbox 1196 5577 1250 5623; x_wconf 92' lang='lat' dir='ltr'><strong>et</strong></span> <span class='ocrx_word' id='word_1_472' title='bbox 1270 5569 1563 5625; x_wconf 89' lang='lat' dir='ltr'><strong>intercidit.</strong></span> <span class='ocrx_word' id='word_1_473' title='bbox 1591 5572 1662 5623; x_wconf 83' lang='lat' dir='ltr'><strong>At</strong></span> <span class='ocrx_word' id='word_1_474' title='bbox 1692 5585 1795 5622; x_wconf 91' lang='lat' dir='ltr'><strong>non</strong></span> <span class='ocrx_word' id='word_1_475' title='bbox 1825 5569 1902 5624; x_wconf 89' lang='lat' dir='ltr'><strong>sic</strong></span> <span class='ocrx_word' id='word_1_476' title='bbox 1931 5584 1991 5624; x_wconf 91' lang='lat' dir='ltr'><strong>se</strong></span> <span class='ocrx_word' id='word_1_477' title='bbox 2016 5585 2104 5626; x_wconf 90' lang='lat' dir='ltr'><strong>res</strong></span> 
     </span>
    </p>
   </div>
   <div class='ocr_carea' id='block_1_50' title="bbox 583 5692 2104 5761">
    <p class='ocr_par' dir='ltr' id='par_1_50' title="bbox 583 5692 2104 5761">
     <span class='ocr_line' id='line_1_51' title="bbox 583 5692 2104 5761; baseline 0.001 -10"><span class='ocrx_word' id='word_1_478' title='bbox 583 5692 887 5761; x_wconf 47' lang='grc' dir='ltr'><strong>(θηλῇ-Μιιο</strong></span> <span class='ocrx_word' id='word_1_479' title='bbox 908 5694 1148 5745; x_wconf 87' lang='lat' dir='ltr'><strong>homiliam</strong></span> <span class='ocrx_word' id='word_1_480' title='bbox 1173 5700 1376 5750; x_wconf 83' lang='lat' dir='ltr'><strong>vidimus</strong></span> <span class='ocrx_word' id='word_1_481' title='bbox 1391 5701 1532 5750; x_wconf 78' lang='lat' dir='ltr'><strong>Codd.</strong></span> <span class='ocrx_word' id='word_1_482' title='bbox 1555 5699 1761 5761; x_wconf 86' lang='lat' dir='ltr'><strong>unicum,</strong></span> <span class='ocrx_word' id='word_1_483' title='bbox 1782 5703 1978 5761; x_wconf 72' lang='lat' dir='ltr'><strong>Regium</strong></span> <span class='ocrx_word' id='word_1_484' title='bbox 2011 5716 2104 5753; x_wconf 74' lang='lat' dir='ltr'><strong>set-</strong></span> 
     </span>
    </p>
   </div>
   <div class='ocr_carea' id='block_1_51' title="bbox 526 5749 1925 5821">
    <p class='ocr_par' dir='ltr' id='par_1_51' title="bbox 526 5749 1925 5821">
     <span class='ocr_line' id='line_1_52' title="bbox 526 5749 1925 5821; baseline 0.011 -26"><span class='ocrx_word' id='word_1_485' title='bbox 526 5749 777 5798; x_wconf 65' lang='grc' dir='ltr'><strong>ὶιωιὲὂιὸ</strong></span> <span class='ocrx_word' id='word_1_486' title='bbox 804 5765 816 5797; x_wconf 88' lang='lat'>:</span> <span class='ocrx_word' id='word_1_487' title='bbox 843 5767 950 5802; x_wconf 87' lang='lat' dir='ltr'><strong>nam</strong></span> <span class='ocrx_word' id='word_1_488' title='bbox 975 5760 1153 5813; x_wconf 79' lang='lat' dir='ltr'><strong>pert-ari</strong></span> <span class='ocrx_word' id='word_1_489' title='bbox 1178 5769 1290 5811; x_wconf 86' lang='lat' dir='ltr'><strong>sunt</strong></span> <span class='ocrx_word' id='word_1_490' title='bbox 1311 5749 1688 5821; x_wconf 70' lang='lat' dir='ltr'><strong>huiushomilite</strong></span> <span class='ocrx_word' id='word_1_491' title='bbox 1709 5749 1925 5812; x_wconf 48' lang='lat' dir='ltr'><strong>codici-5.</strong></span> 
     </span>
    </p>
   </div>
   <div class='ocr_carea' id='block_1_52' title="bbox 2202 4383 3762 4458">
    <p class='ocr_par' dir='ltr' id='par_1_52' title="bbox 2202 4383 3762 4458">
     <span class='ocr_line' id='line_1_53' title="bbox 2202 4383 3762 4458; baseline -0.008 -15"><span class='ocrx_word' id='word_1_492' title='bbox 2202 4404 2360 4458; x_wconf 88' lang='lat' dir='ltr'><strong>quam</strong></span> <span class='ocrx_word' id='word_1_493' title='bbox 2385 4429 2400 4455; x_wconf 93' lang='lat'><strong>,</strong></span> <span class='ocrx_word' id='word_1_494' title='bbox 2445 4388 2533 4457; x_wconf 91' lang='lat' dir='ltr'><strong>qui</strong></span> <span class='ocrx_word' id='word_1_495' title='bbox 2559 4400 2773 4455; x_wconf 86' lang='lat' dir='ltr'><strong>semper</strong></span> <span class='ocrx_word' id='word_1_496' title='bbox 2796 4386 2846 4439; x_wconf 91' lang='lat' dir='ltr'><strong>in</strong></span> <span class='ocrx_word' id='word_1_497' title='bbox 2875 4384 3062 4439; x_wconf 88' lang='lat' dir='ltr'><strong>eodem</strong></span> <span class='ocrx_word' id='word_1_498' title='bbox 3101 4391 3319 4438; x_wconf 89' lang='lat' dir='ltr'><strong>manent</strong></span> <span class='ocrx_word' id='word_1_499' title='bbox 3337 4383 3552 4453; x_wconf 86' lang='lat' dir='ltr'><strong>vigore,</strong></span> <span class='ocrx_word' id='word_1_500' title='bbox 3580 4393 3762 4447; x_wconf 61' lang='grc' dir='ltr'><strong>εδιτιον-ι</strong></span> 
     </span>
    </p>
   </div>
   <div class='ocr_carea' id='block_1_53' title="bbox 2204 4468 3768 4549">
    <p class='ocr_par' dir='ltr' id='par_1_53' title="bbox 2204 4468 3768 4549">
     <span class='ocr_line' id='line_1_54' title="bbox 2204 4468 3768 4549; baseline -0.012 -13"><span class='ocrx_word' id='word_1_501' title='bbox 2204 4482 2258 4536; x_wconf 90' lang='lat' dir='ltr'><strong>in</strong></span> <span class='ocrx_word' id='word_1_502' title='bbox 2287 4480 2474 4534; x_wconf 85' lang='lat' dir='ltr'><strong>eodem</strong></span> <span class='ocrx_word' id='word_1_503' title='bbox 2502 4476 2798 4549; x_wconf 83' lang='lat' dir='ltr'><strong>juventutis</strong></span> <span class='ocrx_word' id='word_1_504' title='bbox 2827 4476 2960 4531; x_wconf 80' lang='lat' dir='ltr'><strong>ﬂore</strong></span> <span class='ocrx_word' id='word_1_505' title='bbox 2988 4484 3113 4529; x_wconf 89' lang='lat' dir='ltr'><strong>sunt</strong></span> <span class='ocrx_word' id='word_1_506' title='bbox 3139 4517 3156 4540; x_wconf 91' lang='lat'><strong>,</strong></span> <span class='ocrx_word' id='word_1_507' title='bbox 3202 4490 3417 4544; x_wconf 88' lang='lat' dir='ltr'><strong>semper</strong></span> <span class='ocrx_word' id='word_1_508' title='bbox 3458 4489 3569 4528; x_wconf 66' lang='lat' dir='ltr'><strong>suae</strong></span> <span class='ocrx_word' id='word_1_509' title='bbox 3609 4468 3768 4540; x_wconf 63' lang='lat' dir='ltr'><strong>gloria</strong></span> 
     </span>
    </p>
   </div>
   <div class='ocr_carea' id='block_1_54' title="bbox 2206 4566 3769 4642">
    <p class='ocr_par' dir='ltr' id='par_1_54' title="bbox 2206 4566 3769 4642">
     <span class='ocr_line' id='line_1_55' title="bbox 2206 4566 3769 4642; baseline -0.009 -15"><span class='ocrx_word' id='word_1_510' title='bbox 2206 4574 2459 4642; x_wconf 84' lang='lat' dir='ltr'><strong>fulgorem</strong></span> <span class='ocrx_word' id='word_1_511' title='bbox 2503 4570 2753 4625; x_wconf 91' lang='lat' dir='ltr'><strong>emittunt</strong></span> <span class='ocrx_word' id='word_1_512' title='bbox 2796 4577 2850 4624; x_wconf 91' lang='lat' dir='ltr'><strong>et</strong></span> <span class='ocrx_word' id='word_1_513' title='bbox 2889 4568 3087 4623; x_wconf 87' lang='lat' dir='ltr'><strong>radios.</strong></span> <span class='ocrx_word' id='word_1_514' title='bbox 3136 4566 3286 4635; x_wconf 87' lang='lat' dir='ltr'><strong>Quod</strong></span> <span class='ocrx_word' id='word_1_515' title='bbox 3310 4567 3541 4621; x_wconf 89' lang='lat' dir='ltr'><strong>scientes</strong></span> <span class='ocrx_word' id='word_1_516' title='bbox 3565 4578 3654 4619; x_wconf 86' lang='lat' dir='ltr'><strong>vos</strong></span> <span class='ocrx_word' id='word_1_517' title='bbox 3678 4574 3769 4614; x_wconf 75' lang='lat' dir='ltr'><strong>non</strong></span> 
     </span>
    </p>
   </div>
   <div class='ocr_carea' id='block_1_55' title="bbox 2204 4647 3770 4733">
    <p class='ocr_par' dir='ltr' id='par_1_55' title="bbox 2204 4647 3770 4733">
     <span class='ocr_line' id='line_1_56' title="bbox 2204 4647 3770 4733; baseline -0.011 -14"><span class='ocrx_word' id='word_1_518' title='bbox 2204 4666 2360 4719; x_wconf 89' lang='lat' dir='ltr'><strong>aliter</strong></span> <span class='ocrx_word' id='word_1_519' title='bbox 2391 4664 2623 4733; x_wconf 87' lang='lat' dir='ltr'><strong>priscos,</strong></span> <span class='ocrx_word' id='word_1_520' title='bbox 2664 4661 2819 4715; x_wconf 82' lang='lat' dir='ltr'><strong>aliter</strong></span> <span class='ocrx_word' id='word_1_521' title='bbox 2846 4659 3169 4715; x_wconf 81' lang='lat' dir='ltr'><strong>recentiores</strong></span> <span class='ocrx_word' id='word_1_522' title='bbox 3206 4659 3384 4713; x_wconf 91' lang='lat' dir='ltr'><strong>colitis</strong></span> <span class='ocrx_word' id='word_1_523' title='bbox 3423 4665 3661 4715; x_wconf 74' lang='lat' dir='ltr'><strong>sanctos,</strong></span> <span class='ocrx_word' id='word_1_524' title='bbox 3690 4647 3770 4703; x_wconf 70' lang='lat' dir='ltr'><strong>sed</strong></span> 
     </span>
    </p>
   </div>
   <div class='ocr_carea' id='block_1_56' title="bbox 2205 4747 3768 4817">
    <p class='ocr_par' dir='ltr' id='par_1_56' title="bbox 2205 4747 3768 4817">
     <span class='ocr_line' id='line_1_57' title="bbox 2205 4747 3768 4817; baseline -0.013 -6"><span class='ocrx_word' id='word_1_525' title='bbox 2205 4754 2391 4811; x_wconf 88' lang='lat' dir='ltr'><strong>eadem</strong></span> <span class='ocrx_word' id='word_1_526' title='bbox 2422 4752 2724 4817; x_wconf 83' lang='lat' dir='ltr'><strong>alacritate,</strong></span> <span class='ocrx_word' id='word_1_527' title='bbox 2754 4750 2941 4806; x_wconf 86' lang='lat' dir='ltr'><strong>eodem</strong></span> <span class='ocrx_word' id='word_1_528' title='bbox 2973 4765 3155 4803; x_wconf 86' lang='lat' dir='ltr'><strong>amore</strong></span> <span class='ocrx_word' id='word_1_529' title='bbox 3179 4790 3193 4814; x_wconf 92' lang='lat'><strong>,</strong></span> <span class='ocrx_word' id='word_1_530' title='bbox 3237 4749 3428 4804; x_wconf 88' lang='lat' dir='ltr'><strong>eodem</strong></span> <span class='ocrx_word' id='word_1_531' title='bbox 3468 4747 3655 4801; x_wconf 78' lang='lat' dir='ltr'><strong>affectu</strong></span> <span class='ocrx_word' id='word_1_532' title='bbox 3689 4754 3768 4792; x_wconf 83' lang='lat' dir='ltr'><strong>ce-</strong></span> 
     </span>
    </p>
   </div>
   <div class='ocr_carea' id='block_1_57' title="bbox 2206 4835 3766 4907">
    <p class='ocr_par' dir='ltr' id='par_1_57' title="bbox 2206 4835 3766 4907">
     <span class='ocr_line' id='line_1_58' title="bbox 2206 4835 3766 4907; baseline -0.011 -8"><span class='ocrx_word' id='word_1_533' title='bbox 2206 4846 2312 4899; x_wconf 89' lang='lat' dir='ltr'><strong>litis</strong></span> <span class='ocrx_word' id='word_1_534' title='bbox 2330 4859 2520 4899; x_wconf 73' lang='lat' dir='ltr'><strong>omnes</strong></span> <span class='ocrx_word' id='word_1_535' title='bbox 2540 4852 2593 4898; x_wconf 89' lang='lat' dir='ltr'><strong>et</strong></span> <span class='ocrx_word' id='word_1_536' title='bbox 2616 4841 3021 4897; x_wconf 89' lang='lat' dir='ltr'><strong>commendatis.</strong></span> <span class='ocrx_word' id='word_1_537' title='bbox 3043 4840 3158 4894; x_wconf 84' lang='lat' dir='ltr'><strong>Non</strong></span> <span class='ocrx_word' id='word_1_538' title='bbox 3181 4839 3321 4894; x_wconf 90' lang='lat' dir='ltr'><strong>enim</strong></span> <span class='ocrx_word' id='word_1_539' title='bbox 3344 4835 3627 4907; x_wconf 79' lang='lat' dir='ltr'><strong>exploratis</strong></span> <span class='ocrx_word' id='word_1_540' title='bbox 3649 4842 3766 4885; x_wconf 81' lang='lat' dir='ltr'><strong>tem-</strong></span> 
     </span>
    </p>
   </div>
   <div class='ocr_carea' id='block_1_58' title="bbox 2207 4929 3765 5006">
    <p class='ocr_par' dir='ltr' id='par_1_58' title="bbox 2207 4929 3765 5006">
     <span class='ocr_line' id='line_1_59' title="bbox 2207 4929 3765 5006; baseline -0.004 -16"><span class='ocrx_word' id='word_1_541' title='bbox 2207 4952 2344 5006; x_wconf 89' lang='lat' dir='ltr'><strong>pus,</strong></span> <span class='ocrx_word' id='word_1_542' title='bbox 2386 4934 2481 4989; x_wconf 89' lang='lat' dir='ltr'><strong>sed</strong></span> <span class='ocrx_word' id='word_1_543' title='bbox 2529 4935 2805 5005; x_wconf 80' lang='lat' dir='ltr'><strong>exquiritis</strong></span> <span class='ocrx_word' id='word_1_544' title='bbox 2848 4931 3011 4986; x_wconf 88' lang='lat' dir='ltr'><strong>animi</strong></span> <span class='ocrx_word' id='word_1_545' title='bbox 3067 4931 3450 4994; x_wconf 88' lang='lat' dir='ltr'><strong>fortitudinem,</strong></span> <span class='ocrx_word' id='word_1_546' title='bbox 3497 4929 3765 4998; x_wconf 62' lang='lat' dir='ltr'><strong>pietatem.</strong></span> 
     </span>
    </p>
   </div>
   <div class='ocr_carea' id='block_1_59' title="bbox 2209 5021 3769 5094">
    <p class='ocr_par' dir='ltr' id='par_1_59' title="bbox 2209 5021 3769 5094">
     <span class='ocr_line' id='line_1_60' title="bbox 2209 5021 3769 5094; baseline -0.008 -11"><span class='ocrx_word' id='word_1_547' title='bbox 2209 5030 2365 5085; x_wconf 85' lang='lat' dir='ltr'><strong>fidem</strong></span> <span class='ocrx_word' id='word_1_548' title='bbox 2392 5030 2639 5083; x_wconf 89' lang='lat' dir='ltr'><strong>invictam</strong></span> <span class='ocrx_word' id='word_1_549' title='bbox 2664 5070 2679 5094; x_wconf 94' lang='lat'><strong>,</strong></span> <span class='ocrx_word' id='word_1_550' title='bbox 2711 5028 2879 5082; x_wconf 86' lang='lat' dir='ltr'><strong>zelum</strong></span> <span class='ocrx_word' id='word_1_551' title='bbox 2908 5025 3183 5080; x_wconf 89' lang='lat' dir='ltr'><strong>incitatum</strong></span> <span class='ocrx_word' id='word_1_552' title='bbox 3212 5038 3273 5077; x_wconf 86' lang='lat' dir='ltr'><strong>ac</strong></span> <span class='ocrx_word' id='word_1_553' title='bbox 3303 5021 3562 5078; x_wconf 84' lang='lat' dir='ltr'><strong>fervidum</strong></span> <span class='ocrx_word' id='word_1_554' title='bbox 3580 5060 3594 5085; x_wconf 89' lang='lat'><strong>,</strong></span> <span class='ocrx_word' id='word_1_555' title='bbox 3616 5024 3666 5071; x_wconf 83' lang='lat' dir='ltr'><strong>et</strong></span> <span class='ocrx_word' id='word_1_556' title='bbox 3691 5025 3769 5067; x_wconf 70' lang='lat' dir='ltr'><strong>ea!</strong></span> 
     </span>
    </p>
   </div>
   <div class='ocr_carea' id='block_1_60' title="bbox 2209 5105 3767 5188">
    <p class='ocr_par' dir='ltr' id='par_1_60' title="bbox 2209 5105 3767 5188">
     <span class='ocr_line' id='line_1_61' title="bbox 2209 5105 3767 5188; baseline -0.008 -15"><span class='ocrx_word' id='word_1_557' title='bbox 2209 5120 2435 5174; x_wconf 87' lang='lat' dir='ltr'><strong>virtutes</strong></span> <span class='ocrx_word' id='word_1_558' title='bbox 2454 5160 2469 5185; x_wconf 92' lang='lat'><strong>,</strong></span> <span class='ocrx_word' id='word_1_559' title='bbox 2494 5133 2626 5188; x_wconf 88' lang='lat' dir='ltr'><strong>quas</strong></span> <span class='ocrx_word' id='word_1_560' title='bbox 2659 5132 2769 5187; x_wconf 73' lang='lat' dir='ltr'><strong>pra:</strong></span> <span class='ocrx_word' id='word_1_561' title='bbox 2795 5132 2854 5170; x_wconf 91' lang='lat' dir='ltr'><strong>se</strong></span> <span class='ocrx_word' id='word_1_562' title='bbox 2884 5115 3062 5170; x_wconf 82' lang='lat' dir='ltr'><strong>ferunt</strong></span> <span class='ocrx_word' id='word_1_563' title='bbox 3105 5113 3309 5179; x_wconf 88' lang='lat' dir='ltr'><strong>sancti,</strong></span> <span class='ocrx_word' id='word_1_564' title='bbox 3356 5111 3419 5167; x_wconf 88' lang='lat' dir='ltr'><strong>ad</strong></span> <span class='ocrx_word' id='word_1_565' title='bbox 3443 5123 3659 5182; x_wconf 88' lang='lat' dir='ltr'><strong>quorum</strong></span> <span class='ocrx_word' id='word_1_566' title='bbox 3683 5105 3767 5157; x_wconf 71' lang='grc'><strong>110-</strong></span> 
     </span>
    </p>
   </div>
   <div class='ocr_carea' id='block_1_61' title="bbox 2210 5190 3767 5263">
    <p class='ocr_par' dir='ltr' id='par_1_61' title="bbox 2210 5190 3767 5263">
     <span class='ocr_line' id='line_1_62' title="bbox 2210 5190 3767 5263; baseline -0.01 0"><span class='ocrx_word' id='word_1_567' title='bbox 2210 5224 2394 5263; x_wconf 79' lang='lat' dir='ltr'><strong>norem</strong></span> <span class='ocrx_word' id='word_1_568' title='bbox 2421 5208 2578 5263; x_wconf 91' lang='lat' dir='ltr'><strong>hodie</strong></span> <span class='ocrx_word' id='word_1_569' title='bbox 2604 5207 2972 5262; x_wconf 88' lang='lat' dir='ltr'><strong>convenimus.</strong></span> <span class='ocrx_word' id='word_1_570' title='bbox 3013 5204 3077 5258; x_wconf 88' lang='lat' dir='ltr'><strong>Hi</strong></span> <span class='ocrx_word' id='word_1_571' title='bbox 3108 5205 3251 5258; x_wconf 90' lang='lat' dir='ltr'><strong>enim</strong></span> <span class='ocrx_word' id='word_1_572' title='bbox 3280 5211 3427 5256; x_wconf 88' lang='lat' dir='ltr'><strong>tanto</strong></span> <span class='ocrx_word' id='word_1_573' title='bbox 3478 5212 3653 5256; x_wconf 87' lang='lat' dir='ltr'><strong>amore</strong></span> <span class='ocrx_word' id='word_1_574' title='bbox 3686 5190 3767 5247; x_wconf 79' lang='lat' dir='ltr'><strong>Dei</strong></span> 
     </span>
    </p>
   </div>
   <div class='ocr_carea' id='block_1_62' title="bbox 2210 5294 3810 5367">
    <p class='ocr_par' dir='ltr' id='par_1_62' title="bbox 2210 5294 3810 5367">
     <span class='ocr_line' id='line_1_63' title="bbox 2210 5294 3810 5367; baseline -0.009 -14"><span class='ocrx_word' id='word_1_575' title='bbox 2210 5299 2501 5367; x_wconf 79' lang='lat' dir='ltr'><strong>ﬂagrabant</strong></span> <span class='ocrx_word' id='word_1_576' title='bbox 2529 5339 2544 5364; x_wconf 96' lang='lat'><strong>,</strong></span> <span class='ocrx_word' id='word_1_577' title='bbox 2598 5308 2657 5352; x_wconf 92' lang='lat' dir='ltr'><strong>ut</strong></span> <span class='ocrx_word' id='word_1_578' title='bbox 2702 5298 2861 5351; x_wconf 84' lang='lat' dir='ltr'><strong>etiam</strong></span> <span class='ocrx_word' id='word_1_579' title='bbox 2907 5304 3057 5349; x_wconf 85' lang='lat' dir='ltr'><strong>extra</strong></span> <span class='ocrx_word' id='word_1_580' title='bbox 3110 5294 3533 5362; x_wconf 81' lang='lat' dir='ltr'><strong>persequutionis</strong></span> <span class='ocrx_word' id='word_1_581' title='bbox 3583 5295 3766 5353; x_wconf 75' lang='lat' dir='ltr'><strong>tempus</strong></span> <span class='ocrx_word' id='word_1_582' title='bbox 3805 5330 3810 5335; x_wconf 96' lang='lat'><strong>.</strong></span> 
     </span>
    </p>
   </div>
   <div class='ocr_carea' id='block_1_63' title="bbox 2210 5384 3766 5462">
    <p class='ocr_par' dir='ltr' id='par_1_63' title="bbox 2210 5384 3766 5462">
     <span class='ocr_line' id='line_1_64' title="bbox 2210 5384 3766 5462; baseline -0.013 -16"><span class='ocrx_word' id='word_1_583' title='bbox 2210 5392 2448 5462; x_wconf 82' lang='lat' dir='ltr'><strong>martyrii</strong></span> <span class='ocrx_word' id='word_1_584' title='bbox 2480 5404 2676 5444; x_wconf 83' lang='lat' dir='ltr'><strong>corona</strong></span> <span class='ocrx_word' id='word_1_585' title='bbox 2707 5388 2938 5444; x_wconf 88' lang='lat' dir='ltr'><strong>redimiti</strong></span> <span class='ocrx_word' id='word_1_586' title='bbox 2985 5386 3213 5450; x_wconf 90' lang='lat' dir='ltr'><strong>fuerint,</strong></span> <span class='ocrx_word' id='word_1_587' title='bbox 3262 5384 3464 5454; x_wconf 89' lang='lat' dir='ltr'><strong>absque</strong></span> <span class='ocrx_word' id='word_1_588' title='bbox 3489 5394 3651 5453; x_wconf 77' lang='lat' dir='ltr'><strong>pugna</strong></span> <span class='ocrx_word' id='word_1_589' title='bbox 3674 5385 3766 5428; x_wconf 91' lang='lat' dir='ltr'><strong>tro-</strong></span> 
     </span>
    </p>
   </div>
   <div class='ocr_carea' id='block_1_64' title="bbox 2212 5466 3763 5549">
    <p class='ocr_par' dir='ltr' id='par_1_64' title="bbox 2212 5466 3763 5549">
     <span class='ocr_line' id='line_1_65' title="bbox 2212 5466 3763 5549; baseline -0.013 -15"><span class='ocrx_word' id='word_1_590' title='bbox 2212 5497 2382 5549; x_wconf 77' lang='lat' dir='ltr'><strong>pzeum</strong></span> <span class='ocrx_word' id='word_1_591' title='bbox 2405 5480 2672 5535; x_wconf 79' lang='lat' dir='ltr'><strong>crexerint</strong></span> <span class='ocrx_word' id='word_1_592' title='bbox 2701 5520 2717 5544; x_wconf 91' lang='lat'><strong>,</strong></span> <span class='ocrx_word' id='word_1_593' title='bbox 2764 5478 2963 5547; x_wconf 82' lang='lat' dir='ltr'><strong>absque</strong></span> <span class='ocrx_word' id='word_1_594' title='bbox 2991 5476 3173 5546; x_wconf 68' lang='lat' dir='ltr'><strong>pnelio</strong></span> <span class='ocrx_word' id='word_1_595' title='bbox 3201 5474 3415 5527; x_wconf 86' lang='lat' dir='ltr'><strong>victoria</strong></span> <span class='ocrx_word' id='word_1_596' title='bbox 3454 5470 3599 5543; x_wconf 89' lang='lat' dir='ltr'><strong>potiti</strong></span> <span class='ocrx_word' id='word_1_597' title='bbox 3642 5466 3763 5523; x_wconf 86' lang='lat' dir='ltr'><strong>sint,</strong></span> 
     </span>
    </p>
   </div>
   <div class='ocr_carea' id='block_1_65' title="bbox 2213 5552 3764 5643">
    <p class='ocr_par' dir='ltr' id='par_1_65' title="bbox 2213 5552 3764 5643">
     <span class='ocr_line' id='line_1_66' title="bbox 2213 5552 3764 5643; baseline -0.012 -18"><span class='ocrx_word' id='word_1_598' title='bbox 2213 5573 2413 5641; x_wconf 87' lang='lat' dir='ltr'><strong>absque</strong></span> <span class='ocrx_word' id='word_1_599' title='bbox 2453 5571 2746 5625; x_wconf 87' lang='lat' dir='ltr'><strong>certamine</strong></span> <span class='ocrx_word' id='word_1_600' title='bbox 2791 5568 3041 5643; x_wconf 80' lang='lat' dir='ltr'><strong>braviutn</strong></span> <span class='ocrx_word' id='word_1_601' title='bbox 3080 5565 3371 5635; x_wconf 87' lang='lat' dir='ltr'><strong>rapuerint.</strong></span> <span class='ocrx_word' id='word_1_602' title='bbox 3419 5563 3488 5617; x_wconf 86' lang='lat' dir='ltr'><strong>Et</strong></span> <span class='ocrx_word' id='word_1_603' title='bbox 3526 5552 3764 5632; x_wconf 85' lang='lat' dir='ltr'><strong>quomodo</strong></span> 
     </span>
    </p>
   </div>
   <div class='ocr_carea' id='block_1_66' title="bbox 2212 5651 3757 5732">
    <p class='ocr_par' dir='ltr' id='par_1_66' title="bbox 2212 5651 3757 5732">
     <span class='ocr_line' id='line_1_67' title="bbox 2212 5651 3757 5732; baseline -0.01 -16"><span class='ocrx_word' id='word_1_604' title='bbox 2212 5663 2311 5715; x_wconf 90' lang='lat' dir='ltr'><strong>hoc</strong></span> <span class='ocrx_word' id='word_1_605' title='bbox 2336 5703 2350 5718; x_wconf 88' lang='lat'><strong>.</strong></span> <span class='ocrx_word' id='word_1_606' title='bbox 2397 5677 2497 5732; x_wconf 83' lang='lat' dir='ltr'><strong>ego</strong></span> <span class='ocrx_word' id='word_1_607' title='bbox 2522 5662 2695 5717; x_wconf 89' lang='lat' dir='ltr'><strong>dicam</strong></span> <span class='ocrx_word' id='word_1_608' title='bbox 2726 5679 2741 5716; x_wconf 89' lang='lat'><strong>:</strong></span> <span class='ocrx_word' id='word_1_609' title='bbox 2772 5659 2865 5714; x_wconf 81' lang='lat' dir='ltr'><strong>sed</strong></span> <span class='ocrx_word' id='word_1_610' title='bbox 2910 5652 3049 5713; x_wconf 59' lang='lat' dir='ltr'><strong>ferte~</strong></span> <span class='ocrx_word' id='word_1_611' title='bbox 3082 5671 3166 5711; x_wconf 91' lang='lat' dir='ltr'><strong>me</strong></span> <span class='ocrx_word' id='word_1_612' title='bbox 3203 5671 3314 5710; x_wconf 82' lang='lat' dir='ltr'><strong>rem</strong></span> <span class='ocrx_word' id='word_1_613' title='bbox 3341 5655 3499 5724; x_wconf 88' lang='lat' dir='ltr'><strong>paulo</strong></span> <span class='ocrx_word' id='word_1_614' title='bbox 3517 5651 3661 5707; x_wconf 85' lang='lat' dir='ltr'><strong>altius</strong></span> <span class='ocrx_word' id='word_1_615' title='bbox 3684 5655 3757 5695; x_wconf 68' lang='grc' dir='ltr'><strong>ια’</strong></span> 
     </span>
    </p>
   </div>
   <div class='ocr_carea' id='block_1_67' title="bbox 2210 5765 2411 5821">
    <p class='ocr_par' dir='ltr' id='par_1_67' title="bbox 2210 5765 2411 5821">
     <span class='ocr_line' id='line_1_68' title="bbox 2210 5765 2411 5821; baseline 0 -14"><span class='ocrx_word' id='word_1_616' title='bbox 2210 5765 2411 5821; x_wconf 83' lang='lat' dir='ltr'><strong>petere.</strong></span> 
     </span>
    </p>
   </div>
  </div>
