4032 6446
123 402 217 459 δτι

122 514 303 585 τῦφον,
340 512 439 565 καὶ
471 508 817 579 κατεπάτησε
850 507 946 561 τοῦ
993 507 1108 578 βίου
1141 508 1241 579 τὴν
1285 510 1609 576 φαντασίαν,
1640 510 1802 564 ἐπαί-

123 604 268 655 δευσε
298 599 431 662 τοὺς
459 597 695 667 βασιλεῖς
728 598 804 668 μή
839 598 985 668 πέρα
1021 596 1115 649 τοῦ
1145 596 1392 660 δοθέντος
1424 598 1610 660 αὐτοῖς
1643 598 1795 668 παρά

122 691 208 744 τοῦ
256 688 395 742 Θεοῦ
451 687 649 758 μέτρου
690 688 789 758 τὴν
836 686 1083 753 ἐξουσίαν
1125 686 1389 757 προάγειν
1417 703 1431 717 ο
1467 684 1639 749 ἔδειξε
1679 690 1793 749 τοῖς

128 776 440 847 ἱερωμένοις
464 775 580 836 πῶς
611 771 819 844 ταύτης
845 773 1209 843 προΐστασθαι
1238 774 1337 842 τῆς
1367 772 1542 843 ἀρχῆς
1558 773 1655 825 δεῖ.
1686 773 1795 825 Καὶ

124 864 284 917 ταῦτα
337 862 439 931 μὲν
497 860 833 914 καὶτούτων
871 859 1093 913 πλείονα
1144 859 1308 929 ήνίκα
1355 854 1424 927 ἦν
1478 862 1535 912 ἑν
1585 859 1786 929 σαρκί·

127 952 299 1021 ἐπειδὴ
328 951 386 1003 δὲ
417 949 650 1019 μετέστη
682 950 775 1001 καὶ
802 948 1146 1018 ἀπεδήμησε,
1180 948 1444 1000 κατέλυσε
1478 947 1571 1000 τοῦ
1600 948 1791 1017 δαίμο-

127 1056 207 1101 νος
251 1038 351 1108 τὴν
405 1038 583 1106 ἰσχὺν,
642 1035 892 1107 διήλεγξε
927 1038 1026 1106 τὴν
1070 1035 1181 1089 τῶν
1224 1035 1491 1108 Ἑλλήνων
1538 1036 1785 1103 ἀπάτην,

130 1125 435 1193 άπεκάλυψε
470 1123 571 1193 τῆς
603 1124 863 1194 μαντείας
882 1122 972 1177 τὸν
984 1123 1169 1195 λῆρον,
1203 1121 1489 1194 συνέτριψε
1518 1121 1580 1175 τὸ
1610 1108 1787 1193 προσ-

184 1264 206 1292 “
232 1261 400 1310 Morel.
442 1266 606 1309 πᾶσιν.
628 1261 686 1309 in
727 1260 823 1308 ﬁne
847 1258 1080 1310 Onusculi
1106 1260 1255 1308 Savil.
1283 1264 1336 1308 et
1357 1273 1482 1308 unus
1523 1259 1677 1308 codex
1718 1260 1789 1308 sic

132 1324 360 1373 claudunt.
387 1323 605 1386 ἀρχηγῷ.
626 1319 724 1370 Τοῦ
740 1322 835 1431 12p
862 1319 1038 1384 Κυρίου
1057 1323 1194 1383 ἡμῶν
1228 1320 1388 1378 Ἰησοῦ
1408 1319 1619 1384 Χριστοῦ
1641 1320 1786 1383 μόνου

132 1388 157 1431 ἢ
189 1385 394 1431 Βασιλεία
414 1386 498 1431 καὶ
517 1386 547 1431 ἡ
563 1383 717 1431 ίσγὺε.
842 1383 973 1431 αὐτῶ
1000 1384 1167 1431 πρέπει
1188 1385 1220 1431 ἡ
1241 1383 1372 1431 δόξα.
1393 1382 1479 1431 σὺν
1498 1384 1568 1431 τῶ
1594 1382 1786 1431 animo

132 1388 157 1442 ἡ
188 1386 394 1446 βασιλεία
414 1386 498 1432 καὶ
517 1386 547 1441 ἡ
563 1386 717 1446 ἰσχὺς,

210 1643 892 1676 mm

552 1665 767 1673 -~——-————

1050 402 1120 458 IN
1154 399 1596 457 JUVENTINUM
1636 400 1721 455 ET
1763 396 2159 454 MAXIMINUM
2226 401 2620 462 MARTYRES.

3462 398 3567 455 επ

1898 513 2100 566 ωπεῖον
2136 511 2329 581 αὐτῆς,
2371 511 2467 565 καὶ
2484 523 2510 552 η
2536 512 2717 565 πᾶσαν
2739 511 2908 581 αὐτῆς
2933 515 3029 581 τήν
3050 510 3335 582 ὑπόκρισιν
3354 529 3421 581 γυ
3430 514 3567 583 μνώσ

1900 614 1997 659 σας
2017 596 2277 661 ἐπέδειξε,
2302 598 2394 651 τὸν
2421 601 2479 651 ὲν
2505 598 2642 668 αὐτῇ
2664 598 2926 651 δοκοῦντα
2953 600 3173 667 κρατεῖν
3206 600 3566 669 ἐπιστομίσας

1896 687 1991 738 καὶ
2022 684 2343 739 καταϐαλὼν
2377 684 2515 756 μετά
2545 684 2750 754 πολλῆς
2778 688 2877 755 τῆς
2915 685 3298 757 σφοδρότητος.
3329 686 3438 738 Καὶ
3467 686 3563 739 νῦν

1895 772 2116 824 ἑστᾶσιν
2154 773 2203 823 oi
2232 774 2398 840 τοῖχοι
2442 770 2534 824 τοῦ
2574 770 2698 833 νεὼ,
2745 772 2881 824 πᾶσι
2919 770 3282 841 κηρύττοντες
3329 771 3422 824 τοῦ
3453 772 3564 824 δαί.

1898 875 2058 928 μονος
2098 858 2197 929 τὴν
2245 860 2530 928 αἰσχύνην,
2573 858 2665 911 τὸν
2699 858 2933 926 γέλωτα,
2973 857 3071 927 τὴν
3111 858 3397 912 ἀσθένειαν
3417 852 3437 889 ·’
3466 860 3565 913 τοῦ

1894 946 2171 1017 μάρτυρος
2221 948 2347 1009 τοὺς
2402 946 2720 1016 στεφάνους,
2773 946 2871 1015 τὴν
2922 946 3115 1015 νίκην,
3165 947 3265 1017 τὴν
3310 946 3564 1016 δύναμιν.

1895 1033 2145 1103 Τοσαύτη
2172 1034 2205 1103 ή
2244 1032 2353 1087 τῶν
2383 1032 2552 1100 ἁγίων
2581 1034 2754 1103 ίσχύςο
2778 1032 2952 1096 οὕτως
2984 1032 3196 1103 ἄμαχος
3214 1033 3309 1087 καὶ
3334 1034 3562 1105 φοϐερὰ,

1896 1121 1990 1172 καὶ
2025 1118 2324 1189 βασιλεῦσι,
2372 1122 2467 1174 καὶ
2493 1121 2731 1193 δαίμοσι,
2765 1122 2860 1175 καὶ
2884 1120 3033 1191 αὑτῷ
3055 1119 3133 1191 τῷ
3158 1120 3267 1175 τῶν
3296 1121 3563 1192 δαιμόνων

1893 1207 2143 1279 demi»
3480 1274 3491 1285 κ

1893 1320 2066 1393 ματρὶ,
2086 1320 2168 1393 καὶ
2195 1320 2285 1393 τῷ.
2299 1319 2592 1393 συνανάρχῳ.
2617 1318 2882 1393 ᾙνεῦματι,
2917 1316 2999 1367 νῦν
3020 1320 3101 1393 καὶ
3142 1319 3217 1368 ἀεὶ
3251 1320 3333 1368 καὶ
3367 1320 3435 1375 εἰς
3455 1320 3565 1375 τοὺς

842 1382 973 1445 αὐτῷ
1000 1382 1167 1446 πρέπει
1188 1385 1220 1440 ἠ
1241 1383 1372 1442 δόξα,
1393 1382 1479 1431 σὺν
1498 1384 1568 1446 τῷ
1594 1382 1786 1447 ἀνάρχῳ
1890 1382 2229 1439 ἀτελευτήτους
2240 1382 2414 1437 αἰῶνας
2431 1382 2527 1430 τῶν
2549 1384 2752 1443 αἰώνων,
2773 1382 2914 1444 ἀμήν.

1604 1870 2056 1935 ADMONITIO.

277 2133 387 2187 Non
414 2145 529 2187 uno
562 2129 764 2193 solum,
795 2137 857 2183 ut
884 2126 1146 2191 diximus,
1170 2098 1292 2181 loco
1320 2130 1681 2184 monstratur,
1711 2119 1855 2173 hanc
1875 2116 2196 2173 concionem
2229 2121 2352 2185 post
2379 2112 2660 2167 homiliam
2692 2111 2837 2165 illam
2864 2110 2918 2163 in
2946 2108 3201 2179 Babylam
3230 2106 3473 2163 habitam

215 2249 404 2311 fuisse;
434 2245 535 2301 sed
573 2253 625 2298 et
651 2242 795 2297 aliud
832 2241 994 2311 paulo
1022 2248 1145 2310 post
1167 2237 1453 2293 exordium
1482 2236 1714 2306 hujusce
1744 2233 1823 2288 rei
1848 2231 2111 2288 indicium
2140 2226 2348 2299 profert
2385 2226 2834 2297 Chrysostomus.
2872 2224 3003 2277 Erat
3041 2223 3338 2293 Imperator
3359 2223 3478 2293 qui.

214 2361 345 2423 dum,
370 2358 464 2423 ait,
502 2356 663 2410 etiam
698 2364 877 2408 nostra
900 2369 1027 2418 αὐο,
1060 2368 1236 2406 omnes
1264 2351 1355 2421 qui
1382 2367 1435 2405 se
1451 2356 1823 2419 precesserant
1848 2346 2112 2414 impietate
2130 2345 2351 2409 vincens,
2380 2342 2559 2411 dequo
2581 2349 2632 2394 et
2654 2355 2818 2410 nuper
2844 2337 3084 2408 pluribus
3116 2356 3147 2392 a
3176 2354 3256 2391 me
3278 2337 3475 2392 dictum

215 2484 302 2537 εει.
334 2474 396 2528 Et
420 2488 562 2528 vere
593 2472 823 2542 plurima
846 2471 899 2525 in
935 2470 1155 2525 homilia
1186 2468 1511 2540 przecedenti
1558 2470 1611 2523 in
1637 2468 1695 2523 S.
1724 2466 1983 2537 Bahylam
2007 2465 2075 2519 de
2097 2461 2318 2517 Juliano
2346 2461 2606 2531 Apostata
2635 2461 2912 2515 dicuntur.
2938 2457 3085 2513 Cave
3114 2468 3271 2527 putes
3296 2464 3478 2510 autem

217 2588 296 2642 hic
317 2589 379 2643 de
401 2588 557 2642 libro
580 2587 673 2642 illo
701 2585 913 2654 prolixo
937 2585 991 2639 in
1021 2593 1272 2640 sanctum
1305 2583 1559 2654 Babylam
1605 2594 1916 2639 sermonem
1948 2578 2139 2633 haberi
2172 2597 2184 2632 :
2213 2577 2304 2631 ille
2337 2576 2540 2647 quippe
2591 2589 2702 2629 non
2738 2573 2953 2640 concio,
2980 2588 3087 2626 non
3122 2568 3346 2626 homilia
3370 2577 3477 2632 est,

219 2720 381 2775 neque
404 2718 658 2775 unquam
697 2703 751 2758 in
779 2711 923 2758 coetu
948 2702 1133 2773 populi
1161 2702 1421 2756 recitatos
1452 2699 1575 2764 fuit,
1607 2708 1665 2753 ut
1695 2698 1749 2751 iu
1780 2696 1984 2751 Monito
2007 2693 2333 2766 praecedenti
2364 2692 2639 2757 diximus;
2665 2689 2758 2745 sed
2782 2690 2850 2744 de
2872 2688 3094 2742 homilia
3121 2701 3244 2741 eum
3267 2698 3471 2754 praece-

226 2820 370 2874 dente
392 2819 599 2889 agitur.
633 2817 801 2888 Cujus
829 2834 1033 2873 annum
1067 2818 1348 2888 assignare
1385 2832 1495 2872 non
1544 2815 1843 2885 potuimus,
1869 2813 1949 2870 uti
2001 2827 2103 2867 nec
2139 2810 2492 2867 homiliarum
2546 2809 2600 2864 in
2630 2805 2926 2870 Lazarum,
2959 2817 3138 2873 neque
3166 2801 3395 2871 hujusce
3428 2800 3482 2852 in

230 2936 316 2991 SS.
350 2937 704 2994 Juventinum
728 2949 782 2993 et
805 2938 1185 2995 Maximinum.
1216 2938 1466 3010 Namque
1492 2948 1552 2993 ut
1570 2948 1780 2994 certum
1802 2936 2018 2992 videtur
2043 2951 2138 2991 eas
2159 2934 2352 2990 eodem
2379 2947 2526 2987 anno
2551 2939 2717 3002 atque
2747 2939 2994 2998 tempore
3024 2925 3239 2979 habitas
3269 2921 3436 2977 fuissr-
3466 2933 3481 2971 :

231 3055 295 3107 ita
327 3049 488 3117 nullo,
508 3048 786 3119 probabili
814 3049 1056 3119 quidem,
1083 3049 1307 3117 indicio,
1337 3052 1463 3122 quis
1502 3049 1592 3105 ille
1614 3063 1794 3103 annus
1822 3026 1995 3111 esset,
2030 3043 2438 3115 deprehendere
2470 3042 2643 3097 licuit.
2674 3041 2813 3096 Cum
2847 3040 2934 3096 his
2961 3037 3169 3104 confer,
3207 3038 3386 3104 sodes,
3419 3053 3481 3090 ea

234 3173 338 3226 quo:
366 3160 418 3214 in
453 3160 667 3215 Monito
700 3162 1024 3231 praecedenti
1057 3161 1319 3217 diximus.

298 3297 673 3369 lnterprctatio
703 3296 891 3353 Latina
920 3308 1004 3355 est
1035 3298 1230 3356 incerti
1258 3297 1546 3370 cujusdam
1573 3299 1719 3356 docti
1747 3297 1872 3362 viri,
1897 3311 2064 3369 quam
2093 3295 2346 3368 plurimis
2380 3297 2437 3352 in
2472 3293 2607 3351 locis
2626 3294 3070 3357 emendavimus.

65 3906 70 3918 ’
159 3898 249 3958 Τοῦ
268 3914 442 3969 αὐτοῦ
469 3914 675 3985 ὁμιλία
698 3913 1138 3985 ἐγκωμιαστικὴ
1169 3917 1257 3981 εὶς
1280 3913 1424 3982 τοὺς
1455 3915 1667 3984 ἁγίους
1699 3912 2006 3984 μάρτυρας
2042 3914 2440 3970 Ἰουϐεντῖνον
2495 3916 2596 3971 καὶ
2663 3916 3003 3986 Μαξιμῖνον
3094 3916 3237 3984 τοὺς
3260 3917 3567 3990 μαρτυρή-

66 4010 69 4019 ’
606 4018 625 4031 ⁴
1235 4022 1465 4073 σαν-τας
1502 4006 1598 4061 ἐπὶ
1641 4006 1977 4062 Ἰουλιανοῦ
2004 4007 2110 4063 τοῦ
2159 4009 2550 4066 Ἀποστάτου.

202 4258 264 4311 α’.
297 4259 351 4312 ’0
412 4260 684 4331 μακάριος
707 4258 956 4322 Βαϐύλας
982 4258 1173 4331 πρώην
1207 4261 1353 4331 ἡμᾶς
1384 4260 1619 4314 ἐνταῦθα
1647 4264 1785 4332 μετά

150 4346 322 4401 παίδων
353 4348 516 4420 τριῶν
548 4349 826 4417 συνήγαγε
854 4364 868 4379 ο
901 4350 1142 4421 σήμερον
1172 4348 1522 4419 στρατιωτῶν
1556 4348 1787 4420 ξυνωρὶς

148 4430 290 4497 ἁγίων
314 4436 372 4488 τὸ
398 4437 489 4490 τοῦ
514 4435 757 4507 Χριστοῦ
794 4435 1156 4506 στρατόπεδον
1181 4436 1274 4489 ἐπὶ
1300 4436 1399 4505 τῆς
1424 4436 1789 4508 παρατάξεως

147 4515 311 4590 ἔστησε
333 4539 347 4553 ο
379 4525 498 4578 τότε
538 4524 694 4595 ἆρμα
728 4524 1043 4596 μαρτύρων,
1069 4523 1166 4577 νῦν
1201 4523 1435 4596 ξυνωρὶς
1466 4525 1782 4595 μαρτύρων.

147 4604 375 4679 Διάφορος
399 4614 433 4683 ή
464 4612 673 4683 ήλικία,
714 4612 850 4665 ἀλλὰ
881 4613 979 4682 μία
1018 4613 1051 4682 ή
1094 4612 1299 4674 πίστις’
1334 4611 1553 4665 ποικίλα
1584 4612 1654 4666 τὰ
1684 4631 1789 4666 πα-

148 4687 409 4764 λαίσματα,
443 4700 556 4753 ἀλλ’
593 4703 627 4771 ή
667 4701 806 4770 αὑτὴ
849 4699 1104 4771 ἀνδρείαο
1132 4701 1334 4753 ἐκεῖνοι
1380 4700 1602 4754 παλαιοὶ
1649 4701 1788 4755 κατά

148 4776 219 4830 τὸν
240 4784 411 4851 χρόνον
431 4804 444 4817 ·
477 4780 626 4840 οῦτοι
649 4787 758 4840 νέοι
780 4788 875 4840 καὶ
898 4786 1220 4857 πρόσφατοι.
1245 4786 1494 4850 Τοιοῦτος
1530 4790 1628 4858 τῆς
1665 4789 1786 4841 Ἐκ-

150 4861 342 4933 κλησίας
379 4874 406 4925 ὁ
443 4871 737 4944 Θησαυρὸς,
778 4873 933 4936 νέους
962 4874 1057 4925 καὶ
1087 4873 1354 4934 παλαιοὺς
1396 4873 1536 4943 ἔχων
1572 4892 1786 4946 μαργα-

152 4948 293 5016 ρίτας·
326 4957 434 5011 ἀλλ’
466 4959 522 5013 ἓν
564 4960 820 5014 ἁπάντων
855 4961 918 5013 τὸ
957 4960 1168 5024 κάλλος.
1196 4963 1311 5014 Οὐκ
1347 4961 1695 5033 ἀμαυροῦται
1721 4964 1783 5015 τὸ

148 5035 279 5121 ἀνθος
308 5046 500 5111 αὐτῶν,
546 5049 606 5101 οὐ
654 5050 922 5121 καταρῤΞί
965 5048 1044 5119 τῷ
1087 5049 1296 5120 χρόνῳ·
1326 5050 1387 5102 οὺ
1430 5049 1645 5121 δέχεται
1679 5070 1785 5104 πα-

147 5120 385 5198 λαιότητος
416 5134 490 5187 ἱὸν
522 5136 624 5205 τῆς
664 5135 1049 5207 λαμπρότητος
1081 5135 1287 5206 ταύτης
1312 5139 1345 5207 ἡ
1375 5120 1537 5206 φύσις
1566 5151 1580 5164 ’
1603 5142 1637 5210 ἠ
1682 5140 1781 5209 μὲν

146 5210 235 5282 γάρ
260 5222 535 5293 σωματικὴ
566 5223 853 5294 περιουσία
878 5221 1016 5276 εἴκει
1039 5223 1134 5275 καὶ
1157 5227 1477 5295 παραχωρεῖ
1502 5223 1581 5295 τῷ
1616 5227 1779 5297 μήκει

145 5299 221 5351 τθῦ
247 5307 423 5374 χρόνου
448 5325 463 5341 ο
494 5312 588 5363 καὶ
615 5313 722 5384 γάρ
750 5313 937 5382 ἱμάτια
959 5311 1110 5384 [579]
1136 5312 1462 5379 δαπανᾶται,
1483 5315 1577 5367 καὶ
1605 5314 1775 5367 οίκίαι

145 5392 485 5463 καταλύονται,
522 5401 617 5452 κα)⁸
642 5401 864 5472 χρυσίον
905 5400 1100 5465 ίοῦται,
1142 5401 1235 5455 καὶ
1269 5403 1419 5454 πᾶσα
1447 5402 1546 5473 τῆς
1575 5401 1776 5468 αἰσθη-

143 5475 224 5543 τῆς
246 5482 435 5556 ταύτης
467 5490 778 5558 περιουσίας
804 5491 838 5561 ή
864 5489 1025 5560 φύσις
1053 5488 1336 5544 διαπίπτει
1359 5488 1438 5559 τῷ
1473 5491 1650 5562 χρόνῳ
1677 5493 1774 5547 καὶ

146 5562 446 5631 ἀφανίζεται.
497 5577 620 5631 Ἐ’πὶ
652 5577 708 5631 δὲ
750 5578 861 5632 τῶν
902 5576 1289 5648 πνευματικῶν
1333 5578 1625 5650 θησαυρῶν
1672 5580 1772 5649 οὐχ

150 5655 317 5722 οὕτως*
365 5667 472 5720 ἀλλ’
509 5671 594 5723 ἀεὶ
638 5674 729 5724 καὶ
768 5671 1058 5733 διαπαντὸς
1105 5672 1161 5723 ἐν
1195 5670 1285 5742 ἴσῃ
1323 5669 1574 5741 μένουσιν
1619 5671 1767 5742 ἀκμῇ

1894 4264 1982 4318 καὶ
2004 4264 2218 4335 νεότητι
2238 4261 2549 4330 λάμποντες
2566 4260 2658 4314 καὶ
2681 4259 3102 4325 ἀποστίλϐοντες
3118 4259 3218 4334 τὴν
3240 4262 3341 4334 τῆς
3360 4265 3569 4329 οἰκείας

1890 4350 2277 4422 λαμπρότητος
2309 4347 2466 4412 δόξαν
2493 4349 2542 4401 οἱ
2576 4347 2873 4419 μάρτυρες.
2919 4349 2985 4400 Ὀ
3024 4348 3088 4419 δὴ
3124 4350 3218 4403 καὶ
3248 4351 3406 4421 ὑμεῖς
3433 4352 3571 4404 εἰδό-

1889 4455 1999 4502 τες,
2022 4438 2121 4507 οὑχ
2143 4436 2346 4507 ἑτέρως
2373 4436 2471 4507 μὲν
2490 4437 2618 4500 τοὺς
2642 4436 2929 4500 παλαιοὺς,
2954 4436 3160 4501 ἑτέρως
3186 4437 3242 4489 δὲ
3265 4438 3391 4501 τοὺς
3416 4438 3570 4501 νέους

1888 4527 2105 4596 τιμᾶτε·
2140 4523 2275 4577 ἀλλά
2302 4524 2441 4595 μετά
2464 4524 2564 4595 τῆς
2590 4525 2763 4594 αὐτῆς
2792 4523 3103 4594 προθυμίας
3121 4563 3135 4586 ,
3164 4523 3303 4594 μετά
3332 4524 3424 4577 τοῦ
3465 4527 3566 4577 αὑ-

1888 4613 1980 4667 τοῦ
2006 4613 2249 4683 φίλτρου,
2291 4612 2429 4682 μετά
2452 4612 2550 4682 τῆς
2567 4612 2736 4681 αὐτῆς
2761 4611 3075 4676 διαθέσεως,
3097 4610 3343 4675 ἅπαντας
3370 4614 3566 4682 τιμᾶτε

1888 4702 1983 4756 καὶ
2002 4701 2348 4771 ἀποδέχεσθε.
2378 4701 2452 4754 Οὐ
2477 4699 2586 4769 γὰρ
2615 4699 2804 4771 χρόνον
2830 4698 3133 4764 ἐξετάζετε,
3163 4698 3277 4752 ἀλλ’
3314 4699 3567 4771 ἀνδρείαν

1887 4789 2217 4860 ἐπιζητεῖτε,
2268 4789 2362 4843 καὶ
2412 4788 2591 4859 ψυχῆς
2636 4787 2944 4849 εὐλάϐειαν,
2995 4787 3089 4840 καὶ
3123 4787 3305 4840 πίστιν
3345 4788 3564 4856 ἀκλινῆ,

1888 4878 1981 4930 καὶ
2017 4876 2181 4945 ζῆλον
2203 4875 2585 4946 ἐπτερωμένον
2615 4887 2640 4915 ι
2662 4876 2757 4929 καὶ
2787 4874 3010 4946 θερμὸν,
3042 4876 3137 4928 καὶ
3166 4875 3430 4941 τοιοῦτον,
3455 4870 3566 4927 οἷον

1885 4966 1935 5017 οἱ
1972 4964 2212 5034 σήμερον
2242 4966 2387 5034 ἡμᾶς
2420 4964 2818 5032 συναγαγόντες
2849 4962 3210 5027 ἐπεδείξαντο.
3255 4961 3412 5016 Οῦτω
3457 4962 3565 5033 γὰρ

1885 5051 2033 5117 ἔξεον
2059 5052 2135 5123 τῷ
2168 5052 2310 5105 κατὰ
2334 5052 2466 5106 Θεὸν
2496 5051 2666 5121 πόθῳ,
2695 5051 2771 5115 ὡς
2802 5052 3095 5123 δυνηθῆναι
3127 5051 3295 5122 χωρὶς
3321 5051 3564 5120 διωγμοῦ

1888 5138 2190 5210 μαρτυρίου
2224 5139 2488 5207 στέφανον
2516 5139 2910 5210 ἀναδήσασθαι,
2940 5138 3111 5209 χωρὶς
3149 5140 3332 5210 μάχης
3362 5139 3563 5207 στῆσαι

1882 5227 2165 5297 τρόπαιον,
2200 5227 2370 5298 χωρὶς
2406 5226 2643 5297 πολέμου
2675 5227 2833 5297 νίκην
2866 5226 3124 5298 ἄρασθαι,
3162 5227 3328 5297 χωρὶς
3355 5225 3562 5293 συμϐο-

1882 5314 1981 5384 λῆς
2005 5315 2034 5355 1)
2060 5314 2122 5367 τὸ
2153 5314 2405 5388 βραϐεῖον
2435 5315 2681 5386 ἁρπάσαι
2704 5334 2716 5347 ·
2744 5315 2803 5368 τὸ
2830 5315 2885 5368 δὲ
2919 5315 3057 5380 πῶς,
3094 5313 3204 5382 ἐγὼ
3230 5312 3373 5381 λέγω
3392 5329 3404 5339 ·
3425 5313 3561 5367 ἀλλὰ

1883 5402 2186 5473 ἀνάσχεσθε
2229 5402 2419 5478 μικρδν
2440 5402 2646 5457 ἀνωθεν
2686 5403 3028 5475 διηγουμένῳ
3055 5419 3165 5472 μοι.

1910 5598 1915 5603 Ι
1945 5613 1972 5675 δ’
1994 5610 2142 5675 δενίῷ
2167 5612 2304 5675 ζῆλον
2323 5612 2674 5675 *ιιιειιτυρωμένονῗ

1945 5673 1972 5712 δ
1998 5673 2080 5723 Sic
2102 5667 2255 5723 Savil.
2285 5667 2566 5735 Legeb'atdr
2589 5673 2807 5735 ἐμϐολῆς.
2835 5671 2962 5720 lion.
