4032 6434
307 442 416 498 575

316 656 622 726 Imperator
670 651 887 722 quidam
917 691 932 716 ,
983 650 1143 704 etiam
1186 659 1372 703 nostro
1401 663 1553 712 aivo,
1597 661 1784 702 omnes
1824 648 1912 717 qui

308 765 376 803 se
410 752 800 818 pra‘cesserant
826 743 1096 812 impietate
1119 742 1370 807 vincens,
1415 739 1482 793 de
1529 755 1638 810 quo
1668 749 1722 794 et
1749 754 1916 808 nuper

310 839 556 908 pluribus
584 852 611 888 ν)
637 851 723 890 me
758 835 957 890 dictum
985 842 1066 887 est
1097 850 1110 886 :
1153 833 1242 903 qui
1271 847 1393 885 eum
1438 830 1645 885 videret
1687 845 1772 884 res
1821 846 1919 884 no-

309 947 461 987 stras
483 941 779 1001 martyrum
807 938 979 982 morte
1007 927 1261 981 clariores
1283 926 1420 988 fieri,
1453 935 1508 980 et
1532 941 1592 980 ea
1622 939 1780 978 causa
1810 941 1914 976 non

308 1027 492 1078 solum
525 1024 700 1087 viros,
743 1021 836 1076 sed
865 1030 922 1074 et
951 1029 1164 1074 teneros
1214 1031 1408 1088 pueros
1449 1018 1788 1086 virginesque
1832 1017 1914 1068 in-

310 1128 517 1187 nuptas
541 1159 554 1178 ,
584 1125 640 1170 et
661 1117 714 1169 in
733 1129 944 1168 summa
971 1128 1038 1167 ex
1063 1113 1209 1167 omni
1237 1127 1368 1166 sexu
1396 1121 1450 1166 et
1475 1120 1632 1164 aetate
1658 1109 1914 1180 quosdam

311 1226 421 1280 pro
451 1210 711 1279 religione
731 1207 798 1260 ad
829 1214 1057 1260 mortem
1085 1205 1334 1276 prosilire
1352 1246 1364 1268 ,
1388 1204 1724 1258 cruciabatur
1743 1211 1797 1256 et
1823 1203 1919 1255 du-
1957 1201 1978 1218 ⁴

314 1301 506 1365 lebat;
553 1309 812 1354 caeterum
855 1312 1074 1352 movere
1120 1297 1318 1352 bellum
1357 1296 1635 1350 manifeste
1683 1295 1915 1348 nolebat.

311 1392 522 1448 Omnes
560 1391 726 1453 enim,
779 1389 1022 1454 dicebat,
1074 1389 1139 1442 ad
1182 1388 1530 1459 martyrium,
1561 1386 1711 1457 quasi
1741 1386 1806 1440 ad
1834 1385 1917 1438 al-

315 1485 558 1538 vearium
611 1497 739 1551 apes
791 1481 1066 1535 volabunt.
1116 1479 1243 1534 lla-0
1291 1488 1467 1532 autem
1511 1493 1618 1532 non
1665 1479 1732 1532 ab
1773 1477 1915 1543 alio,

312 1591 483 1644 quam
524 1590 555 1626 a
599 1573 890 1641 majoribus
957 1572 1069 1626 suis
1115 1570 1394 1624 didicerat.
1446 1569 1657 1623 Etenim
1708 1567 1918 1638 tyranni

314 1665 614 1720 Ecclesiam
667 1663 1019 1727 infestarunt,
1072 1669 1126 1716 et
1173 1662 1354 1732 populi
1399 1676 1612 1731 quoque
1661 1671 1918 1730 perpetuo

312 1757 766 1813 insurrexerunt‘
797 1772 918 1811 cum
947 1756 1121 1810 adhuc
1164 1771 1326 1825 parva
1371 1755 1646 1824 religionis
1686 1755 1916 1808 scintilla

311 1861 466 1906 esset
493 1866 506 1915 ;
539 1864 655 1904 eam
688 1857 866 1902 tamen
893 1863 999 1901 non
1029 1848 1406 1901 exstinxerunt
1427 1886 1442 1909 ,
1482 1861 1657 1915 neque
1703 1845 1918 1900 destru-

312 1949 550 2006 xcrunt,
596 1938 692 1994 sed
746 1938 846 2008 ipsi
898 1938 1078 2008 potius
1121 1937 1376 1991 destructi
1421 1947 1564 1991 sunt.
1614 1935 1920 2005 Augebatur

313 2033 562 2105 quotidie
588 2032 814 2087 scintilla
855 2030 1003 2096 haec,
1059 2029 1433 2100 ferebaturque
1473 2029 1528 2082 in
1572 2027 1830 2093 sublime,
1867 2037 1921 2082 et

315 2140 540 2180 omnem
571 2123 806 2192 undique
834 2123 1020 2176 orbem
1067 2121 1387 2187 invadebat,
1436 2135 1558 2174 eum
1599 2120 1917 2175 occideren-

315 2228 434 2283 tur,
475 2216 846 2280 adurcrentur,
893 2214 1387 2284 suspenderentur,
1433 2215 1915 2284 praecipitarentur,

314 2311 511 2366 bestiis
551 2310 913 2379 objicerentur
935 2325 1122 2364 omnes
1149 2307 1356 2363 fideles.
1404 2309 1615 2363 Etenim
1659 2308 1920 2363 carbones

314 2403 463 2458 sicut
491 2402 658 2456 lutum
690 2401 998 2466 calcabant,
1026 2410 1079 2454 et
1107 2415 1255 2453 mare
1281 2399 1580 2468 ﬂuctusque
1624 2399 1762 2452 sicut
1791 2415 1918 2468 pra-

314 2505 437 2548 tum
470 2494 832 2557 intuebantur,
863 2491 930 2546 ad
960 2491 1191 2560 gladium
1219 2491 1358 2544 sicut
1380 2489 1446 2544 ad
1471 2489 1718 2544 diadema
1749 2501 1802 2543 et
1827 2504 1921 2544 eo-

315 2601 511 2640 ronam
541 2583 862 2649 currebant,
893 2583 1179 2652 omniaque
1210 2589 1598 2635 tormentorum
1626 2595 1821 2650 genera
1845 2581 1918 2633 ita

314 2678 685 2749 superabant,
744 2687 888 2731 utea
930 2691 1038 2729 non
1095 2675 1270 2728 solum
1318 2687 1578 2743 generose
1617 2683 1672 2726 et
1713 2673 1917 2727 fortiter

316 2776 560 2834 ferrent,
590 2771 682 2826 sed
705 2782 759 2826 et
779 2771 1026 2824 alacriter
1065 2777 1120 2823 et
1159 2783 1280 2822 eum
1306 2767 1600 2836 voluptate.
1631 2765 1920 2820 Enimvero

316 2866 464 2919 sicut
489 2865 683 2933 plantat
724 2863 906 2932 rigata:
938 2860 1105 2931 magis
1127 2868 1407 2925 crescunt,
1457 2861 1527 2912 ita
1555 2867 1610 2913 et
1638 2859 1773 2914 fides
1822 2874 1922 2912 no-

317 2969 438 3012 titra
463 2967 763 3027 oppugnata
791 2955 959 3024 magis
977 2953 1150 3018 ﬂoret,
1169 2962 1224 3008 et
1243 2962 1431 3007 vexata
1462 2952 1787 3007 incrementa
1809 2967 1922 3005 ma-

317 3050 441 3120 jora
469 3050 667 3112 sumit;
701 3063 875 3118 neque
906 3046 1045 3100 horti
1074 3045 1228 3114 aquis
1258 3044 1461 3114 irrigati
1494 3045 1562 3097 ita
1594 3043 1917 3113 germinant,

319 3149 388 3195 et
412 3140 622 3195 fecundi
652 3151 809 3203 sunt,
838 3148 896 3191 ut
924 3135 1174 3190 Ecclesia:
1195 3176 1210 3202 ,
1242 3135 1288 3190 si
1318 3143 1609 3204 martyrum
1635 3133 1922 3202 irrigantur

319 3235 603 3304 sanguine.
654 3232 782 3288 Haec
823 3231 1001 3286 omnia
1037 3240 1200 3298 atque
1241 3227 1391 3298 plura
1428 3242 1552 3281 cum
1599 3226 1686 3279 ille
1723 3227 1917 3290 sciret,

320 3326 688 3382 meticulosior
734 3331 891 3389 erat,
944 3336 1105 3391 quam
1145 3328 1204 3374 ut
1252 3317 1530 3372 manifeste
1575 3333 1697 3371 cum
1726 3318 1922 3370 nostris

323 3419 661 3489 conﬂigeret.
691 3416 770 3471 Ne
791 3415 1119 3478 efficiamus,
1151 3412 1356 3481 inquit,
1399 3419 1460 3464 ut
1485 3409 1780 3479 frequentia
1813 3412 1922 3462 eri-

319 3520 456 3581 gant
477 3519 677 3580 trepzea
696 3549 711 3572 ,
745 3507 1025 3561 continuas
1053 3513 1331 3573 reportent
1359 3502 1608 3555 victorias
1632 3543 1648 3566 ,
1690 3509 1742 3554 et
1771 3515 1924 3554 coro-

320 3618 425 3658 nas
444 3603 736 3656 obtineant.
769 3598 876 3653 Sed
907 3597 1033 3668 quid
1061 3595 1230 3650 facit?
1262 3593 1424 3660 Vide,
1462 3608 1586 3659 oro,
1620 3593 1922 3662 malignita-

321 3704 458 3749 tem.
490 3691 757 3757 Medicos,
788 3690 983 3744 milites
1003 3729 1016 3752 ,
1065 3686 1333 3756 sophistas
1361 3693 1418 3736 et
1445 3694 1688 3740 oratores
1735 3701 1924 3740 omnes

324 3788 473 3842 vela
501 3785 918 3856 professionibus
969 3784 1080 3838 suis
1124 3781 1402 3836 discedere
1444 3779 1526 3833 vel
1567 3779 1737 3859 fidem.
1772 3794 1923 3833 suam

321 3879 578 3948 abjurare
595 3878 782 3948 jubet,
814 3875 1172 3943 excitavitque
1215 3873 1267 3926 in
1309 3873 1449 3926 hunc
1494 3871 1710 3925 modum
1739 3879 1923 3924 contra

325 3981 548 4026 nostros
588 3969 784 4024 bellum
824 3967 927 4021 tela
954 3967 1164 4019 eminus
1195 3966 1443 4033 mittens,
1487 3971 1546 4016 ut
1574 3963 1618 4016 si
1645 3977 1674 4014 a
1699 3961 1801 4015 fide
1827 3963 1925 4016 de-

323 4065 584 4119 sisterent
609 4105 623 4128 ,
657 4059 881 4115 ridicule
911 4059 1271 4121 vincerentur,
1308 4064 1489 4124 utpote
1513 4055 1600 4124 qui
1632 4054 1788 4107 fidem
1812 4054 1929 4123 opi-

325 4158 436 4212 bus
467 4172 572 4208 non
606 4152 961 4224 prteferrent;
1012 4151 1094 4203 sin
1131 4161 1392 4218 generose
1421 4153 1829 4215 perseverarent
1872 4153 1928 4198 et

325 4251 645 4314 vincerent,
691 4260 865 4316 neque
892 4245 971 4299 sic
1009 4242 1220 4312 egregia
1261 4240 1398 4294 foret
1436 4239 1697 4303 victoria;
1754 4253 1927 4306 neque

329 4346 545 4412 insigne
591 4351 847 4411 tropmum
877 4355 891 4392 :
922 4336 1054 4390 nihil
1102 4337 1243 4389 enim
1284 4347 1532 4400 magnum
1557 4369 1574 4396 ,
1628 4338 1798 4383 artem
1844 4330 1924 4384 vel

329 4438 724 4510 professionem
751 4449 848 4505 pro
873 4434 1069 4503 pietate
1096 4439 1464 4484 contemnere.
1497 4426 1678 4496 Neque
1707 4427 1751 4482 is
1776 4427 1929 4480 stcvi-

329 4535 422 4588 tiae
450 4531 565 4601 ejus
587 4529 707 4583 ﬁnis
737 4535 853 4581 erat
888 4543 902 4580 :
931 4540 1054 4579 nam
1077 4523 1143 4578 ad
1170 4523 1285 4577 haec
1303 4564 1318 4589 ,
1350 4523 1394 4576 si
1423 4523 1543 4591 quis
1565 4520 1929 4589 superioribus

331 4624 492 4677 annis
515 4662 531 4686 ,
562 4637 682 4676 cum
711 4617 884 4673 adhuc
907 4618 976 4687 pii
1020 4616 1376 4686 imperatores
1405 4629 1583 4667 rerum
1606 4613 1926 4682 potirentur,

331 4715 422 4769 vel
441 4714 625 4767 altaria
650 4710 936 4766 demolitus
967 4708 1190 4770 fuisset,
1235 4705 1320 4759 vel
1353 4704 1548 4772 templa
1585 4703 1888 4757 suffudisset
1908 4743 1924 4770 ,

334 4806 427 4860 vel
452 4804 674 4858 donaria
696 4801 1038 4871 diripuisset,
1087 4797 1171 4851 vel
1200 4795 1344 4850 aliud
1377 4796 1479 4848 tale
1504 4795 1755 4864 quiddam
1785 4795 1924 4864 egis-

333 4906 449 4960 set,
480 4895 789 4965 rapiebatur
810 4891 877 4945 ad
907 4890 1174 4954 tribunal,
1223 4898 1278 4943 et
1318 4886 1681 4950 occidebatur,
1730 4900 1836 4940 non
1886 4885 1928 4940 is

333 4991 514 5046 solum
543 4988 633 5058 qui
661 4990 765 5040 tale
791 4983 916 5051 quid
959 4982 1196 5050 egisset,
1242 4978 1335 5033 sed
1382 4979 1471 5047 qui
1519 4977 1724 5031 delatus
1771 4977 1930 5031 dum-

337 5089 480 5135 taxat
519 5078 728 5134 fuisset.
761 5073 1020 5143 Fingebat
1037 5085 1252 5142 quoque
1279 5077 1334 5124 et
1357 5070 1488 5121 alias
1514 5069 1690 5122 varias
1717 5082 1928 5134 causas,

338 5178 413 5230 ita
440 5181 498 5228 ut
523 5173 606 5242 pie
636 5170 925 5223 viventium
955 5179 1113 5219 nemo
1139 5179 1243 5216 non
1272 5163 1496 5232 lugeret.
1525 5162 1730 5230 Agebat
1750 5171 1929 5215 autem

338 5267 488 5330 hate,
519 5273 578 5316 ut
602 5262 981 5316 obscuraretur
1005 5254 1246 5324 martyrii
1293 5267 1493 5307 corona
1517 5293 1533 5316 ,
1576 5262 1630 5306 et
1658 5251 1930 5306 nihilomi-

341 5373 443 5413 nus
462 5355 636 5411 catdes
655 5363 710 5409 et
729 5361 937 5420 strages
966 5349 1156 5403 fierent
1174 5385 1190 5411 ,
1221 5360 1394 5414 neque
1411 5342 1691 5412 splendida
1714 5343 1930 5412 praemia

340 5459 636 5520 martyrum
665 5448 986 5515 apparerent
1017 5458 1031 5493 :
1065 5437 1198 5492 nihil
1224 5445 1403 5490 tamen
1431 5444 1545 5488 arte
1571 5434 1668 5488 hac
1688 5435 1932 5504 proficie-

343 5545 454 5597 bat.
480 5539 610 5594 Nam
641 5538 729 5606 qui
757 5537 826 5588 ita
852 5531 1246 5602 alﬂigebantur,
1279 5542 1384 5582 non
1415 5531 1482 5580 ad
1507 5527 1645 5581 illius
1667 5527 1930 5582 calculum

350 5644 398 5690 3t
426 5629 810 5700 malignitatem
837 5623 1147 5694 spectabant
1174 5663 1190 5687 ,
1230 5619 1325 5674 sed
1351 5618 1417 5672 ad
1449 5617 1810 5688 incorruptum
1836 5619 1932 5674 Ju-

338 5729 517 5783 dicem
542 5765 558 5792 ,
599 5739 630 5778 a
660 5738 766 5792 quo
787 5730 842 5775 et
871 5719 1140 5774 caelestem
1169 5729 1423 5770 coronam
1452 5725 1769 5783 accepturos
1812 5727 1933 5769 sese

337 5816 701 5876 confidebant.
1815 5844 1855 5872 ε,

405 5933 422 5962 ι
447 5926 584 5978 savii.
609 5939 656 5973 tn
680 5936 854 5985 mat-3.,
872 5919 1014 5984 ἓτωεὶ
1035 5916 1554 5983 ferwinsurrexerwtt.

1219 439 1284 496 IN
1321 438 1761 496 JUVENTINUM
1791 441 1878 496 ET
1916 441 2318 500 MAXIMINUM
2356 443 2752 502 MARTYRES.

389 559 806 631 Paret-quatiatur
848 557 978 612 ratio
1015 555 1107 612 sub
1127 555 1338 611 Juliano
1367 558 1634 627 Apostata.
1671 585 1742 596 -—
1783 555 1914 611 Erat
1995 569 2000 571 ·

3512 458 3618 513 επ

2097 557 2150 611 2.
2195 557 2495 615 Iuventium
2537 572 2586 616 et
2626 562 2940 620 Maximinus
2984 567 3036 621 in
3084 584 3332 625 carcerem
3361 573 3530 638 trusi;
3572 589 3619 628 et

2022 666 2122 720 qua
2151 650 2213 704 de
2244 668 2418 707 causa.
2447 683 2520 694 —
2540 653 2748 710 Interea
2775 671 2896 711 cum
2921 657 3036 713 hmo
3067 660 3134 714 ita
3163 677 3222 716 se
3247 663 3536 729 haberent,
3565 676 3620 720 et

2021 739 2220 795 bellum
2242 742 2453 811 quidem
2484 745 2573 798 ille
2600 747 2886 815 parturiret
2914 749 3171 805 adversus
3211 764 3420 810 nostros
3441 797 3456 820 ,
3495 773 3616 811 ces-

2022 839 2167 884 saret
2191 841 2366 886 autem
2389 875 2405 900 ,
2435 837 2632 890 veritus
2659 852 2726 892 ne
2747 839 3050 895 vinceretur
3082 859 3094 895 :
3123 845 3316 899 accidit
3343 857 3397 900 ut
3422 849 3616 903 milites

2023 925 2289 992 quoddam
2335 929 2636 983 convivium
2665 929 2925 988 haberent
2953 975 2966 998 ,
3017 936 3070 990 in
3099 953 3203 1006 quo
3233 949 3286 991 et
3313 950 3577 1012 martyres
3597 984 3612 1006 ,

2021 1023 2156 1078 quos
2186 1011 2342 1066 hodie
2366 1013 2613 1079 colimus,
2643 1029 2816 1070 erant.
2842 1017 3106 1073 Caeterum
3127 1063 3142 1088 ,
3169 1033 3226 1076 ut
3244 1011 3613 1080 conviviorum

2025 1117 2140 1155 mos
2165 1114 2249 1157 est
2271 1145 2288 1169 ,
2319 1119 2443 1159 cum
2475 1107 2608 1162 varii
2632 1124 2908 1166 sermones
2945 1112 3070 1168 hinc
3119 1115 3242 1170 inde
3282 1117 3611 1184 dicerentur,

2025 1196 2219 1265 aliique
2247 1198 2350 1252 alia
2379 1208 2665 1256 tractarent
2689 1244 2702 1268 ,
2735 1201 2787 1257 hi
2817 1205 2952 1259 mala
2979 1207 3058 1260 sui
3087 1210 3344 1277 temporis
3366 1211 3615 1280 deplora-

2024 1288 2181 1354 bant,
2213 1289 2369 1361 longe
2391 1293 2628 1349 feliciora
2657 1295 2820 1352 fuisse
2845 1301 3119 1368 superiora
3151 1313 3452 1358 asserentes
3475 1347 3490 1369 ,
3527 1305 3613 1359 di-

2022 1381 2322 1453 ciebantque
2360 1395 2414 1441 et
2459 1386 2598 1442 inter
2639 1402 2698 1444 se
2741 1399 2794 1445 et
2820 1391 2885 1446 ad
2911 1393 3120 1448 sodales
3153 1396 3359 1464 :Quem
3404 1397 3614 1466 juvart-t

2023 1475 2161 1531 ultra
2192 1477 2406 1546 vivere,
2439 1482 2525 1537 vel
2557 1482 2762 1552 spirare
2783 1525 2800 1550 ,
2844 1485 2926 1540 vel
2956 1487 3124 1542 solem
3157 1489 3350 1544 intueri
3380 1532 3394 1555 ,
3445 1494 3612 1546 sacris

2019 1566 2227 1636 legibus
2258 1570 2328 1624 ita
2354 1575 2680 1629 conculcatis
2709 1616 2722 1640 ,
2755 1576 2951 1646 pietate
2977 1579 3046 1633 ita
3073 1580 3266 1636 violata
3289 1625 3304 1650 ,
3336 1594 3610 1639 creatura-

2024 1675 2140 1713 rum
2174 1664 2412 1717 omnium
2443 1664 2669 1721 Domino
2699 1667 2769 1722 ila
2795 1672 3146 1739 contempto?
3189 1673 3378 1728 Omnia
3426 1677 3614 1733 nidore

2025 1751 2178 1821 plena
2211 1764 2334 1808 sunt
2361 1764 2414 1810 et
2440 1756 2623 1824 fumo,
2671 1761 2851 1815 omnia
2878 1763 3155 1819 sacrificiis
3191 1766 3478 1824 immundis
3523 1788 3612 1825 re-

2026 1842 2203 1899 ferta:
2239 1862 2305 1901 ne
2351 1863 2538 1917 purum
2568 1851 2784 1920 quidem
2828 1868 3007 1909 aerem
3055 1857 3261 1926 Spirare
3311 1875 3610 1929 possumus.

2025 1934 2173 1989 Dicta
2206 1937 2320 1992 haec
2351 1955 2418 1993 ne
2458 1942 2820 2012 perfunctorie
2863 1955 3135 2014 transeas,
3169 1951 3260 2005 sed
3297 1953 3570 2008 considera
3594 1998 3610 2020 ,

2024 2028 2238 2096 quando
2261 2045 2324 2085 ea
2355 2032 2558 2102 loquuti
2586 2045 2742 2101 sunt,
2770 2045 2825 2092 et
2844 2049 3041 2108 quanta
3073 2042 3287 2108 pietate.
3337 2044 3532 2101 Nam‘si
3563 2050 3612 2104 in

2025 2121 2239 2175 militari
2262 2126 2524 2189 convivio,
2558 2127 2646 2181 ubi
2672 2139 2895 2198 regnant
2914 2130 3147 2187 ebrietas
3169 2144 3221 2188 et
3248 2136 3610 2206 intemperan-

2026 2213 2094 2265 tia
2118 2255 2133 2279 ,
2190 2214 2278 2268 ubi
2317 2225 2553 2272 certatur
2572 2218 2641 2274 de
2689 2221 3095 2291 prodigalitate,
3148 2226 3234 2280 ubi
3262 2243 3395 2297 agon
3424 2241 3506 2284 est
3549 2232 3615 2285 de

2026 2306 2337 2361 temulenlia
2363 2317 2417 2362 ct
2443 2308 2670 2376 insania,
2697 2312 2774 2366 sic
2806 2313 3223 2383 ingemiscebant
3250 2329 3304 2372 et
3331 2319 3612 2390 lugebant:

2024 2400 2207 2467 quales
2234 2409 2386 2454 erant
2415 2401 2589 2466 domi,
2618 2418 2738 2457 cum
2761 2408 2858 2459 soli
2886 2408 3025 2462 inter
3060 2423 3118 2462 se
3144 2423 3362 2478 agerent
3382 2413 3404 2466 ?
3427 2415 3614 2482 quales

2025 2500 2177 2544 erant
2200 2491 2250 2544 in
2280 2493 2526 2561 precibus
2552 2504 2607 2548 et
2629 2496 2847 2564 jejuniis
2870 2539 2885 2562 ,
2917 2499 3004 2567 qui
3036 2499 3342 2555 deliciarum
3378 2513 3616 2574 tempore

2026 2589 2133 2634 tam
2187 2592 2581 2652 temperantes,
2626 2587 2917 2655 apostolica
2971 2605 3080 2657 prro
3126 2605 3184 2644 se
3229 2591 3471 2648 ferebant
3524 2611 3616 2665 pe-

2023 2675 2215 2727 ctora?
2259 2674 2534 2730 Cadebant
2579 2678 2690 2743 alii,
2725 2677 2776 2732 hi
2805 2694 2932 2733 vero
2961 2680 3252 2748 lugebant;
3303 2685 3464 2753 impie
3488 2701 3611 2754 age-

2025 2765 2154 2820 bant
2178 2767 2263 2820 alii
2289 2807 2305 2834 ,
2349 2767 2399 2821 hi
2426 2783 2557 2823 vero
2587 2770 2899 2825 urebantur.
2942 2773 3117 2842 Atque
3148 2774 3242 2842 ipsi
3297 2775 3365 2828 oh
3396 2775 3615 2830 fratrum

2025 2857 2389 2912 infirmitatem
2418 2873 2568 2913 suam
2595 2862 2878 2916 sanitatem
2912 2879 3014 2918 non
3045 2865 3343 2919 sentiebant
3379 2882 3392 2931 ;
3424 2867 3502 2920 sic
3525 2867 3618 2921 do-

2027 2948 2210 3004 lebant
2237 2960 2291 3004 et
2320 2951 2757 3021 lacrymabantur
2787 2954 2840 3008 in
2877 2955 3030 3008 malis
3054 2996 3069 3020 ,
3101 2972 3218 3025 qum.
3245 2967 3368 3011 tunc
3392 2958 3617 3021 ﬂebant,

2025 3043 2176 3111 quasi
2199 3045 2451 3098 universo
2479 3044 2677 3098 tnundo
2705 3054 2908 3101 tutores
2939 3045 3044 3100 dati
3067 3056 3264 3101 essent.
3308 3047 3491 3116 Neque
3531 3065 3618 3104 oc-
3703 3064 3707 3070 ‘

2024 3135 2223 3190 eultum
2267 3137 2362 3191 fuit
2409 3137 2535 3191 talia
2580 3153 2673 3192 eos
2724 3139 2924 3194 dixisse
2959 3157 2971 3192 :
3001 3155 3123 3193 nam
3171 3157 3235 3195 ex
3273 3141 3543 3196 sodalibus
3568 3154 3622 3196 et

2026 3229 2266 3283 convivis
2304 3228 2544 3283 adulator
2566 3239 2620 3284 et
2644 3230 2831 3284 irrisor
2856 3230 3072 3300 quidam
3099 3272 3113 3296 ,
3163 3232 3476 3302 obsequium
3519 3232 3621 3286 lm-

2025 3320 2256 3388 peratori
2301 3316 2572 3387 facturus,
2603 3321 2781 3374 omnia
2831 3331 2887 3376 ut
2925 3321 3063 3376 dicta
3095 3331 3248 3376 erant
3278 3323 3484 3376 detulit.
3532 3323 3623 3377 Illo

2026 3418 2237 3478 arrepta
2265 3411 2546 3465 occasione
2575 3411 2684 3479 jam
2726 3412 2813 3465 diu
2845 3412 3103 3482 quassita,
3147 3423 3392 3466 causatus
3433 3422 3516 3466 est
3558 3431 3620 3467 ex

2026 3504 2205 3558 verbis
2234 3503 2341 3557 illis
2367 3502 2663 3558 affectatam
2698 3506 3032 3575 tyrannidem
3055 3547 3069 3570 ,
3116 3515 3174 3558 ut
3202 3505 3269 3557 ita
3299 3521 3390 3559 eos
3420 3516 3620 3576 marty—

2028 3595 2093 3649 rii
2121 3610 2315 3650 corona
2350 3596 2618 3664 privaret,
2669 3605 2725 3651 et
2759 3596 2917 3666 jussit
2962 3596 3242 3667 publicatis
3288 3596 3624 3651 facultatibus

2028 3702 2214 3742 eorum
2242 3687 2492 3742 omnibus
2515 3731 2530 3754 ,
2572 3689 2743 3743 nudos
2769 3691 2820 3744 in
2848 3706 3120 3746 carcerem
3149 3690 3354 3758 conjici.
3403 3688 3481 3745 llli
3529 3705 3625 3742 au-

2029 3788 2137 3832 tem
2170 3779 2507 3848 gaudebant,
2540 3789 2594 3834 et
2619 3781 2957 3836 exsultabant
2983 3783 3224 3839 dicentes
3257 3821 3270 3832 -
3304 3779 3436 3858 Quid
3472 3795 3625 3848 nobis

2029 3871 2228 3925 divitiis
2273 3872 2613 3941 pretiosaque
2645 3883 2793 3928 veste
2837 3877 3012 3943 opus?
3054 3875 3098 3928 si
3121 3885 3174 3932 et
3203 3880 3467 3937 indusium
3497 3887 3622 3940 inti-

2029 3979 2174 4016 mum
2194 4004 2206 4023 .
2237 3978 2432 4030 nempe
2462 3979 2586 4017 caro
2607 4004 2620 4029 ,
2651 3974 2868 4033 prepler
2891 3964 3160 4023 Christum
3192 3975 3492 4029 exuendum
3521 3986 3624 4042 est,

2031 4069 2137 4107 non
2159 4054 2572 4117 obluctabimur,
2591 4055 2684 4109 sed
2704 4063 2896 4125 sponte
2914 4061 3294 4116 concedemus.
3315 4065 3462 4119 Tunc
3479 4067 3625 4137 signa

2030 4161 2217 4201 eorum
2263 4145 2510 4200 domibus
2554 4158 2914 4216 apponuntur,
2947 4151 3236 4223 omniaque
3280 4156 3621 4226 diripiuntur.

2032 4237 2200 4292 Porro
2229 4248 2285 4292 ut
2316 4237 2561 4292 homines
2591 4238 2645 4292 in
2675 4240 2897 4308 patriam
2932 4244 3115 4310 procul
3146 4246 3299 4299 sitam
3327 4249 3623 4316 migraturi,

2031 4331 2383 4384 substantiam
2421 4345 2633 4385 onmem
2665 4333 2718 4385 in
2751 4333 3028 4401 pecuniam
3051 4347 3426 4392 commutatam
3453 4355 3625 4412 sa-pe-

2031 4436 2256 4476 numero
2303 4425 2633 4491 praemittunt
2673 4441 2686 4477 :
2730 4424 2801 4478 ita
2851 4432 2906 4478 et
2952 4424 3059 4480 illis
3110 4428 3321 4483 accidit.
3366 4430 3623 4496 Quoniam

2032 4518 2172 4572 enim
2196 4518 2249 4571 in
2270 4517 2432 4571 ctelos
2454 4526 2608 4572 erant
2636 4517 2930 4583 transituri,
2957 4518 3185 4574 inimicis
3207 4522 3335 4590 ipsis
3356 4523 3623 4591 negotium

2033 4611 2312 4681 agentibus
2332 4651 2347 4676 ,
2389 4618 2444 4664 et
2472 4610 2524 4664 in
2569 4609 2668 4663 hoc
2697 4610 3120 4663 ministrantibus
3141 4651 3156 4676 ,
3199 4627 3328 4681 opes
3357 4629 3480 4667 suas
3502 4625 3626 4670 ante

2033 4720 2092 4760 se
2120 4705 2398 4759 miserunt.
2445 4703 2558 4756 Non
2591 4701 2733 4756 enim
2764 4702 2867 4754 illa:
2899 4709 3098 4755 tantum
3126 4718 3254 4771 opes
3275 4745 3290 4770 ,
3322 4720 3453 4774 quas
3481 4708 3624 4760 eice-

2033 4815 2272 4869 mosynze
2300 4796 2516 4850 nomine
2555 4794 2830 4864 largimur,
2872 4795 3264 4849 transferuntur
3303 4798 3353 4848 in
3394 4797 3581 4850 caelum
3609 4841 3624 4864 ,

2033 4889 2128 4945 sed
2151 4891 2310 4944 etiam
2339 4901 2702 4958 quascumque
2739 4886 2893 4939 nobis
2945 4888 3123 4939 hostes
3156 4885 3276 4941 ﬁdei
3313 4889 3628 4962 piorumque

2036 4965 2446 5055 perseqnuiores
2478 4978 2720 5050 rapiunt,
2757 4979 2862 5032 illic
2897 4977 3128 5031 thesauri
3159 4989 3335 5032 erunt.
3365 4980 3458 5035 Est
3484 4983 3626 5035 enim

2035 5075 2139 5129 hoc
2169 5089 2276 5128 non
2304 5073 2478 5126 minus
2503 5086 2662 5142 quam
2690 5069 2812 5123 illud
2844 5086 2856 5121 :
2888 5069 2953 5122 de
2974 5083 3081 5138 quo
3119 5070 3242 5124 audi
3280 5071 3406 5140 quid
3434 5071 3630 5124 Paulus

2034 5170 2176 5224 dicat
2215 5186 2228 5222 :
2269 5167 2337 5222 Et
2379 5167 2642 5237 rapinam,
2676 5162 2875 5233 inquit,
2917 5162 3163 5216 bonorum
3197 5176 3469 5218 vestrorum
3515 5181 3627 5217 cum

2035 5261 2222 5334 gaudio
2243 5259 2425 5312 tulistis
2449 5299 2463 5323 ,
2506 5264 2850 5326 exspectantes
2880 5271 2965 5308 vos
2995 5253 3177 5306 habere
3206 5253 3462 5306 meliorem.
3505 5255 3626 5306 sub-

2036 5352 2273 5415 stantiam
2293 5391 2309 5416 ,
2337 5357 2382 5402 et
2407 5357 2691 5400 manentem
2723 5346 2775 5398 in
2803 5345 2939 5399 rariis
2968 5345 2993 5416 (
3007 5343 3258 5398 Hebr-.10.
3285 5346 3347 5398 54
3363 5342 3408 5413 ).
3439 5341 3508 5398 Ut
3536 5359 3630 5398 an.

2038 5457 2145 5502 tem
2177 5443 2401 5514 ingressi
2419 5453 2543 5496 sunt
2570 5441 2620 5493 in
2651 5454 2944 5504 carcerem,
2964 5436 3217 5491 conﬂuxit
3241 5437 3308 5490 ad
3336 5451 3429 5490 eos
3454 5438 3629 5490 omnis

2037 5538 2223 5594 civitas
2248 5577 2263 5599 ,
2306 5533 2514 5588 tametsi
2544 5531 2724 5585 multis
2753 5530 3044 5584 terroribus
3065 5569 3078 5590 ,
3119 5528 3275 5581 minis
3301 5537 3354 5582 et
3381 5529 3628 5598 periculis

2037 5628 2378 5685 interdictum
2409 5632 2523 5679 erat
2547 5665 2560 5687 .
2612 5639 2678 5676 ne
2705 5623 2822 5692 quis
2861 5622 2940 5673 vel
2969 5619 3034 5672 ad
3059 5632 3152 5672 e03
3199 5619 3513 5680 accederet,
3550 5623 3626 5674 vel

2038 5721 2120 5777 eis
2150 5721 2478 5788 loqueretur,
2502 5714 2582 5768 vel
2612 5713 2798 5782 quovis
2821 5710 2980 5763 mod-0
3003 5710 3443 5763 communicaret.
3469 5711 3626 5780 Atqui

2041 5812 2199 5865 timor
2225 5807 2318 5862 Dei
2346 5807 2434 5860 illa
2459 5804 2634 5858 omnia
2666 5801 2899 5856 excuSsit
2926 5817 2938 5852 :
2971 5799 3110 5854 unde
3139 5800 3288 5854 multi
3308 5800 3379 5853 ob
3400 5814 3628 5853 consue-

2044 5904 2314 5967 tudinem,
2347 5915 2503 5969 quatu
2530 5912 2651 5950 cum
2681 5896 2786 5948 illis
2815 5893 3118 5959 habebant,
3159 5893 3280 5948 facti
3311 5903 3428 5948 sunt
3455 5903 3507 5947 et
3527 5894 3627 5963 ipsi
