4032 6502
463 456 570 512 575

465 579 766 640 martyres:
814 559 964 617 multi
999 556 1141 611 enim
1184 561 1487 620 contempta
1518 547 1765 620 prmsenti
1792 545 1897 599 vita
1939 545 2046 640 fre-

470 634 689 731 quenlef‘
714 669 809 711 eos
835 648 1098 705 visitando
1116 687 1131 711 ,
1161 642 1481 715 psalmodias
1503 652 1758 707 sacraque
1777 634 2049 707 pervigilia

466 730 825 808 celebrabant.
856 743 1023 799 Erant
1049 738 1435 794 familiaritates
1464 732 1571 787 illae
1610 730 1900 799 spiritualis
1926 743 2052 782 cru-

468 841 683 896 ditionis
712 848 870 908 atque
907 829 1288 889 consolationis
1328 826 1499 895 plena:
1531 842 1543 876 :
1574 833 1626 878 et
1656 824 1834 877 clausa
1877 820 2054 875 eccle-

470 939 544 989 sia
566 976 583 1004 ,
610 948 794 989 carcer
824 927 1049 984 ecclesia
1087 924 1257 978 factus
1302 927 1406 974 est.
1437 917 1620 987 Neque
1654 916 1687 969 ii
1726 915 1899 968 solum
1919 953 1933 977 ,
1967 911 2056 981 qui

471 1041 566 1083 eos
581 1022 883 1087 visebant,,
914 1017 1008 1072 sed
1044 1025 1097 1069 et
1135 1014 1222 1083 qui
1252 1012 1398 1065 intus
1436 1023 1556 1062 cum
1596 1007 1676 1061 eis
1720 1004 2055 1064 tenebantur,

474 1117 757 1172 maximam
787 1108 1098 1179 sapientiam
1143 1113 1199 1159 et
1240 1104 1490 1155 virtutem
1520 1113 1550 1152 a
1593 1096 1845 1167 patientia
1883 1103 1935 1147 et
1958 1091 2061 1146 lide

475 1223 658 1265 eorum
700 1203 997 1259 discebant.
1040 1199 1333 1267 imperator
1378 1201 1435 1247 ut
1482 1191 1598 1245 haec
1625 1188 1862 1252 audivit,
1909 1183 2062 1239 valde

476 1297 834 1355 stomachatus
867 1303 986 1351 est:
1030 1291 1251 1359 cupiens
1278 1297 1454 1341 tamen
1485 1299 1579 1339 eos
1619 1282 1982 1351 supplantare,
2010 1284 2066 1331 et

475 1394 543 1447 ab
570 1392 842 1444 alacritate
870 1401 963 1441 sua
1011 1383 1278 1452 dejicere,
1312 1379 1484 1434 fmdos
1520 1376 1781 1448 quosdam
1822 1372 2067 1426 homines

476 1496 531 1538 et
554 1481 969 1554 praestigiatores
1000 1473 1329 1537 subornavit,
1358 1470 1473 1542 qui,
1502 1470 1545 1523 si
1573 1465 1783 1537 quando
1808 1464 2069 1554 privatum

476 1553 799 1643 colloquium
827 1584 946 1624 sese
971 1567 1210 1629 olferret,
1231 1579 1335 1617 non
1367 1571 1423 1616 ut
1452 1561 1519 1615 ab
1546 1559 1872 1629 lmperatore
1898 1553 2067 1618 missi,

479 1666 573 1721 sed
602 1663 753 1736 quasi
780 1661 998 1732 proprio
1033 1657 1258 1712 consilio
1303 1654 1354 1708 id
1385 1661 1600 1723 agentes
1621 1690 1635 1715 ,
1664 1649 2073 1704 adhortarentur

482 1770 541 1811 ut
571 1772 601 1809 a
644 1754 901 1823 religione
939 1750 1199 1805 desistant
1236 1755 1291 1800 et
1318 1744 1384 1798 ad
1412 1744 1738 1814 impietatem
1779 1745 2070 1793 transeant.

484 1846 740 1901 Dicebant
777 1844 919 1898 enim
954 1858 966 1893 :
995 1839 1082 1894 Sic
1128 1854 1232 1891 non
1270 1835 1439 1890 solum
1471 1833 1755 1886 imminens
1780 1829 2073 1899 periculum

482 1938 787 2009 eti'ugietis,
841 1934 935 1988 sed
982 1929 1445 2001 majoridignitate
1472 1921 1777 1989 honestati,
1820 1921 2076 1989 majorem

485 2044 699 2100 quoque
738 2026 1087 2095 principatum
1126 2019 1366 2088 adepturi
1404 2017 1567 2083 estis,
1616 2012 1957 2082 imperatoris
2001 2011 2078 2063 ira

487 2122 712 2177 feliciter
733 2117 958 2187 placata.
988 2113 1173 2167 Nonne
1204 2110 1411 2164 vidistis
1440 2118 1494 2162 et
1524 2107 1657 2160 alios
1680 2104 1845 2159 vestri
1875 2101 2079 2157 ordinis

487 2211 717 2282 idipsum
741 2205 972 2263 fecisse?
998 2205 1201 2273 Quibus
1229 2202 1303 2255 illi
1330 2198 1722 2269 responderunt
1748 2213 1762 2250 :
1796 2195 1953 2264 Atqui
1984 2208 2081 2249 nos

487 2303 587 2358 hac
616 2301 947 2373 potissimum
974 2297 1181 2351 ratione
1206 2294 1427 2348 viriliter
1464 2291 1762 2357 stabimus,
1801 2297 1860 2342 ut
1887 2302 1983 2358 pro
2014 2287 2081 2340 il-

488 2397 659 2449 lorum
689 2393 837 2461 lapsu
868 2389 1224 2458 nosmetipsos
1255 2387 1307 2439 in
1336 2384 1594 2439 sacrificia
1623 2381 1932 2437 offeramus.
1976 2378 2082 2435 Be-

492 2486 685 2556 nignus
729 2481 884 2537 nobis
912 2479 1166 2534 Dominus
1191 2486 1274 2531 est
1306 2492 1321 2529 :
1352 2475 1488 2529 solet
1526 2474 1688 2528 etiam
1716 2486 1822 2526 uno
1863 2478 2084 2539 accepto

491 2573 752 2630 sacriﬁcio
781 2570 878 2626 toti
899 2569 1018 2624 orbi
1040 2567 1338 2622 conciliari.
1368 2567 1437 2619 At
1464 2565 1601 2618 sicut
1626 2563 1753 2615 olim
1797 2570 1905 2617 tres
1935 2559 2085 2630 pueri

489 2666 743 2721 dixerunt
772 2681 786 2717 :
817 2661 939 2716 Non
961 2670 1031 2714 est
1055 2660 1107 2713 in
1130 2669 1349 2730 tempore
1374 2656 1469 2710 hoc
1494 2656 1726 2725 princeps
1747 2663 1792 2708 et
1815 2655 2083 2725 propheta,

490 2769 540 2812 et
566 2757 671 2811 dua:
691 2799 705 2822 ,
748 2771 908 2823 neque
948 2753 1299 2806 holocaustum
1319 2791 1334 2816 ,
1368 2766 1527 2815 neque
1550 2749 1890 2816 sacri/icium,
1931 2762 2087 2816 neque

494 2851 635 2904 locus
663 2846 904 2914 afferendi
935 2859 1107 2898 coram
1145 2851 1224 2908 te,
1273 2851 1329 2894 ut
1356 2841 1603 2911 possimus
1647 2839 1867 2893 invenire
1894 2838 2090 2892 miseri-

496 2938 741 3001 cordiam,
789 2936 877 2988 sed
914 2934 967 2987 in
1014 2934 1182 2986 animo
1228 2931 1442 2984 contrito
1485 2939 1532 2983 et
1570 2931 1752 3000 spiritu
1790 2928 2088 2982 humilitatis

495 3030 830 3100 suscipiantur
860 3026 1032 3098 (Dan.
1067 3027 1119 3081 5.
1148 3025 1237 3080 '58.
1268 3023 1376 3095 59)
1406 3042 1419 3077 :
1448 3024 1518 3077 ita
1540 3031 1593 3075 et
1615 3031 1877 3093 martyres
1904 3021 1979 3075 illi
2007 3020 2088 3074 vi-

496 3123 684 3176 dentes
711 3120 898 3173 altaria
928 3120 1206 3184 subversa,
1236 3116 1446 3171 clausas
1475 3115 1751 3181 ecclesias,
1783 3112 2091 3169 sacerdotes

498 3213 680 3282 pulsos
701 3252 718 3279 ,
749 3211 932 3266 fideles
969 3224 1158 3265 omnes
1189 3207 1427 3278 fugatos,
1455 3205 1741 3264 studebant
1765 3216 1817 3261 ut
1847 3221 1949 3278 pro
1976 3222 2093 3261 om-

499 3288 655 3360 nibus
680 3304 1000 3359 oﬂ‘errentur
1023 3304 1269 3370 Domino,
1302 3304 1609 3374 relictisque
1636 3303 1953 3360 militaribus
1980 3311 2095 3358 tur-

498 3399 622 3463 tnis,
653 3398 908 3467 angelicis
934 3411 1054 3452 sese
1083 3397 1265 3452 choris
1292 3394 1663 3467 adjungerent.
1688 3396 1908 3452 Etiamsi
1928 3411 2090 3463 nunc,

419 3535 425 3541 .
497 3489 743 3555 aiebant,
777 3504 881 3543 non
906 3488 1216 3553 moriamur,
1252 3488 1589 3543 moriendum
1616 3497 1792 3543 tamen
1819 3489 2094 3559 etpatien-

497 3579 622 3633 dum
647 3579 749 3632 hoc
775 3587 856 3633 cst
888 3595 993 3632 non
1025 3580 1193 3632 multo
1233 3579 1476 3649 posthac.
1521 3579 1698 3634 Satius
1732 3580 1891 3649 igitur
1936 3579 2096 3634 fuerit

502 3669 636 3723 mori
662 3684 756 3738 pro
779 3668 924 3738 Rege
948 3670 1280 3738 angelorum,
1305 3685 1465 3739 quam
1492 3684 1590 3739 pro
1615 3686 1740 3740 rege
1770 3678 1875 3724 tam
1899 3671 2090 3740 impio;

500 3762 668 3815 satius
697 3759 856 3814 fuerit
889 3775 986 3830 pro
1010 3761 1177 3829 patria
1202 3762 1402 3816 caelesti
1427 3777 1574 3816 arma
1603 3762 1903 3831 deponere,
1933 3778 2092 3833 quam

500 3865 602 3919 pro
633 3860 843 3905 terrena
870 3860 927 3906 et
951 3867 1107 3920 quam
1141 3852 1363 3921 pedibus
1383 3853 1669 3908 calcamus.
1704 3854 1801 3909 llic
1838 3855 1937 3909 etsi
1975 3856 2094 3926 quis

501 3944 785 4009 moriatur,
830 3942 964 3997 nihil
992 3944 1218 4014 accipiet
1262 3945 1329 3999 ab
1358 3943 1691 4013 Imperatore
1740 3962 1833 4001 sua
1878 3948 2095 4018 dignum

502 4032 832 4087 fortitudine.
881 4034 950 4087 Et
988 4034 1112 4103 quid
1168 4046 1353 4103 posset
1406 4035 1567 4089 homo
1610 4034 1863 4091 defuncto
1910 4042 2096 4108 gratiae

496 4112 793 4178 conferre?
817 4124 979 4193 Atqui
1018 4123 1067 4178 ei
1094 4138 1462 4195 saepenumero
1489 4141 1557 4179 ne
1580 4126 1852 4196 sepultura
1880 4127 2094 4198 quidem

502 4214 794 4284 contingit,
835 4225 889 4269 et
919 4231 1023 4269 non
1044 4231 1166 4270 raro
1189 4232 1219 4270 a
1249 4218 1472 4272 canibus
1509 4217 1817 4273 devoratur.
1867 4219 2017 4287 Quod
2050 4221 2095 4275 si

504 4321 603 4375 pro
650 4304 794 4376 Rege
828 4305 1138 4375 angelorum
1180 4308 1373 4362 mortui
1407 4308 1662 4364 fuerimus
1684 4351 1700 4376 ,
1747 4311 1879 4366 certi
1914 4326 2098 4368 sumus

505 4412 603 4450 nos
631 4405 943 4464 accepturos
971 4413 1168 4470 corpus
1199 4399 1366 4453 multo
1384 4400 1690 4469 gloriosius,
1715 4401 1901 4471 majori
1931 4404 2097 4472 gloria

503 4487 776 4557 conSpicui
798 4487 998 4542 erimus
1018 4531 1033 4556 ,
1067 4488 1224 4559 longe
1254 4489 1453 4558 majora
1483 4491 1637 4545 nobis
1666 4502 1825 4547 erunt
1854 4493 2095 4549 laborum

507 4578 723 4646 j-rmmia
743 4619 759 4645 ,
797 4589 852 4633 et
888 4594 1088 4634 corona
1117 4579 1483 4635 redimiemur.
1528 4581 1758 4638 Proinde
1783 4584 2099 4652 arripiamus

504 4684 654 4724 arma
694 4670 989 4740 spiritualia
1027 4687 1040 4725 :
1074 4688 1182 4725 non
1228 4687 1363 4742 opus
1387 4672 1579 4742 jaculis
1604 4682 1658 4728 et
1698 4674 1925 4729 arcubus
1948 4716 1963 4740 ,
1993 4692 2098 4730 non

504 4759 624 4812 aliis
649 4761 811 4815 armis
837 4777 954 4830 qua:
975 4762 1074 4817 sub
1099 4744 1551 4831 sensus'cadunt;
1585 4766 1779 4822 sufficit
1808 4782 1903 4836 pro
1928 4767 2100 4821 onini-

507 4850 608 4905 bus
629 4850 825 4920 lingua.
868 4852 1005 4906 Snot
1037 4856 1179 4908 enim
1207 4862 1263 4908 et
1289 4863 1596 4910 sanctorum
1622 4872 1715 4912 ora
1742 4858 2004 4927 pharetra:
2024 4901 2039 4927 ,
2068 4875 2100 4914 e

506 4942 699 5012 quibus
725 4942 986 4999 diabolico
1018 4947 1177 5016 capiti
1214 4946 1454 5003 continui
1480 4956 1536 5002 et
1562 4948 1735 5004 crebri
1787 4949 1924 5004 ictus
1960 4949 2099 5005 infe-

507 5045 719 5091 runtur.

581 5128 636 5183 5.
677 5126 878 5181 Juliani
906 5128 1164 5198 Apostata:
1189 5131 1460 5185 calliditas.
1489 5129 1793 5186 Juventinus
1845 5142 1892 5187 et
1922 5133 2099 5188 Μακί-

507 5224 673 5276 minus
699 5222 866 5293 capite
892 5230 1213 5276 trmtcautur.
1243 5253 1312 5264 ——
1335 5222 1586 5279 Nuntiata
1616 5234 1740 5280 sunt
1770 5235 1825 5281 ef.
1864 5226 1979 5280 haec
2018 5236 2101 5282 at-

507 5328 611 5383 que
634 5315 829 5369 similia
858 5314 1191 5384 Imperatori,
1224 5318 1315 5386 qui
1346 5332 1445 5372 nec
1472 5319 1695 5386 destitit,
1720 5320 1813 5375 sed
1836 5320 2101 5376 illecebris

508 5402 701 5458 iterum
721 5415 883 5478 atque
906 5406 1096 5461 iterum
1127 5407 1248 5461 illos
1276 5412 1521 5463 tentavit.
1549 5411 1619 5463 lta
1644 5420 1821 5465 autem
1844 5411 2100 5467 subdolus

511 5493 602 5547 ille
629 5499 1001 5553 etcallidosac
1033 5498 1246 5566 sapiens
1266 5499 1330 5553 ad
1362 5501 1500 5555 male
1520 5501 1781 5570 agendum
1816 5518 1928 5558 rem
1973 5518 2103 5557 con-

511 5586 786 5650 cinnavit,
834 5597 893 5641 ut
930 5590 976 5642 si
1015 5589 1272 5646 cederent
1293 5594 1454 5659 victi,
1500 5594 1599 5647 sub
1628 5593 1865 5648 omnium
1914 5598 2102 5652 oculos

519 5676 960 5743 producerentur,
983 5689 1038 5734 et
1063 5680 1317 5749 efficeret,
1348 5684 1820 5740 utsacrilicarent:
1850 5688 1932 5741 sin
1976 5704 2103 5759 per-

517 5776 850 5833 severarent,
874 5776 1249 5839 tantamquein
1287 5790 1459 5846 pugna
1489 5772 1853 5833 fortitudinem
1882 5779 2104 5835 exhibe-

517 5863 657 5922 rent,
689 5868 796 5909 non
820 5858 1096 5914 manifesta
1116 5861 1249 5919 foret
1275 5869 1488 5923 illorum
1513 5865 1729 5922 victoria
1751 5908 1769 5938 ,
1823 5870 1917 5927 sed
1943 5872 2094 5942 quasi

1181 441 1241 497 S.
1278 434 1557 496 JOANNIS
1594 427 2069 493 CHRYSOSTOMI
2105 426 2422 485 ARClilEP.
2464 425 3000 485 CONS’I‘ANTINOP.

3670 427 3768 483 57'?

2156 538 2417 595 affectatae
2473 538 2770 609 tyrannidis
2811 538 2887 593 rei
2934 548 3344 593 truncarentur.
3381 539 3459 593 At
3493 538 3588 608 qui
3618 555 3769 598 reve-

2156 631 2230 686 lat
2252 628 2513 700 profunda
2538 639 2591 684 et
2623 629 2822 695 abdita,
2873 643 2983 683 non
3013 628 3281 698 permisit,
3316 638 3385 683 ut
3413 628 3770 686 machinatio-

2159 738 2255 777 nes
2282 721 2386 776 illa:
2413 721 2635 775 occultae
2678 729 2992 789 manerent,
3030 728 3087 776 et
3116 720 3319 791 ignota:
3376 720 3639 779 insidiae:
3683 726 3768 779 sed

2159 813 2607 883 quemadmodum
2638 813 2727 868 illa
2757 814 2950 869 mulier
2979 812 3228 885 Egyptia
3267 814 3590 885 Josephum
3616 817 3670 870 in
3694 832 3770 869 cu-

2162 904 2342 959 biculo
2368 919 2431 959 ac
2455 904 2745 960 solitudine
2771 905 2937 960 multa
2990 904 3424 976 apprehendens
3473 904 3643 977 (Gen.
3686 909 3769 963 '59.

2166 1001 2254 1069 11)
2277 1039 2293 1065 ,
2324 1000 2449 1053 licet
2471 1007 2717 1069 speraret
2744 997 2941 1054 factum
2967 1014 3124 1054 suum
3167 1000 3311 1054 clam
3363 999 3494 1054 fore
3530 1000 3771 1055 omnibus

2170 1092 2492 1155 hominibus,
2520 1106 2627 1145 non
2656 1090 2753 1145 fuit
2784 1101 2964 1145 tamen
2990 1091 3225 1158 occulta,
3258 1091 3352 1146 vel
3384 1093 3559 1147 oculo
3588 1092 3665 1146 illi
3687 1109 3771 1148 so-

2170 1184 2316 1253 poris
2344 1183 2550 1247 nescio,
2571 1183 2654 1236 vel
2684 1182 2979 1252 p05|eriluli
3001 1198 3016 1247 ;
3037 1182 3133 1237 sed
3154 1182 3295 1252 quod
3314 1184 3541 1254 absque
3562 1185 3773 1239 arbitrio

2172 1275 2260 1330 illa
2286 1274 2521 1344 Josepho
2547 1274 2699 1339 dixit,
2729 1274 2779 1328 id
2802 1290 2942 1328 nunc
2971 1274 3151 1344 ibique
3189 1284 3473 1330 terrarum
3527 1276 3730 1331 canitur
3756 1292 3770 1332 :

2174 1367 2245 1422 ita
2270 1374 2326 1422 ct
2353 1382 2414 1420 ea
2435 1381 2553 1436 qua:
2581 1381 2676 1435 per
2696 1366 3018 1420 subornatos
3042 1366 3394 1421 consiliarios
3417 1368 3514 1423 ille
3532 1367 3773 1438 loqueba-

2178 1469 2263 1514 tur
2298 1474 2523 1530 spcrans
2544 1460 2749 1513 occulta
2779 1458 2912 1525 fore,
2945 1475 3278 1530 nequaquam
3333 1470 3664 1516 manserunt
3689 1477 3774 1517 or-

2176 1555 2341 1610 culta.
2386 1554 2694 1607 Didicerunt
2722 1553 2864 1607 enim
2900 1554 3105 1624 posteri
3132 1569 3324 1608 omnes
3358 1562 3420 1608 et
3470 1554 3693 1609 insidias
3730 1571 3775 1609 et

2180 1647 2620 1717 triumphantium
2645 1648 2920 1700 victorias.
2968 1645 3209 1715 Denique
3254 1660 3413 1709 cum,
3450 1645 3627 1699 multo
3657 1656 3773 1700 tem-

2181 1754 2312 1809 pore
2330 1746 2539 1802 exacto,
2565 1737 2897 1791 alacritatem
2919 1752 3104 1790 eorum
3128 1753 3234 1791 non
3257 1738 3447 1791 solum
3474 1754 3587 1792 non
3639 1738 3772 1791 fran-

2181 1839 2332 1901 geret
2352 1830 2693 1894 diuturnitas,
2727 1827 2821 1883 sed
2842 1829 3020 1899 potius
3044 1829 3281 1883 studium
3308 1840 3371 1885 et
3410 1830 3666 1883 ardorem
3690 1844 3772 1884 ex—

2182 1923 2396 1987 citaret,
2417 1920 2861 1991 annulatorcsque
2881 1919 3079 1975 multos
3108 1919 3330 1986 faceret,
3362 1920 3536 1991 jussit
3580 1920 3775 1975 tandem

2184 2015 2364 2071 media
2390 2023 2547 2069 nocte
2590 2014 2644 2068 in
2704 2014 3019 2069 barathrum
3045 2028 3142 2069 eos
3184 2014 3406 2068 abduci.
3454 2014 3776 2068 Duceliantur

2186 2106 2434 2178 itaquein
2459 2107 2648 2161 mediis
2673 2107 2907 2162 tenebris
2922 2108 3224 2172 luminaria,
3257 2117 3312 2162 et
3333 2108 3416 2162 illi
3446 2106 3775 2163 decollaban-

2190 2210 2299 2255 tur.
2327 2198 2589 2254 Craterum
2622 2199 2798 2269 capita
2842 2198 3160 2255 detruncata
3202 2208 3331 2254 tunc
3373 2198 3601 2254 diabolo
3628 2198 3775 2265 magis

2190 2291 2446 2347 terribilia
2486 2300 2661 2357 erant,
2713 2305 2871 2360 quam
2913 2305 3036 2345 cum
3073 2289 3248 2344 adhuc
3283 2305 3484 2346 vocem
3530 2289 3714 2345 darent
3761 2305 3773 2338 :

2140 2384 2331 2451 Isicut
2401 2392 2456 2437 et
2530 2392 2692 2452 caput
2748 2380 2972 2437 Joannis
3049 2398 3155 2438 non
3212 2391 3429 2437 tantum
3502 2384 3772 2442 terrebat,

2189 2490 2311 2531 cum
2330 2474 2660 2545 loqueretur,
2696 2484 2953 2545 quantum
2983 2489 3107 2529 cum
3137 2475 3190 2530 in
3213 2475 3370 2531 disco
3394 2487 3607 2531 mutum
3635 2473 3775 2527 θῆρε·-

2191 2578 2362 2625 rctur.
2394 2567 2565 2623 [labet
2579 2568 2723 2623 enim
2750 2575 2807 2621 et
2829 2576 3135 2622 sanctorum
3156 2568 3380 2637 sanguis
3401 2582 3561 2623 suam
3587 2578 3770 2626 vocem.

2191 2677 2312 2733 quae
2341 2677 2448 2716 non
2477 2677 2570 2731 per
2593 2675 2752 2716 aures
2778 2661 3014 2724 auditur,
3042 2660 3136 2715 sed
3162 2658 3537 2718 occidentium
3579 2658 3769 2713 consci-

2193 2753 2393 2808 entiam
2424 2752 2645 2807 invadit.
2685 2752 2813 2807 Post
2841 2752 3050 2807 beatam
3081 2752 3226 2807 illam
3271 2752 3487 2807 cacdem
3530 2750 3730 2821 quidam
3759 2787 3773 2812 ,

2197 2844 2357 2900 etiam
2387 2859 2509 2900 cum
2527 2844 2716 2900 salutis
2737 2843 2998 2913 periculo,
3028 2842 3259 2898 athletas
3285 2844 3419 2899 illos
3438 2844 3671 2914 optimos
3702 2855 3771 2893 ra-

2197 2946 2446 3007 puerunt,
2468 2937 2627 2991 etiam
2644 2935 2743 3004 ipsi
2771 2935 2877 2989 vivi
2903 2946 3188 3005 martyres,
3208 2946 3267 2990 ut
3292 2936 3518 2991 illorum
3542 2930 3773 3001 reliquias

2196 3038 2447 3083 curarent
2476 3027 2751 3082 decenter.
2779 3026 2914 3081 Nam
2940 3028 3184 3096 quamvis
3214 3042 3321 3083 non
3360 3027 3737 3083 occidebantur
3755 3062 3769 3084 .

2197 3118 2454 3189 Optabant
2482 3127 2660 3173 tamen
2687 3118 2862 3183 mori;
2886 3118 3085 3187 illoque
3102 3117 3263 3173 modo
3292 3117 3364 3173 ad
3385 3116 3646 3188 rapienda
3665 3128 3768 3168 cor-

2201 3225 2330 3281 pora
2357 3209 2582 3281 profecti
2604 3217 2747 3263 sunt.
2774 3209 2967 3264 Dicunt
2985 3209 3076 3278 qui
3108 3216 3235 3264 tunc
3262 3208 3495 3273 atl'uere,
3519 3217 3576 3264 et
3589 3205 3761 3277 quibus

2202 3317 2429 3372 corpora
2460 3302 2548 3357 illa
2578 3316 2765 3357 recens
2790 3301 2967 3356 occisa
3008 3300 3196 3358 videre
3227 3300 3411 3356 datum
3456 3300 3556 3355 fuit
3582 3340 3597 3366 ,
3647 3293 3768 3367 quod

2205 3395 2514 3466 jacentib-us
2546 3395 2707 3449 simul
2738 3394 2839 3449 illis
2867 3402 2993 3448 ante
3013 3395 3364 3464 sepulturam,
3399 3395 3525 3450 talis
3550 3390 3766 3464 quadam

2202 3502 2265 3541 ex
2290 3501 2473 3540 eorum
2502 3486 2670 3540 oculis
2686 3495 2741 3540 et
2760 3485 2906 3541 vultu
2933 3486 3105 3555 gratia
3128 3486 3551 3556 resplenduerit,
3580 3481 3767 3556 qualem

2200 3578 2254 3633 in
2282 3577 2553 3646 Stephano
2604 3576 2802 3631 Judaeis
2843 3591 3170 3646 responsura
3221 3576 3389 3634 fuisse
3438 3578 3609 3633 Lucas
3651 3573 3764 3628 dicit

2201 3671 2341 3743 (Act.
2364 3672 2417 3726 ὕ.
2452 3672 2575 3742 i5);
2611 3687 2786 3742 neque
2807 3671 2945 3725 ullus
2980 3679 3084 3738 est,
3141 3671 3235 3741 qui
3263 3687 3370 3727 non
3430 3672 3518 3743 pio
3566 3665 3768 3740 quodam

2203 3778 2326 3817 cum
2352 3762 2577 3817 horrore
2600 3762 2706 3815 illis
2730 3762 3039 3817 adstiterit:
3073 3761 3475 3833 adeoaspectus
3491 3763 3579 3817 ille
3590 3757 3767 3815 afficie-

2204 3854 2297 3909 bat
2321 3869 2534 3910 onines.
2564 3854 2705 3922 Quin
2733 3864 2789 3911 et
2816 3870 3004 3910 omnes
3041 3855 3344 3911 clamabant
3372 3857 3430 3911 in
3459 3854 3664 3912 laudem
3692 3864 3760 3903 ea

2202 3961 2320 4001 runt
2344 3987 2358 4009 ,
2416 3946 2465 4000 id
2488 3944 2631 4014 quod
2661 3961 2691 4000 a
2718 3945 2916 4001 Davide
2940 3945 3141 4000 dictum
3170 3963 3184 4000 :
3211 3944 3280 4000 In
3306 3948 3411 4000 vita
3432 3963 3526 4002 sua
3550 3959 3647 3999 non
3671 3947 3767 3993 sum

2200 4039 2443 4108 separati,
2476 4050 2524 4092 et
2547 4040 2600 4093 in
2630 4049 2787 4093 morte
2814 4056 2915 4093 non
2943 4048 3059 4093 sunt
3084 4039 3231 4094 divisi
3274 4040 3352 4110 (Ξ.
3409 4040 3539 4111 Reg.
3586 4036 3630 4090 1.
3668 4030 3766 4099 25).

2204 4135 2410 4189 Pariter
2448 4135 2590 4189 enim
2619 4135 2851 4189 confessi
2879 4145 3024 4199 sunt,
3054 4135 3252 4204 pariter
3279 4149 3552 4191 carcerem
3581 4124 3767 4185 inhabio

2205 4234 2404 4288 tarunt,
2431 4226 2636 4296 pariter
2663 4227 2715 4280 in
2747 4226 3056 4281 barathrum
3079 4226 3295 4281 abducti
3316 4238 3465 4292 sunt,
3488 4224 3675 4295 pariter
3691 4231 3767 4271 ca-

2204 4317 2315 4386 pite
2345 4317 2587 4372 mulctati
2611 4324 2754 4383 sunt,
2787 4327 2843 4373 et
2869 4333 2975 4371 una
3001 4317 3219 4388 capsula
3251 4319 3532 4390 utriusque
3567 4319 3763 4379 corpora

2205 4418 2385 4464 tenet:
2415 4422 2471 4465 et
2514 4426 2677 4464 unum
2708 4425 2922 4480 quoque
2966 4412 3371 4468 tabernaculum
3417 4414 3472 4467 in
3510 4409 3646 4467 caelis
3685 4414 3764 4457 eos

2203 4501 2454 4570 excipiet,
2476 4500 2688 4571 quando
2722 4500 2912 4571 majori
2934 4512 3057 4557 sunt
3087 4503 3178 4557 illa
3203 4519 3326 4558 cum
3378 4504 3542 4574 gloria
3594 4507 3767 4553 resum-

2206 4592 2369 4661 pturi.
2405 4591 2531 4646 Illos
2565 4608 2671 4646 non
2695 4592 2969 4662 indignum
3000 4594 3159 4648 fuerit
3186 4604 3239 4649 et
3266 4596 3561 4658 columnas,
3588 4601 3636 4646 et
3660 4598 3762 4639 sco-

2207 4684 2380 4754 pulos,
2408 4693 2462 4738 et
2484 4692 2684 4748 turres,
2709 4695 2763 4739 et
2792 4685 3096 4749 luminaria,
3121 4696 3176 4740 et
3203 4696 3389 4741 tauros
3409 4686 3562 4742 simul
3603 4675 3763 4749 appei‘

2207 4773 2337 4829 lare.
2367 4775 2498 4829 Nam
2529 4776 2822 4830 Ecclesiam
2848 4777 2986 4830 sicut
3003 4779 3275 4832 columnae
3317 4780 3595 4838 sustinent,
3645 4770 3760 4823 sic“l

2207 4877 2383 4922 turres
2404 4869 2680 4933 muniunt;
2713 4878 2767 4922 et
2808 4870 2949 4924 sicut
2976 4871 3178 4940 scopuli
3216 4886 3405 4925 omnes
3442 4868 3650 4925 insidias
3688 4874 3759 4913 re-

2206 4959 2431 5029 pellunt,
2462 4961 2684 5013 multam
2713 4961 2798 5023 iis,
2826 4961 2916 5030 qui
2944 4960 3089 5015 intus
3114 4971 3262 5025 sunt,
3309 4961 3588 5017 afferentes
3633 4963 3757 5006 tran-

2204 5052 2520 5121 quillitatem
2543 5070 2559 5119 ;
2586 5053 2725 5108 sicut
2760 5054 3047 5109 luminaria
3094 5056 3342 5110 tenebras
3384 5050 3655 5126 impietatis
3677 5044 3760 5097 dis.

2207 5153 2494 5198 cusserunt
2520 5161 2533 5209 ;
2566 5153 2621 5201 et
2648 5146 2787 5199 sicut
2823 5147 2958 5200 tauri
2983 5147 3158 5200 anima
3190 5154 3246 5201 et
3271 5161 3497 5216 corpore
3528 5133 3754 5215 prompti-

2208 5234 2494 5303 tudineque
2515 5236 2700 5290 eadem
2723 5251 2887 5291 suave
2903 5235 3100 5292 Christi
3125 5237 3312 5307 jugum
3344 5248 3566 5294 traxere.
3584 5227 3755 5287 ldcirco

2206 5340 2349 5395 smne
2369 5342 2462 5381 eos
2489 5328 2801 5392 invisamus,
2833 5331 3103 5399 capsulam
3125 5331 3474 5401 attingamus,
3497 5326 3751 5395 magum“

2208 5417 2312 5471 fide
2336 5418 2587 5488 reliquias
2604 5435 2798 5475 eorum
2836 5422 3263 5492 complectamur
3283 5465 3297 5488 ,
3329 5432 3387 5477 ut
3415 5423 3537 5478 inde
3562 5407 3748 5472 benedi‘

2206 5509 2437 5563 ctionem
2454 5510 2686 5580 aliquam
2712 5528 3083 5583 assequamur.
3105 5514 3310 5569 Etenim
3330 5516 3467 5571 sicut
3481 5511 3655 5569 milites
3668 5499 3747 5553 νυί·

2207 5617 2334 5657 nera
2355 5618 2475 5672 qure
2500 5604 2551 5657 in
2577 5606 2771 5673 praeiiis
2793 5607 2896 5659 sibi
2918 5607 3117 5661 inflicta
3132 5617 3257 5662 sunt
3282 5609 3394 5679 regi
3413 5604 3746 5664 monstraan

2207 5691 2433 5748 fidenter
2458 5695 2787 5765 loquuntur:
2822 5698 2894 5750 ita
2924 5706 2976 5750 et
3001 5697 3075 5750 illi
3106 5698 3156 5751 in
3189 5698 3440 5754 manibus
3471 5694 3741 5752 absectaﬂ'

2208 5787 2317 5853 Pila
2345 5795 2638 5854 geStantes,
2671 5797 2725 5841 et
2762 5788 2815 5842 in
2848 5784 3082 5845 medium
3110 5790 3417 5857 afferentes,
3445 5785 3742 5861 quaecumque

2214 5876 2480 5933 voluerint
2507 5879 2644 5949 apud
2678 5878 2881 5951 Regem
2904 5881 3161 5938 emtorqu
3204 5882 3492 5955 impetrare
3541 5874 3738 5953 possunt.
