  <div class='ocr_page' id='page_1' title='image "/cluster/home/n/w/nwhite01/storage/ocr_20150623/50:no.2:pt.2/coo.31924054869494/172.png"; bbox 0 0 4032 6456; ppageno 0'>
   <div class='ocr_carea' id='block_1_1' title="bbox 182 407 306 464">
    <p class='ocr_par' dir='ltr' id='par_1_1' title="bbox 182 407 306 464">
     <span class='ocr_line' id='line_1_1' title="bbox 182 407 306 464; baseline 0.04 -6"><span class='ocrx_word' id='word_1_1' title='bbox 182 407 306 464; x_wconf 72' lang='lat'>575</span> 
     </span>
    </p>
   </div>
   <div class='ocr_carea' id='block_1_2' title="bbox 214 508 1885 591">
    <p class='ocr_par' dir='ltr' id='par_1_2' title="bbox 214 508 1885 591">
     <span class='ocr_line' id='line_1_2' title="bbox 214 508 1885 591; baseline -0.013 -9"><span class='ocrx_word' id='word_1_2' title='bbox 214 522 507 586; x_wconf 77' lang='grc' dir='ltr'>τελοῦντο,</span> <span class='ocrx_word' id='word_1_3' title='bbox 527 518 848 591; x_wconf 74' lang='grc' dir='ltr'>παννυχίδες</span> <span class='ocrx_word' id='word_1_4' title='bbox 882 516 1057 589; x_wconf 73' lang='grc' dir='ltr'>ἱεραὶ,</span> <span class='ocrx_word' id='word_1_5' title='bbox 1098 512 1377 569; x_wconf 72' lang='grc' dir='ltr'>συνουσίαι</span> <span class='ocrx_word' id='word_1_6' title='bbox 1413 508 1765 572; x_wconf 80' lang='grc' dir='ltr'>διδασκαλίας</span> <span class='ocrx_word' id='word_1_7' title='bbox 1791 508 1885 577; x_wconf 83' lang='grc' dir='ltr'>γέ-</span> 
     </span>
    </p>
   </div>
   <div class='ocr_carea' id='block_1_3' title="bbox 186 594 1891 685">
    <p class='ocr_par' dir='ltr' id='par_1_3' title="bbox 186 594 1891 685">
     <span class='ocr_line' id='line_1_3' title="bbox 186 594 1891 685; baseline -0.012 -18"><span class='ocrx_word' id='word_1_8' title='bbox 186 628 410 685; x_wconf 80' lang='grc' dir='ltr'>μουσαι</span> <span class='ocrx_word' id='word_1_9' title='bbox 467 605 868 678; x_wconf 66' lang='grc' dir='ltr'>πνευματικῆς,</span> <span class='ocrx_word' id='word_1_10' title='bbox 897 604 994 659; x_wconf 75' lang='grc' dir='ltr'>καὶ</span> <span class='ocrx_word' id='word_1_11' title='bbox 1048 603 1147 675; x_wconf 84' lang='grc' dir='ltr'>τῆς</span> <span class='ocrx_word' id='word_1_12' title='bbox 1185 599 1481 672; x_wconf 76' lang='grc' dir='ltr'>ἐκκλησίας</span> <span class='ocrx_word' id='word_1_13' title='bbox 1513 594 1891 652; x_wconf 88' lang='grc' dir='ltr'>ἀποκλεισθεί-</span> 
     </span>
    </p>
   </div>
   <div class='ocr_carea' id='block_1_4' title="bbox 185 685 1890 776">
    <p class='ocr_par' dir='ltr' id='par_1_4' title="bbox 185 685 1890 776">
     <span class='ocr_line' id='line_1_4' title="bbox 185 685 1890 776; baseline -0.011 -19"><span class='ocrx_word' id='word_1_14' title='bbox 185 720 310 776; x_wconf 83' lang='grc' dir='ltr'>σης</span> <span class='ocrx_word' id='word_1_15' title='bbox 334 701 400 756; x_wconf 85' lang='lat'>:6</span> <span class='ocrx_word' id='word_1_16' title='bbox 425 699 799 771; x_wconf 79' lang='grc' dir='ltr'>δεσμωτήριον</span> <span class='ocrx_word' id='word_1_17' title='bbox 818 694 1086 767; x_wconf 74' lang='grc' dir='ltr'>ἐκκλησία</span> <span class='ocrx_word' id='word_1_18' title='bbox 1111 693 1296 746; x_wconf 74' lang='grc' dir='ltr'>λοιπὸν</span> <span class='ocrx_word' id='word_1_19' title='bbox 1323 690 1555 758; x_wconf 84' lang='grc' dir='ltr'>ἐγίνετο.</span> <span class='ocrx_word' id='word_1_20' title='bbox 1584 687 1661 776; x_wconf 85' lang='grc' dir='ltr'>Ού</span> <span class='ocrx_word' id='word_1_21' title='bbox 1824 685 1890 757; x_wconf 76' lang='grc' dir='ltr'>δή</span> 
     </span>
    </p>
   </div>
   <div class='ocr_carea' id='block_1_5' title="bbox 189 774 1893 864">
    <p class='ocr_par' dir='ltr' id='par_1_5' title="bbox 189 774 1893 864">
     <span class='ocr_line' id='line_1_5' title="bbox 189 774 1893 864; baseline -0.012 -19"><span class='ocrx_word' id='word_1_22' title='bbox 189 774 376 864; x_wconf 78' lang='grc' dir='ltr'>μόνον</span> <span class='ocrx_word' id='word_1_23' title='bbox 393 790 445 842; x_wconf 85' lang='grc' dir='ltr'>οί</span> <span class='ocrx_word' id='word_1_24' title='bbox 469 786 668 855; x_wconf 71' lang='grc' dir='ltr'>ἔξωθεν</span> <span class='ocrx_word' id='word_1_25' title='bbox 696 784 982 852; x_wconf 79' lang='grc' dir='ltr'>εἰσιόντες,</span> <span class='ocrx_word' id='word_1_26' title='bbox 1014 782 1151 838; x_wconf 87' lang='grc' dir='ltr'>ἀλλὰ</span> <span class='ocrx_word' id='word_1_27' title='bbox 1188 780 1285 835; x_wconf 70' lang='grc' dir='ltr'>καὶ</span> <span class='ocrx_word' id='word_1_28' title='bbox 1322 780 1375 834; x_wconf 79' lang='grc' dir='ltr'>οἱ</span> <span class='ocrx_word' id='word_1_29' title='bbox 1411 778 1561 833; x_wconf 82' lang='grc' dir='ltr'>ἐνδον</span> <span class='ocrx_word' id='word_1_30' title='bbox 1589 774 1893 864; x_wconf 44' lang='grc' dir='ltr'>διατρίϐονξ</span> 
     </span>
    </p>
   </div>
   <div class='ocr_carea' id='block_1_6' title="bbox 188 862 1891 950">
    <p class='ocr_par' dir='ltr' id='par_1_6' title="bbox 188 862 1891 950">
     <span class='ocr_line' id='line_1_6' title="bbox 188 862 1891 950; baseline -0.011 -17"><span class='ocrx_word' id='word_1_31' title='bbox 188 862 319 943; x_wconf 65' lang='grc' dir='ltr'>τες,</span> <span class='ocrx_word' id='word_1_32' title='bbox 355 874 618 950; x_wconf 79' lang='grc' dir='ltr'>μεγίστην</span> <span class='ocrx_word' id='word_1_33' title='bbox 640 871 986 927; x_wconf 79' lang='grc' dir='ltr'>διδασκαλίαν</span> <span class='ocrx_word' id='word_1_34' title='bbox 1011 868 1213 942; x_wconf 87' lang='grc' dir='ltr'>ἀρετῆς</span> <span class='ocrx_word' id='word_1_35' title='bbox 1243 867 1337 922; x_wconf 74' lang='grc' dir='ltr'>καὶ</span> <span class='ocrx_word' id='word_1_36' title='bbox 1363 862 1721 938; x_wconf 76' lang='grc' dir='ltr'>σωφροσύνης</span> <span class='ocrx_word' id='word_1_37' title='bbox 1741 862 1891 934; x_wconf 84' lang='grc' dir='ltr'>παρά</span> 
     </span>
    </p>
   </div>
   <div class='ocr_carea' id='block_1_7' title="bbox 190 950 1892 1040">
    <p class='ocr_par' dir='ltr' id='par_1_7' title="bbox 190 950 1892 1040">
     <span class='ocr_line' id='line_1_7' title="bbox 190 950 1892 1040; baseline -0.011 -19"><span class='ocrx_word' id='word_1_38' title='bbox 190 969 307 1040; x_wconf 77' lang='grc' dir='ltr'>τῆς</span> <span class='ocrx_word' id='word_1_39' title='bbox 347 961 626 1035; x_wconf 78' lang='grc' dir='ltr'>ὑπομονῆς</span> <span class='ocrx_word' id='word_1_40' title='bbox 644 960 742 1016; x_wconf 75' lang='grc' dir='ltr'>καὶ</span> <span class='ocrx_word' id='word_1_41' title='bbox 771 961 874 1032; x_wconf 90' lang='grc' dir='ltr'>τῆς</span> <span class='ocrx_word' id='word_1_42' title='bbox 902 958 1144 1019; x_wconf 87' lang='grc' dir='ltr'>πίστεως</span> <span class='ocrx_word' id='word_1_43' title='bbox 1169 955 1279 1039; x_wconf 83' lang='grc' dir='ltr'>τῶν</span> <span class='ocrx_word' id='word_1_44' title='bbox 1323 954 1492 1024; x_wconf 83' lang='grc' dir='ltr'>ἁγίων</span> <span class='ocrx_word' id='word_1_45' title='bbox 1535 953 1744 1040; x_wconf 86' lang='grc' dir='ltr'>τούτων</span> <span class='ocrx_word' id='word_1_46' title='bbox 1774 950 1892 1040; x_wconf 47' lang='grc' dir='ltr'>ἐδέξ</span> 
     </span>
    </p>
   </div>
   <div class='ocr_carea' id='block_1_8' title="bbox 192 1038 1894 1129">
    <p class='ocr_par' dir='ltr' id='par_1_8' title="bbox 192 1038 1894 1129">
     <span class='ocr_line' id='line_1_8' title="bbox 192 1038 1894 1129; baseline -0.012 -18"><span class='ocrx_word' id='word_1_47' title='bbox 192 1038 389 1129; x_wconf 66' lang='grc' dir='ltr'>χοντο.</span> <span class='ocrx_word' id='word_1_48' title='bbox 433 1050 623 1107; x_wconf 81' lang='grc' dir='ltr'>Ταῦτα</span> <span class='ocrx_word' id='word_1_49' title='bbox 678 1047 895 1104; x_wconf 89' lang='grc' dir='ltr'>ἀκούων</span> <span class='ocrx_word' id='word_1_50' title='bbox 935 1048 965 1101; x_wconf 99' lang='lat'>6</span> <span class='ocrx_word' id='word_1_51' title='bbox 1004 1044 1256 1118; x_wconf 84' lang='grc' dir='ltr'>βασιλεὺς</span> <span class='ocrx_word' id='word_1_52' title='bbox 1289 1042 1532 1129; x_wconf 79' lang='grc' dir='ltr'>ώδυνάτο</span> <span class='ocrx_word' id='word_1_53' title='bbox 1579 1038 1763 1129; x_wconf 79' lang='grc' dir='ltr'>πλέον,</span> <span class='ocrx_word' id='word_1_54' title='bbox 1798 1038 1894 1129; x_wconf 76' lang='grc' dir='ltr'>καὶ</span> 
     </span>
    </p>
   </div>
   <div class='ocr_carea' id='block_1_9' title="bbox 192 1125 1894 1217">
    <p class='ocr_par' dir='ltr' id='par_1_9' title="bbox 192 1125 1894 1217">
     <span class='ocr_line' id='line_1_9' title="bbox 192 1125 1894 1217; baseline -0.012 -18"><span class='ocrx_word' id='word_1_55' title='bbox 192 1125 538 1217; x_wconf 55' lang='grc' dir='ltr'>ᾗουλόμενος</span> <span class='ocrx_word' id='word_1_56' title='bbox 587 1138 787 1202; x_wconf 74' lang='grc' dir='ltr'>αὐτοὺς</span> <span class='ocrx_word' id='word_1_57' title='bbox 840 1133 1224 1197; x_wconf 83' lang='grc' dir='ltr'>ύποσκελίσαι,</span> <span class='ocrx_word' id='word_1_58' title='bbox 1279 1130 1375 1185; x_wconf 77' lang='grc' dir='ltr'>καὶ</span> <span class='ocrx_word' id='word_1_59' title='bbox 1424 1128 1527 1200; x_wconf 86' lang='grc' dir='ltr'>τῆς</span> <span class='ocrx_word' id='word_1_60' title='bbox 1583 1125 1894 1217; x_wconf 78' lang='grc' dir='ltr'>προθυμίας</span> 
     </span>
    </p>
   </div>
   <div class='ocr_carea' id='block_1_10' title="bbox 191 1215 1894 1299">
    <p class='ocr_par' dir='ltr' id='par_1_10' title="bbox 191 1215 1894 1299">
     <span class='ocr_line' id='line_1_10' title="bbox 191 1215 1894 1299; baseline -0.012 -11"><span class='ocrx_word' id='word_1_61' title='bbox 191 1215 438 1288; x_wconf 67' lang='grc' dir='ltr'>ἐκλῦσαι</span> <span class='ocrx_word' id='word_1_62' title='bbox 471 1227 708 1299; x_wconf 87' lang='grc' dir='ltr'>ἐκείνης,</span> <span class='ocrx_word' id='word_1_63' title='bbox 745 1224 986 1297; x_wconf 82' lang='grc' dir='ltr'>καθῆκεν</span> <span class='ocrx_word' id='word_1_64' title='bbox 1011 1220 1338 1294; x_wconf 81' lang='grc' dir='ltr'>ἀνθρώπους</span> <span class='ocrx_word' id='word_1_65' title='bbox 1365 1217 1597 1291; x_wconf 89' lang='grc' dir='ltr'>μιαρούς</span> <span class='ocrx_word' id='word_1_66' title='bbox 1618 1232 1771 1281; x_wconf 88' lang='grc' dir='ltr'>τινας</span> <span class='ocrx_word' id='word_1_67' title='bbox 1797 1215 1894 1270; x_wconf 80' lang='grc' dir='ltr'>καὶ</span> 
     </span>
    </p>
   </div>
   <div class='ocr_carea' id='block_1_11' title="bbox 192 1304 1890 1394">
    <p class='ocr_par' dir='ltr' id='par_1_11' title="bbox 192 1304 1890 1394">
     <span class='ocr_line' id='line_1_11' title="bbox 192 1304 1890 1394; baseline -0.014 -16"><span class='ocrx_word' id='word_1_68' title='bbox 192 1323 414 1394; x_wconf 80' lang='grc' dir='ltr'>γόητας</span> <span class='ocrx_word' id='word_1_69' title='bbox 432 1318 568 1390; x_wconf 78' lang='grc' dir='ltr'>πρὸς</span> <span class='ocrx_word' id='word_1_70' title='bbox 584 1318 686 1389; x_wconf 82' lang='grc' dir='ltr'>τὴν</span> <span class='ocrx_word' id='word_1_71' title='bbox 713 1313 1012 1385; x_wconf 90' lang='grc' dir='ltr'>ἐπιϐουλήν</span> <span class='ocrx_word' id='word_1_72' title='bbox 1031 1328 1047 1346; x_wconf 80' lang='grc' dir='ltr'><strong><em>ο</em></strong></span> <span class='ocrx_word' id='word_1_73' title='bbox 1073 1313 1124 1366; x_wconf 85' lang='grc' dir='ltr'>οἳ</span> <span class='ocrx_word' id='word_1_74' title='bbox 1164 1307 1575 1380; x_wconf 82' lang='grc' dir='ltr'>συγκαθήμενοι</span> <span class='ocrx_word' id='word_1_75' title='bbox 1605 1304 1890 1369; x_wconf 82' lang='grc' dir='ltr'>πολλάκις,</span> 
     </span>
    </p>
   </div>
   <div class='ocr_carea' id='block_1_12' title="bbox 194 1394 1896 1472">
    <p class='ocr_par' dir='ltr' id='par_1_12' title="bbox 194 1394 1896 1472">
     <span class='ocr_line' id='line_1_12' title="bbox 194 1394 1896 1472; baseline -0.01 -8"><span class='ocrx_word' id='word_1_76' title='bbox 194 1410 264 1465; x_wconf 70' lang='lat' dir='ltr'><strong><em>el’</em></strong></span> <span class='ocrx_word' id='word_1_77' title='bbox 298 1426 431 1463; x_wconf 88' lang='grc' dir='ltr'>ποτε</span> <span class='ocrx_word' id='word_1_78' title='bbox 454 1406 634 1461; x_wconf 85' lang='grc' dir='ltr'>αὐτῶν</span> <span class='ocrx_word' id='word_1_79' title='bbox 667 1403 1013 1458; x_wconf 74' lang='grc' dir='ltr'>ἐπιλάϐοιντο</span> <span class='ocrx_word' id='word_1_80' title='bbox 1050 1399 1259 1472; x_wconf 88' lang='grc' dir='ltr'>μόνων.</span> <span class='ocrx_word' id='word_1_81' title='bbox 1304 1397 1381 1462; x_wconf 89' lang='grc' dir='ltr'>ώς</span> <span class='ocrx_word' id='word_1_82' title='bbox 1411 1395 1625 1451; x_wconf 75' lang='grc' dir='ltr'>οἴκοθεν</span> <span class='ocrx_word' id='word_1_83' title='bbox 1656 1394 1896 1464; x_wconf 86' lang='grc' dir='ltr'>συμϐου-</span> 
     </span>
    </p>
   </div>
   <div class='ocr_carea' id='block_1_13' title="bbox 196 1480 1896 1563">
    <p class='ocr_par' dir='ltr' id='par_1_13' title="bbox 196 1480 1896 1563">
     <span class='ocr_line' id='line_1_13' title="bbox 196 1480 1896 1563; baseline -0.012 -9"><span class='ocrx_word' id='word_1_84' title='bbox 196 1496 498 1561; x_wconf 83' lang='grc' dir='ltr'>λεύοντες,</span> <span class='ocrx_word' id='word_1_85' title='bbox 532 1492 648 1548; x_wconf 87' lang='grc' dir='ltr'>ἀλλ’</span> <span class='ocrx_word' id='word_1_86' title='bbox 681 1492 780 1563; x_wconf 86' lang='grc' dir='ltr'>ούχ</span> <span class='ocrx_word' id='word_1_87' title='bbox 807 1490 885 1555; x_wconf 86' lang='grc' dir='ltr'>ὡς</span> <span class='ocrx_word' id='word_1_88' title='bbox 918 1488 1072 1562; x_wconf 82' lang='grc' dir='ltr'>παρὰ</span> <span class='ocrx_word' id='word_1_89' title='bbox 1102 1485 1199 1541; x_wconf 80' lang='grc' dir='ltr'>τοῦ</span> <span class='ocrx_word' id='word_1_90' title='bbox 1232 1483 1501 1557; x_wconf 83' lang='grc' dir='ltr'>βασιλέως</span> <span class='ocrx_word' id='word_1_91' title='bbox 1553 1480 1896 1555; x_wconf 83' lang='grc' dir='ltr'>πεμφθέντες</span> 
     </span>
    </p>
   </div>
   <div class='ocr_carea' id='block_1_14' title="bbox 196 1569 1895 1660">
    <p class='ocr_par' dir='ltr' id='par_1_14' title="bbox 196 1569 1895 1660">
     <span class='ocr_line' id='line_1_14' title="bbox 196 1569 1895 1660; baseline -0.011 -18"><span class='ocrx_word' id='word_1_92' title='bbox 196 1586 493 1660; x_wconf 77' lang='grc' dir='ltr'>παρῄνουν</span> <span class='ocrx_word' id='word_1_93' title='bbox 523 1581 824 1653; x_wconf 88' lang='grc' dir='ltr'>ἀποστῆναι</span> <span class='ocrx_word' id='word_1_94' title='bbox 847 1579 946 1652; x_wconf 84' lang='grc' dir='ltr'>μὲν</span> <span class='ocrx_word' id='word_1_95' title='bbox 971 1578 1073 1649; x_wconf 89' lang='grc' dir='ltr'>τῆς</span> <span class='ocrx_word' id='word_1_96' title='bbox 1102 1574 1408 1641; x_wconf 77' lang='grc' dir='ltr'>εὐσεϐείας,</span> <span class='ocrx_word' id='word_1_97' title='bbox 1437 1572 1808 1645; x_wconf 81' lang='grc' dir='ltr'>αὐτομολῆσαι</span> <span class='ocrx_word' id='word_1_98' title='bbox 1836 1569 1895 1623; x_wconf 85' lang='grc' dir='ltr'>δὲ</span> 
     </span>
    </p>
   </div>
   <div class='ocr_carea' id='block_1_15' title="bbox 198 1660 1895 1748">
    <p class='ocr_par' dir='ltr' id='par_1_15' title="bbox 198 1660 1895 1748">
     <span class='ocr_line' id='line_1_15' title="bbox 198 1660 1895 1748; baseline -0.011 -19"><span class='ocrx_word' id='word_1_99' title='bbox 198 1675 353 1748; x_wconf 71' lang='grc' dir='ltr'>πρὸς</span> <span class='ocrx_word' id='word_1_100' title='bbox 401 1673 501 1746; x_wconf 82' lang='grc' dir='ltr'>τὴν</span> <span class='ocrx_word' id='word_1_101' title='bbox 530 1669 821 1726; x_wconf 87' lang='grc' dir='ltr'>ἀσέϐειαν.</span> <span class='ocrx_word' id='word_1_102' title='bbox 855 1667 931 1722; x_wconf 87' lang='grc' dir='ltr'>Οὐ</span> <span class='ocrx_word' id='word_1_103' title='bbox 965 1665 1080 1738; x_wconf 89' lang='grc' dir='ltr'>γάρ</span> <span class='ocrx_word' id='word_1_104' title='bbox 1123 1665 1191 1736; x_wconf 78' lang='grc' dir='ltr'>δὴ</span> <span class='ocrx_word' id='word_1_105' title='bbox 1227 1662 1387 1736; x_wconf 89' lang='grc' dir='ltr'>μόνον</span> <span class='ocrx_word' id='word_1_106' title='bbox 1416 1662 1510 1716; x_wconf 84' lang='grc' dir='ltr'>τὸν</span> <span class='ocrx_word' id='word_1_107' title='bbox 1547 1660 1895 1731; x_wconf 84' lang='grc' dir='ltr'>ἐπικείμενον</span> 
     </span>
    </p>
   </div>
   <div class='ocr_carea' id='block_1_16' title="bbox 199 1750 1896 1837">
    <p class='ocr_par' dir='ltr' id='par_1_16' title="bbox 199 1750 1896 1837">
     <span class='ocr_line' id='line_1_16' title="bbox 199 1750 1896 1837; baseline -0.014 -13"><span class='ocrx_word' id='word_1_108' title='bbox 199 1768 357 1824; x_wconf 78' lang='grc' dir='ltr'>οὕτω</span> <span class='ocrx_word' id='word_1_109' title='bbox 381 1760 773 1837; x_wconf 89' lang='grc' dir='ltr'>διακρούσεσθε</span> <span class='ocrx_word' id='word_1_110' title='bbox 795 1758 1075 1813; x_wconf 85' lang='grc' dir='ltr'>κίνδυνον·</span> <span class='ocrx_word' id='word_1_111' title='bbox 1109 1754 1250 1812; x_wconf 90' lang='grc' dir='ltr'>ἀλλά</span> <span class='ocrx_word' id='word_1_112' title='bbox 1300 1754 1397 1809; x_wconf 77' lang='grc' dir='ltr'>καὶ</span> <span class='ocrx_word' id='word_1_113' title='bbox 1440 1752 1608 1824; x_wconf 88' lang='grc' dir='ltr'>τιμῆς</span> <span class='ocrx_word' id='word_1_114' title='bbox 1651 1750 1896 1814; x_wconf 89' lang='grc' dir='ltr'>πλείονος</span> 
     </span>
    </p>
   </div>
   <div class='ocr_carea' id='block_1_17' title="bbox 200 1838 1896 1928">
    <p class='ocr_par' dir='ltr' id='par_1_17' title="bbox 200 1838 1896 1928">
     <span class='ocr_line' id='line_1_17' title="bbox 200 1838 1896 1928; baseline -0.012 -15"><span class='ocrx_word' id='word_1_115' title='bbox 200 1858 308 1913; x_wconf 77' lang='grc' dir='ltr'>καὶ</span> <span class='ocrx_word' id='word_1_116' title='bbox 335 1855 648 1928; x_wconf 89' lang='grc' dir='ltr'>κρείττονος</span> <span class='ocrx_word' id='word_1_117' title='bbox 674 1846 1006 1920; x_wconf 77' lang='grc' dir='ltr'>ἐπιλήψεσθε</span> <span class='ocrx_word' id='word_1_118' title='bbox 1038 1845 1142 1918; x_wconf 87' lang='grc' dir='ltr'>τῆς</span> <span class='ocrx_word' id='word_1_119' title='bbox 1174 1844 1372 1916; x_wconf 77' lang='grc' dir='ltr'>ἀρχῆς,</span> <span class='ocrx_word' id='word_1_120' title='bbox 1397 1840 1493 1896; x_wconf 78' lang='grc' dir='ltr'>τοῦ</span> <span class='ocrx_word' id='word_1_121' title='bbox 1512 1839 1777 1913; x_wconf 83' lang='grc' dir='ltr'>βασιλέως</span> <span class='ocrx_word' id='word_1_122' title='bbox 1797 1838 1896 1928; x_wconf 71' lang='grc' dir='ltr'>τήν</span> 
     </span>
    </p>
   </div>
   <div class='ocr_carea' id='block_1_18' title="bbox 200 1926 1896 2019">
    <p class='ocr_par' dir='ltr' id='par_1_18' title="bbox 200 1926 1896 2019">
     <span class='ocr_line' id='line_1_18' title="bbox 200 1926 1896 2019; baseline -0.012 -19"><span class='ocrx_word' id='word_1_123' title='bbox 200 1926 389 2019; x_wconf 76' lang='grc' dir='ltr'>ὀργὴν</span> <span class='ocrx_word' id='word_1_124' title='bbox 410 1940 553 1996; x_wconf 75' lang='grc' dir='ltr'>οὕτω</span> <span class='ocrx_word' id='word_1_125' title='bbox 572 1936 1005 2000; x_wconf 89' lang='grc' dir='ltr'>καταλύσαντες.</span> <span class='ocrx_word' id='word_1_126' title='bbox 1050 1933 1166 2004; x_wconf 84' lang='grc' dir='ltr'>Οὐχ</span> <span class='ocrx_word' id='word_1_127' title='bbox 1194 1932 1360 2006; x_wconf 81' lang='grc' dir='ltr'>ὁρᾶτε</span> <span class='ocrx_word' id='word_1_128' title='bbox 1389 1930 1486 1985; x_wconf 67' lang='grc' dir='ltr'>καὶ</span> <span class='ocrx_word' id='word_1_129' title='bbox 1535 1928 1757 2000; x_wconf 85' lang='grc' dir='ltr'>ἐτέρους</span> <span class='ocrx_word' id='word_1_130' title='bbox 1787 1926 1896 2019; x_wconf 76' lang='grc' dir='ltr'>τών</span> 
     </span>
    </p>
   </div>
   <div class='ocr_carea' id='block_1_19' title="bbox 204 2018 1895 2102">
    <p class='ocr_par' dir='ltr' id='par_1_19' title="bbox 204 2018 1895 2102">
     <span class='ocr_line' id='line_1_19' title="bbox 204 2018 1895 2102; baseline -0.011 -13"><span class='ocrx_word' id='word_1_131' title='bbox 204 2018 665 2102; x_wconf 81' lang='grc' dir='ltr'>συντεταγμένων</span> <span class='ocrx_word' id='word_1_132' title='bbox 686 2028 817 2099; x_wconf 78' lang='grc' dir='ltr'>ὑμῖν</span> <span class='ocrx_word' id='word_1_133' title='bbox 836 2024 900 2079; x_wconf 92' lang='lat'>:6</span> <span class='ocrx_word' id='word_1_134' title='bbox 927 2022 1062 2078; x_wconf 81' lang='grc' dir='ltr'>αὐτὸ</span> <span class='ocrx_word' id='word_1_135' title='bbox 1086 2021 1249 2076; x_wconf 84' lang='grc' dir='ltr'>τοῦτο</span> <span class='ocrx_word' id='word_1_136' title='bbox 1275 2019 1648 2092; x_wconf 82' lang='grc' dir='ltr'>πεποιηκότας</span> <span class='ocrx_word' id='word_1_137' title='bbox 1672 2035 1686 2084; x_wconf 92' lang='grc'><strong>;</strong></span> <span class='ocrx_word' id='word_1_138' title='bbox 1716 2019 1778 2071; x_wconf 73' lang='lat' dir='ltr'><strong><em>Ol</em></strong></span> <span class='ocrx_word' id='word_1_139' title='bbox 1814 2018 1895 2085; x_wconf 86' lang='grc' dir='ltr'>δέ,</span> 
     </span>
    </p>
   </div>
   <div class='ocr_carea' id='block_1_20' title="bbox 200 2105 1899 2189">
    <p class='ocr_par' dir='ltr' id='par_1_20' title="bbox 200 2105 1899 2189">
     <span class='ocr_line' id='line_1_20' title="bbox 200 2105 1899 2189; baseline -0.011 -12"><span class='ocrx_word' id='word_1_140' title='bbox 200 2123 310 2177; x_wconf 71' lang='grc' dir='ltr'>καὶ</span> <span class='ocrx_word' id='word_1_141' title='bbox 327 2118 549 2176; x_wconf 75' lang='grc' dir='ltr'>διἀύτδ</span> <span class='ocrx_word' id='word_1_142' title='bbox 583 2117 683 2189; x_wconf 88' lang='grc' dir='ltr'>μέν</span> <span class='ocrx_word' id='word_1_143' title='bbox 710 2111 805 2170; x_wconf 79' lang='grc' dir='ltr'>οὖν</span> <span class='ocrx_word' id='word_1_144' title='bbox 839 2112 1002 2167; x_wconf 79' lang='grc' dir='ltr'>τοῦτο</span> <span class='ocrx_word' id='word_1_145' title='bbox 1033 2112 1217 2184; x_wconf 87' lang='grc' dir='ltr'>ήμεῖς,</span> <span class='ocrx_word' id='word_1_146' title='bbox 1249 2109 1404 2180; x_wconf 72' lang='grc' dir='ltr'>φασὶ,</span> <span class='ocrx_word' id='word_1_147' title='bbox 1437 2105 1751 2179; x_wconf 87' lang='grc' dir='ltr'>στησόμεθα</span> <span class='ocrx_word' id='word_1_148' title='bbox 1771 2122 1899 2176; x_wconf 85' lang='grc' dir='ltr'>γεν-</span> 
     </span>
    </p>
   </div>
   <div class='ocr_carea' id='block_1_21' title="bbox 200 2194 1899 2277">
    <p class='ocr_par' dir='ltr' id='par_1_21' title="bbox 200 2194 1899 2277">
     <span class='ocr_line' id='line_1_21' title="bbox 200 2194 1899 2277; baseline -0.009 -13"><span class='ocrx_word' id='word_1_149' title='bbox 200 2210 405 2275; x_wconf 87' lang='grc' dir='ltr'>ναίως,</span> <span class='ocrx_word' id='word_1_150' title='bbox 435 2207 522 2262; x_wconf 82' lang='grc' dir='ltr'>ἵνα</span> <span class='ocrx_word' id='word_1_151' title='bbox 550 2205 741 2277; x_wconf 82' lang='grc' dir='ltr'>ὥσπερ</span> <span class='ocrx_word' id='word_1_152' title='bbox 769 2202 989 2274; x_wconf 88' lang='grc' dir='ltr'>θύματα</span> <span class='ocrx_word' id='word_1_153' title='bbox 1017 2199 1248 2262; x_wconf 77' lang='grc' dir='ltr'>ἑαυτοὺς</span> <span class='ocrx_word' id='word_1_154' title='bbox 1285 2197 1425 2270; x_wconf 81' lang='grc' dir='ltr'>ὑπὲρ</span> <span class='ocrx_word' id='word_1_155' title='bbox 1448 2195 1558 2250; x_wconf 84' lang='grc' dir='ltr'>τῶν</span> <span class='ocrx_word' id='word_1_156' title='bbox 1588 2194 1899 2265; x_wconf 85' lang='grc' dir='ltr'>πτωμάτων</span> 
     </span>
    </p>
   </div>
   <div class='ocr_carea' id='block_1_22' title="bbox 201 2282 1896 2367">
    <p class='ocr_par' dir='ltr' id='par_1_22' title="bbox 201 2282 1896 2367">
     <span class='ocr_line' id='line_1_22' title="bbox 201 2282 1896 2367; baseline -0.011 -14"><span class='ocrx_word' id='word_1_157' title='bbox 201 2297 441 2353; x_wconf 75' lang='grc' dir='ltr'>ἐκείνων</span> <span class='ocrx_word' id='word_1_158' title='bbox 471 2292 934 2367; x_wconf 86' lang='grc' dir='ltr'>προσαγάγωμεν.</span> <span class='ocrx_word' id='word_1_159' title='bbox 963 2287 1162 2344; x_wconf 76' lang='grc' dir='ltr'>Φιλάνθ</span> <span class='ocrx_word' id='word_1_160' title='bbox 1172 2304 1352 2359; x_wconf 89' lang='grc' dir='ltr'>ρωπον</span> <span class='ocrx_word' id='word_1_161' title='bbox 1372 2284 1571 2357; x_wconf 75' lang='grc' dir='ltr'>ἔχομεν</span> <span class='ocrx_word' id='word_1_162' title='bbox 1597 2282 1896 2353; x_wconf 75' lang='grc' dir='ltr'>Δεσπότηνο</span> 
     </span>
    </p>
   </div>
   <div class='ocr_carea' id='block_1_23' title="bbox 202 2370 1898 2454">
    <p class='ocr_par' dir='ltr' id='par_1_23' title="bbox 202 2370 1898 2454">
     <span class='ocr_line' id='line_1_23' title="bbox 202 2370 1898 2454; baseline -0.011 -14"><span class='ocrx_word' id='word_1_163' title='bbox 202 2382 323 2441; x_wconf 77' lang='grc' dir='ltr'>οἶδε</span> <span class='ocrx_word' id='word_1_164' title='bbox 356 2384 454 2438; x_wconf 71' lang='grc' dir='ltr'>καὶ</span> <span class='ocrx_word' id='word_1_165' title='bbox 491 2383 621 2454; x_wconf 89' lang='grc' dir='ltr'>μίαν</span> <span class='ocrx_word' id='word_1_166' title='bbox 648 2378 838 2434; x_wconf 87' lang='grc' dir='ltr'>θυσίαν</span> <span class='ocrx_word' id='word_1_167' title='bbox 857 2376 1171 2448; x_wconf 78' lang='grc' dir='ltr'>δεξάμενος,</span> <span class='ocrx_word' id='word_1_168' title='bbox 1212 2374 1366 2448; x_wconf 80' lang='grc' dir='ltr'>πάσῃ</span> <span class='ocrx_word' id='word_1_169' title='bbox 1395 2370 1806 2443; x_wconf 78' lang='grc' dir='ltr'>καταλλαγῆναι</span> <span class='ocrx_word' id='word_1_170' title='bbox 1830 2370 1898 2442; x_wconf 77' lang='grc' dir='ltr'>τῇ</span> 
     </span>
    </p>
   </div>
   <div class='ocr_carea' id='block_1_24' title="bbox 203 2459 1900 2546">
    <p class='ocr_par' dir='ltr' id='par_1_24' title="bbox 203 2459 1900 2546">
     <span class='ocr_line' id='line_1_24' title="bbox 203 2459 1900 2546; baseline -0.01 -17"><span class='ocrx_word' id='word_1_171' title='bbox 203 2472 535 2546; x_wconf 70' lang='grc' dir='ltr'>οἰκουμένῃ.</span> <span class='ocrx_word' id='word_1_172' title='bbox 590 2470 702 2524; x_wconf 81' lang='lat' dir='ltr'><strong><em>Kal</em></strong></span> <span class='ocrx_word' id='word_1_173' title='bbox 753 2467 1005 2540; x_wconf 89' lang='grc' dir='ltr'>καθάπερ</span> <span class='ocrx_word' id='word_1_174' title='bbox 1058 2466 1108 2518; x_wconf 87' lang='grc' dir='ltr'>οί</span> <span class='ocrx_word' id='word_1_175' title='bbox 1139 2467 1287 2536; x_wconf 87' lang='grc' dir='ltr'>τρεῖς</span> <span class='ocrx_word' id='word_1_176' title='bbox 1327 2462 1517 2526; x_wconf 75' lang='grc' dir='ltr'>παῖδες</span> <span class='ocrx_word' id='word_1_177' title='bbox 1565 2460 1782 2530; x_wconf 75' lang='grc' dir='ltr'>ἔλεγον·</span> <span class='ocrx_word' id='word_1_178' title='bbox 1816 2459 1900 2514; x_wconf 85' lang='grc' dir='ltr'>ὃτι</span> 
     </span>
    </p>
   </div>
   <div class='ocr_carea' id='block_1_25' title="bbox 211 2548 1899 2625">
    <p class='ocr_par' dir='ltr' id='par_1_25' title="bbox 211 2548 1899 2625">
     <span class='ocr_line' id='line_1_25' title="bbox 211 2548 1899 2625; baseline -0.009 -8"><span class='ocrx_word' id='word_1_179' title='bbox 211 2564 346 2618; x_wconf 82' lang='grc' dir='ltr'>Οὐκ</span> <span class='ocrx_word' id='word_1_180' title='bbox 375 2560 549 2616; x_wconf 75' lang='grc' dir='ltr'>ἐστιν</span> <span class='ocrx_word' id='word_1_181' title='bbox 568 2559 637 2614; x_wconf 82' lang='grc' dir='ltr'>ὲν</span> <span class='ocrx_word' id='word_1_182' title='bbox 656 2557 736 2624; x_wconf 84' lang='grc' dir='ltr'>τῷ</span> <span class='ocrx_word' id='word_1_183' title='bbox 763 2554 948 2625; x_wconf 81' lang='grc' dir='ltr'>καιρῷ</span> <span class='ocrx_word' id='word_1_184' title='bbox 976 2556 1166 2619; x_wconf 87' lang='grc' dir='ltr'>τούτῳ</span> <span class='ocrx_word' id='word_1_185' title='bbox 1191 2553 1410 2623; x_wconf 78' lang='grc' dir='ltr'>ἄρχων,</span> <span class='ocrx_word' id='word_1_186' title='bbox 1434 2551 1533 2605; x_wconf 79' lang='grc' dir='ltr'>καί</span> <span class='ocrx_word' id='word_1_187' title='bbox 1563 2548 1899 2619; x_wconf 75' lang='grc' dir='ltr'>προφήτης,</span> 
     </span>
    </p>
   </div>
   <div class='ocr_carea' id='block_1_26' title="bbox 206 2639 1904 2719">
    <p class='ocr_par' dir='ltr' id='par_1_26' title="bbox 206 2639 1904 2719">
     <span class='ocr_line' id='line_1_26' title="bbox 206 2639 1904 2719; baseline -0.008 -14"><span class='ocrx_word' id='word_1_188' title='bbox 206 2650 315 2705; x_wconf 82' lang='grc' dir='ltr'>καὶ</span> <span class='ocrx_word' id='word_1_189' title='bbox 344 2649 695 2719; x_wconf 72' lang='grc' dir='ltr'>ἡγούμενος,</span> <span class='ocrx_word' id='word_1_190' title='bbox 715 2644 855 2699; x_wconf 82' lang='grc' dir='ltr'>οὔτε</span> <span class='ocrx_word' id='word_1_191' title='bbox 885 2642 1319 2708; x_wconf 76' lang='grc' dir='ltr'>ὀλοκαύτωσις,</span> <span class='ocrx_word' id='word_1_192' title='bbox 1356 2640 1495 2694; x_wconf 83' lang='grc' dir='ltr'>οὔτε</span> <span class='ocrx_word' id='word_1_193' title='bbox 1526 2639 1728 2701; x_wconf 80' lang='grc' dir='ltr'>θυσία,</span> <span class='ocrx_word' id='word_1_194' title='bbox 1762 2639 1904 2693; x_wconf 79' lang='grc' dir='ltr'>οὔτε</span> 
     </span>
    </p>
   </div>
   <div class='ocr_carea' id='block_1_27' title="bbox 207 2723 1900 2803">
    <p class='ocr_par' dir='ltr' id='par_1_27' title="bbox 207 2723 1900 2803">
     <span class='ocr_line' id='line_1_27' title="bbox 207 2723 1900 2803; baseline -0.009 -11"><span class='ocrx_word' id='word_1_195' title='bbox 207 2739 404 2803; x_wconf 77' lang='grc' dir='ltr'>τόπος</span> <span class='ocrx_word' id='word_1_196' title='bbox 428 2735 535 2790; x_wconf 85' lang='grc' dir='ltr'>τοῦ</span> <span class='ocrx_word' id='word_1_197' title='bbox 563 2731 873 2802; x_wconf 72' lang='grc' dir='ltr'>κιιρπῶσαι</span> <span class='ocrx_word' id='word_1_198' title='bbox 898 2729 1158 2785; x_wconf 73' lang='grc' dir='ltr'>ἐνώπιόν</span> <span class='ocrx_word' id='word_1_199' title='bbox 1185 2742 1325 2790; x_wconf 83' lang='grc' dir='ltr'>σου,</span> <span class='ocrx_word' id='word_1_200' title='bbox 1343 2727 1441 2781; x_wconf 78' lang='grc' dir='ltr'>καὶ</span> <span class='ocrx_word' id='word_1_201' title='bbox 1474 2725 1674 2795; x_wconf 74' lang='grc' dir='ltr'>εὑρεῖν</span> <span class='ocrx_word' id='word_1_202' title='bbox 1704 2723 1900 2790; x_wconf 75' lang='grc' dir='ltr'>ἕλεος,</span> 
     </span>
    </p>
   </div>
   <div class='ocr_carea' id='block_1_28' title="bbox 208 2811 1905 2894">
    <p class='ocr_par' dir='ltr' id='par_1_28' title="bbox 208 2811 1905 2894">
     <span class='ocr_line' id='line_1_28' title="bbox 208 2811 1905 2894; baseline -0.011 -11"><span class='ocrx_word' id='word_1_203' title='bbox 208 2825 357 2883; x_wconf 76' lang='grc' dir='ltr'>ἀλλ’</span> <span class='ocrx_word' id='word_1_204' title='bbox 390 2826 461 2879; x_wconf 79' lang='grc' dir='ltr'>ἐν</span> <span class='ocrx_word' id='word_1_205' title='bbox 478 2821 653 2894; x_wconf 77' lang='grc' dir='ltr'>ψυχῇ</span> <span class='ocrx_word' id='word_1_206' title='bbox 672 2817 1143 2890; x_wconf 69' lang='grc' dir='ltr'>συντετριμμένῃ</span> <span class='ocrx_word' id='word_1_207' title='bbox 1167 2816 1266 2873; x_wconf 80' lang='grc' dir='ltr'>καί</span> <span class='ocrx_word' id='word_1_208' title='bbox 1295 2816 1589 2885; x_wconf 80' lang='grc' dir='ltr'>πνεύματι</span> <span class='ocrx_word' id='word_1_209' title='bbox 1620 2811 1905 2867; x_wconf 75' lang='grc' dir='ltr'>ταπεινώ-</span> 
     </span>
    </p>
   </div>
   <div class='ocr_carea' id='block_1_29' title="bbox 214 2900 1904 2982">
    <p class='ocr_par' dir='ltr' id='par_1_29' title="bbox 214 2900 1904 2982">
     <span class='ocr_line' id='line_1_29' title="bbox 214 2900 1904 2982; baseline -0.01 -12"><span class='ocrx_word' id='word_1_210' title='bbox 214 2931 378 2982; x_wconf 81' lang='grc' dir='ltr'>σεως</span> <span class='ocrx_word' id='word_1_211' title='bbox 428 2910 973 2982; x_wconf 64' lang='grc' dir='ltr'>προσδεχθείημενθ</span> <span class='ocrx_word' id='word_1_212' title='bbox 1008 2905 1154 2961; x_wconf 73' lang='grc' dir='ltr'>οὕτω</span> <span class='ocrx_word' id='word_1_213' title='bbox 1199 2904 1263 2977; x_wconf 82' lang='grc' dir='ltr'>δὴ</span> <span class='ocrx_word' id='word_1_214' title='bbox 1295 2905 1389 2958; x_wconf 73' lang='grc' dir='ltr'>καὶ</span> <span class='ocrx_word' id='word_1_215' title='bbox 1416 2904 1465 2958; x_wconf 89' lang='grc' dir='ltr'>οἱ</span> <span class='ocrx_word' id='word_1_216' title='bbox 1501 2902 1781 2974; x_wconf 83' lang='grc' dir='ltr'>μάρτυρες</span> <span class='ocrx_word' id='word_1_217' title='bbox 1834 2900 1904 2954; x_wconf 88' lang='grc' dir='ltr'>τά</span> 
     </span>
    </p>
   </div>
   <div class='ocr_carea' id='block_1_30' title="bbox 218 2987 1904 3074">
    <p class='ocr_par' dir='ltr' id='par_1_30' title="bbox 218 2987 1904 3074">
     <span class='ocr_line' id='line_1_30' title="bbox 218 2987 1904 3074; baseline -0.009 -17"><span class='ocrx_word' id='word_1_218' title='bbox 218 3003 587 3074; x_wconf 82' lang='grc' dir='ltr'>θυσιαστήρια</span> <span class='ocrx_word' id='word_1_219' title='bbox 610 2997 1113 3069; x_wconf 81' lang='grc' dir='ltr'>κατασκαπτόμενα</span> <span class='ocrx_word' id='word_1_220' title='bbox 1138 2994 1448 3065; x_wconf 85' lang='grc' dir='ltr'>βλέποντες,</span> <span class='ocrx_word' id='word_1_221' title='bbox 1476 2992 1575 3056; x_wconf 90' lang='grc' dir='ltr'>τάς</span> <span class='ocrx_word' id='word_1_222' title='bbox 1604 2987 1904 3056; x_wconf 84' lang='grc' dir='ltr'>ἐκκλησίας</span> 
     </span>
    </p>
   </div>
   <div class='ocr_carea' id='block_1_31' title="bbox 220 3078 1905 3164">
    <p class='ocr_par' dir='ltr' id='par_1_31' title="bbox 220 3078 1905 3164">
     <span class='ocr_line' id='line_1_31' title="bbox 220 3078 1905 3164; baseline -0.01 -18"><span class='ocrx_word' id='word_1_223' title='bbox 220 3087 380 3164; x_wconf 71' lang='lat'>[582]</span> <span class='ocrx_word' id='word_1_224' title='bbox 403 3087 856 3159; x_wconf 83' lang='grc' dir='ltr'>ἀποκλειομένας,</span> <span class='ocrx_word' id='word_1_225' title='bbox 892 3087 1018 3148; x_wconf 78' lang='grc' dir='ltr'>τοὺς</span> <span class='ocrx_word' id='word_1_226' title='bbox 1053 3085 1218 3156; x_wconf 79' lang='grc' dir='ltr'>ἱερεῖς</span> <span class='ocrx_word' id='word_1_227' title='bbox 1240 3080 1656 3152; x_wconf 83' lang='grc' dir='ltr'>ἐλαυνομένους,</span> <span class='ocrx_word' id='word_1_228' title='bbox 1694 3078 1905 3139; x_wconf 80' lang='grc' dir='ltr'>πάντας</span> 
     </span>
    </p>
   </div>
   <div class='ocr_carea' id='block_1_32' title="bbox 218 3167 1905 3246">
    <p class='ocr_par' dir='ltr' id='par_1_32' title="bbox 218 3167 1905 3246">
     <span class='ocr_line' id='line_1_32' title="bbox 218 3167 1905 3246; baseline -0.01 -11"><span class='ocrx_word' id='word_1_229' title='bbox 218 3182 351 3244; x_wconf 80' lang='grc' dir='ltr'>τοὺς</span> <span class='ocrx_word' id='word_1_230' title='bbox 386 3178 612 3241; x_wconf 77' lang='grc' dir='ltr'>πιστοὺς</span> <span class='ocrx_word' id='word_1_231' title='bbox 636 3173 1130 3246; x_wconf 87' lang='grc' dir='ltr'>φυγαδευομένους,</span> <span class='ocrx_word' id='word_1_232' title='bbox 1166 3169 1499 3233; x_wconf 78' lang='grc' dir='ltr'>ἐσπούδαζον</span> <span class='ocrx_word' id='word_1_233' title='bbox 1530 3168 1760 3230; x_wconf 78' lang='grc' dir='ltr'>ἑαυτοὺς</span> <span class='ocrx_word' id='word_1_234' title='bbox 1783 3167 1905 3219; x_wconf 80' lang='grc' dir='ltr'>ἀντὶ</span> 
     </span>
    </p>
   </div>
   <div class='ocr_carea' id='block_1_33' title="bbox 222 3255 1905 3337">
    <p class='ocr_par' dir='ltr' id='par_1_33' title="bbox 222 3255 1905 3337">
     <span class='ocr_line' id='line_1_33' title="bbox 222 3255 1905 3337; baseline -0.01 -14"><span class='ocrx_word' id='word_1_235' title='bbox 222 3269 442 3323; x_wconf 84' lang='grc' dir='ltr'>πάντων</span> <span class='ocrx_word' id='word_1_236' title='bbox 500 3264 582 3337; x_wconf 81' lang='grc' dir='ltr'>τῷ</span> <span class='ocrx_word' id='word_1_237' title='bbox 621 3264 872 3336; x_wconf 76' lang='grc' dir='ltr'>Δεσπότῃ</span> <span class='ocrx_word' id='word_1_238' title='bbox 924 3261 1296 3333; x_wconf 86' lang='grc' dir='ltr'>προσαγαγεῖν</span> <span class='ocrx_word' id='word_1_239' title='bbox 1313 3275 1329 3291; x_wconf 76' lang='grc'><strong><em>⁸</em></strong></span> <span class='ocrx_word' id='word_1_240' title='bbox 1364 3257 1458 3311; x_wconf 77' lang='grc' dir='ltr'>καὶ</span> <span class='ocrx_word' id='word_1_241' title='bbox 1510 3255 1905 3318; x_wconf 80' lang='grc' dir='ltr'>καταλιπόντες</span> 
     </span>
    </p>
   </div>
   <div class='ocr_carea' id='block_1_34' title="bbox 217 3342 1904 3426">
    <p class='ocr_par' dir='ltr' id='par_1_34' title="bbox 217 3342 1904 3426">
     <span class='ocr_line' id='line_1_34' title="bbox 217 3342 1904 3426; baseline -0.01 -15"><span class='ocrx_word' id='word_1_242' title='bbox 217 3356 484 3426; x_wconf 77' lang='grc' dir='ltr'>τάγματα</span> <span class='ocrx_word' id='word_1_243' title='bbox 517 3350 905 3425; x_wconf 85' lang='grc' dir='ltr'>στρατιωτικά,</span> <span class='ocrx_word' id='word_1_244' title='bbox 942 3348 1203 3403; x_wconf 80' lang='grc' dir='ltr'>ἔσπευδον</span> <span class='ocrx_word' id='word_1_245' title='bbox 1252 3346 1479 3409; x_wconf 84' lang='grc' dir='ltr'>ἐαυτοὺς</span> <span class='ocrx_word' id='word_1_246' title='bbox 1522 3342 1785 3414; x_wconf 81' lang='grc' dir='ltr'>ἀναμίξαι</span> <span class='ocrx_word' id='word_1_247' title='bbox 1813 3358 1904 3413; x_wconf 88' lang='grc' dir='ltr'>χο-</span> 
     </span>
    </p>
   </div>
   <div class='ocr_carea' id='block_1_35' title="bbox 225 3429 1903 3516">
    <p class='ocr_par' dir='ltr' id='par_1_35' title="bbox 225 3429 1903 3516">
     <span class='ocr_line' id='line_1_35' title="bbox 225 3429 1903 3516; baseline -0.011 -18"><span class='ocrx_word' id='word_1_248' title='bbox 225 3447 346 3516; x_wconf 77' lang='grc' dir='ltr'>ροῖς</span> <span class='ocrx_word' id='word_1_249' title='bbox 374 3442 708 3512; x_wconf 88' lang='grc' dir='ltr'>ἀγγελικοῖς.</span> <span class='ocrx_word' id='word_1_250' title='bbox 737 3438 857 3493; x_wconf 77' lang='grc' dir='ltr'>Κάν</span> <span class='ocrx_word' id='word_1_251' title='bbox 881 3438 990 3510; x_wconf 81' lang='grc' dir='ltr'>γὰρ</span> <span class='ocrx_word' id='word_1_252' title='bbox 1019 3437 1095 3509; x_wconf 76' lang='grc' dir='ltr'>μὴ</span> <span class='ocrx_word' id='word_1_253' title='bbox 1127 3436 1225 3490; x_wconf 76' lang='grc' dir='ltr'>νῦν</span> <span class='ocrx_word' id='word_1_254' title='bbox 1284 3431 1670 3503; x_wconf 85' lang='grc' dir='ltr'>ἀποθάνωμεν,</span> <span class='ocrx_word' id='word_1_255' title='bbox 1716 3429 1903 3501; x_wconf 76' lang='grc' dir='ltr'>φησὶν,</span> 
     </span>
    </p>
   </div>
   <div class='ocr_carea' id='block_1_36' title="bbox 219 3518 1907 3601">
    <p class='ocr_par' dir='ltr' id='par_1_36' title="bbox 219 3518 1907 3601">
     <span class='ocr_line' id='line_1_36' title="bbox 219 3518 1907 3601; baseline -0.008 -16"><span class='ocrx_word' id='word_1_256' title='bbox 219 3529 651 3601; x_wconf 83' lang='grc' dir='ltr'>ἀποθανούμεθα</span> <span class='ocrx_word' id='word_1_257' title='bbox 681 3527 900 3589; x_wconf 88' lang='grc' dir='ltr'>πάντως</span> <span class='ocrx_word' id='word_1_258' title='bbox 935 3524 1066 3595; x_wconf 84' lang='grc' dir='ltr'>γοῦν</span> <span class='ocrx_word' id='word_1_259' title='bbox 1104 3523 1298 3596; x_wconf 85' lang='grc' dir='ltr'>μικρὸν</span> <span class='ocrx_word' id='word_1_260' title='bbox 1329 3523 1556 3593; x_wconf 73' lang='grc' dir='ltr'>ὕστερον</span> <span class='ocrx_word' id='word_1_261' title='bbox 1576 3560 1590 3585; x_wconf 92' lang='grc'>,</span> <span class='ocrx_word' id='word_1_262' title='bbox 1622 3520 1716 3573; x_wconf 77' lang='grc' dir='ltr'>καὶ</span> <span class='ocrx_word' id='word_1_263' title='bbox 1748 3518 1907 3572; x_wconf 76' lang='grc' dir='ltr'>τοῦτο</span> 
     </span>
    </p>
   </div>
   <div class='ocr_carea' id='block_1_37' title="bbox 222 3605 1908 3688">
    <p class='ocr_par' dir='ltr' id='par_1_37' title="bbox 222 3605 1908 3688">
     <span class='ocr_line' id='line_1_37' title="bbox 222 3605 1908 3688; baseline -0.008 -14"><span class='ocrx_word' id='word_1_264' title='bbox 222 3618 365 3673; x_wconf 74' lang='grc' dir='ltr'>αὐτὸ</span> <span class='ocrx_word' id='word_1_265' title='bbox 392 3616 729 3688; x_wconf 74' lang='grc' dir='ltr'>πεισόμεθαο</span> <span class='ocrx_word' id='word_1_266' title='bbox 763 3614 972 3686; x_wconf 88' lang='grc' dir='ltr'>βέλτιον</span> <span class='ocrx_word' id='word_1_267' title='bbox 1002 3612 1142 3685; x_wconf 79' lang='grc' dir='ltr'>ὑπὲρ</span> <span class='ocrx_word' id='word_1_268' title='bbox 1171 3610 1265 3664; x_wconf 82' lang='grc' dir='ltr'>τοῦ</span> <span class='ocrx_word' id='word_1_269' title='bbox 1296 3610 1556 3683; x_wconf 83' lang='grc' dir='ltr'>βασιλέως</span> <span class='ocrx_word' id='word_1_270' title='bbox 1594 3609 1703 3662; x_wconf 83' lang='grc' dir='ltr'>τῶν</span> <span class='ocrx_word' id='word_1_271' title='bbox 1737 3605 1908 3677; x_wconf 87' lang='grc' dir='ltr'>ἀγγέ-</span> 
     </span>
    </p>
   </div>
   <div class='ocr_carea' id='block_1_38' title="bbox 212 3695 1904 3775">
    <p class='ocr_par' dir='ltr' id='par_1_38' title="bbox 212 3695 1904 3775">
     <span class='ocr_line' id='line_1_38' title="bbox 212 3695 1904 3775; baseline -0.009 -12"><span class='ocrx_word' id='word_1_272' title='bbox 212 3710 341 3762; x_wconf 72' lang='grc' dir='ltr'>’λων</span> <span class='ocrx_word' id='word_1_273' title='bbox 372 3705 686 3768; x_wconf 81' lang='grc' dir='ltr'>ἀποθανεῖν,</span> <span class='ocrx_word' id='word_1_274' title='bbox 725 3701 759 3775; x_wconf 79' lang='grc' dir='ltr'>ἢ</span> <span class='ocrx_word' id='word_1_275' title='bbox 790 3702 932 3772; x_wconf 81' lang='grc' dir='ltr'>ὑπὲρ</span> <span class='ocrx_word' id='word_1_276' title='bbox 966 3699 1256 3771; x_wconf 89' lang='grc' dir='ltr'>ἀνθρώπου</span> <span class='ocrx_word' id='word_1_277' title='bbox 1297 3698 1523 3753; x_wconf 77' lang='grc' dir='ltr'>τοιαῦτα</span> <span class='ocrx_word' id='word_1_278' title='bbox 1552 3695 1904 3759; x_wconf 75' lang='grc' dir='ltr'>ἀσεϐοῦντοςο</span> 
     </span>
    </p>
   </div>
   <div class='ocr_carea' id='block_1_39' title="bbox 228 3782 1907 3869">
    <p class='ocr_par' dir='ltr' id='par_1_39' title="bbox 228 3782 1907 3869">
     <span class='ocr_line' id='line_1_39' title="bbox 228 3782 1907 3869; baseline -0.008 -19"><span class='ocrx_word' id='word_1_279' title='bbox 228 3796 445 3869; x_wconf 80' lang='grc' dir='ltr'>βέλτιον</span> <span class='ocrx_word' id='word_1_280' title='bbox 473 3793 615 3864; x_wconf 79' lang='grc' dir='ltr'>ὑπὲρ</span> <span class='ocrx_word' id='word_1_281' title='bbox 641 3792 739 3863; x_wconf 87' lang='grc' dir='ltr'>τῆς</span> <span class='ocrx_word' id='word_1_282' title='bbox 770 3789 883 3845; x_wconf 84' lang='grc' dir='ltr'>ἄνω</span> <span class='ocrx_word' id='word_1_283' title='bbox 911 3788 1172 3860; x_wconf 88' lang='grc' dir='ltr'>πατρίδος</span> <span class='ocrx_word' id='word_1_284' title='bbox 1196 3786 1384 3841; x_wconf 83' lang='grc' dir='ltr'>θέσθαι</span> <span class='ocrx_word' id='word_1_285' title='bbox 1415 3786 1483 3840; x_wconf 87' lang='grc' dir='ltr'>τὰ</span> <span class='ocrx_word' id='word_1_286' title='bbox 1512 3785 1672 3850; x_wconf 85' lang='grc' dir='ltr'>ὅπλα,</span> <span class='ocrx_word' id='word_1_287' title='bbox 1705 3784 1738 3855; x_wconf 84' lang='grc' dir='ltr'>ἢ</span> <span class='ocrx_word' id='word_1_288' title='bbox 1768 3782 1907 3856; x_wconf 83' lang='grc' dir='ltr'>ὑπὲρ</span> 
     </span>
    </p>
   </div>
   <div class='ocr_carea' id='block_1_40' title="bbox 223 3873 1906 3955">
    <p class='ocr_par' dir='ltr' id='par_1_40' title="bbox 223 3873 1906 3955">
     <span class='ocr_line' id='line_1_40' title="bbox 223 3873 1906 3955; baseline -0.007 -18"><span class='ocrx_word' id='word_1_289' title='bbox 223 3885 330 3955; x_wconf 80' lang='grc' dir='ltr'>τῆς</span> <span class='ocrx_word' id='word_1_290' title='bbox 360 3881 511 3936; x_wconf 88' lang='grc' dir='ltr'>κάτω</span> <span class='ocrx_word' id='word_1_291' title='bbox 531 3881 626 3934; x_wconf 78' lang='grc' dir='ltr'>καὶ</span> <span class='ocrx_word' id='word_1_292' title='bbox 649 3877 1016 3951; x_wconf 89' lang='grc' dir='ltr'>πατουμένης.</span> <span class='ocrx_word' id='word_1_293' title='bbox 1065 3874 1333 3931; x_wconf 82' lang='grc' dir='ltr'>Ἐνταῦθα</span> <span class='ocrx_word' id='word_1_294' title='bbox 1364 3875 1468 3929; x_wconf 82' lang='grc' dir='ltr'>κᾶν</span> <span class='ocrx_word' id='word_1_295' title='bbox 1497 3873 1745 3946; x_wconf 83' lang='grc' dir='ltr'>ἀποθάνῃ</span> <span class='ocrx_word' id='word_1_296' title='bbox 1785 3889 1906 3937; x_wconf 89' lang='grc' dir='ltr'>τις,</span> 
     </span>
    </p>
   </div>
   <div class='ocr_carea' id='block_1_41' title="bbox 226 3959 1905 4041">
    <p class='ocr_par' dir='ltr' id='par_1_41' title="bbox 226 3959 1905 4041">
     <span class='ocr_line' id='line_1_41' title="bbox 226 3959 1905 4041; baseline -0.006 -16"><span class='ocrx_word' id='word_1_297' title='bbox 226 3971 385 4025; x_wconf 80' lang='grc' dir='ltr'>οὐδὲν</span> <span class='ocrx_word' id='word_1_298' title='bbox 412 3968 564 4041; x_wconf 88' lang='grc' dir='ltr'>παρά</span> <span class='ocrx_word' id='word_1_299' title='bbox 604 3966 869 4039; x_wconf 84' lang='grc' dir='ltr'>βασιλέως</span> <span class='ocrx_word' id='word_1_300' title='bbox 899 3964 1134 4037; x_wconf 79' lang='grc' dir='ltr'>λήψεται</span> <span class='ocrx_word' id='word_1_301' title='bbox 1164 3966 1263 4035; x_wconf 87' lang='grc' dir='ltr'>τῆς</span> <span class='ocrx_word' id='word_1_302' title='bbox 1307 3960 1617 4035; x_wconf 87' lang='grc' dir='ltr'>προθυμίας</span> <span class='ocrx_word' id='word_1_303' title='bbox 1662 3959 1905 4024; x_wconf 81' lang='grc' dir='ltr'>ἐπάξιον.</span> 
     </span>
    </p>
   </div>
   <div class='ocr_carea' id='block_1_42' title="bbox 228 4049 1904 4129">
    <p class='ocr_par' dir='ltr' id='par_1_42' title="bbox 228 4049 1904 4129">
     <span class='ocr_line' id='line_1_42' title="bbox 228 4049 1904 4129; baseline -0.007 -16"><span class='ocrx_word' id='word_1_304' title='bbox 228 4061 300 4113; x_wconf 83' lang='grc' dir='ltr'>Τί</span> <span class='ocrx_word' id='word_1_305' title='bbox 329 4060 438 4129; x_wconf 75' lang='grc' dir='ltr'>γὰρ</span> <span class='ocrx_word' id='word_1_306' title='bbox 482 4056 560 4129; x_wconf 83' lang='grc' dir='ltr'>τῷ</span> <span class='ocrx_word' id='word_1_307' title='bbox 603 4056 985 4127; x_wconf 84' lang='grc' dir='ltr'>τελευτήσαντι</span> <span class='ocrx_word' id='word_1_308' title='bbox 1045 4055 1314 4124; x_wconf 78' lang='grc' dir='ltr'>χαριεῖται</span> <span class='ocrx_word' id='word_1_309' title='bbox 1353 4050 1539 4104; x_wconf 78' lang='grc' dir='ltr'>λοιπὸν</span> <span class='ocrx_word' id='word_1_310' title='bbox 1579 4049 1904 4121; x_wconf 84' lang='grc' dir='ltr'>ἀνθρωπος;</span> 
     </span>
    </p>
   </div>
   <div class='ocr_carea' id='block_1_43' title="bbox 230 4139 1907 4217">
    <p class='ocr_par' dir='ltr' id='par_1_43' title="bbox 230 4139 1907 4217">
     <span class='ocr_line' id='line_1_43' title="bbox 230 4139 1907 4217; baseline -0.005 -14"><span class='ocrx_word' id='word_1_311' title='bbox 230 4147 501 4210; x_wconf 83' lang='grc' dir='ltr'>Πολλάκις</span> <span class='ocrx_word' id='word_1_312' title='bbox 538 4145 638 4217; x_wconf 72' lang='grc' dir='ltr'>μὲν</span> <span class='ocrx_word' id='word_1_313' title='bbox 659 4140 750 4199; x_wconf 77' lang='grc' dir='ltr'>οὖν</span> <span class='ocrx_word' id='word_1_314' title='bbox 769 4144 894 4198; x_wconf 60' lang='grc' dir='ltr'>οὐδὲ</span> <span class='ocrx_word' id='word_1_315' title='bbox 913 4142 1094 4214; x_wconf 90' lang='grc' dir='ltr'>ταφῆς</span> <span class='ocrx_word' id='word_1_316' title='bbox 1116 4140 1369 4208; x_wconf 75' lang='grc' dir='ltr'>ἀξιωθεὶς</span> <span class='ocrx_word' id='word_1_317' title='bbox 1391 4180 1406 4206; x_wconf 97' lang='grc'>,</span> <span class='ocrx_word' id='word_1_318' title='bbox 1438 4143 1551 4204; x_wconf 88' lang='grc' dir='ltr'>τοῖς</span> <span class='ocrx_word' id='word_1_319' title='bbox 1577 4139 1686 4193; x_wconf 83' lang='grc' dir='ltr'>τῶν</span> <span class='ocrx_word' id='word_1_320' title='bbox 1730 4139 1907 4194; x_wconf 82' lang='grc' dir='ltr'>κυνῶν</span> 
     </span>
    </p>
   </div>
   <div class='ocr_carea' id='block_1_44' title="bbox 230 4227 1910 4308">
    <p class='ocr_par' dir='ltr' id='par_1_44' title="bbox 230 4227 1910 4308">
     <span class='ocr_line' id='line_1_44' title="bbox 230 4227 1910 4308; baseline -0.005 -19"><span class='ocrx_word' id='word_1_321' title='bbox 230 4235 589 4308; x_wconf 84' lang='grc' dir='ltr'>προκείσεται</span> <span class='ocrx_word' id='word_1_322' title='bbox 622 4234 904 4304; x_wconf 57' lang='grc' dir='ltr'>στόμασιν.</span> <span class='ocrx_word' id='word_1_323' title='bbox 926 4233 1024 4286; x_wconf 83' lang='grc' dir='ltr'>Ἂν</span> <span class='ocrx_word' id='word_1_324' title='bbox 1048 4231 1104 4285; x_wconf 81' lang='grc' dir='ltr'>δὲ</span> <span class='ocrx_word' id='word_1_325' title='bbox 1134 4230 1276 4302; x_wconf 84' lang='grc' dir='ltr'>ὑπὲρ</span> <span class='ocrx_word' id='word_1_326' title='bbox 1300 4229 1395 4284; x_wconf 76' lang='grc' dir='ltr'>τοῦ</span> <span class='ocrx_word' id='word_1_327' title='bbox 1420 4227 1683 4299; x_wconf 83' lang='grc' dir='ltr'>βασιλέως</span> <span class='ocrx_word' id='word_1_328' title='bbox 1704 4227 1910 4282; x_wconf 88' lang='grc' dir='ltr'>ἀποθά-</span> 
     </span>
    </p>
   </div>
   <div class='ocr_carea' id='block_1_45' title="bbox 229 4315 1911 4396">
    <p class='ocr_par' dir='ltr' id='par_1_45' title="bbox 229 4315 1911 4396">
     <span class='ocr_line' id='line_1_45' title="bbox 229 4315 1911 4396; baseline -0.005 -17"><span class='ocrx_word' id='word_1_329' title='bbox 229 4341 415 4396; x_wconf 85' lang='grc' dir='ltr'>νωμεν</span> <span class='ocrx_word' id='word_1_330' title='bbox 441 4322 551 4377; x_wconf 84' lang='grc' dir='ltr'>τῶν</span> <span class='ocrx_word' id='word_1_331' title='bbox 565 4322 773 4392; x_wconf 66' lang='grc' dir='ltr'>ἀγγέλιι</span> <span class='ocrx_word' id='word_1_332' title='bbox 796 4338 833 4387; x_wconf 70' lang='grc' dir='ltr'>ι,</span> <span class='ocrx_word' id='word_1_333' title='bbox 859 4321 998 4393; x_wconf 88' lang='grc' dir='ltr'>μετά</span> <span class='ocrx_word' id='word_1_334' title='bbox 1020 4319 1266 4384; x_wconf 89' lang='grc' dir='ltr'>πλείονος</span> <span class='ocrx_word' id='word_1_335' title='bbox 1289 4318 1389 4389; x_wconf 87' lang='grc' dir='ltr'>τῆς</span> <span class='ocrx_word' id='word_1_336' title='bbox 1412 4316 1573 4388; x_wconf 87' lang='grc' dir='ltr'>δόξης</span> <span class='ocrx_word' id='word_1_337' title='bbox 1587 4316 1656 4371; x_wconf 77' lang='grc' dir='ltr'>τὰ</span> <span class='ocrx_word' id='word_1_338' title='bbox 1680 4315 1911 4387; x_wconf 88' lang='grc' dir='ltr'>σώματα</span> 
     </span>
    </p>
   </div>
   <div class='ocr_carea' id='block_1_46' title="bbox 227 4404 1911 4482">
    <p class='ocr_par' dir='ltr' id='par_1_46' title="bbox 227 4404 1911 4482">
     <span class='ocr_line' id='line_1_46' title="bbox 227 4404 1911 4482; baseline -0.005 -16"><span class='ocrx_word' id='word_1_339' title='bbox 227 4409 650 4482; x_wconf 68' lang='grc' dir='ltr'>ἀποληψόμεθα,</span> <span class='ocrx_word' id='word_1_340' title='bbox 685 4410 824 4481; x_wconf 87' lang='grc' dir='ltr'>μετά</span> <span class='ocrx_word' id='word_1_341' title='bbox 856 4408 1060 4480; x_wconf 88' lang='grc' dir='ltr'>πολλῆς</span> <span class='ocrx_word' id='word_1_342' title='bbox 1092 4406 1195 4477; x_wconf 88' lang='grc' dir='ltr'>τῆς</span> <span class='ocrx_word' id='word_1_343' title='bbox 1219 4405 1604 4478; x_wconf 87' lang='grc' dir='ltr'>λαμπρότητος</span> <span class='ocrx_word' id='word_1_344' title='bbox 1642 4404 1911 4476; x_wconf 85' lang='grc' dir='ltr'>ἐπανήξο-</span> 
     </span>
    </p>
   </div>
   <div class='ocr_carea' id='block_1_47' title="bbox 235 4491 1912 4572">
    <p class='ocr_par' dir='ltr' id='par_1_47' title="bbox 235 4491 1912 4572">
     <span class='ocr_line' id='line_1_47' title="bbox 235 4491 1912 4572; baseline -0.005 -19"><span class='ocrx_word' id='word_1_345' title='bbox 235 4517 364 4572; x_wconf 84' lang='grc' dir='ltr'>μεν,</span> <span class='ocrx_word' id='word_1_346' title='bbox 383 4500 477 4552; x_wconf 71' lang='lat' dir='ltr'><strong><em>ml</em></strong></span> <span class='ocrx_word' id='word_1_347' title='bbox 498 4497 680 4570; x_wconf 85' lang='grc' dir='ltr'>πολλῷ</span> <span class='ocrx_word' id='word_1_348' title='bbox 708 4495 925 4568; x_wconf 79' lang='grc' dir='ltr'>μείζους</span> <span class='ocrx_word' id='word_1_349' title='bbox 946 4494 1056 4549; x_wconf 85' lang='grc' dir='ltr'>τῶν</span> <span class='ocrx_word' id='word_1_350' title='bbox 1083 4494 1262 4549; x_wconf 89' lang='grc' dir='ltr'>πόνων</span> <span class='ocrx_word' id='word_1_351' title='bbox 1289 4493 1387 4557; x_wconf 89' lang='grc' dir='ltr'>τάς</span> <span class='ocrx_word' id='word_1_352' title='bbox 1414 4492 1645 4564; x_wconf 81' lang='grc' dir='ltr'>ἀμοιϐὰς</span> <span class='ocrx_word' id='word_1_353' title='bbox 1667 4491 1763 4547; x_wconf 80' lang='grc' dir='ltr'>καὶ</span> <span class='ocrx_word' id='word_1_354' title='bbox 1783 4492 1912 4556; x_wconf 78' lang='grc' dir='ltr'>τοὺς</span> 
     </span>
    </p>
   </div>
   <div class='ocr_carea' id='block_1_48' title="bbox 235 4580 1911 4657">
    <p class='ocr_par' dir='ltr' id='par_1_48' title="bbox 235 4580 1911 4657">
     <span class='ocr_line' id='line_1_48' title="bbox 235 4580 1911 4657; baseline -0.004 -16"><span class='ocrx_word' id='word_1_355' title='bbox 235 4585 539 4656; x_wconf 82' lang='grc' dir='ltr'>στεφάνους</span> <span class='ocrx_word' id='word_1_356' title='bbox 568 4584 931 4657; x_wconf 83' lang='grc' dir='ltr'>κομιούμεθα.</span> <span class='ocrx_word' id='word_1_357' title='bbox 964 4584 1235 4655; x_wconf 85' lang='grc' dir='ltr'>Λάϐωμεν</span> <span class='ocrx_word' id='word_1_358' title='bbox 1261 4582 1454 4653; x_wconf 53' lang='grc' dir='ltr'>,τοίνυν</span> <span class='ocrx_word' id='word_1_359' title='bbox 1481 4580 1622 4638; x_wconf 83' lang='grc' dir='ltr'>ὅπλα</span> <span class='ocrx_word' id='word_1_360' title='bbox 1665 4599 1911 4653; x_wconf 87' lang='grc' dir='ltr'>πνευμα-</span> 
     </span>
    </p>
   </div>
   <div class='ocr_carea' id='block_1_49' title="bbox 231 4670 1912 4747">
    <p class='ocr_par' dir='ltr' id='par_1_49' title="bbox 231 4670 1912 4747">
     <span class='ocr_line' id='line_1_49' title="bbox 231 4670 1912 4747; baseline -0.004 -18"><span class='ocrx_word' id='word_1_361' title='bbox 231 4675 396 4729; x_wconf 78' lang='grc' dir='ltr'>τικά’</span> <span class='ocrx_word' id='word_1_362' title='bbox 431 4675 494 4728; x_wconf 80' lang='grc' dir='ltr'>οὐ</span> <span class='ocrx_word' id='word_1_363' title='bbox 525 4674 684 4747; x_wconf 80' lang='grc' dir='ltr'>χρεία</span> <span class='ocrx_word' id='word_1_364' title='bbox 719 4673 890 4744; x_wconf 84' lang='grc' dir='ltr'>βελῶν</span> <span class='ocrx_word' id='word_1_365' title='bbox 921 4673 1017 4727; x_wconf 73' lang='grc' dir='ltr'>καὶ</span> <span class='ocrx_word' id='word_1_366' title='bbox 1045 4671 1246 4739; x_wconf 80' lang='grc' dir='ltr'>τόξων,</span> <span class='ocrx_word' id='word_1_367' title='bbox 1277 4672 1338 4725; x_wconf 84' lang='grc' dir='ltr'>ού</span> <span class='ocrx_word' id='word_1_368' title='bbox 1369 4671 1526 4744; x_wconf 87' lang='grc' dir='ltr'>χρεία</span> <span class='ocrx_word' id='word_1_369' title='bbox 1572 4670 1734 4725; x_wconf 77' lang='grc' dir='ltr'>ἄλλον</span> <span class='ocrx_word' id='word_1_370' title='bbox 1767 4670 1912 4736; x_wconf 71' lang='grc' dir='ltr'>τινος</span> 
     </span>
    </p>
   </div>
   <div class='ocr_carea' id='block_1_50' title="bbox 237 4759 1908 4834">
    <p class='ocr_par' dir='ltr' id='par_1_50' title="bbox 237 4759 1908 4834">
     <span class='ocr_line' id='line_1_50' title="bbox 237 4759 1908 4834; baseline -0.003 -15"><span class='ocrx_word' id='word_1_371' title='bbox 237 4762 498 4834; x_wconf 83' lang='grc' dir='ltr'>αίσθητοῦ</span> <span class='ocrx_word' id='word_1_372' title='bbox 550 4763 715 4816; x_wconf 80' lang='grc' dir='ltr'>ὅπλου</span> <span class='ocrx_word' id='word_1_373' title='bbox 735 4779 749 4790; x_wconf 73' lang='grc' dir='ltr'><strong><em>ο</em></strong></span> <span class='ocrx_word' id='word_1_374' title='bbox 794 4763 958 4832; x_wconf 86' lang='grc' dir='ltr'>ἀρκεῖ</span> <span class='ocrx_word' id='word_1_375' title='bbox 988 4760 1125 4833; x_wconf 80' lang='grc' dir='ltr'>πρὸς</span> <span class='ocrx_word' id='word_1_376' title='bbox 1183 4759 1361 4815; x_wconf 89' lang='grc' dir='ltr'>πάντα</span> <span class='ocrx_word' id='word_1_377' title='bbox 1411 4762 1543 4832; x_wconf 75' lang='grc' dir='ltr'>ἡμῖν</span> <span class='ocrx_word' id='word_1_378' title='bbox 1581 4762 1614 4831; x_wconf 89' lang='grc' dir='ltr'>ή</span> <span class='ocrx_word' id='word_1_379' title='bbox 1668 4760 1908 4829; x_wconf 81' lang='grc' dir='ltr'>γλῶττα,</span> 
     </span>
    </p>
   </div>
   <div class='ocr_carea' id='block_1_51' title="bbox 239 4848 1909 4921">
    <p class='ocr_par' dir='ltr' id='par_1_51' title="bbox 239 4848 1909 4921">
     <span class='ocr_line' id='line_1_51' title="bbox 239 4848 1909 4921; baseline 0 -19"><span class='ocrx_word' id='word_1_380' title='bbox 239 4848 396 4921; x_wconf 80' lang='grc' dir='ltr'>φησί.</span> <span class='ocrx_word' id='word_1_381' title='bbox 426 4850 534 4904; x_wconf 73' lang='grc' dir='ltr'>Καὶ</span> <span class='ocrx_word' id='word_1_382' title='bbox 570 4849 680 4921; x_wconf 81' lang='grc' dir='ltr'>γάρ</span> <span class='ocrx_word' id='word_1_383' title='bbox 724 4852 840 4904; x_wconf 88' lang='grc' dir='ltr'>ἐστι</span> <span class='ocrx_word' id='word_1_384' title='bbox 871 4848 1137 4921; x_wconf 84' lang='grc' dir='ltr'>βελοθήκη</span> <span class='ocrx_word' id='word_1_385' title='bbox 1171 4849 1283 4903; x_wconf 88' lang='grc' dir='ltr'>τῶν</span> <span class='ocrx_word' id='word_1_386' title='bbox 1323 4848 1495 4918; x_wconf 82' lang='grc' dir='ltr'>ἁγίων</span> <span class='ocrx_word' id='word_1_387' title='bbox 1534 4848 1604 4902; x_wconf 86' lang='grc' dir='ltr'>τά</span> <span class='ocrx_word' id='word_1_388' title='bbox 1639 4848 1909 4919; x_wconf 89' lang='grc' dir='ltr'>στόματα,</span> 
     </span>
    </p>
   </div>
   <div class='ocr_carea' id='block_1_52' title="bbox 243 4935 1912 5010">
    <p class='ocr_par' dir='ltr' id='par_1_52' title="bbox 243 4935 1912 5010">
     <span class='ocr_line' id='line_1_52' title="bbox 243 4935 1912 5010; baseline -0.001 -19"><span class='ocrx_word' id='word_1_389' title='bbox 243 4940 482 5007; x_wconf 76' lang='grc' dir='ltr'>συνεχεῖς</span> <span class='ocrx_word' id='word_1_390' title='bbox 509 4939 604 4991; x_wconf 78' lang='grc' dir='ltr'>καὶ</span> <span class='ocrx_word' id='word_1_391' title='bbox 628 4937 964 5008; x_wconf 81' lang='grc' dir='ltr'>ἐπαλλήλους</span> <span class='ocrx_word' id='word_1_392' title='bbox 994 4949 1021 4978; x_wconf 74' lang='grc' dir='ltr'>ι</span> <span class='ocrx_word' id='word_1_393' title='bbox 1050 4937 1287 5010; x_wconf 80' lang='grc' dir='ltr'>φέροντα</span> <span class='ocrx_word' id='word_1_394' title='bbox 1325 4940 1391 5010; x_wconf 78' lang='grc' dir='ltr'>τῇ</span> <span class='ocrx_word' id='word_1_395' title='bbox 1423 4935 1518 4990; x_wconf 79' lang='grc' dir='ltr'>τοῦ</span> <span class='ocrx_word' id='word_1_396' title='bbox 1551 4936 1797 4991; x_wconf 86' lang='grc' dir='ltr'>διαϐόλου</span> <span class='ocrx_word' id='word_1_397' title='bbox 1824 4956 1912 4990; x_wconf 86' lang='grc' dir='ltr'>κε-</span> 
     </span>
    </p>
   </div>
   <div class='ocr_carea' id='block_1_53' title="bbox 239 5026 774 5099">
    <p class='ocr_par' dir='ltr' id='par_1_53' title="bbox 239 5026 774 5099">
     <span class='ocr_line' id='line_1_53' title="bbox 239 5026 774 5099; baseline 0.004 -20"><span class='ocrx_word' id='word_1_398' title='bbox 239 5027 385 5097; x_wconf 78' lang='grc' dir='ltr'>φαλῇ</span> <span class='ocrx_word' id='word_1_399' title='bbox 410 5027 508 5091; x_wconf 82' lang='grc' dir='ltr'>τὰς</span> <span class='ocrx_word' id='word_1_400' title='bbox 539 5026 774 5099; x_wconf 87' lang='grc' dir='ltr'>πληγάς.</span> 
     </span>
    </p>
   </div>
   <div class='ocr_carea' id='block_1_54' title="bbox 311 5111 1910 5183">
    <p class='ocr_par' dir='ltr' id='par_1_54' title="bbox 311 5111 1910 5183">
     <span class='ocr_line' id='line_1_54' title="bbox 311 5111 1910 5183; baseline -0.003 -15"><span class='ocrx_word' id='word_1_401' title='bbox 311 5121 381 5183; x_wconf 85' lang='grc' dir='ltr'>γ’.</span> <span class='ocrx_word' id='word_1_402' title='bbox 404 5114 590 5169; x_wconf 83' lang='grc' dir='ltr'>Ταῦτα</span> <span class='ocrx_word' id='word_1_403' title='bbox 619 5117 715 5170; x_wconf 72' lang='grc' dir='ltr'>καὶ</span> <span class='ocrx_word' id='word_1_404' title='bbox 730 5114 800 5168; x_wconf 91' lang='grc' dir='ltr'>τά</span> <span class='ocrx_word' id='word_1_405' title='bbox 827 5114 1037 5178; x_wconf 88' lang='grc' dir='ltr'>τούτοις</span> <span class='ocrx_word' id='word_1_406' title='bbox 1055 5114 1270 5169; x_wconf 88' lang='grc' dir='ltr'>ἐοικότα</span> <span class='ocrx_word' id='word_1_407' title='bbox 1284 5114 1313 5155; x_wconf 64' lang='grc' dir='ltr'><strong>ι</strong></span> <span class='ocrx_word' id='word_1_408' title='bbox 1329 5113 1704 5183; x_wconf 84' lang='grc' dir='ltr'>ἀπηγγέλλετο</span> <span class='ocrx_word' id='word_1_409' title='bbox 1718 5113 1797 5183; x_wconf 84' lang='grc' dir='ltr'>τῷ</span> <span class='ocrx_word' id='word_1_410' title='bbox 1813 5111 1910 5182; x_wconf 83' lang='grc' dir='ltr'>βα-</span> 
     </span>
    </p>
   </div>
   <div class='ocr_carea' id='block_1_55' title="bbox 236 5201 1913 5276">
    <p class='ocr_par' dir='ltr' id='par_1_55' title="bbox 236 5201 1913 5276">
     <span class='ocr_line' id='line_1_55' title="bbox 236 5201 1913 5276; baseline -0.001 -21"><span class='ocrx_word' id='word_1_411' title='bbox 236 5202 377 5256; x_wconf 73' lang='grc' dir='ltr'>σιλεῖ</span> <span class='ocrx_word' id='word_1_412' title='bbox 393 5220 406 5233; x_wconf 90' lang='grc'><strong>·</strong></span> <span class='ocrx_word' id='word_1_413' title='bbox 437 5204 467 5256; x_wconf 90' lang='lat'>6</span> <span class='ocrx_word' id='word_1_414' title='bbox 491 5203 547 5257; x_wconf 83' lang='grc' dir='ltr'>δὲ</span> <span class='ocrx_word' id='word_1_415' title='bbox 574 5205 674 5257; x_wconf 76' lang='grc' dir='ltr'>οὐκ</span> <span class='ocrx_word' id='word_1_416' title='bbox 703 5203 988 5274; x_wconf 85' lang='grc' dir='ltr'>ἀφίστατο,</span> <span class='ocrx_word' id='word_1_417' title='bbox 1010 5202 1125 5257; x_wconf 89' lang='grc' dir='ltr'>ἀλλ’</span> <span class='ocrx_word' id='word_1_418' title='bbox 1147 5203 1424 5276; x_wconf 77' lang='grc' dir='ltr'>ἐπεχείρει</span> <span class='ocrx_word' id='word_1_419' title='bbox 1454 5201 1618 5255; x_wconf 87' lang='grc' dir='ltr'>πάλιν</span> <span class='ocrx_word' id='word_1_420' title='bbox 1643 5201 1714 5255; x_wconf 78' lang='grc' dir='ltr'>τά</span> <span class='ocrx_word' id='word_1_421' title='bbox 1730 5202 1913 5256; x_wconf 84' lang='grc' dir='ltr'>δελέα-</span> 
     </span>
    </p>
   </div>
   <div class='ocr_carea' id='block_1_56' title="bbox 235 5289 1915 5361">
    <p class='ocr_par' dir='ltr' id='par_1_56' title="bbox 235 5289 1915 5361">
     <span class='ocr_line' id='line_1_56' title="bbox 235 5289 1915 5361; baseline -0.001 -17"><span class='ocrx_word' id='word_1_422' title='bbox 235 5309 310 5346; x_wconf 84' lang='grc' dir='ltr'>τα</span> <span class='ocrx_word' id='word_1_423' title='bbox 331 5291 396 5344; x_wconf 84' lang='grc' dir='ltr'>δι’</span> <span class='ocrx_word' id='word_1_424' title='bbox 423 5290 646 5345; x_wconf 85' lang='grc' dir='ltr'>ἐκείνων</span> <span class='ocrx_word' id='word_1_425' title='bbox 673 5291 863 5356; x_wconf 87' lang='grc' dir='ltr'>τιθείς.</span> <span class='ocrx_word' id='word_1_426' title='bbox 897 5289 1086 5346; x_wconf 82' lang='grc' dir='ltr'>Ταῦτα</span> <span class='ocrx_word' id='word_1_427' title='bbox 1111 5291 1241 5361; x_wconf 80' lang='grc' dir='ltr'>γοῦν</span> <span class='ocrx_word' id='word_1_428' title='bbox 1270 5291 1671 5357; x_wconf 77' lang='grc' dir='ltr'>κατεσκεύαζεν</span> <span class='ocrx_word' id='word_1_429' title='bbox 1693 5292 1722 5344; x_wconf 92' lang='lat'>6</span> <span class='ocrx_word' id='word_1_430' title='bbox 1752 5289 1915 5344; x_wconf 78' lang='grc' dir='ltr'>ὓπου-</span> 
     </span>
    </p>
   </div>
   <div class='ocr_carea' id='block_1_57' title="bbox 238 5377 1915 5451">
    <p class='ocr_par' dir='ltr' id='par_1_57' title="bbox 238 5377 1915 5451">
     <span class='ocr_line' id='line_1_57' title="bbox 238 5377 1915 5451; baseline 0.001 -19"><span class='ocrx_word' id='word_1_431' title='bbox 238 5380 331 5443; x_wconf 79' lang='grc' dir='ltr'>λος</span> <span class='ocrx_word' id='word_1_432' title='bbox 360 5379 453 5433; x_wconf 78' lang='grc' dir='ltr'>καὶ</span> <span class='ocrx_word' id='word_1_433' title='bbox 478 5377 784 5451; x_wconf 82' lang='grc' dir='ltr'>πανοῦργος</span> <span class='ocrx_word' id='word_1_434' title='bbox 816 5379 911 5433; x_wconf 83' lang='grc' dir='ltr'>καὶ</span> <span class='ocrx_word' id='word_1_435' title='bbox 939 5379 1102 5449; x_wconf 74' lang='grc' dir='ltr'>σοφὸς</span> <span class='ocrx_word' id='word_1_436' title='bbox 1125 5381 1206 5444; x_wconf 88' lang='grc' dir='ltr'>είς</span> <span class='ocrx_word' id='word_1_437' title='bbox 1231 5378 1293 5432; x_wconf 84' lang='lat'>:6</span> <span class='ocrx_word' id='word_1_438' title='bbox 1318 5380 1707 5449; x_wconf 80' lang='grc' dir='ltr'>κακοποιῆσαι,</span> <span class='ocrx_word' id='word_1_439' title='bbox 1734 5379 1821 5432; x_wconf 84' lang='grc' dir='ltr'>ἵνα</span> <span class='ocrx_word' id='word_1_440' title='bbox 1847 5377 1915 5433; x_wconf 87' lang='grc' dir='ltr'>ἀν</span> 
     </span>
    </p>
   </div>
   <div class='ocr_carea' id='block_1_58' title="bbox 242 5466 1913 5539">
    <p class='ocr_par' dir='ltr' id='par_1_58' title="bbox 242 5466 1913 5539">
     <span class='ocr_line' id='line_1_58' title="bbox 242 5466 1913 5539; baseline 0.001 -20"><span class='ocrx_word' id='word_1_441' title='bbox 242 5466 345 5537; x_wconf 75' lang='grc' dir='ltr'>μὲν</span> <span class='ocrx_word' id='word_1_442' title='bbox 383 5467 953 5539; x_wconf 85' lang='grc' dir='ltr'>καταμαλακισθέντες</span> <span class='ocrx_word' id='word_1_443' title='bbox 998 5466 1225 5521; x_wconf 81' lang='grc' dir='ltr'>ἐνδῶσιν</span> <span class='ocrx_word' id='word_1_444' title='bbox 1247 5506 1263 5532; x_wconf 96' lang='grc'>,</span> <span class='ocrx_word' id='word_1_445' title='bbox 1323 5467 1430 5521; x_wconf 81' lang='grc' dir='ltr'>ὑπὸ</span> <span class='ocrx_word' id='word_1_446' title='bbox 1485 5471 1596 5530; x_wconf 77' lang='grc' dir='ltr'>τοῖς</span> <span class='ocrx_word' id='word_1_447' title='bbox 1656 5467 1913 5521; x_wconf 83' lang='grc' dir='ltr'>ἀπάντων</span> 
     </span>
    </p>
   </div>
   <div class='ocr_carea' id='block_1_59' title="bbox 233 5554 1914 5628">
    <p class='ocr_par' dir='ltr' id='par_1_59' title="bbox 233 5554 1914 5628">
     <span class='ocr_line' id='line_1_59' title="bbox 233 5554 1914 5628; baseline 0.001 -19"><span class='ocrx_word' id='word_1_448' title='bbox 233 5554 535 5626; x_wconf 74' lang='grc' dir='ltr'>ὀφθαλμοῖς</span> <span class='ocrx_word' id='word_1_449' title='bbox 559 5556 760 5621; x_wconf 76' lang='grc' dir='ltr'>αὐτοὺς</span> <span class='ocrx_word' id='word_1_450' title='bbox 789 5554 1107 5625; x_wconf 77' lang='grc' dir='ltr'>ἐξαγάγοιεν</span> <span class='ocrx_word' id='word_1_451' title='bbox 1148 5567 1195 5623; x_wconf 68' lang='grc' dir='ltr'>ε,</span> <span class='ocrx_word' id='word_1_452' title='bbox 1229 5556 1323 5610; x_wconf 79' lang='grc' dir='ltr'>καὶ</span> <span class='ocrx_word' id='word_1_453' title='bbox 1344 5555 1487 5610; x_wconf 76' lang='grc' dir='ltr'>οὕτω</span> <span class='ocrx_word' id='word_1_454' title='bbox 1515 5556 1701 5610; x_wconf 85' lang='grc' dir='ltr'>λοιπὸν</span> <span class='ocrx_word' id='word_1_455' title='bbox 1735 5573 1914 5628; x_wconf 84' lang='grc' dir='ltr'>παρα-</span> 
     </span>
    </p>
   </div>
   <div class='ocr_carea' id='block_1_60' title="bbox 240 5642 1914 5716">
    <p class='ocr_par' dir='ltr' id='par_1_60' title="bbox 240 5642 1914 5716">
     <span class='ocr_line' id='line_1_60' title="bbox 240 5642 1914 5716; baseline -0.001 -19"><span class='ocrx_word' id='word_1_456' title='bbox 240 5643 488 5716; x_wconf 78' lang='grc' dir='ltr'>σκευάσῃ</span> <span class='ocrx_word' id='word_1_457' title='bbox 515 5642 678 5697; x_wconf 81' lang='grc' dir='ltr'>θῦσαι</span> <span class='ocrx_word' id='word_1_458' title='bbox 696 5661 709 5676; x_wconf 74' lang='grc' dir='ltr'><strong><em>ο</em></strong></span> <span class='ocrx_word' id='word_1_459' title='bbox 740 5644 808 5699; x_wconf 84' lang='grc' dir='ltr'>ἀν</span> <span class='ocrx_word' id='word_1_460' title='bbox 834 5644 890 5699; x_wconf 75' lang='grc' dir='ltr'>δὲ</span> <span class='ocrx_word' id='word_1_461' title='bbox 913 5644 1234 5715; x_wconf 70' lang='grc' dir='ltr'>ἐπιμείνωσι</span> <span class='ocrx_word' id='word_1_462' title='bbox 1270 5644 1506 5716; x_wconf 74' lang='grc' dir='ltr'>σφοδρὰν</span> <span class='ocrx_word' id='word_1_463' title='bbox 1536 5644 1634 5715; x_wconf 80' lang='grc' dir='ltr'>τὴν</span> <span class='ocrx_word' id='word_1_464' title='bbox 1663 5642 1914 5715; x_wconf 79' lang='grc' dir='ltr'>ἀνδρείαν</span> 
     </span>
    </p>
   </div>
   <div class='ocr_carea' id='block_1_61' title="bbox 236 5730 1913 5804">
    <p class='ocr_par' dir='ltr' id='par_1_61' title="bbox 236 5730 1913 5804">
     <span class='ocr_line' id='line_1_61' title="bbox 236 5730 1913 5804; baseline -0.001 -17"><span class='ocrx_word' id='word_1_465' title='bbox 236 5731 697 5803; x_wconf 72' lang='grc' dir='ltr'>ἐπιδεικνύμενοι,</span> <span class='ocrx_word' id='word_1_466' title='bbox 729 5732 823 5785; x_wconf 74' lang='grc' dir='ltr'>καὶ</span> <span class='ocrx_word' id='word_1_467' title='bbox 852 5733 990 5803; x_wconf 76' lang='grc' dir='ltr'>πρὸς</span> <span class='ocrx_word' id='word_1_468' title='bbox 1019 5732 1118 5804; x_wconf 77' lang='grc' dir='ltr'>τὴν</span> <span class='ocrx_word' id='word_1_469' title='bbox 1148 5731 1326 5802; x_wconf 80' lang='grc' dir='ltr'>πάλην</span> <span class='ocrx_word' id='word_1_470' title='bbox 1373 5731 1638 5799; x_wconf 83' lang='grc' dir='ltr'>γενναίως</span> <span class='ocrx_word' id='word_1_471' title='bbox 1685 5730 1913 5802; x_wconf 84' lang='grc' dir='ltr'>ἱστάμε-</span> 
     </span>
    </p>
   </div>
   <div class='ocr_carea' id='block_1_62' title="bbox 301 5817 1912 5883">
    <p class='ocr_par' dir='ltr' id='par_1_62' title="bbox 301 5817 1912 5883">
     <span class='ocr_line' id='line_1_62' title="bbox 301 5817 1912 5883; baseline 0.002 -18"><span class='ocrx_word' id='word_1_472' title='bbox 301 5817 589 5883; x_wconf 24' lang='lat' dir='ltr'>{Sayijtct</span> <span class='ocrx_word' id='word_1_473' title='bbox 623 5819 745 5883; x_wconf 72' lang='lat' dir='ltr'>Reg.</span> <span class='ocrx_word' id='word_1_474' title='bbox 770 5820 981 5883; x_wconf 81' lang='grc' dir='ltr'>συνεχεῖς</span> <span class='ocrx_word' id='word_1_475' title='bbox 1017 5820 1100 5868; x_wconf 87' lang='grc' dir='ltr'>καὶ</span> <span class='ocrx_word' id='word_1_476' title='bbox 1133 5821 1442 5880; x_wconf 71' lang='grc' dir='ltr'>ἐπαλλήλους,</span> <span class='ocrx_word' id='word_1_477' title='bbox 1487 5818 1662 5870; x_wconf 75' lang='lat' dir='ltr'>Morel.</span> <span class='ocrx_word' id='word_1_478' title='bbox 1702 5822 1912 5882; x_wconf 81' lang='grc' dir='ltr'>συνεχῶς</span> 
     </span>
    </p>
   </div>
   <div class='ocr_carea' id='block_1_63' title="bbox 241 5880 644 5937">
    <p class='ocr_par' dir='ltr' id='par_1_63' title="bbox 241 5880 644 5937">
     <span class='ocr_line' id='line_1_63' title="bbox 241 5880 644 5937; baseline -0.002 -10"><span class='ocrx_word' id='word_1_479' title='bbox 241 5886 320 5937; x_wconf 67' lang='grc' dir='ltr'>ιοεν</span> <span class='ocrx_word' id='word_1_480' title='bbox 341 5880 644 5937; x_wconf 73' lang='grc' dir='ltr'>ἐπαλλήλους.</span> 
     </span>
    </p>
   </div>
   <div class='ocr_carea' id='block_1_64' title="bbox 289 5930 1003 6010">
    <p class='ocr_par' dir='ltr' id='par_1_64' title="bbox 289 5930 1003 6010">
     <span class='ocr_line' id='line_1_64' title="bbox 289 5930 1003 6010; baseline 0.004 -21"><span class='ocrx_word' id='word_1_481' title='bbox 289 5930 319 6010; x_wconf 53' lang='grc' dir='ltr'>ξ’</span> <span class='ocrx_word' id='word_1_482' title='bbox 347 5930 601 6010; x_wconf 33' lang='grc' dir='ltr'>ἓίειξὲξίί.</span> <span class='ocrx_word' id='word_1_483' title='bbox 616 5930 798 6010; x_wconf 54' lang='grc' dir='ltr'>’λιθυιῇ</span> <span class='ocrx_word' id='word_1_484' title='bbox 824 5942 1003 5992; x_wconf 75' lang='grc' dir='ltr'>εἰκότα.</span> 
     </span>
    </p>
   </div>
   <div class='ocr_carea' id='block_1_65' title="bbox 287 6001 718 6065">
    <p class='ocr_par' dir='ltr' id='par_1_65' title="bbox 287 6001 718 6065">
     <span class='ocr_line' id='line_1_65' title="bbox 287 6001 718 6065; baseline 0.002 -14"><span class='ocrx_word' id='word_1_485' title='bbox 287 6007 310 6036; x_wconf 71' lang='grc' dir='ltr'><strong>ε</strong></span> <span class='ocrx_word' id='word_1_486' title='bbox 340 6001 405 6051; x_wconf 72' lang='lat' dir='ltr'>Sa</span> <span class='ocrx_word' id='word_1_487' title='bbox 412 6001 492 6052; x_wconf 76' lang='grc' dir='ltr'>νξί.</span> <span class='ocrx_word' id='word_1_488' title='bbox 519 6003 718 6065; x_wconf 75' lang='grc' dir='ltr'>ἐξαγάγῃ</span> 
     </span>
    </p>
   </div>
   <div class='ocr_carea' id='block_1_66' title="bbox 538 6093 1183 6155">
    <p class='ocr_par' dir='ltr' id='par_1_66' title="bbox 538 6093 1183 6155">
     <span class='ocr_line' id='line_1_66' title="bbox 538 6093 1183 6155; baseline -0.006 1"><span class='ocrx_word' id='word_1_489' title='bbox 538 6112 553 6127; x_wconf 78' lang='lat'><em>&#39;</em></span> <span class='ocrx_word' id='word_1_490' title='bbox 629 6095 901 6155; x_wconf 71' lang='lat' dir='ltr'>PATROL.</span> <span class='ocrx_word' id='word_1_491' title='bbox 951 6093 1067 6153; x_wconf 75' lang='lat' dir='ltr'>Gn.</span> <span class='ocrx_word' id='word_1_492' title='bbox 1123 6093 1183 6152; x_wconf 87' lang='lat' dir='ltr'>L.</span> 
     </span>
    </p>
   </div>
   <div class='ocr_carea' id='block_1_67' title="bbox 1087 390 2871 465">
    <p class='ocr_par' dir='ltr' id='par_1_67' title="bbox 1087 390 2871 465">
     <span class='ocr_line' id='line_1_67' title="bbox 1087 390 2871 465; baseline 0.001 -18"><span class='ocrx_word' id='word_1_493' title='bbox 1087 393 1175 448; x_wconf 82' lang='lat' dir='ltr'>DE</span> <span class='ocrx_word' id='word_1_494' title='bbox 1215 392 1273 447; x_wconf 83' lang='lat' dir='ltr'>S.</span> <span class='ocrx_word' id='word_1_495' title='bbox 1318 393 1619 465; x_wconf 72' lang='lat' dir='ltr'>BABYLA,</span> <span class='ocrx_word' id='word_1_496' title='bbox 1660 390 1942 449; x_wconf 67' lang='lat' dir='ltr'><strong>CONTRA</strong></span> <span class='ocrx_word' id='word_1_497' title='bbox 1983 391 2336 454; x_wconf 69' lang='lat' dir='ltr'>Jl.‘L.‘ANUM</span> <span class='ocrx_word' id='word_1_498' title='bbox 2382 393 2469 449; x_wconf 86' lang='lat' dir='ltr'>ET</span> <span class='ocrx_word' id='word_1_499' title='bbox 2509 391 2871 451; x_wconf 81' lang='lat' dir='ltr'>GENTILES.</span> 
     </span>
    </p>
   </div>
   <div class='ocr_carea' id='block_1_68' title="bbox 1993 507 3670 582">
    <p class='ocr_par' dir='ltr' id='par_1_68' title="bbox 1993 507 3670 582">
     <span class='ocr_line' id='line_1_68' title="bbox 1993 507 3670 582; baseline 0.004 -21"><span class='ocrx_word' id='word_1_500' title='bbox 1993 523 2093 572; x_wconf 86' lang='grc' dir='ltr'>νοι,</span> <span class='ocrx_word' id='word_1_501' title='bbox 2127 507 2200 580; x_wconf 81' lang='grc' dir='ltr'>μὴ</span> <span class='ocrx_word' id='word_1_502' title='bbox 2240 523 2450 580; x_wconf 77' lang='grc' dir='ltr'>φανερά</span> <span class='ocrx_word' id='word_1_503' title='bbox 2493 509 2719 581; x_wconf 73' lang='grc' dir='ltr'>γένηται</span> <span class='ocrx_word' id='word_1_504' title='bbox 2754 526 2824 565; x_wconf 86' lang='grc' dir='ltr'>τα</span> <span class='ocrx_word' id='word_1_505' title='bbox 2854 509 2954 582; x_wconf 84' lang='grc' dir='ltr'>τῆς</span> <span class='ocrx_word' id='word_1_506' title='bbox 2987 509 3144 581; x_wconf 83' lang='grc' dir='ltr'>νίκης</span> <span class='ocrx_word' id='word_1_507' title='bbox 3180 509 3364 576; x_wconf 77' lang='grc' dir='ltr'>αὐτοῖς</span> <span class='ocrx_word' id='word_1_508' title='bbox 3387 551 3402 576; x_wconf 92' lang='grc'>,</span> <span class='ocrx_word' id='word_1_509' title='bbox 3433 510 3548 569; x_wconf 83' lang='grc' dir='ltr'>ἀλλ’</span> <span class='ocrx_word' id='word_1_510' title='bbox 3593 517 3670 579; x_wconf 85' lang='grc' dir='ltr'>ὡς</span> 
     </span>
    </p>
   </div>
   <div class='ocr_carea' id='block_1_69' title="bbox 1991 597 3668 672">
    <p class='ocr_par' dir='ltr' id='par_1_69' title="bbox 1991 597 3668 672">
     <span class='ocr_line' id='line_1_69' title="bbox 1991 597 3668 672; baseline 0.004 -22"><span class='ocrx_word' id='word_1_511' title='bbox 1991 597 2085 650; x_wconf 78' lang='grc' dir='ltr'>ἐπὶ</span> <span class='ocrx_word' id='word_1_512' title='bbox 2114 598 2464 669; x_wconf 86' lang='grc' dir='ltr'>προσχήματι</span> <span class='ocrx_word' id='word_1_513' title='bbox 2483 599 2799 671; x_wconf 88' lang='grc' dir='ltr'>τυραννίδος</span> <span class='ocrx_word' id='word_1_514' title='bbox 2829 600 3030 664; x_wconf 81' lang='grc' dir='ltr'>αὐτοὺς</span> <span class='ocrx_word' id='word_1_515' title='bbox 3052 599 3360 670; x_wconf 88' lang='grc' dir='ltr'>ἀπαγαγὼν</span> <span class='ocrx_word' id='word_1_516' title='bbox 3389 601 3668 672; x_wconf 78' lang='grc' dir='ltr'>ἀποτέμῃ.</span> 
     </span>
    </p>
   </div>
   <div class='ocr_carea' id='block_1_70' title="bbox 2005 684 3671 762">
    <p class='ocr_par' dir='ltr' id='par_1_70' title="bbox 2005 684 3671 762">
     <span class='ocr_line' id='line_1_70' title="bbox 2005 684 3671 762; baseline 0.006 -26"><span class='ocrx_word' id='word_1_517' title='bbox 2005 684 2146 738; x_wconf 82' lang='grc' dir='ltr'>Ἀλλ’</span> <span class='ocrx_word' id='word_1_518' title='bbox 2170 686 2199 738; x_wconf 90' lang='lat'>6</span> <span class='ocrx_word' id='word_1_519' title='bbox 2229 686 2631 740; x_wconf 86' lang='grc' dir='ltr'>ἀποκαλύπτων</span> <span class='ocrx_word' id='word_1_520' title='bbox 2672 686 2844 758; x_wconf 85' lang='grc' dir='ltr'>βαθέα</span> <span class='ocrx_word' id='word_1_521' title='bbox 2876 688 2970 742; x_wconf 70' lang='grc' dir='ltr'>καὶ</span> <span class='ocrx_word' id='word_1_522' title='bbox 2998 689 3312 762; x_wconf 83' lang='grc' dir='ltr'>ἀπόκρυφα,</span> <span class='ocrx_word' id='word_1_523' title='bbox 3361 690 3463 745; x_wconf 87' lang='grc' dir='ltr'>ούκ</span> <span class='ocrx_word' id='word_1_524' title='bbox 3491 692 3671 762; x_wconf 86' lang='grc' dir='ltr'>ἀφῆκε</span> 
     </span>
    </p>
   </div>
   <div class='ocr_carea' id='block_1_71' title="bbox 1991 773 3672 852">
    <p class='ocr_par' dir='ltr' id='par_1_71' title="bbox 1991 773 3672 852">
     <span class='ocr_line' id='line_1_71' title="bbox 1991 773 3672 852; baseline 0.003 -25"><span class='ocrx_word' id='word_1_525' title='bbox 1991 773 2176 829; x_wconf 86' lang='grc' dir='ltr'>λαθεῖν</span> <span class='ocrx_word' id='word_1_526' title='bbox 2228 777 2328 847; x_wconf 84' lang='grc' dir='ltr'>τὴν</span> <span class='ocrx_word' id='word_1_527' title='bbox 2367 775 2592 848; x_wconf 79' lang='grc' dir='ltr'>ἐνέδραν</span> <span class='ocrx_word' id='word_1_528' title='bbox 2614 816 2629 842; x_wconf 91' lang='grc'>,</span> <span class='ocrx_word' id='word_1_529' title='bbox 2668 776 2791 831; x_wconf 86' lang='grc' dir='ltr'>ούδέ</span> <span class='ocrx_word' id='word_1_530' title='bbox 2828 777 2929 850; x_wconf 80' lang='grc' dir='ltr'>τὴν</span> <span class='ocrx_word' id='word_1_531' title='bbox 2962 779 3255 851; x_wconf 70' lang='grc' dir='ltr'>ἐπιϐουλὴν</span> <span class='ocrx_word' id='word_1_532' title='bbox 3289 780 3471 852; x_wconf 85' lang='grc' dir='ltr'>ἀφανῆ</span> <span class='ocrx_word' id='word_1_533' title='bbox 3517 780 3672 850; x_wconf 82' lang='grc' dir='ltr'>γενέ-</span> 
     </span>
    </p>
   </div>
   <div class='ocr_carea' id='block_1_72' title="bbox 1995 862 3673 941">
    <p class='ocr_par' dir='ltr' id='par_1_72' title="bbox 1995 862 3673 941">
     <span class='ocr_line' id='line_1_72' title="bbox 1995 862 3673 941; baseline 0.004 -26"><span class='ocrx_word' id='word_1_534' title='bbox 1995 862 2119 916; x_wconf 90' lang='grc' dir='ltr'>σθαι</span> <span class='ocrx_word' id='word_1_535' title='bbox 2141 880 2154 894; x_wconf 88' lang='grc'><strong>·</strong></span> <span class='ocrx_word' id='word_1_536' title='bbox 2186 863 2302 917; x_wconf 87' lang='grc' dir='ltr'>ἀλλ’</span> <span class='ocrx_word' id='word_1_537' title='bbox 2355 862 2546 935; x_wconf 83' lang='grc' dir='ltr'>ὥσπερ</span> <span class='ocrx_word' id='word_1_538' title='bbox 2581 868 2614 937; x_wconf 92' lang='grc' dir='ltr'>ή</span> <span class='ocrx_word' id='word_1_539' title='bbox 2659 865 2933 934; x_wconf 79' lang='grc' dir='ltr'>Αἰγυπτία</span> <span class='ocrx_word' id='word_1_540' title='bbox 2969 867 3095 921; x_wconf 81' lang='grc' dir='ltr'>τότε</span> <span class='ocrx_word' id='word_1_541' title='bbox 3139 868 3277 941; x_wconf 84' lang='grc' dir='ltr'>γυνὴ</span> <span class='ocrx_word' id='word_1_542' title='bbox 3323 868 3420 922; x_wconf 81' lang='grc' dir='ltr'>τοῦ</span> <span class='ocrx_word' id='word_1_543' title='bbox 3473 869 3673 939; x_wconf 65' lang='grc' dir='ltr'>Ἰωσὴφ</span> 
     </span>
    </p>
   </div>
   <div class='ocr_carea' id='block_1_73' title="bbox 1993 951 3672 1030">
    <p class='ocr_par' dir='ltr' id='par_1_73' title="bbox 1993 951 3672 1030">
     <span class='ocr_line' id='line_1_73' title="bbox 1993 951 3672 1030; baseline 0.003 -25"><span class='ocrx_word' id='word_1_544' title='bbox 1993 951 2362 1026; x_wconf 87' lang='grc' dir='ltr'>ἐπιλαϐομένη</span> <span class='ocrx_word' id='word_1_545' title='bbox 2390 954 2447 1007; x_wconf 88' lang='grc' dir='ltr'>ἐν</span> <span class='ocrx_word' id='word_1_546' title='bbox 2470 952 2699 1026; x_wconf 86' lang='grc' dir='ltr'>θαλάμῳ</span> <span class='ocrx_word' id='word_1_547' title='bbox 2742 956 2834 1008; x_wconf 76' lang='grc' dir='ltr'>καὶ</span> <span class='ocrx_word' id='word_1_548' title='bbox 2863 956 3071 1029; x_wconf 77' lang='grc' dir='ltr'>ἐρημίᾳ</span> <span class='ocrx_word' id='word_1_549' title='bbox 3105 956 3273 1030; x_wconf 77' lang='grc' dir='ltr'>πολλῇ</span> <span class='ocrx_word' id='word_1_550' title='bbox 3302 956 3672 1028; x_wconf 84' lang='grc' dir='ltr'>προσεδόκησε</span> 
     </span>
    </p>
   </div>
   <div class='ocr_carea' id='block_1_74' title="bbox 1993 1039 3674 1115">
    <p class='ocr_par' dir='ltr' id='par_1_74' title="bbox 1993 1039 3674 1115">
     <span class='ocr_line' id='line_1_74' title="bbox 1993 1039 3674 1115; baseline 0.002 -22"><span class='ocrx_word' id='word_1_551' title='bbox 1993 1039 2255 1112; x_wconf 83' lang='grc' dir='ltr'>λήσεσθαι</span> <span class='ocrx_word' id='word_1_552' title='bbox 2287 1041 2498 1106; x_wconf 88' lang='grc' dir='ltr'>πάντας</span> <span class='ocrx_word' id='word_1_553' title='bbox 2525 1041 2871 1115; x_wconf 82' lang='grc' dir='ltr'>ἀνθρώπους,</span> <span class='ocrx_word' id='word_1_554' title='bbox 2903 1045 3004 1097; x_wconf 87' lang='grc' dir='ltr'>ούκ</span> <span class='ocrx_word' id='word_1_555' title='bbox 3037 1044 3198 1099; x_wconf 79' lang='grc' dir='ltr'>ἔλαθε</span> <span class='ocrx_word' id='word_1_556' title='bbox 3225 1045 3283 1099; x_wconf 82' lang='grc' dir='ltr'>δὲ</span> <span class='ocrx_word' id='word_1_557' title='bbox 3318 1045 3409 1098; x_wconf 87' lang='grc' dir='ltr'>τὸν</span> <span class='ocrx_word' id='word_1_558' title='bbox 3438 1045 3674 1115; x_wconf 83' lang='grc' dir='ltr'>ἀκοίμη-</span> 
     </span>
    </p>
   </div>
   <div class='ocr_carea' id='block_1_75' title="bbox 1993 1130 3673 1205">
    <p class='ocr_par' dir='ltr' id='par_1_75' title="bbox 1993 1130 3673 1205">
     <span class='ocr_line' id='line_1_75' title="bbox 1993 1130 3673 1205; baseline 0.003 -24"><span class='ocrx_word' id='word_1_559' title='bbox 1993 1145 2084 1183; x_wconf 91' lang='grc' dir='ltr'>τον</span> <span class='ocrx_word' id='word_1_560' title='bbox 2103 1130 2401 1202; x_wconf 84' lang='grc' dir='ltr'>όφθαλμὸν,</span> <span class='ocrx_word' id='word_1_561' title='bbox 2423 1131 2519 1184; x_wconf 77' lang='grc' dir='ltr'>καὶ</span> <span class='ocrx_word' id='word_1_562' title='bbox 2549 1131 2611 1184; x_wconf 87' lang='grc' dir='ltr'>ού</span> <span class='ocrx_word' id='word_1_563' title='bbox 2640 1132 2800 1203; x_wconf 89' lang='grc' dir='ltr'>μόνον</span> <span class='ocrx_word' id='word_1_564' title='bbox 2824 1134 3052 1199; x_wconf 83' lang='grc' dir='ltr'>ἐκεῖνον,</span> <span class='ocrx_word' id='word_1_565' title='bbox 3071 1133 3185 1187; x_wconf 89' lang='grc' dir='ltr'>ἀλλ’</span> <span class='ocrx_word' id='word_1_566' title='bbox 3205 1133 3328 1188; x_wconf 81' lang='grc' dir='ltr'>οὐδὲ</span> <span class='ocrx_word' id='word_1_567' title='bbox 3350 1133 3673 1205; x_wconf 84' lang='grc' dir='ltr'>ἀνθρώπους</span> 
     </span>
    </p>
   </div>
   <div class='ocr_carea' id='block_1_76' title="bbox 1992 1217 3671 1295">
    <p class='ocr_par' dir='ltr' id='par_1_76' title="bbox 1992 1217 3671 1295">
     <span class='ocr_line' id='line_1_76' title="bbox 1992 1217 3671 1295; baseline 0.001 -23"><span class='ocrx_word' id='word_1_568' title='bbox 1992 1219 2122 1282; x_wconf 81' lang='grc' dir='ltr'>τοὺς</span> <span class='ocrx_word' id='word_1_569' title='bbox 2161 1217 2302 1289; x_wconf 87' lang='grc' dir='ltr'>μετά</span> <span class='ocrx_word' id='word_1_570' title='bbox 2347 1217 2524 1273; x_wconf 81' lang='grc' dir='ltr'>ταῦτα</span> <span class='ocrx_word' id='word_1_571' title='bbox 2546 1260 2562 1285; x_wconf 94' lang='grc'>,</span> <span class='ocrx_word' id='word_1_572' title='bbox 2598 1219 2712 1274; x_wconf 85' lang='grc' dir='ltr'>ἀλλ’</span> <span class='ocrx_word' id='word_1_573' title='bbox 2748 1221 2886 1295; x_wconf 66' lang='grc' dir='ltr'>ὅπερ</span> <span class='ocrx_word' id='word_1_574' title='bbox 2919 1223 3103 1294; x_wconf 90' lang='grc' dir='ltr'>ἐκείνη</span> <span class='ocrx_word' id='word_1_575' title='bbox 3154 1222 3292 1295; x_wconf 84' lang='grc' dir='ltr'>πρὸς</span> <span class='ocrx_word' id='word_1_576' title='bbox 3319 1223 3411 1277; x_wconf 83' lang='grc' dir='ltr'>τὸν</span> <span class='ocrx_word' id='word_1_577' title='bbox 3473 1220 3671 1292; x_wconf 65' lang='grc' dir='ltr'>Ἰωσὴφ</span> 
     </span>
    </p>
   </div>
   <div class='ocr_carea' id='block_1_77' title="bbox 1995 1303 3676 1384">
    <p class='ocr_par' dir='ltr' id='par_1_77' title="bbox 1995 1303 3676 1384">
     <span class='ocr_line' id='line_1_77' title="bbox 1995 1303 3676 1384; baseline 0.004 -24"><span class='ocrx_word' id='word_1_578' title='bbox 1995 1303 2170 1374; x_wconf 76' lang='grc' dir='ltr'>εἴπεν,</span> <span class='ocrx_word' id='word_1_579' title='bbox 2211 1307 2425 1373; x_wconf 80' lang='grc' dir='ltr'>οὐδενὸς</span> <span class='ocrx_word' id='word_1_580' title='bbox 2452 1310 2742 1381; x_wconf 82' lang='grc' dir='ltr'>παρόντος,</span> <span class='ocrx_word' id='word_1_581' title='bbox 2775 1311 2937 1365; x_wconf 83' lang='grc' dir='ltr'>τοῦτο</span> <span class='ocrx_word' id='word_1_582' title='bbox 2968 1311 3245 1383; x_wconf 84' lang='grc' dir='ltr'>πανταχοῦ</span> <span class='ocrx_word' id='word_1_583' title='bbox 3288 1314 3389 1384; x_wconf 88' lang='grc' dir='ltr'>τῆς</span> <span class='ocrx_word' id='word_1_584' title='bbox 3420 1314 3676 1383; x_wconf 78' lang='grc' dir='ltr'>οἰκουμέ-</span> 
     </span>
    </p>
   </div>
   <div class='ocr_carea' id='block_1_78' title="bbox 1996 1393 3674 1472">
    <p class='ocr_par' dir='ltr' id='par_1_78' title="bbox 1996 1393 3674 1472">
     <span class='ocr_line' id='line_1_78' title="bbox 1996 1393 3674 1472; baseline 0.001 -21"><span class='ocrx_word' id='word_1_585' title='bbox 1996 1414 2095 1468; x_wconf 88' lang='grc' dir='ltr'>νης</span> <span class='ocrx_word' id='word_1_586' title='bbox 2127 1397 2343 1469; x_wconf 73' lang='grc' dir='ltr'>ᾄδεται·</span> <span class='ocrx_word' id='word_1_587' title='bbox 2370 1397 2513 1452; x_wconf 76' lang='grc' dir='ltr'>οὕτω</span> <span class='ocrx_word' id='word_1_588' title='bbox 2549 1397 2728 1470; x_wconf 75' lang='grc' dir='ltr'>δήκαὶ</span> <span class='ocrx_word' id='word_1_589' title='bbox 2760 1393 2914 1463; x_wconf 78' lang='grc' dir='ltr'>οὗτος</span> <span class='ocrx_word' id='word_1_590' title='bbox 2946 1400 3141 1470; x_wconf 71' lang='grc' dir='ltr'>ἤλπισε</span> <span class='ocrx_word' id='word_1_591' title='bbox 3172 1400 3273 1472; x_wconf 79' lang='grc' dir='ltr'>μὲν</span> <span class='ocrx_word' id='word_1_592' title='bbox 3309 1400 3493 1472; x_wconf 84' lang='grc' dir='ltr'>λήσειν</span> <span class='ocrx_word' id='word_1_593' title='bbox 3512 1402 3568 1453; x_wconf 89' lang='grc' dir='ltr'>ἐν</span> <span class='ocrx_word' id='word_1_594' title='bbox 3587 1400 3674 1454; x_wconf 86' lang='grc' dir='ltr'>δε-</span> 
     </span>
    </p>
   </div>
   <div class='ocr_carea' id='block_1_79' title="bbox 1998 1486 3673 1560">
    <p class='ocr_par' dir='ltr' id='par_1_79' title="bbox 1998 1486 3673 1560">
     <span class='ocr_line' id='line_1_79' title="bbox 1998 1486 3673 1560; baseline 0.002 -21"><span class='ocrx_word' id='word_1_595' title='bbox 1998 1486 2296 1559; x_wconf 89' lang='grc' dir='ltr'>σμωτηρίῳ</span> <span class='ocrx_word' id='word_1_596' title='bbox 2329 1486 2711 1559; x_wconf 90' lang='grc' dir='ltr'>διαλεγόμενος</span> <span class='ocrx_word' id='word_1_597' title='bbox 2748 1488 2836 1543; x_wconf 86' lang='grc' dir='ltr'>διά</span> <span class='ocrx_word' id='word_1_598' title='bbox 2868 1488 2979 1543; x_wconf 85' lang='grc' dir='ltr'>τῶν</span> <span class='ocrx_word' id='word_1_599' title='bbox 3004 1489 3497 1560; x_wconf 86' lang='grc' dir='ltr'>ἐσχηματισμένων</span> <span class='ocrx_word' id='word_1_600' title='bbox 3531 1505 3673 1559; x_wconf 86' lang='grc' dir='ltr'>συμ-</span> 
     </span>
    </p>
   </div>
   <div class='ocr_carea' id='block_1_80' title="bbox 1996 1572 3673 1648">
    <p class='ocr_par' dir='ltr' id='par_1_80' title="bbox 1996 1572 3673 1648">
     <span class='ocr_line' id='line_1_80' title="bbox 1996 1572 3673 1648; baseline 0.002 -21"><span class='ocrx_word' id='word_1_601' title='bbox 1996 1572 2204 1628; x_wconf 87' lang='grc' dir='ltr'>ϐούλων</span> <span class='ocrx_word' id='word_1_602' title='bbox 2231 1574 2475 1638; x_wconf 89' lang='grc' dir='ltr'>ἐκείνων,</span> <span class='ocrx_word' id='word_1_603' title='bbox 2505 1576 2606 1630; x_wconf 88' lang='grc' dir='ltr'>οὐκ</span> <span class='ocrx_word' id='word_1_604' title='bbox 2634 1576 2790 1631; x_wconf 78' lang='grc' dir='ltr'>ἔλαθε</span> <span class='ocrx_word' id='word_1_605' title='bbox 2812 1576 2870 1630; x_wconf 87' lang='grc' dir='ltr'>δέ</span> <span class='ocrx_word' id='word_1_606' title='bbox 2893 1593 2908 1608; x_wconf 75' lang='grc' dir='ltr'><strong>ο</strong></span> <span class='ocrx_word' id='word_1_607' title='bbox 2934 1576 3051 1631; x_wconf 86' lang='grc' dir='ltr'>ἀλλ’</span> <span class='ocrx_word' id='word_1_608' title='bbox 3075 1576 3314 1640; x_wconf 78' lang='grc' dir='ltr'>ἅπαντες</span> <span class='ocrx_word' id='word_1_609' title='bbox 3340 1576 3476 1648; x_wconf 90' lang='grc' dir='ltr'>μετά</span> <span class='ocrx_word' id='word_1_610' title='bbox 3500 1576 3673 1630; x_wconf 81' lang='grc' dir='ltr'>ταῦτα</span> 
     </span>
    </p>
   </div>
   <div class='ocr_carea' id='block_1_81' title="bbox 1996 1660 3672 1739">
    <p class='ocr_par' dir='ltr' id='par_1_81' title="bbox 1996 1660 3672 1739">
     <span class='ocr_line' id='line_1_81' title="bbox 1996 1660 3672 1739; baseline 0.002 -24"><span class='ocrx_word' id='word_1_611' title='bbox 1996 1660 2199 1734; x_wconf 76' lang='grc' dir='ltr'>ἔμαθον</span> <span class='ocrx_word' id='word_1_612' title='bbox 2235 1662 2335 1735; x_wconf 82' lang='grc' dir='ltr'>τὴν</span> <span class='ocrx_word' id='word_1_613' title='bbox 2368 1664 2613 1737; x_wconf 86' lang='grc' dir='ltr'>ἐνέδραν,</span> <span class='ocrx_word' id='word_1_614' title='bbox 2639 1665 2741 1739; x_wconf 81' lang='grc' dir='ltr'>τὴν</span> <span class='ocrx_word' id='word_1_615' title='bbox 2761 1665 3075 1738; x_wconf 81' lang='grc' dir='ltr'>ἐπιϐουλὴν,</span> <span class='ocrx_word' id='word_1_616' title='bbox 3100 1666 3200 1735; x_wconf 87' lang='grc' dir='ltr'>τὴν</span> <span class='ocrx_word' id='word_1_617' title='bbox 3231 1665 3410 1737; x_wconf 90' lang='grc' dir='ltr'>νίκην,</span> <span class='ocrx_word' id='word_1_618' title='bbox 3452 1664 3514 1719; x_wconf 85' lang='lat'>:6</span> <span class='ocrx_word' id='word_1_619' title='bbox 3546 1666 3672 1737; x_wconf 83' lang='grc' dir='ltr'>τρό-</span> 
     </span>
    </p>
   </div>
   <div class='ocr_carea' id='block_1_82' title="bbox 1997 1752 3673 1828">
    <p class='ocr_par' dir='ltr' id='par_1_82' title="bbox 1997 1752 3673 1828">
     <span class='ocr_line' id='line_1_82' title="bbox 1997 1752 3673 1828; baseline 0.002 -23"><span class='ocrx_word' id='word_1_620' title='bbox 1997 1769 2179 1807; x_wconf 86' lang='grc' dir='ltr'>παιον.</span> <span class='ocrx_word' id='word_1_621' title='bbox 2217 1752 2307 1817; x_wconf 85' lang='grc' dir='ltr'>Ὠς</span> <span class='ocrx_word' id='word_1_622' title='bbox 2333 1754 2442 1826; x_wconf 86' lang='grc' dir='ltr'>γὰρ</span> <span class='ocrx_word' id='word_1_623' title='bbox 2495 1755 2687 1827; x_wconf 86' lang='grc' dir='ltr'>χρόνος</span> <span class='ocrx_word' id='word_1_624' title='bbox 2728 1755 2979 1828; x_wconf 85' lang='grc' dir='ltr'>ἐτρίϐετο</span> <span class='ocrx_word' id='word_1_625' title='bbox 3032 1755 3132 1811; x_wconf 75' lang='grc' dir='ltr'>καὶ</span> <span class='ocrx_word' id='word_1_626' title='bbox 3163 1756 3432 1827; x_wconf 78' lang='grc' dir='ltr'>παρέρρει</span> <span class='ocrx_word' id='word_1_627' title='bbox 3483 1755 3673 1818; x_wconf 82' lang='grc' dir='ltr'>πολὺς,</span> 
     </span>
    </p>
   </div>
   <div class='ocr_carea' id='block_1_83' title="bbox 1997 1839 3673 1916">
    <p class='ocr_par' dir='ltr' id='par_1_83' title="bbox 1997 1839 3673 1916">
     <span class='ocr_line' id='line_1_83' title="bbox 1997 1839 3673 1916; baseline 0.001 -23"><span class='ocrx_word' id='word_1_628' title='bbox 1997 1841 2093 1894; x_wconf 73' lang='grc' dir='ltr'>καὶ</span> <span class='ocrx_word' id='word_1_629' title='bbox 2115 1839 2177 1894; x_wconf 91' lang='lat'>:6</span> <span class='ocrx_word' id='word_1_630' title='bbox 2209 1841 2416 1911; x_wconf 90' lang='grc' dir='ltr'>πλῆθος</span> <span class='ocrx_word' id='word_1_631' title='bbox 2440 1844 2550 1898; x_wconf 84' lang='grc' dir='ltr'>τῶν</span> <span class='ocrx_word' id='word_1_632' title='bbox 2578 1844 2802 1916; x_wconf 86' lang='grc' dir='ltr'>ήμερῶν</span> <span class='ocrx_word' id='word_1_633' title='bbox 2834 1844 2934 1898; x_wconf 82' lang='grc' dir='ltr'>οὐκ</span> <span class='ocrx_word' id='word_1_634' title='bbox 2962 1842 3150 1910; x_wconf 80' lang='grc' dir='ltr'>ἐξέλυε</span> <span class='ocrx_word' id='word_1_635' title='bbox 3192 1844 3292 1915; x_wconf 83' lang='grc' dir='ltr'>τὴν</span> <span class='ocrx_word' id='word_1_636' title='bbox 3336 1842 3673 1915; x_wconf 83' lang='grc' dir='ltr'>προθυμίαν.</span> 
     </span>
    </p>
   </div>
   <div class='ocr_carea' id='block_1_84' title="bbox 1997 1926 3678 2003">
    <p class='ocr_par' dir='ltr' id='par_1_84' title="bbox 1997 1926 3678 2003">
     <span class='ocr_line' id='line_1_84' title="bbox 1997 1926 3678 2003; baseline 0.001 -20"><span class='ocrx_word' id='word_1_637' title='bbox 1997 1926 2114 1983; x_wconf 86' lang='grc' dir='ltr'>ἀλλ’</span> <span class='ocrx_word' id='word_1_638' title='bbox 2146 1927 2420 1986; x_wconf 83' lang='grc' dir='ltr'>ἐπέτεινεν</span> <span class='ocrx_word' id='word_1_639' title='bbox 2452 1930 2633 1986; x_wconf 82' lang='grc' dir='ltr'>αὐτῶν</span> <span class='ocrx_word' id='word_1_640' title='bbox 2662 1931 2866 2003; x_wconf 81' lang='grc' dir='ltr'>μᾶλλον</span> <span class='ocrx_word' id='word_1_641' title='bbox 2895 1931 2996 2002; x_wconf 80' lang='grc' dir='ltr'>τὴν</span> <span class='ocrx_word' id='word_1_642' title='bbox 3020 1931 3280 2003; x_wconf 84' lang='grc' dir='ltr'>σπουδὴν,</span> <span class='ocrx_word' id='word_1_643' title='bbox 3305 1931 3402 1985; x_wconf 76' lang='grc' dir='ltr'>καὶ</span> <span class='ocrx_word' id='word_1_644' title='bbox 3424 1930 3678 1992; x_wconf 83' lang='grc' dir='ltr'>πλείονας</span> 
     </span>
    </p>
   </div>
   <div class='ocr_carea' id='block_1_85' title="bbox 1999 2011 3724 2092">
    <p class='ocr_par' dir='ltr' id='par_1_85' title="bbox 1999 2011 3724 2092">
     <span class='ocr_line' id='line_1_85' title="bbox 1999 2011 3724 2092; baseline -0.001 -20"><span class='ocrx_word' id='word_1_645' title='bbox 1999 2018 2370 2085; x_wconf 74' lang='grc' dir='ltr'>κατεσκεύαζε</span> <span class='ocrx_word' id='word_1_646' title='bbox 2388 2019 2659 2091; x_wconf 76' lang='grc' dir='ltr'>ζηλωτάς,</span> <span class='ocrx_word' id='word_1_647' title='bbox 2684 2020 2899 2075; x_wconf 88' lang='grc' dir='ltr'>κελεύει</span> <span class='ocrx_word' id='word_1_648' title='bbox 2927 2019 3115 2075; x_wconf 78' lang='grc' dir='ltr'>λοιπὸν</span> <span class='ocrx_word' id='word_1_649' title='bbox 3146 2019 3330 2092; x_wconf 90' lang='grc' dir='ltr'>μέσων</span> <span class='ocrx_word' id='word_1_650' title='bbox 3349 2019 3561 2074; x_wconf 83' lang='grc' dir='ltr'>νυκτῶν</span> <span class='ocrx_word' id='word_1_651' title='bbox 3585 2021 3679 2073; x_wconf 69' lang='grc' dir='ltr'>ἐπὶ</span> <span class='ocrx_word' id='word_1_652' title='bbox 3710 2011 3724 2023; x_wconf 64' lang='grc'><strong>⁸</strong></span> 
     </span>
    </p>
   </div>
   <div class='ocr_carea' id='block_1_86' title="bbox 1998 2106 3674 2180">
    <p class='ocr_par' dir='ltr' id='par_1_86' title="bbox 1998 2106 3674 2180">
     <span class='ocr_line' id='line_1_86' title="bbox 1998 2106 3674 2180; baseline 0 -20"><span class='ocrx_word' id='word_1_653' title='bbox 1998 2106 2060 2161; x_wconf 84' lang='grc' dir='ltr'>τὸ</span> <span class='ocrx_word' id='word_1_654' title='bbox 2098 2106 2375 2179; x_wconf 86' lang='grc' dir='ltr'>βάραθρον</span> <span class='ocrx_word' id='word_1_655' title='bbox 2404 2110 2607 2173; x_wconf 79' lang='grc' dir='ltr'>αὐτοὺς</span> <span class='ocrx_word' id='word_1_656' title='bbox 2639 2108 2972 2180; x_wconf 87' lang='grc' dir='ltr'>ἀπαχθῆναι.</span> <span class='ocrx_word' id='word_1_657' title='bbox 3006 2108 3122 2163; x_wconf 76' lang='grc' dir='ltr'>Καὶ</span> <span class='ocrx_word' id='word_1_658' title='bbox 3153 2109 3212 2163; x_wconf 87' lang='grc' dir='ltr'>ἐν</span> <span class='ocrx_word' id='word_1_659' title='bbox 3245 2109 3395 2180; x_wconf 85' lang='grc' dir='ltr'>μέσῳ</span> <span class='ocrx_word' id='word_1_660' title='bbox 3425 2109 3605 2163; x_wconf 88' lang='grc' dir='ltr'>σκότει</span> <span class='ocrx_word' id='word_1_661' title='bbox 3629 2110 3674 2160; x_wconf 76' lang='lat'><strong>0‘</strong></span> 
     </span>
    </p>
   </div>
   <div class='ocr_carea' id='block_1_87' title="bbox 2001 2195 3680 2270">
    <p class='ocr_par' dir='ltr' id='par_1_87' title="bbox 2001 2195 3680 2270">
     <span class='ocr_line' id='line_1_87' title="bbox 2001 2195 3680 2270; baseline 0 -21"><span class='ocrx_word' id='word_1_662' title='bbox 2001 2196 2289 2268; x_wconf 86' lang='grc' dir='ltr'>φωστῆρες</span> <span class='ocrx_word' id='word_1_663' title='bbox 2311 2197 2591 2268; x_wconf 83' lang='grc' dir='ltr'>ἐξήγοντο,</span> <span class='ocrx_word' id='word_1_664' title='bbox 2621 2198 2715 2251; x_wconf 78' lang='grc' dir='ltr'>καὶ</span> <span class='ocrx_word' id='word_1_665' title='bbox 2735 2197 3124 2270; x_wconf 87' lang='grc' dir='ltr'>ἀπετέμνοντο.</span> <span class='ocrx_word' id='word_1_666' title='bbox 3151 2197 3287 2252; x_wconf 86' lang='grc' dir='ltr'>Τότε</span> <span class='ocrx_word' id='word_1_667' title='bbox 3317 2195 3411 2251; x_wconf 76' lang='grc' dir='ltr'>καὶ</span> <span class='ocrx_word' id='word_1_668' title='bbox 3436 2196 3680 2268; x_wconf 84' lang='grc' dir='ltr'>φοϐερώ-</span> 
     </span>
    </p>
   </div>
   <div class='ocr_carea' id='block_1_88' title="bbox 2000 2280 3679 2357">
    <p class='ocr_par' dir='ltr' id='par_1_88' title="bbox 2000 2280 3679 2357">
     <span class='ocr_line' id='line_1_88' title="bbox 2000 2280 3679 2357; baseline 0 -20"><span class='ocrx_word' id='word_1_669' title='bbox 2000 2301 2157 2356; x_wconf 88' lang='grc' dir='ltr'>τεραι</span> <span class='ocrx_word' id='word_1_670' title='bbox 2177 2283 2362 2338; x_wconf 86' lang='grc' dir='ltr'>λοιπὸν</span> <span class='ocrx_word' id='word_1_671' title='bbox 2395 2280 2535 2356; x_wconf 84' lang='grc' dir='ltr'>ἦσαν</span> <span class='ocrx_word' id='word_1_672' title='bbox 2567 2286 2623 2339; x_wconf 89' lang='grc' dir='ltr'>αί</span> <span class='ocrx_word' id='word_1_673' title='bbox 2649 2285 2885 2355; x_wconf 77' lang='grc' dir='ltr'>κεφαλαὶ</span> <span class='ocrx_word' id='word_1_674' title='bbox 2916 2284 2994 2356; x_wconf 86' lang='grc' dir='ltr'>τῷ</span> <span class='ocrx_word' id='word_1_675' title='bbox 3014 2284 3250 2356; x_wconf 82' lang='grc' dir='ltr'>διαϐόλῳ</span> <span class='ocrx_word' id='word_1_676' title='bbox 3300 2284 3500 2357; x_wconf 80' lang='grc' dir='ltr'>μᾶλλον</span> <span class='ocrx_word' id='word_1_677' title='bbox 3528 2284 3563 2355; x_wconf 79' lang='grc' dir='ltr'>ἢ</span> <span class='ocrx_word' id='word_1_678' title='bbox 3588 2286 3679 2338; x_wconf 74' lang='grc' dir='ltr'>ὅτι</span> 
     </span>
    </p>
   </div>
   <div class='ocr_carea' id='block_1_89' title="bbox 2003 2372 3671 2447">
    <p class='ocr_par' dir='ltr' id='par_1_89' title="bbox 2003 2372 3671 2447">
     <span class='ocr_line' id='line_1_89' title="bbox 2003 2372 3671 2447; baseline 0.002 -20"><span class='ocrx_word' id='word_1_679' title='bbox 2003 2373 2185 2445; x_wconf 82' lang='grc' dir='ltr'>φωνὴν</span> <span class='ocrx_word' id='word_1_680' title='bbox 2211 2372 2442 2443; x_wconf 66' lang='grc' dir='ltr'>ἠφίεσαν</span> <span class='ocrx_word' id='word_1_681' title='bbox 2462 2391 2475 2405; x_wconf 89' lang='grc'><strong>·</strong></span> <span class='ocrx_word' id='word_1_682' title='bbox 2505 2374 2626 2428; x_wconf 78' lang='grc' dir='ltr'>ἐπεὶ</span> <span class='ocrx_word' id='word_1_683' title='bbox 2646 2374 2740 2428; x_wconf 84' lang='grc' dir='ltr'>καὶ</span> <span class='ocrx_word' id='word_1_684' title='bbox 2765 2377 2799 2446; x_wconf 90' lang='grc' dir='ltr'>ή</span> <span class='ocrx_word' id='word_1_685' title='bbox 2843 2373 3091 2429; x_wconf 84' lang='grc' dir='ltr'>Ἰωάννου</span> <span class='ocrx_word' id='word_1_686' title='bbox 3146 2374 3359 2447; x_wconf 81' lang='grc' dir='ltr'>κεφαλὴ</span> <span class='ocrx_word' id='word_1_687' title='bbox 3410 2374 3508 2446; x_wconf 72' lang='grc' dir='ltr'>οὐχ</span> <span class='ocrx_word' id='word_1_688' title='bbox 3536 2374 3671 2432; x_wconf 74' lang='grc' dir='ltr'>οὖτα</span> 
     </span>
    </p>
   </div>
   <div class='ocr_carea' id='block_1_90' title="bbox 2005 2457 3679 2535">
    <p class='ocr_par' dir='ltr' id='par_1_90' title="bbox 2005 2457 3679 2535">
     <span class='ocr_line' id='line_1_90' title="bbox 2005 2457 3679 2535; baseline 0.001 -21"><span class='ocrx_word' id='word_1_689' title='bbox 2005 2460 2211 2534; x_wconf 86' lang='grc' dir='ltr'>φοϐερά</span> <span class='ocrx_word' id='word_1_690' title='bbox 2240 2457 2308 2533; x_wconf 83' lang='grc' dir='ltr'>ἦν</span> <span class='ocrx_word' id='word_1_691' title='bbox 2336 2461 2704 2535; x_wconf 86' lang='grc' dir='ltr'>φθεγγομένη,</span> <span class='ocrx_word' id='word_1_692' title='bbox 2737 2462 2814 2527; x_wconf 91' lang='grc' dir='ltr'>ώς</span> <span class='ocrx_word' id='word_1_693' title='bbox 2843 2463 3057 2533; x_wconf 77' lang='grc' dir='ltr'>ἄφωνος</span> <span class='ocrx_word' id='word_1_694' title='bbox 3072 2464 3165 2517; x_wconf 74' lang='grc' dir='ltr'>ἐπὶ</span> <span class='ocrx_word' id='word_1_695' title='bbox 3188 2461 3283 2517; x_wconf 81' lang='grc' dir='ltr'>τοῦ</span> <span class='ocrx_word' id='word_1_696' title='bbox 3310 2462 3536 2527; x_wconf 88' lang='grc' dir='ltr'>πίνακος</span> <span class='ocrx_word' id='word_1_697' title='bbox 3562 2480 3679 2516; x_wconf 65' lang='grc' dir='ltr'>κειε</span> 
     </span>
    </p>
   </div>
   <div class='ocr_carea' id='block_1_91' title="bbox 2008 2545 3677 2625">
    <p class='ocr_par' dir='ltr' id='par_1_91' title="bbox 2008 2545 3677 2625">
     <span class='ocr_line' id='line_1_91' title="bbox 2008 2545 3677 2625; baseline -0.001 -21"><span class='ocrx_word' id='word_1_698' title='bbox 2008 2550 2166 2622; x_wconf 88' lang='grc' dir='ltr'>μένη.</span> <span class='ocrx_word' id='word_1_699' title='bbox 2198 2553 2354 2623; x_wconf 81' lang='grc' dir='ltr'>Ἐχει</span> <span class='ocrx_word' id='word_1_700' title='bbox 2389 2550 2499 2624; x_wconf 86' lang='grc' dir='ltr'>γάρ</span> <span class='ocrx_word' id='word_1_701' title='bbox 2549 2552 2643 2605; x_wconf 79' lang='grc' dir='ltr'>καὶ</span> <span class='ocrx_word' id='word_1_702' title='bbox 2672 2551 2855 2625; x_wconf 76' lang='grc' dir='ltr'>φωνὴν</span> <span class='ocrx_word' id='word_1_703' title='bbox 2882 2551 2994 2606; x_wconf 85' lang='grc' dir='ltr'>τῶν</span> <span class='ocrx_word' id='word_1_704' title='bbox 3032 2551 3202 2622; x_wconf 80' lang='grc' dir='ltr'>ἁγίων</span> <span class='ocrx_word' id='word_1_705' title='bbox 3232 2550 3294 2605; x_wconf 90' lang='lat'>:6</span> <span class='ocrx_word' id='word_1_706' title='bbox 3322 2545 3484 2624; x_wconf 74' lang='grc' dir='ltr'>αἷμα,</span> <span class='ocrx_word' id='word_1_707' title='bbox 3513 2551 3575 2605; x_wconf 87' lang='grc' dir='ltr'>ού</span> <span class='ocrx_word' id='word_1_708' title='bbox 3610 2551 3677 2604; x_wconf 85' lang='grc' dir='ltr'>δι’</span> 
     </span>
    </p>
   </div>
   <div class='ocr_carea' id='block_1_92' title="bbox 2003 2640 3683 2713">
    <p class='ocr_par' dir='ltr' id='par_1_92' title="bbox 2003 2640 3683 2713">
     <span class='ocr_line' id='line_1_92' title="bbox 2003 2640 3683 2713; baseline 0.001 -21"><span class='ocrx_word' id='word_1_709' title='bbox 2003 2640 2157 2694; x_wconf 78' lang='grc' dir='ltr'>ὤτων</span> <span class='ocrx_word' id='word_1_710' title='bbox 2190 2642 2549 2712; x_wconf 79' lang='grc' dir='ltr'>ἀκουομένην,</span> <span class='ocrx_word' id='word_1_711' title='bbox 2573 2640 2711 2696; x_wconf 89' lang='grc' dir='ltr'>ἀλλά</span> <span class='ocrx_word' id='word_1_712' title='bbox 2738 2642 2833 2695; x_wconf 81' lang='grc' dir='ltr'>τοῦ</span> <span class='ocrx_word' id='word_1_713' title='bbox 2859 2640 3161 2705; x_wconf 87' lang='grc' dir='ltr'>συνειδότος</span> <span class='ocrx_word' id='word_1_714' title='bbox 3184 2641 3294 2695; x_wconf 85' lang='grc' dir='ltr'>τῶν</span> <span class='ocrx_word' id='word_1_715' title='bbox 3312 2641 3683 2713; x_wconf 82' lang='grc' dir='ltr'>ἀναιρούντων</span> 
     </span>
    </p>
   </div>
   <div class='ocr_carea' id='block_1_93' title="bbox 2003 2728 3682 2802">
    <p class='ocr_par' dir='ltr' id='par_1_93' title="bbox 2003 2728 3682 2802">
     <span class='ocr_line' id='line_1_93' title="bbox 2003 2728 3682 2802; baseline 0 -19"><span class='ocrx_word' id='word_1_716' title='bbox 2003 2728 2533 2800; x_wconf 83' lang='grc' dir='ltr'>ἐπιλαμϐανομένην.</span> <span class='ocrx_word' id='word_1_717' title='bbox 2567 2729 2722 2784; x_wconf 84' lang='grc' dir='ltr'>Μετὰ</span> <span class='ocrx_word' id='word_1_718' title='bbox 2752 2728 2808 2783; x_wconf 84' lang='grc' dir='ltr'>δέ</span> <span class='ocrx_word' id='word_1_719' title='bbox 2837 2728 2936 2802; x_wconf 83' lang='grc' dir='ltr'>τὴν</span> <span class='ocrx_word' id='word_1_720' title='bbox 2971 2729 3250 2802; x_wconf 89' lang='grc' dir='ltr'>μακαρίαν</span> <span class='ocrx_word' id='word_1_721' title='bbox 3296 2730 3510 2800; x_wconf 90' lang='grc' dir='ltr'>ἐκείνην</span> <span class='ocrx_word' id='word_1_722' title='bbox 3544 2745 3682 2798; x_wconf 80' lang='grc' dir='ltr'>σφα-</span> 
     </span>
    </p>
   </div>
   <div class='ocr_carea' id='block_1_94' title="bbox 2002 2816 3681 2891">
    <p class='ocr_par' dir='ltr' id='par_1_94' title="bbox 2002 2816 3681 2891">
     <span class='ocr_line' id='line_1_94' title="bbox 2002 2816 3681 2891; baseline -0.008 -19"><span class='ocrx_word' id='word_1_723' title='bbox 2002 2817 2126 2891; x_wconf 82' lang='grc' dir='ltr'>γὴν,</span> <span class='ocrx_word' id='word_1_724' title='bbox 2150 2820 2198 2871; x_wconf 82' lang='grc' dir='ltr'>οἱ</span> <span class='ocrx_word' id='word_1_725' title='bbox 2229 2818 2297 2871; x_wconf 83' lang='grc' dir='ltr'>τά</span> <span class='ocrx_word' id='word_1_726' title='bbox 2322 2817 2547 2872; x_wconf 83' lang='grc' dir='ltr'>τοιαῦτα</span> <span class='ocrx_word' id='word_1_727' title='bbox 2586 2817 2912 2891; x_wconf 85' lang='grc' dir='ltr'>θηρεύοντες</span> <span class='ocrx_word' id='word_1_728' title='bbox 2932 2817 3166 2890; x_wconf 72' lang='grc' dir='ltr'>λείψανα</span> <span class='ocrx_word' id='word_1_729' title='bbox 3190 2857 3206 2883; x_wconf 90' lang='grc'>,</span> <span class='ocrx_word' id='word_1_730' title='bbox 3236 2817 3336 2890; x_wconf 79' lang='grc' dir='ltr'>τὴν</span> <span class='ocrx_word' id='word_1_731' title='bbox 3367 2816 3519 2891; x_wconf 72' lang='grc'><strong>[585]</strong></span> <span class='ocrx_word' id='word_1_732' title='bbox 3550 2819 3681 2871; x_wconf 59' lang='lat' dir='ltr'>tau-</span> 
     </span>
    </p>
   </div>
   <div class='ocr_carea' id='block_1_95' title="bbox 2004 2906 3683 2981">
    <p class='ocr_par' dir='ltr' id='par_1_95' title="bbox 2004 2906 3683 2981">
     <span class='ocr_line' id='line_1_95' title="bbox 2004 2906 3683 2981; baseline 0.001 -22"><span class='ocrx_word' id='word_1_733' title='bbox 2004 2907 2113 2960; x_wconf 87' lang='grc' dir='ltr'>τῶν</span> <span class='ocrx_word' id='word_1_734' title='bbox 2151 2906 2440 2972; x_wconf 86' lang='grc' dir='ltr'>ὑποθέντες</span> <span class='ocrx_word' id='word_1_735' title='bbox 2468 2907 2765 2979; x_wconf 87' lang='grc' dir='ltr'>σωτηρίαν,</span> <span class='ocrx_word' id='word_1_736' title='bbox 2796 2907 3073 2963; x_wconf 81' lang='grc' dir='ltr'>ἀνείλοντο</span> <span class='ocrx_word' id='word_1_737' title='bbox 3104 2908 3232 2972; x_wconf 81' lang='grc' dir='ltr'>τοὺς</span> <span class='ocrx_word' id='word_1_738' title='bbox 3262 2907 3520 2981; x_wconf 85' lang='grc' dir='ltr'>ἀριστέας</span> <span class='ocrx_word' id='word_1_739' title='bbox 3559 2906 3683 2960; x_wconf 89' lang='grc' dir='ltr'>τού-</span> 
     </span>
    </p>
   </div>
   <div class='ocr_carea' id='block_1_96' title="bbox 2004 2993 3682 3070">
    <p class='ocr_par' dir='ltr' id='par_1_96' title="bbox 2004 2993 3682 3070">
     <span class='ocr_line' id='line_1_96' title="bbox 2004 2993 3682 3070; baseline -0.001 -20"><span class='ocrx_word' id='word_1_740' title='bbox 2004 3014 2157 3061; x_wconf 85' lang='grc' dir='ltr'>τους·</span> <span class='ocrx_word' id='word_1_741' title='bbox 2186 2998 2279 3051; x_wconf 71' lang='lat' dir='ltr'><strong><em>ml</em></strong></span> <span class='ocrx_word' id='word_1_742' title='bbox 2304 2993 2446 3069; x_wconf 80' lang='grc' dir='ltr'>ἦσαν</span> <span class='ocrx_word' id='word_1_743' title='bbox 2468 2999 2711 3051; x_wconf 77' lang='grc' dir='ltr'>κάκεῖνοι</span> <span class='ocrx_word' id='word_1_744' title='bbox 2748 2998 3027 3070; x_wconf 89' lang='grc' dir='ltr'>μάρτυρες</span> <span class='ocrx_word' id='word_1_745' title='bbox 3056 2996 3279 3063; x_wconf 76' lang='grc' dir='ltr'>ζῶντες.</span> <span class='ocrx_word' id='word_1_746' title='bbox 3335 2996 3447 3051; x_wconf 68' lang='grc' dir='ltr'>Καὶ</span> <span class='ocrx_word' id='word_1_747' title='bbox 3482 2995 3589 3069; x_wconf 90' lang='grc' dir='ltr'>γάρ</span> <span class='ocrx_word' id='word_1_748' title='bbox 3632 2998 3682 3049; x_wconf 79' lang='grc' dir='ltr'>εί</span> 
     </span>
    </p>
   </div>
   <div class='ocr_carea' id='block_1_97' title="bbox 2006 3085 3687 3159">
    <p class='ocr_par' dir='ltr' id='par_1_97' title="bbox 2006 3085 3687 3159">
     <span class='ocr_line' id='line_1_97' title="bbox 2006 3085 3687 3159; baseline 0.001 -21"><span class='ocrx_word' id='word_1_749' title='bbox 2006 3087 2099 3138; x_wconf 79' lang='grc' dir='ltr'>καὶ</span> <span class='ocrx_word' id='word_1_750' title='bbox 2132 3085 2204 3157; x_wconf 82' lang='grc' dir='ltr'>μὴ</span> <span class='ocrx_word' id='word_1_751' title='bbox 2239 3087 2657 3157; x_wconf 87' lang='grc' dir='ltr'>ἀπετμήθησαν,</span> <span class='ocrx_word' id='word_1_752' title='bbox 2688 3087 2804 3141; x_wconf 80' lang='grc' dir='ltr'>ἀλλ’</span> <span class='ocrx_word' id='word_1_753' title='bbox 2833 3087 3078 3159; x_wconf 80' lang='grc' dir='ltr'>ἑλόμενοι</span> <span class='ocrx_word' id='word_1_754' title='bbox 3109 3088 3375 3159; x_wconf 90' lang='grc' dir='ltr'>πρότερον</span> <span class='ocrx_word' id='word_1_755' title='bbox 3402 3085 3560 3140; x_wconf 82' lang='grc' dir='ltr'>τοῦτο</span> <span class='ocrx_word' id='word_1_756' title='bbox 3579 3102 3687 3139; x_wconf 80' lang='grc' dir='ltr'>πα-</span> 
     </span>
    </p>
   </div>
   <div class='ocr_carea' id='block_1_98' title="bbox 2006 3175 3687 3248">
    <p class='ocr_par' dir='ltr' id='par_1_98' title="bbox 2006 3175 3687 3248">
     <span class='ocr_line' id='line_1_98' title="bbox 2006 3175 3687 3248; baseline 0.001 -21"><span class='ocrx_word' id='word_1_757' title='bbox 2006 3176 2139 3240; x_wconf 82' lang='grc' dir='ltr'>θεῖν,</span> <span class='ocrx_word' id='word_1_758' title='bbox 2169 3175 2342 3240; x_wconf 76' lang='grc' dir='ltr'>ούτως</span> <span class='ocrx_word' id='word_1_759' title='bbox 2372 3178 2465 3230; x_wconf 71' lang='grc' dir='ltr'>ἐπὶ</span> <span class='ocrx_word' id='word_1_760' title='bbox 2488 3177 2586 3248; x_wconf 78' lang='grc' dir='ltr'>τὴν</span> <span class='ocrx_word' id='word_1_761' title='bbox 2608 3176 2785 3248; x_wconf 83' lang='grc' dir='ltr'>ἄγραν</span> <span class='ocrx_word' id='word_1_762' title='bbox 2818 3177 2926 3232; x_wconf 86' lang='grc' dir='ltr'>τῶν</span> <span class='ocrx_word' id='word_1_763' title='bbox 2958 3177 3228 3248; x_wconf 87' lang='grc' dir='ltr'>σωμάτων</span> <span class='ocrx_word' id='word_1_764' title='bbox 3258 3176 3545 3248; x_wconf 82' lang='grc' dir='ltr'>ὥρμησαν.</span> <span class='ocrx_word' id='word_1_765' title='bbox 3581 3175 3687 3229; x_wconf 82' lang='grc' dir='ltr'>Λέ-</span> 
     </span>
    </p>
   </div>
   <div class='ocr_carea' id='block_1_99' title="bbox 2006 3259 3685 3333">
    <p class='ocr_par' dir='ltr' id='par_1_99' title="bbox 2006 3259 3685 3333">
     <span class='ocr_line' id='line_1_99' title="bbox 2006 3259 3685 3333; baseline 0 -21"><span class='ocrx_word' id='word_1_766' title='bbox 2006 3276 2162 3329; x_wconf 85' lang='grc' dir='ltr'>γουσι</span> <span class='ocrx_word' id='word_1_767' title='bbox 2181 3260 2359 3314; x_wconf 88' lang='grc' dir='ltr'>τοίνυν</span> <span class='ocrx_word' id='word_1_768' title='bbox 2387 3262 2435 3313; x_wconf 90' lang='grc' dir='ltr'>οί</span> <span class='ocrx_word' id='word_1_769' title='bbox 2461 3261 2579 3314; x_wconf 89' lang='grc' dir='ltr'>τότε</span> <span class='ocrx_word' id='word_1_770' title='bbox 2595 3260 3030 3333; x_wconf 86' lang='grc' dir='ltr'>παραγενόμενοι</span> <span class='ocrx_word' id='word_1_771' title='bbox 3054 3259 3339 3313; x_wconf 72' lang='grc' dir='ltr'>καὶταῦτα</span> <span class='ocrx_word' id='word_1_772' title='bbox 3361 3261 3428 3313; x_wconf 84' lang='grc' dir='ltr'>τά</span> <span class='ocrx_word' id='word_1_773' title='bbox 3455 3261 3685 3329; x_wconf 89' lang='grc' dir='ltr'>σώματα</span> 
     </span>
    </p>
   </div>
   <div class='ocr_carea' id='block_1_100' title="bbox 1998 3347 3683 3421">
    <p class='ocr_par' dir='ltr' id='par_1_100' title="bbox 1998 3347 3683 3421">
     <span class='ocr_line' id='line_1_100' title="bbox 1998 3347 3683 3421; baseline 0.001 -21"><span class='ocrx_word' id='word_1_774' title='bbox 1998 3350 2282 3421; x_wconf 78' lang='grc' dir='ltr'>νεοσφαγῆ</span> <span class='ocrx_word' id='word_1_775' title='bbox 2305 3347 2734 3413; x_wconf 84' lang='grc' dir='ltr'>καταξιωθέντες</span> <span class='ocrx_word' id='word_1_776' title='bbox 2765 3349 2913 3415; x_wconf 87' lang='grc' dir='ltr'>ἰδεῖν,</span> <span class='ocrx_word' id='word_1_777' title='bbox 2941 3349 3023 3402; x_wconf 81' lang='grc' dir='ltr'>ὅτι</span> <span class='ocrx_word' id='word_1_778' title='bbox 3050 3348 3319 3419; x_wconf 88' lang='grc' dir='ltr'>κειμένων</span> <span class='ocrx_word' id='word_1_779' title='bbox 3346 3348 3528 3401; x_wconf 83' lang='grc' dir='ltr'>αὐτῶν</span> <span class='ocrx_word' id='word_1_780' title='bbox 3554 3347 3683 3418; x_wconf 86' lang='grc' dir='ltr'>παρ’</span> 
     </span>
    </p>
   </div>
   <div class='ocr_carea' id='block_1_101' title="bbox 2007 3435 3684 3508">
    <p class='ocr_par' dir='ltr' id='par_1_101' title="bbox 2007 3435 3684 3508">
     <span class='ocr_line' id='line_1_101' title="bbox 2007 3435 3684 3508; baseline -0.001 -17"><span class='ocrx_word' id='word_1_781' title='bbox 2007 3437 2251 3508; x_wconf 87' lang='grc' dir='ltr'>ἀλλήλων</span> <span class='ocrx_word' id='word_1_782' title='bbox 2279 3437 2385 3508; x_wconf 76' lang='grc' dir='ltr'>πρὸ</span> <span class='ocrx_word' id='word_1_783' title='bbox 2413 3438 2513 3508; x_wconf 88' lang='grc' dir='ltr'>τῆς</span> <span class='ocrx_word' id='word_1_784' title='bbox 2543 3438 2743 3508; x_wconf 85' lang='grc' dir='ltr'>ταφῆς,</span> <span class='ocrx_word' id='word_1_785' title='bbox 2777 3438 3015 3507; x_wconf 87' lang='grc' dir='ltr'>τοσαύτη</span> <span class='ocrx_word' id='word_1_786' title='bbox 3050 3454 3136 3501; x_wconf 88' lang='grc' dir='ltr'>τις</span> <span class='ocrx_word' id='word_1_787' title='bbox 3159 3435 3468 3508; x_wconf 83' lang='grc' dir='ltr'>ἐπήνθησεν</span> <span class='ocrx_word' id='word_1_788' title='bbox 3501 3436 3684 3491; x_wconf 83' lang='grc' dir='ltr'>αὐτῶν</span> 
     </span>
    </p>
   </div>
   <div class='ocr_carea' id='block_1_102' title="bbox 2005 3523 3685 3596">
    <p class='ocr_par' dir='ltr' id='par_1_102' title="bbox 2005 3523 3685 3596">
     <span class='ocr_line' id='line_1_102' title="bbox 2005 3523 3685 3596; baseline 0 -19"><span class='ocrx_word' id='word_1_789' title='bbox 2005 3530 2126 3590; x_wconf 86' lang='grc' dir='ltr'>ταῖς</span> <span class='ocrx_word' id='word_1_790' title='bbox 2154 3525 2310 3595; x_wconf 67' lang='grc' dir='ltr'>ὂψεσι</span> <span class='ocrx_word' id='word_1_791' title='bbox 2337 3526 2517 3596; x_wconf 88' lang='grc' dir='ltr'>χάρις,</span> <span class='ocrx_word' id='word_1_792' title='bbox 2545 3525 2663 3579; x_wconf 78' lang='grc' dir='ltr'>οἵαν</span> <span class='ocrx_word' id='word_1_793' title='bbox 2685 3524 2778 3578; x_wconf 79' lang='grc' dir='ltr'>ἐπὶ</span> <span class='ocrx_word' id='word_1_794' title='bbox 2802 3523 3074 3593; x_wconf 84' lang='grc' dir='ltr'>Στεφάνου</span> <span class='ocrx_word' id='word_1_795' title='bbox 3103 3523 3267 3593; x_wconf 74' lang='grc' dir='ltr'>φησὶν</span> <span class='ocrx_word' id='word_1_796' title='bbox 3294 3525 3323 3577; x_wconf 92' lang='lat'>6</span> <span class='ocrx_word' id='word_1_797' title='bbox 3352 3524 3567 3586; x_wconf 81' lang='grc' dir='ltr'>Λουκᾶς</span> <span class='ocrx_word' id='word_1_798' title='bbox 3592 3541 3685 3593; x_wconf 87' lang='grc' dir='ltr'>γε-</span> 
     </span>
    </p>
   </div>
   <div class='ocr_carea' id='block_1_103' title="bbox 2006 3612 3685 3688">
    <p class='ocr_par' dir='ltr' id='par_1_103' title="bbox 2006 3612 3685 3688">
     <span class='ocr_line' id='line_1_103' title="bbox 2006 3612 3685 3688; baseline -0.002 -18"><span class='ocrx_word' id='word_1_799' title='bbox 2006 3616 2265 3688; x_wconf 89' lang='grc' dir='ltr'>γενῆσθαι</span> <span class='ocrx_word' id='word_1_800' title='bbox 2296 3616 2579 3688; x_wconf 84' lang='grc' dir='ltr'>μέλλοντος</span> <span class='ocrx_word' id='word_1_801' title='bbox 2601 3613 2985 3682; x_wconf 87' lang='grc' dir='ltr'>ἀπολογεῖσθαι</span> <span class='ocrx_word' id='word_1_802' title='bbox 3006 3616 3118 3676; x_wconf 87' lang='grc' dir='ltr'>τοῖς</span> <span class='ocrx_word' id='word_1_803' title='bbox 3157 3612 3451 3679; x_wconf 88' lang='grc' dir='ltr'>Ἰουδαίοις,</span> <span class='ocrx_word' id='word_1_804' title='bbox 3472 3613 3565 3666; x_wconf 73' lang='grc' dir='ltr'>καὶ</span> <span class='ocrx_word' id='word_1_805' title='bbox 3582 3615 3685 3667; x_wconf 73' lang='grc' dir='ltr'>οὐκ</span> 
     </span>
    </p>
   </div>
   <div class='ocr_carea' id='block_1_104' title="bbox 2007 3702 3686 3775">
    <p class='ocr_par' dir='ltr' id='par_1_104' title="bbox 2007 3702 3686 3775">
     <span class='ocr_line' id='line_1_104' title="bbox 2007 3702 3686 3775; baseline -0.002 -17"><span class='ocrx_word' id='word_1_806' title='bbox 2007 3704 2153 3758; x_wconf 79' lang='grc' dir='ltr'>ἔστιν</span> <span class='ocrx_word' id='word_1_807' title='bbox 2182 3704 2355 3768; x_wconf 69' lang='grc' dir='ltr'>οὐδεὶς</span> <span class='ocrx_word' id='word_1_808' title='bbox 2370 3703 2427 3767; x_wconf 80' lang='grc' dir='ltr'>ὃς</span> <span class='ocrx_word' id='word_1_809' title='bbox 2457 3704 2627 3775; x_wconf 64' lang='grc' dir='ltr'>χωρὶς</span> <span class='ocrx_word' id='word_1_810' title='bbox 2655 3704 2858 3774; x_wconf 83' lang='grc' dir='ltr'>φρίκης</span> <span class='ocrx_word' id='word_1_811' title='bbox 2887 3702 3134 3773; x_wconf 87' lang='grc' dir='ltr'>παρέστη</span> <span class='ocrx_word' id='word_1_812' title='bbox 3156 3702 3277 3755; x_wconf 88' lang='grc' dir='ltr'>τότε</span> <span class='ocrx_word' id='word_1_813' title='bbox 3307 3702 3508 3765; x_wconf 80' lang='grc' dir='ltr'>αὐτοῖς.</span> <span class='ocrx_word' id='word_1_814' title='bbox 3529 3702 3686 3755; x_wconf 71' lang='grc' dir='ltr'>Οὕτω</span> 
     </span>
    </p>
   </div>
   <div class='ocr_carea' id='block_1_105' title="bbox 2008 3789 3686 3865">
    <p class='ocr_par' dir='ltr' id='par_1_105' title="bbox 2008 3789 3686 3865">
     <span class='ocr_line' id='line_1_105' title="bbox 2008 3789 3686 3865; baseline -0.002 -18"><span class='ocrx_word' id='word_1_815' title='bbox 2008 3794 2102 3848; x_wconf 68' lang='grc' dir='ltr'>καὶ</span> <span class='ocrx_word' id='word_1_816' title='bbox 2132 3793 2271 3865; x_wconf 75' lang='grc' dir='ltr'>αὕτη</span> <span class='ocrx_word' id='word_1_817' title='bbox 2305 3795 2338 3864; x_wconf 83' lang='grc' dir='ltr'>ή</span> <span class='ocrx_word' id='word_1_818' title='bbox 2389 3792 2511 3863; x_wconf 71' lang='grc' dir='ltr'>ὄψις</span> <span class='ocrx_word' id='word_1_819' title='bbox 2537 3792 2745 3856; x_wconf 87' lang='grc' dir='ltr'>πάντας</span> <span class='ocrx_word' id='word_1_820' title='bbox 2782 3793 2908 3856; x_wconf 79' lang='grc' dir='ltr'>τοὺς</span> <span class='ocrx_word' id='word_1_821' title='bbox 2951 3790 3194 3861; x_wconf 85' lang='grc' dir='ltr'>ὁρῶντας</span> <span class='ocrx_word' id='word_1_822' title='bbox 3235 3789 3550 3863; x_wconf 82' lang='grc' dir='ltr'>ἐξέπληττε,</span> <span class='ocrx_word' id='word_1_823' title='bbox 3592 3792 3686 3845; x_wconf 73' lang='grc' dir='ltr'>καὶ</span> 
     </span>
    </p>
   </div>
   <div class='ocr_carea' id='block_1_106' title="bbox 2009 3878 3683 3951">
    <p class='ocr_par' dir='ltr' id='par_1_106' title="bbox 2009 3878 3683 3951">
     <span class='ocr_line' id='line_1_106' title="bbox 2009 3878 3683 3951; baseline -0.002 -15"><span class='ocrx_word' id='word_1_824' title='bbox 2009 3882 2208 3946; x_wconf 89' lang='grc' dir='ltr'>πάντες</span> <span class='ocrx_word' id='word_1_825' title='bbox 2238 3880 2480 3934; x_wconf 89' lang='grc' dir='ltr'>ἐπεϐόων</span> <span class='ocrx_word' id='word_1_826' title='bbox 2500 3880 2680 3933; x_wconf 90' lang='grc' dir='ltr'>ἐκεῖνο</span> <span class='ocrx_word' id='word_1_827' title='bbox 2720 3880 2782 3933; x_wconf 78' lang='grc' dir='ltr'>τὸ</span> <span class='ocrx_word' id='word_1_828' title='bbox 2811 3878 2964 3951; x_wconf 91' lang='grc' dir='ltr'>παρά</span> <span class='ocrx_word' id='word_1_829' title='bbox 3012 3878 3108 3931; x_wconf 79' lang='grc' dir='ltr'>τοῦ</span> <span class='ocrx_word' id='word_1_830' title='bbox 3149 3878 3313 3933; x_wconf 77' lang='grc' dir='ltr'>Δαυῒδ</span> <span class='ocrx_word' id='word_1_831' title='bbox 3359 3879 3683 3950; x_wconf 59' lang='grc' dir='ltr'>εἰρημένον</span> 
     </span>
    </p>
   </div>
   <div class='ocr_carea' id='block_1_107' title="bbox 2020 3967 3688 4040">
    <p class='ocr_par' dir='ltr' id='par_1_107' title="bbox 2020 3967 3688 4040">
     <span class='ocr_line' id='line_1_107' title="bbox 2020 3967 3688 4040; baseline -0.002 -15"><span class='ocrx_word' id='word_1_832' title='bbox 2020 3972 2125 4025; x_wconf 86' lang='grc' dir='ltr'>Ἐν</span> <span class='ocrx_word' id='word_1_833' title='bbox 2150 3969 2227 4040; x_wconf 78' lang='grc' dir='ltr'>τῇ</span> <span class='ocrx_word' id='word_1_834' title='bbox 2258 3967 2372 4037; x_wconf 76' lang='grc' dir='ltr'>ζωῇ</span> <span class='ocrx_word' id='word_1_835' title='bbox 2404 3967 2605 4023; x_wconf 81' lang='grc' dir='ltr'>αὐτῶν</span> <span class='ocrx_word' id='word_1_836' title='bbox 2630 3971 2703 4024; x_wconf 85' lang='grc' dir='ltr'>οὐ</span> <span class='ocrx_word' id='word_1_837' title='bbox 2730 3967 3179 4038; x_wconf 81' lang='grc' dir='ltr'>κεχωρισμένοι,</span> <span class='ocrx_word' id='word_1_838' title='bbox 3213 3968 3311 4022; x_wconf 80' lang='grc' dir='ltr'>καὶ</span> <span class='ocrx_word' id='word_1_839' title='bbox 3349 3968 3420 4022; x_wconf 81' lang='grc' dir='ltr'>ἐν</span> <span class='ocrx_word' id='word_1_840' title='bbox 3473 3967 3554 4034; x_wconf 81' lang='grc' dir='ltr'>τῷ</span> <span class='ocrx_word' id='word_1_841' title='bbox 3585 3972 3688 4023; x_wconf 83' lang='lat' dir='ltr'>0a-</span> 
     </span>
    </p>
   </div>
   <div class='ocr_carea' id='block_1_108' title="bbox 2008 4056 3683 4129">
    <p class='ocr_par' dir='ltr' id='par_1_108' title="bbox 2008 4056 3683 4129">
     <span class='ocr_line' id='line_1_108' title="bbox 2008 4056 3683 4129; baseline -0.003 -14"><span class='ocrx_word' id='word_1_842' title='bbox 2008 4061 2167 4124; x_wconf 72' lang='grc' dir='ltr'>νάτῳ</span> <span class='ocrx_word' id='word_1_843' title='bbox 2194 4057 2395 4113; x_wconf 80' lang='grc' dir='ltr'>αὐτῶν</span> <span class='ocrx_word' id='word_1_844' title='bbox 2426 4059 2497 4110; x_wconf 86' lang='grc' dir='ltr'>οὐ</span> <span class='ocrx_word' id='word_1_845' title='bbox 2532 4057 3032 4126; x_wconf 76' lang='grc' dir='ltr'>διεχωρίσθησαν.</span> <span class='ocrx_word' id='word_1_846' title='bbox 3069 4059 3238 4129; x_wconf 80' lang='grc' dir='ltr'>Κοινῇ</span> <span class='ocrx_word' id='word_1_847' title='bbox 3274 4056 3383 4128; x_wconf 83' lang='grc' dir='ltr'>γάρ</span> <span class='ocrx_word' id='word_1_848' title='bbox 3412 4058 3508 4111; x_wconf 73' lang='grc' dir='ltr'>καὶ</span> <span class='ocrx_word' id='word_1_849' title='bbox 3533 4058 3683 4128; x_wconf 86' lang='grc' dir='ltr'>ὡμο-</span> 
     </span>
    </p>
   </div>
   <div class='ocr_carea' id='block_1_109' title="bbox 2008 4134 3683 4221">
    <p class='ocr_par' dir='ltr' id='par_1_109' title="bbox 2008 4134 3683 4221">
     <span class='ocr_line' id='line_1_109' title="bbox 2008 4134 3683 4221; baseline -0.008 -18"><span class='ocrx_word' id='word_1_850' title='bbox 2008 4134 2247 4221; x_wconf 63' lang='grc' dir='ltr'>λόγῆσαν</span> <span class='ocrx_word' id='word_1_851' title='bbox 2279 4146 2374 4202; x_wconf 82' lang='grc' dir='ltr'>καὶ</span> <span class='ocrx_word' id='word_1_852' title='bbox 2404 4145 2465 4199; x_wconf 88' lang='lat'>:6</span> <span class='ocrx_word' id='word_1_853' title='bbox 2495 4146 2870 4217; x_wconf 84' lang='grc' dir='ltr'>δεσμωτήριον</span> <span class='ocrx_word' id='word_1_854' title='bbox 2899 4144 3141 4217; x_wconf 78' lang='grc' dir='ltr'>ᾤκησαν,</span> <span class='ocrx_word' id='word_1_855' title='bbox 3194 4146 3290 4199; x_wconf 76' lang='grc' dir='ltr'>καὶ</span> <span class='ocrx_word' id='word_1_856' title='bbox 3315 4147 3394 4210; x_wconf 86' lang='grc' dir='ltr'>εἰς</span> <span class='ocrx_word' id='word_1_857' title='bbox 3424 4146 3486 4199; x_wconf 83' lang='grc' dir='ltr'>τὸ</span> <span class='ocrx_word' id='word_1_858' title='bbox 3508 4145 3683 4217; x_wconf 64' lang='grc' dir='ltr'>βάρα-</span> 
     </span>
    </p>
   </div>
   <div class='ocr_carea' id='block_1_110' title="bbox 2011 4233 3687 4310">
    <p class='ocr_par' dir='ltr' id='par_1_110' title="bbox 2011 4233 3687 4310">
     <span class='ocr_line' id='line_1_110' title="bbox 2011 4233 3687 4310; baseline -0.001 -21"><span class='ocrx_word' id='word_1_859' title='bbox 2011 4237 2137 4310; x_wconf 93' lang='grc' dir='ltr'>θρον</span> <span class='ocrx_word' id='word_1_860' title='bbox 2165 4233 2575 4306; x_wconf 87' lang='grc' dir='ltr'>ἀπηνέχθησαν,</span> <span class='ocrx_word' id='word_1_861' title='bbox 2614 4235 2708 4287; x_wconf 80' lang='grc' dir='ltr'>καὶ</span> <span class='ocrx_word' id='word_1_862' title='bbox 2734 4233 2833 4297; x_wconf 86' lang='grc' dir='ltr'>τὰς</span> <span class='ocrx_word' id='word_1_863' title='bbox 2861 4233 3102 4303; x_wconf 84' lang='grc' dir='ltr'>κεφαλὰς</span> <span class='ocrx_word' id='word_1_864' title='bbox 3132 4233 3413 4299; x_wconf 87' lang='grc' dir='ltr'>ἀπέθεντο,</span> <span class='ocrx_word' id='word_1_865' title='bbox 3452 4235 3548 4288; x_wconf 73' lang='grc' dir='ltr'>καὶ</span> <span class='ocrx_word' id='word_1_866' title='bbox 3587 4233 3687 4305; x_wconf 86' lang='grc' dir='ltr'>μία</span> 
     </span>
    </p>
   </div>
   <div class='ocr_carea' id='block_1_111' title="bbox 2010 4316 3687 4398">
    <p class='ocr_par' dir='ltr' id='par_1_111' title="bbox 2010 4316 3687 4398">
     <span class='ocr_line' id='line_1_111' title="bbox 2010 4316 3687 4398; baseline -0.004 -21"><span class='ocrx_word' id='word_1_867' title='bbox 2010 4324 2213 4398; x_wconf 83' lang='grc' dir='ltr'>λάρναξ</span> <span class='ocrx_word' id='word_1_868' title='bbox 2240 4323 2566 4394; x_wconf 80' lang='grc' dir='ltr'>ἀμφοτέρων</span> <span class='ocrx_word' id='word_1_869' title='bbox 2596 4321 2709 4392; x_wconf 76' lang='grc' dir='ltr'>ἔχει</span> <span class='ocrx_word' id='word_1_870' title='bbox 2741 4321 2810 4375; x_wconf 91' lang='grc' dir='ltr'>τά</span> <span class='ocrx_word' id='word_1_871' title='bbox 2844 4320 3100 4392; x_wconf 86' lang='grc' dir='ltr'>σώματα·</span> <span class='ocrx_word' id='word_1_872' title='bbox 3132 4319 3323 4392; x_wconf 82' lang='grc' dir='ltr'>ὥσπερ</span> <span class='ocrx_word' id='word_1_873' title='bbox 3351 4316 3443 4375; x_wconf 76' lang='grc' dir='ltr'>οὖν</span> <span class='ocrx_word' id='word_1_874' title='bbox 3469 4321 3564 4373; x_wconf 68' lang='grc' dir='ltr'>καὶ</span> <span class='ocrx_word' id='word_1_875' title='bbox 3588 4319 3687 4390; x_wconf 88' lang='grc' dir='ltr'>μία</span> 
     </span>
    </p>
   </div>
   <div class='ocr_carea' id='block_1_112' title="bbox 2013 4409 3689 4485">
    <p class='ocr_par' dir='ltr' id='par_1_112' title="bbox 2013 4409 3689 4485">
     <span class='ocr_line' id='line_1_112' title="bbox 2013 4409 3689 4485; baseline -0.003 -18"><span class='ocrx_word' id='word_1_876' title='bbox 2013 4413 2186 4485; x_wconf 83' lang='grc' dir='ltr'>σκηνὴ</span> <span class='ocrx_word' id='word_1_877' title='bbox 2211 4413 2419 4479; x_wconf 82' lang='grc' dir='ltr'>δέξεται</span> <span class='ocrx_word' id='word_1_878' title='bbox 2449 4411 2588 4464; x_wconf 85' lang='grc' dir='ltr'>αύτά</span> <span class='ocrx_word' id='word_1_879' title='bbox 2621 4409 2783 4464; x_wconf 85' lang='grc' dir='ltr'>πάλιν</span> <span class='ocrx_word' id='word_1_880' title='bbox 2824 4409 2882 4463; x_wconf 88' lang='grc' dir='ltr'>ἐν</span> <span class='ocrx_word' id='word_1_881' title='bbox 2910 4413 3022 4474; x_wconf 89' lang='grc' dir='ltr'>τοῖς</span> <span class='ocrx_word' id='word_1_882' title='bbox 3048 4409 3328 4481; x_wconf 79' lang='grc' dir='ltr'>οὐρανοῖς,</span> <span class='ocrx_word' id='word_1_883' title='bbox 3378 4410 3505 4462; x_wconf 87' lang='grc' dir='ltr'>ὅταν</span> <span class='ocrx_word' id='word_1_884' title='bbox 3546 4409 3689 4462; x_wconf 86' lang='grc' dir='ltr'>αύτά</span> 
     </span>
    </p>
   </div>
   <div class='ocr_carea' id='block_1_113' title="bbox 2016 4493 3686 4573">
    <p class='ocr_par' dir='ltr' id='par_1_113' title="bbox 2016 4493 3686 4573">
     <span class='ocr_line' id='line_1_113' title="bbox 2016 4493 3686 4573; baseline -0.003 -19"><span class='ocrx_word' id='word_1_885' title='bbox 2016 4504 2154 4573; x_wconf 87' lang='grc' dir='ltr'>μετά</span> <span class='ocrx_word' id='word_1_886' title='bbox 2178 4500 2424 4563; x_wconf 87' lang='grc' dir='ltr'>πλείονος</span> <span class='ocrx_word' id='word_1_887' title='bbox 2443 4499 2602 4571; x_wconf 82' lang='grc' dir='ltr'>δόξης</span> <span class='ocrx_word' id='word_1_888' title='bbox 2629 4496 2912 4551; x_wconf 85' lang='grc' dir='ltr'>ἀνελέσθαι</span> <span class='ocrx_word' id='word_1_889' title='bbox 2957 4497 3216 4568; x_wconf 84' lang='grc' dir='ltr'>μέλλωσι.</span> <span class='ocrx_word' id='word_1_890' title='bbox 3255 4496 3492 4558; x_wconf 86' lang='grc' dir='ltr'>Τούτους</span> <span class='ocrx_word' id='word_1_891' title='bbox 3536 4493 3686 4562; x_wconf 80' lang='grc' dir='ltr'>ἄξιον</span> 
     </span>
    </p>
   </div>
   <div class='ocr_carea' id='block_1_114' title="bbox 2012 4584 3688 4657">
    <p class='ocr_par' dir='ltr' id='par_1_114' title="bbox 2012 4584 3688 4657">
     <span class='ocr_line' id='line_1_114' title="bbox 2012 4584 3688 4657; baseline -0.005 -12"><span class='ocrx_word' id='word_1_892' title='bbox 2012 4592 2107 4645; x_wconf 77' lang='lat' dir='ltr'>xal</span> <span class='ocrx_word' id='word_1_893' title='bbox 2130 4589 2376 4653; x_wconf 80' lang='grc' dir='ltr'>στύλους,</span> <span class='ocrx_word' id='word_1_894' title='bbox 2410 4589 2505 4641; x_wconf 80' lang='grc' dir='ltr'>καὶ</span> <span class='ocrx_word' id='word_1_895' title='bbox 2537 4587 2867 4653; x_wconf 85' lang='grc' dir='ltr'>σκοπέλους,</span> <span class='ocrx_word' id='word_1_896' title='bbox 2898 4587 2992 4640; x_wconf 78' lang='grc' dir='ltr'>καὶ</span> <span class='ocrx_word' id='word_1_897' title='bbox 3019 4585 3283 4657; x_wconf 86' lang='grc' dir='ltr'>πύργους,</span> <span class='ocrx_word' id='word_1_898' title='bbox 3328 4584 3423 4637; x_wconf 75' lang='grc' dir='ltr'>καὶ</span> <span class='ocrx_word' id='word_1_899' title='bbox 3464 4584 3688 4656; x_wconf 83' lang='grc' dir='ltr'>φωστῆ-</span> 
     </span>
    </p>
   </div>
   <div class='ocr_carea' id='block_1_115' title="bbox 2015 4672 3687 4751">
    <p class='ocr_par' dir='ltr' id='par_1_115' title="bbox 2015 4672 3687 4751">
     <span class='ocr_line' id='line_1_115' title="bbox 2015 4672 3687 4751; baseline -0.003 -18"><span class='ocrx_word' id='word_1_900' title='bbox 2015 4697 2135 4751; x_wconf 81' lang='grc' dir='ltr'>ρας,</span> <span class='ocrx_word' id='word_1_901' title='bbox 2170 4679 2265 4732; x_wconf 71' lang='grc' dir='ltr'>καὶ</span> <span class='ocrx_word' id='word_1_902' title='bbox 2296 4677 2528 4749; x_wconf 88' lang='grc' dir='ltr'>ταύρους</span> <span class='ocrx_word' id='word_1_903' title='bbox 2577 4674 2713 4747; x_wconf 78' lang='grc' dir='ltr'>ὁμοῦ</span> <span class='ocrx_word' id='word_1_904' title='bbox 2745 4676 3082 4744; x_wconf 67' lang='grc' dir='ltr'>προσειπεῖν.</span> <span class='ocrx_word' id='word_1_905' title='bbox 3116 4675 3225 4728; x_wconf 79' lang='lat' dir='ltr'><strong><em>Kal</em></strong></span> <span class='ocrx_word' id='word_1_906' title='bbox 3253 4672 3364 4744; x_wconf 88' lang='grc' dir='ltr'>γάρ</span> <span class='ocrx_word' id='word_1_907' title='bbox 3390 4672 3468 4737; x_wconf 88' lang='grc' dir='ltr'>ώς</span> <span class='ocrx_word' id='word_1_908' title='bbox 3503 4673 3687 4728; x_wconf 77' lang='grc' dir='ltr'>στῦλοι</span> 
     </span>
    </p>
   </div>
   <div class='ocr_carea' id='block_1_116' title="bbox 2012 4761 3769 4840">
    <p class='ocr_par' dir='ltr' id='par_1_116' title="bbox 2012 4761 3769 4840">
     <span class='ocr_line' id='line_1_116' title="bbox 2012 4761 3769 4840; baseline -0.001 -17"><span class='ocrx_word' id='word_1_909' title='bbox 2012 4770 2112 4840; x_wconf 82' lang='grc' dir='ltr'>τὴν</span> <span class='ocrx_word' id='word_1_910' title='bbox 2143 4765 2468 4836; x_wconf 85' lang='grc' dir='ltr'>Ἐκκλησίαν</span> <span class='ocrx_word' id='word_1_911' title='bbox 2501 4763 2775 4835; x_wconf 86' lang='grc' dir='ltr'>ἀνέχουσι,</span> <span class='ocrx_word' id='word_1_912' title='bbox 2803 4764 2895 4817; x_wconf 75' lang='grc' dir='ltr'>καὶ</span> <span class='ocrx_word' id='word_1_913' title='bbox 2923 4761 2998 4827; x_wconf 87' lang='grc' dir='ltr'>ώς</span> <span class='ocrx_word' id='word_1_914' title='bbox 3030 4761 3228 4833; x_wconf 88' lang='grc' dir='ltr'>πύργοι</span> <span class='ocrx_word' id='word_1_915' title='bbox 3255 4762 3572 4834; x_wconf 74' lang='grc' dir='ltr'>τειχίζουσι,</span> <span class='ocrx_word' id='word_1_916' title='bbox 3594 4765 3691 4818; x_wconf 78' lang='grc' dir='ltr'>καὶ</span> <span class='ocrx_word' id='word_1_917' title='bbox 3764 4818 3769 4821; x_wconf 72' lang='grc'>.</span> 
     </span>
    </p>
   </div>
   <div class='ocr_carea' id='block_1_117' title="bbox 2014 4850 3688 4925">
    <p class='ocr_par' dir='ltr' id='par_1_117' title="bbox 2014 4850 3688 4925">
     <span class='ocr_line' id='line_1_117' title="bbox 2014 4850 3688 4925; baseline -0.002 -16"><span class='ocrx_word' id='word_1_918' title='bbox 2014 4856 2089 4920; x_wconf 88' lang='grc' dir='ltr'>ώς</span> <span class='ocrx_word' id='word_1_919' title='bbox 2126 4854 2378 4908; x_wconf 83' lang='grc' dir='ltr'>σκόπελοι</span> <span class='ocrx_word' id='word_1_920' title='bbox 2428 4855 2609 4906; x_wconf 84' lang='grc' dir='ltr'>πᾶσαν</span> <span class='ocrx_word' id='word_1_921' title='bbox 2638 4850 2932 4923; x_wconf 82' lang='grc' dir='ltr'>ἐπιϐουλὴν</span> <span class='ocrx_word' id='word_1_922' title='bbox 2978 4851 3410 4922; x_wconf 86' lang='grc' dir='ltr'>ἀποκρουόμενοι</span> <span class='ocrx_word' id='word_1_923' title='bbox 3433 4893 3449 4918; x_wconf 94' lang='grc'>,</span> <span class='ocrx_word' id='word_1_924' title='bbox 3486 4852 3688 4925; x_wconf 76' lang='grc' dir='ltr'>πολλὴν</span> 
     </span>
    </p>
   </div>
   <div class='ocr_carea' id='block_1_118' title="bbox 2011 4937 3688 5011">
    <p class='ocr_par' dir='ltr' id='par_1_118' title="bbox 2011 4937 3688 5011">
     <span class='ocr_line' id='line_1_118' title="bbox 2011 4937 3688 5011; baseline -0.004 -14"><span class='ocrx_word' id='word_1_925' title='bbox 2011 4947 2121 5008; x_wconf 87' lang='grc' dir='ltr'>τοῖς</span> <span class='ocrx_word' id='word_1_926' title='bbox 2146 4942 2293 4997; x_wconf 79' lang='grc' dir='ltr'>ἔνδον</span> <span class='ocrx_word' id='word_1_927' title='bbox 2328 4940 2542 4995; x_wconf 77' lang='grc' dir='ltr'>ποιοῦσι</span> <span class='ocrx_word' id='word_1_928' title='bbox 2560 4939 2831 5011; x_wconf 81' lang='grc' dir='ltr'>γαλήνην’</span> <span class='ocrx_word' id='word_1_929' title='bbox 2868 4939 2962 4991; x_wconf 73' lang='grc' dir='ltr'>καὶ</span> <span class='ocrx_word' id='word_1_930' title='bbox 2987 4937 3062 5002; x_wconf 87' lang='grc' dir='ltr'>ώς</span> <span class='ocrx_word' id='word_1_931' title='bbox 3091 4940 3378 5011; x_wconf 81' lang='grc' dir='ltr'>φωστῆρες</span> <span class='ocrx_word' id='word_1_932' title='bbox 3411 4939 3472 4992; x_wconf 90' lang='lat'>:6</span> <span class='ocrx_word' id='word_1_933' title='bbox 3498 4940 3688 5002; x_wconf 85' lang='grc' dir='ltr'>σκότος</span> 
     </span>
    </p>
   </div>
   <div class='ocr_carea' id='block_1_119' title="bbox 2013 5024 3688 5102">
    <p class='ocr_par' dir='ltr' id='par_1_119' title="bbox 2013 5024 3688 5102">
     <span class='ocr_line' id='line_1_119' title="bbox 2013 5024 3688 5102; baseline -0.002 -18"><span class='ocrx_word' id='word_1_934' title='bbox 2013 5030 2299 5102; x_wconf 83' lang='grc' dir='ltr'>ἀπήλασαν</span> <span class='ocrx_word' id='word_1_935' title='bbox 2320 5034 2420 5099; x_wconf 80' lang='grc' dir='ltr'>τῆς</span> <span class='ocrx_word' id='word_1_936' title='bbox 2447 5027 2701 5090; x_wconf 88' lang='grc' dir='ltr'>ἀσεϐείας</span> <span class='ocrx_word' id='word_1_937' title='bbox 2722 5026 2816 5082; x_wconf 73' lang='grc' dir='ltr'>καὶ</span> <span class='ocrx_word' id='word_1_938' title='bbox 2839 5024 2914 5090; x_wconf 91' lang='grc' dir='ltr'>ώς</span> <span class='ocrx_word' id='word_1_939' title='bbox 2938 5026 3129 5096; x_wconf 79' lang='grc' dir='ltr'>ταῦροι</span> <span class='ocrx_word' id='word_1_940' title='bbox 3148 5026 3295 5099; x_wconf 80' lang='grc' dir='ltr'>ψυχῇ</span> <span class='ocrx_word' id='word_1_941' title='bbox 3327 5029 3419 5081; x_wconf 80' lang='grc' dir='ltr'>καὶ</span> <span class='ocrx_word' id='word_1_942' title='bbox 3450 5026 3688 5097; x_wconf 82' lang='grc' dir='ltr'>σώματι,</span> 
     </span>
    </p>
   </div>
   <div class='ocr_carea' id='block_1_120' title="bbox 2017 5113 3687 5193">
    <p class='ocr_par' dir='ltr' id='par_1_120' title="bbox 2017 5113 3687 5193">
     <span class='ocr_line' id='line_1_120' title="bbox 2017 5113 3687 5193; baseline -0.001 -22"><span class='ocrx_word' id='word_1_943' title='bbox 2017 5119 2105 5192; x_wconf 77' lang='grc' dir='ltr'>ἴση</span> <span class='ocrx_word' id='word_1_944' title='bbox 2153 5122 2219 5191; x_wconf 80' lang='grc' dir='ltr'>τῇ</span> <span class='ocrx_word' id='word_1_945' title='bbox 2251 5117 2560 5193; x_wconf 78' lang='grc' dir='ltr'>προθυμία,</span> <span class='ocrx_word' id='word_1_946' title='bbox 2591 5117 2684 5172; x_wconf 79' lang='grc' dir='ltr'>τὸν</span> <span class='ocrx_word' id='word_1_947' title='bbox 2730 5116 2967 5189; x_wconf 81' lang='grc' dir='ltr'>χρηστὸν</span> <span class='ocrx_word' id='word_1_948' title='bbox 3001 5115 3257 5170; x_wconf 78' lang='grc' dir='ltr'>εἵλκυσαν</span> <span class='ocrx_word' id='word_1_949' title='bbox 3310 5116 3402 5170; x_wconf 80' lang='grc' dir='ltr'>τοῦ</span> <span class='ocrx_word' id='word_1_950' title='bbox 3446 5113 3687 5187; x_wconf 77' lang='grc' dir='ltr'>Χριστοῦ</span> 
     </span>
    </p>
   </div>
   <div class='ocr_carea' id='block_1_121' title="bbox 2015 5201 3689 5278">
    <p class='ocr_par' dir='ltr' id='par_1_121' title="bbox 2015 5201 3689 5278">
     <span class='ocr_line' id='line_1_121' title="bbox 2015 5201 3689 5278; baseline -0.003 -19"><span class='ocrx_word' id='word_1_951' title='bbox 2015 5207 2198 5276; x_wconf 80' lang='grc' dir='ltr'>ζυγόν.</span> <span class='ocrx_word' id='word_1_952' title='bbox 2227 5205 2476 5278; x_wconf 83' lang='grc' dir='ltr'>Συνεχῶς</span> <span class='ocrx_word' id='word_1_953' title='bbox 2500 5205 2677 5260; x_wconf 80' lang='grc' dir='ltr'>τοίνυν</span> <span class='ocrx_word' id='word_1_954' title='bbox 2724 5205 2908 5267; x_wconf 83' lang='grc' dir='ltr'>αὐτοῖς</span> <span class='ocrx_word' id='word_1_955' title='bbox 2940 5203 3416 5276; x_wconf 80' lang='grc' dir='ltr'>ἐπιχωριάζωμεν,</span> <span class='ocrx_word' id='word_1_956' title='bbox 3462 5203 3557 5256; x_wconf 65' lang='grc' dir='ltr'>καλ⁵</span> <span class='ocrx_word' id='word_1_957' title='bbox 3586 5201 3689 5273; x_wconf 81' lang='grc' dir='ltr'>τῆς</span> 
     </span>
    </p>
   </div>
   <div class='ocr_carea' id='block_1_122' title="bbox 2014 5282 3689 5368">
    <p class='ocr_par' dir='ltr' id='par_1_122' title="bbox 2014 5282 3689 5368">
     <span class='ocr_line' id='line_1_122' title="bbox 2014 5282 3689 5368; baseline -0.003 -21"><span class='ocrx_word' id='word_1_958' title='bbox 2014 5282 2282 5368; x_wconf 78' lang='grc' dir='ltr'>λάρνακος</span> <span class='ocrx_word' id='word_1_959' title='bbox 2315 5293 2636 5365; x_wconf 81' lang='grc' dir='ltr'>ἁπτώμεθα,</span> <span class='ocrx_word' id='word_1_960' title='bbox 2678 5293 2774 5347; x_wconf 69' lang='grc' dir='ltr'>καὶ</span> <span class='ocrx_word' id='word_1_961' title='bbox 2814 5292 2952 5365; x_wconf 84' lang='grc' dir='ltr'>μετὰ</span> <span class='ocrx_word' id='word_1_962' title='bbox 2983 5294 3222 5357; x_wconf 89' lang='grc' dir='ltr'>πίστεως</span> <span class='ocrx_word' id='word_1_963' title='bbox 3259 5294 3372 5354; x_wconf 84' lang='grc' dir='ltr'>τοῖς</span> <span class='ocrx_word' id='word_1_964' title='bbox 3413 5290 3689 5360; x_wconf 75' lang='grc' dir='ltr'>λειψάνοις</span> 
     </span>
    </p>
   </div>
   <div class='ocr_carea' id='block_1_123' title="bbox 2015 5378 3691 5454">
    <p class='ocr_par' dir='ltr' id='par_1_123' title="bbox 2015 5378 3691 5454">
     <span class='ocr_line' id='line_1_123' title="bbox 2015 5378 3691 5454; baseline -0.003 -17"><span class='ocrx_word' id='word_1_965' title='bbox 2015 5383 2197 5438; x_wconf 83' lang='grc' dir='ltr'>αὐτῶν</span> <span class='ocrx_word' id='word_1_966' title='bbox 2225 5381 2706 5454; x_wconf 88' lang='grc' dir='ltr'>περιπλεκώμεθα,</span> <span class='ocrx_word' id='word_1_967' title='bbox 2733 5380 2818 5436; x_wconf 81' lang='grc' dir='ltr'>ἵνα</span> <span class='ocrx_word' id='word_1_968' title='bbox 2837 5380 3089 5451; x_wconf 82' lang='grc' dir='ltr'>εὐλογίαν</span> <span class='ocrx_word' id='word_1_969' title='bbox 3113 5381 3235 5435; x_wconf 83' lang='grc' dir='ltr'>τινά</span> <span class='ocrx_word' id='word_1_970' title='bbox 3253 5378 3691 5452; x_wconf 83' lang='grc' dir='ltr'>ἐπισπασώμεθα</span> 
     </span>
    </p>
   </div>
   <div class='ocr_carea' id='block_1_124' title="bbox 2015 5467 3689 5543">
    <p class='ocr_par' dir='ltr' id='par_1_124' title="bbox 2015 5467 3689 5543">
     <span class='ocr_line' id='line_1_124' title="bbox 2015 5467 3689 5543; baseline -0.001 -19"><span class='ocrx_word' id='word_1_971' title='bbox 2015 5470 2246 5526; x_wconf 82' lang='grc' dir='ltr'>ἐκεῖθεν.</span> <span class='ocrx_word' id='word_1_972' title='bbox 2275 5469 2546 5542; x_wconf 83' lang='grc' dir='ltr'>Καθάπερ</span> <span class='ocrx_word' id='word_1_973' title='bbox 2583 5469 2692 5543; x_wconf 90' lang='grc' dir='ltr'>γάρ</span> <span class='ocrx_word' id='word_1_974' title='bbox 2715 5470 2765 5522; x_wconf 91' lang='grc' dir='ltr'>οἱ</span> <span class='ocrx_word' id='word_1_975' title='bbox 2800 5470 3127 5540; x_wconf 84' lang='grc' dir='ltr'>στρατιῶται</span> <span class='ocrx_word' id='word_1_976' title='bbox 3165 5467 3461 5539; x_wconf 87' lang='grc' dir='ltr'>τραύματα</span> <span class='ocrx_word' id='word_1_977' title='bbox 3490 5467 3689 5522; x_wconf 85' lang='grc' dir='ltr'>ἐπιδεί-</span> 
     </span>
    </p>
   </div>
   <div class='ocr_carea' id='block_1_125' title="bbox 2016 5555 3692 5629">
    <p class='ocr_par' dir='ltr' id='par_1_125' title="bbox 2016 5555 3692 5629">
     <span class='ocr_line' id='line_1_125' title="bbox 2016 5555 3692 5629; baseline 0 -18"><span class='ocrx_word' id='word_1_978' title='bbox 2016 5557 2225 5625; x_wconf 83' lang='grc' dir='ltr'>ξαντες,</span> <span class='ocrx_word' id='word_1_979' title='bbox 2257 5557 2402 5628; x_wconf 84' lang='grc' dir='ltr'>ἀπερ</span> <span class='ocrx_word' id='word_1_980' title='bbox 2429 5559 2493 5611; x_wconf 84' lang='grc' dir='ltr'>ἐκ</span> <span class='ocrx_word' id='word_1_981' title='bbox 2513 5557 2624 5611; x_wconf 79' lang='grc' dir='ltr'>τῶν</span> <span class='ocrx_word' id='word_1_982' title='bbox 2651 5558 2926 5628; x_wconf 78' lang='grc' dir='ltr'>πολεμίων</span> <span class='ocrx_word' id='word_1_983' title='bbox 2953 5557 3163 5619; x_wconf 76' lang='grc' dir='ltr'>ἔλαϐον,</span> <span class='ocrx_word' id='word_1_984' title='bbox 3188 5555 3339 5627; x_wconf 74' lang='grc' dir='ltr'>ιμετά</span> <span class='ocrx_word' id='word_1_985' title='bbox 3374 5557 3692 5629; x_wconf 74' lang='grc' dir='ltr'>παρρησίας</span> 
     </span>
    </p>
   </div>
   <div class='ocr_carea' id='block_1_126' title="bbox 2015 5636 3690 5716">
    <p class='ocr_par' dir='ltr' id='par_1_126' title="bbox 2015 5636 3690 5716">
     <span class='ocr_line' id='line_1_126' title="bbox 2015 5636 3690 5716; baseline 0 -17"><span class='ocrx_word' id='word_1_986' title='bbox 2015 5643 2093 5716; x_wconf 85' lang='grc' dir='ltr'>τῷ</span> <span class='ocrx_word' id='word_1_987' title='bbox 2111 5643 2323 5716; x_wconf 84' lang='grc' dir='ltr'>βασιλεῖ</span> <span class='ocrx_word' id='word_1_988' title='bbox 2352 5643 2716 5712; x_wconf 65' lang='grc' dir='ltr'>διαλέγονταγ</span> <span class='ocrx_word' id='word_1_989' title='bbox 2754 5644 2900 5698; x_wconf 74' lang='grc' dir='ltr'>οὕτω</span> <span class='ocrx_word' id='word_1_990' title='bbox 2925 5643 3023 5698; x_wconf 75' lang='grc' dir='ltr'>καὶ</span> <span class='ocrx_word' id='word_1_991' title='bbox 3043 5636 3190 5697; x_wconf 74' lang='grc' dir='ltr'>οὗτοι</span> <span class='ocrx_word' id='word_1_992' title='bbox 3219 5642 3319 5707; x_wconf 77' lang='grc' dir='ltr'>τάς</span> <span class='ocrx_word' id='word_1_993' title='bbox 3350 5644 3595 5714; x_wconf 75' lang='grc' dir='ltr'>κεφαλὰς</span> <span class='ocrx_word' id='word_1_994' title='bbox 3620 5643 3690 5710; x_wconf 80' lang='grc' dir='ltr'>ἀς</span> 
     </span>
    </p>
   </div>
   <div class='ocr_carea' id='block_1_127' title="bbox 2015 5730 3693 5803">
    <p class='ocr_par' dir='ltr' id='par_1_127' title="bbox 2015 5730 3693 5803">
     <span class='ocr_line' id='line_1_127' title="bbox 2015 5730 3693 5803; baseline -0.001 -16"><span class='ocrx_word' id='word_1_995' title='bbox 2015 5732 2411 5803; x_wconf 84' lang='grc' dir='ltr'>ἀπετμήθησαν</span> <span class='ocrx_word' id='word_1_996' title='bbox 2443 5732 2536 5785; x_wconf 73' lang='grc' dir='ltr'>ἐπὶ</span> <span class='ocrx_word' id='word_1_997' title='bbox 2567 5731 2678 5785; x_wconf 85' lang='grc' dir='ltr'>τῶν</span> <span class='ocrx_word' id='word_1_998' title='bbox 2709 5731 2907 5802; x_wconf 80' lang='grc' dir='ltr'>χειρῶν</span> <span class='ocrx_word' id='word_1_999' title='bbox 2942 5730 3322 5802; x_wconf 72' lang='grc' dir='ltr'>βαστάζοντες,</span> <span class='ocrx_word' id='word_1_1000' title='bbox 3356 5733 3452 5787; x_wconf 68' lang='grc' dir='ltr'>ναὶ</span> <span class='ocrx_word' id='word_1_1001' title='bbox 3482 5734 3563 5796; x_wconf 84' lang='grc' dir='ltr'>είς</span> <span class='ocrx_word' id='word_1_1002' title='bbox 3596 5731 3693 5803; x_wconf 83' lang='grc' dir='ltr'>μέ-</span> 
     </span>
    </p>
   </div>
   <div class='ocr_carea' id='block_1_128' title="bbox 2019 5818 3692 5891">
    <p class='ocr_par' dir='ltr' id='par_1_128' title="bbox 2019 5818 3692 5891">
     <span class='ocr_line' id='line_1_128' title="bbox 2019 5818 3692 5891; baseline 0.001 -17"><span class='ocrx_word' id='word_1_1003' title='bbox 2019 5838 2111 5875; x_wconf 90' lang='grc' dir='ltr'>σον</span> <span class='ocrx_word' id='word_1_1004' title='bbox 2143 5819 2499 5890; x_wconf 87' lang='grc' dir='ltr'>παράγοντες,</span> <span class='ocrx_word' id='word_1_1005' title='bbox 2527 5818 2765 5883; x_wconf 84' lang='grc' dir='ltr'>εὐκόλως</span> <span class='ocrx_word' id='word_1_1006' title='bbox 2792 5819 3027 5884; x_wconf 84' lang='grc' dir='ltr'>ἀπαντα,</span> <span class='ocrx_word' id='word_1_1007' title='bbox 3050 5820 3153 5875; x_wconf 83' lang='grc' dir='ltr'>ὅσα</span> <span class='ocrx_word' id='word_1_1008' title='bbox 3190 5820 3256 5875; x_wconf 84' lang='grc' dir='ltr'>ἂν</span> <span class='ocrx_word' id='word_1_1009' title='bbox 3278 5819 3495 5883; x_wconf 86' lang='grc' dir='ltr'>θέλωσι,</span> <span class='ocrx_word' id='word_1_1010' title='bbox 3539 5819 3692 5891; x_wconf 88' lang='grc' dir='ltr'>παρά</span> 
     </span>
    </p>
   </div>
   <div class='ocr_carea' id='block_1_129' title="bbox 2018 5900 3691 5981">
    <p class='ocr_par' dir='ltr' id='par_1_129' title="bbox 2018 5900 3691 5981">
     <span class='ocr_line' id='line_1_129' title="bbox 2018 5900 3691 5981; baseline -0.002 -19"><span class='ocrx_word' id='word_1_1011' title='bbox 2018 5908 2097 5981; x_wconf 81' lang='grc' dir='ltr'>τῷ</span> <span class='ocrx_word' id='word_1_1012' title='bbox 2128 5907 2337 5980; x_wconf 84' lang='grc' dir='ltr'>βασιλεῖ</span> <span class='ocrx_word' id='word_1_1013' title='bbox 2359 5908 2468 5961; x_wconf 84' lang='grc' dir='ltr'>τῶν</span> <span class='ocrx_word' id='word_1_1014' title='bbox 2489 5908 2734 5980; x_wconf 81' lang='grc' dir='ltr'>οὐρανῶν</span> <span class='ocrx_word' id='word_1_1015' title='bbox 2761 5907 2943 5962; x_wconf 85' lang='grc' dir='ltr'>ἀνύειν</span> <span class='ocrx_word' id='word_1_1016' title='bbox 2975 5907 3248 5964; x_wconf 89' lang='grc' dir='ltr'>δύνανται.</span> <span class='ocrx_word' id='word_1_1017' title='bbox 3297 5908 3453 5963; x_wconf 84' lang='grc' dir='ltr'>Μετά</span> <span class='ocrx_word' id='word_1_1018' title='bbox 3489 5900 3691 5978; x_wconf 85' lang='grc' dir='ltr'>πολλῆς</span> 
     </span>
    </p>
   </div>
   <div class='ocr_carea' id='block_1_130' title="bbox 2015 5995 3689 6069">
    <p class='ocr_par' dir='ltr' id='par_1_130' title="bbox 2015 5995 3689 6069">
     <span class='ocr_line' id='line_1_130' title="bbox 2015 5995 3689 6069; baseline -0.002 -19"><span class='ocrx_word' id='word_1_1019' title='bbox 2015 5997 2196 6051; x_wconf 83' lang='grc' dir='ltr'>τοίνυν</span> <span class='ocrx_word' id='word_1_1020' title='bbox 2224 5995 2319 6065; x_wconf 78' lang='grc' dir='ltr'>τῆς</span> <span class='ocrx_word' id='word_1_1021' title='bbox 2351 5995 2605 6059; x_wconf 84' lang='grc' dir='ltr'>πίστεως,</span> <span class='ocrx_word' id='word_1_1022' title='bbox 2643 5996 2781 6065; x_wconf 71' lang='grc' dir='ltr'>μετὰ</span> <span class='ocrx_word' id='word_1_1023' title='bbox 2833 5996 3032 6069; x_wconf 83' lang='grc' dir='ltr'>πολλῆς</span> <span class='ocrx_word' id='word_1_1024' title='bbox 3071 5998 3168 6069; x_wconf 84' lang='grc' dir='ltr'>τῆς</span> <span class='ocrx_word' id='word_1_1025' title='bbox 3220 5997 3527 6067; x_wconf 81' lang='grc' dir='ltr'>προθυμίας</span> <span class='ocrx_word' id='word_1_1026' title='bbox 3572 5996 3689 6048; x_wconf 73' lang='grc' dir='ltr'>ἐκεῖ</span> 
     </span>
    </p>
   </div>
   <div class='ocr_carea' id='block_1_131' title="bbox 3217 6096 3281 6154">
    <p class='ocr_par' dir='ltr' id='par_1_131' title="bbox 3217 6096 3281 6154">
     <span class='ocr_line' id='line_1_131' title="bbox 3217 6096 3281 6154; baseline 0 0"><span class='ocrx_word' id='word_1_1027' title='bbox 3217 6096 3281 6154; x_wconf 85' lang='grc'>11</span> 
     </span>
    </p>
   </div>
   <div class='ocr_carea' id='block_1_132' title="bbox 3564 396 3667 452">
    <p class='ocr_par' dir='ltr' id='par_1_132' title="bbox 3564 396 3667 452">
     <span class='ocr_line' id='line_1_132' title="bbox 3564 396 3667 452; baseline -0.029 -1"><span class='ocrx_word' id='word_1_1028' title='bbox 3564 396 3667 452; x_wconf 72' lang='grc' dir='ltr'>ὕῖϐ</span> 
     </span>
    </p>
   </div>
  </div>
