4032 6474
496 412 602 472 tm
1321 413 1377 469 s.
1416 411 1706 467 JUANNIS
1740 411 2231 467 cumsoswu.
2270 406 2588 467 AhCIHEP.
2632 402 3177 473 CONSTANTlNOP.
3780 418 3850 473 ωε
3920 484 3923 505 ε

502 514 833 600 βαδίζωμεν,
882 522 980 577 ἶνα
1007 521 1101 576 καὶ
1128 519 1238 575 ἀπὸ
1263 520 1364 591 τῆς
1388 522 1564 592 ὂψεως
1611 522 1721 575 τῶν
1750 524 1922 593 ἁγίων
1965 525 2172 580 τούτων
2277 527 2652 582 καταπλεῦσαι
2675 528 2767 582 τὸν
2787 528 3001 598 λιμένα,
3018 527 3115 582 καὶ
3136 526 3236 596 τῆς
3262 523 3530 596 βασιλείας
3552 525 3651 581 τῶν
3671 527 3852 599 οὐρανῶν

505 610 948 690 μνημάτωννκαὶ
970 608 1078 663 ἀπὸ
1110 602 1209 680 τῆς
1237 602 1446 672 ἐννοίας
1468 608 1579 662 τῶν
1606 608 1805 674 ἄθλων,
1838 612 1934 665 καὶ
1965 629 2173 667 παντα-
2280 615 2577 684 ἐπιτυχεῖν,
2633 614 2817 684 χάριτι
2870 614 2962 668 καὶ
2993 611 3369 690 φιλανθρωπίᾳ
3400 610 3491 665 τοῦ
3534 613 3716 683 Κυρίου
3744 616 3855 685 ἡμῶν

500 689 659 778 κόθεν
680 698 920 762 πολλοὺς
964 697 1060 751 καὶ
1099 695 1370 768 μεγάλους
1401 695 1655 761 λαϐόντες
1683 696 1988 769 θησαυροὺς
2014 740 2028 761 .
2079 699 2174 753 καὶ
2292 697 2464 767 Ἰησοῦ
2498 696 2754 769 Χριστοῦ,
2803 696 2922 768 μεθ’
2950 689 3011 751 οὗ
3032 696 3113 768 τῷ
3142 696 3336 768 Πατρὶ,
3361 696 3476 767 ἅμα
3505 695 3575 765 τῷ
3599 697 3718 766 ἁγιῳ
3742 699 3855 750 llus-J-

499 791 595 846 τὸν
646 786 887 858 παρόντα
950 784 1064 857 βίον
1112 782 1423 854 δυνηθῶμεν
1462 783 1685 838 κατὰτὸ
1721 785 1798 855 τῷ
1825 781 1945 857 Θεῷ
1982 784 2173 840 δοκοῦν
2281 802 2433 856 ματη
2486 784 2635 853 δόξα,
2685 786 2910 857 κράτος,
2965 785 3102 857 τιμὴ
3151 785 3247 839 καὶ
3282 782 3654 857 προσκύνησις,
3681 784 3749 848 εις
3769 787 3855 848 τώς

502 873 771 939 διανύσαι,
805 872 919 928 ,καὶ
962 871 1103 945 μετὰ
1134 869 1338 942 πολλῆς
1384 871 1487 942 τῆς
1540 868 1815 943 ἐμπορίας
1844 872 1927 937 εἰς
1965 873 2173 928 ἐκεῖνον
2275 874 2480 942 αεῶνας
2502 874 2612 929 τῶν
2635 873 2869 931 αἰώνων.
2912 873 3106 945 ’Δμήν.

2172 1028 2205 1089 ί
2290 1062 2298 1069 .

1516 1494 1623 1557 AD
1660 1436 2045 1557 HOMILIAS’
2064 1494 2143 1553 IN
2186 1492 2533 1552 SANCTAM
2573 1491 2960 1555 PELAGIAM

651 1662 814 1737 [581]
837 1661 977 1729 Quae
992 1661 1177 1733 prima
1215 1659 1441 1731 ponitur
1473 1658 1699 1714 homilia
1725 1657 2135 1714 Graeco-Latina
2165 1658 2219 1712 in
2244 1657 2307 1712 S.
2345 1656 2642 1728 Pelagiam,
2670 1656 2972 1713 Antiochiae
3001 1657 3146 1712 haud
3177 1658 3344 1725 dubie
3371 1660 3551 1717 habita
3584 1673 3685 1731 est;
3709 1681 3792 1735 qua

584 1759 642 1813 in
666 1758 805 1815 urbe
833 1772 996 1828 passa
1016 1766 1100 1815 est
1123 1757 1360 1829 Pelagia.
1393 1755 1467 1811 De
1494 1758 1603 1824 qua
1624 1764 1811 1811 sancta
1837 1755 2047 1825 virgine
2088 1764 2143 1809 et
2171 1760 2407 1825 martyre
2433 1753 2618 1809 multa:
2645 1752 3007 1809 suboriuntur
3050 1754 3416 1824 quaestiones,
3464 1772 3598 1828 quas
3623 1761 3791 1815 erudite

542 1912 547 1917 _
583 1854 940 1923 prosequitur
966 1860 1068 1907 Suo
1100 1862 1251 1907 more
1274 1850 1486 1906 Fronto
1513 1848 1745 1904 Duc-anus
1770 1848 1855 1903 his
1881 1849 2085 1904 verbis.

664 1963 684 1996 ε
723 1936 805 1998 Εἰ
832 1932 1045 2000 duabus
1069 1942 1331 2008 homitiis,
1374 1954 1512 2010 quas
1544 1938 1712 1993 edidit
1737 1938 1974 2008 primum
2004 1939 2257 2009 Atoysius
2309 1937 2666 2008 Lipomanus,
2698 1947 2744 1993 t.
2776 1938 2807 1992 7
2829 1938 2899 1994 de
2930 1934 3089 1996 Vitis
3120 1938 3457 1998 Sanctorum
3482 1944 3661 2002 Latine
3701 1956 3793 2002 tan-

580 2044 721 2101 tum,
754 2038 922 2091 'unam
956 2036 1045 2092 hic
1071 2038 1307 2105 utraque
1339 2034 1516 2103 lingua
1555 2046 1702 2085 nunc
1727 2030 1923 2087 damus
1943 2047 2007 2086 ex
2038 2032 2253 2086 duobus
2298 2029 2429 2086 Mss.
2468 2029 2687 2086 Heurici
2718 2028 2787 2085 Ν
2814 2032 2986 2103 regis,
3022 2032 3099 2087 -in
3127 2034 3367 2103 quorum
3403 2038 3573 2093 altero
3626 2040 3794 2096 adseri-

574 2138 708 2202 ‘ptus
741 2130 969 2200 margini
997 2128 1101 2183 fuit
1126 2127 1244 2183 dies
1266 2125 1521 2181 Octobris
1571 2124 1606 2178 8
1641 2123 1743 2179 hoc
1774 2132 1956 2194 pacto,
2011 2124 2147 2194 μηνὶ
2181 2122 2497 2193 Ὀκτωϐρὶῳ
2529 2130 2578 2195 η’
2613 2139 2627 2175 :
2656 2132 2715 2179 et
2745 2123 3004 2179 admonet
3048 2122 3461 2184 illustrissimus
3482 2128 3642 2186 'Card.
3666 2131 3796 2187 Baro-

573 2225 706 2281 hius
740 2225 800 2278 in
826 2212 1472 2294 Meriologio'Grzecorum
1507 2220 1595 2290 agi
1632 2218 1698 2275 de
1724 2220 1831 2274 alia
1884 2217 2101 2288 Pelagia
2128 2217 2489 2284 Antiochena,
2520 2232 2649 2287 quae
2670 2212 2967 2289 antequam
2997 2226 3276 2276 teneretur
3321 2237 3356 2277 a
3381 2227 3797 2293 persecutoribus,

579 2333 751 2375 orans
778 2320 848 2373 ne
884 2301 1233 2387 dispendium
1256 2323 1536 2386 pateretur
1565 2312 1914 2384 virginitatis,
1948 2312 2003 2365 in
2034 2325 2169 2380 pace
2210 2310 2418 2381 quievit
2453 2327 2468 2364 :
2501 2309 2597 2366 sed
2630 2310 2795 2381 hujus
2824 2310 3055 2383 Pelagia
3088 2310 3447 2369 feativitatem
3474 2316 3541 2371 ab
3571 2318 3667 2373 iliis
3685 2320 3797 2375 cele-

572 2417 727 2472 brari
756 2414 957 2487 quarto
986 2402 1113 2471 ldus
1141 2412 1312 2479 Junii,
1357 2418 1483 2469 cuin
1524 2415 1580 2468 in
1616 2413 1778 2470 Rom.
1810 2411 2196 2482 Martyrologio
2252 2411 2550 2467 collocetur
2588 2413 2622 2467 5
2650 2411 2776 2469 ldus
2804 2413 3051 2484 ejusdem
3079 2415 3310 2482 mensis,
3352 2415 3459 2469 huc
3482 2423 3561 2469 est
3608 2411 3637 2459 tt
3663 2396 3797 2464 Mli.

580 2511 794 2566 Rursus
821 2504 1117 2565 convenire
1154 2508 1229 2564 ait
1256 2506 1400 2562 in‘ter
1428 2507 1779 2563 Ambrosium
1827 2517 1883 2561 et
1920 2504 2372 2577 Chrysosto’mum
2404 2506 2549 2575 quod
2581 2514 2809 2576 uterque
2834 2506 3014 2562 civem
3066 2506 3475 2562 Antiochenam
3513 2505 3667 2561 fuisse
3697 2502 3799 2557 velit

574 2590 874 2674 Pela‘giam,
905 2610 959 2657 et
987 2604 1057 2656 n‘e
1089 2600 1362 2670 iacturam
1392 2598 1595 2655 faceret
1621 2598 1971 2671 virginitatis,
2015 2607 2243 2652 mortem
2285 2597 2651 2652 voluntariam
2680 2598 2975 2669 oppetiisse
2999 2616 3015 2665 ;
3042 2613 3233 2654 verum
3259 2613 3362 2654 eos
3386 2599 3532 2654 inter
3559 2612 3613 2652 se
3631 2596 3798 2651 discre-

572 2692 726 2762 pare,
752 2692 899 2762 quod
925 2682 1249 2748 Ambrosius
1275 2707 1383 2747 una
1409 2707 1535 2749 cum
1570 2700 1745 2746 matre
1774 2699 1829 2746 et
1855 2706 2044 2746 sorore
2107 2690 2273 2745 ﬂuvio
2303 2706 2539 2747 mersam
2575 2706 2695 2747 eam
2726 2690 2989 2759 teStetur;
3022 2690 3459 2764 Chrysostomu's
3488 2701 3654 2746 autem
3675 2705 3701 2743 e
3724 2702 3796 2743 su-

576 2783 733 2840 blimi
758 2795 901 2842 tecto
941 2801 1000 2841 se
1027 2786 1358 2857 praecipitem
1388 2772 1607 2842 dedisse
1640 2801 1653 2838 :
1689 2794 1853 2855 atque
1901 2785 2005 2840 hoc
2053 2785 2232 2855 ipsum
2263 2786 2330 2840 de
2358 2784 2576 2856 Pelagia
2626 2801 2808 2841 mersa
2866 2785 3157 2856 scripsisse
3199 2777 3554 2841 Ambrosium
3584 2782 3669 2837 lib.
3696 2766 3724 2834 3
3748 2779 3798 2833 de

575 2881 895 2953 Virginibus
924 2883 1213 2939 annotavit
1240 2883 1378 2939 Lud.
1418 2882 1578 2939 Vives
1607 2882 1661 2937 in
1698 2882 1794 2937 lib.
1829 2882 1883 2949 l,
1913 2897 1963 2937 e.
1994 2880 2086 2947 26,
2134 2882 2424 2953 Augustini
2463 2882 2532 2937 de
2567 2882 2799 2938 Civitate
2828 2882 2925 2938 Dei
2961 2900 2975 2937 :
3006 2882 3167 2938 nobis
3198 2894 3386 2937 tamen
3443 2879 3685 2937 attentius
3707 2874 3797 2946 citis

563 2974 946 3030 enarrationem
969 2975 1458 3046 perpendentibus,
1489 2976 1623 3031 nihil
1654 2976 1762 3032 tale
1780 2974 1995 3032 videtur
2039 2977 2369 3040 Ambrosius
2393 2978 2635 3046 referre;
2673 2977 2768 3033 sed
2795 2976 3119 3034 absentibus
3142 2976 3330 3048 potius
3356 2985 3531 3031 matre
3550 2990 3609 3031 ac
3634 2969 3797 3028 sorori-

576 3070 699 3135 bus,
733 3070 904 3126 solam
940 3071 1089 3127 domi
1117 3070 1536 3142 deprehensam,
1568 3087 1799 3130 vacuam
1829 3072 2107 3142 praesidio,
2138 3074 2233 3130 sed
2263 3072 2375 3130 Deo
2410 3074 2714 3146 pleniorem
2750 3072 3027 3145 Pelagiam
3054 3071 3210 3128 salva
3238 3072 3555 3142 virginitate
3577 3066 3639 3124 ad
3665 3078 3796 3136 spon—

562 3183 697 3223 sum
728 3167 1008 3223 Christum
1032 3178 1390 3239 properasse;
1433 3184 1533 3226 nec
1566 3170 1724 3225 aliter
1772 3184 1945 3239 genus
1971 3170 2164 3225 mortis
2195 3171 2452 3239 exprimit
2488 3189 2502 3226 :
2535 3180 2592 3227 at
2637 3178 3021 3241 persecutores
3048 3168 3144 3223 ubi
3187 3176 3435 3237 ereptam
3467 3167 3569 3222 sibi
3592 3162 3797 3217 viderunt

564 3263 812 3334 praedam
848 3264 1102 3334 pudoris,
1135 3272 1369 3319 matrem
1384 3272 1447 3319 et
1476 3278 1695 3320 sorores
1716 3264 1837 3334 ejus
1859 3264 2092 3335 cmpisse
2118 3278 2397 3335 quaerere;
2434 3279 2625 3319 verum
2657 3263 2801 3332 illas,
2822 3262 3097 3319 consertis
3129 3261 3392 3316 manibus
3417 3269 3678 3327 tamquam
3697 3251 3798 3306 Cho‘

572 3376 666 3413 ros
690 3360 971 3426 ducerent,
1007 3360 1061 3414 in
1094 3359 1336 3415 medium
1368 3360 1581 3415 alveum
1625 3352 1871 3416 ﬂuminis
1926 3372 2252 3431 progressas
2292 3375 2435 3426 esse,
2477 3359 2567 3415 ubi
2627 3358 2776 3414 unda
2805 3358 3128 3423 torrentior,
3162 3356 3263 3411 ubi
3301 3354 3629 3429 profundum
3670 3349 3798 3402 abru-

567 3454 735 3522 ptius,
758 3453 986 3525 vestigia
1002 3454 1319 3524 dirigentes.
1343 3452 1529 3524 Neque
1548 3468 1677 3509 vero
1699 3442 2063 3524 adstipulatur
2088 3454 2265 3510 eidem
2298 3453 2589 3509 Ambrosio
2620 3452 2957 3525 Augustinus
2972 3451 3174 3509 eodem
3197 3450 3345 3505 libro
3362 3451 3486 3520 .jam
3513 3450 3679 3510 citato,
3700 3450 3797 3495 cum

568 3543 647 3597 ait
680 3548 900 3600 sanctas
940 3540 1180 3601 feminas
1212 3545 1504 3615 quasdam,
1563 3555 1623 3600 ut
1684 3546 2045 3603 insectatores
2084 3561 2202 3603 sua
2236 3545 2864 3619 pudicitiae‘devitarent,
2886 3545 2940 3599 in
2974 3551 3301 3600 necaturum
3324 3557 3396 3598 se
3418 3542 3620 3596 tlnnren
3648 3530 3798 3605 νΐσῧοο

566 3638 740 3703 cisse.
770 3647 936 3710 atque
966 3654 1154 3696 earum
1192 3640 1518 3698 memoriam
1547 3640 1602 3694 in
1640 3636 1887 3697 Ecclesia
1925 3639 2206 3699 Catholica
2262 3640 2613 3697 veneratione
2674 3638 3032 3697 celeberrima
3077 3637 3445 3710 frequentari.
3468 3629 3645 3704 Neque
3672 3626 3797 3686 enim

1950 4466 2033 4479 αισι-.-
2044 4469 2104 4477 -μ
2114 4468 2251 4478 ...ου-..κ
2262 4466 2401 4478 .--....
