  <div class='ocr_page' id='page_1' title='image "/cluster/home/n/w/nwhite01/storage/ocr_20150623/50:no.2:pt.2/coo.31924054869494/174.png"; bbox 0 0 4032 6442; ppageno 0'>
   <div class='ocr_carea' id='block_1_1' title="bbox 381 383 3696 498">
    <p class='ocr_par' dir='ltr' id='par_1_1' title="bbox 381 383 3696 498">
     <span class='ocr_line' id='line_1_1' title="bbox 381 383 3696 498; baseline -0.01 -15"><span class='ocrx_word' id='word_1_1' title='bbox 381 445 491 498; x_wconf 62' lang='grc' dir='ltr'><strong>επ</strong></span> <span class='ocrx_word' id='word_1_2' title='bbox 1114 420 1198 474; x_wconf 86' lang='lat' dir='ltr'><strong>DE</strong></span> <span class='ocrx_word' id='word_1_3' title='bbox 1239 421 1296 475; x_wconf 85' lang='lat' dir='ltr'><strong>s.</strong></span> <span class='ocrx_word' id='word_1_4' title='bbox 1340 418 1628 474; x_wconf 70' lang='lat' dir='ltr'><strong>PELAGIA</strong></span> <span class='ocrx_word' id='word_1_5' title='bbox 1674 416 1952 473; x_wconf 78' lang='lat' dir='ltr'><strong>VIRGINE</strong></span> <span class='ocrx_word' id='word_1_6' title='bbox 1995 416 2081 470; x_wconf 83' lang='lat' dir='ltr'><strong>ET</strong></span> <span class='ocrx_word' id='word_1_7' title='bbox 2125 411 2480 470; x_wconf 64' lang='lat' dir='ltr'><strong>numne.</strong></span> <span class='ocrx_word' id='word_1_8' title='bbox 2524 442 2588 451; x_wconf 89' lang='lat'>—</span> <span class='ocrx_word' id='word_1_9' title='bbox 2629 393 3028 461; x_wconf 73' lang='lat' dir='ltr'><strong>ADMONITIO.</strong></span> <span class='ocrx_word' id='word_1_10' title='bbox 3581 383 3696 452; x_wconf 75' lang='lat'><strong>“578</strong></span> 
     </span>
    </p>
   </div>
   <div class='ocr_carea' id='block_1_2' title="bbox 389 544 3678 628">
    <p class='ocr_par' dir='ltr' id='par_1_2' title="bbox 389 544 3678 628">
     <span class='ocr_line' id='line_1_2' title="bbox 389 544 3678 628; baseline -0.006 -12"><span class='ocrx_word' id='word_1_11' title='bbox 389 563 621 618; x_wconf 79' lang='lat' dir='ltr'><strong>Proinde</strong></span> <span class='ocrx_word' id='word_1_12' title='bbox 647 577 836 628; x_wconf 68' lang='lat' dir='ltr'><strong>magna</strong></span> <span class='ocrx_word' id='word_1_13' title='bbox 868 561 969 616; x_wconf 86' lang='lat' dir='ltr'><strong>tide</strong></span> <span class='ocrx_word' id='word_1_14' title='bbox 997 569 1049 615; x_wconf 90' lang='lat' dir='ltr'><strong>ct</strong></span> <span class='ocrx_word' id='word_1_15' title='bbox 1070 559 1343 614; x_wconf 76' lang='lat' dir='ltr'><strong>alacritate</strong></span> <span class='ocrx_word' id='word_1_16' title='bbox 1372 557 1476 611; x_wconf 86' lang='lat' dir='ltr'><strong>huc</strong></span> <span class='ocrx_word' id='word_1_17' title='bbox 1519 555 1792 610; x_wconf 76' lang='lat' dir='ltr'><strong>veniamus</strong></span> <span class='ocrx_word' id='word_1_18' title='bbox 1816 595 1832 621; x_wconf 86' lang='lat'><strong>,</strong></span> <span class='ocrx_word' id='word_1_19' title='bbox 1882 568 1988 623; x_wconf 90' lang='lat' dir='ltr'><strong>quo</strong></span> <span class='ocrx_word' id='word_1_20' title='bbox 2101 552 2374 610; x_wconf 56' lang='lat' dir='ltr'><strong>mercibus</strong></span> <span class='ocrx_word' id='word_1_21' title='bbox 2404 549 2780 621; x_wconf 81' lang='lat' dir='ltr'><strong>ingrediamur,</strong></span> <span class='ocrx_word' id='word_1_22' title='bbox 2803 559 2855 604; x_wconf 89' lang='lat' dir='ltr'><strong>et</strong></span> <span class='ocrx_word' id='word_1_23' title='bbox 2881 562 3098 618; x_wconf 79' lang='lat' dir='ltr'><strong>regnum</strong></span> <span class='ocrx_word' id='word_1_24' title='bbox 3122 544 3678 603; x_wconf 68' lang='lat' dir='ltr'><strong>czclorumconsequao</strong></span> 
     </span>
    </p>
   </div>
   <div class='ocr_carea' id='block_1_3' title="bbox 388 633 3682 715">
    <p class='ocr_par' dir='ltr' id='par_1_3' title="bbox 388 633 3682 715">
     <span class='ocr_line' id='line_1_3' title="bbox 388 633 3682 715; baseline -0.008 -3"><span class='ocrx_word' id='word_1_25' title='bbox 388 667 449 713; x_wconf 90' lang='lat' dir='ltr'><strong>et</strong></span> <span class='ocrx_word' id='word_1_26' title='bbox 477 659 601 709; x_wconf 82' lang='lat' dir='ltr'><strong>visis</strong></span> <span class='ocrx_word' id='word_1_27' title='bbox 628 663 934 708; x_wconf 88' lang='lat' dir='ltr'><strong>sanctorum</strong></span> <span class='ocrx_word' id='word_1_28' title='bbox 947 651 1331 715; x_wconf 85' lang='lat' dir='ltr'><strong>monumentis,</strong></span> <span class='ocrx_word' id='word_1_29' title='bbox 1351 647 1778 704; x_wconf 78' lang='lat' dir='ltr'><strong>et‘con’sideratis</strong></span> <span class='ocrx_word' id='word_1_30' title='bbox 1796 660 1987 700; x_wconf 90' lang='lat' dir='ltr'><strong>eorum</strong></span> <span class='ocrx_word' id='word_1_31' title='bbox 2103 660 2242 710; x_wconf 89' lang='lat' dir='ltr'><strong>mur,</strong></span> <span class='ocrx_word' id='word_1_32' title='bbox 2265 643 2434 712; x_wconf 70' lang='lat' dir='ltr'><strong>gratia</strong></span> <span class='ocrx_word' id='word_1_33' title='bbox 2463 651 2518 697; x_wconf 76' lang='lat' dir='ltr'><strong>et</strong></span> <span class='ocrx_word' id='word_1_34' title='bbox 2541 637 3098 710; x_wconf 70' lang='lat' dir='ltr'><strong>benignitatwomini</strong></span> <span class='ocrx_word' id='word_1_35' title='bbox 3122 637 3286 691; x_wconf 79' lang='lat' dir='ltr'><strong>nostri</strong></span> <span class='ocrx_word' id='word_1_36' title='bbox 3311 635 3438 690; x_wconf 81' lang='lat' dir='ltr'><strong>.Icsu</strong></span> <span class='ocrx_word' id='word_1_37' title='bbox 3465 633 3682 696; x_wconf 86' lang='lat' dir='ltr'><strong>Christi.</strong></span> 
     </span>
    </p>
   </div>
   <div class='ocr_carea' id='block_1_4' title="bbox 393 727 3686 809">
    <p class='ocr_par' dir='ltr' id='par_1_4' title="bbox 393 727 3686 809">
     <span class='ocr_line' id='line_1_4' title="bbox 393 727 3686 809; baseline -0.007 -6"><span class='ocrx_word' id='word_1_38' title='bbox 393 746 806 809; x_wconf 89' lang='lat' dir='ltr'><strong>certaminibus,</strong></span> <span class='ocrx_word' id='word_1_39' title='bbox 838 743 962 799; x_wconf 85' lang='lat' dir='ltr'><strong>inde</strong></span> <span class='ocrx_word' id='word_1_40' title='bbox 988 743 1167 798; x_wconf 88' lang='lat' dir='ltr'><strong>varios</strong></span> <span class='ocrx_word' id='word_1_41' title='bbox 1190 742 1472 797; x_wconf 70' lang='lat' dir='ltr'><strong>thesauros</strong></span> <span class='ocrx_word' id='word_1_42' title='bbox 1499 739 1855 808; x_wconf 86' lang='lat' dir='ltr'><strong>undequaque</strong></span> <span class='ocrx_word' id='word_1_43' title='bbox 1876 735 1990 790; x_wconf 91' lang='lat' dir='ltr'><strong>col-</strong></span> <span class='ocrx_word' id='word_1_44' title='bbox 2100 752 2223 792; x_wconf 92' lang='lat' dir='ltr'><strong>cum</strong></span> <span class='ocrx_word' id='word_1_45' title='bbox 2246 751 2352 806; x_wconf 93' lang='lat' dir='ltr'><strong>quo</strong></span> <span class='ocrx_word' id='word_1_46' title='bbox 2377 734 2520 790; x_wconf 85' lang='lat' dir='ltr'><strong>Patri</strong></span> <span class='ocrx_word' id='word_1_47' title='bbox 2573 733 2838 802; x_wconf 75' lang='lat' dir='ltr'><strong>simulque</strong></span> <span class='ocrx_word' id='word_1_48' title='bbox 2867 731 3085 801; x_wconf 88' lang='lat' dir='ltr'><strong>Spiritui</strong></span> <span class='ocrx_word' id='word_1_49' title='bbox 3134 738 3319 784; x_wconf 88' lang='lat' dir='ltr'><strong>sancto</strong></span> <span class='ocrx_word' id='word_1_50' title='bbox 3335 727 3500 799; x_wconf 81' lang='lat' dir='ltr'><strong>gloria</strong></span> <span class='ocrx_word' id='word_1_51' title='bbox 3519 766 3537 792; x_wconf 90' lang='lat'><strong>,</strong></span> <span class='ocrx_word' id='word_1_52' title='bbox 3593 727 3686 780; x_wconf 79' lang='lat' dir='ltr'><strong>lm-</strong></span> 
     </span>
    </p>
   </div>
   <div class='ocr_carea' id='block_1_5' title="bbox 396 819 3688 913">
    <p class='ocr_par' dir='ltr' id='par_1_5' title="bbox 396 819 3688 913">
     <span class='ocr_line' id='line_1_5' title="bbox 396 819 3688 913; baseline -0.008 -16"><span class='ocrx_word' id='word_1_53' title='bbox 396 845 661 913; x_wconf 79' lang='lat' dir='ltr'><strong>ligamus;</strong></span> <span class='ocrx_word' id='word_1_54' title='bbox 693 851 747 896; x_wconf 92' lang='lat' dir='ltr'><strong>ct</strong></span> <span class='ocrx_word' id='word_1_55' title='bbox 774 855 867 910; x_wconf 86' lang='lat' dir='ltr'><strong>per</strong></span> <span class='ocrx_word' id='word_1_56' title='bbox 887 845 1206 910; x_wconf 70' lang='lat' dir='ltr'><strong>praesentem</strong></span> <span class='ocrx_word' id='word_1_57' title='bbox 1228 837 1389 889; x_wconf 86' lang='lat' dir='ltr'><strong>vitam</strong></span> <span class='ocrx_word' id='word_1_58' title='bbox 1433 834 1504 888; x_wconf 88' lang='lat' dir='ltr'><strong>ita</strong></span> <span class='ocrx_word' id='word_1_59' title='bbox 1554 829 1847 886; x_wconf 87' lang='lat' dir='ltr'><strong>secundum</strong></span> <span class='ocrx_word' id='word_1_60' title='bbox 1898 841 1992 880; x_wconf 86' lang='lat' dir='ltr'><strong>vo-</strong></span> <span class='ocrx_word' id='word_1_61' title='bbox 2101 828 2346 898; x_wconf 90' lang='lat' dir='ltr'><strong>perium,</strong></span> <span class='ocrx_word' id='word_1_62' title='bbox 2402 827 2573 880; x_wconf 87' lang='lat' dir='ltr'><strong>honor</strong></span> <span class='ocrx_word' id='word_1_63' title='bbox 2623 825 2946 880; x_wconf 87' lang='lat' dir='ltr'><strong>etadoratio</strong></span> <span class='ocrx_word' id='word_1_64' title='bbox 2998 823 3050 878; x_wconf 92' lang='lat' dir='ltr'><strong>in</strong></span> <span class='ocrx_word' id='word_1_65' title='bbox 3107 822 3301 876; x_wconf 62' lang='lat' dir='ltr'><strong>saecula</strong></span> <span class='ocrx_word' id='word_1_66' title='bbox 3348 819 3688 875; x_wconf 68' lang='lat' dir='ltr'><strong>smeulorum.</strong></span> 
     </span>
    </p>
   </div>
   <div class='ocr_carea' id='block_1_6' title="bbox 393 922 2299 1000">
    <p class='ocr_par' dir='ltr' id='par_1_6' title="bbox 393 922 2299 1000">
     <span class='ocr_line' id='line_1_6' title="bbox 393 922 2299 1000; baseline -0.007 -16"><span class='ocrx_word' id='word_1_67' title='bbox 393 933 652 988; x_wconf 85' lang='lat' dir='ltr'><strong>tuntatem</strong></span> <span class='ocrx_word' id='word_1_68' title='bbox 686 932 780 988; x_wconf 91' lang='lat' dir='ltr'><strong>Dei</strong></span> <span class='ocrx_word' id='word_1_69' title='bbox 811 942 1166 996; x_wconf 85' lang='lat' dir='ltr'><strong>transeamus,</strong></span> <span class='ocrx_word' id='word_1_70' title='bbox 1195 931 1248 985; x_wconf 89' lang='lat' dir='ltr'><strong>in</strong></span> <span class='ocrx_word' id='word_1_71' title='bbox 1277 939 1485 1000; x_wconf 86' lang='lat' dir='ltr'><strong>portum</strong></span> <span class='ocrx_word' id='word_1_72' title='bbox 1503 927 1652 981; x_wconf 91' lang='lat' dir='ltr'><strong>illum</strong></span> <span class='ocrx_word' id='word_1_73' title='bbox 1669 939 1789 981; x_wconf 93' lang='lat' dir='ltr'><strong>cum</strong></span> <span class='ocrx_word' id='word_1_74' title='bbox 1805 922 1986 977; x_wconf 89' lang='lat' dir='ltr'><strong>multis</strong></span> <span class='ocrx_word' id='word_1_75' title='bbox 2105 922 2299 974; x_wconf 84' lang='lat' dir='ltr'><strong>Amen.</strong></span> 
     </span>
    </p>
   </div>
   <div class='ocr_carea' id='block_1_7' title="bbox 410 1266 3665 1291">
    <p class='ocr_par' dir='ltr' id='par_1_7' title="bbox 410 1266 3665 1291">
     <span class='ocr_line' id='line_1_7' title="bbox 410 1266 3665 1291; baseline 0 -14"><span class='ocrx_word' id='word_1_76' title='bbox 410 1270 508 1282; x_wconf 32' lang='lat' dir='ltr'><strong>ﬁ...</strong></span> <span class='ocrx_word' id='word_1_77' title='bbox 524 1272 744 1278; x_wconf 50' lang='lat'><strong>.-..__.-_.-.....</strong></span> <span class='ocrx_word' id='word_1_78' title='bbox 769 1269 3347 1291; x_wconf 45' lang='lat'><strong>._..__.__-—_—._—___——___—__—__———.——~_:_.___—__</strong></span> <span class='ocrx_word' id='word_1_79' title='bbox 3365 1266 3665 1280; x_wconf 60' lang='lat' dir='ltr'>————————n</span> 
     </span>
    </p>
   </div>
   <div class='ocr_carea' id='block_1_8' title="bbox 1820 1506 2256 1566">
    <p class='ocr_par' dir='ltr' id='par_1_8' title="bbox 1820 1506 2256 1566">
     <span class='ocr_line' id='line_1_8' title="bbox 1820 1506 2256 1566; baseline -0.005 0"><span class='ocrx_word' id='word_1_80' title='bbox 1820 1506 2256 1566; x_wconf 88' lang='lat' dir='ltr'><strong>ADMONITIO.</strong></span> 
     </span>
    </p>
   </div>
   <div class='ocr_carea' id='block_1_9' title="bbox 405 1663 3670 1742">
    <p class='ocr_par' dir='ltr' id='par_1_9' title="bbox 405 1663 3670 1742">
     <span class='ocr_line' id='line_1_9' title="bbox 405 1663 3670 1742; baseline -0.003 -14"><span class='ocrx_word' id='word_1_81' title='bbox 405 1671 682 1742; x_wconf 73' lang='lat' dir='ltr'><strong>Pelagium</strong></span> <span class='ocrx_word' id='word_1_82' title='bbox 709 1669 974 1732; x_wconf 85' lang='lat' dir='ltr'><strong>nominat,</strong></span> <span class='ocrx_word' id='word_1_83' title='bbox 995 1677 1090 1722; x_wconf 89' lang='lat' dir='ltr'><strong>aut</strong></span> <span class='ocrx_word' id='word_1_84' title='bbox 1117 1665 1506 1737; x_wconf 88' lang='lat' dir='ltr'><strong>Sophroniam,</strong></span> <span class='ocrx_word' id='word_1_85' title='bbox 1531 1665 1623 1721; x_wconf 90' lang='lat' dir='ltr'><strong>sed</strong></span> <span class='ocrx_word' id='word_1_86' title='bbox 1651 1665 1900 1736; x_wconf 81' lang='lat' dir='ltr'><strong>exemplo</strong></span> <span class='ocrx_word' id='word_1_87' title='bbox 1943 1665 2230 1735; x_wconf 83' lang='lat' dir='ltr'><strong>utriusque</strong></span> <span class='ocrx_word' id='word_1_88' title='bbox 2253 1666 2543 1735; x_wconf 78' lang='lat' dir='ltr'><strong>desumpta</strong></span> <span class='ocrx_word' id='word_1_89' title='bbox 2570 1675 2636 1720; x_wconf 79' lang='lat' dir='ltr'><strong>ex</strong></span> <span class='ocrx_word' id='word_1_90' title='bbox 2669 1663 2960 1720; x_wconf 80' lang='lat' dir='ltr'><strong>Ambrosio</strong></span> <span class='ocrx_word' id='word_1_91' title='bbox 2986 1663 3145 1720; x_wconf 83' lang='lat' dir='ltr'><strong>Vives</strong></span> <span class='ocrx_word' id='word_1_92' title='bbox 3172 1663 3462 1735; x_wconf 77' lang='lat' dir='ltr'><strong>Augustini</strong></span> <span class='ocrx_word' id='word_1_93' title='bbox 3484 1679 3670 1722; x_wconf 83' lang='lat' dir='ltr'><strong>narra-</strong></span> 
     </span>
    </p>
   </div>
   <div class='ocr_carea' id='block_1_10' title="bbox 405 1757 3669 1832">
    <p class='ocr_par' dir='ltr' id='par_1_10' title="bbox 405 1757 3669 1832">
     <span class='ocr_line' id='line_1_10' title="bbox 405 1757 3669 1832; baseline -0.002 -10"><span class='ocrx_word' id='word_1_94' title='bbox 405 1767 612 1822; x_wconf 85' lang='lat' dir='ltr'><strong>tionem</strong></span> <span class='ocrx_word' id='word_1_95' title='bbox 637 1762 966 1818; x_wconf 87' lang='lat' dir='ltr'><strong>illustravit:</strong></span> <span class='ocrx_word' id='word_1_96' title='bbox 992 1761 1084 1832; x_wconf 88' lang='lat' dir='ltr'><strong>qui</strong></span> <span class='ocrx_word' id='word_1_97' title='bbox 1112 1769 1293 1815; x_wconf 86' lang='lat' dir='ltr'><strong>tamen</strong></span> <span class='ocrx_word' id='word_1_98' title='bbox 1343 1760 1450 1816; x_wconf 87' lang='lat' dir='ltr'><strong>hoc</strong></span> <span class='ocrx_word' id='word_1_99' title='bbox 1489 1774 1584 1816; x_wconf 85' lang='lat' dir='ltr'><strong>cas</strong></span> <span class='ocrx_word' id='word_1_100' title='bbox 1621 1759 1817 1815; x_wconf 81' lang='lat' dir='ltr'><strong>fecisse</strong></span> <span class='ocrx_word' id='word_1_101' title='bbox 1855 1759 2115 1814; x_wconf 87' lang='lat' dir='ltr'><strong>divinitus</strong></span> <span class='ocrx_word' id='word_1_102' title='bbox 2163 1760 2365 1830; x_wconf 90' lang='lat' dir='ltr'><strong>jussas,</strong></span> <span class='ocrx_word' id='word_1_103' title='bbox 2407 1774 2516 1813; x_wconf 89' lang='lat' dir='ltr'><strong>non</strong></span> <span class='ocrx_word' id='word_1_104' title='bbox 2569 1759 2888 1814; x_wconf 84' lang='lat' dir='ltr'><strong>humanitus</strong></span> <span class='ocrx_word' id='word_1_105' title='bbox 2917 1758 3171 1828; x_wconf 85' lang='lat' dir='ltr'><strong>deceptas</strong></span> <span class='ocrx_word' id='word_1_106' title='bbox 3213 1766 3388 1828; x_wconf 83' lang='lat' dir='ltr'><strong>putat,</strong></span> <span class='ocrx_word' id='word_1_107' title='bbox 3425 1760 3568 1815; x_wconf 89' lang='lat' dir='ltr'><strong>sicut</strong></span> <span class='ocrx_word' id='word_1_108' title='bbox 3597 1757 3669 1815; x_wconf 82' lang='lat' dir='ltr'><strong>de</strong></span> 
     </span>
    </p>
   </div>
   <div class='ocr_carea' id='block_1_11' title="bbox 409 1849 3642 1920">
    <p class='ocr_par' dir='ltr' id='par_1_11' title="bbox 409 1849 3642 1920">
     <span class='ocr_line' id='line_1_11' title="bbox 409 1849 3642 1920; baseline -0.002 -6"><span class='ocrx_word' id='word_1_109' title='bbox 409 1861 680 1914; x_wconf 84' lang='lat' dir='ltr'><strong>Samsone</strong></span> <span class='ocrx_word' id='word_1_110' title='bbox 703 1854 848 1909; x_wconf 81' lang='lat' dir='ltr'><strong>aliud</strong></span> <span class='ocrx_word' id='word_1_111' title='bbox 885 1851 968 1909; x_wconf 83' lang='lat' dir='ltr'><strong>fas</strong></span> <span class='ocrx_word' id='word_1_112' title='bbox 999 1867 1109 1906; x_wconf 82' lang='lat' dir='ltr'><strong>non</strong></span> <span class='ocrx_word' id='word_1_113' title='bbox 1137 1859 1228 1906; x_wconf 85' lang='lat' dir='ltr'><strong>cst</strong></span> <span class='ocrx_word' id='word_1_114' title='bbox 1260 1850 1480 1904; x_wconf 86' lang='lat' dir='ltr'><strong>credere</strong></span> <span class='ocrx_word' id='word_1_115' title='bbox 1519 1865 1532 1900; x_wconf 92' lang='lat'><strong>:</strong></span> <span class='ocrx_word' id='word_1_116' title='bbox 1561 1850 1831 1904; x_wconf 88' lang='lat' dir='ltr'><strong>neminem</strong></span> <span class='ocrx_word' id='word_1_117' title='bbox 1859 1856 2040 1905; x_wconf 85' lang='lat' dir='ltr'><strong>tamen</strong></span> <span class='ocrx_word' id='word_1_118' title='bbox 2086 1856 2446 1920; x_wconf 85' lang='lat' dir='ltr'><strong>s&#39;pontaneam</strong></span> <span class='ocrx_word' id='word_1_119' title='bbox 2497 1858 2725 1905; x_wconf 89' lang='lat' dir='ltr'><strong>mortem</strong></span> <span class='ocrx_word' id='word_1_120' title='bbox 2751 1849 2856 1906; x_wconf 89' lang='lat' dir='ltr'><strong>sibi</strong></span> <span class='ocrx_word' id='word_1_121' title='bbox 2887 1849 3087 1904; x_wconf 81' lang='lat' dir='ltr'><strong>inferre</strong></span> <span class='ocrx_word' id='word_1_122' title='bbox 3119 1849 3335 1915; x_wconf 84' lang='lat' dir='ltr'><strong>debere,</strong></span> <span class='ocrx_word' id='word_1_123' title='bbox 3381 1850 3530 1905; x_wconf 89' lang='lat' dir='ltr'><strong>velut</strong></span> <span class='ocrx_word' id='word_1_124' title='bbox 3579 1849 3642 1906; x_wconf 77' lang='lat' dir='ltr'><strong>fu</strong></span> 
     </span>
    </p>
   </div>
   <div class='ocr_carea' id='block_1_12' title="bbox 407 1943 3670 2022">
    <p class='ocr_par' dir='ltr' id='par_1_12' title="bbox 407 1943 3670 2022">
     <span class='ocr_line' id='line_1_12' title="bbox 407 1943 3670 2022; baseline -0.002 -16"><span class='ocrx_word' id='word_1_125' title='bbox 407 1951 610 2022; x_wconf 77' lang='lat' dir='ltr'><strong>giendo</strong></span> <span class='ocrx_word' id='word_1_126' title='bbox 641 1949 920 2004; x_wconf 85' lang='lat' dir='ltr'><strong>molestias</strong></span> <span class='ocrx_word' id='word_1_127' title='bbox 945 1946 1298 2015; x_wconf 83' lang='lat' dir='ltr'><strong>temporales,</strong></span> <span class='ocrx_word' id='word_1_128' title='bbox 1331 1958 1400 2000; x_wconf 90' lang='lat' dir='ltr'><strong>ne</strong></span> <span class='ocrx_word' id='word_1_129' title='bbox 1429 1945 1483 1998; x_wconf 93' lang='lat' dir='ltr'><strong>in</strong></span> <span class='ocrx_word' id='word_1_130' title='bbox 1513 1952 1802 2015; x_wconf 87' lang='lat' dir='ltr'><strong>perpetuas</strong></span> <span class='ocrx_word' id='word_1_131' title='bbox 1832 1944 2056 1999; x_wconf 77' lang='lat' dir='ltr'><strong>incidat.</strong></span> <span class='ocrx_word' id='word_1_132' title='bbox 2088 1943 2267 2016; x_wconf 80' lang='lat' dir='ltr'><strong>Atque</strong></span> <span class='ocrx_word' id='word_1_133' title='bbox 2300 1946 2354 1999; x_wconf 92' lang='lat' dir='ltr'><strong>in</strong></span> <span class='ocrx_word' id='word_1_134' title='bbox 2379 1945 2481 2001; x_wconf 90' lang='lat' dir='ltr'><strong>hac</strong></span> <span class='ocrx_word' id='word_1_135' title='bbox 2509 1946 2730 2016; x_wconf 87' lang='lat' dir='ltr'><strong>quidem</strong></span> <span class='ocrx_word' id='word_1_136' title='bbox 2758 1945 2981 2000; x_wconf 89' lang='lat' dir='ltr'><strong>homilia</strong></span> <span class='ocrx_word' id='word_1_137' title='bbox 2999 1952 3216 1999; x_wconf 88' lang='lat' dir='ltr'><strong>tantum</strong></span> <span class='ocrx_word' id='word_1_138' title='bbox 3245 1945 3352 2000; x_wconf 86' lang='lat' dir='ltr'><strong>hoc</strong></span> <span class='ocrx_word' id='word_1_139' title='bbox 3390 1947 3468 2001; x_wconf 82' lang='lat' dir='ltr'><strong>ait</strong></span> <span class='ocrx_word' id='word_1_140' title='bbox 3492 1945 3670 2017; x_wconf 76' lang='lat' dir='ltr'><strong>Chry-</strong></span> 
     </span>
    </p>
   </div>
   <div class='ocr_carea' id='block_1_13' title="bbox 406 2035 3672 2109">
    <p class='ocr_par' dir='ltr' id='par_1_13' title="bbox 406 2035 3672 2109">
     <span class='ocr_line' id='line_1_13' title="bbox 406 2035 3672 2109; baseline -0.002 -11"><span class='ocrx_word' id='word_1_141' title='bbox 406 2052 712 2104; x_wconf 84' lang='lat' dir='ltr'><strong>sostomus,</strong></span> <span class='ocrx_word' id='word_1_142' title='bbox 745 2039 1018 2109; x_wconf 77' lang='lat' dir='ltr'><strong>Pelagiam</strong></span> <span class='ocrx_word' id='word_1_143' title='bbox 1039 2038 1350 2108; x_wconf 76' lang='lat' dir='ltr'><strong>ingressam</strong></span> <span class='ocrx_word' id='word_1_144' title='bbox 1387 2037 1532 2091; x_wconf 90' lang='lat' dir='ltr'><strong>intro</strong></span> <span class='ocrx_word' id='word_1_145' title='bbox 1578 2043 1781 2091; x_wconf 84' lang='lat' dir='ltr'><strong>vestem</strong></span> <span class='ocrx_word' id='word_1_146' title='bbox 1817 2044 2081 2100; x_wconf 82' lang='lat' dir='ltr'><strong>mutasse,</strong></span> <span class='ocrx_word' id='word_1_147' title='bbox 2141 2037 2512 2107; x_wconf 90' lang='lat' dir='ltr'><strong>incorruptam</strong></span> <span class='ocrx_word' id='word_1_148' title='bbox 2543 2053 2645 2107; x_wconf 83' lang='lat' dir='ltr'><strong>pro</strong></span> <span class='ocrx_word' id='word_1_149' title='bbox 2678 2045 2958 2106; x_wconf 88' lang='lat' dir='ltr'><strong>corrupta,</strong></span> <span class='ocrx_word' id='word_1_150' title='bbox 2996 2044 3050 2091; x_wconf 89' lang='lat' dir='ltr'><strong>et</strong></span> <span class='ocrx_word' id='word_1_151' title='bbox 3083 2036 3223 2091; x_wconf 89' lang='lat' dir='ltr'><strong>infra</strong></span> <span class='ocrx_word' id='word_1_152' title='bbox 3253 2035 3386 2092; x_wconf 83' lang='lat' dir='ltr'><strong>dicit</strong></span> <span class='ocrx_word' id='word_1_153' title='bbox 3405 2037 3609 2092; x_wconf 85' lang='lat' dir='ltr'><strong>multos</strong></span> <span class='ocrx_word' id='word_1_154' title='bbox 3639 2049 3672 2092; x_wconf 88' lang='lat' dir='ltr'><strong>e</strong></span> 
     </span>
    </p>
   </div>
   <div class='ocr_carea' id='block_1_14' title="bbox 407 2128 3670 2201">
    <p class='ocr_par' dir='ltr' id='par_1_14' title="bbox 407 2128 3670 2201">
     <span class='ocr_line' id='line_1_14' title="bbox 407 2128 3670 2201; baseline -0.001 -14"><span class='ocrx_word' id='word_1_155' title='bbox 407 2133 630 2188; x_wconf 78' lang='lat' dir='ltr'><strong>sublimi</strong></span> <span class='ocrx_word' id='word_1_156' title='bbox 664 2140 809 2187; x_wconf 89' lang='lat' dir='ltr'><strong>tecto</strong></span> <span class='ocrx_word' id='word_1_157' title='bbox 833 2131 1076 2201; x_wconf 88' lang='lat' dir='ltr'><strong>dejectos</strong></span> <span class='ocrx_word' id='word_1_158' title='bbox 1101 2129 1238 2184; x_wconf 89' lang='lat' dir='ltr'><strong>nihil</strong></span> <span class='ocrx_word' id='word_1_159' title='bbox 1265 2128 1394 2184; x_wconf 91' lang='lat' dir='ltr'><strong>mali</strong></span> <span class='ocrx_word' id='word_1_160' title='bbox 1423 2144 1638 2200; x_wconf 90' lang='lat' dir='ltr'><strong>passos.</strong></span> <span class='ocrx_word' id='word_1_161' title='bbox 1669 2129 1739 2184; x_wconf 85' lang='lat' dir='ltr'><strong>At</strong></span> <span class='ocrx_word' id='word_1_162' title='bbox 1766 2130 1822 2184; x_wconf 90' lang='lat' dir='ltr'><strong>in</strong></span> <span class='ocrx_word' id='word_1_163' title='bbox 1845 2129 2037 2186; x_wconf 90' lang='lat' dir='ltr'><strong>homil.</strong></span> <span class='ocrx_word' id='word_1_164' title='bbox 2071 2130 2125 2194; x_wconf 76' lang='grc' dir='ltr'><strong>ί,</strong></span> <span class='ocrx_word' id='word_1_165' title='bbox 2165 2146 2288 2201; x_wconf 74' lang='lat' dir='ltr'><strong>quae</strong></span> <span class='ocrx_word' id='word_1_166' title='bbox 2321 2139 2406 2186; x_wconf 90' lang='lat' dir='ltr'><strong>est</strong></span> <span class='ocrx_word' id='word_1_167' title='bbox 2435 2139 2583 2186; x_wconf 84' lang='lat' dir='ltr'><strong>torno</strong></span> <span class='ocrx_word' id='word_1_168' title='bbox 2616 2132 2651 2186; x_wconf 74' lang='grc' dir='ltr'>ὅ</span> <span class='ocrx_word' id='word_1_169' title='bbox 2672 2131 2814 2201; x_wconf 91' lang='lat' dir='ltr'><strong>apud</strong></span> <span class='ocrx_word' id='word_1_170' title='bbox 2849 2129 3096 2193; x_wconf 87' lang='lat' dir='ltr'><strong>Surium,</strong></span> <span class='ocrx_word' id='word_1_171' title='bbox 3131 2129 3351 2186; x_wconf 90' lang='lat' dir='ltr'><strong>disertis</strong></span> <span class='ocrx_word' id='word_1_172' title='bbox 3376 2130 3560 2186; x_wconf 81' lang='lat' dir='ltr'><strong>verbis</strong></span> <span class='ocrx_word' id='word_1_173' title='bbox 3583 2131 3670 2185; x_wconf 77' lang='lat' dir='ltr'><strong>&#39;ita</strong></span> 
     </span>
    </p>
   </div>
   <div class='ocr_carea' id='block_1_15' title="bbox 409 2221 3671 2294">
    <p class='ocr_par' dir='ltr' id='par_1_15' title="bbox 409 2221 3671 2294">
     <span class='ocr_line' id='line_1_15' title="bbox 409 2221 3671 2294; baseline -0.001 -14"><span class='ocrx_word' id='word_1_174' title='bbox 409 2233 602 2281; x_wconf 84' lang='lat' dir='ltr'><strong>narrat</strong></span> <span class='ocrx_word' id='word_1_175' title='bbox 630 2243 646 2278; x_wconf 86' lang='lat'><strong>:</strong></span> <span class='ocrx_word' id='word_1_176' title='bbox 675 2223 758 2278; x_wconf 70' lang='lat' dir='ltr'><strong>Ad</strong></span> <span class='ocrx_word' id='word_1_177' title='bbox 778 2225 941 2292; x_wconf 74' lang='lat' dir='ltr'><strong>ipsius</strong></span> <span class='ocrx_word' id='word_1_178' title='bbox 973 2223 1097 2278; x_wconf 82' lang='lat' dir='ltr'><strong>tecti</strong></span> <span class='ocrx_word' id='word_1_179' title='bbox 1131 2221 1406 2293; x_wconf 77' lang='lat' dir='ltr'><strong>fastigium</strong></span> <span class='ocrx_word' id='word_1_180' title='bbox 1436 2225 1702 2286; x_wconf 82' lang='lat' dir='ltr'><strong>cucurrit;</strong></span> <span class='ocrx_word' id='word_1_181' title='bbox 1734 2231 1784 2276; x_wconf 85' lang='lat' dir='ltr'><strong>et</strong></span> <span class='ocrx_word' id='word_1_182' title='bbox 1824 2222 1974 2278; x_wconf 83' lang='lat' dir='ltr'><strong>illinc</strong></span> <span class='ocrx_word' id='word_1_183' title='bbox 2005 2224 2231 2292; x_wconf 86' lang='lat' dir='ltr'><strong>seipsam</strong></span> <span class='ocrx_word' id='word_1_184' title='bbox 2261 2223 2581 2294; x_wconf 63' lang='lat' dir='ltr'><strong>praecipitem</strong></span> <span class='ocrx_word' id='word_1_185' title='bbox 2614 2224 2777 2279; x_wconf 83' lang='lat' dir='ltr'><strong>dedit.</strong></span> <span class='ocrx_word' id='word_1_186' title='bbox 2819 2221 3078 2292; x_wconf 87' lang='lat' dir='ltr'><strong>Idemque</strong></span> <span class='ocrx_word' id='word_1_187' title='bbox 3132 2223 3200 2278; x_wconf 90' lang='lat' dir='ltr'><strong>de</strong></span> <span class='ocrx_word' id='word_1_188' title='bbox 3237 2237 3300 2279; x_wconf 87' lang='lat' dir='ltr'><strong>ea</strong></span> <span class='ocrx_word' id='word_1_189' title='bbox 3339 2222 3580 2279; x_wconf 80' lang='lat' dir='ltr'><strong>refertur</strong></span> <span class='ocrx_word' id='word_1_190' title='bbox 3605 2223 3671 2278; x_wconf 79' lang='lat' dir='ltr'><strong>in</strong></span> 
     </span>
    </p>
   </div>
   <div class='ocr_carea' id='block_1_16' title="bbox 407 2301 3672 2388">
    <p class='ocr_par' dir='ltr' id='par_1_16' title="bbox 407 2301 3672 2388">
     <span class='ocr_line' id='line_1_16' title="bbox 407 2301 3672 2388; baseline -0.001 -18"><span class='ocrx_word' id='word_1_191' title='bbox 407 2315 808 2372; x_wconf 81' lang='lat' dir='ltr'><strong>Actis-Luciani</strong></span> <span class='ocrx_word' id='word_1_192' title='bbox 832 2327 862 2370; x_wconf 91' lang='lat' dir='ltr'><strong>a</strong></span> <span class='ocrx_word' id='word_1_193' title='bbox 881 2301 1092 2371; x_wconf 81' lang='lat' dir='ltr'><strong>Joanne</strong></span> <span class='ocrx_word' id='word_1_194' title='bbox 1116 2313 1518 2371; x_wconf 85' lang='lat' dir='ltr'><strong>Nicomediensi</strong></span> <span class='ocrx_word' id='word_1_195' title='bbox 1555 2315 1881 2387; x_wconf 86' lang='lat' dir='ltr'><strong>conscriptis</strong></span> <span class='ocrx_word' id='word_1_196' title='bbox 1903 2316 2047 2387; x_wconf 87' lang='lat' dir='ltr'><strong>apud</strong></span> <span class='ocrx_word' id='word_1_197' title='bbox 2078 2316 2296 2372; x_wconf 87' lang='lat' dir='ltr'><strong>Surium</strong></span> <span class='ocrx_word' id='word_1_198' title='bbox 2328 2325 2461 2373; x_wconf 89' lang='lat' dir='ltr'><strong>tom.</strong></span> <span class='ocrx_word' id='word_1_199' title='bbox 2487 2317 2538 2372; x_wconf 84' lang='lat' dir='ltr'><strong>l.</strong></span> <span class='ocrx_word' id='word_1_200' title='bbox 2566 2316 2746 2388; x_wconf 83' lang='lat' dir='ltr'><strong>Atque</strong></span> <span class='ocrx_word' id='word_1_201' title='bbox 2770 2315 2876 2370; x_wconf 87' lang='lat' dir='ltr'><strong>hoc</strong></span> <span class='ocrx_word' id='word_1_202' title='bbox 2901 2323 3064 2386; x_wconf 87' lang='lat' dir='ltr'><strong>pacto</strong></span> <span class='ocrx_word' id='word_1_203' title='bbox 3093 2315 3265 2370; x_wconf 84' lang='lat' dir='ltr'><strong>videri</strong></span> <span class='ocrx_word' id='word_1_204' title='bbox 3297 2321 3480 2385; x_wconf 86' lang='lat' dir='ltr'><strong>potest</strong></span> <span class='ocrx_word' id='word_1_205' title='bbox 3510 2315 3672 2368; x_wconf 82' lang='lat' dir='ltr'><strong>intel-</strong></span> 
     </span>
    </p>
   </div>
   <div class='ocr_carea' id='block_1_17' title="bbox 407 2394 3670 2487">
    <p class='ocr_par' dir='ltr' id='par_1_17' title="bbox 407 2394 3670 2487">
     <span class='ocr_line' id='line_1_17' title="bbox 407 2394 3670 2487; baseline -0.001 -20"><span class='ocrx_word' id='word_1_206' title='bbox 407 2412 613 2469; x_wconf 75' lang='lat' dir='ltr'><strong>lexisse</strong></span> <span class='ocrx_word' id='word_1_207' title='bbox 634 2412 959 2468; x_wconf 68' lang='lat' dir='ltr'><strong>Ambrosius</strong></span> <span class='ocrx_word' id='word_1_208' title='bbox 985 2411 1261 2483; x_wconf 80' lang='lat' dir='ltr'><strong>Pelagiam</strong></span> <span class='ocrx_word' id='word_1_209' title='bbox 1291 2419 1494 2468; x_wconf 84' lang='lat' dir='ltr'><strong>sartam</strong></span> <span class='ocrx_word' id='word_1_210' title='bbox 1517 2421 1720 2469; x_wconf 85' lang='lat' dir='ltr'><strong>tectam</strong></span> <span class='ocrx_word' id='word_1_211' title='bbox 1763 2427 2121 2472; x_wconf 86' lang='lat' dir='ltr'><strong>conservasse</strong></span> <span class='ocrx_word' id='word_1_212' title='bbox 2175 2415 2565 2487; x_wconf 79' lang='lat' dir='ltr'><strong>virginitatem,</strong></span> <span class='ocrx_word' id='word_1_213' title='bbox 2593 2429 2718 2470; x_wconf 85' lang='lat' dir='ltr'><strong>cum</strong></span> <span class='ocrx_word' id='word_1_214' title='bbox 2747 2429 2777 2470; x_wconf 94' lang='lat' dir='ltr'><strong>e</strong></span> <span class='ocrx_word' id='word_1_215' title='bbox 2809 2421 2952 2470; x_wconf 89' lang='lat' dir='ltr'><strong>tecto</strong></span> <span class='ocrx_word' id='word_1_216' title='bbox 2975 2427 3034 2469; x_wconf 90' lang='lat' dir='ltr'><strong>se</strong></span> <span class='ocrx_word' id='word_1_217' title='bbox 3059 2413 3373 2470; x_wconf 88' lang='lat' dir='ltr'><strong>demisisset</strong></span> <span class='ocrx_word' id='word_1_218' title='bbox 3397 2428 3411 2465; x_wconf 88' lang='lat'><strong>:</strong></span> <span class='ocrx_word' id='word_1_219' title='bbox 3448 2420 3504 2468; x_wconf 87' lang='lat' dir='ltr'><strong>et</strong></span> <span class='ocrx_word' id='word_1_220' title='bbox 3550 2394 3670 2466; x_wconf 70' lang='lat' dir='ltr'><strong>ﬁeri</strong></span> 
     </span>
    </p>
   </div>
   <div class='ocr_carea' id='block_1_18' title="bbox 405 2505 3671 2579">
    <p class='ocr_par' dir='ltr' id='par_1_18' title="bbox 405 2505 3671 2579">
     <span class='ocr_line' id='line_1_18' title="bbox 405 2505 3671 2579; baseline -0.001 -17"><span class='ocrx_word' id='word_1_221' title='bbox 405 2514 589 2578; x_wconf 84' lang='lat' dir='ltr'><strong>potest</strong></span> <span class='ocrx_word' id='word_1_222' title='bbox 623 2515 688 2561; x_wconf 74' lang='lat' dir='ltr'><strong>ut</strong></span> <span class='ocrx_word' id='word_1_223' title='bbox 716 2521 934 2562; x_wconf 89' lang='lat' dir='ltr'><strong>sorores</strong></span> <span class='ocrx_word' id='word_1_224' title='bbox 966 2507 1086 2577; x_wconf 88' lang='lat' dir='ltr'><strong>ejus</strong></span> <span class='ocrx_word' id='word_1_225' title='bbox 1117 2517 1226 2560; x_wconf 91' lang='lat' dir='ltr'><strong>non</strong></span> <span class='ocrx_word' id='word_1_226' title='bbox 1264 2506 1382 2561; x_wconf 68' lang='lat' dir='ltr'><strong>alia:</strong></span> <span class='ocrx_word' id='word_1_227' title='bbox 1407 2505 1632 2572; x_wconf 80' lang='lat' dir='ltr'><strong>fuerint,</strong></span> <span class='ocrx_word' id='word_1_228' title='bbox 1659 2523 1823 2578; x_wconf 85' lang='lat' dir='ltr'><strong>quam</strong></span> <span class='ocrx_word' id='word_1_229' title='bbox 1851 2506 2082 2563; x_wconf 88' lang='lat' dir='ltr'><strong>Bernice</strong></span> <span class='ocrx_word' id='word_1_230' title='bbox 2107 2516 2161 2563; x_wconf 89' lang='lat' dir='ltr'><strong>et</strong></span> <span class='ocrx_word' id='word_1_231' title='bbox 2182 2507 2478 2573; x_wconf 80' lang='lat' dir='ltr'><strong>Prosdoce,</strong></span> <span class='ocrx_word' id='word_1_232' title='bbox 2516 2522 2746 2579; x_wconf 90' lang='lat' dir='ltr'><strong>quarum</strong></span> <span class='ocrx_word' id='word_1_233' title='bbox 2775 2507 3008 2562; x_wconf 73' lang='lat' dir='ltr'><strong>simiiem</strong></span> <span class='ocrx_word' id='word_1_234' title='bbox 3039 2507 3246 2561; x_wconf 81' lang='lat' dir='ltr'><strong>exitum</strong></span> <span class='ocrx_word' id='word_1_235' title='bbox 3276 2506 3500 2577; x_wconf 75' lang='lat' dir='ltr'><strong>exponit</strong></span> <span class='ocrx_word' id='word_1_236' title='bbox 3523 2505 3671 2562; x_wconf 85' lang='lat' dir='ltr'><strong>idem</strong></span> 
     </span>
    </p>
   </div>
   <div class='ocr_carea' id='block_1_19' title="bbox 407 2591 3670 2670">
    <p class='ocr_par' dir='ltr' id='par_1_19' title="bbox 407 2591 3670 2670">
     <span class='ocr_line' id='line_1_19' title="bbox 407 2591 3670 2670; baseline -0 -16"><span class='ocrx_word' id='word_1_237' title='bbox 407 2599 837 2670; x_wconf 85' lang='lat' dir='ltr'><strong>Chrysostomus</strong></span> <span class='ocrx_word' id='word_1_238' title='bbox 865 2597 1028 2652; x_wconf 81' lang='lat' dir='ltr'><strong>infra.</strong></span> <span class='ocrx_word' id='word_1_239' title='bbox 1066 2596 1202 2652; x_wconf 85' lang='lat' dir='ltr'><strong>Nam</strong></span> <span class='ocrx_word' id='word_1_240' title='bbox 1222 2605 1287 2652; x_wconf 83' lang='lat' dir='ltr'><strong>‘et</strong></span> <span class='ocrx_word' id='word_1_241' title='bbox 1311 2597 1366 2652; x_wconf 93' lang='lat' dir='ltr'><strong>in</strong></span> <span class='ocrx_word' id='word_1_242' title='bbox 1394 2596 1779 2670; x_wconf 81' lang='lat' dir='ltr'><strong>Martyrologio</strong></span> <span class='ocrx_word' id='word_1_243' title='bbox 1803 2596 1967 2654; x_wconf 83' lang='lat' dir='ltr'><strong>Rom.</strong></span> <span class='ocrx_word' id='word_1_244' title='bbox 2002 2599 2068 2653; x_wconf 83' lang='lat' dir='ltr'><strong>l9</strong></span> <span class='ocrx_word' id='word_1_245' title='bbox 2115 2595 2367 2654; x_wconf 85' lang='lat' dir='ltr'><strong>Octobris</strong></span> <span class='ocrx_word' id='word_1_246' title='bbox 2394 2600 2542 2670; x_wconf 91' lang='lat' dir='ltr'><strong>passi</strong></span> <span class='ocrx_word' id='word_1_247' title='bbox 2565 2599 2822 2654; x_wconf 87' lang='lat' dir='ltr'><strong>dicuntur</strong></span> <span class='ocrx_word' id='word_1_248' title='bbox 2859 2591 3186 2661; x_wconf 77' lang='lat' dir='ltr'><strong>Beronices,</strong></span> <span class='ocrx_word' id='word_1_249' title='bbox 3210 2597 3431 2668; x_wconf 82' lang='lat' dir='ltr'><strong>Pelagia</strong></span> <span class='ocrx_word' id='word_1_250' title='bbox 3488 2607 3542 2653; x_wconf 90' lang='lat' dir='ltr'><strong>et</strong></span> <span class='ocrx_word' id='word_1_251' title='bbox 3577 2599 3670 2653; x_wconf 86' lang='lat' dir='ltr'><strong>alii</strong></span> 
     </span>
    </p>
   </div>
   <div class='ocr_carea' id='block_1_20' title="bbox 406 2687 3669 2762">
    <p class='ocr_par' dir='ltr' id='par_1_20' title="bbox 406 2687 3669 2762">
     <span class='ocr_line' id='line_1_20' title="bbox 406 2687 3669 2762; baseline -0.001 -14"><span class='ocrx_word' id='word_1_252' title='bbox 406 2700 678 2762; x_wconf 85' lang='lat' dir='ltr'><strong>martyres</strong></span> <span class='ocrx_word' id='word_1_253' title='bbox 699 2689 1019 2755; x_wconf 80' lang='lat' dir='ltr'><strong>Antiochiae,</strong></span> <span class='ocrx_word' id='word_1_254' title='bbox 1047 2689 1142 2744; x_wconf 87' lang='lat' dir='ltr'><strong>sed</strong></span> <span class='ocrx_word' id='word_1_255' title='bbox 1165 2687 1362 2744; x_wconf 87' lang='lat' dir='ltr'><strong>ibidem</strong></span> <span class='ocrx_word' id='word_1_256' title='bbox 1387 2688 1608 2744; x_wconf 87' lang='lat' dir='ltr'><strong>alterius</strong></span> <span class='ocrx_word' id='word_1_257' title='bbox 1638 2687 1869 2758; x_wconf 68' lang='lat' dir='ltr'><strong>Pelagia:</strong></span> <span class='ocrx_word' id='word_1_258' title='bbox 1901 2689 2219 2758; x_wconf 80' lang='lat' dir='ltr'><strong>paenitentis</strong></span> <span class='ocrx_word' id='word_1_259' title='bbox 2255 2689 2454 2746; x_wconf 87' lang='lat' dir='ltr'><strong>festum</strong></span> <span class='ocrx_word' id='word_1_260' title='bbox 2499 2689 2779 2745; x_wconf 80' lang='lat' dir='ltr'><strong>confertur</strong></span> <span class='ocrx_word' id='word_1_261' title='bbox 2831 2689 2886 2744; x_wconf 89' lang='lat' dir='ltr'><strong>in</strong></span> <span class='ocrx_word' id='word_1_262' title='bbox 2917 2697 3171 2743; x_wconf 90' lang='lat' dir='ltr'><strong>octavum</strong></span> <span class='ocrx_word' id='word_1_263' title='bbox 3203 2689 3348 2744; x_wconf 90' lang='lat' dir='ltr'><strong>diem</strong></span> <span class='ocrx_word' id='word_1_264' title='bbox 3396 2689 3669 2756; x_wconf 86' lang='lat' dir='ltr'><strong>Octobris,</strong></span> 
     </span>
    </p>
   </div>
   <div class='ocr_carea' id='block_1_21' title="bbox 409 2780 3674 2858">
    <p class='ocr_par' dir='ltr' id='par_1_21' title="bbox 409 2780 3674 2858">
     <span class='ocr_line' id='line_1_21' title="bbox 409 2780 3674 2858; baseline -0 -19"><span class='ocrx_word' id='word_1_265' title='bbox 409 2783 499 2839; x_wconf 78' lang='lat' dir='ltr'><strong>cui</strong></span> <span class='ocrx_word' id='word_1_266' title='bbox 528 2784 700 2854; x_wconf 91' lang='lat' dir='ltr'><strong>patria</strong></span> <span class='ocrx_word' id='word_1_267' title='bbox 734 2784 861 2839; x_wconf 90' lang='lat' dir='ltr'><strong>item</strong></span> <span class='ocrx_word' id='word_1_268' title='bbox 886 2783 993 2839; x_wconf 80' lang='lat' dir='ltr'><strong>fuit</strong></span> <span class='ocrx_word' id='word_1_269' title='bbox 1017 2783 1327 2852; x_wconf 83' lang='lat' dir='ltr'><strong>Antiochia,</strong></span> <span class='ocrx_word' id='word_1_270' title='bbox 1362 2785 1458 2840; x_wconf 90' lang='lat' dir='ltr'><strong>sed</strong></span> <span class='ocrx_word' id='word_1_271' title='bbox 1487 2785 1622 2840; x_wconf 91' lang='lat' dir='ltr'><strong>obiit</strong></span> <span class='ocrx_word' id='word_1_272' title='bbox 1648 2783 2005 2858; x_wconf 77' lang='lat' dir='ltr'><strong>Jerosolymis</strong></span> <span class='ocrx_word' id='word_1_273' title='bbox 2057 2786 2393 2856; x_wconf 86' lang='lat' dir='ltr'><strong>temporibus</strong></span> <span class='ocrx_word' id='word_1_274' title='bbox 2437 2785 2728 2841; x_wconf 85' lang='lat' dir='ltr'><strong>Theodosii</strong></span> <span class='ocrx_word' id='word_1_275' title='bbox 2757 2786 3014 2856; x_wconf 80' lang='lat' dir='ltr'><strong>j&#39;unioris,</strong></span> <span class='ocrx_word' id='word_1_276' title='bbox 3033 2787 3266 2858; x_wconf 78' lang='lat' dir='ltr'><strong>ejusque</strong></span> <span class='ocrx_word' id='word_1_277' title='bbox 3295 2784 3548 2840; x_wconf 90' lang='lat' dir='ltr'><strong>meminit</strong></span> <span class='ocrx_word' id='word_1_278' title='bbox 3568 2780 3674 2839; x_wconf 82' lang='lat' dir='ltr'><strong>Ni-</strong></span> 
     </span>
    </p>
   </div>
   <div class='ocr_carea' id='block_1_22' title="bbox 408 2873 1152 2946">
    <p class='ocr_par' dir='ltr' id='par_1_22' title="bbox 408 2873 1152 2946">
     <span class='ocr_line' id='line_1_22' title="bbox 408 2873 1152 2946; baseline -0.003 -16"><span class='ocrx_word' id='word_1_279' title='bbox 408 2875 684 2946; x_wconf 90' lang='lat' dir='ltr'><strong>cephorus</strong></span> <span class='ocrx_word' id='word_1_280' title='bbox 713 2875 808 2930; x_wconf 92' lang='lat' dir='ltr'><strong>li-b.</strong></span> <span class='ocrx_word' id='word_1_281' title='bbox 840 2875 894 2942; x_wconf 73' lang='grc' dir='ltr'><strong>ιι,</strong></span> <span class='ocrx_word' id='word_1_282' title='bbox 932 2891 982 2932; x_wconf 92' lang='lat' dir='ltr'><strong>c.</strong></span> <span class='ocrx_word' id='word_1_283' title='bbox 1006 2873 1098 2930; x_wconf 64' lang='lat'><strong>£0.</strong></span> <span class='ocrx_word' id='word_1_284' title='bbox 1132 2895 1152 2928; x_wconf 73' lang='grc' dir='ltr'><strong>ι</strong></span> 
     </span>
    </p>
   </div>
   <div class='ocr_carea' id='block_1_23' title="bbox 483 2963 3661 3043">
    <p class='ocr_par' dir='ltr' id='par_1_23' title="bbox 483 2963 3661 3043">
     <span class='ocr_line' id='line_1_23' title="bbox 483 2963 3661 3043; baseline 0.003 -25"><span class='ocrx_word' id='word_1_285' title='bbox 483 2965 559 3020; x_wconf 91' lang='lat' dir='ltr'><strong>De</strong></span> <span class='ocrx_word' id='word_1_286' title='bbox 588 2974 832 3040; x_wconf 78' lang='lat' dir='ltr'><strong>tempore</strong></span> <span class='ocrx_word' id='word_1_287' title='bbox 851 2966 1102 3038; x_wconf 81' lang='lat' dir='ltr'><strong>martyrii</strong></span> <span class='ocrx_word' id='word_1_288' title='bbox 1138 2963 1197 3021; x_wconf 87' lang='lat' dir='ltr'><strong>S.</strong></span> <span class='ocrx_word' id='word_1_289' title='bbox 1227 2965 1458 3038; x_wconf 78' lang='lat' dir='ltr'><strong>Pelagiae</strong></span> <span class='ocrx_word' id='word_1_290' title='bbox 1491 2980 1600 3022; x_wconf 91' lang='lat' dir='ltr'><strong>non</strong></span> <span class='ocrx_word' id='word_1_291' title='bbox 1634 2977 1848 3024; x_wconf 84' lang='lat' dir='ltr'><strong>constat</strong></span> <span class='ocrx_word' id='word_1_292' title='bbox 1897 2989 1909 3023; x_wconf 88' lang='lat'><strong>:</strong></span> <span class='ocrx_word' id='word_1_293' title='bbox 1953 2969 2045 3024; x_wconf 88' lang='lat' dir='ltr'><strong>alii</strong></span> <span class='ocrx_word' id='word_1_294' title='bbox 2079 2970 2180 3025; x_wconf 86' lang='lat' dir='ltr'><strong>sub</strong></span> <span class='ocrx_word' id='word_1_295' title='bbox 2208 2968 2569 3034; x_wconf 83' lang='lat' dir='ltr'><strong>Diocletiano,</strong></span> <span class='ocrx_word' id='word_1_296' title='bbox 2606 2969 2708 3025; x_wconf 85' lang='lat' dir='ltr'><strong>sub</strong></span> <span class='ocrx_word' id='word_1_297' title='bbox 2732 2969 3031 3027; x_wconf 80' lang='lat' dir='ltr'><strong>Maximino</strong></span> <span class='ocrx_word' id='word_1_298' title='bbox 3063 2973 3155 3026; x_wconf 83' lang='lat' dir='ltr'><strong>alii</strong></span> <span class='ocrx_word' id='word_1_299' title='bbox 3195 2985 3416 3043; x_wconf 88' lang='lat' dir='ltr'><strong>passam</strong></span> <span class='ocrx_word' id='word_1_300' title='bbox 3443 2973 3661 3029; x_wconf 83' lang='lat' dir='ltr'><strong>‘volunt.</strong></span> 
     </span>
    </p>
   </div>
   <div class='ocr_carea' id='block_1_24' title="bbox 411 3054 2914 3134">
    <p class='ocr_par' dir='ltr' id='par_1_24' title="bbox 411 3054 2914 3134">
     <span class='ocr_line' id='line_1_24' title="bbox 411 3054 2914 3134; baseline 0.004 -23"><span class='ocrx_word' id='word_1_301' title='bbox 411 3054 548 3112; x_wconf 76' lang='lat' dir='ltr'><strong>Vide</strong></span> <span class='ocrx_word' id='word_1_302' title='bbox 569 3072 691 3128; x_wconf 71' lang='lat' dir='ltr'><strong>quae</strong></span> <span class='ocrx_word' id='word_1_303' title='bbox 723 3058 824 3114; x_wconf 89' lang='lat' dir='ltr'><strong>hac</strong></span> <span class='ocrx_word' id='word_1_304' title='bbox 853 3060 920 3115; x_wconf 92' lang='lat' dir='ltr'><strong>de</strong></span> <span class='ocrx_word' id='word_1_305' title='bbox 946 3075 1004 3114; x_wconf 91' lang='lat' dir='ltr'><strong>re</strong></span> <span class='ocrx_word' id='word_1_306' title='bbox 1036 3060 1291 3115; x_wconf 87' lang='lat' dir='ltr'><strong>dicantur</strong></span> <span class='ocrx_word' id='word_1_307' title='bbox 1319 3075 1352 3114; x_wconf 91' lang='lat' dir='ltr'><strong>a</strong></span> <span class='ocrx_word' id='word_1_308' title='bbox 1375 3061 1622 3118; x_wconf 85' lang='lat' dir='ltr'><strong>Bollandi</strong></span> <span class='ocrx_word' id='word_1_309' title='bbox 1649 3065 2124 3121; x_wconf 86' lang='lat' dir='ltr'><strong>continuatoribus</strong></span> <span class='ocrx_word' id='word_1_310' title='bbox 2156 3065 2224 3120; x_wconf 91' lang='lat' dir='ltr'><strong>ad</strong></span> <span class='ocrx_word' id='word_1_311' title='bbox 2261 3066 2403 3120; x_wconf 91' lang='lat' dir='ltr'><strong>diem</strong></span> <span class='ocrx_word' id='word_1_312' title='bbox 2433 3066 2466 3120; x_wconf 83' lang='lat'><strong>9</strong></span> <span class='ocrx_word' id='word_1_313' title='bbox 2491 3064 2660 3128; x_wconf 86' lang='lat' dir='ltr'><strong>Junii,</strong></span> <span class='ocrx_word' id='word_1_314' title='bbox 2703 3080 2756 3134; x_wconf 93' lang='lat' dir='ltr'><strong>p.</strong></span> <span class='ocrx_word' id='word_1_315' title='bbox 2786 3059 2914 3120; x_wconf 65' lang='grc'><strong>159.</strong></span> 
     </span>
    </p>
   </div>
   <div class='ocr_carea' id='block_1_25' title="bbox 481 3145 3668 3225">
    <p class='ocr_par' dir='ltr' id='par_1_25' title="bbox 481 3145 3668 3225">
     <span class='ocr_line' id='line_1_25' title="bbox 481 3145 3668 3225; baseline 0.003 -24"><span class='ocrx_word' id='word_1_316' title='bbox 481 3145 676 3203; x_wconf 81' lang='lat' dir='ltr'><strong>Incerti</strong></span> <span class='ocrx_word' id='word_1_317' title='bbox 699 3149 983 3219; x_wconf 88' lang='lat' dir='ltr'><strong>cujusdam</strong></span> <span class='ocrx_word' id='word_1_318' title='bbox 1009 3150 1530 3220; x_wconf 70' lang='lat' dir='ltr'><strong>interpretationem,</strong></span> <span class='ocrx_word' id='word_1_319' title='bbox 1562 3161 1748 3225; x_wconf 81' lang='lat' dir='ltr'><strong>utpote</strong></span> <span class='ocrx_word' id='word_1_320' title='bbox 1779 3169 1880 3210; x_wconf 90' lang='lat' dir='ltr'><strong>nec</strong></span> <span class='ocrx_word' id='word_1_321' title='bbox 1929 3164 2267 3221; x_wconf 91' lang='lat' dir='ltr'><strong>accuratam,</strong></span> <span class='ocrx_word' id='word_1_322' title='bbox 2301 3167 2403 3211; x_wconf 83' lang='lat' dir='ltr'><strong>nec</strong></span> <span class='ocrx_word' id='word_1_323' title='bbox 2430 3155 2497 3210; x_wconf 90' lang='lat' dir='ltr'><strong>ad</strong></span> <span class='ocrx_word' id='word_1_324' title='bbox 2517 3154 2728 3211; x_wconf 73' lang='lat' dir='ltr'><strong>Graeca:</strong></span> <span class='ocrx_word' id='word_1_325' title='bbox 2750 3156 3020 3211; x_wconf 81' lang='lat' dir='ltr'><strong>orat‘io&#39;nis</strong></span> <span class='ocrx_word' id='word_1_326' title='bbox 3051 3155 3214 3212; x_wconf 83' lang='lat' dir='ltr'><strong>ﬁdem</strong></span> <span class='ocrx_word' id='word_1_327' title='bbox 3262 3154 3668 3224; x_wconf 80' lang='lat' dir='ltr'><strong>concinnatam,</strong></span> 
     </span>
    </p>
   </div>
   <div class='ocr_carea' id='block_1_26' title="bbox 405 3240 1414 3316">
    <p class='ocr_par' dir='ltr' id='par_1_26' title="bbox 405 3240 1414 3316">
     <span class='ocr_line' id='line_1_26' title="bbox 405 3240 1414 3316; baseline 0.007 -24"><span class='ocrx_word' id='word_1_328' title='bbox 405 3240 722 3309; x_wconf 82' lang='lat' dir='ltr'><strong>respnimus</strong></span> <span class='ocrx_word' id='word_1_329' title='bbox 753 3259 1058 3315; x_wconf 85' lang='lat' dir='ltr'><strong>novamque</strong></span> <span class='ocrx_word' id='word_1_330' title='bbox 1073 3247 1414 3316; x_wconf 82' lang='lat' dir='ltr'><strong>paravimus.</strong></span> 
     </span>
    </p>
   </div>
   <div class='ocr_carea' id='block_1_27' title="bbox 482 3331 3670 3412">
    <p class='ocr_par' dir='ltr' id='par_1_27' title="bbox 482 3331 3670 3412">
     <span class='ocr_line' id='line_1_27' title="bbox 482 3331 3670 3412; baseline 0.001 -23"><span class='ocrx_word' id='word_1_331' title='bbox 482 3331 786 3390; x_wconf 88' lang='lat' dir='ltr'><strong>Secundam</strong></span> <span class='ocrx_word' id='word_1_332' title='bbox 804 3349 1040 3407; x_wconf 78' lang='lat' dir='ltr'><strong>eamque</strong></span> <span class='ocrx_word' id='word_1_333' title='bbox 1064 3335 1374 3394; x_wconf 85' lang='lat' dir='ltr'><strong>breviorem</strong></span> <span class='ocrx_word' id='word_1_334' title='bbox 1403 3338 1687 3394; x_wconf 88' lang='lat' dir='ltr'><strong>homiliam</strong></span> <span class='ocrx_word' id='word_1_335' title='bbox 1727 3341 1784 3395; x_wconf 88' lang='lat' dir='ltr'><strong>in</strong></span> <span class='ocrx_word' id='word_1_336' title='bbox 1827 3339 1886 3396; x_wconf 92' lang='lat' dir='ltr'><strong>S.</strong></span> <span class='ocrx_word' id='word_1_337' title='bbox 1923 3339 2197 3411; x_wconf 77' lang='lat' dir='ltr'><strong>Pelagiam</strong></span> <span class='ocrx_word' id='word_1_338' title='bbox 2225 3354 2290 3396; x_wconf 81' lang='lat' dir='ltr'><strong>ex</strong></span> <span class='ocrx_word' id='word_1_339' title='bbox 2315 3340 2702 3411; x_wconf 84' lang='lat' dir='ltr'><strong>Metaphraste,</strong></span> <span class='ocrx_word' id='word_1_340' title='bbox 2733 3350 2794 3395; x_wconf 93' lang='lat' dir='ltr'><strong>ut</strong></span> <span class='ocrx_word' id='word_1_341' title='bbox 2823 3341 2964 3412; x_wconf 82' lang='lat' dir='ltr'><strong>apud</strong></span> <span class='ocrx_word' id='word_1_342' title='bbox 2992 3339 3213 3394; x_wconf 82' lang='lat' dir='ltr'><strong>Su‘rlum</strong></span> <span class='ocrx_word' id='word_1_343' title='bbox 3256 3339 3424 3395; x_wconf 76' lang='lat' dir='ltr'><strong>latine</strong></span> <span class='ocrx_word' id='word_1_344' title='bbox 3449 3338 3670 3409; x_wconf 79' lang='lat' dir='ltr'><strong>legitur,</strong></span> 
     </span>
    </p>
   </div>
   <div class='ocr_carea' id='block_1_28' title="bbox 407 3425 3676 3506">
    <p class='ocr_par' dir='ltr' id='par_1_28' title="bbox 407 3425 3676 3506">
     <span class='ocr_line' id='line_1_28' title="bbox 407 3425 3676 3506; baseline 0.002 -25"><span class='ocrx_word' id='word_1_345' title='bbox 407 3427 774 3498; x_wconf 89' lang='lat' dir='ltr'><strong>desumptam,</strong></span> <span class='ocrx_word' id='word_1_346' title='bbox 802 3429 992 3486; x_wconf 78' lang='lat' dir='ltr'><strong>Graeco</strong></span> <span class='ocrx_word' id='word_1_347' title='bbox 1013 3431 1318 3498; x_wconf 82' lang='lat' dir='ltr'><strong>deﬁciente,</strong></span> <span class='ocrx_word' id='word_1_348' title='bbox 1346 3433 1750 3504; x_wconf 84' lang='lat' dir='ltr'><strong>subjungimus.</strong></span> <span class='ocrx_word' id='word_1_349' title='bbox 1795 3433 1871 3488; x_wconf 90' lang='lat' dir='ltr'><strong>Ea</strong></span> <span class='ocrx_word' id='word_1_350' title='bbox 1909 3433 2288 3506; x_wconf 82' lang='lat' dir='ltr'><strong>Chrysostomi</strong></span> <span class='ocrx_word' id='word_1_351' title='bbox 2335 3449 2532 3490; x_wconf 91' lang='lat' dir='ltr'><strong>nomen</strong></span> <span class='ocrx_word' id='word_1_352' title='bbox 2565 3434 2806 3505; x_wconf 74' lang='lat' dir='ltr'><strong>praefert,</strong></span> <span class='ocrx_word' id='word_1_353' title='bbox 2841 3447 2942 3490; x_wconf 88' lang='lat' dir='ltr'><strong>nec</strong></span> <span class='ocrx_word' id='word_1_354' title='bbox 2975 3434 3178 3505; x_wconf 89' lang='lat' dir='ltr'><strong>injuria</strong></span> <span class='ocrx_word' id='word_1_355' title='bbox 3223 3442 3284 3488; x_wconf 81' lang='lat' dir='ltr'><strong>nt</strong></span> <span class='ocrx_word' id='word_1_356' title='bbox 3315 3432 3548 3487; x_wconf 83' lang='lat' dir='ltr'><strong>videtur.</strong></span> <span class='ocrx_word' id='word_1_357' title='bbox 3605 3425 3676 3486; x_wconf 79' lang='grc' dir='ltr'><strong>τη</strong></span> 
     </span>
    </p>
   </div>
   <div class='ocr_carea' id='block_1_29' title="bbox 407 3521 3668 3603">
    <p class='ocr_par' dir='ltr' id='par_1_29' title="bbox 407 3521 3668 3603">
     <span class='ocr_line' id='line_1_29' title="bbox 407 3521 3668 3603; baseline 0.001 -28"><span class='ocrx_word' id='word_1_358' title='bbox 407 3521 562 3578; x_wconf 77' lang='lat' dir='ltr'><strong>nullo</strong></span> <span class='ocrx_word' id='word_1_359' title='bbox 580 3522 727 3577; x_wconf 90' lang='lat' dir='ltr'><strong>enim</strong></span> <span class='ocrx_word' id='word_1_360' title='bbox 760 3539 790 3578; x_wconf 90' lang='lat' dir='ltr'><strong>a</strong></span> <span class='ocrx_word' id='word_1_361' title='bbox 814 3525 1192 3596; x_wconf 81' lang='lat' dir='ltr'><strong>Chrysostomi</strong></span> <span class='ocrx_word' id='word_1_362' title='bbox 1225 3529 1366 3599; x_wconf 85' lang='lat' dir='ltr'><strong>stylo</strong></span> <span class='ocrx_word' id='word_1_363' title='bbox 1395 3529 1872 3601; x_wconf 87' lang='lat' dir='ltr'><strong>concionandique</strong></span> <span class='ocrx_word' id='word_1_364' title='bbox 1920 3531 2028 3586; x_wconf 88' lang='lat' dir='ltr'><strong>ritu</strong></span> <span class='ocrx_word' id='word_1_365' title='bbox 2054 3532 2330 3587; x_wconf 88' lang='lat' dir='ltr'><strong>abhorret.</strong></span> <span class='ocrx_word' id='word_1_366' title='bbox 2378 3531 2435 3587; x_wconf 88' lang='lat' dir='ltr'><strong>Id</strong></span> <span class='ocrx_word' id='word_1_367' title='bbox 2471 3535 2604 3587; x_wconf 83' lang='lat' dir='ltr'><strong>vero</strong></span> <span class='ocrx_word' id='word_1_368' title='bbox 2640 3532 2816 3588; x_wconf 89' lang='lat' dir='ltr'><strong>solum</strong></span> <span class='ocrx_word' id='word_1_369' title='bbox 2847 3532 3128 3603; x_wconf 89' lang='lat' dir='ltr'><strong>quidpiam</strong></span> <span class='ocrx_word' id='word_1_370' title='bbox 3174 3539 3367 3600; x_wconf 76' lang='lat' dir='ltr'><strong>parere</strong></span> <span class='ocrx_word' id='word_1_371' title='bbox 3421 3524 3668 3597; x_wconf 83' lang='lat' dir='ltr'><strong>scrupuli</strong></span> 
     </span>
    </p>
   </div>
   <div class='ocr_carea' id='block_1_30' title="bbox 409 3616 3673 3696">
    <p class='ocr_par' dir='ltr' id='par_1_30' title="bbox 409 3616 3673 3696">
     <span class='ocr_line' id='line_1_30' title="bbox 409 3616 3673 3696; baseline 0.003 -27"><span class='ocrx_word' id='word_1_372' title='bbox 409 3617 606 3684; x_wconf 78' lang='lat' dir='ltr'><strong>possit,</strong></span> <span class='ocrx_word' id='word_1_373' title='bbox 635 3616 779 3687; x_wconf 90' lang='lat' dir='ltr'><strong>quod</strong></span> <span class='ocrx_word' id='word_1_374' title='bbox 807 3617 1022 3674; x_wconf 83' lang='lat' dir='ltr'><strong>brevior</strong></span> <span class='ocrx_word' id='word_1_375' title='bbox 1044 3620 1134 3683; x_wconf 86' lang='lat' dir='ltr'><strong>sit,</strong></span> <span class='ocrx_word' id='word_1_376' title='bbox 1156 3635 1318 3689; x_wconf 88' lang='lat' dir='ltr'><strong>quam</strong></span> <span class='ocrx_word' id='word_1_377' title='bbox 1353 3621 1562 3677; x_wconf 88' lang='lat' dir='ltr'><strong>soleant</strong></span> <span class='ocrx_word' id='word_1_378' title='bbox 1582 3637 1704 3678; x_wconf 87' lang='lat' dir='ltr'><strong>esse</strong></span> <span class='ocrx_word' id='word_1_379' title='bbox 1724 3623 2017 3682; x_wconf 89' lang='lat' dir='ltr'><strong>conciones</strong></span> <span class='ocrx_word' id='word_1_380' title='bbox 2048 3624 2186 3696; x_wconf 88' lang='lat' dir='ltr'><strong>ejus.</strong></span> <span class='ocrx_word' id='word_1_381' title='bbox 2221 3620 2426 3681; x_wconf 69' lang='lat' dir='ltr'><strong>Verum</strong></span> <span class='ocrx_word' id='word_1_382' title='bbox 2451 3623 2569 3680; x_wconf 70' lang='lat' dir='ltr'><strong>alia:</strong></span> <span class='ocrx_word' id='word_1_383' title='bbox 2595 3631 2894 3682; x_wconf 83' lang='lat' dir='ltr'><strong>Occurrunt</strong></span> <span class='ocrx_word' id='word_1_384' title='bbox 2913 3623 3162 3696; x_wconf 88' lang='lat' dir='ltr'><strong>ejusdem</strong></span> <span class='ocrx_word' id='word_1_385' title='bbox 3187 3621 3492 3688; x_wconf 50' lang='lat' dir='ltr'><strong>breuitatis,</strong></span> <span class='ocrx_word' id='word_1_386' title='bbox 3529 3633 3673 3694; x_wconf 79' lang='lat' dir='ltr'><strong>quas</strong></span> 
     </span>
    </p>
   </div>
   <div class='ocr_carea' id='block_1_31' title="bbox 409 3707 1756 3785">
    <p class='ocr_par' dir='ltr' id='par_1_31' title="bbox 409 3707 1756 3785">
     <span class='ocr_line' id='line_1_31' title="bbox 409 3707 1756 3785; baseline 0.005 -23"><span class='ocrx_word' id='word_1_387' title='bbox 409 3717 524 3762; x_wconf 86' lang='lat' dir='ltr'><strong>non</strong></span> <span class='ocrx_word' id='word_1_388' title='bbox 552 3707 684 3764; x_wconf 79' lang='lat' dir='ltr'><strong>ideo</strong></span> <span class='ocrx_word' id='word_1_389' title='bbox 716 3708 977 3765; x_wconf 82' lang='lat' dir='ltr'><strong>debemus</strong></span> <span class='ocrx_word' id='word_1_390' title='bbox 1006 3707 1398 3783; x_wconf 68' lang='lat' dir='ltr'><strong>Chrysostomo</strong></span> <span class='ocrx_word' id='word_1_391' title='bbox 1420 3712 1756 3785; x_wconf 88' lang='lat' dir='ltr'><strong>abjudicare.</strong></span> 
     </span>
    </p>
   </div>
  </div>
