4032 6454
413 363 519 420 579

1279 572 1778 658 HOMILIA
1837 569 2701 654 ENCOMIASTICA
2763 560 2856 641 (οἱ

1165 376 1225 439 5.
1251 381 1542 441 JOANNlS
1576 368 2054 436 CHRYSUSTOMI
2100 368 2416 424 ARCHIEP.
2457 355 2994 419 COXSTANTINOP.

3599 353 3700 408 580

1266 748 1336 790 IN
1381 747 1432 790 Β.
1478 745 1833 788 ΜΔΚἹῪΒΕΜ
1884 743 2201 788 PE'LAGIAM
2237 745 2715 790 ANTIOCHENAﬂ.

1884 876 1938 922 ‘8:
1955 878 2146 917 <{<}>
2159 877 2211 916 Β)

492 1013 545 1065 1.
580 1011 788 1081 Pelagia
811 1025 900 1062 cur
919 1005 1121 1078 tyranni
1143 1001 1387 1070 iudicium
1419 997 1747 1070 praverteril.
1766 995 1800 1048 Ι
1807 1013 1890 1049 esu
1910 1011 2002 1047 usa

422 1103 716 1157 consiliario
743 1117 796 1155 se
826 1097 1136 1169 prwcipitem
1165 1093 1317 1147 dedit.
1348 1121 1422 1131 —
1460 1088 1778 1144 Benedictus
1825 1087 1960 1140 Deus
1988 1104 2000 1138 :

422 1197 582 1249 etiam
610 1193 881 1255 mulieres,
911 1190 1018 1242 imo
1041 1185 1231 1256 puellae
1253 1183 1468 1238 demum
1500 1188 1728 1234 mortem
1759 1177 2002 1242 irrident,

421 1287 755 1357 virginesque
811 1281 1096 1337 admodum
1133 1280 1356 1348 juvenes
1380 1284 1435 1330 et
1487 1274 1724 1343 innupta:
1759 1272 1813 1326 in
1861 1271 2006 1340 ipsos

423 1380 612 1435 inferni
643 1376 888 1432 stimulos
937 1373 1200 1436 insiliunt,
1249 1369 1490 1438 nihilque
1528 1367 1799 1436 patiuntur
1843 1362 2008 1418 detri-

422 1471 606 1526 menti.
630 1468 757 1523 llznc
783 1480 942 1537 porro
967 1465 1104 1519 bona
1131 1460 1308 1515 omnia
1347 1473 1442 1528 per
1471 1455 1746 1512 Christum
1796 1469 1861 1508 ex
1886 1453 2004 1508 Vir-

419 1565 542 1633 gine
568 1571 748 1616 natum
779 1559 934 1613 allata
957 1555 1111 1611 nobis
1133 1560 1258 1608 sunt
1282 1571 1294 1606 :
1329 1566 1451 1606 nam
1479 1557 1601 1621 post
1646 1549 1856 1604 beatum
1881 1562 2006 1617 par-

417 1666 529 1709 tum
556 1655 728 1718 illum,
749 1660 805 1706 et
860 1646 1226 1704 admirabilem
1265 1653 1486 1708 ortum,
1515 1641 1702 1696 mortis
1732 1638 1881 1695 nervi
1913 1655 2005 1692 so-

413 1748 533 1814 luti,
563 1743 760 1800 diaboli
785 1740 1019 1812 potentia
1051 1737 1214 1792 fracta
1245 1747 1348 1801 est,
1388 1735 1480 1806 qui
1521 1732 1774 1800 deinceps
1823 1746 1928 1784 non
1973 1745 2003 1784 a

417 1838 548 1892 viris
575 1845 803 1899 tantum,
843 1831 936 1886 sed
966 1831 1124 1884 etiam
1164 1845 1194 1882 a
1248 1826 1562 1882 mulieribus
1599 1823 2003 1886 contemnitur;

420 1943 521 1984 nec
548 1942 579 1981 a
610 1921 920 1979 mulieribus
939 1921 1119 1984 modo,
1150 1919 1243 1974 sed
1270 1927 1326 1972 et
1371 1933 1401 1970 a
1429 1916 1637 1986 puellis.
1683 1913 1832 1968 Sicut
1861 1917 2005 1966 enim

421 2030 603 2092 pastor
630 2029 880 2074 strenuus
923 2016 1133 2070 leonem
1178 2012 1457 2082 pecoribus
1501 2007 1926 2070 formidulosum,
1954 2015 2007 2060 et

421 2121 588 2167 totum
616 2111 755 2165 ovile
779 2109 1144 2163 devastantem
1174 2103 1491 2173 corripiens.
1519 2099 1718 2154 avulsis
1735 2097 2005 2162 dentibus,

421 2202 652 2256 exsectis
681 2199 960 2271 unguibus,
993 2197 1216 2252 detonsa
1239 2195 1389 2264 juba,
1423 2193 1506 2248 vel
1531 2201 1800 2262 pastorum
1829 2189 2009 2260 pueris

419 2292 770 2348 deridendum
802 2290 1069 2362 propinat,
1102 2288 1211 2342 imo
1238 2287 1399 2341 etiam
1445 2283 1636 2354 puellis
1681 2281 1844 2336 tradit
1891 2279 2010 2333 illu-

418 2385 690 2441 dendum:
720 2385 790 2438 ita
817 2391 872 2438 et
894 2382 1138 2436 Christus
1167 2385 1395 2432 mortem
1426 2383 1630 2430 naturas
1669 2382 1868 2429 nostra:
1904 2372 2009 2426 for-

419 2476 752 2541 midabilem,
794 2473 1084 2546 generique
1130 2479 1315 2525 nostro
1365 2467 1654 2524 terribilem
1705 2464 2006 2535 corripuit,

417 2571 640 2640 ejusque
667 2579 867 2624 metum
892 2566 1156 2631 dissolvit,
1191 2564 1261 2618 ita
1295 2571 1352 2616 ut
1379 2561 1540 2616 etiam
1564 2559 1795 2630 virgines
1842 2559 2008 2628 ipsam

418 2664 716 2718 derideant.
746 2659 1105 2728 Quamobrem
1135 2657 1286 2711 beata
1319 2654 1531 2722 Pelagia
1561 2662 1704 2706 tanta
1746 2667 1865 2705 cum
1917 2667 2010 2704 vo-

423 2756 623 2826 luptate
646 2753 714 2806 ad
741 2767 858 2807 eam
902 2750 1162 2814 cucurrit,
1220 2757 1279 2802 ut
1329 2762 1396 2802 ne
1439 2745 1748 2800 carniﬁcum
1795 2744 2011 2813 quidem

422 2859 613 2900 manus
639 2851 993 2913 exspectaret,
1025 2854 1199 2909 neque
1229 2839 1280 2892 in
1319 2837 1577 2907 judicium
1622 2835 2008 2906 ingrederetur,

422 2937 516 2993 sed
545 2936 760 3007 propria
786 2934 948 2989 animi
974 2930 1340 3001 magnitudine
1379 2930 1590 2983 illorum
1635 2926 2010 2983 crudelitatem

425 3037 789 3098 praeverteret.
836 3025 970 3080 Nam
1009 3023 1076 3078 ad
1131 3029 1393 3077 tormenta
1437 3019 1673 3090 quidem,
1723 3020 2010 3083 cruciatus,

421 3118 680 3192 supplicia
703 3127 884 3189 parata
913 3125 1068 3180 erat;
1099 3113 1194 3169 sed
1217 3111 1490 3169 metuebat
1521 3123 1697 3167 tamen
1745 3126 1812 3165 ne
1855 3111 2016 3181 virgi-

426 3213 606 3268 nitatis
645 3226 899 3266 coronam
945 3207 1215 3280 perderet.
1248 3205 1318 3262 Ut
1364 3213 1541 3260 autem
1589 3205 1729 3260 scias
1778 3219 1896 3259 eam
1947 3204 2015 3259 ab

425 3304 708 3373 impiorum
727 3301 942 3356 libidine
963 3300 1223 3366 timuisse,
1243 3297 1634 3369 praeoccupavit
1655 3296 1767 3361 illa,
1791 3311 2014 3366 seseque

423 3410 452 3448 a
481 3395 620 3468 turpi
670 3396 996 3451 contumelia
1039 3393 1310 3449 subduxit.
1357 3391 1510 3458 Quod
1533 3405 1664 3446 sane
1715 3391 1796 3444 vir
1839 3390 2016 3444 nullus

424 3505 673 3559 umquam
700 3502 984 3560 aggressus
1005 3495 1088 3541 est
1118 3504 1132 3539 :
1163 3499 1350 3540 omnes
1378 3483 1523 3537 enim
1552 3482 1618 3536 ad
1644 3481 1898 3552 judicium
1927 3497 2014 3536 se-

423 3583 575 3652 quuti
602 3583 829 3644 fuerant,
859 3581 1037 3650 ibique
1089 3576 1454 3632 fortitudinem
1501 3589 1654 3630 suam
1679 3572 2016 3628 demonstra-

424 3685 634 3732 verunt.
654 3676 722 3731 At
747 3674 1022 3738 mulieres,
1056 3679 1236 3741 utpote
1258 3679 1444 3725 natura
1467 3684 1562 3724 sua
1583 3667 1789 3737 injuria:
1817 3681 2014 3736 oppor-

425 3771 682 3832 tuniores,
715 3766 858 3820 hunc
885 3764 987 3820 sibi
1011 3763 1198 3817 mortis
1217 3761 1432 3816 modum
1459 3758 1851 3830 excogitarunt.
1882 3757 2016 3812 Nam

424 3861 470 3914 si
503 3857 764 3928 potuisset
787 3855 947 3910 simul
973 3864 1028 3908 et
1054 3852 1409 3923 virginitatem
1457 3864 1671 3904 servare
1699 3858 1755 3904 et
1780 3848 2016 3918 martyrii

426 3966 682 4006 coronam
726 3947 1004 4017 consequi,
1056 3960 1391 4016 nequaquam
1441 3943 1509 3997 ad
1553 3941 1780 3996 tribunal
1812 3940 2018 4011 ingredi

415 4049 762 4106 recusasset;
798 4041 919 4110 quia
949 4053 1076 4093 vero
1103 4039 1171 4092 ab
1218 4037 1476 4091 alterutro
1505 4033 1756 4089 excidere
1797 4047 2019 4087 necesse

429 4152 647 4209 prorsus
673 4143 807 4200 erat,
833 4147 1086 4189 extrema:
1115 4132 1336 4203 putabat
1359 4131 1606 4185 amentize
1645 4127 1777 4192 fore,
1824 4127 1867 4180 si
1896 4142 2017 4181 cum

431 4237 617 4296 posset
642 4235 922 4296 utramque
950 4226 1229 4279 victoriam
1281 4222 1555 4292 consequi,
1607 4221 1879 4275 dimidiam
1927 4235 2018 4274 so-

427 4319 538 4374 lum
567 4332 824 4374 coronam
854 4324 1174 4386 reportaret.
1217 4313 1341 4368 Ideo
1367 4314 1535 4367 noluit
1561 4313 1613 4365 in
1642 4311 1902 4380 judicium
1935 4326 2022 4364 ac-

423 4412 644 4478 cedere,
678 4426 852 4479 neque
879 4408 1091 4462 lascivis
1121 4406 1290 4460 oculis
1312 4403 1617 4473 spectaculo
1635 4417 1774 4462 esse,
1798 4402 1880 4456 vel
1905 4403 2020 4469 pati

427 4514 486 4560 nt
521 4505 938 4573 intemperantes
983 4499 1238 4553 homines
1282 4503 1502 4564 aspectu
1548 4508 1648 4549 suo
1692 4493 2016 4559 fruerentur,

425 4608 777 4667 sanctumque
819 4593 946 4650 illud
985 4606 1183 4663 corpus
1240 4589 1515 4644 alﬁcercnt
1539 4587 1896 4651 contumelia;
1927 4585 2022 4641 sed

425 4704 492 4744 ex
518 4687 751 4742 thalamo
776 4694 1104 4756 etgynaeceo
1149 4682 1202 4736 in
1245 4677 1404 4736 alimn
1455 4679 1769 4745 thalamum,
1820 4677 1934 4732 sive
1965 4677 2016 4730 in

427 4780 624 4836 emlum
647 4817 664 4843 ,
704 4777 872 4831 venit.
900 4775 1146 4846 Magnum
1170 4773 1362 4843 quippe
1391 4781 1474 4826 cst
1501 4769 1778 4826 carniﬁces
1802 4769 2022 4824 circum-

429 4878 634 4926 stantes
659 4869 861 4932 videre,
890 4879 944 4922 et
1000 4869 1164 4921 latera
1197 4865 1489 4929 fodientes;
1532 4863 1627 4918 sed
1653 4861 1818 4916 nihilo
1848 4862 2024 4915 minus

428 4963 522 5018 illo
549 4960 652 5013 hoc
677 4971 892 5028 quoque
920 4965 1037 5011 est:
1072 4956 1180 5010 illis
1207 4954 1348 5008 enim
1361 4969 1491 5008 cum
1515 4952 1625 5022 jam
1659 4966 1852 5007 sensus
1899 4966 2025 5005 cru-

429 5055 664 5106 ciatunm
695 5047 953 5102 varietate
983 5054 1328 5114 consumptus
1359 5044 1446 5109 sit,
1475 5059 1581 5097 non
1609 5043 1746 5096 ultra
1771 5040 2026 5096 formida-

431 5144 550 5199 bilis
568 5155 714 5196 mors
745 5137 974 5202 videtur,
1004 5135 1096 5191 sed
1119 5135 1295 5206 potius
1322 5136 1620 5204 urgentium
1664 5133 1924 5186 malorum
1953 5133 2021 5186 li-

391 5285 402 5293 .
432 5234 634 5290 beratio
659 5240 819 5302 atque
839 5226 1100 5290 cessatio;
1131 5227 1247 5279 tunc
1274 5241 1401 5280 vero
1423 5224 1683 5279 nihildum
1717 5223 2022 5291 hujusmodi

435 5342 612 5396 passa,
635 5340 756 5382 cum
787 5337 981 5392 corpus
1009 5321 1270 5390 integrum
1293 5317 1536 5380 haberet,
1557 5316 1794 5385 nihilque
1824 5315 2024 5368 doloris

437 5418 760 5486 pertulisset,
799 5424 1394 5486 generosoAmagnoque
1422 5409 1600 5462 animo
1631 5421 1765 5475 Opus
1819 5406 2021 5468 habuit,

438 5516 496 5559 ut
515 5506 742 5558 violenta
783 5481 952 5558 morte
972 5518 1036 5556 ex
1067 5481 1168 5556 hac
1193 5502 1297 5554 vita
1325 5514 1384 5554 se
1411 5497 1752 5554 subduceret.
1781 5497 1955 5564 Quare
1980 5497 2024 5550 si

437 5593 653 5652 miraris
673 5593 881 5647 illorum
909 5593 1240 5664 patientiam,
1269 5589 1427 5660 hujus
1453 5590 1648 5644 mirare
1674 5587 1954 5654 virtutem;
1980 5588 2023 5644 si

500 5750 579 5812 (Δ)
611 5743 904 5798 contulimus
922 5748 1120 5801 codices
1141 5749 1315 5811 Regios
1335 5745 1462 5798 2029
1480 5753 1534 5799 et
1553 5743 1699 5796 2543.

2111 1006 2293 1066 stupes
2321 1014 2506 1053 eorum
2535 999 2892 1067 tolerantiam,
2913 1003 3028 1072 ejus
3055 1013 3209 1075 stupe
3234 1022 3562 1077 generosum
3594 1012 3704 1064 ani-

2111 1102 2279 1151 mum,
2303 1105 2411 1159 quo
2443 1090 2600 1144 talem
2631 1092 2781 1148 adire
2807 1104 3033 1149 mortem
3063 1111 3191 1151 ausa
3215 1099 3302 1152 sit.
3335 1099 3411 1154 Ne
3435 1117 3570 1155 vero
3595 1117 3705 1157 cur»

2111 1177 2210 1230 sim
2241 1194 2353 1234 rem
2383 1189 2703 1248 praetereas;
2736 1182 2829 1237 sed
2858 1185 3029 1254 cogita
3052 1201 3158 1256 quo
3182 1202 3343 1242 sensu
3375 1191 3705 1262 fueritvirge

2115 1277 2318 1336 tenera,
2347 1286 2466 1341 quae
2495 1270 2786 1327 thalamum
2807 1283 3009 1330 tantum
3034 1287 3271 1344 noverat,
3297 1281 3564 1336 militibus
3589 1298 3706 1337 con-

2112 1359 2284 1414 fertim
2322 1361 2758 1431 irrumpentibus,
2798 1376 2921 1420 ante
2956 1366 3096 1423 fores
3145 1371 3429 1439 stantibus,
3460 1375 3531 1428 ad
3567 1375 3706 1444 judi-

2111 1454 2251 1507 cium
2276 1455 2606 1520 vocantibus,
2639 1456 2690 1509 in
2716 1456 2887 1511 forum
2911 1474 3009 1528 pro
3039 1459 3234 1516 talibus
3254 1465 3524 1536 tantisque
3548 1467 3705 1522 rebus

2114 1547 2468 1602 trahentibus.
2503 1547 2618 1602 Non
2651 1558 2801 1618 pater
2826 1553 2989 1618 intus,
3016 1567 3124 1607 non
3153 1564 3324 1610 mater
3347 1557 3560 1624 aderat,
3601 1577 3703 1616 non

2113 1639 2313 1705 nutrix,
2340 1655 2445 1694 non
2465 1641 2680 1707 ancilla,
2712 1657 2817 1695 non
2845 1643 3037 1708 vicina,
3072 1660 3175 1699 non
3203 1649 3372 1703 amica
3392 1692 3408 1716 ,
3459 1651 3559 1706 sed
3595 1654 3704 1708 sola

2114 1732 2252 1786 inter
2276 1733 2554 1788 carniﬁces
2576 1733 2694 1789 illos
2714 1745 2848 1789 erat.
2881 1736 3034 1802 Quod
3051 1739 3202 1793 enim
3225 1741 3374 1796 exire
3400 1752 3458 1798 et
3484 1760 3708 1815 respono

2112 1821 2242 1877 dere
2261 1823 2598 1878 carniﬁcibus
2623 1825 2726 1878 illis
2751 1825 3278 1898 militibus-potuerit,
3301 1833 3447 1900 quod
3475 1832 3703 1900 hiscere,

2112 1914 2254 1984 quod
2287 1929 2472 1970 vocem
2503 1917 2770 1983 emittere,
2800 1918 2942 1988 quod
2990 1920 3281 1989 respicere,
3308 1923 3455 1992 quod
3499 1929 3704 1980 consis-

2115 2016 2229 2062 tere
2248 2023 2311 2062 ac
2342 2008 2628 2077 respirare,
2688 2025 2794 2079 quo
2820 2025 2927 2064 non
2972 2020 3192 2081 stupore
3245 2023 3302 2068 et
3349 2015 3707 2070 admiratione

2115 2100 2332 2170 dignum
2362 2099 2560 2156 fuerit?
2588 2101 2702 2157 Non
2733 2115 2888 2158 erant
2919 2102 3034 2159 hac
3081 2103 3590 2174 humanae-naturae,
3616 2109 3705 2162 sed

2117 2195 2376 2265 majorem
2404 2195 2500 2250 Dei
2527 2205 2685 2251 nutus
2711 2205 2916 2266 partem
2946 2197 3229 2253 inferebat.
3259 2198 3445 2270 Neque
3479 2211 3593 2256 tum
3624 2201 3704 2256 illa

2115 2287 2290 2341 stabat
2317 2286 2510 2354 otiosa,
2543 2287 2638 2342 sed
2667 2288 2810 2358 quod
2857 2289 2908 2343 in
2959 2299 3160 2345 seerat
3207 2299 3376 2346 totum
3427 2292 3702 2359 eﬂ'erebat,

2114 2379 2469 2448 alacritatem,
2497 2397 2820 2452 generosum
2863 2382 3124 2450 animum,
3173 2386 3532 2453 voluntatem,
3591 2403 3706 2457 pro-

2115 2474 2370 2544 positum,
2395 2473 2815 2541 festinationem,
2858 2478 3142 2543 ardorem;
3197 2494 3386 2533 eorum
3410 2495 3549 2535 vero
3591 2479 3705 2536 ﬁnis

2119 2566 2212 2620 Dei
2238 2582 2340 2636 ope
2362 2577 2417 2622 et
2463 2581 2692 2636 superna
2741 2566 3113 2624 benevolentia
3158 2579 3416 2640 sequutus
3465 2581 3590 2627 est:
3640 2572 3704 2626 ita

2117 2669 2176 2715 ut
2201 2659 2348 2714 illam
2372 2668 2426 2714 et
2448 2659 2705 2714 admirari
2730 2669 2785 2715 et
2813 2661 3022 2716 beatam
3046 2661 3338 2731 praedicare
3374 2663 3702 2727 debeamus;

2118 2750 2328 2806 beatam
2353 2751 2643 2821 prmdicare
2673 2752 2742 2808 ob
2761 2753 3130 2808 commilitium
3168 2753 3284 2821 Dei,
3313 2755 3594 2821 admirari,
3641 2756 3705 2810 ob

2120 2843 2390 2914 propriam
2413 2844 2578 2898 animi
2632 2845 2986 2902 alacritatem.
3043 2846 3176 2916 Quis
3229 2849 3372 2903 enim
3426 2865 3540 2904 non
3592 2850 3704 2919 jure

2117 2938 2461 3006 Obstupescat
2483 2937 2710 2992 audiens
2740 2937 2881 2994 illam
2911 2939 3168 3009 temporis
3229 2951 3510 2996 momento
3539 2941 3706 2995 consi-

2121 3026 2247 3081 lium
2297 3027 2498 3092 iniisse,
2547 3027 2895 3085 conﬁrmasse
2932 3038 2987 3085 ει
3026 3029 3093 3084 ad
3144 3030 3343 3086 exitum
3388 3028 3699 3086 deduxisse?

2120 3115 2298 3172 Nestis
2319 3118 2518 3188 quippe
2546 3132 2733 3174 omnes
2753 3133 2898 3189 sape
2928 3119 3192 3186 accidere,
3223 3131 3282 3176 ut
3306 3136 3426 3192 quae
3453 3122 3547 3177 diu
3595 3135 3701 3175 me-

2119 3206 2270 3263 ditati
2302 3224 2508 3272 sumus,
2538 3209 2768 3264 instante
2793 3211 3048 3281 temporis
3063 3211 3363 3279 occasione,
3393 3212 3704 3282 modicoque

2121 3311 2357 3356 mentem
2380 3301 2666 3356 invadente
2695 3311 2861 3369 metu,
2891 3303 3112 3357 consilia
3143 3305 3321 3358 omnia
3348 3305 3516 3359 missa
3547 3303 3700 3358 facia—

2122 3409 2261 3458 mus,
2290 3394 2530 3464 angustia
2563 3392 2846 3448 confestim
2877 3394 3138 3448 deterriti.
3172 3394 3260 3448 llla
3294 3410 3423 3451 vero
3452 3406 3564 3450 tam
3589 3393 3704 3448 hor;

2123 3484 2368 3549 rendam,
2420 3493 2526 3538 tam
2569 3485 2908 3540 formidabile
2959 3486 3240 3541 consilium
3294 3503 3401 3540 uno
3453 3484 3704 3558 temporis

2123 3585 2394 3630 momento
2409 3576 2699 3644 suscipere,
2719 3575 3031 3642 decernere,
3052 3593 3215 3646 opere
3233 3577 3494 3647 perﬁcere
3512 3575 3670 3647 potuit
3689 3584 3701 3623 ἰ

2125 3683 2229 3721 non
2257 3667 2601 3738 praesentium
2650 3679 2841 3734 terror,
2885 3684 2991 3722 non
3017 3669 3265 3724 celeritas
3285 3671 3577 3739 temporis,
3605 3681 3702 3722 non

2123 3761 2354 3816 solitudo
2381 3762 2519 3816 inter
2547 3761 2787 3829 insidias,
2816 3777 2920 3816 non
2949 3762 3088 3832 quod
3110 3762 3224 3816 sola
3255 3762 3395 3817 intus
3417 3771 3583 3829 esset,
3607 3775 3702 3814 non

2122 3855 2265 3912 aliud
2289 3856 2559 3927 quidpiam
2588 3855 2891 3926 hujusmodi
2919 3855 3128 3910 beatam
3153 3855 3294 3910 illam
3329 3855 3590 3920 turbavit;
3618 3851 3703 3907 sed

2124 3949 2275 4019 quasi
2305 3949 2660 4019 praesentibus
2679 3949 2864 4003 amicis
2911 3957 2964 4002 et
3001 3948 3164 4012 notis,
3208 3948 3287 4002 sic
3309 3963 3432 4003 cum
3470 3947 3704 4002 libertate

2124 4040 2300 4094 omnia
2333 4038 2493 4104 fecit;
2527 4055 2589 4093 ac
2609 4039 2729 4108 jure
2749 4037 2961 4108 quidem
2994 4038 3208 4092 merito.
3241 4038 3357 4092 Non
3407 4041 3554 4094 enim
3600 4035 3703 4091 sola

2127 4131 2267 4186 intus
2293 4140 2426 4196 erat,
2461 4131 2554 4185 sed
2580 4131 2760 4185 .lesum
2783 4130 3011 4185 habebat
3037 4131 3397 4184 consiliarium
3431 4151 3445 4185 :
3481 4133 3591 4200 ipse
3618 4127 3704 4181 ad-

2126 4237 2261 4292 erat,
2295 4227 2408 4294 ipse
2437 4240 2531 4279 cor
2557 4223 2671 4294 ejus
2704 4223 2974 4293 tangebat.
3004 4223 3117 4292 ipse
3159 4223 3394 4277 animum
3425 4221 3703 4277 conﬁrma--

2126 4320 2238 4385 bat,
2273 4319 2385 4389 ipse
2413 4325 2614 4371 metum
2639 4315 2892 4386 pellebat.
2920 4313 3052 4368 Illud
3079 4324 3256 4368 autem
3285 4330 3389 4368 non
3421 4314 3539 4368 sine
3557 4323 3701 4366 causa

2129 4408 2378 4475 faciebat,
2407 4408 2500 4463 scd
2533 4407 2652 4477 quia
2677 4406 2788 4476 ipsa
2819 4414 3023 4476 martyr
3047 4419 3108 4461 se
3145 4413 3300 4460 antea
3354 4405 3570 4475 dignam
3599 4401 3702 4471 ejus

2127 4503 2307 4558 auxilii
2329 4503 2647 4572 prmbnerat.

2198 4596 2252 4649 2.
2281 4596 2503 4665 Egressa
2549 4594 2723 4662 itaque
2749 4605 2778 4645 a
2810 4589 3074 4644 militibus
3106 4588 3278 4658 petiit,
3309 4596 3369 4642 ut
3397 4587 3498 4642 sibi
3527 4587 3701 4641 liceret

2129 4687 2332 4758 ingredi
2363 4695 2415 4741 et
2440 4693 2643 4740 vestem
2683 4691 2888 4738 mutare
2921 4689 3122 4750 :atque
3148 4681 3382 4749 ingressa
3421 4678 3588 4732 induit
3624 4674 3702 4727 in-

2128 4778 2525 4847 corruptionem
2574 4790 2674 4846 pro
2716 4773 3079 4842 corruptione,
3130 4770 3575 4825 immortalitatem
3617 4779 3701 4834 pro

2128 4883 2322 4938 morte,
2379 4871 2539 4925 vitam
2594 4867 2989 4924 interminatam
3045 4881 3142 4936 pro
3186 4875 3548 4934 temporanea.
3597 4859 3699 4927 Ego

2129 4980 2257 5020 vero
2284 4972 2479 5035 pneter
2503 4977 2588 5027 ea,
2617 4976 2735 5030 qure
2755 4959 2894 5013 dicta
2915 4966 3062 5020 sunt,
3091 4966 3144 5011 et
3171 4955 3273 5010 hoc
3301 4953 3553 5016 admiror,
3576 4962 3698 5020 quo-

2132 5058 2290 5113 modo
2318 5057 2512 5111 milites
2535 5069 2651 5109 eam
2685 5053 2759 5107 illi
2788 5051 3152 5106 concesserint
3172 5049 3418 5118 gratiam,
3447 5040 3698 5118 quomodo

2131 5149 2324 5204 mulier
2348 5147 2491 5202 viros
2528 5145 2818 5213 deceperit,
2864 5140 3133 5211 quomodo
3181 5139 3314 5194 nihil
3361 5153 3564 5202 eorum,
3593 5143 3698 5203 qua“.

2128 5249 2383 5296 eventura
2424 5247 2596 5299 erant,
2637 5233 2890 5304 suspicati
2924 5232 3051 5298 sint,
3095 5229 3361 5301 quomodo
3390 5229 3565 5284 dolum
3604 5236 3695 5278 non

2132 5329 2512 5387 intellexerint.
2543 5327 2726 5395 Neque
2761 5325 2903 5380 enim
2952 5331 3037 5378 est
3065 5321 3204 5392 quod
3247 5321 3416 5387 dicas,
3450 5317 3694 5374 neminem

2130 5437 2383 5493 umquam
2416 5435 2529 5475 rem
2560 5419 2789 5472 similem
2830 5415 3018 5470 fecisse
3051 5433 3064 5468 :
3113 5413 3294 5468 multa:
3325 5413 3467 5467 enim
3495 5410 3696 5463 fortasse

2130 5536 2190 5576 se
2218 5515 2516 5588 praccipites
2542 5513 2805 5567 dederunt
2831 5553 2846 5576 ,
2878 5523 3105 5578 seseque
3145 5506 3196 5562 in
3227 5507 3442 5576 pelagus
3473 5503 3694 5568 conjece-

2131 5621 2276 5678 runt,
2302 5609 2382 5664 vel
2407 5617 2588 5678 pectus
2612 5603 2788 5676 gladio
2819 5602 3158 5672 trajecerunt,
3182 5598 3266 5652 vel
3288 5598 3478 5666 laqueo
3504 5608 3556 5647 se
3580 5601 3698 5658 prm—

2135 5705 2378 5759 fuearunt
2406 5718 2418 5754 :
2449 5709 2658 5770 tempus
2686 5697 2882 5767 quippe
2909 5692 3035 5748 illud
3065 5689 3368 5762 hujusmodi
3391 5681 3694 5741 dramatibus

2141 5771 2352 5866 plenum
2381 5801 2516 5847 erat.
2550 5791 2615 5845 At
2638 5789 2778 5845 Deus
2806 5801 2898 5844 cor
2926 5799 3111 5844 eorum
3134 5782 3438 5849 excmcavit,
3468 5787 3522 5833 ιιι
3540 5770 3692 5829 dolum
