4032 6454
354 408 481 469 579

1270 435 1361 494 DE
1402 436 1460 492 S.
1494 432 1788 493 PELAGIA
1830 434 2112 493 VIRGINE
2147 436 2235 491 ET
2275 433 2632 491 MARTYRE.
2678 429 2910 489 HOMIL.
2960 427 2998 483 Ι.
3684 429 3799 486 580

510 551 3736 583 Μ

1345 630 1492 704 [⁵⁸⁵]
1566 640 1959 729 ΟΜΙΛΙΑ
2010 642 2856 733 ΕΓΚΩΜΙΑΣἝΙΚΗ

1145 783 1251 849 Εἰς
1300 781 1415 851 τὴν
1470 782 1645 854 ἁγίαν
1694 779 1965 854 μάρτυρα
2016 783 2320 852 Πελαγίαν
2349 797 2374 825 ι
2429 784 2543 853 τὴν
2587 786 2656 841 ἐν
2702 788 3039 858 Ἀντιοχείᾳ.

434 964 508 1019 an
533 963 838 1037 Εὐλογητὸς
864 964 1107 1029 ὀλθεόςι
1143 965 1238 1020 καὶ
1288 968 1536 1035 γυναῖκες
1584 966 1816 1022 θανάτου
1853 967 2041 1025 λοιπὸν

352 1051 760 1117 καταπαίζουσι
785 1096 801 1119 ,
847 1053 942 1107 καὶ
990 1053 1153 1125 κόραι
1204 1055 1550 1124 καταγελῶσι
1602 1055 1893 1128 τελευτῆς,
1947 1059 2042 1112 καὶ

352 1138 623 1210 παρθένοι
652 1140 849 1213 κομιδῇ
884 1142 1004 1194 νέαι
1051 1143 1146 1196 καὶ
1190 1144 1577 1215 ἀπειρόγαμοιι
1602 1146 1683 1209 εἰς
1714 1144 1853 1199 αὐτὰ
1885 1163 2040 1219 σκιρ-

347 1227 495 1281 τῶσι
522 1227 549 1268 ι’
576 1227 670 1282 τοῦ
713 1228 841 1300 ᾅδου
871 1228 1201 1303 τάμκέντρα,
1243 1233 1338 1286 καὶ
1364 1231 1518 1286 οὐδὲν
1548 1233 1815 1304 πάσχουσι
1846 1232 2036 1290 δεινόν.

347 1318 547 1374 Ταῦτα
578 1320 644 1393 δὴ
689 1322 869 1375 πάντα
899 1322 990 1377 διὰ
1025 1323 1115 1377 τὸν
1157 1326 1232 1378 ἐκ·
1252 1324 1521 1398 παρθένου
1552 1327 1789 1398 Χριστὸν
1820 1328 2041 1397 γέγονεν

349 1409 490 1479 ἡμῖν
527 1408 596 1461 τὰ
632 1409 846 1479 ἀγαθάο
891 1412 1032 1481 μετά
1062 1412 1171 1484 γάρ
1212 1412 1312 1476 τὰς
1354 1413 1632 1484 μακαρίας
1667 1413 1866 1480 ὠδῖνας
1899 1416 2041 1469 ἐκεί-

350 1512 478 1558 νας,
503 1497 608 1551 καὶ·
625 1498 716 1550 τὸν
744 1497 1182 1568 φρικωδέστατον
1214 1499 1374 1554 τόκον
1403 1500 1631 1574 ἐξελύθη
1672 1501 1766 1556 τοῦ
1802 1503 2036 1557 θανάτου

348 1583 426 1636 τά
449 1583 635 1654 νεῦρα,
661 1585 942 1657 παρελύθη
972 1588 1004 1657 ἡ
1040 1585 1135 1640 τοῦ
1158 1586 1405 1642 διαϐόλου
1440 1588 1691 1661 δύναμις,
1723 1591 1817 1644 καὶ
1850 1591 2038 1645 λοιπὸν

347 1671 457 1725 οὐκ
495 1672 720 1744 ἀνδράσι
762 1672 946 1741 μόνον,
979 1672 1117 1727 ἀλλά
1149 1675 1245 1729 καὶ
1282 1676 1530 1745 γυναιξὶν
1559 1680 2039 1750 εὐκαταφρόνητος

346 1761 569 1828 γέγονε,
592 1762 685 1815 καὶ
707 1763 766 1814 οὐ
794 1762 1008 1831 γυναιξὶ
1036 1762 1217 1834 μόνον,
1245 1763 1382 1818 ἀλλά
1415 1765 1511 1818 καὶ
1533 1765 1742 1839 κόραις.
1772 1767 2039 1838 Καθάπερ

345 1849 465 1921 γάρ
496 1866 579 1913 τις
625 1851 831 1922 ποιμὴν
862 1851 1083 1922 ἀριστος
1128 1851 1323 1905 λέοντα
1377 1853 1819 1923 ἐκφοϐοῦντακτά
1865 1854 2038 1928 θρέμ-

355 1954 512 2007 ματα
551 1938 647 1992 καὶ
690 1941 758 2010 τῇ
814 1939 1023 2013 ποίμνῃ
1069 1940 1223 2014 πάσῃ
1266 1939 1664 2013 λυμαινόμενον
1696 1942 1900 2010 λαϐὼν,
1946 1946 2041 1999 καὶ

349 2027 487 2088 τοὺς
527 2026 748 2090 ὀδόντας
775 2026 1017 2097 ἐκκόψας
1037 2068 1053 2095 ,
1098 2028 1349 2093 καὶτοὺς
1388 2028 1586 2101 ὄνυχας
1632 2031 1903 2103 ἐκτεμὼν,
1943 2031 2039 2088 καὶ

346 2112 456 2183 τὴν
498 2112 675 2184 κόμην
715 2113 1038 2186 ἀποκείρας,
1085 2113 1564 2188 εὔκαταφρόνητον
1601 2118 1696 2171 κοιλ⁵
1728 2119 2036 2188 καταγέλα-

351 2215 484 2254 στον
510 2204 675 2267 ποιεῖ,
723 2202 817 2256 καὶ
854 2200 1090 2266 παιδίοις
1136 2207 1473 2275 ποιμενικοῖς
1512 2205 1607 2259 καὶ
1645 2206 1837 2279 κόραις
1862 2224 2038 2279 παρα-

347 2286 535 2342 δίδωσι
567 2288 928 2353 καταπαίζειν
975 2288 1190 2343 λοιπόψ
1223 2291 1366 2344 οὓτω
1402 2292 1467 2365 δὴ
1496 2294 1590 2346 καὶ
1614 2296 1643 2348 ὀ
1670 2295 1905 2367 Χριστὸς
1946 2297 2049 2350 τὸν.

350 2375 584 2430 θάνατον
611 2376 840 2448 φοϐερὸν
867 2377 996 2429 ὄντα
1018 2379 1082 2448 τῇ
1114 2376 1273 2447 φύσει
1295 2380 1639 2452 τῇῆμετέρα
1657 2383 1749 2436 καὶ
1768 2382 2037 2452 φοϐοῦντα

349 2462 419 2515 τιδ
433 2463 588 2531 γένος
618 2462 771 2534 ἡμῶν
797 2462 942 2516 ἅπαν
969 2462 1168 2529 λαϐὼν,
1184 2465 1389 2519 καὶτὸν
1419 2466 1580 2535 φόϐον
1596 2467 1759 2523 αὐτοῦ
1781 2469 2038 2534 διαλύσας

349 2550 573 2605 ἅπαντα
634 2551 970 2622 παρέδωκεν,
1011 2550 1153 2605 ὥστε
1194 2551 1289 2606 καὶ
1330 2554 1633 2625 παρθένους
1678 2557 2037 2622 καταπαίζειν

349 2640 539 2694 αὑτοῦ.
565 2638 664 2694 Διά
695 2639 853 2693 τοῦτο
882 2641 978 2694 καὶ
1002 2641 1034 2711 ἡ
1069 2641 1311 2713 μακαρία
1335 2641 1577 2711 Πελαγία
1606 2643 1745 2712 μετά
1769 2645 2036 2716 τοσαύτης

350 2729 443 2783 ἐπ’
461 2729 622 2783 αὑτὸν
647 2728 879 2800 ἔδραμεν
905 2728 1094 2799 ἡδονῆς
1116 2728 1190 2792 ὼς
1219 2729 1353 2799 μηδὲ
1378 2731 1666 2801 ἀναμεῖναι
1692 2732 1903 2804 δημίων
1927 2736 2040 2804 χεῖ-

352 2834 477 2890 ρας,
505 2818 641 2890 μηδέ
668 2821 749 2881 εἰς
775 2818 1121 2888 δικαστήριον
1147 2817 1426 2884 εἰσελθεῖν,
1455 2820 1590 2874 ἀλλά
1619 2823 1683 2893 τῇ
1710 2825 1809 2893 τῆς
1833 2822 2038 2887 οἰκείας

352 2904 662 2977 προθυμίας
685 2904 958 2976 ὑπερϐολῇ
993 2904 1197 2974 φθάσαι
1223 2905 1322 2976 τὴν
1341 2908 1564 2961 ἐκείνων
1589 2907 1869 2980 ὠμότητα.
1899 2912 2039 2980 Παρο

351 2993 656 3048 εσκεύαστο
690 2994 790 3064 μὲν
819 2994 928 3064 γὰρ
952 2996 1048 3048 καί⁷
1076 2994 1212 3067 πρὸς
1245 2995 1532 3066 βασάνους,
1554 2999 1649 3052 καὶ
1681 2998 2034 3073 κολαστήρια,

355 3083 451 3137 καὶ
494 3082 641 3136 ἀπαν
671 3081 952 3159 τιμωριῶν
996 3080 1168 3150 εἶδος,
1212 3083 1327 3136 ἀλλ’
1374 3085 1652 3152 ἐδεδοίκει,
1689 3086 1764 3159 μὴ
1802 3088 1895 3142 τὸν
1916 3078 2038 3159 ’τῆς

352 3176 656 3248 παρθενίας
676 3156 921 3247 ἀπολέσῃ
942 3172 1229 3244 στέφανον.
1247 3174 1359 3229 Καὶ
1387 3175 1474 3230 ῖνα
1501 3175 1679 3248 μάθῃς
1692 3156 1783 3231 δτι
1804 3176 1905 3249 τὴν
1928 3156 2037 3231 τῶν

348 3263 568 3320 ἀσεϐῶν
579 3262 863 3332 ἀσέλγειαν
892 3261 1166 3329 ἐδεδοίκει,
1198 3262 1593 3335 προλαμϐάνει,
1618 3266 1714 3319 καὶ
1740 3264 1838 3335 τῆς
1867 3268 2036 3338 ἀσχή-

353 3368 519 3423 μονος
551 3350 759 3423 ὕϐρεως
794 3350 993 3422 ἑαυτὴν
1021 3350 1428 3425 προεξαρπάζει
1444 3368 1458 3381 ·
1484 3351 1513 3405 δ
1536 3351 1838 3424 ἀνθρώπων
1861 3354 2035 3418 οὐδεὶς

350 3439 609 3494 οὐδέποτε
652 3437 892 3493 τοιοῦτον
925 3438 1078 3493 οὐδὲν
1113 3438 1488 3511 ἐπεχείρησεν,
1521 3439 1636 3493 ἀλλ’
1661 3440 2033 3512 ἠκολούθησαν

348 3528 591 3592 ἅπαντες
616 3529 695 3592 εἰς
726 3527 788 3581 τὸ
820 3528 1192 3600 δικαστήριον,
1221 3529 1383 3582 κάκεῖ
1412 3526 1513 3599 τὴν
1543 3528 1794 3600 ἀνδρείαν
1820 3530 2031 3582 ἐπεδεί-

351 3617 547 3683 ξαντο·
579 3619 836 3687 γυναῖκες
881 3617 938 3671 δὲ
973 3617 1064 3671 διὰ
1103 3617 1164 3671 τὸ
1194 3617 1297 3687 τῆς
1345 3617 1558 3687 φύσεως
1600 3618 2029 3690 εὐεπηρέαστον,

347 3706 542 3762 τοῦτον
580 3706 882 3778 ἐπενόησαν
911 3707 1131 3770 ἑαυταῖς
1171 3705 1266 3760 τὸν
1294 3705 1494 3777 τρόπον
1529 3706 1626 3777 τῆς
1658 3706 1933 3779 τελευτῆς.
1968 3707 2031 3761 Εἰ

352 3793 459 3865 μὶν
485 3793 593 3865 γὰρ
621 3789 688 3864 ἦν
710 3794 808 3847 καὶ
832 3792 930 3865 τὴν
956 3791 1252 3865 παρθενίαν
1271 3792 1655 3861 διασώσασθαι,
1683 3795 1778 3849 καὶ
1802 3794 1910 3849 τῶν
1935 3796 2030 3850 τοῦ

353 3882 658 3957 μαρτυρίου
694 3884 974 3953 στεφάνων
999 3884 1300 3954 ἐπιτυχεῖν,
1328 3883 1428 3936 οὐκ
1455 3882 1521 3937 ἂν
1551 3883 1906 3957 παρῃτήσατο
1933 3885 2031 3956 τὴν

350 3974 435 4037 εἰς
471 3972 531 4027 τὸ
566 3972 915 4044 δικαστήριον
965 3971 1201 4027 εἴσοδονο
1248 3970 1436 4043 ἐπειδὴ
1469 3970 1526 4024 δέ
1555 3971 1769 4043 ἀνάγκη
1804 3971 2031 4045 θατέρου

350 4061 576 4124 πάντως
614 4056 685 4132 ῆν
724 4061 1000 4126 ἐκπεσεῖν,
1048 4059 1286 4131 ἐσχάτης
1322 4056 1571 4130 ἐνόμιζεν
1595 4069 1617 4098 ε
1647 4055 1787 4114 εἶναι
1822 4060 2028 4126 ἀνοίας,

354 4148 530 4220 παρὸν
566 4147 833 4219 ἑκατέρας
862 4147 1013 4218 αύτῇ⁴
1032 4147 1131 4219 τῆς
1163 4147 1321 4218 νίκης
1351 4147 1650 4216 ἐπιτυχεῖν,
1685 4145 1744 4211 ἐξ
1774 4147 2031 4217 ἡμισείας

350 4237 791 4307 στεφανωθεῖσαν
833 4235 1113 4292 ἀπελθεῖν.
1165 4238 1266 4290 Διά
1308 4234 1469 4290 τοῦτο
1512 4236 1615 4289 οὐκ
1652 4234 1915 4306 ἠθέλησεν
1951 4237 2028 4300 εἰς

350 4324 414 4379 τὸ
438 4323 792 4396 δικαστήριον
815 4322 1094 4389 ἀπελθεῖν,
1130 4323 1250 4377 οὐδὲ
1283 4323 1543 4393 γενέσθαι
1567 4321 1796 4393 θέατρον
1830 4323 2030 4377 ἀκολά-

353 4430 504 4478 στοις
560 4412 888 4484 ὀφθαλμοῖς,
940 4412 1062 4467 οὐδὲ
1112 4414 1415 4482 παρασχεῖν
1450 4410 1737 4479 ἀσελγέσιν
1787 4410 2031 4481 ὄμμασιν

351 4501 693 4573 ἐντρυφῆσαι
726 4504 793 4572 τῇ
827 4500 927 4571 τῆς
959 4499 1169 4562 οἰκείας
1195 4497 1373 4569 ὅψεως
1408 4497 1631 4569 θεωρίᾳ,
1660 4499 1753 4552 καὶ
1788 4499 1846 4551 τὸ
1878 4500 2032 4567 ἅγιον

352 4590 532 4642 ἐκεῖνο
586 4587 919 4660 καθυϐρίσαι
972 4585 1167 4658 σῶμαο
1213 4586 1329 4640 ἀλλ’
1374 4585 1482 4640 ἀπὺ
1517 4585 1612 4639 τοῦ
1657 4585 1902 4657 θαλάμου
1938 4587 2032 4641 καὶ

350 4677 453 4749 τῆς
493 4676 931 4745 γυναικωνίτιδος
963 4676 1048 4746 ἐφ’
1070 4675 1259 4747 ἕτερον
1290 4670 1421 4746 ῆλθε
1449 4673 1711 4744 θάλαμον,
1737 4674 1828 4728 τὸν
1869 4675 2024 4746 οὐρα-

350 4766 463 4820 νόν.
500 4766 662 4834 Μέγα
705 4763 805 4835 μὲν
854 4762 960 4836 γὰρ
989 4763 1084 4817 καὶ
1127 4762 1189 4816 τὺ
1221 4761 1447 4833 δημίους
1482 4761 1605 4815 ἰδεῖν
1636 4761 2028 4834 περιεστῶτας,

351 4850 450 4905 καὶ
499 4851 600 4916 τὰς
651 4850 895 4923 πλευράς
941 4849 1355 4921 διορύττοντας’
1403 4849 1505 4902 οὐκ
1539 4848 1757 4902 ἔλαττον
1801 4848 1858 4901 δέ
1909 4848 2031 4901 ούδὲ

348 4938 512 4994 τοῦτο
550 4939 780 4994 ἐκείνου.
812 4939 940 5001 Τοῖς
983 4938 1082 5009 μέν
1114 4937 1223 5008 γὰρ
1269 4937 1368 5007 τῆς
1411 4937 1718 5007 αἰσθήσεως
1757 4936 1857 5005 ἤδη
1896 4952 2031 5008 προ-

350 5025 724 5098 αναλωθείσης
764 5028 831 5097 τῇ
884 5023 1128 5096 ποικιλίᾳ
1162 5023 1275 5078 τῶν
1315 5023 1587 5095 βασάνων,
1635 5022 1755 5076 ούδὲ
1803 5022 2032 5091 φοϐερὸς

350 5115 436 5169 ἔτι
475 5114 729 5185 φαίνεται
757 5117 787 5169 ὀ
817 5115 1067 5178 θάνατος,
1117 5112 1231 5167 ἀλλ’
1281 5111 1567 5183 ἀπαλλαγή
1613 5128 1699 5175 τις
1728 5112 1821 5164 καὶ
1849 5110 2032 5173 ἄνεσις

349 5203 463 5257 τῶν
495 5202 862 5273 ἐπικειμένων
891 5200 1117 5255 δεινῶνσ
1141 5203 1176 5272 ἡ
1214 5200 1273 5254 δέ
1310 5199 1474 5271 μηδὲν
1518 5198 1746 5270 μηδέπω
1784 5198 2034 5252 παθοῦσα

351 5289 617 5355 τοιοῦτον,
645 5288 785 5344 ἀλλά
810 5288 1069 5360 ἀκέραιον
1099 5288 1180 5341 ἔτι
1211 5287 1273 5341 τὸ
1315 5286 1475 5358 σῶμα
1503 5284 1721 5356 ἔχουσα,
1753 5285 1849 5339 καὶ
1879 5284 2030 5358 [586]

357 5375 633 5448 μηδεμιᾶς
658 5376 852 5448 ὀδύνης
882 5375 1179 5446 αἰσθομένη
1219 5374 1463 5445 μηδέπω,
1498 5372 1736 5444 μεγάλου
1763 5372 1907 5437 τινὸς
1938 5374 2033 5425 καὶ

350 5465 601 5535 γενναίου
651 5466 1000 5537 φρονήματος
1049 5463 1242 5529 δεῖται,
1282 5463 1331 5514 εἰ
1379 5460 1562 5530 μέλλοι
1610 5460 1768 5531 βιαίῳ
1822 5458 2034 5531 θανάτῳ

351 5554 455 5625 τῆς
498 5553 782 5625 παρούσης
824 5552 1024 5623 ἐαυτὴν
1063 5550 1280 5620 ἐξάγειν
1330 5548 1496 5617 ζωῆς.
1529 5549 1692 5601 Ὥστε
1729 5547 1859 5600 ὅταν
1906 5550 2034 5601 θαυ-

354 5638 537 5713 μάζῃς
576 5639 818 5704 ἐκείνους
863 5639 962 5711 τῆς
1002 5637 1315 5710 καρτερίας,
1368 5634 1650 5706 θαύμασον
1695 5634 1901 5706 ταύτην
1936 5636 2035 5708 τῆς

415 5759 437 5780 ⁸
460 5755 579 5805 Haec
606 5758 654 5805 in
677 5755 841 5818 titulo,
864 5755 950 5813 τήν
992 5754 1038 5803 ἐν
1067 5752 1350 5818 Ἀντιοχείᾳ,
1377 5749 1622 5801 habentur
1644 5751 1694 5798 in
1719 5764 1815 5800 uno
1858 5749 2034 5814 Regio,

349 5819 561 5879 etjecla
582 5822 701 5867 sunt
720 5813 781 5867 ab
804 5813 1103 5879 iinlerprete.

413 5877 442 5918 1³
470 5880 621 5928 Sam.
647 5880 696 5927 in
726 5885 868 5929 textu
894 5873 1045 5929 hibet
1065 5877 1276 5939 πηδῶσι,
1303 5876 1351 5924 in
1378 5887 1531 5939 marg.
1556 5875 1808 5939 σκιρτῶσι,
1841 5880 1904 5929 ιιι
1931 5873 2036 5927 Μο-

343 5939 439 6003 rel,
475 5946 530 5988 ει
552 5953 726 5990 omnes
743 5955 861 5991 mss.
885 5941 938 5993 ln
959 5954 1057 5993 uno
1081 5937 1199 5990 infra
1225 5937 1456 6003 μακαρίας
1478 5937 1642 5987 deest.

416 6002 440 6033 ⁸
464 6003 565 6053 Alii
600 6003 833 6066 ἐνόμισεν.

2143 971 2424 1043 ἀνδρείας·
2451 973 2580 1028 ὅταν
2623 973 2905 1047 ἐκπλαγῇς
2940 976 3180 1042 ἐκείνους
3224 978 3793 1055 ύττιὶρετῆςςιῖ.πομουιῖτ,Ι

2143 1059 2452 1132 ἐκπλάγηθι
2481 1062 2578 1115 καὶ
2615 1061 2821 1135 ταύτην
2855 1064 2994 1137 ὑπὲρ
3030 1066 3126 1120 τοῦ
3164 1069 3421 1136 γενναίου
3452 1073 3795 1141 φρονήματος

2140 1148 2226 1204 ὅτι
2263 1150 2642 1222 κατετόλμησε
2673 1151 2928 1224 τελευτῆς
2963 1153 3239 1226 τοιαύτης.
3272 1157 3384 1210 Καὶ
3417 1158 3494 1229 μὴ
3546 1142 3825 1228 παραδράο

2146 1254 2253 1309 μῃς
2306 1236 2495 1302 ἁπλῶς
2536 1237 2597 1291 τὸ
2650 1239 2889 1311 συμϐὰν,
2935 1240 3051 1294 ἀλλ’
3100 1242 3355 1314 ἐννόησον
3395 1245 3516 1309 πῶς
3557 1242 3826 1323 ἦντίκός

2142 1325 2313 1397 κόρην
2344 1324 2654 1395 διατεθῆναι
2701 1326 2937 1399 ἁπαλὴν,
2984 1328 3085 1382 τοῦ·
3132 1330 3377 1402 θαλάμου
3425 1332 3586 1386 πλέον
3617 1334 3820 1388 εἰδυῖαν

2142 1412 2316 1476 οὐδὲν,
2349 1413 2695 1483 στρατιωτῶν
2726 1414 2939 1485 ἀθρόως
2979 1418 3337 1485 ἐπιστάντων,
3384 1421 3489 1493 πρὸ
3522 1421 3621 1491 τῆς
3648 1421 3818 1491 θύρας

2141 1499 2414 1566 ἑστώτων,
2468 1500 2781 1555 καλούντων
2810 1503 2892 1565 εἰς
2922 1502 3294 1577 δικαστήριον,
3344 1508 3424 1572 εἰς
3474 1509 3683 1584 ἀγορὰν
3732 1509 3818 1563 ἑλ-

2141 1590 2345 1644 κόντων
2398 1589 2539 1660 ὑπὲρ
2598 1589 2856 1643 τοιούτων
2908 1592 3004 1645 καὶ
3058 1594 3393 1665 τηλικούτων
3444 1598 3819 1668 πραγμάτων.-

2141 1677 2216 1730 υύ
2255 1675 2435 1748 πατὴρ
2471 1676 2641 1743 ἔνδον,
2678 1678 2739 1730 οὐ
2775 1680 2958 1751 μήτηρ
2990 1683 3191 1752 παρῆν,
3219 1683 3280 1735 ού
3313 1684 3535 1754 τροφὸς,
3562 1686 3624 1737 οὐ
3659 1684 3820 1756 θερα-

2142 1763 2346 1828 παινὶς,
2381 1766 2442 1818 οὐ
2478 1765 2695 1834 γείτων,
2724 1767 2967 1840 ού.φίλη,
3005 1769 3141 1822 ἀλλά
3183 1770 3319 1842 μόνη
3351 1773 3552 1841 μεταξὺ
3586 1772 3694 1825 τῶν
3726 1773 3818 1841 δη-

2143 1853 2283 1924 μίων
2330 1854 2557 1907 ἐκείνων
2596 1854 2920 1925 ἀπείΜπτο.
2958 1857 3079 1911 ’Ὁτι
3121 1858 3230 1930 γὰρ
3268 1858 3503 1924 ἐξελθεῖν
3549 1860 3647 1913 καὶ
3682 1861 3818 1914 ἀπο-

2140 1940 2429 2013 κρίνασθαι
2459 1943 2571 2005 τοῖς
2600 1940 2815 2012 δημίοις
2857 1944 3091 2009 ἐκείνοις
3135 1948 3244 2011 τοῖς
3279 1946 3640 2018 στρατιώταις
3678 1948 3818 2017 ἰσχυ-

2142 2044 2255 2094 σεν,
2286 2028 2368 2081 ὅτι
2410 2029 2591 2098 διᾶραι
2639 2029 2852 2099 στόμα,
2901 2031 2997 2085 καὶ
3046 2032 3229 2105 φωνὴν
3256 2035 3530 2103 ἀφεῖναι,
3576 2035 3658 2088 ὅτι
3709 2034 3818 2107 γάρ

2143 2114 2289 2177 ἰδεῖν,
2313 2116 2396 2168 ὅτι
2433 2114 2626 2186 στῆναι
2668 2115 2777 2169 καὶ*
2813 2117 3187 2182 ἀναπνεῦσαι,
3235 2120 3352 2184 πῶς
3398 2122 3496 2174 ούκ
3540 2121 3690 2187 ἀξιον
3722 2124 3819 2175 ἐκ-

2141 2201 2471 2273 πλήττεσθαι
2496 2202 2592 2255 καὶ
2621 2202 2955 2272 θαυμάξειν;
2999 2205 3114 2259 Ούκ
3151 2201 3219 2278 ἦν
3249 2209 3425 2262 ταῦτα
3469 2209 3819 2281 ἀνθρωπίνης

2139 2288 2386 2358 φύσεως·
2437 2287 2498 2341 τὸ
2551 2289 2651 2360 μέν
2709 2287 2817 2358 γὰρ
2875 2290 3036 2345 πλέον
3086 2294 3406 2365 εἰσήνεγκεν
3463 2299 3495 2367 ἡ
3536 2296 3629 2349 τοῦ
3679 2297 3817 2351 Θεοῦ

2143 2377 2306 2447 ῥοπή.
2339 2376 2413 2429 Ού
2451 2375 2554 2447 μὴν
2588 2376 2705 2429 ούδέ
2736 2376 2876 2448 αὕτη
2912 2378 3031 2431 τότε
3075 2380 3323 2451 ἀργοῦσα
3370 2383 3636 2453 εἱστήκει,
3682 2383 3822 2438 ἀλλὰ

2138 2463 2206 2517 τά
2245 2465 2375 2535 παρ’
2404 2463 2602 2534 ἑαυτῆς
2637 2463 2812 2516 πάντα
2858 2464 3228 2532 ἐπεδείκνυτο,
3264 2469 3362 2541 τὴν
3394 2469 3725 2541 προθυμίαν,
3757 2471 3821 2525 τὸ

2139 2552 2418 2623 φρόνημα,
2461 2550 2522 2602 τὸ
2554 2554 2823 2619 γενναῖον,
2858 2552 2921 2605 τὸ
2956 2552 3316 2624 βουληθῆναι,
3363 2556 3423 2607 τὸ
3464 2556 3816 2626 προελέσθαι,

2137 2636 2198 2690 τὸ
2228 2636 2490 2701 σπεῦσαι,
2534 2638 2597 2691 τὸ
2647 2638 2997 2708 ἐπειχθῆναι·
3042 2640 3105 2693 τὸ
3143 2640 3201 2693 δέ
3246 2641 3326 2704 είς
3377 2641 3550 2712 πέρας
3601 2641 3837 2696 ἅπαντα.

2137 2724 2309 2778 ταῦτα
2342 2725 2537 2788 ἐλθεῖν,
2569 2725 2669 2797 τῆς
2709 2724 2802 2779 τοῦ
2835 2725 2970 2779 Θεοῦ
3011 2725 3259 2799 βοηθείας
3302 2728 3550 2798 ἐγίγνετο
3579 2731 3675 2783 καὶ
3699 2731 3841 2801 τῆς),

2137 2814 2343 2867 ἀνωθεν
2373 2813 2587 2877 εύνοίας
2607 2830 2620 2844 ·
2653 2812 2795 2867 ὥστε
2827 2814 2924 2868 καὶ
2961 2813 3264 2886 θαυμάζειν
3293 2818 3473 2889 αὐτὴν.
3495 2819 3590 2872 καὶ
3633 2836 3815 2889 μακα-

2142 2900 2310 2972 ρίζειν
2340 2899 2488 2967 ἀξιον
2509 2918 2521 2929 ·
2557 2900 2884 2974 μακαρίζειν
2917 2902 3016 2972 μὲν
3046 2903 3189 2974 ὑπὲρ
3235 2904 3331 2973 τῆς
3363 2905 3456 2956 τοῦ
3494 2904 3629 2957 Θεοῦ
3676 2923 3817 2975 συμς

2141 2988 2364 3061 μαχίας,
2402 2987 2704 3059 θαυμάζειν
2736 2989 2793 3042 δὲ
2824 2988 2966 3060 ὑπὲρ
2996 2990 3093 3060 τῆς
3121 2991 3329 3054 οἰκείας
3362 2990 3690 3062 προθυμίας.
3722 2994 3821 3057 Τίς

2139 3077 2248 3146 γὰρ
2296 3076 2397 3129 οὐκ
2437 3076 2504 3129 ἂν
2550 3076 2856 3146 ἐκπλαγείη
2894 3077 3120 3141 δικαίως
3167 3076 3440 3141 ἀκούσας,
3487 3081 3674 3133 ὄτι.ἐν
3720 3086 3830 3153 μιᾷ-

2138 3163 2333 3236 καιροῦ
2377 3166 2517 3235 ῥοπῇ
2560 3163 2789 3236 γνώμην
2846 3164 3117 3235 τοσαύτην
3161 3165 3254 3218 καὶ
3308 3165 3671 3220 ἐϐουλεύσατο
3726 3173 3819 3223 καὶ

2136 3252 2385 3326 ἐκύρωσε
2394 3294 2419 3329 ,
2469 3250 2561 3305 καὶ
2598 3252 2678 3314 εἰς
2725 3251 2885 3324 ἔργον
2936 3251 3240 3324 ἐξήγαγεν;
3279 3254 3425 3306 Ἵστε
3477 3251 3584 3325 γὰρ
3616 3255 3813 3326 δήπιου⁹

2138 3342 2357 3408 πάντες,
2405 3341 2486 3394 ὅτι
2530 3338 2602 3393 τὰ
2634 3339 2892 3403 πολλάκις
2923 3342 3056 3411 ἡμῖν
3103 3342 3162 3394 ἐν
3197 3340 3397 3412 μακρῷ
3452 3341 3827 3414 μελετηθέντα

2138 3427 2333 3501 χρόνῳ,
2376 3427 2642 3500 παρόντος
2673 3425 2768 3481 τοῦ
2798 3425 2992 3498 καιροῦ
3023 3425 3118 3479 τοῦ
3157 3427 3256 3498 τὴν
3297 3430 3492 3497 πεῖραν
3524 3429 3819 3483 ἀπαιτοῦν-

2139 3534 2229 3581 τος
2258 3517 2426 3587 ἡμᾶς,
2457 3515 2551 3568 καὶ
2576 3513 2747 3585 ,φόϐου
2784 3513 2983 3587 μικροῦ
3014 3513 3112 3585 τὴν
3138 3512 3380 3569 διάνοιαν
3417 3515 3824 3583 καταλαϐόντος

2140 3610 2355 3664 ἅπαντα
2408 3607 2703 3679 ἐξεχέαμεν
2744 3605 2815 3662 τά
2860 3605 3209 3676 βουλεύματα
3259 3605 3366 3659 ὑπὸ
3422 3607 3523 3676 τῆς
3576 3607 3818 3677 ἀγωνίας

2138 3697 2333 3771 ἀθρόον
2367 3695 2714 3767 πτοηθέντες.
2744 3694 2896 3767 Δῦτη
2928 3694 2984 3747 δέ
3022 3693 3216 3766 βουλὴν
3249 3692 3394 3748 οὕτω
3443 3696 3680 3766 φρικτὴν
3723 3697 3821 3751 καὶ

2139 3784 2377 3856 φοϐεράν
2403 3784 2462 3837 ἐν
2500 3785 2602 3855 μιᾷ
2630 3782 2824 3855 καιροῦ
2861 3784 3001 3854 ῥοπῇ
3038 3781 3552 3849 καλύποδέξασθαι,
3582 3786 3675 3838 καὶ
3707 3785 3816 3856 ψη-

2141 3872 2421 3944 φίσασθαι,
2469 3872 2706 3935 καὶτοῖς
2752 3870 2935 3942 ἔργοις
2983 3868 3275 3941 πληρῶσαι
3311 3870 3523 3941 ἴσχυσε,
3564 3871 3658 3925 καὶ
3694 3872 3817 3927 οὔτε

2137 3963 2198 4015 τὸ
2244 3960 2474 4033 φοϐερὸν
2506 3958 2618 4013 τῶν
2654 3958 2960 4030 παρόντων,
3009 3957 3109 4029 οὐχ
3138 3959 3172 4029 ἡ
3212 3955 3412 4030 ὀξύτης
3454 3958 3549 4012 τοῦ
3601 3960 3815 4032 καιροῦ,

2137 4052 2236 4121 οὐχ
2272 4053 2304 4121 ἡ
2335 4049 2541 4120 ἐρημία
2579 4048 2679 4119 τῆς
2714 4046 3227 4118 ἐπιϐουλευομένης,
3264 4048 3325 4101 ού
3356 4046 3416 4101 τδ
3463 4049 3632 4118 μόνην
3669 4048 3816 4103 ἔνδον

2138 4138 2508 4207 ἀπειλῆφθαι,
2553 4138 2654 4191 οὐκ
2704 4135 2832 4189 ἀλλο
2868 4135 3021 4189 ούδέν
3069 4135 3310 4190 τοιοῦτον
3372 4135 3674 4209 ἐθορύϐησε
3717 4138 3834 4207 τὴν.

2142 4225 2417 4298 μακαρίαν
2446 4223 2691 4294 ἐκείνην*
2739 4222 2855 4278 ἀλλ’
2904 4221 3093 4294 ὥσπερ
3138 4223 3306 4292 φίλων
3335 4222 3499 4276 τινῶν
3534 4224 3829 4294 παρόντων.

2139 4314 2234 4370 καὶ
2272 4315 2584 4386 γνωρίμων,
2612 4311 2756 4366 οὕτω
2789 4311 2928 4382 μετά
2955 4313 3140 4375 ἀδείας
3167 4313 3383 4367 ἅπαντα
3412 4312 3649 4384 ἔπραττε
3670 4329 3685 4342 ·
3722 4314 3833 4367 καὶν

2142 4403 2286 4475 μάλα
2318 4403 2563 4467 εἰκότως.
2607 4402 2683 4457 Οὐ
2724 4402 2834 4473 γὰρ
2867 4398 2936 4472 ἦν
2976 4401 3124 4456 ἔνδον
3156 4402 3315 4474 μόνη,
3358 4401 3472 4455 ἀλλ’
3514 4398 3626 4472 εἶχε
3674 4400 3815 4472 σύμ-

2139 4492 2326 4546 ϐουλον
2367 4491 2605 4561 Ἰησοῦνο
2635 4493 2845 4555 ἐκεῖνος
2877 4493 3012 4562 αὐτῇ
3052 4490 3255 4561 παρῆν,
3296 4492 3501 4552 ἐκεῖνος
3542 4491 3642 4561 τῆς
3682 4506 3818 4560 καρ-
3905 4563 3919 4572 .

2136 4581 2258 4645 δίας
2301 4580 2474 4650 αὐτῆς
2505 4579 2729 4651 ἥπτετο,
2772 4580 2977 4643 ἐκεῖνος
3014 4578 3113 4647 τὴν
3146 4578 3325 4649 ψυχὴν
3377 4577 3816 4649 παρεθάρρυνεν,

2137 4670 2344 4731 ἐκεῖνος
2376 4667 2534 4739 μόνος
2563 4668 2655 4719 τὸν
2703 4667 2869 4736 φόϐον
2901 4666 3144 4731 ἐξέϐαλε.
3176 4665 3361 4720 Ταῦτα
3390 4666 3447 4721 δὲ
3487 4668 3586 4737 οὐχ
3628 4668 3817 4733 ἁπλῶς

2138 4756 2332 4819 ἐποίει,
2359 4736 2475 4807 ἀλλ’
2498 4753 2684 4825 ἐπειδὴ
2716 4755 2978 4825 πρότερον
3007 4754 3208 4826 ἑαυτὴν
3242 4754 3400 4821 ἀξίαν
3436 4736 3817 4828 παρεσκεύασε
3916 4736 3949 4791 ι’

2134 4843 2233 4913 τῆς
2259 4842 2464 4896 ἐκείνου
2502 4841 2752 4912 βοηθείας
2784 4844 2816 4913 η
2859 4842 3090 4913 μάρτυς.

2208 4930 2274 5001 β’.
2311 4929 2632 4995 Ἐξελθοῦσα
2665 4930 2843 4983 τοίνυν
2869 4929 3029 5001 χάριν
3062 4929 3231 5002 ᾔτησε
3276 4931 3403 4995 τοὺς
3437 4932 3776 5003 στρατιώτας
3798 4972 3817 4997 ,

2135 5018 2277 5071 ὥστε
2322 5018 2605 5083 εἰσελθεῖν,
2658 5021 2753 5073 καὶ
2801 5019 3320 5090 μεταμφιάσασθαι’
3369 5020 3464 5075 καὶ
3502 5020 3817 5075 εἰσελθοῦσα

2139 5106 2560 5177 μετημφιάσατο
2591 5105 2903 5177 ἀφθαρσίαν
2936 5108 3058 5161 ἀντὶ
3088 5107 3319 5180 φθορᾶς,
3355 5107 3654 5163 ἀθανασίαν
3693 5109 3819 5163 ἀντὶ

2137 5194 2392 5259 θανάτου,
2430 5193 2576 5264 ζωὴν
2613 5194 2972 5267 ἀτελεύτητον
3014 5196 3136 5251 ἀντὶ
3178 5195 3516 5268 προσκαίρου
3553 5194 3817 5267 περιϐαλ-

2134 5282 2335 5354 λομένη
2373 5282 2538 5353 ζωῆς.
2578 5282 2720 5352 Ἐγὼ
2751 5282 2808 5336 δέ
2842 5283 2980 5355 πρὸς
3025 5285 3139 5348 τοῖς
3177 5282 3489 5355 εἰρημένοις
3522 5283 3617 5337 καὶ
3657 5283 3817 5338 τοῦτο

2136 5368 2422 5440 θαυμάζω,
2460 5370 2578 5434 πῶς
2626 5370 2837 5426 ἔδωκαν
2866 5371 2965 5445 τὴν
3011 5372 3172 5444 χάριν
3208 5372 3258 5425 οἰ
3309 5369 3664 5442 στρατιῶται.
3698 5371 3818 5437 πῶς

2134 5458 2386 5528 ⁴ίιττάιτησε
2424 5459 2552 5523 τοὺς
2587 5459 2786 5529 ἄνδρας
2826 5461 2858 5531 ἡ
2894 5460 3051 5529 γυνὴ,
3089 5458 3207 5523 πῶς
3243 5458 3397 5512 οὐδὲν
3443 5458 3555 5512 τῶν
3595 5457 3817 5529 μελλόν-

2136 5563 2249 5601 των
2302 5545 2679 5617 συμϐήσεσθαι
2718 5549 2998 5604 ὑπείδοντο
3047 5550 3278 5609 ἐκεῖνοι,
3327 5546 3444 5610 πῶς
3471 5546 3532 5601 οὐ
3578 5549 3816 5616 συνῆκαν

2135 5635 2229 5690 τὸν
2258 5636 2430 5690 δόλον.
2460 5636 2596 5690 Ούδέ
2631 5636 2741 5710 γὰρ
2772 5636 3080 5691 ἔστιητοῦτο
3108 5638 3303 5704 εἰπεῖν,
3527 5637 3608 5690 ὅτι
3639 5635 3816 5697 οὐδεὶς

2139 5723 2289 5778 οὐδὲν
2330 5720 2571 5777 τοιοῦτον
2628 5724 2954 5795 εἰργάσατο·
3009 5723 3202 5778 πολλαὶ
3248 5724 3358 5798 γὰρ
3406 5724 3538 5789 ῖσως
3587 5723 3680 5776 καὶ
3736 5724 3817 5785 εἰς

2137 5810 2382 5883 κρημνὸν
2427 5810 2627 5874 ἑαυτὰς
2654 5812 2894 5881 ἀφῆκαν,
2937 5812 3031 5865 καὶ
3060 5814 3139 5877 εἰς
3172 5812 3406 5881 πέλαγος
3439 5810 3689 5883 ἔρριψαν,
3722 5810 3819 5864 καὶ

2136 5899 2292 5968 ξίφος
2327 5899 2415 5954 διὰ
2445 5897 2540 5952 τοῦ
2576 5899 2808 5972 στήθους
2843 5902 3071 5971 ἤλασαν,
3105 5904 3196 5958 καὶ
3234 5903 3425 5976 βρόχον
3456 5901 3688 5974 ἀνῆψαν,
3720 5898 3817 5952 καὶ

2142 5986 2350 6044 πολλῶν
2398 5985 2653 6043 τοιούτων
2702 5989 2997 6062 δραμάτων
3037 5995 3063 6049 ό
3097 5994 3287 6068 καιρός
3332 5993 3528 6064 ἔγεμεν
3571 5990 3803 6054 ἐκεῖνος’
