4032 6452
296 425 402 483 581

294 552 413 593 non
441 532 811 595 alorarentur.
859 522 1215 596 Quamobrem
1246 537 1310 577 ex
1339 520 1528 575 mediis
1564 515 1651 571 illa
1680 514 1882 577 retibus

294 625 538 683 avolavit
561 641 572 676 :
596 636 660 677 ac
684 616 1131 691 quemadmodum
1156 628 1309 679 cerva
1333 613 1388 668 in
1414 612 1556 682 ipsas
1572 619 1883 666 venatorum

297 734 495 777 manus
519 716 760 786 delapsa,
785 712 1012 782 indeque
1038 718 1223 780 postea
1241 707 1518 777 aufugiens
1547 706 1599 760 in
1627 704 1898 761 verticem.

296 810 503 867 montis
530 804 873 863 venatoribus
902 812 957 860 et
992 801 1108 857 telis
1150 801 1482 856 inaccessum
1538 812 1598 853 se
1635 795 1883 861 confert,

297 914 651 969 cursumque.
673 895 888 952 tandem
940 894 1101 960 sistit,
1149 901 1317 963 atque
1350 892 1405 946 in
1435 899 1549 946 tuto
1575 889 1746 960 posita
1771 902 1885 953 eos,

301 992 397 1062 qui
442 990 543 1046 sibi
571 987 981 1054 insichabantur,
1015 985 1236 1056 respicit
1262 1000 1279 1039 :
1305 984 1389 1039 sic
1416 991 1472 1039 et
1501 982 1589 1037 illa
1617 981 1670 1035 in
1701 993 1890 1035 manus

300 1082 672 1138 insidiantium
700 1078 916 1149 delapsa
942 1118 958 1144 ,
999 1084 1057 1133 et
1082 1076 1374 1147 parietibus
1402 1074 1552 1145 quasi
1581 1073 1783 1129 retibus
1806 1073 1891 1127 in-

302 1184 396 1230 tus
435 1171 846 1244 comprehensa,
883 1168 1107 1241 aufugit,
1137 1183 1243 1224 non
1288 1168 1343 1223 in
1390 1167 1587 1221 montis
1613 1165 1888 1227 verticem.

302 1267 406 1324 sed
435 1268 493 1335 in
513 1267 686 1336 ipsum
706 1263 825 1320 caeli
846 1276 1133 1328 cacumen;
1158 1259 1301 1316 unde
1324 1260 1448 1314 illos
1476 1258 1689 1313 intuens
1708 1258 1892 1312 vacuis

303 1359 552 1419 omnibus
570 1364 922 1423 revertentes,
946 1354 1170 1409 multum
1196 1351 1479 1424 gaudebat,
1509 1366 1628 1405 cum
1650 1350 1892 1404 iulidclcs

301 1449 515 1521 pudore
541 1447 773 1504 suffusos
795 1453 1060 1502 cerneret.
1080 1444 1293 1514 Cogites
1305 1458 1534 1511 namque
1553 1442 1710 1497 velim
1731 1441 1892 1511 quale

301 1543 410 1603 fuit
448 1540 598 1607 illud,
640 1539 862 1595 sedente
900 1537 1098 1608 judice,
1154 1534 1487 1601 adstantibus
1529 1532 1886 1599 carnificibus,

303 1633 512 1703 paratis
539 1630 838 1697 tormentis,
867 1629 1116 1683 universa
1145 1634 1332 1682 coacta
1357 1623 1717 1689 multitudine,
1766 1637 1889 1677 cum

304 1725 514 1783 milites
548 1730 940 1793 exspectarent,
964 1734 1079 1792 pra:
1103 1718 1374 1789 voluptate
1400 1716 1750 1787 gestientibus
1769 1730 1888 1770 om-

302 1816 488 1881 nibus,
520 1830 577 1887 se
611 1814 844 1885 praedam
873 1820 1191 1883 accepturos
1224 1808 1585 1881 sperantibus,
1616 1818 1742 1863 tunc
1770 1806 1894 1863 red-

305 1908 438 1969 iisse
481 1919 595 1974 eos,
635 1905 731 1977 qui
760 1905 827 1961 ad
865 1903 918 1960 id
966 1903 1120 1959 missi
1147 1903 1389 1967 fuerant,
1420 1901 1571 1956 vultu
1595 1900 1650 1954 in
1694 1910 1891 1953 terram

304 1999 565 2064 demisso,
594 2013 811 2068 remque
837 2005 1039 2067 gestam
1065 2008 1330 2053 narrasse.
1349 1993 1615 2059 Quantum
1636 1989 1891 2055 dedecus,

302 2100 575 2161 quantum
612 2105 904 2147 minuerem
946 2102 1011 2143 ac
1052 2087 1308 2158 probrum
1352 2084 1597 2147 infideles
1622 2084 1742 2139 illos
1769 2091 1896 2137 tunc

302 2182 555 2246 affecisse
581 2197 678 2252 par
706 2188 789 2239 est
812 2180 837 2234 ’ἰ
859 2194 1017 2250 quam
1046 2179 1197 2234 vultu
1231 2177 1484 2242 demisso,
1527 2182 1737 2246 quanto
1772 2190 1893 2229 cuin

304 2276 517 2346 pudore
543 2274 947 2345 renes
983 2273 1106 2327 illos
1128 2313 1143 2338 ,
1173 2286 1295 2328 cum
1337 2266 1649 2333 didicissent
1675 2282 1744 2323 se
1784 2282 1893 2322 non

302 2382 439 2424 cum
456 2366 776 2435 horninibus,
807 2364 901 2420 sed
921 2380 1041 2420 cum
1073 2364 1185 2419 Deo
1213 2362 1410 2418 bellum
1438 2361 1669 2433 genere!
1696 2358 1895 2429 loseph

303 2458 458 2515 hera:
481 2473 589 2512 suae
615 2456 824 2517 insidiis
852 2457 1138 2528 appetitus,
1178 2455 1514 2519 vestimento,
1558 2452 1701 2524 quod
1738 2452 1897 2511 foedis

302 2551 555 2607 barbara:
602 2550 847 2619 mulieris
885 2550 1134 2604 manibus
1160 2548 1459 2615 tenebatur,
1484 2546 1692 2611 relicto,
1723 2545 1899 2599 nudus

303 2643 481 2699 exiit:
509 2642 626 2697 h:ec
652 2656 781 2697 vero
800 2656 997 2711 corpus
1024 2640 1236 2695 lascivis
1261 2638 1493 2694 detineri
1512 2638 1759 2694 manibus
1787 2651 1894 2691 non

308 2736 463 2801 sivit,
478 2734 570 2790 sed
592 2732 733 2789 nuda
759 2746 880 2789 cum
903 2731 1079 2787 anima
1104 2729 1420 2797 ascendens,
1449 2742 1763 2799 sacramque
1778 2741 1898 2789 car-

305 2841 439 2891 nem
464 2825 602 2896 apud
632 2824 816 2883 hostes
837 2823 1169 2892 relinquens,
1189 2821 1251 2876 in
1265 2819 1652 2890 magnamillos
1680 2817 1895 2887 consilii

306 2917 546 2987 inopiam
576 2915 848 2987 conjecit:
879 2930 1053 2986 neque
1083 2912 1224 2995 enim
1254 2913 1501 2969 sciebant
1533 2911 1663 2982 quid
1684 2910 1752 2967 de
1771 2910 1900 2966 reli-

305 3010 453 3080 quiis
472 3009 575 3069 illis
604 3008 859 3068 facerent.
888 3007 1036 3063 Talia
1062 3015 1191 3064 sunt.
1223 3006 1319 3061 Dei
1349 3004 1601 3074 praeclara
1629 3010 1803 3075 gesta,
1840 3008 1901 3057 ut

306 3116 501 3166 servos
523 3114 650 3161 suos
669 3115 731 3158 ex
759 3099 1003 3169 angustia
1026 3099 1077 3153 in
1101 3096 1532 3166 tranquillitatem
1545 3108 1789 3165 magnam
1799 3093 1897 3148 de-

308 3193 508 3267 ducat;
560 3190 895 3251 adversarios
938 3198 1123 3257 autem,
1168 3196 1223 3245 et
1263 3187 1443 3243 hostes
1489 3201 1621 3241 cum
1646 3198 1899 3254 prospere

311 3290 519 3347 habere
544 3287 794 3345 videntur
820 3327 834 3351 ,
856 3286 915 3342 in
938 3293 1242 3341 extremam
1268 3281 1478 3338 consilii
1514 3277 1746 3349 inopiam
1767 3278 1901 3347 deji-

316 3384 447 3439 ciat.
486 3381 617 3448 Quae
652 3379 799 3435 enim
826 3378 1067 3448 angustia
1105 3376 1278 3446 major
1306 3374 1412 3438 illa,
1448 3374 1499 3427 in
1530 3386 1695 3443 quam
1719 3369 1899 3441 puella

312 3485 445 3533 tum
469 3472 729 3529 inciderat
749 3473 774 3524 ‘l
798 3469 933 3540 quid.
952 3468 1211 3533 facilitate
1236 3466 1333 3521 illa
1361 3463 1551 3533 majus,
1582 3463 1636 3517 in
1660 3476 1762 3531 qua
1786 3469 1899 3515 tum

312 3563 512 3627 milites
561 3560 949 3627 versabantur?
996 3557 1179 3614 Solam
1235 3556 1377 3609 illam
1424 3555 1567 3608 intus
1621 3550 1899 3606 habebant

312 3654 781 3727 comprehensam,
803 3652 949 3709 domi
975 3666 1073 3708 ceu
1103 3650 1156 3719 in
1180 3663 1405 3705 carcere
1427 3647 1709 3709 inclusam,
1737 3652 1794 3698 et
1817 3652 1901 3697 ta-

313 3762 442 3806 men
469 3747 844 3809 abscesserunt
866 3745 1060 3799 amissa
1086 3740 1285 3812 panda.
1317 3739 1550 3795 Rursum
1580 3736 1755 3807 puella
1788 3734 1903 3790 sola

315 3838 519 3912 auxiiio
540 3853 763 3910 prorsus
782 3846 835 3893 et
864 3851 969 3908 ope
1003 3834 1279 3901 destituta,
1309 3833 1517 3887 nullum
1533 3829 1905 3898 undecumque

317 3931 397 3989 ab.
419 3928 672 3988 utrumuis
697 3928 903 3984 exitum
936 3925 1145 3988 videns,
1176 3924 1417 3992 fcrarunt
1439 3922 1622 3979 oribus
1644 3919 1903 3989 proxima,

316 4038 383 4077 ex
412 4023 561 4092 ipsis,
591 4030 651 4076 ut
676 4021 748 4075 ita
787 4020 985 4084 dicam,
1026 4017 1268 4072 faucibus
1297 4022 1502 4083 erepta,
1534 4012 1754 4066 insidias
1772 4009 1905 4065 effu-

316 4114 417 4183 git,
446 4113 661 4180 milites,
688 4110 916 4181 judices,
948 4108 1221 4179 principes
1251 4105 1542 4175 superavit.
1570 4105 1651 4157 Ac
1669 4102 1796 4157 dum
1819 4100 1907 4155 illa

318 4208 544 4272 viveret,
562 4204 731 4274 ipsam
758 4218 819 4258 se
836 4211 1183 4273 superaturos
1206 4199 1496 4271 sperabant
1516 4211 1706 4252 omnes
1726 4214 1740 4263 ;
1760 4203 1909 4265 post-

318 4312 481 4366 quam
511 4303 688 4349 autem
731 4301 944 4349 mortua
994 4300 1112 4359 est,
1143 4300 1267 4347 tunc
1313 4291 1366 4345 in
1398 4289 1655 4359 majorem
1698 4287 1909 4343 consilii

320 4386 556 4457 inopiam
581 4384 782 4454 delapsi
808 4391 933 4439 sunt
955 4400 968 4436 :
988 4391 1046 4437 ut
1075 4382 1346 4437 discerent
1378 4395 1597 4436 nomen
1616 4393 1909 4434 lAR'l'YRUIt

326 4494 450 4533 esse
477 4476 752 4531 victoriam
790 4482 1106 4546 martyrum.
1133 4472 1360 4528 Perinde
1380 4486 1510 4526 vero
1530 4469 1742 4537 accidit,
1771 4483 1835 4523 ac
1862 4467 1909 4523 si

326 4568 480 4624 navis
530 4568 828 4623 innumeris
878 4566 1149 4621 mercibus
1204 4564 1610 4636 margaritisque
1663 4561 1912 4633 pretiosis

325 4669 540 4725 onusta,
588 4659 642 4713 in
687 4659 804 4729 ipso
846 4667 1033 4728 portus
1083 4656 1229 4711 aditu
1267 4655 1622 4711 decumanum
1668 4653 1909 4720 fluctum,

329 4768 455 4805 mox
471 4752 617 4805 illam
640 4750 1064 4817 submersurum,
1087 4747 1365 4820 effugiens,
1390 4747 1507 4816 ipso
1528 4746 1790 4802 undarum
1813 4744 1915 4798 im-

328 4853 453 4911 petu
478 4842 707 4897 celerius
734 4842 790 4896 in
833 4849 1047 4912 portum
1076 4838 1490 4896 transmittatur.
1537 4836 1627 4894 Sic
1663 4844 1719 4892 et
1744 4835 1915 4891 beata:

329 4934 557 5003 Pelagim
593 4934 835 5003 contigit.
886 4932 1020 4988 Nam
1049 4931 1278 4987 militum
1318 4930 1585 4994 incursus,
1618 4927 1915 4982 futurorum

326 5027 663 5081 cruciatuum
689 5036 882 5093 metus,
930 5026 1091 5081 minae
1111 5024 1324 5096 judicis,
1361 5023 1478 5078 hmc
1517 5036 1710 5092 nempe
1736 5018 1917 5076 omnia

324 5120 577 5175 ﬂuctibus
623 5118 993 5175 vehementius
1052 5117 1351 5188 ingruentia
1405 5116 1455 5171 id
1507 5114 1815 5180 effecerunt,
1860 5123 1919 5168 ut

327 5213 497 5266 multo
543 5211 776 5266 celerius
805 5210 858 5264 in
883 5211 1073 5263 czelum
1101 5209 1373 5273 avolaret;
1403 5205 1701 5276 ﬂuctusque
1724 5219 1917 5260 navem

325 5302 708 5357 sulmiersurus
730 5302 874 5355 illam
892 5300 1048 5355 citius
1072 5299 1125 5354 in
1145 5299 1483 5368 tranquillum
1503 5308 1714 5368 portum
1740 5307 1917 5352 trans-

285 5443 295 5451 .
327 5395 476 5457 nti-.it
503 5412 518 5462 ;
550 5395 742 5451 deinde
762 5409 956 5464 corpus
984 5393 1113 5449 illud
1131 5394 1215 5447 vel
1235 5391 1442 5463 fulgure
1468 5391 1797 5462 splendidius
1818 5392 1917 5447 de-

330 5486 625 5554 ferebatur,
670 5485 867 5541 diaboli
910 5485 1094 5539 oculos
1119 5482 1340 5538 feriens.
1366 5483 1482 5536 Non
1508 5483 1649 5538 extim
1690 5483 1897 5553 fulgure

328 5579 465 5634 celo
489 5577 779 5633 demissum
808 5577 881 5632 ita
909 5576 1062 5632 nobis
1081 5576 1316 5631 terribile
1335 5583 1439 5642 est,
1473 5587 1530 5631 ut
1551 5591 1745 5646 corpus
1773 5591 1917 5630 mar-

333 5671 468 5741 tyris
500 5669 704 5740 fulgure
735 5670 850 5741 ipso
874 5670 1087 5741 gravius
1113 5668 1416 5725 dzemonum
1461 5669 1751 5740 phalangas
1796 5684 1920 5739 per-

333 5762 729 5817 torrefaciebat.

409 5854 462 5911 3.
496 5853 574 5908 Ex
599 5854 766 5907 divino
796 5863 919 5908 nutu
951 5851 1159 5925 Pelagia
1187 5870 1237 5910 se
1273 5854 1574 5926 pra'cipilvm
1617 5854 1720 5911 dat.
1754 5886 1809 5896 κο
1852 5854 1921 5911 Ut

1085 412 1174 471 or.
1210 409 1268 469 s.
1309 392 1604 467 cuneata
1649 399 1923 463 VIIRGINE
1949 398 2039 458 ΕΤ
2070 402 2426 460 nutritus.
2469 402 2696 459 uouit.
2722 402 2763 460 l.

3478 411 3587 468 582‘
3606 453 3616 460 .

1992 529 2122 568 vero
2150 514 2323 570 discas
2350 515 2403 570 id
2434 532 2536 571 non
2563 516 2678 571 sine
2700 516 2880 572 divino
2910 528 3035 573 nutu
3081 519 3273 577 factum
3315 523 3497 593 fuisse,
3533 528 3613 582 id“

1990 605 2223 662 maxime
2260 610 2581 679 comperias,
2633 619 2743 666 tum
2773 625 2838 664 ex
2865 612 3083 681 virginis
3126 614 3423 684 alacritate,
3471 629 3584 675 tum

1991 715 2055 755 ex
2082 710 2168 767 eo;
2190 701 2333 771 quod
2354 703 2548 759 milites
2566 703 2744 758 dolum
2774 719 2880 760 non
2901 705 3201 777 olfecerint,
3225 712 3364 783 quod
3389 718 3585 784 petenti

1992 794 2296 858 annuerint,
2319 795 2531 866 etquod
2546 811 2629 851 res
2641 797 2707 851 ad
2728 798 2926 853 exitum
2942 799 3165 857 deducta
3179 804 3279 859 sit:
3301 821 3471 877 neque
3483 810 3555 863 mi
3567 841 3586 851 -

1993 900 2092 939 nus
2124 883 2173 938 id
2216 886 2456 941 ediscere
2476 888 2641 943 liceat
2667 903 2731 943 ex
2774 890 2887 960 ipsa
2937 893 3124 949 mortis
3162 895 3386 952 ratione.
3438 899 3586 954 Multi

1993 975 2135 1031 enim
2163 992 2193 1031 e
2220 977 2430 1032 sublimi
2463 987 2603 1033 tecto
2627 978 2852 1051 delapsi,
2884 982 3015 1037 nihil
3062 985 3185 1040 mali
3239 989 3378 1057 passi
3428 1002 3587 1057 sunt;

1994 1066 2082 1121 alii
2114 1066 2239 1121 item
2271 1068 2528 1124 membris
2546 1069 2863 1139 quibusdam
2885 1075 3128 1143 corporis
3149 1077 3398 1144 mutilati,
3427 1080 3587 1152 longo

1993 1168 2116 1227 post
2140 1158 2340 1228 lapsum
2370 1168 2612 1240 tempore
2652 1161 2901 1218 vixerunt
2931 1182 2944 1218 :
2980 1164 3149 1222 beata:
3187 1177 3363 1224 autem
3400 1171 3589 1242 virgini

1994 1249 2129 1304 nihil
2156 1249 2461 1321 hujusmodi
2508 1254 2820 1325 contingere
2845 1256 3011 1314 voluit
3064 1260 3242 1327 Deus;
3291 1263 3385 1318 sed
3432 1264 3596 1335 jussit

1993 1342 2225 1395 animam
2251 1344 2428 1397 statim
2459 1358 2524 1398 ex
2551 1359 2777 1415 corpore
2800 1349 2966 1417 exire,
3007 1359 3065 1406 et
3087 1367 3227 1421 eam,
3283 1363 3340 1408 ut
3367 1371 3485 1426 qua:
3509 1373 3595 1412 sa—

1999 1436 2066 1489 tis
2094 1445 2351 1491 certasset
2374 1437 2658 1508 omniaque
2685 1440 2973 1510 implesset,
3016 1446 3245 1514 excepit.
3289 1447 3404 1502 Non
3448 1450 3591 1503 enim

1994 1543 2063 1582 ex
2090 1542 2246 1589 casus
2266 1537 2471 1595 natura,
2512 1530 2610 1585 sed
2650 1546 2716 1586 ex
2764 1532 2856 1587 Dei
2894 1533 3046 1603 jussu
3088 1551 3232 1591 mors
3264 1549 3615 1609 consequuta.

1993 1627 2096 1673 est.
2126 1618 2344 1675 iacebat
2369 1620 2561 1675 deinde
2586 1637 2782 1692 corpus
2820 1638 2927 1678 non
2955 1624 3008 1678 in
3036 1625 3195 1693 lecto,
3222 1627 3319 1683 sed
3340 1629 3391 1683 in
3430 1631 3546 1683 solo
3577 1650 3621 1683 :-.

1996 1718 2053 1763 at
2081 1726 2186 1764 non
2211 1711 2329 1766 ideo
2353 1704 2546 1782 erpers
2572 1713 2794 1770 honoris
2822 1724 2939 1771 erat
2965 1717 3109 1787 quod
3134 1718 3185 1773 in
3213 1721 3327 1774 solo
3343 1721 3544 1791 jaceret
3573 1742 3586 1787 ;
3618 1772 3621 1779 .

1995 1801 2089 1856 sed
2116 1802 2291 1858 solum
2316 1803 2491 1872 ipsum
2517 1805 2877 1861 venerandum
2907 1814 3024 1862 erat
3051 1847 3068 1876 ,
3089 1808 3237 1885 quod
3262 1819 3403 1866 tanta
3427 1812 3594 1883 gloria
3620 1842 3629 1863 ε

2000 1895 2284 1965 praeditum
2309 1911 2500 1967 corpus
2526 1900 2845 1969 excepisset.
2874 1900 2951 1956 Ex
2982 1900 3084 1958 hoc
3109 1902 3226 1972 ipso
3248 1903 3408 1975 igitur
3435 1920 3601 1960 vene.

1998 1986 2217 2041 rabilius
2241 2001 2441 2057 corpus
2464 1989 2603 2045 illud-
2620 2001 2755 2059 erat,
2780 1992 2927 2061 quod
2954 1992 3007 2047 in
3046 1993 3163 2048 solo
3183 1994 3390 2064 jaceret
3416 2013 3431 2047 :
3462 2011 3597 2051 cono

1999 2079 2229 2149 tumelia:
2259 2096 2489 2151 namque
2516 2093 2733 2153 propter
2755 2084 3025 2139 Christum
3048 2085 3299 2157 irrogata:
3318 2089 3597 2145 aecensio-

1996 2187 2121 2229 nem
2161 2172 2314 2227 nobis
2344 2174 2590 2244 prmlient
2627 2175 2863 2230 honoris.
2932 2174 3155 2232 Iacebat
3181 2178 3341 2248 igitur
3363 2180 3416 2234 in
3456 2180 3591 2245 solo,

1997 2275 2222 2335 angusto
2250 2267 2389 2333 loco,
2424 2266 2717 2336 virgineum
2748 2266 2877 2322 illud
2899 2278 2952 2322 et
2979 2281 3110 2322 auio
3137 2269 3421 2339 pretiosius
3469 2286 3595 2326 cor-

2001 2373 2099 2427 pus
2129 2376 2143 2411 :
2175 2358 2591 2416 circumstabant
2622 2359 2816 2430 angeli,
2854 2360 3244 2414 venerabantur
3290 2362 3597 2432 archangeli

1998 2463 2186 2504 omnes
2216 2468 2230 2505 :
2256 2449 2443 2505 aderat
2466 2450 2579 2519 ipse
2604 2449 2872 2506 Christus.
2903 2449 3033 2505 Nam
3052 2452 3097 2506 si
3127 2450 3247 2506 heri
3270 2451 3597 2508 domesticos

2000 2540 2335 2596 honestiores
2360 2553 2600 2600 mortuos
2625 2542 2873 2609 efferunt,
2918 2559 3016 2599 nec
3044 2544 3384 2612 erubescunt,
3428 2547 3600 2603 multo

2000 2636 2171 2705 magis
2194 2634 2436 2690 Christus
2463 2650 2602 2704 eam,
2628 2651 2747 2705 qua:
2776 2636 2859 2691 sui
2886 2650 3046 2690 causa
3075 2636 3305 2691 animam
3322 2638 3597 2708 emiserat,

2006 2738 2318 2801 tantumque
2338 2730 2563 2801 periculi
2602 2731 2829 2796 adierat,
2885 2747 2980 2787 sua
3018 2735 3300 2804 praesentia
3331 2733 3600 2791 honorare

2001 2836 2107 2876 non
2128 2822 2419 2879 erubuerit.
2434 2822 2653 2878 iacebat
2678 2824 2841 2893 igitur
2861 2838 3112 2894 magnum
3135 2824 3374 2881 funerale
3394 2826 3607 2883 habens.

1999 2913 2313 2985 martyrium
2342 2912 2693 2970 confessionis
2721 2923 2912 2970 ornatu
2942 2916 3214 2984 decorata,
3257 2918 3405 2972 omni
3448 2919 3593 2997 regia

2001 3019 2255 3075 purpura,
2287 3005 2432 3061 omni
2460 3015 2607 3061 veste
2632 3007 2862 3077 pretiosa
2890 3008 3203 3076 pretiosiore
3232 3009 3368 3063 stola
3392 3010 3597 3079 induta,

2000 3110 2171 3165 eaqu
2195 3095 2416 3166 duplici,
2450 3110 2643 3166 nempe
2683 3096 3005 3166 virginitatis
3045 3107 3100 3153 et
3143 3101 3385 3169 martyrii
3417 3117 3431 3154 :
3473 3116 3595 3155 cum

2002 3186 2086 3242 his
2114 3186 2444 3243 funcralibus
2487 3188 2716 3245 adstahit
2762 3189 3011 3243 tribunali
3037 3188 3251 3245 Christi.
3284 3191 3470 3248 Talem
3501 3207 3613 3248 nos-

2001 3293 2214 3349 quoque
2233 3288 2445 3334 vestem
2465 3278 2774 3335 studeamus
2792 3280 3034 3335 viventes
3057 3295 3121 3336 ac
3144 3284 3335 3337 mortui
3366 3284 3596 3339 habere:

2002 3372 2152 3441 gnari
2180 3386 2325 3439 eum,
2354 3371 2442 3441 qui
2472 3372 2652 3427 aureis
2669 3373 3001 3429 vestimentis
3017 3388 3213 3443 corpus
3239 3383 3481 3447 exornet,
3515 3376 3600 3430 ni-

2005 3461 2080 3516 hil
2104 3462 2231 3518 inde
2254 3463 2494 3519 utilitatis
2527 3464 2824 3534 percipere,
2868 3465 2977 3519 imo
3002 3465 3178 3534 potius
3208 3465 3262 3520 in
3300 3466 3616 3521 multorum

2004 3554 2476 3624 reprehensionem
2494 3555 2789 3622 incurrere,
2823 3564 2880 3610 ut
2898 3557 2989 3627 qui
3013 3572 3080 3633 ne
3111 3556 3171 3610 in
3186 3567 3360 3613 morte
3382 3559 3599 3629 quidem

2005 3660 2036 3699 a
2058 3660 2191 3705 vana
2217 3646 2384 3717 gloria
2424 3645 2675 3712 recedat;
2703 3646 2786 3701 sin
2819 3646 3018 3702 virtute
3057 3647 3126 3701 sit
3153 3646 3372 3719 inditus,
3406 3648 3611 3703 multos

2007 3738 2167 3795 etiam
2194 3748 2313 3807 post
2339 3747 2568 3793 mortem
2597 3737 2900 3793 laudatores
2940 3738 3176 3793 habebit.
3228 3738 3440 3794 Etenim
3469 3740 3602 3810 ipsis

2007 3830 2171 3884 etiam
2200 3830 2565 3900 imperialibus
2591 3831 2726 3886 aulis
2752 3830 3084 3901 splendidius
3111 3831 3251 3907 apud
3276 3847 3466 3887 omnes
3498 3834 3603 3888 erit

2009 3922 2312 3991 sepulcrum
2331 3921 2480 3988 illud,
2504 3922 2590 3977 ubi
2613 3937 2809 3992 corpus
2824 3922 3074 3992 jacuerit,
3107 3914 3247 3993 quod
3269 3938 3393 3978 cum
3411 3923 3607 3979 virtute

2010 4028 2073 4067 ac
2104 4014 2301 4083 pietate
2327 4014 2536 4069 vixerit.
2562 4014 2727 4084 Hujus
2743 4016 2818 4068 rei
2848 4023 3011 4070 testes
3033 4029 3127 4070 vos
3154 4016 3305 4081 estis,
3337 4015 3428 4086 qui
3470 4016 3604 4071 divi-

2012 4114 2123 4160 tum
2159 4105 2431 4175 sepulcra,
2476 4107 2577 4161 etsi
2633 4105 2812 4161 aureis
2855 4115 3046 4161 ornata
3097 4107 3453 4175 vestimentis,
3503 4122 3617 4163 ceu

2012 4196 2293 4266 speluncas
2318 4198 2810 4267 praetermitti-otes,
2838 4198 2906 4253 ad
2931 4206 3170 4253 sanctam
3199 4214 3395 4270 magno
3425 4199 3608 4255 studio

2013 4288 2310 4355 accurritis,
2355 4290 2479 4359 quia
2520 4304 2642 4344 cum
2686 4305 2809 4346 sese
2850 4289 3126 4362 martyrio,
3171 4291 3509 4348 confessione
3553 4301 3609 4347 et

2012 4378 2313 4448 virginitate
2360 4380 2588 4435 vestium
2633 4395 2915 4435 aurearum
2948 4381 3065 4436 loco
3091 4380 3374 4449 induisset,
3405 4391 3610 4454 martyr

2015 4470 2280 4526 discessit.
2326 4470 2459 4526 Eam
2510 4472 2689 4541 itaque
2728 4487 2826 4543 pro
2870 4472 3071 4528 viribus
3118 4472 3388 4527 imitemur
3429 4487 3605 4527 :cou-

2020 4563 2332 4632 tempsitilla
2353 4550 2537 4628 vitam,
2566 4573 2971 4620 contemnamus
2988 4573 3042 4620 et
3067 4579 3164 4620 nos
3185 4564 3426 4632 delicias,
3459 4580 3609 4622 sum—

2018 4665 2239 4726 ptuosos
2267 4656 2586 4712 irrideamus
2610 4667 2917 4728 apparatus,
2945 4657 3313 4714 abstineamus
3337 4657 3407 4713 ab
3436 4658 3609 4715 ebrieo

2021 4757 2150 4815 nite,
2172 4749 2443 4819 crapulam
2459 4748 2742 4820 fugiamus.
2763 4748 2949 4820 Neque
2964 4750 3082 4805 sine
3097 4764 3258 4805 causa
3280 4750 3358 4805 sic
3383 4750 3627 4821 loquor:

2020 4840 2115 4896 sed
2136 4842 2257 4911 quia
2283 4840 2481 4896 multos
2503 4840 2619 4911 jam
2641 4840 2818 4909 video,
2841 4840 2932 4911 qui
2961 4849 3081 4911 post
3101 4840 3337 4897 solutum
3365 4840 3471 4897 hoc
3496 4832 3610 4910 spi4

2020 4933 2211 4988 rituale
2236 4933 2502 4989 theatrum
2528 4932 2596 4988 ad
2622 4934 2955 5000 ebrietatem,
2984 4933 3052 4990 ad
3079 4949 3370 5005 cauponas,
3418 4934 3488 4991 ad
3531 4934 3617 4990 di-

2024 5025 2383 5081 versoriorum
2400 5040 2634 5094 mensas,
2653 5025 2720 5081 ad
2738 5026 2947 5097 aliaque
2965 5027 3136 5097 turpia
3153 5026 3450 5083 advolaturi
3467 5034 3612 5082 sunt.

2024 5118 2380 5187 Quamobrem
2410 5134 2542 5191 rogo
2570 5129 2624 5174 et
2647 5117 2856 5185 hortor,
2888 5126 2948 5173 ut
2970 5134 3182 5189 semper
3208 5118 3348 5175 hanc
3370 5126 3615 5173 sanetam

2023 5212 2282 5283 virginem
2325 5211 2379 5265 in
2404 5211 2663 5266 memoria
2684 5220 2737 5266 et
2763 5219 2943 5267 mente
2976 5211 3237 5277 habeatis,
3281 5223 3453 5279 neque
3495 5223 3619 5263 cou-

2026 5305 2233 5359 cionem
2257 5301 2394 5359 hanc
2412 5303 2766 5371 dedecoretis,
2792 5318 2966 5374 neque
2990 5318 3131 5369 eam,
3160 5318 3281 5372 qua:
3308 5316 3376 5355 ex
3403 5299 3501 5352 hac
3528 5312 3620 5354 cev

2029 5395 2273 5451 lebritate
2302 5396 2456 5450 nobis
2482 5395 2711 5462 accedit,
2763 5394 3010 5449 ﬁduciam
3057 5393 3126 5448 de
3169 5391 3347 5446 medio
3389 5390 3613 5447 tollatis.

2029 5487 2240 5542 Etenim
2264 5503 2368 5541 non
2399 5496 2601 5541 temere
2633 5502 2754 5542 cum
2797 5486 3080 5557 gentilibus
3116 5484 3479 5553 colloquentes
3524 5482 3622 5538 hu-

2025 5577 2115 5648 jus
2166 5577 2517 5633 solemnitatis
2561 5576 2855 5646 frequentia
2895 5573 3486 5645 gloriamur,illosque
3530 5591 3622 5629 ru-

2031 5671 2161 5726 bore
2192 5670 2558 5740 perfundimus
2585 5669 2845 5735 dicentes,
2880 5668 3181 5721 universam
3205 5668 3471 5722 civitatem
3497 5676 3618 5721 tan-

2033 5775 2252 5834 tumque
2282 5763 2529 5834 populum
2560 5778 2591 5817 a
2627 5761 2800 5833 puella
2831 5770 3039 5815 mortua
3061 5761 3282 5830 singulis
3309 5760 3464 5815 annis
3502 5775 3624 5829 peo-

2038 5856 2196 5923 trahi,
2224 5871 2319 5910 nec
2346 5863 2463 5925 post
2486 5863 2561 5909 tot
2587 5868 2755 5907 annos
2783 5868 2813 5907 a
2842 5852 2929 5906 tali
2959 5852 3343 5908 consuetudine
3380 5865 3626 5920 superse-
