4104 6496
444 406 550 460 533

433 522 602 576 dere:
630 534 815 576 verum
834 517 880 574 si
906 517 1176 574 senserint
1199 530 1285 582 ea,
1316 530 1435 583 quae
1470 515 1520 568 in
1554 513 1654 567 hac
1722 512 2032 568 celebritate

435 613 811 677 admittuntur,
835 623 1029 682 magna
1061 606 1273 663 laudum
1302 615 1450 676 parte
1475 604 1798 660 carebimus.
1822 601 1955 658 Nam
1986 603 2030 657 si

441 703 576 768 inec,
619 717 740 773 qua:
763 715 903 755 nunc
948 701 1222 762 convenit,
1251 694 1536 750 multitudo
1585 695 1665 750 sic
1689 708 1811 749 cum
1850 693 2032 748 debito

437 795 628 850 ordine
648 792 888 860 accedat,
915 791 968 848 id
1006 804 1198 861 magno
1226 788 1383 844 nobis
1420 788 1527 844 erit
1553 795 1911 851 ornamento;
1949 787 2030 840 sin

440 903 562 942 cum
603 885 830 957 segnitia
869 899 933 940 ac
980 881 1320 955 negligentia,
1360 881 1616 951 probrum
1665 878 1820 934 nobis
1844 877 1944 933 erit
1971 893 2034 933 ac

438 979 778 1048 vituperium.

509 1073 564 1126 4.
604 1069 785 1125 Honor
811 1067 1122 1140 Martyribus
1147 1066 1362 1121 debitus.
1387 1095 1461 1108 —-
1495 1065 1566 1121 Ut
1604 1064 1762 1134 igitur
1789 1063 2036 1119 caritatis

442 1173 636 1218 vestrae
666 1161 960 1233 frequentia
985 1160 1200 1229 gloriari
1231 1158 1500 1230 possimus
1523 1199 1537 1224 ,
1564 1173 1684 1212 cum
1707 1156 1894 1212 eadem
1922 1171 2037 1210 mo-

444 1255 618 1310 destia
661 1253 878 1308 domum
922 1251 1278 1315 recedamus,
1319 1265 1424 1320 qua
1464 1264 1559 1320 par
1587 1257 1670 1303 est
1706 1262 1802 1303 eos
1844 1247 1991 1303 abire
2018 1289 2033 1310 .

407 1363 420 1374 κ
444 1347 536 1416 qui
564 1360 685 1401 cum
713 1344 811 1399 hac
837 1352 1073 1415 martyre
1101 1350 1496 1397 convenerunt.
1527 1339 1658 1395 Nam
1699 1341 1743 1394 si
1777 1340 1899 1409 quis
1927 1355 2036 1392 non

447 1443 548 1494 hoc
577 1437 682 1494 ritu
707 1435 964 1502 discedat,
992 1450 1097 1489 non
1127 1433 1301 1488 solum
1333 1431 1463 1487 nihil
1493 1432 1816 1502 profecerit,
1851 1447 2036 1485 verum

440 1531 600 1585 etiam
623 1528 917 1599 periculum
938 1527 1040 1582 sibi
1056 1525 1346 1580 maximum
1365 1523 1660 1578 attraxerit.
1680 1524 1802 1579 Seio
1823 1525 2036 1596 quidem

447 1640 546 1678 vos
572 1624 673 1679 hoc
692 1621 883 1678 morbo
913 1635 1018 1675 non
1045 1621 1311 1687 laborare,
1341 1617 1434 1673 sed
1464 1618 1515 1673 id
1541 1633 1646 1672 non
1676 1617 1742 1672 ad
1767 1619 2038 1672 defensio-

444 1731 568 1770 nem
600 1714 751 1770 vobis
789 1713 920 1768 satis
940 1720 1023 1769 est
1055 1731 1069 1767 :
1115 1719 1328 1782 oportet
1369 1711 1512 1765 enim
1538 1710 1697 1765 etiam
1728 1709 1919 1765 fratres
1944 1726 2039 1766 ve-

444 1815 610 1872 stros,
633 1805 723 1876 qui
746 1803 995 1860 indecore
1012 1818 1071 1858 se
1091 1811 1301 1874 gerunt,
1323 1801 1390 1857 ad
1417 1802 1703 1857 maximam
1725 1802 2038 1857 modestiam

448 1910 502 1954 et
521 1899 588 1953 ad
610 1899 886 1953 decentem
914 1907 1110 1952 statum
1137 1895 1412 1951 reducere.
1441 1893 1723 1949 iionorasti
1751 1906 2040 1966 martyrem

451 1990 767 2060 prxsentia?
783 1989 931 2045 Illam
949 1989 1109 2044 etiam
1131 1987 1466 2058 propriorum
1489 1987 1849 2042 membrorum
1867 2002 2042 2041 emen-

452 2083 668 2137 datione
701 2081 925 2134 honora.
955 2080 1011 2136 Si
1037 2079 1236 2135 videris
1263 2078 1670 2133 immoderatum
1701 2077 1890 2143 risum,
1919 2093 2044 2133 cur-

451 2190 572 2228 sum
600 2174 932 2246 indecentem
960 2213 975 2238 ,
1018 2174 1284 2229 incessum
1315 2171 1652 2238 illiberalem,
1687 2170 1924 2226 habitum
1957 2172 2042 2226 in-

452 2265 705 2320 decorum
723 2305 737 2329 ,
771 2263 997 2331 accede,
1025 2271 1081 2318 et
1109 2261 1201 2318 tali
1224 2263 1444 2320 affectos
1463 2263 1625 2319 modo
1655 2264 1962 2320 terribiliter
1989 2273 2044 2320 et

453 2365 603 2410 torve
642 2354 872 2409 intuere.
911 2354 982 2408 At
1024 2362 1077 2409 te
1114 2353 1450 2423 despiciunt,
1485 2354 1758 2424 magisque
1784 2354 2043 2410 irrident?

451 2447 615 2502 Sume
649 2454 826 2503 tecum
861 2445 998 2501 duos
1027 2453 1201 2501 tresve
1224 2486 1239 2512 ,
1271 2454 1364 2500 aut
1399 2447 1579 2516 plures
1617 2445 1810 2502 fratres
1834 2487 1849 2514 ,
1881 2456 1940 2502 ut
1975 2461 2044 2502 ex

452 2555 677 2596 numero
717 2540 905 2611 majori
936 2540 990 2595 in
1030 2541 1374 2596 veneratione
1417 2541 1554 2595 sitis.
1593 2541 1746 2608 Quod
1787 2543 1833 2598 si
1875 2558 1942 2597 ne
1971 2542 2043 2598 ita

451 2630 667 2702 quidem
693 2645 879 2686 eorum
904 2631 1192 2685 amentiam
1219 2631 1499 2702 reprimas,
1527 2646 1622 2687 eos
1647 2631 1714 2686 ad
1736 2632 2046 2690 sacerdotes

453 2723 687 2780 deferas.
711 2725 783 2778 At
802 2723 886 2778 vix
911 2732 1135 2794 possunt
1163 2723 1238 2778 illi
1265 2724 1316 2778 in
1350 2733 1556 2780 tantum
1582 2725 1927 2796 impudentiae
1953 2725 2048 2782 de-

455 2813 643 2871 venire
666 2855 682 2881 ,
714 2825 774 2870 ut
797 2815 1054 2884 increpati
1079 2823 1134 2870 et
1166 2815 1353 2870 moniti
1382 2830 1487 2870 non
1517 2824 1767 2884 cessent,
1796 2831 1897 2873 nec
1924 2832 2046 2872 eruo

455 2908 698 2972 bescant,
725 2919 901 2976 neque
924 2905 992 2960 ab
1018 2905 1318 2963 inordinata
1343 2914 1398 2962 et
1421 2906 1626 2962 ludicra
1654 2907 1852 2963 chorea
1879 2922 1938 2964 se
1962 2923 2049 2964 re-

458 2999 693 3055 trahant.
725 2998 781 3055 Si
807 2999 889 3054 vel
916 2999 1129 3066 decem,
1156 2999 1200 3054 si
1230 2998 1315 3055 vel
1345 3007 1475 3064 tres,
1507 3000 1593 3056 vel
1619 3001 1746 3068 duo,
1771 3001 1856 3056 vel
1885 3015 2046 3056 unum

455 3091 694 3146 lucratus
721 3090 902 3156 fueris,
939 3105 1174 3146 mercem
1199 3091 1424 3146 multam
1456 3092 1835 3162 reportaveris.
1857 3091 2048 3163 Magna

460 3190 544 3237 est
572 3181 673 3236 via:
711 3179 1024 3250 longitudo:
1061 3180 1162 3236 viae
1197 3180 1358 3252 igitur
1386 3181 1715 3252 longitudine
1738 3181 1804 3236 ad
1839 3197 1901 3238 ea
1931 3197 2050 3253 quat

457 3273 596 3327 dicta
622 3280 747 3327 sunt
775 3271 1074 3342 colligenda
1104 3281 1315 3327 utamur
1347 3287 1363 3338 ;
1398 3271 1761 3328 odoramentis
1798 3273 2050 3330 suavibus

458 3365 598 3420 viam
629 3362 951 3434 repleamus.
982 3363 1165 3435 Neque
1192 3363 1336 3419 enim
1368 3367 1438 3420 ita
1467 3374 1654 3420 ornata
1679 3364 1765 3420 via
1790 3379 2050 3436 apparue-

460 3457 569 3522 rit,
598 3456 644 3512 si
669 3454 1032 3512 odoramentis
1061 3471 1182 3512 eam
1213 3457 1430 3526 replens
1456 3457 1717 3528 quispiam
1757 3459 1909 3513 suavi
1933 3457 2049 3513 fra-

459 3547 667 3617 grantia
690 3561 869 3602 aerem
898 3545 1209 3617 perfuderit,
1239 3555 1299 3602 ut
1319 3547 1543 3603 honesta
1573 3563 1714 3603 nunc
1735 3548 2006 3618 apparebit
2030 3590 2046 3610 ,

460 3640 507 3694 si
533 3653 718 3694 omnes
746 3647 1007 3709 quotquot
1035 3637 1196 3694 hodie
1216 3653 1312 3708 per
1331 3638 1475 3694 illam
1503 3639 1775 3706 incedunt,
1801 3639 2051 3710 martyris

461 3728 755 3788 certamina
785 3727 924 3782 inter
953 3743 1012 3783 se
1037 3736 1317 3783 narrantes
1345 3728 1563 3783 domum
1589 3727 1847 3796 redeant,
1873 3729 2051 3799 lingua

463 3836 559 3876 sua
587 3821 778 3892 singuli
807 3835 904 3875 ceu
931 3819 1201 3876 thuribulo
1229 3829 1456 3877 utentes.
1491 3823 1681 3878 Annon
1708 3821 1920 3890 videtis,
1949 3822 2054 3878 lm-

464 3921 713 3981 peratore
758 3909 811 3965 in
849 3911 1035 3968 urbem
1079 3909 1412 3982 ingrediente
1435 3953 1450 3978 ,
1491 3921 1691 3982 quanto
1715 3927 1837 3967 cum
1863 3912 2054 3968 ordine

464 4002 664 4057 milites
690 4001 938 4071 utrinque
964 4001 1121 4073 positi
1147 4003 1336 4057 armati
1365 4001 1676 4073 gradiantur
1697 4045 1712 4072 ,
1753 4003 1892 4060 alter
1916 4004 2051 4060 alte-

463 4111 580 4150 rum
614 4097 958 4152 cohortantes
983 4136 997 4162 ,
1029 4106 1086 4151 ttt
1123 4096 1302 4168 quiete
1335 4107 1388 4152 et
1418 4111 1538 4151 eum
1569 4097 1868 4153 reverentia
1905 4098 2053 4153 ince-

1183 408 1237 464 S.
1267 409 1550 466 JOANNIS
1579 407 2062 465 CHRYSOSTOMI
2092 407 2408 464 ARCHIEP.
2442 405 2985 463 CONSTANTINOP.

3613 405 3738 462 584

2139 507 2288 573 dant,
2319 522 2426 579 quo
2453 517 2698 578 spectatu
2726 507 2872 578 digni
2901 507 3222 565 videantur?
3254 509 3384 567 Illos
3416 512 3596 584 itaque
3623 513 3774 568 imi-

2141 611 2319 657 temur
2347 618 2361 655 :
2387 611 2443 657 et
2471 617 2568 657 nos
2606 603 2804 674 quippe
2830 601 3210 673 imperatorem
3245 603 3598 673 deducimus;
3640 607 3728 663 ιω
3761 636 3770 648 -

2141 701 2444 764 peratorem
2465 735 2481 760 ,
2510 694 2747 763 inquam,
2781 708 2886 748 non
2922 694 3256 763 scnsihilem,
3285 712 3392 752 non
3425 706 3700 754 terrenum
3736 739 3761 764 ,

2140 784 2234 840 sed
2267 785 2576 854 angelorum
2609 787 2913 842 Dominum.
2940 787 3028 844 Sic
3055 803 3184 858 ergo
3216 798 3268 844 et
3289 804 3388 845 nos
3429 799 3576 845 recto
3617 806 3762 844 cum

2141 878 2328 934 ordine
2356 877 2740 948 ingrediantur,
2773 895 2872 934 nos
2901 889 3086 935 mutuo
3105 881 3472 946 cohortantes,
3499 890 3556 936 ut
3579 883 3766 936 modo

2142 972 2354 1040 rituque
2393 969 2604 1025 decenti
2653 971 3097 1042 progrediamur,
3139 981 3196 1026 ut
3241 988 3349 1027 non
3395 973 3765 1028 multitudine

2142 1069 2367 1124 tantum,
2397 1061 2491 1116 sed
2512 1061 2672 1116 etiam
2698 1071 2888 1118 ornatu
2925 1072 3255 1133 spectatores
3287 1073 3508 1135 stupore
3529 1064 3759 1120 afﬁcia-

2143 1169 2282 1208 mus.
2313 1154 2422 1208 lmo
2452 1168 2580 1209 vero
2605 1155 2704 1208 etsi
2741 1170 2900 1209 nemo
2925 1155 3139 1212 adesset
3172 1157 3340 1222 alius,
3372 1158 3467 1213 sed
3506 1159 3604 1212 soli
3637 1158 3758 1213 iter

2144 1244 2440 1301 faceremus
2459 1287 2474 1310 ,
2498 1261 2564 1300 ne
2595 1247 2671 1301 sic
2694 1246 2906 1317 quidem
2939 1247 3189 1304 indecore
3217 1265 3276 1305 se
3303 1265 3490 1320 gerere
3519 1265 3752 1323 oporte-

2143 1349 2244 1401 ret,
2268 1339 2337 1394 ob
2365 1339 2668 1409 pervigilem
2700 1339 2846 1394 illum
2880 1341 3092 1395 oculum
3126 1342 3320 1413 ubique
3345 1357 3665 1415 prmsentem
3691 1360 3755 1405 et

2142 1431 2321 1485 omnia
2350 1428 2638 1485 videntem.
2658 1428 2810 1486 Nune
2829 1445 2956 1486 vero
2977 1433 3314 1490 considerate
3343 1437 3538 1492 multos
3565 1438 3755 1494 ἣξει-ε-

2144 1523 2278 1577 ticos
2316 1537 2435 1578 esse
2473 1522 2626 1578 nobis
2668 1523 3000 1596 permixtos;
3032 1529 3121 1596 qui
3161 1526 3207 1580 si
3251 1543 3348 1583 nos
3395 1530 3621 1586 viderint
3671 1533 3752 1587 ita

2143 1613 2370 1668 choreas
2393 1623 2632 1684 agentes,
2666 1616 2923 1683 ridentes,
2952 1616 3266 1683 clamantes,
3300 1619 3495 1688 ebrios,
3527 1638 3755 1679 summe

2144 1704 2588 1761 nos'damnantes
2633 1705 2908 1763 recedent.
2940 1708 3092 1775 Quod
3124 1708 3169 1764 si
3203 1710 3246 1765 is
3272 1753 3285 1776 ,
3313 1712 3405 1782 qui
3431 1713 3509 1768 vel
3537 1716 3623 1768 uni
3659 1715 3755 1769 of-

2145 1797 2413 1854 fendiculo
2432 1797 2613 1867 fuerit,
2638 1799 2930 1856 inevitabili
2959 1817 3114 1872 poena
3137 1802 3434 1873 plectetur:
3463 1806 3550 1876 qui
3577 1807 3626 1861 in
3665 1817 3757 1862 tot

2145 1890 2421 1947 hominum
2465 1892 2818 1950 offensionem
2865 1895 3222 1963 incurrimus,
3269 1900 3452 1968 quales
3491 1901 3754 1958 dabimus

2146 1985 2376 2054 poenas?
2419 1984 2523 2040 Sed
2564 1986 2736 2055 absit,
2780 1997 2838 2041 ut
2875 1999 2997 2060 post
3040 1998 3118 2043 tot
3159 2005 3434 2046 sermones
3473 1993 3755 2064 talemque

2145 2076 2575 2132 adhortationem
2614 2078 2877 2148 quispiam
2919 2081 3219 2150 reperiatur
3263 2096 3421 2151 supra
3461 2082 3613 2139 dictis
3638 2086 3755 2140 ob-

2146 2168 2339 2224 noxius
2361 2168 2554 2240 culpis.
2581 2168 2713 2224 Nam
2734 2169 2781 2225 si
2809 2169 3040 2226 antehac
3066 2171 3198 2226 tales
3224 2187 3386 2228 ausus
3407 2174 3557 2228 venia
3587 2174 3751 2245 digni

2145 2274 2252 2315 non
2281 2268 2474 2328 erant,
2513 2268 2634 2330 post
2673 2259 2978 2331 hujusmodi
3016 2263 3300 2318 consilium
3339 2273 3394 2318 et
3419 2263 3756 2334 increpatio-

2147 2367 2268 2406 nem
2299 2351 2469 2406 multo
2508 2352 2861 2416 inevitabilia;
2891 2354 2992 2408 erit
3018 2368 3173 2424 pcena
3203 2362 3309 2408 tam
3349 2355 3411 2408 iis
3433 2396 3448 2419 ,
3489 2356 3577 2424 qui
3616 2355 3754 2411 hmc

2146 2451 2477 2516 perpetrant,
2499 2459 2656 2514 quam
2685 2444 2770 2512 iis,
2798 2445 2889 2514 qui
2919 2445 3040 2500 talia
3065 2446 3384 2516 despiciunt.
3408 2446 3475 2504 Ut
3498 2447 3654 2516 igitur
3685 2461 3754 2503 et

2147 2551 2243 2592 eos
2263 2552 2294 2593 a
2319 2537 2582 2608 supplicio
2608 2536 2862 2602 liberetis,
2888 2552 2952 2594 ac
2980 2538 3133 2593 vobis
3159 2539 3288 2609 ipsis
3310 2540 3559 2609 majorem
3587 2555 3755 2595 com-

2147 2630 2348 2702 paretis
2381 2630 2684 2686 mercedem
2716 2671 2733 2698 ,
2778 2628 3004 2685 fratrum
3031 2641 3330 2687 vestrorum
3359 2647 3535 2688 curam
3567 2636 3756 2688 susci-

2149 2723 2280 2792 pite,
2309 2735 2404 2777 eos
2430 2721 2498 2776 ad
2523 2722 2614 2778 illa
2628 2721 2925 2792 colligenda
2952 2729 3008 2777 et
3033 2722 3329 2778 enarranda
3360 2723 3596 2778 inducite
3629 2741 3642 2778 :
3675 2735 3751 2779 ut

2151 2815 2269 2872 haec
2290 2829 2387 2887 per
2415 2824 2580 2870 totam
2604 2816 2744 2871 viam
2775 2813 3124 2883 meditantes,
3153 2825 3312 2887 atque
3341 2816 3403 2871 iis
3427 2858 3442 2884 ,
3469 2818 3554 2887 qui
3585 2817 3746 2875 domi

2150 2917 2526 2965 remanserunt
2561 2923 2626 2964 ac
2655 2909 2825 2964 relicti
2863 2916 2990 2963 sunt
3017 2949 3032 2974 ,
3067 2907 3225 2979 hujus
3254 2924 3452 2964 mensa:
3481 2911 3746 2980 reliquias

2150 3001 2457 3066 afferentes,
2480 2998 2815 3071 splendidum
2839 3007 2894 3055 et
2915 2999 3025 3055 illic
3044 3001 3344 3055 convivium
3373 2999 3630 3056 habeatis.
3662 3001 3749 3057 Ita

2149 3093 2294 3151 enim
2323 3101 2379 3149 et
2405 3091 2563 3162 hujus
2599 3090 2718 3146 festi
2751 3105 2969 3147 sensum
3011 3092 3306 3146 maximum
3343 3093 3610 3163 capiemus
3638 3136 3653 3158 ,
3684 3105 3751 3150 et

2149 3193 2389 3240 sanctam
2428 3193 2720 3255 martyrem
2750 3181 2819 3237 ad
2858 3182 3116 3254 majorem
3157 3183 3576 3239 benevolentiam
3609 3201 3746 3257 pro-

2151 3277 2462 3334 vocabimus
2485 3316 2500 3341 ,
2525 3290 2654 3331 vero
2679 3275 2822 3330 illam
2852 3276 3056 3330 honore
3082 3285 3468 3346 prosequentes
3500 3295 3514 3330 :
3546 3278 3745 3346 majori

2151 3369 2350 3441 quippe
2375 3369 2475 3439 ipsi
2507 3366 2765 3438 voluptati
2794 3367 2937 3434 erit,
2980 3367 3024 3422 si
3070 3367 3436 3437 spiritualibus
3479 3368 3751 3426 fructibus

2154 3459 2278 3514 hinc
2303 3457 2482 3514 onusti
2509 3457 2840 3523 recedamus,
2861 3472 3020 3528 quam
3050 3460 3093 3513 si
3118 3457 3223 3513 huc
3249 3473 3371 3513 cum
3401 3461 3625 3516 tumultu
3651 3476 3753 3516 ve-

2155 3550 2362 3605 neritis.
2395 3548 2607 3606 Utinam
2628 3564 2756 3604 vero
2781 3557 2891 3604 tum
2917 3556 3116 3604 sancta:
3143 3549 3302 3620 hujus
3325 3593 3340 3617 ,
3374 3559 3484 3605 tum
3514 3566 3702 3607 eorum
3729 3595 3748 3619 ,

2153 3643 2244 3714 qui
2268 3641 2515 3699 similiter
2537 3650 2910 3708 certaverunt,
2943 3641 3210 3713 precibus,
3239 3653 3293 3698 et
3317 3643 3504 3698 horum
3528 3653 3582 3700 et
3610 3645 3756 3700 alio.

2155 3750 2297 3800 rum,
2325 3749 2444 3805 qua:
2469 3732 2612 3789 dicta
2641 3741 2785 3800 sunt,
2816 3734 3127 3789 memoriam
3158 3734 3452 3801 retineatis,
3483 3745 3538 3790 et
3561 3736 3749 3803 operi-

2157 3827 2256 3882 bus
2279 3825 2457 3881 omnia
2487 3824 2800 3881 exhibentes
2823 3865 2839 3890 ,
2881 3825 2934 3880 in
2973 3825 3223 3880 omnibus
3258 3825 3368 3880 Deo
3391 3841 3603 3896 semper
3623 3827 3752 3896 pla-

2155 3918 2325 3974 ceatis
2349 3960 2364 3985 ,
2391 3916 2477 3973 cui
2505 3915 2674 3987 gloria
2699 3925 2754 3973 et
2782 3916 3060 3987 imperium
3089 3916 3140 3971 in
3175 3917 3367 3972 smeula
3399 3917 3742 3975 saeculorum.

2159 4012 2349 4066 Amen.
