4104 6434
135 384 280 440 583

124 497 444 554 τοσοῦτον
475 497 611 569 κόρη
656 495 753 568 μία
781 497 1152 568 τελευτήσασα
1185 497 1318 568 πρὸς
1342 495 1539 567 ἑαυτὴν
1568 498 1866 552 ἐπισπᾶται

129 585 289 639 καθ’
329 586 578 638 ἕκαστον
611 583 874 648 ἐνιαυτὸν,
905 583 999 636 καὶ
1035 583 1174 654 μετὰ
1203 583 1438 636 τοσαῦτα
1467 584 1583 654 ἐτη,
1620 584 1712 636 καὶ
1742 584 1862 654 χρό-

129 690 248 737 νος
283 673 485 736 οὐδεὶς
511 673 610 744 τὴν
663 670 988 726 ἀκολουθίαν
1019 672 1118 742 τῆς
1158 671 1323 742 τιμῆς
1369 671 1584 742 διέκοψε
1631 671 1862 744 ταύτης*

136 762 290 815 ἀλλ’
325 762 433 815 ἐὰν
465 761 757 815 αἴσθωνται
783 761 892 814 τῶν
924 761 982 815 ἐν
1013 763 1078 832 τῇ
1113 760 1420 832 πανηγύρει
1463 761 1780 830 γινομένων,
1807 761 1868 814 τὸ

138 851 349 905 πλέον
389 848 728 924 ἀφῃρήμεθα
753 847 865 902 τῶν
895 848 1206 918 ἐγκωμίων.
1237 848 1311 901 Τὸ
1337 848 1445 919 γὰρ
1474 849 1677 919 πλῆθος
1706 850 1868 903 τοῦτο

137 939 218 992 τὸ
257 937 730 1008 παραγενόμενον
755 935 872 1000 νῦν,
903 936 970 990 ἂν
1001 935 1099 1007 μὲν
1132 936 1247 1006 μετ’
1277 935 1530 1002 εὐταξίας
1562 935 1867 1006 παραγίνη-

139 1044 283 1090 ται,
324 1027 541 1094 κόσμος
579 1027 712 1096 ἡμῖν
761 1024 1043 1096 μέγιστος
1081 1023 1146 1078 ἂν
1175 1024 1232 1078 δέ
1265 1023 1403 1095 μετὰ
1434 1023 1726 1098 ῥᾳθυμίας,
1774 1025 1865 1077 καὶ

143 1113 485 1182 ὀλιγωρίας
517 1111 739 1182 πολλῆς,
765 1111 967 1174 ὄνειδος
991 1113 1086 1164 καὶ
1115 1111 1438 1182 κατηγορία.

245 1202 324 1258 δ’.
364 1201 488 1256 Ἷνα
514 1197 609 1255 οὖν
640 1200 1069 1272 ἐναϐρυνώμεθα
1097 1199 1175 1271 τῷ
1205 1199 1400 1271 πλήθει
1448 1201 1545 1270 τῆς
1592 1199 1866 1273 ὑμετέρας

149 1291 438 1362 ἀγάπης,
473 1289 614 1360 μετά
638 1289 740 1359 τῆς
769 1290 940 1362 αὐτῆς
971 1290 1155 1343 οἴκαδε
1191 1288 1444 1352 εὐταξίας
1473 1289 1864 1359 ἀναχωρῶμεν,

155 1375 460 1443 μεθ’ὅσης
486 1373 633 1437 εἰκὸς
659 1375 901 1444 μάρτυρι
933 1373 1158 1447 τοιαύτῃ
1181 1372 1608 1443 συγγινομένους
1624 1373 1864 1427 ἀπιέναι.

153 1464 234 1515 Εἰ
273 1462 397 1534 γάρ
438 1479 526 1525 τις
561 1460 636 1532 μὴ
681 1461 855 1525 οὕτως
905 1463 1088 1514 οἴκαδε
1135 1462 1385 1523 ἀπέλθοι,
1421 1460 1484 1514 οὐ
1530 1461 1689 1532 μόνον
1714 1462 1869 1514 οὐδὲν

157 1551 422 1619 ὤνησεν,
454 1549 591 1603 ἀλλά
618 1551 712 1602 καὶ
761 1549 1004 1602 κίνδυνον
1039 1549 1161 1602 καθ’
1204 1549 1398 1603 ἐαυτοῦ
1455 1551 1713 1621 μέγιστον
1739 1551 1866 1601 ἐπε-

159 1639 462 1692 σπάσατο.
507 1631 638 1690 Οἶδα
705 1637 788 1690 ὅτι
844 1636 1079 1708 καθαροὶ
1134 1636 1245 1689 τῶν
1293 1639 1618 1708 νοσημάτων
1663 1637 1868 1690 τούτων

161 1728 371 1797 ὑμεῖς,
400 1725 519 1779 ἀλλ’
549 1724 648 1777 οὐκ
681 1725 844 1795 ἀρκεῖ
876 1724 1036 1778 τοῦτο
1079 1726 1161 1788 εἰς
1199 1725 1497 1793 ἀπολογίαν
1540 1727 1697 1795 ὑμῖν·
1734 1724 1868 1777 ἀλλά

160 1815 258 1867 δεῖ
282 1814 389 1868 καὶ
417 1814 548 1876 τοὺς
587 1813 854 1881 ἀδελφοὺς
897 1811 1280 1881 ἀκοσμοῦντας
1311 1815 1392 1876 εἰς
1431 1812 1684 1878 εὐταξίαν
1715 1811 1869 1883 μεγί-

167 1920 320 1972 στην
379 1903 539 1969 ἀγειν
593 1900 689 1954 καὶ
732 1899 998 1971 καθιστᾷν
1051 1903 1109 1954 ἐν
1167 1900 1246 1971 τῷ
1294 1901 1560 1972 πρέποντι
1605 1901 1864 1970 σχήματι.

180 1991 510 2061 Ἐτίμησας
535 1988 634 2058 τὴν
672 1989 925 2060 μάρτυρα
954 1990 1020 2058 τῇ
1055 1989 1364 2059 παρουσίας
1412 1989 1646 2058 τίμησον
1699 1987 1868 2059 αὐτὴν

165 2079 279 2132 καὶ
308 2080 382 2149 τῇ
427 2076 714 2148 διορθώσει
745 2075 854 2129 τῶν
883 2075 1100 2128 οἰκείων
1139 2075 1320 2148 μελῶν
1341 2093 1356 2106 ο
1409 2075 1474 2128 ἂν
1516 2075 1630 2146 ἴδῃς
1658 2075 1870 2143 γέλωτα

167 2165 453 2228 ἄτακτον,
485 2164 582 2216 καὶ
612 2162 814 2234 δρόμον
845 2163 1154 2232 ἀσχήμονα,
1192 2163 1287 2216 καὶ
1339 2162 1553 2233 βάδισιν
1583 2160 1870 2214 ἀνελεύθε-

177 2273 304 2327 ρον,
330 2255 430 2308 καὶ
464 2255 651 2326 σχῆμα
679 2255 955 2325 ἀπρεπὲς,
981 2253 1267 2325 πρόσελθε,
1293 2255 1387 2308 καὶ
1419 2252 1612 2323 βλέψον
1641 2253 1722 2314 εἰς
1745 2251 1872 2314 τοὺς

172 2343 370 2397 ταῦτα
401 2341 686 2406 ποιοῦντας
721 2341 886 2413 δριμὺ
918 2343 1015 2396 καὶ
1070 2342 1325 2413 φοϐερόν.
1378 2341 1544 2394 Ἀλλά
1593 2356 1871 2410 καταφρο-

173 2432 346 2486 νοῦσι
369 2433 466 2484 καὶ
487 2430 828 2498 καταγελῶσι
865 2430 1162 2501 μειζόνως;
1191 2431 1339 2484 Λαϐἐ
1373 2429 1510 2499 μετά
1536 2429 1630 2481 σοῦ
1661 2428 1754 2480 δύο
1779 2427 1874 2480 καὶ

177 2521 345 2591 τρεῖς
362 2516 700 2588 ἀδελφοὺς,ἣ
725 2517 819 2571 καὶ
842 2517 1084 2582 πλείους,
1104 2517 1245 2570 ὥστε
1273 2519 1366 2570 καί
1384 2516 1490 2570 ἀπὸ
1515 2515 1608 2568 τοῦ
1638 2513 1875 2585 πλήθους

179 2603 452 2674 γενέσθαι
477 2605 933 2676 αἰδεσιμωτέρους
952 2617 978 2645 α
995 2621 1007 2635 ·
1031 2606 1079 2658 εἰ
1104 2605 1162 2658 δὲ
1187 2605 1322 2675 μηδὲ
1345 2603 1487 2657 οὓτω
1509 2602 1756 2656 καθίκοιο
1776 2601 1876 2672 τῆς

181 2693 384 2755 ἀνοίας
404 2691 651 2757 ἐκείνων,
683 2695 794 2756 τοῖς
827 2691 1034 2764 ἱερεῦσι
1064 2691 1289 2755 τούτους
1307 2691 1533 2761 ποίησον
1569 2687 1872 2759 φανερούςο

191 2783 404 2855 μᾶλλον
445 2781 501 2834 δὲ
547 2781 828 2852 ἀμήχανον
859 2784 941 2844 εἰς
970 2781 1244 2852 τοσαύτην
1277 2780 1453 2833 ἐλθεῖν
1485 2779 1877 2848 ἀναισχυντίαν

192 2870 417 2934 αὐτοὺς,
437 2869 577 2922 ὥστε
616 2870 1076 2942 ἐπιτιμωμένους,
1099 2869 1619 2941 παρακαλουμένους
1644 2870 1718 2939 μὴ
1741 2864 1878 2935 εἶξαι

190 2958 295 3013 καὶ
325 2956 476 3030 [590]
503 2957 840 3028 ἐντραπῆναι
876 2959 970 3010 καὶ
1021 2957 1337 3027 καθυφῆναι
1369 2957 1469 3028 τῆς
1515 2957 1751 3010 ἀτάκτου
1783 2956 1878 3008 καὶ

196 3045 461 3115 παιδικῆς
492 3046 733 3115 χορείας.
769 3044 886 3098 Κᾶν
924 3044 1078 3110 δέκα,
1110 3044 1216 3097 κᾶν
1249 3048 1420 3115 τρεῖς,
1477 3044 1582 3097 κᾶν
1625 3043 1739 3105 δύο,
1772 3043 1876 3095 κᾶν

194 3138 298 3192 ἕνα
324 3131 592 3206 κερδάνῃλς
622 3133 802 3202 μόνον.
822 3131 1024 3202 πολλὴν
1047 3131 1226 3186 λαϐὼν
1259 3131 1544 3204 εἰσελεύσῃ
1579 3132 1677 3202 τὴν
1708 3131 1881 3200 ἐμπο⁴

206 3221 351 3292 ρίαν.
380 3219 524 3273 Πολύ
557 3220 654 3290 τῆς
681 3218 801 3272 όδοῦ
833 3219 895 3272 τὸ
933 3220 1107 3290 μῆκος
1127 3237 1141 3251 ·
1169 3218 1246 3290 τῷ
1284 3222 1450 3291 μήκει
1486 3218 1668 3271 τοίνυν
1703 3217 1880 3288 τούτῳ

203 3306 346 3378 πρὸς
379 3305 644 3376 συλλογήν
677 3304 787 3358 τῶν
820 3306 1129 3376 εἰρημένων
1163 3303 1644 3376 ἀποχρησὼμεθα’
1685 3303 1883 3373 θυμια-

209 3395 396 3468 μάτων
452 3393 822 3464 ἐμπλήσωμεν
875 3395 975 3463 τὴν
1025 3393 1319 3466 λεωφόρον.
1373 3393 1508 3447 Οὐδέ
1569 3393 1679 3463 γάρ
1738 3390 1881 3444 οὕτω

209 3482 383 3554 σεμνὴ
413 3485 657 3549 φανεῖται
685 3483 718 3552 ἡ
745 3481 882 3545 ὁδὸς,
919 3483 968 3533 εἰ
999 3481 1088 3534 διά
1120 3480 1304 3550 πάσης
1332 3479 1506 3549 αὐτῆς
1537 3479 1882 3550 θυμιατήρια

206 3584 296 3631 τις
323 3566 492 3630 τιθεὶς
526 3567 626 3638 τῆς
657 3566 887 3629 εὐωδίας
924 3565 1264 3636 ἀναχρώσειε
1287 3566 1379 3620 τὸν
1418 3566 1578 3637 ἀέρα,
1607 3565 1682 3628 ὡς
1705 3565 1880 3636 σεμνὴ

211 3655 463 3722 φανεῖται
511 3652 628 3718 νῦν,
667 3655 714 3706 εἰ
760 3654 962 3730 πάντες
1009 3655 1058 3706 οἰ
1089 3653 1336 3724 τήμερον
1388 3652 1557 3723 αὐτὴν
1601 3651 1883 3716 ὁδεύοντες

211 3743 338 3805 τοὺς
363 3740 559 3805 ἄθλους
600 3741 702 3811 τῆς
745 3743 1025 3812 μάρτυρος
1062 3741 1201 3812 πρὸς
1231 3743 1458 3805 ἑαυτοὺς
1492 3741 1841 3813 διηγούμενοι
1865 3779 1882 3805 ,

217 3827 478 3898 βαδίζοιεν
532 3827 752 3892 οἰκαδε,
806 3827 1171 3899 θυμιατήριον
1225 3828 1326 3900 τὴν
1378 3827 1576 3881 ἑαυτοῦ
1635 3827 1883 3896 γλῶτταν

215 3913 439 3977 Ξκαστος
466 3913 659 3967 ποιῶν.
690 3915 802 3983 Οὐχ
835 3915 999 3986 ὁρᾶτε
1031 3914 1298 3985 βασιλέως
1321 3915 1580 3979 εἰσιόντος
1601 3917 1681 3980 εἰς
1705 3914 1880 3980 πόλιν,

219 4003 338 4080 μεθ’
359 4006 490 4075 ὅσης
519 4004 773 4069 εὐταξίας
798 4007 848 4059 οί
884 4007 1216 4077 στρατιῶται
1241 4007 1516 4078 στοιχηδὸν
1541 4007 1883 4075 ἑκατέρωθεν

214 4092 652 4164 καθωπλισμένοι
704 4093 1032 4163 βαδίζουσιν,
1067 4095 1331 4166 ἀλλήλους
1379 4094 1883 4165 παρακελευόμενοι

274 4198 316 4307 εἰ
329 4194 424 4243 Alii
447 4197 861 4262 αἰδεσιμωτέρους,
884 4200 966 4262 afji
987 4198 1276 4262 αἰδεσίμους.
1303 4198 1411 4248 Mox
1439 4199 1522 4248 alii
1547 4197 1782 4256 καθίκοιο,
1798 4193 1882 4246 alii

319 4273 470 4306 κοιτο.

213 4273 470 4308 καοικοιτο.

1077 386 1165 441 DE
1204 387 1259 442 δ.
1295 377 1600 439 ῬΕΙΑΟΙΑ
1639 380 1924 436 VIRGINE
1965 380 2050 435 ET
2093 380 2430 438 MXRTYRE
2470 376 2700 434 HOMIL.
2751 379 2792 434 1.

3510 385 3614 448 5Q!

1967 499 2182 569 ⁴ήρέμα,
2237 499 2332 552 καὶ
2385 497 2525 569 μετὰ
2575 498 2740 568 φόϐου
2798 497 2994 552 πολλοῦ
3038 500 3270 569 χωρεῖν,
3326 499 3466 553 ὥστε
3521 502 3634 564 τοῖς

1969 586 2267 658 θεωροῦσιν
2294 587 2488 650 αὐτοὺς
2513 587 2814 652 ἀξιοθέατοι
2844 586 3126 657 φαίνεσθαι
3153 603 3168 652 ;
3201 587 3472 650 Ἐκείνους
3499 585 3634 657 γοῦν

1971 673 2368 747 μιμησώμεθα⁹
2395 675 2488 728 κα)⁸
2516 675 2623 746 γὰρ
2646 675 2740 729 καὶ
2757 676 2919 746 ἡμεῖς
2936 675 3198 746 βασιλέως
3220 675 3634 749 προηγούμεθα,

1970 761 2237 832 βασιλέως
2289 763 2388 816 οὐκ
2444 762 2726 832 αἰσθητοῦ.
2767 764 2868 816 οὐκ
2901 764 3168 832 ἐπιγείου,
3201 764 3338 819 ἀλλά
3379 764 3474 818 τοῦ
3521 765 3636 818 τῶν

1969 851 2216 919 ἀγγέλων
2250 851 2540 904 Δεσπότου.
2571 849 2728 904 Ούτω
2754 851 2934 904 τοίνυν
2963 850 3297 922 εἰσέλθωμεν
3324 853 3419 906 καὶ
3449 853 3632 924 ἡμεῖς,

1972 939 2089 1008 μετ’
2117 937 2372 1004 εὐταξίας
2406 938 2670 1010 ἀλλήλους
2698 939 2726 978 b
2765 939 3264 1010 παρακελευόμενοι
3319 940 3511 1012 ῥυθμῷ
3540 942 3636 994 καὶ

1967 1026 2116 1093 τάξει
2145 1027 2476 1097 προϐαίνειν,
2511 1028 2600 1080 ἴνα
2632 1027 2705 1098 μὴ
2737 1026 2815 1097 τῷ
2849 1027 3042 1098 πλήθει
3072 1027 3254 1098 μόνον,
3291 1027 3536 1082 ἀλλὰκαὶ
3557 1029 3635 1100 τῷ

1967 1115 2158 1185 κόσμῳ
2187 1117 2312 1178 τοὺς
2336 1114 2645 1185 θεωμένους
2672 1114 3052 1185 ἐκπλήξωμεν.
3103 1116 3358 1170 Μάλιστα
3387 1117 3485 1188 μὲν
3524 1118 3635 1187 γὰρ

1975 1205 2021 1258 εἰ
2049 1221 2142 1256 και
2187 1203 2376 1273 μηδεὶς
2421 1202 2580 1266 ἄλλος
2615 1203 2822 1274 παρῆν,
2854 1202 2989 1256 ἀλλά
3025 1203 3175 1273 μόνοι
3203 1203 3347 1257 κατὰ
3373 1203 3474 1275 τὴν
3513 1204 3635 1258 ὁδὸν

1969 1290 2312 1360 ἐϐαδίζομεν,
2347 1290 2468 1343 οὐδὲ
2523 1289 2698 1353 οὕτως
2755 1291 3085 1362 ἀσχημονεῖν
3146 1292 3336 1362 ἐχρῆν,
3395 1291 3484 1346 διὰ
3543 1292 3636 1347 τὸν

1969 1379 2268 1450 ἀκοίμητον
2297 1378 2574 1448 ὀφθαλμὸν
2603 1377 2694 1431 τὸν
2729 1379 3004 1449 πανταχοῦ
3037 1380 3282 1449 παρόντα
3311 1379 3406 1434 καὶ
3452 1382 3634 1435 πάντα

1971 1465 2236 1534 βλέποντα
2258 1483 2269 1498 ο
2319 1465 2412 1519 νῦν
2450 1467 2506 1519 δὲ
2549 1467 2840 1536 ἐννοήσατε
2869 1467 2950 1518 ὅτι
2978 1467 3162 1520 πολλοὶ
3191 1466 3298 1520 τῶν
3341 1469 3635 1539 αἰρετικῶν

1970 1556 2108 1605 εἰσιν
2165 1555 2296 1623 ἡμῖν
2339 1553 2812 1623 ἀναμεμιγμένοι·
2870 1553 2976 1638 θεᾶν
3033 1554 3212 1607 ίδωσιν
3264 1557 3458 1625 ἡμᾶςο
3492 1555 3636 1608 οὕτω

1970 1641 2314 1712 χορεύοντας,
2352 1641 2646 1710 γελῶντας,
2683 1641 2940 1711 βοῶντας,
2975 1642 3293 1710 μεθύοντας,
3325 1643 3392 1696 τά
3435 1643 3637 1713 ἔσχατα

1971 1731 2505 1800 καταγνόντεςήμῶν
2533 1731 2946 1784 ἀπελεύσονται.
2963 1732 3101 1784 Εἰδέ
3127 1731 3222 1785 ἕνα
3245 1750 3328 1795 τις
3356 1733 3640 1786 σκανδαλί-

1970 1818 2076 1882 ζων
2107 1818 2480 1888 ἀπαραίτητον
2517 1819 2778 1888 ὑπομένει
2822 1819 3065 1882 κόλασιν,
3093 1820 3140 1870 οἰ
3165 1818 3449 1881 τοσούτους
3477 1837 3640 1873 σκαν-

1967 1904 2296 1968 δαλίζοντες,
2326 1905 2484 1958 ποίαν
2513 1904 2760 1974 δώσομεν
2779 1905 2968 1974 δίκην;
3002 1903 3135 1958 ἀλλά
3169 1906 3242 1976 μὴ
3267 1905 3477 1974 γένοιτο
3503 1909 3640 1977 μετὰ

1968 1992 2092 2053 τοὺς
2115 1991 2306 2056 λόγους
2325 1992 2546 2054 τούτους
2563 1992 2656 2044 καὶ
2684 1991 2776 2062 τὴν
2794 1992 3115 2063 παραίνεσιν
3135 1991 3338 2061 ταύτην
3356 1992 3642 2065 εὑρεθῆναί

1969 2093 2090 2130 τινα
2133 2078 2433 2132 ὑπεύθυνον
2473 2080 2604 2132 ὄντα
2632 2082 2742 2142 τοῖς
2771 2081 3102 2151 εἰρημένοις.
3149 2080 3215 2132 Εἰ
3255 2078 3364 2150 γάρ
3400 2080 3493 2133 καὶ
3537 2081 3643 2150 πρὸ

1969 2165 2161 2219 τούτου
2216 2166 2392 2221 ταῦτα
2445 2166 2774 2238 τολμώμενα
2824 2167 3186 2236 ἀσύγγνωστα
3224 2162 3314 2238 ῆν,
3367 2167 3506 2238 μετὰ
3543 2167 3644 2242 τὴν

1977 2253 2287 2326 συμϐουλὴν
2313 2254 2520 2326 ταύτην
2545 2256 2641 2308 καὶ
2670 2255 2770 2325 τὴν
2797 2253 3089 2325 ἐπίπληξιν
3119 2253 3297 2326 πολλῷ
3363 2255 3526 2309 πλέον
3582 2258 3646 2310 ἀ-

1973 2343 2309 2413 παραίτητον
2363 2345 2507 2395 ποιεῖ
2524 2342 2621 2413 τὴν
2639 2341 2926 2413 τιμωρίαν,
2959 2343 3052 2394 καὶ
3091 2345 3200 2406 τοῖς
3229 2344 3370 2396 αὐτά
3398 2343 3644 2408 ποιοῦσι,

1974 2429 2206 2492 καὶτοῖς
2239 2428 2534 2500 περιορῶσι
2571 2430 2888 2498 γιγνόμενα.
2926 2429 3044 2482 Ἵνα
3085 2424 3178 2481 οὖν
3211 2428 3501 2492 κάκείνους
3545 2431 3646 2500 τῆς

1975 2515 2249 2578 κολάσεως
2281 2515 2652 2585 ἀπαλλάξητε,
2687 2516 2784 2570 καὶ
2811 2517 2938 2586 ὐμῖν
2963 2515 2988 2555 ιι
3019 2515 3241 2570 πλείονα
3273 2515 3647 2587 προξενήσητε

1975 2604 2066 2656 τὸν
2090 2603 2300 2673 μισθὸν,
2335 2603 2686 2659 ἀντιλάϐεσθε
2709 2603 2808 2674 τῆς
2830 2603 2939 2657 τῶν
2968 2603 3210 2673 ἀδελφῶν
3232 2605 3338 2657 τῶν
3362 2603 3648 2674 ἡμετέρων

1979 2692 2335 2762 κηδεμονίας,
2377 2693 2457 2755 εἰς
2489 2692 2588 2763 τὴν
2616 2691 2881 2763 συλλογὴν
2914 2693 3112 2750 αὐτοὺς
3147 2692 3241 2744 καὶ
3267 2691 3364 2761 τὴν
3392 2691 3648 2761 διήγησιν

1978 2779 2086 2833 τῶν
2133 2780 2438 2851 εἰρημένων
2494 2769 2824 2851 ἐμϐάλλετε,
2863 2781 2951 2833 ἵνα
2989 2779 3078 2834 διὰ
3134 2781 3234 2849 τῆς
3290 2779 3411 2832 όδοῦ
3468 2780 3649 2849 πάσης

1984 2866 2381 2937 μελετήσαντες
2410 2868 2606 2932 ταῦτα,
2633 2869 2727 2921 καὶ
2756 2871 2868 2930 τοῖς
2897 2867 3034 2922 οἴκοι
3065 2868 3280 2939 μείνασι
3311 2867 3405 2921 καὶ
3427 2867 3650 2920 ἀπολει-

1989 2953 2170 3022 φθεῖσι
2221 2955 2451 3025 λείψανα
2503 2956 2606 3026 τῆς
2651 2956 2934 3027 τραπέζης
2972 2955 3183 3026 ταύτης
3231 2955 3648 3023 ἀπενεγκόντες,

1980 3041 2241 3112 λαμπρὰν
2276 3044 2438 3096 κάκεῖ
2463 3045 2730 3114 ποιήσητε
2759 3044 2858 3114 τὴν
2895 3043 3154 3114 εὐωχίαν.
3197 3043 3353 3096 Οὕτω
3407 3043 3515 3112 γάρ
3555 3041 3653 3094 καὶ

1979 3130 2080 3199 τῆς
2129 3131 2323 3201 ἑορτῆς
2371 3130 2578 3200 ταύτης
2611 3131 2879 3200 μεγίστην
2926 3131 3181 3200 αἴσθησιν
3220 3128 3521 3198 ληψόμεθα,
3556 3130 3654 3182 καὶ

1980 3216 2078 3287 τὴν
2123 3217 2381 3288 μάρτυρα
2411 3219 2510 3289 τὴν
2532 3217 2692 3285 ἁγίαν
2722 3218 2801 3281 εἰς
2846 3218 3070 3270 πλείονα
3111 3215 3528 3286 ἐπισπασόμεθα
3563 3214 3655 3268 εὕ-

1981 3319 2153 3366 νοιαν,
2181 3304 2349 3374 τιμὴν
2375 3303 2474 3374 τὴν
2505 3303 2680 3373 ἀληθῆ
2712 3302 2982 3374 τιμῶντες
3031 3303 3220 3372 αὐτήν.
3271 3301 3377 3354 Τοῦ
3419 3301 3528 3372 γὰρ
3570 3303 3656 3354 ἐν-

1982 3387 2159 3442 ταῦθα
2184 3389 2596 3460 παραγενέσθαι
2636 3389 2730 3442 καὶ
2761 3390 3062 3460 θορυϐῆσαι
3095 3387 3280 3458 πολλῷ
3311 3387 3482 3458 μείζω
3513 3388 3653 3458 αὐτῇ

1981 3477 2081 3548 τὴν
2110 3477 2310 3548 ἡδονὴν
2339 3479 2474 3530 οίσει
2507 3477 2570 3530 τὸ
2614 3477 3082 3550 καρπωσαμένους
3131 3478 3224 3530 καί
3270 3474 3656 3545 ὠφεληθέντας

1984 3567 2365 3636 πνευματικήν
2398 3583 2523 3620 τινα
2551 3565 2821 3634 ὠφέλειαν
2839 3565 3114 3618 ἀπελθεῖν.
3148 3565 3364 3617 Γένοιτο
3392 3563 3448 3616 δὲ
3471 3564 3658 3632 εὐχαῖς

1983 3655 2084 3724 τῆς
2134 3652 2296 3722 ἁγίας
2325 3653 2550 3725 ταύτης,
2599 3654 2693 3707 καὶ
2724 3653 2833 3707 τῶν
2866 3654 2934 3707 τὰ
2967 3652 3108 3707 αὐτά
3137 3651 3453 3722 ήθληκότων
3492 3653 3654 3724 αὐτῇ,

1983 3742 2079 3795 καὶ
2106 3741 2335 3804 τούτων,
2363 3743 2459 3795 καὶ
2486 3741 2594 3796 τῶν
2626 3741 2803 3796 ἀλλων
2848 3742 2958 3795 τῶν
2993 3739 3301 3812 εἰρημένων
3325 3742 3527 3812 ἀκριϐῆ
3562 3741 3660 3811 τὴν

1989 3830 2210 3901 μνήμην
2241 3829 2383 3899 ὑμᾶς
2413 3832 2730 3900 κατασχεῖν,
2785 3831 2879 3884 καὶ
2926 3829 3012 3882 διὰ
3059 3832 3168 3883 τῶν
3223 3831 3398 3902 ἔργων
3446 3830 3663 3883 ᾶπαντα

1985 3915 2451 3986 ἐπιδειξαμένους,
2505 3919 2563 3970 ἐν
2611 3918 2777 3970 πᾶσιν
2813 3917 3244 3988 εὐαρεστοῦντας
3291 3917 3550 3970 διατελεῖν
3583 3915 3662 3985 τῷ

1987 4003 2128 4074 Θεῷ,
2181 3999 2226 4072 ᾧ
2280 4005 2314 4074 ἡ
2361 4003 2486 4070 δόξα
2533 4005 2630 4059 καὶ
2677 4005 2738 4058 τὸ
2783 4005 2984 4077 κράτος
3023 4009 3102 4071 εἰς
3149 4008 3271 4069 τοὺς
3322 4005 3523 4068 αἰῶνας
3552 4003 3662 4057 τῶν

1987 4109 2220 4146 αιωνων.
2274 4093 2470 4164 ’Δμήν.

2050 4193 2079 4259 ιζ’
2223 4195 2470 4259 ἀλλήλους,
2494 4195 2577 4247 alii
2599 4199 2836 4259 ἀλλήλοις.

2996 4200 3018 4229 ⁸
3043 4197 3142 4250 Alii
3162 4202 3292 4262 ὑμᾶς.

2052 4254 2080 4294 ὃ
2101 4257 2200 4306 Alii
2224 4257 2350 4320 ὑμῖν,
2377 4259 2462 4308 alii
2484 4260 2615 4323 ἡμῖν.
