4104 6442
519 346 628 400 5ιεῦ

1216 350 1267 405 S.
1307 348 1593 406 lillNNZS
1633 348 2134 406 CIIRYSOSTOHI
2176 347 2502 405 ARCIilEP.
2549 345 3104 405 CONSTANTINOP.

3694 347 3737 376 Et

3692 380 3737 401 υ.

3730 346 3789 400 35

1414 802 1868 883 HOMILIA
1930 801 2007 883 II
2069 800 2178 881 ΙΝ
2233 802 2318 883 S.
2378 804 2933 899 PELAGIAM.

582 1535 782 1606 Μῄονα
816 1532 1035 1604 quidem
1069 1531 1283 1589 theatro
1308 1539 1495 1588 sancta
1519 1532 1673 1604 virgo
1699 1532 1909 1605 Pelagia
1937 1534 2096 1607 digna

508 1637 654 1685 esset
682 1645 697 1682 :
724 1641 919 1697 magna
958 1625 1101 1681 enim
1138 1624 1301 1696 hujus
1333 1624 1521 1695 puellm
1554 1626 1843 1691 certamina
1882 1629 2100 1687 emite.

509 1731 635 1777 runt
657 1720 775 1785 ,ob
817 1719 976 1790 idque
1005 1718 1360 1786 copiosiorem
1394 1716 1584 1771 theatri
1626 1717 1973 1787 frequentiam
2011 1736 2098 1776 re-

508 1814 747 1884 quirunt.
780 1813 851 1867 At
877 1811 1007 1865 satis
1033 1809 1106 1863 illi
1130 1817 1305 1863 tamen
1327 1820 1409 1863 est
1426 1807 1687 1874 Christus,
1712 1811 1802 1880 qui
1828 1812 1971 1866 solus
2002 1826 2097 1877 pro

511 1906 661 1975 omni
691 1914 1010 1973 ornamento
1035 1903 1191 1973 hujus
1215 1902 1767 1973 virginispanegyrim
1796 1919 1859 1958 ac
1883 1904 2098 1959 celebri-

513 2008 676 2053 tatem
694 2012 928 2069 praesens
946 2002 1177 2063 exornat
1198 2012 1212 2048 :
1231 2010 1335 2063 quo
1356 1994 1497 2065 enim
1521 1993 1637 2048 loco
1658 1994 1897 2050 Christus
1921 1998 2092 2064 adest,

512 2091 621 2146 illic
650 2089 891 2147 omnium
920 2086 1228 2155 angelorum
1250 2086 1445 2139 chorus
1472 2094 1665 2155 prarsto
1688 2095 1788 2141 est.
1818 2087 1886 2141 Et
1910 2103 2096 2143 omnes

510 2180 726 2251 quidem
773 2187 1041 2250 martyres
1083 2191 1178 2243 sua
1223 2191 1449 2246 corpora
1503 2177 1826 2241 cruciatibus
1876 2179 2095 2235 fortiora

510 2269 907 2345 prmstiterwit,
951 2268 1022 2323 ob
1058 2267 1216 2340 idque
1253 2283 1500 2341 magnum
1528 2268 1793 2343 quoddam
1831 2269 2096 2329 theatrum

511 2362 769 2431 adversus
793 2359 1064 2429 diabolum
1091 2358 1190 2429 sibi
1222 2367 1575 2441 paraverunt,
1603 2375 1723 2414 cum
1754 2360 2097 2433 incorporeos

507 2454 730 2535 spiritus
765 2466 992 2539 corpore
1027 2450 1144 2521 ipso
1183 2451 1588 2521 superaverint,
1614 2459 1668 2505 et
1690 2466 1906 2519 carnem
1945 2467 2096 2508 suam

509 2560 641 2611 enim
673 2540 819 2613 ferro
861 2541 1272 2613 cmitendentcni
1319 2540 1529 2608 fortiter
1569 2541 1931 2611 exhibuerint.
1963 2542 2096 2599 Cum

512 2650 647 2697 vero
664 2634 825 2705 etiam
854 2632 1067 2702 puellas.
1098 2632 1240 2702 ipsas
1266 2632 1421 2697 video
1452 2648 1549 2703 pro
1578 2632 1788 2697 Christo
1835 2635 2096 2690 crucifixo

510 2725 649 2781 uxori
678 2723 967 2799 gestientes
989 2763 1007 2790 ,
1034 2732 1161 2793 tunc
1195 2722 1391 2783 diaboli
1423 2726 1777 2791 temeritatem
1814 2726 1982 2795 magis
2024 2727 2099 2781 ri-

781 2829 905 2869 cum
928 2812 1195 2889 permulta
1214 2813 1533 2881 vaticinandi
1560 2812 1679 2875 loca
1702 2814 1803 2873 sibi
1831 2816 2099 2886 excogita-

672 2945 691 2974 ,
716 2905 869 2977 quasi
909 2920 1001 2978 res
1026 2904 1231 2977 futuras
1257 2906 1321 2960 in.
1340 2905 1443 2965 illis
1485 2906 1614 2979 ipsis
1648 2908 2099 2977 prmnuntiaturus

508 3011 673 3075 esset,
696 3016 805 3063 non
827 2999 953 3066 illud
981 2998 1289 3069 armier
1308 3014 1379 3054 ac
1391 3001 1702 3069 vaticinata
1723 3000 1813 3069 sit.
1835 3009 2097 3071 quantum

505 3094 737 3165 dedecus
760 3131 785 3167 ,_
804 3092 994 3161 quovis
1020 3092 1130 3154 risu
1161 3090 1402 3171 dignum,
1433 3089 1695 3155 hodierno
1720 3089 1809 3159 die
1836 3106 2095 3162 passurus

505 3193 670 3241 esset.
717 3184 863 3251 Quid.
893 3184 1043 3242 enim
1078 3184 1248 3253 magis
1291 3182 1567 3253 ridmidum
1603 3183 1803 3253 aliquis
1831 3183 2071 3264 duceret,

504 3291 664 3346 quam
692 3276 831 3345 quod
872 3274 1035 3337 hodie
1060 3289 1248 3344 passus
1283 3285 1367 3347 est
1401 3275 1685 3333 diabolus?
1709 3276 1801 3347 qui
1836 3276 1961 3334 licet
1987 3277 2096 3335 vir-2

504 3368 683 3437 ginem
709 3367 966 3423 irretitam
990 3366 1229 3431 haberet,
1255 3381 1287 3419 a
1315 3365 1503 3435 praeda.
1521 3375 1701 3421 tamen
1728 3367 1847 3439 ipsa
1870 3367 2092 3435 excidit,

505 3472 561 3516 et
590 3460 816 3530 puellam
841 3501 856 3526 ,
887 3475 1051 3530 quam
1089 3458 1447 3529 apprehendit
1465 3500 1482 3525 ,
1518 3467 1711 3515 tenere
1741 3474 1847 3527 nou
1877 3461 2078 3540 potuit,

504 3554 659 3624 quasi
686 3553 928 3607 umbram
952 3593 967 3617 ,
1000 3567 1108 3606 non
1138 3552 1396 3622 virginem
1421 3590 1438 3617 ,
1464 3550 1928 3621 apprehendisset.
1957 3551 2093 3608 Nam

504 3661 628 3699 cum
672 3644 760 3698 illa
799 3643 1194 3712 simplicitatem
1222 3642 1484 3697 columba:
1510 3657 1638 3701 eum
1677 3643 1947 3712 serpentis
1972 3660 2097 3713 pru-

505 3736 686 3790 dentia
711 3735 1051 3804 coniunctam
1079 3733 1336 3798 haberet,
1369 3743 1426 3788 ut
1452 3730 1698 3788 columba
1727 3734 1943 3805 quidem
1966 3735 2097 3790 sim-

506 3829 631 3898 plex
655 3826 1041 3898 comprehensa
1072 3834 1153 3880 est
1181 3866 1196 3890 ,
1224 3824 1318 3880 sed
1351 3833 1407 3879 ut
1434 3825 1669 3895 prudens
1692 3841 1917 3899 serpens
1938 3826 2095 3883 diﬂ'u-

506 3919 586 3989 git
617 3918 899 3987 :quamvis
939 3916 1083 3972 enim
1126 3926 1271 3989 esset
1304 3916 1688 3991 comprehensa
1713 3958 1729 3987 ,
1770 3917 1843 3993 de
1872 3919 2095 3997 victoria

510 4020 689 4064 tamen
734 4024 840 4063 non
883 4008 1190 4079 desperavit
1232 4026 1249 4075 ;
1288 4024 1465 4079 neque
1508 4010 1689 4083 animo
1725 4019 1818 4082 aut
1870 4014 2097 4069 consilio

511 4109 665 4169 capta
704 4099 845 4165 fuit,
891 4100 1019 4156 licet
1057 4114 1282 4171 corpore
1313 4100 1529 4157 detenta
1566 4111 1753 4158 esset:
1782 4102 1876 4159 sed
1926 4113 2096 4161 artem

509 4190 792 4261 quamdam
813 4199 969 4261 atque
993 4192 1277 4247 consilium
1301 4194 1661 4264 excogitavit,
1691 4211 1796 4267 quo
1820 4210 2036 4269 eorum,
2064 4210 2097 4252 a

510 4281 705 4351 quibus
729 4281 1113 4351 comprehensa
1139 4282 1337 4350 fuerat,
1365 4276 1718 4344 temeritatem
1746 4288 2008 4354 eluderet,
2040 4298 2097 4345 et

510 4387 608 4429 eos
636 4383 903 4444 tamquam
948 4373 1192 4444 stupidos
1231 4374 1502 4431 redderet.
1552 4377 1657 4432 Sed
1698 4378 1950 4448 quidnam
1994 4378 2099 4436 hoc
2124 4372 2138 4384 ’

512 4462 653 4518 fuit?
676 4465 747 4521 Se
765 4465 1047 4521 consilium
1068 4475 1305 4524 mutasse
1323 4467 1502 4539 puella
1530 4468 1798 4524 simulavit
1821 4485 1838 4524 :
1868 4468 2027 4540 idque
2053 4479 2113 4526 ut

509 4554 765 4612 credibile
801 4556 1094 4627 videretur,
1119 4559 1364 4631 quamvis
1389 4558 1443 4613 in
1474 4566 1637 4615 tantae
1667 4557 2030 4616 lluctuationis
2058 4568 2114 4616 et

510 4646 776 4718 naufragii
807 4649 1047 4719 periculo
1073 4650 1364 4706 constituta
1390 4659 1535 4707 esset
1554 4689 1569 4716 ,
1601 4650 1753 4706 vultu
1784 4658 1961 4707 tamen
1994 4652 2112 4721 ipso

511 4734 830 4794 hilaritatem
876 4740 1223 4810 praeferebat.
1265 4741 1550 4812 Figmento
1595 4742 1756 4812 igitur
1793 4744 1885 4798 illo
1912 4743 2110 4799 milites

508 4828 672 4896 capti,
702 4838 756 4884 et
781 4832 968 4899 puella:
999 4832 1270 4889 hilaritate
1293 4834 1525 4905 decepti,
1556 4834 1846 4891 humanius
1876 4836 1930 4890 in
1962 4836 2107 4891 illam

507 4932 570 4973 se
598 4933 788 4988 gerere
830 4934 1132 4991 coeperunt.
1165 4923 1299 4992 Quae
1322 4939 1444 4980 cum
1475 4924 1543 4980 ab
1572 4925 1704 4994 ipsis
1738 4928 1978 4997 petiisset
2002 4969 2018 4994 ,
2051 4936 2109 4983 ut

509 5007 712 5063 tamdiu
742 5008 929 5065 liceret
953 5012 1164 5082 abesse,
1187 5015 1364 5085 quoad
1388 5023 1641 5071 ornatum
1672 5030 1885 5087 sponsa:
1910 5032 2108 5074 conve-

506 5099 743 5155 nientem
785 5099 888 5155 sibi
928 5100 1217 5171 indueret,
1256 5106 1418 5162 eundi
1461 5115 1781 5178 potestatem
1827 5110 2022 5182 milites
2056 5111 2109 5167 ei

507 5203 895 5250 concesserunt
924 5195 1154 5265 :quippe
1179 5198 1270 5268 qui
1291 5214 1354 5253 ea
1383 5214 1443 5253 re
1465 5215 1570 5255 non
1601 5200 1776 5255 solum
1805 5200 1882 5256 illi
1912 5202 2105 5271 virgini

504 5296 716 5353 gratum
747 5285 938 5344 facturi
969 5298 1171 5353 essent,
1202 5290 1295 5344 sed
1318 5290 1559 5346 futurum
1584 5294 1745 5348 etiam
1776 5294 2101 5365 cogitabant,

507 5385 564 5429 ut
598 5392 628 5429 a
664 5378 845 5448 judice
886 5379 1003 5449 ipso
1030 5380 1200 5449 magis
1230 5381 1591 5451 laudarentur,
1622 5385 1667 5439 si
1695 5386 1928 5455 puellam
1955 5400 2105 5444 veSIe

506 5477 748 5523 ornatam
776 5471 1075 5528 duxissent.
1103 5470 1194 5528 llla
1223 5489 1351 5530 vero
1373 5476 1582 5530 consilii
1610 5477 1692 5532 sui
1713 5492 1935 5548 compos
1967 5477 2101 5532 facta

505 5558 686 5610 statim
713 5575 773 5614 se
789 5573 934 5619 veste
955 5566 1143 5630 induit,
1165 5584 1285 5638 qua:
1305 5584 1432 5624 vere
1451 5569 1647 5625 decora
1669 5578 1771 5625 est.
1795 5571 1928 5626 Cum
1944 5556 2101 5627 .enim

507 5644 669 5697 animi
701 5647 1006 5709 fortitudine
1034 5696 1050 5720 ,
1079 5664 1133 5712 et
1160 5660 1572 5715 resurrectionis
1599 5675 1695 5731 spe
1739 5662 1902 5717 multa
1933 5677 1993 5717 sc
2022 5663 2101 5717 in-

508 5734 709 5791 duisset
734 5750 892 5808 atque
919 5750 1315 5810 corroborasset
1338 5796 1353 5824 ,
1385 5753 1453 5810 ad
1485 5753 1649 5824 ipsius
1681 5755 1803 5811 tecti
1835 5750 2098 5824 fastigium

2184 1534 2455 1601 cucurrit,
2494 1543 2549 1589 et
2591 1531 2734 1588 illinc
2773 1526 3003 1603 seipsam
3044 1531 3369 1602 praecipitem
3399 1532 3568 1595 dedit.
3604 1533 3794 1600 Ira-me

2185 1625 2445 1695 palaestrae
2469 1639 2636 1694 genus
2672 1623 2807 1678 illud
2828 1624 3005 1694 exegit
3029 1664 3047 1691 ,
3074 1624 3218 1695 quod
3248 1633 3305 1679 ut
3346 1640 3600 1695 tuaguum
3625 1626 3791 1695 quid-

2187 1717 2330 1787 piam
2347 1713 2634 1785 aliquando
2651 1713 2897 1769 diabolus
2918 1714 3144 1769 Domino
3172 1714 3272 1784 ipsi
3299 1730 3599 1784 pronouere
3619 1729 3791 1777 ausus

2186 1806 2378 1875 fuerat,
2407 1821 2528 1861 cum
2555 1806 2685 1860 dixit
2718 1823 2732 1861 :
2765 1805 2826 1862 Si
2854 1805 3023 1861 Filius
3057 1804 3157 1860 Dei
3179 1822 3252 1872 es,
3292 1807 3432 1873 mitte
3470 1818 3520 1860 te
3545 1806 3797 1869 deorum

2190 1897 2418 1972 (Manli.
2443 1900 2497 1955 4.
2525 1899 2557 1954 6
2579 1899 2618 1969 ).
2648 1898 2815 1969 Hujus
2842 1897 3039 1969 puellas
3060 1898 3223 1959 fidem
3246 1907 3303 1953 et
3326 1898 3488 1952 ιιιιίιηί
3516 1899 3797 1968 magnitu-

2188 1991 2367 2047 dinem
2397 1992 2554 2047 valde
2591 1992 2932 2061 obstupesco.
2963 1990 3103 2057 Quid
3138 1993 3284 2047 enim
3324 2001 3449 2051 tunc
3487 1989 3590 2045 alia
3630 1992 3792 2060 virgo

2186 2095 2367 2137 secum
2413 2083 2526 2152 ipsa
2574 2097 2681 2136 non
2726 2082 3059 2152 cogitasset?
3104 2081 3339 2137 Dixisset
3379 2081 3595 2152 quidem
3636 2097 3657 2134 ι
3699 2082 3794 2143 Do

2186 2173 2446 2245 meipsam
2476 2188 2541 2228 ex
2572 2171 2675 2228 hoc
2703 2173 2822 2229 loco
2849 2173 3177 2243 prmeipitem
3201 2213 3217 2239 ,
3244 2187 3366 2227 cum
3408 2173 3461 2228 id
3507 2173 3683 2227 facere
3716 2189 3795 2227 eo

2186 2265 2304 2335 ipso
2329 2274 2511 2319 coacta
2538 2265 2637 2320 sim
2666 2305 2681 2331 ,
2708 2265 2849 2336 quod
2880 2275 3123 2336 stuprum
3150 2252 3347 2319 metuo.
3378 2265 3669 2320 Laudabile
3698 2276 3797 2321 est

2190 2342 2522 2428 propositum
2551 2398 2567 2423 ,
2604 2357 2765 2411 modo
2794 2372 2976 2413 casum
3006 2357 3176 2427 ipsum
3208 2371 3353 2411 mors
3376 2368 3745 2425 consequatur
3776 2374 3793 2409 :

2189 2449 2433 2523 quamvis
2460 2447 2602 2503 enim
2623 2447 2676 2502 in
2706 2462 2793 2502 me
2824 2454 3086 2517 mortuam
3115 2446 3297 2519 hostes
3324 2446 3628 2519 debacchati
3659 2446 3796 2500 fuc—

2185 2540 2311 2607 rint,
2342 2540 2395 2595 id
2426 2549 2600 2599 tamen
2626 2555 2725 2611 ego
2750 2555 2855 2603 non
2887 2540 3109 2606 sentiam
3131 2580 3145 2605 ,
3179 2553 3370 2611 meque
3395 2538 3650 2593 insciente
3677 2539 3799 2594 hoc

2187 2630 2408 2698 facient.
2442 2632 2517 2686 Ac
2543 2632 2588 2686 si
2615 2632 2667 2686 in
2694 2639 2888 2686 terram
2908 2631 3110 2686 collisa:
3132 2631 3373 2700 corporis
3398 2631 3634 2697 membra
3654 2644 3763 2699 per
3778 2659 3797 2668 -

2188 2723 2351 2778 fracta
2383 2724 2608 2791 fuerint,
2637 2724 2813 2779 anima
2838 2737 2965 2778 vero
3006 2723 3059 2777 in
3104 2723 3356 2778 membris
3385 2722 3744 2792 perm:inscrit
3773 2762 3797 2789 ,

2187 2818 2428 2887 corporis
2457 2817 2838 2888 turpitudinem
2866 2816 3092 2873 moleste
3121 2815 3300 2871 ferens
3328 2830 3392 2870 ac
3416 2815 3626 2881 dolens,
3653 2826 3799 2879 tuine

2188 2910 2531 2967 nihilominus
2560 2911 2628 2966 ad
2649 2911 2883 2982 judicem
2910 2910 3088 2977 ducta,
3118 2927 3178 2966 ea
3207 2911 3395 2981 patiar,
3425 2925 3542 2981 quae
3566 2924 3799 2979 semper

2189 3002 2343 3071 timui
2378 3021 2391 3058 :
2426 3003 2637 3059 tradent
2674 3003 2815 3059 enim
2860 3012 3047 3073 stupro
3078 3018 3275 3072 corpus
3312 3002 3484 3071 ipsum
3525 3001 3800 3067 membris

2190 3093 2376 3161 laesum
2401 3135 2418 3162 ,
2447 3108 2510 3150 ac
2549 3109 2636 3155 me
2660 3094 2909 3163 violatam
2955 3093 3228 3165 dimittent
3261 3110 3274 3147 :
3304 3095 3484 3162 sicque
3511 3090 3795 3173 duplicem

2186 3186 2354 3253 feram
2371 3188 2750 3257 calamitatem,
2778 3197 2887 3259 tum
2912 3186 3185 3259 corporeis
3208 3187 3462 3259 membris
3489 3186 3634 3253 laesa,
3667 3195 3794 3255 tuin

2186 3282 2491 3353 virginitate
2528 3283 2771 3352 spoliata.
2818 3282 2945 3339 llaec
2995 3281 3126 3339 satis
3169 3280 3395 3351 quidem,
3431 3279 3659 3349 fuissent
3676 3318 3703 3353 ,.
3726 3291 3803 3353 ut

2186 3372 2346 3429 aliam
2387 3373 2622 3442 pueHam
2658 3373 3047 3443 perturbarent.
3086 3374 3155 3433 At
3193 3356 3283 3435 illa
3311 3372 3382 3428 ita
3420 3371 3629 3439 conlisa
3656 3380 3744 3437 est
3770 3414 3803 3446 ,.

2187 3464 2341 3535 quasi
2366 3463 2490 3518 finis
2518 3464 2684 3534 ipsius
2707 3478 3027 3533 sponsorem
3046 3463 3275 3533 aliquem
3300 3462 3526 3535 haberet
3550 3480 3565 3516 ε
3593 3462 3665 3516 ob
3692 3461 3791 3527 idc-

2187 3570 2296 3626 que
2324 3564 2571 3625 prompto
2603 3556 2785 3610 animo
2822 3553 2895 3610 ad
2914 3570 3036 3610 eum
3062 3570 3247 3621 casum
3276 3554 3563 3623 fastinavit.
3597 3554 3793 3623 Itaque

2188 3646 2383 3717 puellm
2406 3655 2465 3700 et
2490 3646 2706 3716 virginis
2736 3645 3046 3711 fortitudine
3070 3655 3232 3716 atque
3266 3644 3449 3700 auium
3489 3644 3581 3701 illo
3606 3645 3795 3703 vietus

2188 3751 2253 3793 es
2270 3776 2287 3803 ,
2313 3736 2543 3796 diabole.
2570 3737 2701 3805 Quae
2723 3737 2866 3792 enim
2898 3737 3124 3795 Domino
3147 3736 3255 3807 ipsi
3273 3735 3407 3799 olim
3433 3733 3785 3805 proposuisti,

2190 3817 2263 3874 ad
2284 3832 2347 3875 ea
2376 3819 2550 3890 puella
2574 3820 2817 3891 quaedam
2841 3863 2857 3889 ,
2883 3821 2999 3893 ejus
3023 3820 3248 3888 famula,
3278 3829 3343 3876 te.
3362 3821 3698 3890 prouocauit,
3723 3831 3799 3877 et

2188 3907 2267 3964 ad
2289 3911 2419 3965 tecti
2442 3908 2709 3983 fastigium
2746 3926 3056 3981 accurrens,
3088 3912 3239 3977 illiue
3277 3910 3517 3982 seipsam
3547 3912 3793 3981 jaculata

2189 4010 2317 4057 est:
2348 4017 2579 4075 cumque
2614 4019 2647 4060 a
2685 4004 2865 4076 judice
2909 4015 3094 4061 vocata
3131 4012 3316 4071 esset,
3360 4002 3500 4068 tibi,
3539 4001 3633 4072 qui
3676 4002 3793 4058 hoc

2188 4094 2496 4164 suggessisti
2515 4137 2531 4163 ,
2563 4110 2669 4152 non
2697 4094 3121 4167 obtemperavit,
3166 4110 3340 4165 neque
3366 4092 3649 4157 subdolam
3676 4107 3785 4161 pu-

2187 4198 2347 4255 gnam
2386 4187 2550 4243 subiit
2579 4204 2593 4241 :
2624 4188 2773 4244 novit
2799 4189 2943 4249 enim
2970 4196 3218 4245 versutas
3247 4185 3600 4258 cogitationes
3624 4193 3744 4239 tuas
3764 4202 3783 4239 :

2188 4290 2311 4331 cum
2344 4291 2489 4348 sazpe
2534 4278 2768 4349 virgines
2813 4280 2955 4350 ipsas
2995 4278 3064 4335 ad
3102 4277 3344 4348 judiees,
3395 4286 3663 4347 tamquam
3710 4275 3783 4329 ad

2188 4367 2396 4440 flagella
2431 4370 2742 4440 excipienda
2767 4410 2785 4438 ,
2815 4384 3010 4426 vocare
3053 4369 3232 4425 soleas
3258 4384 3273 4434 ;
3301 4377 3487 4439 postea
3513 4380 3634 4422 vero
3663 4369 3787 4421 sine

2188 4477 2365 4533 pugna
2403 4462 2467 4517 iis
2485 4503 2502 4529 ,
2531 4462 2620 4533 qui
2651 4477 2887 4533 pugnare
2913 4462 3233 4528 subierunt,
3264 4459 3513 4517 acerbius
3536 4457 3787 4513 detentas

2189 4557 2360 4629 ejicis.
2383 4558 2454 4613 At
2473 4557 2519 4612 si
2539 4572 2666 4614 vere
2678 4556 2743 4612 ad
2764 4571 2995 4628 pugnam
3014 4556 3096 4611 vel
3115 4555 3181 4611 ad
3208 4553 3376 4611 stadia
3400 4552 3627 4623 puellam
3657 4565 3783 4619 pro-

2189 4666 2372 4719 vocas,
2397 4651 2726 4722 congredere
2750 4665 2893 4705 nunc
2909 4664 3031 4705 cum
3060 4648 3204 4725 illae
3231 4656 3369 4701 tecto
3393 4660 3454 4701 se
3477 4643 3777 4714 dejiciente,

2188 4758 2415 4816 eamque
2451 4743 2596 4798 illinc
2621 4742 2951 4799 decidentem
2982 4740 3222 4796 sustine:
3252 4737 3452 4793 audeas
3489 4745 3675 4791 contra
3718 4733 3784 4787 il-

2190 4836 2295 4891 lam
2319 4844 2484 4900 stare,
2511 4845 2567 4891 et
2586 4835 2886 4906 palzestram
2908 4831 3160 4903 experiri.
3182 4829 3368 4885 Excita
3392 4840 3784 4899 quamcumque

2188 4928 2322 4985 velis
2345 4928 2616 4983 astutiam.
2645 4926 2821 4982 Habes
2846 4933 3045 4980 terram
3072 4938 3168 4992 pro
3193 4936 3387 4991 pugnze
3408 4932 3631 4989 campo:
3655 4931 3786 4987 urge

2176 5034 2333 5076 “nunc
2355 5019 2559 5090 gladios
2588 5020 2751 5089 ipsos,
2783 5026 2843 5073 ut
2868 5025 3096 5072 mortem
3128 5012 3359 5076 inferas;
3387 5010 3672 5065 substerne
3698 5007 3782 5061 in-

2190 5113 2511 5170 terficiendis
2538 5111 2843 5168 hominibus
2872 5108 3004 5165 dura
3031 5107 3193 5163 caedis
3222 5107 3612 5166 instrumenta;
3656 5114 3785 5171 para

2188 5206 2453 5263 decidenti
2482 5205 2673 5276 puellae
2714 5202 3153 5259 contractionem.
3195 5198 3395 5253 Omnes
3428 5196 3581 5249 enim»
3611 5209 3782 5264 quan-

2190 5301 2384 5356 tumvis
2424 5300 2697 5354 abstrusas
2741 5304 2902 5365 atque
2942 5292 3149 5348 abditas
3197 5298 3340 5344 artes
3371 5298 3490 5343 tuas
3518 5288 3663 5342 velut
3702 5287 3785 5339 in-

2189 5393 2527 5461 firmissimus
2549 5392 2637 5447 illa
2667 5389 2978 5461 superavit:
3003 5384 3249 5456 quodque
3277 5383 3450 5451 majus
3476 5389 3578 5445 est,
3612 5394 3786 5450 neque

2190 5484 2319 5541 illud
2364 5500 2393 5539 a
2435 5485 2544 5539 Deo
2577 5482 2796 5553 exegit,
2825 5478 2968 5551 quod
3007 5478 3264 5546 scriptum
3294 5483 3379 5528 est
3406 5492 3420 5526 :
3448 5472 3652 5543 Angelis
3686 5471 3785 5522 mis

2190 5576 2380 5630 utenda
2406 5576 2469 5629 de
2494 5591 2573 5629 me
2594 5616 2609 5639 ,
2648 5572 2892 5638 Domine,
2924 5586 2987 5623 ne
3017 5583 3240 5637 unquam
3270 5563 3526 5631 oﬂ'eudum
3553 5562 3621 5615 ad
3650 5561 3785 5630 lapi-

2191 5669 2304 5723 dem
2334 5684 2519 5739 corpus
2544 5683 2708 5721 meum
2731 5663 2895 5738 (Luc.
2927 5663 2979 5717 4.
3014 5661 3103 5715 10.
3136 5659 3222 5728 ll)
3253 5676 3267 5712 :
3299 5656 3393 5713 sed
3426 5656 3477 5710 id
3509 5655 3699 5725 petiit,
3727 5662 3786 5707 ut

2193 5755 2357 5816 animi
2386 5762 2693 5833 praeciperet
2726 5767 2843 5826 post
2872 5772 3050 5810 rasum
3085 5752 3255 5822 ipsum
3286 5766 3315 5800 e
3345 5764 3566 5819 corpore
3608 5746 3779 5802 disce
