4104 6446
718 406 823 460 587

1426 401 1483 457 ὅ.
1524 399 1800 457 JOANNIS
1839 397 2307 457 CllRYSOSTOMl
2347 399 2668 457 ARCHIEP.
2709 403 3239 465 CONSTANTINOP.
3848 415 3918 473 διδ

755 534 3909 570 _.__.______._.______.___._________._____.___________._________

1477 617 1600 701 IN
1673 619 1760 701 S.
1817 616 2482 700 MARTYREM
2553 616 3150 706 IGNATIUM

715 797 1071 855 υιιηιιῠιί,
1104 794 1337 841 MAGIS
1365 792 1725 836 ΔΝΤῙΟΟΗῙΒ
1771 791 2315 870 Αιιοῐηειξιεαοιιυιί

2295 791 2315 833 ί
2346 791 2573 836 BONA!
2602 794 2972 854 ABDUCTUH,
3021 799 3236 854 ωιουι
3265 803 3599 851 ΠΔἎΤῘἉΙΟ
3628 809 3916 873 ΔΠΒΟΊὍΙ,

1267 891 1474 945 ATQUE
1518 891 1670 934 INDB
1713 891 1955 935 RURSUS
1998 889 2396 936 ANTIOCHIAI
2439 891 2884 954 TRANSLATUM,

1828 891 1955 935 tsus
1998 889 2396 936 mrtocnuu
2439 891 2884 954 mansurum,
2932 899 3252 946 ιΑυυΑτιο
3283 889 3297 919 ¹
3332 887 3449 968 (a).

2159 1035 2531 1093 eam»

774 1197 823 1250 l.
853 1193 951 1262 Qui
977 1188 1299 1260 sumptuosis
1324 1202 1387 1242 ac
1414 1185 1702 1256 splendidis
1727 1185 1984 1241 conviviis
2009 1185 2286 1240 delectan-

700 1301 803 1355 tur,
833 1303 892 1343 ea
921 1287 1112 1340 crebro
1137 1291 1193 1340 ct
1221 1281 1526 1352 frequenter
1548 1279 1837 1344 celebrant,
1860 1287 1968 1332 tum
1998 1287 2054 1332 ut
2078 1277 2288 1333 divitias

699 1386 968 1435 ostentent
996 1390 1153 1441 suas,
1183 1383 1295 1428 tum
1333 1380 1391 1426 ut
1416 1370 1838 1426 benevolentiam
1868 1370 1919 1423 in
1950 1369 2150 1424 amicos
2177 1384 2286 1438 prte

697 1486 755 1526 se
784 1470 976 1524 ferant.
1006 1465 1150 1520 Talis
1175 1473 1254 1519 est
1280 1463 1442 1518 etiam
1472 1462 1702 1531 Spiritus
1744 1461 1912 1530 gratia
1939 1502 1954 1525 ,
1988 1476 2105 1529 qum
2134 1461 2287 1516 nobis

696 1570 752 1615 et
780 1560 1020 1630 proprias
1047 1569 1174 1625 opes
1205 1551 1438 1608 ostendit
1477 1563 1637 1621 atque
1663 1551 1878 1606 exhibet
1906 1593 1919 1615 ,
1948 1558 2002 1605 et
2040 1565 2283 1620 magnam

696 1667 821 1722 erga
860 1650 1060 1704 amicos
1100 1645 1192 1701 Dei
1229 1645 1504 1700 caritatem
1531 1644 1766 1699 declarat
1794 1685 1810 1710 ,
1835 1659 1954 1698 cum
1987 1643 2288 1712 frequentes

701 1741 855 1796 nobis
880 1745 1173 1808 martyrum
1205 1749 1418 1789 mensas
1445 1735 1681 1804 apponit.
1712 1733 1893 1802 Nuper
1927 1733 2100 1802 puella
2130 1733 2287 1803 plane

699 1831 1013 1886 adolescens
1034 1839 1086 1883 et
1109 1827 1274 1898 virgo,
1296 1827 1447 1882 beata
1469 1835 1668 1897 martyr
1695 1826 1926 1894 Pelagia,
1953 1841 2140 1894 magna
2165 1841 2285 1880 cum

701 1921 885 1975 l:ctitia
910 1919 1208 1974 convivium
1239 1917 1394 1972 nobis
1423 1917 1661 1972 exhibuit
1695 1933 1708 1970 :
1742 1917 1899 1972 hodie
1924 1918 2284 1972 celebritatem

701 2012 840 2067 illius
864 2012 1050 2066 beatus
1077 2009 1165 2064 hic
1191 2023 1252 2063 ac
1278 2023 1571 2078 generosus
1611 2017 1814 2078 martyr
1855 2008 2085 2078 lgnatius
2125 2008 2288 2062 vicis-

699 2105 800 2158 sim
829 2102 1054 2171 excepit.
1090 2101 1320 2154 Diversa:
1349 2099 1563 2169 quidem
1596 2113 1860 2169 personat,
1889 2098 1983 2153 sed
2010 2114 2109 2153 una
2139 2114 2288 2152 men-

700 2212 757 2252 sa
785 2215 798 2263 ;
829 2197 988 2250 varia:
1019 2209 1226 2263 pagum,
1259 2193 1351 2249 sed
1379 2208 1575 2247 corona
1606 2192 1790 2247 eadem
1813 2209 1827 2258 ;
1852 2191 2088 2260 disparia
2113 2199 2288 2246 certa-

699 2293 863 2360 mina,
886 2292 977 2347 sed
1001 2291 1138 2347 idem
1164 2291 1424 2346 bravium.
1457 2289 1512 2356 In
1541 2288 1920 2344 certaminibus
1941 2287 2082 2342 enim
2111 2293 2289 2340 exter-

699 2385 781 2437 nis
805 2424 819 2450 ,
852 2384 970 2453 quia
997 2382 1207 2436 labores
1236 2390 1360 2436 sunt
1388 2394 1703 2449 corporum,
1741 2379 1934 2432 merito
1960 2377 2057 2430 viri
2085 2386 2287 2432 tantum

696 2475 1082 2539 admittuntur;
1114 2472 1200 2526 hic
1225 2480 1401 2526 autem
1431 2470 1682 2541 quoniam
1716 2479 1880 2523 totum
1914 2479 2184 2523 certamen
2216 2467 2284 2522 ad

699 2566 934 2620 animum
958 2572 1183 2634 spectat,
1209 2563 1419 2632 utrique
1445 2562 1594 2615 sexui
1623 2560 1852 2616 stadium
1879 2561 2134 2629 aperitur,
2158 2559 2290 2614 utri-

696 2673 799 2727 que
819 2658 1002 2727 generi
1029 2655 1307 2710 consident
1333 2663 1682 2723 spectatores.
1706 2652 1816 2708 Nec
1845 2653 1943 2706 viri
1974 2662 2176 2707 tantum
2202 2666 2292 2706 ac-

699 2749 919 2818 cingunt
959 2763 1018 2803 se
1039 2789 1054 2812 ,
1100 2763 1165 2802 ne
1193 2745 1260 2800 ad
1291 2755 1492 2799 natura:
1522 2743 1882 2798 infirmitatem
1915 2742 2126 2796 feminae
2155 2757 2289 2797 con-

699 2842 956 2911 fugientes
984 2839 1308 2909 probabilem
1337 2839 1532 2893 habere
1558 2836 1835 2892 videantur
1853 2837 2286 2891 excusationem:

699 2949 799 2990 nec
827 2933 954 2988 sola:
980 2932 1189 2987 feminae
1217 2947 1276 2986 se
1304 2929 1510 2985 fortiter
1533 2937 1744 3000 gerunt,
1771 2944 1837 2982 ne
1860 2930 2094 2982 virorum
2121 2943 2290 2998 genus

699 3027 892 3080 rubore
921 3023 1240 3094 perfundant
1265 3038 1279 3085 ;
1311 3021 1406 3077 sed
1436 3031 1490 3076 et
1529 3020 1652 3074 hinc
1680 3030 1732 3075 et
1775 3019 1897 3074 inde
1925 3019 2078 3074 multi
2111 3018 2289 3089 publi-

698 3124 890 3171 cantur
913 3115 1164 3177 victores,
1197 3123 1250 3168 et
1278 3126 1503 3166 coronas
1532 3119 1907 3181 assequuntur,
1938 3122 1990 3164 ut
2016 3125 2081 3164 ex
2107 3111 2287 3180 operi-

696 3208 797 3262 bus
822 3205 1101 3275 intelligas,
1127 3204 1176 3256 in
1205 3203 1416 3257 Christo
1437 3201 1562 3257 Jesu
1595 3217 1766 3272 neque
1792 3202 2086 3256 masculum
2115 3215 2288 3270 neque

695 3298 946 3354 feminam
972 3312 1090 3351 esse
1121 3294 1312 3367 (Gafat.
1339 3295 1394 3350 ὅ.
1419 3294 1535 3366 28),
1568 3310 1667 3348 nec
1691 3309 1901 3358 sexum,
1926 3308 2024 3348 nec
2047 3293 2290 3364 corporis

697 3389 1112 3445 imbecillitatem
1136 3428 1150 3452 ,
1192 3401 1365 3456 neque
1399 3395 1610 3440 aetatem
1635 3427 1651 3452 ,
1700 3401 1798 3440 nec
1825 3385 1967 3440 aliud
1999 3384 2287 3475 quidquam

695 3478 957 3550 ejusmodi
996 3476 1204 3546 pietatis
1232 3491 1450 3531 cursum
1489 3475 1892 3531 conticientibus
1933 3475 2286 3544 impedimen-

696 3582 806 3626 tum
833 3571 1024 3625 aﬂ'erre
1055 3583 1228 3638 posse,
1256 3568 1416 3623 modo
1442 3583 1702 3638 generosa
1728 3568 1997 3634 alacritas,
2027 3578 2080 3622 et
2104 3581 2287 3638 prom-

625 3681 628 3688 '
695 3677 820 3740 ptus
843 3668 1086 3732 animus,
1117 3675 1171 3720 et
1201 3665 1294 3720 Dei
1322 3666 1482 3719 timor
1508 3663 1704 3718 ardens
1731 3672 1890 3732 atque
1927 3661 2287 3718 inﬂammatus

697 3761 752 3815 in
781 3760 1034 3815 cordibus
1059 3757 1257 3812 nostris
1281 3755 1488 3810 radices
1507 3756 1694 3826 egerit.
1725 3754 1928 3810 Idcirco
1950 3764 2005 3809 et
2030 3755 2284 3826 virgines,

695 3860 752 3907 et
780 3851 990 3922 puellae.
1015 3858 1071 3904 et
1092 3849 1224 3914 viri,
1250 3855 1307 3904 et
1325 3847 1569 3918 juvenes,
1589 3857 1642 3902 et
1669 3861 1847 3912 senes,
1875 3855 1928 3902 et
1955 3847 2114 3912 servi,
2135 3857 2189 3902 et
2219 3847 2286 3902 li-

695 3945 832 4013 beri,
860 3953 913 3998 et
937 3943 1112 3996 omnis
1137 3939 1288 4005 ordo,
1314 3950 1473 4010 atque
1497 3948 1626 3994 tetas
1655 3938 1848 4006 omnis,
1876 3946 1934 3995 et
1956 3953 2116 3994 sexus
2143 3949 2287 3994 uter-

696 4049 801 4104 que
837 4033 903 4087 ad
931 4033 1045 4087 hmc
1072 4030 1363 4086 certamina
1389 4031 1772 4102 accinguntur;
1814 4044 1912 4084 nec
1944 4029 2036 4084 ulli
2067 4031 2287 4085 omnino

697 4142 792 4181 sua
825 4125 1147 4180 frustrantur
1176 4139 1272 4194 spe
1296 4165 1310 4190 ,
1338 4124 1429 4195 qui
1459 4132 1732 4178 strenuum
1759 4123 1923 4178 animi
1952 4123 2283 4194 propositum

697 4216 762 4270 ad
789 4215 886 4270 bas
915 4229 1116 4285 pugnas
1143 4214 1436 4270 attulerint.
1466 4214 1700 4284 Tempus
1726 4214 1887 4285 igitur
1909 4215 2020 4284 jam
2049 4214 2117 4270 ad
2143 4229 2286 4285 prte-

699 4309 845 4363 clara
873 4307 1096 4376 hujusce
1122 4307 1222 4361 viri
1251 4305 1487 4361 facinora
1513 4305 1832 4362 declaranda
1861 4321 1959 4361 nos
1987 4315 2158 4372 vocat,
2191 4306 2287 4362 sed

699 4403 997 4457 deterretur
1025 4400 1234 4455 animus
1262 4413 1327 4454 ac
1351 4399 1710 4467 perturbatur,
1739 4397 1864 4453 dum
1890 4399 1944 4452 in
1975 4406 2139 4464 tanta,
2167 4413 2286 4469 qua:

700 4509 799 4550 nos
831 4493 1065 4563 undique
1092 4489 1448 4558 circumﬂuit,
1481 4490 1696 4545 landum
1721 4490 1873 4560 copia
1913 4491 2124 4546 haesitat
2159 4490 2285 4562 quid

697 4586 924 4656 primum
945 4626 960 4651 ,
990 4582 1116 4655 quid
1142 4582 1431 4638 secundum
1453 4623 1467 4645 ,
1499 4581 1622 4653 quid
1651 4581 1863 4636 tertium
1890 4581 2072 4638 dicere
2097 4597 2286 4652 aggre-

696 4679 890 4734 diatur.
923 4680 1095 4748 Atque
1119 4675 1258 4730 idem
1286 4674 1440 4730 nobis
1466 4675 1664 4742 evenit,
1688 4683 1746 4729 ut
1774 4673 1820 4728 si
1848 4673 1965 4744 quis
1995 4674 2046 4728 in
2079 4683 2285 4744 pratum

697 4766 1001 4839 ingressus,
1033 4775 1089 4824 et
1115 4767 1308 4822 multas
1337 4751 1503 4834 rosas,
1538 4767 1706 4821 violas
1731 4767 1947 4834 multas,
1979 4779 2042 4820 ac
2070 4766 2199 4833 lilia,
2232 4773 2288 4820 et

699 4859 831 4916 alios
858 4875 1048 4915 vernos
1077 4859 1236 4915 ﬂores
1261 4847 1437 4914 varios
1465 4874 1527 4914 ac
1552 4858 1796 4913 diversos
1825 4859 2076 4924 intuitus,
2112 4857 2288 4912 ambi-

695 4959 784 5019 gat
803 4964 958 5018 quem
991 4951 1162 5020 primo
1188 4951 1326 5017 loco,
1349 4965 1507 5021 quem
1531 4949 1767 5005 secundo
1785 4951 2133 5020 perspexerit,
2157 4950 2284 5005 dum

697 5039 892 5110 singuli
921 5040 1081 5098 ﬂores
1106 5043 1292 5099 oculos
1316 5043 1383 5099 ad
1411 5057 1471 5100 se
1495 5043 1726 5113 rapiunt.
1763 5043 1962 5098 Eodem
2002 5043 2161 5097 modo
2187 5059 2285 5098 nos

694 5135 825 5188 item
849 5131 1133 5202 efficimur,
1155 5133 1282 5189 dum
1307 5135 1409 5190 hoc
1429 5135 1707 5206 spirituale
1730 5143 1934 5204 pratum
1967 5133 2149 5204 lguatii
2180 5135 2286 5187 vir-

693 5232 864 5279 tutum
895 5223 1141 5294 ingressi,
1170 5233 1224 5279 et
1251 5238 1358 5278 non
1385 5239 1580 5280 vernos
1609 5223 1790 5290 ﬂores,
1818 5223 1913 5280 sed
1945 5225 2089 5294 ipsos
2112 5224 2285 5294 Spiri-

695 5325 780 5371 tus
809 5313 1013 5370 fructus
1036 5316 1214 5368 varios
1241 5329 1305 5368 ac
1326 5314 1572 5370 diversos
1602 5316 1653 5370 in
1680 5316 1796 5385 ejus
1832 5318 2006 5370 anima
2037 5325 2282 5371 content;

695 5409 904 5477 plantes
924 5422 1343 5475 commovemur,
1363 5422 1427 5462 ac
1451 5408 1751 5464 dubitamus
1779 5409 1918 5464 unde
1948 5410 2282 5480 potissimum

693 5499 1058 5564 exordiantur,
1089 5499 1216 5554 dum
1245 5499 1451 5571 singula
1478 5515 1597 5572 quae
1621 5503 1996 5573 conspeximus
2016 5544 2032 5571 ,
2068 5503 2135 5557 ab
2165 5503 2282 5558 aliis

699 5603 796 5644 nos
821 5599 1065 5658 avocant,
1093 5599 1146 5647 et
1169 5590 1236 5646 ad
1263 5591 1534 5662 prOprium
1560 5591 1770 5648 decoris
1795 5593 2135 5664 splendorem
2161 5609 2282 5650 ocu-

763 5740 780 5804 ξ
812 5739 990 5804 collata
1010 5753 1119 5788 cum
1143 5741 1331 5804 duobus
1351 5743 1602 5793 Codicibtxs
1622 5744 1783 5804 Regiis
1811 5745 1928 5795 18δὲ
1946 5753 1999 5796 ct
2020 5746 2164 5795 2545.

757 5801 838 5872 (ιι).
862 5799 1071 5849 Titulum
1105 5804 1176 5872 sic
1194 5803 1392 5872 habent
1417 5805 1558 5854 Savil.
1585 5799 1787 5872 _et_unns
1813 5808 1971 5860 Codex
1999 5809 2207 5872 Regius;
2235 5809 2283 5860 in

690 5857 856 5911 Morel.
881 5873 1006 5911 vero
1028 5869 1270 5924 [mtrcma
1294 5869 1443 5919 verba
1467 5880 1564 5918 non
1583 5865 1845 5919 habentur.

2398 1185 2479 1240 los
2505 1187 2672 1244 animi
2697 1198 2754 1244 et
2778 1193 2973 1247 mentis
2996 1195 3165 1251 aciem
3186 1198 3430 1254 invitant.
3443 1200 3550 1255 Vos
3569 1205 3701 1264 enim
3729 1206 3920 1274 ipsi-oon-

2398 1277 2631 1335 siderate
2659 1299 2670 1334 :
2703 1281 2996 1339 Ecclesiam
3031 1297 3271 1342 nostram
3301 1289 3386 1345 hic
3415 1293 3554 1347 rexit
3580 1302 3679 1348 tam
3707 1312 3916 1366 generose,

2397 1379 2450 1424 et
2479 1380 2620 1426 tanta
2663 1389 2786 1428 cum
2815 1375 3086 1447 diligentia
3113 1422 3128 1446 ,
3171 1393 3424 1451 quantam
3472 1383 3706 1441 Christus
3738 1390 3915 1457 requirit.

2393 1461 2561 1528 Quam
2593 1466 2735 1519 enim
2759 1467 2846 1522 ille
2876 1471 3161 1525 maximam
3189 1489 3434 1530 normam
3461 1485 3515 1530 et
3537 1478 3754 1548 regulam
3776 1482 3916 1549 episco-

2395 1555 2476 1622 pis
2515 1559 2730 1623 statuit,
2761 1574 2877 1614 eam
2919 1561 3003 1616 hic
3043 1563 3196 1618 factis
3226 1565 3355 1635 ipsis
3380 1568 3661 1636 expressit.
3702 1571 3808 1624 Nam
3833 1587 3915 1624 cum

2393 1645 2661 1701 Christum
2694 1649 2985 1707 audivisset
3012 1653 3277 1710 dicentem
3311 1674 3324 1710 :
3358 1657 3538 1713 Bonus
3575 1670 3736 1730 pastor
3756 1663 3915 1714 animum

2393 1752 2539 1790 sitam
2567 1740 2706 1809 ponit
2733 1759 2825 1811 pro
2851 1744 3022 1797 ovibus
3050 1744 3237 1816 (Joan.
3261 1748 3349 1803 l0.
3382 1750 3499 1818 ll),
3523 1753 3660 1804 omni
3687 1753 3916 1807 fortitudine

2393 1841 2511 1880 eam
2540 1843 2637 1898 pro
2664 1831 2853 1885 ovibus
2881 1832 3136 1901 profudit.

2464 1915 2698 1987 Ignatim
2725 1936 2838 1974 cum
2864 1923 3120 1992 Apostofis
3140 1935 3387 1981 versatus.
3422 1926 3622 1984 Laudes
3639 1930 3912 2001 Episcopatus.

2397 2008 2496 2072 Qui
2519 2009 2783 2078 indignum
2809 2014 3026 2076 ordinat,
3060 2025 3376 2084 peccatorum
3407 2021 3519 2090 ejus
3545 2020 3600 2088 ﬁt
3621 2021 3848 2090 particeps.
3871 2049 3917 2061 —

2394 2098 2528 2152 Cum
2559 2103 2814 2169 apostolis
2839 2113 3057 2160 strenue
3082 2115 3325 2162 versatus
3351 2121 3439 2162 est
3463 2149 3478 2174 ,
3511 2120 3565 2164 et
3594 2109 3767 2165 ﬂuenta
3791 2111 3911 2164 hausit

2393 2192 2707 2259 spiritualia.
2741 2194 2960 2260 Qualem
2992 2196 3151 2266 igitur
3174 2212 3297 2253 eum
3326 2215 3450 2254 esse
3480 2216 3572 2268 par
3601 2201 3710 2265 fuit,
3741 2201 3916 2270 quicum

2395 2281 2499 2336 illis
2524 2283 2778 2339 educatus
2806 2295 2907 2350 est,
2933 2296 2986 2342 et
3014 2289 3208 2358 ubique
3234 2290 3386 2358 vixit,
3420 2302 3477 2347 et
3500 2293 3742 2358 omnium,
3764 2293 3915 2361 quasi:

2395 2375 2498 2430 illis
2524 2377 2608 2432 vel
2650 2377 2790 2433 dicta
2829 2380 2912 2434 vel
2953 2397 3059 2435 non
3089 2381 3226 2437 dicta
3269 2394 3435 2452 sunt,
3471 2385 3722 2454 particeps
3756 2383 3914 2446 fuit,rt

2397 2476 2543 2521 tanto
2569 2471 2868 2540 principatu
2883 2470 3074 2540 dignus
3098 2472 3164 2527 ab
3185 2473 3316 2542 ipsis
3335 2486 3421 2529 est
3439 2475 3726 2544 judicatus?
3747 2475 3911 2528 Rursum

2394 2557 2560 2612 adfuit
2587 2569 2816 2630 tempus,
2847 2561 2987 2632 quod
3019 2561 3384 2622 fortitudinem
3414 2567 3656 2636 exigebat
3676 2575 3724 2619 et
3743 2566 3911 2618 animum

2395 2652 2574 2704 omnia
2618 2653 2899 2721 praesentia
2931 2653 3312 2723 despicientem
3339 2696 3354 2722 ,
3389 2658 3586 2728 quique
3613 2671 3770 2711 amore
3788 2655 3912 2710 divino

2394 2741 2662 2808 ferveret,
2707 2753 2762 2799 et
2805 2744 3089 2800 invisibilia
3118 2745 3418 2803 visibilibus
3443 2747 3722 2804 anteferret
3745 2764 3755 2799 :
3781 2755 3822 2800 et
3843 2754 3912 2797 tam

2393 2833 2547 2890 facile
2595 2852 2811 2892 carnem
2860 2837 3146 2908 deposuit,
3194 2854 3354 2910 quam
3400 2842 3577 2912 quivis
3619 2842 3735 2896 alius
3767 2847 3908 2892 vestem

2395 2927 2653 2982 exuisset.
2681 2927 2819 2996 Quid
2852 2929 3012 3000 igitur
3053 2930 3282 3000 primum
3328 2931 3912 3003 persequemurlaposto-

2397 3015 2572 3072 lorum
2596 3017 2914 3085 doctrinam,
2937 3035 3096 3089 quam
3128 3020 3182 3074 in
3207 3022 3462 3077 onmibus
3487 3021 3732 3086 exhibuit,
3753 3035 3804 3073 an
3825 3031 3908 3086 pra-

2395 3107 2564 3162 sentis
2599 3108 2723 3162 vitte
2766 3110 3179 3178 contemptum?
3206 3125 3278 3165 an
3322 3111 3537 3166 virtutis
3580 3109 3907 3182 praistantiam.

2393 3213 2496 3268 qua
2548 3197 2844 3253 Ecclesiam
2893 3198 3336 3256 administravit?
3382 3201 3558 3271 Quem
3607 3195 3908 3256 laudabimus?

2396 3297 2684 3362 martyrem
2714 3289 2738 3343 ?
2782 3291 3092 3361 episcopum
3121 3292 3145 3345 7
3191 3307 3259 3347 an
3313 3293 3661 3363 apostolum?
3696 3287 3907 3359 Triplicein

2394 3381 2538 3438 enim
2569 3396 2819 3436 coronam
2847 3383 3014 3452 gratia
3039 3381 3268 3454 Spiritus
3293 3385 3590 3449 contexuit,
3619 3399 3711 3456 qua
3733 3387 3906 3437 sanctum

2395 3472 2539 3528 illius
2564 3481 2726 3545 caput
2753 3473 3024 3530 redimivit
3043 3516 3059 3539 ,
3093 3476 3199 3531 imo
3224 3491 3354 3532 vero
3381 3476 3734 3547 multiplicem.
3761 3471 3804 3526 Si
3827 3465 3905 3536 quis

2395 3566 2538 3620 enim
2561 3565 2847 3636 diligenter
2869 3581 3095 3622 coronas
3123 3568 3360 3638 singulas
3383 3569 3717 3635 consideret,
3739 3559 3907 3619 inveniet

2394 3665 2452 3714 et
2480 3660 2610 3714 alias
2637 3659 2792 3714 nobis
2818 3661 3206 3730 germinantes.

2463 3750 2519 3804 Ξ.
2554 3754 2630 3804 Ac
2651 3751 2933 3821 principio,
2959 3752 3005 3807 si
3033 3753 3184 3808 vobis
3212 3753 3401 3824 placet,
3420 3755 3490 3811 ab
3506 3753 3803 3825 episc0patus
3819 3743 3898 3797 lau-

2393 3841 2551 3898 dibus
2597 3842 2938 3912 incipiamus.
2966 3843 3258 3900 Videturne
3285 3845 3439 3901 vobis
3473 3847 3585 3900 hmc
3622 3840 3814 3910 simplex
3843 3847 3904 3887 c0-

2393 3933 2566 3987 rona?
2592 3933 2705 4003 Age
2733 3933 2894 4003 igitur
2915 3934 3316 3990 consideremus
3336 3978 3352 4002 ,
3381 3945 3438 3991 et
3465 3937 3597 3992 duas
3619 3977 3632 3998 ,
3654 3941 3702 3988 et
3725 3942 3834 3987 tres,
3855 3928 3904 3974 πο

2392 4040 2498 4096 que
2521 4025 2655 4081 adeo
2683 4026 2864 4097 plures
2907 4026 3031 4082 inde
3062 4027 3217 4082 nobis
3255 4039 3437 4098 partas
3479 4024 3804 4098 conspicietis.
3835 4015 3905 4071 Ne-

2392 4131 2497 4180 que
2538 4118 2682 4173 euim
2712 4133 2812 4188 ego
2835 4119 3006 4172 virum
3050 4118 3192 4174 hunc
3235 4122 3634 4185 tantummodo,
3663 4113 3782 4188 quod
3806 4119 3905 4165 tanto

2394 4205 2615 4262 honoris
2648 4208 2813 4279 gradu
2839 4207 3030 4278 dignus
3057 4209 3128 4264 sit
3161 4209 3372 4267 habitus
3393 4252 3408 4276 ,
3433 4212 3678 4274 admiror,
3707 4204 3786 4262 sed
3807 4195 3905 4270 ψιοά

2393 4311 2423 4351 a
2453 4298 2652 4352 sanctis
2681 4297 2785 4352 illis
2819 4297 3135 4369 dignitatem
3165 4301 3458 4357 obtinuerit
3483 4344 3498 4368 ,
3531 4299 3755 4372 quodque
3774 4298 3903 4346 bealo'

2394 4406 2512 4446 rum
2541 4391 2902 4460 apostolorum
2933 4407 3124 4448 manus
3163 4407 3374 4449 sacrum
3419 4395 3548 4451 illud
3588 4398 3729 4462 caput
3768 4383 3903 4450 attige'

2394 4483 2519 4536 rint.
2552 4481 2662 4538 Nec
2697 4482 2962 4536 modicum
3003 4483 3055 4538 id
3081 4484 3147 4539 ad
3187 4484 3304 4554 ejus
3347 4486 3558 4540 laudem
3601 4481 3781 4539 confert
3804 4484 3902 4527 :non

2395 4573 2568 4628 solum
2599 4571 2740 4642 quod
2767 4573 3026 4645 majorem
3055 4590 3087 4630 e
3120 4577 3251 4630 cado
3273 4578 3499 4646 gratiam
3528 4578 3594 4632 sit
3624 4573 3899 4639 assequutus.

2394 4677 2493 4735 aut
2509 4665 2652 4736 quod
2683 4666 2735 4720 in
2766 4666 2938 4735 ipsum
2969 4667 3045 4721 illi
3078 4667 3336 4738 majorem
3363 4671 3470 4724 vim
3501 4668 3712 4738 Spiritus
3736 4658 3899 4716 indute-

2394 4757 2520 4820 rint,
2550 4757 2642 4812 sed
2669 4758 2810 4829 quod
2835 4767 3022 4815 omnes
3047 4801 3060 4828 ,
3093 4777 3212 4832 qua:
3248 4762 3300 4816 in
3329 4762 3626 4818 hominibus
3648 4763 3783 4815 sunt,
3803 4751 3840 4802 in
3859 4756 3901 4799 eo

2394 4851 2616 4906 virtutes
2645 4865 2765 4907 esse
2794 4853 2970 4907 testati
3008 4853 3132 4907 sint.
3168 4854 3280 4909 Hoc
3317 4865 3496 4910 autem
3540 4851 3656 4925 quid
3683 4845 3768 4902 sibi
3788 4839 3899 4896 velit.

2396 4955 2626 5011 expono.
2658 4941 2855 4997 Paulus
2884 4943 2950 4997 ad
2974 4943 3149 4998 Titum
3177 4945 3418 5001 scribens
3445 4963 3458 4999 :
3485 4961 3601 5001 cum
3629 4951 3781 4995 autem
3805 4931 3900 4984 Pau‘

2395 5032 2502 5087 lum
2526 5033 2665 5101 dico,
2693 5049 2797 5089 non
2827 5035 2967 5090 hunc
2995 5037 3165 5090 solum
3187 5037 3450 5108 intelligo,
3473 5036 3563 5094 sed
3583 5044 3630 5090 et
3658 5033 3850 5086 Petrum.
3867 5021 3901 5067 ει

2393 5125 2650 5181 Jacobum
2670 5165 2687 5192 ,
2723 5135 2778 5181 et
2804 5125 3061 5184 Joannem
3083 5169 3098 5194 ,
3127 5137 3290 5198 atque
3329 5145 3539 5184 onmem
3587 5127 3784 5195 ipsorum
3806 5111 3898 5166 ch0-

2396 5233 2535 5271 rum.
2569 5216 3028 5286 Quemadmodum
3057 5221 3198 5274 enim
3228 5220 3282 5274 in
3312 5221 3422 5292 lyra
3458 5236 3573 5277 cum
3613 5217 3805 5270 diverse
3827 5200 3899 5297 sit"

2393 5309 2645 5376 chordae,
2688 5325 2827 5365 unus
2871 5319 3048 5365 tamen
3097 5320 3390 5366 concentus
3442 5321 3556 5366 est:
3583 5310 3653 5362 sic
3698 5301 3825 5356 etiam
3863 5301 3895 5339 In

2393 5403 2755 5470 apostolorum
2785 5402 2990 5468 choro,
3023 5403 3266 5473 quamvis
3291 5403 3399 5457 sint
3437 5403 3650 5458 diversa:
3683 5394 3894 5463 ρθτεουπο

2394 5510 2496 5548 una
2537 5505 2714 5549 tamen
2763 5495 3004 5550 doctrina
3050 5504 3161 5562 est,
3191 5495 3313 5566 quia
3353 5504 3408 5550 et
3449 5508 3578 5549 unus
3623 5484 3781 5542 artifex
3815 5475 3894 5527 εηί

2391 5586 2623 5657 Spiritus
2650 5595 2884 5652 sanctus,
2917 5587 3006 5657 qui
3039 5588 3274 5657 ipsorum
3301 5588 3505 5642 animos
3533 5567 3893 5640 movebanidtl‘”

2392 5677 2590 5732 Paulus
2633 5677 2956 5742 ostendens,
2987 5677 3108 5732 Sive
3135 5678 3312 5748 igitur,
3344 5678 3540 5747 inquit,
3579 5672 3665 5732 illi,
3701 5666 3888 5748 εἰυείσθτ

2389 5772 2462 5825 sic
2492 5771 2826 5840 prwdicamus
2855 5737 3081 5840 (L'Cor.
3224 5737 3335 5836 ib).
3367 5737 3462 5823 llic
3488 5737 3606 5837 ergo
3631 5737 3888 5816 scribe!“ad

2391 5863 2606 5929 Τίιυιηι
2655 5872 2708 5920 ει
2756 5863 2953 5921 docens
3001 5865 3174 5935 qualis
3223 5863 3503 5934 episcopus
3555 5871 3661 5917 CSsc
3709 5843 3887 5904 debeat.
