4104 6442
105 381 169 437 87
1308 372 1375 429 IN
1411 370 1468 427 S.
1509 361 1843 430 IGNATIL'M
1878 371 2291 431 MARTYREM.

3402 379 3505 478 3,588

1523 669 2113 758 ΕΓΚΩΜΙΟΝ

103 831 156 896 τις
210 829 305 884 τὸν
331 826 514 896 ἅγιον
544 824 933 896 ιερομάρτυρα
980 827 1267 898 Ἰγνάτιον
1290 829 1399 884 τὸν
1430 828 1725 899 θεοφόρον
1750 829 2238 899 ἁρχιεπίσκοπον
2268 835 2584 903 γενόμενον
2662 835 3014 905 Ἀντιοχείας
3076 837 3188 907 τῆς
3228 840 3499 909 μεγάλης

198 924 279 987 εις
329 916 570 989 Ῥώμην
600 918 1031 989 ἀπενεχθέντα,
1079 921 1177 975 καί
1203 921 1410 978 αὐτόθι
1431 920 1924 991 μαρτυρήσαντα,
1960 923 2237 978 κακεῐθεν
2263 920 2438 992 αὖθις
2474 928 2560 992 εις
2605 928 2961 997 Ἀντιόχειαν
2983 929 3366 1000 κομισθέντα.

141 1160 201 1208 α’.
217 1153 273 1207 Ol
290 1151 605 1217 πολυτελεῖς
617 1151 713 1206 καὶ
730 1151 1002 1224 φιλότιμοι
1024 1152 1134 1207 τῶν
1162 1151 1492 1219 ἑστιατόρων
1515 1149 1726 1214 πυκνὰς

103 1242 166 1297 ιαὶ
194 1240 518 1311 ἐπαλλήλους
547 1239 827 1295 ποιοῦνται
859 1241 962 1305 τὰς
996 1239 1291 1305 ἑστιάσεις,
1325 1237 1463 1311 ὁμοῦ
1496 1239 1595 1310 μὲν
1623 1237 1725 1307 τὴν

103 1330 265 1384 ιίκείαν
293 1327 617 1400 περιουσίαν
665 1327 1140 1400 ἐπιδεικνύμενοι,
1190 1327 1325 1398 ὁμοῦ
1369 1327 1428 1380 δὲ
1457 1325 1558 1397 τήν
1597 1325 1727 1397 περὶ

103 1418 194 1480 τοὺς
215 1414 543 1486 ἐπιτηδείους
578 1415 982 1489 φιλοφροσύνην
1015 1415 1397 1486 ἐμφαίνοντες.
1441 1411 1599 1466 Οὕτω
1631 1411 1728 1466 καὶ

103 1506 124 1576 ή
146 1502 226 1556 τοῦ
252 1501 561 1575 Πνεύματος
586 1504 748 1576 χάρις
779 1503 877 1575 τῆς
907 1502 1116 1567 οίκείας
1140 1502 1426 1572 δυνάμεως
1465 1500 1565 1573 τὴν
1593 1499 1731 1554 ἀπό-

103 1589 231 1654 δειξιν
255 1589 378 1660 ἡμῖν
419 1592 797 1664 παρεχομένη,
830 1591 927 1646 καὶ
956 1589 1157 1661 πολλὴν
1188 1590 1286 1660 τὴν
1325 1587 1729 1661 φιλοφροσύνην

103 1676 207 1750 περὶ
225 1678 338 1743 τούς
363 1676 458 1734 τοῦ
484 1679 625 1733 Θεοῦ
649 1678 838 1748 φίλους
867 1676 1309 1749 ἐπιδεικνυμένη,
1329 1677 1571 1747 συνεχεῖς
1597 1676 1729 1747 ήμῖν

104 1764 180 1821 καὶ
204 1766 524 1837 ἐπαλλήλους
552 1765 656 1830 τὰς
705 1764 814 1819 τῶν
851 1764 1151 1837 μαρτύρων
1178 1764 1547 1836 παρατίθεται
1601 1779 1733 1833 τρα-

104 1853 261 1918 πέζας.
292 1852 485 1925 Πρῴην
514 1853 652 1922 γοῦν
677 1854 826 1924 ἡμᾶς
857 1854 996 1924 κόρη
1031 1852 1227 1924 κομιδῇ
1262 1851 1358 1906 νέα
1380 1852 1475 1906 καὶ
1506 1849 1733 1922 ἀπειρό-

106 1956 265 2011 γαμος,
296 1942 327 2012 ἡ
380 1941 636 2013 μακαρία
676 1940 887 2013 μάρτυς
915 1941 1182 2009 Πελαγία.
1228 1940 1369 2011 μετὰ
1396 1939 1600 2011 πολλῆς
1631 1939 1733 2011 τῆς

106 2026 400 2100 εὐφροσύνης
423 2028 666 2082 εἱστίασε
686 2043 700 2058 ·
722 2029 966 2100 σήμερον
987 2028 1149 2083 πάλιν
1173 2027 1272 2099 τὴν
1289 2028 1508 2099 ἐκείνης
1537 2026 1734 2098 ἑορτὴν

105 2115 130 2166 ὁ
151 2115 384 2187 μακάριος
415 2108 570 2181 οὗτος
612 2117 707 2171 καὶ
732 2118 979 2186 γενναῖος
1023 2116 1235 2188 μάρτυς
1277 2115 1535 2183 Ἰγνάτιος
1569 2113 1736 2167 διεδέ-

107 2199 226 2266 ξατο.
274 2204 507 2277 Διάφορα
568 2203 641 2258 τὰ
670 2204 961 2273 πρόσωπα,
1014 2203 1152 2257 άλλά
1201 2203 1300 2274 μία
1344 2205 1378 2275 ή
1429 2201 1683 2273 τράπεζα
1717 2219 1732 2233 ’

109 2289 440 2363 ἐνηλλαγμένα
484 2291 559 2345 τά
615 2290 994 2361 παλαίσματα,
1042 2290 1157 2344 ἀλλ’
1209 2286 1289 2352 εἷς
1342 2290 1370 2343 ὁ
1421 2290 1682 2358 στέφανος
1717 2306 1731 2321 ·

109 2376 294 2430 ποικίλα
332 2378 397 2432 τά
438 2379 826 2450 ἀγωνίσματα,
861 2377 998 2432 ἀλλὰ
1031 2378 1092 2431 τὸ
1127 2377 1262 2431 αὐτὸ
1302 2376 1572 2450 βραϐεῖον.
1613 2377 1737 2431 Ἐπὶ

119 2463 196 2531 μὲν
218 2464 311 2532 γὰρ
338 2463 438 2518 τῶν
467 2464 673 2530 ἔξωθεν
701 2463 950 2533 ἀγώνων,
984 2464 1173 2536 ἐπειδὴ
1205 2463 1475 2534 σωμάτων
1516 2465 1655 2519 εἰσὶν
1687 2466 1737 2518 οί

117 2548 252 2609 πόνοι,
288 2551 500 2616 εἰκότως
541 2551 740 2625 ἄνδρες
773 2552 1123 2624 ἐγκρίνονται
1158 2551 1341 2623 μόνον
1373 2550 1609 2604 ἐνταῦθα
1658 2551 1737 2617 δὲ,

119 2635 271 2706 ἐπειδὴ
290 2637 380 2707 τῆς
399 2638 579 2709 ψυχῆς
603 2638 631 2691 ὁ
656 2637 807 2707 ἀγὼν
836 2639 983 2703 ἄπας
1009 2639 1181 2703 ἐστὶν,
1214 2638 1453 2710 ἑκατέρᾳ
1476 2639 1543 2710 τῇ
1576 2637 1740 2709 φύσει

118 2728 167 2782 τὺ
189 2731 370 2786 στάδιον
394 2733 657 2804 ἀνέῳγεν,
681 2733 929 2804 ἐκατέρῳ
957 2732 1034 2804 τῷ
1063 2732 1210 2801 γένει
1230 2732 1293 2785 τὸ
1317 2732 1543 2805 θέατρον
1569 2732 1742 2803 κάθη-

120 2832 208 2871 ται.
230 2819 327 2872 Καὶ
353 2819 469 2873 οὐτε
498 2821 699 2892 ἄνδρες
725 2819 894 2875 ἀπεδύ
906 2837 1065 2875 παντο
1102 2820 1281 2891 μόνον,
1346 2819 1433 2873 ἵνα
1483 2820 1558 2892 μὴ
1605 2819 1743 2892 πρὸς

123 2906 203 2977 τὴν
230 2907 315 2977 τῆς
347 2909 555 2980 φύσεως
592 2909 878 2963 ἀσθένειαν
923 2911 980 2964 αί
1003 2911 1267 2978 γυναῖκες
1298 2908 1742 2979 καταφεύγουσαι

128 2992 304 3057 δόξωσιν
359 2998 496 3069 ἔχειν
546 2999 912 3072 εὐπρόσωπον
966 2996 1299 3066 ἀπολογίαν·
1329 2995 1454 3050 οὔτε
1484 2998 1744 3066 γυναῖκες

104 3102 105 3107 η
130 3081 392 3152 ὴνδρίσαντο
422 3086 609 3157 μόναι,
643 3086 730 3140 ἵνα
761 3086 837 3157 μὴ
860 3085 921 3140 τὸ
940 3085 1048 3139 τῶν
1078 3085 1289 3156 ἀνδρῶν
1312 3083 1744 3155 καταισχύνηται

128 3169 252 3235 γένος
269 3187 280 3201 '
309 3172 433 3227 ἀλλὰ
455 3175 548 3227 καὶ
586 3172 837 3227 ἐντεῦθεν
864 3172 1117 3227 κάκεῖθεν
1141 3172 1327 3226 πολλοὶ
1358 3175 1404 3226 οἱ
1433 3174 1740 3244 ἀνακηρυτ-

104 3255 304 3325 ιτόμενοι
356 3261 445 3314 καὶ
505 3261 975 3331 στεφανούμενοι,
1045 3260 1131 3314 ἵνα
1202 3258 1379 3331 μάθῃς
1428 3257 1606 3332 [595]
1654 3259 1746 3313 διὰ

130 3341 216 3395 τῶν
242 3345 396 3415 ἔργων
422 3348 603 3402 αὐτῶν
630 3349 710 3401 ὃτι
763 3351 820 3402 ἐν
863 3346 1084 3420 Χριστῷ
1130 3346 1308 3418 Ἰησοῦ
1335 3348 1435 3400 οὐκ
1470 3347 1657 3418 ἄρσεν,
1682 3349 1744 3403 οὐ

104 3426 352 3497 ξθῆλυμῑτι
392 3433 509 3489 οὐτε
560 3434 761 3503 φύσις,
802 3434 926 3488 οὐτε
973 3434 1228 3505 σώματος
1270 3434 1557 3500 ἀσθένεια,
1621 3434 1747 3488 οὔτε

104 3532 105 3539 ‘
131 3515 296 3584 ἡλικία,
320 3521 432 3576 οὔτε
462 3524 596 3578 άλλο
627 3525 777 3578 οὐδὲν
805 3523 915 3577 τῶν
933 3523 1192 3577 τοιούτων
1221 3522 1512 3594 ἐμποδίσαι
1544 3522 1746 3579 δύναιτ’

104 3624 105 3631 η
133 3602 184 3654 ἂν
210 3610 303 3671 τοῖς
324 3609 407 3664 τὸν
441 3611 541 3682 τῆς
597 3610 878 3673 εὐσεϐείας
917 3612 1171 3682 τρέχουσι
1206 3611 1430 3682 δρόμον,
1475 3612 1571 3665 ἐάν
1608 3629 1747 3684 προ-

135 3684 266 3757 θυμία
283 3694 512 3761 γενναία,
564 3695 662 3749 καὶ¹
687 3695 943 3766 φρόνημα
982 3694 1431 3766 διεγηγερμένον,
1465 3696 1560 3748 καὶ
1583 3697 1748 3765 φόόος

104 3808 105 3841 ;
135 3771 240 3828 θεοῦ
265 3776 444 3852 θερμὸς
487 3783 587 3837 καὶ
632 3781 896 3856 διάπυρος
933 3783 1305 3855 ἐρριζωμένος
1353 3784 1510 3855 ἡμῶν
1541 3784 1599 3837 ἐν
1629 3787 1751 3848 ταῖς

134 3858 295 3932 ψυχαῖς
394 3870 488 3924 Διά
524 3868 688 3924 τοῦτο
719 3871 815 3924 καὶ
844 3870 1026 3941 κόραι,
1060 3872 1156 3924 καὶ
1187 3873 1468 3939 γυναῖκες,
1512 3873 1605 3926 καὶ
1656 3871 1753 3926 ἄν·

104 3992 105 4007 χ
136 3944 250 4015 δρες,
278 3956 358 4008 καὶ
378 3957 502 4020 νέοι,
538 3958 638 4012 καὶ
676 3958 950 4028 γέροντες,
985 3959 1080 4011 καὶ
1109 3957 1307 4023 δοῦλοι,
1335 3959 1428 4012 καὶ
1453 3959 1749 4031 ἐλεύθεροι,

142 4037 212 4089 καὶ
238 4043 366 4096 πᾶσα
390 4045 531 4113 ἀξία,
588 4047 682 4100 καὶ
713 4047 899 4117 ἡλικία
932 4042 1142 4111 ἅπασα,
1183 4048 1279 4100 καὶ
1308 4047 1471 4115 φύσις
1512 4047 1751 4119 ἑκατέρα

140 4124 246 4194 πρὸς
259 4129 370 4194 τοὺς
389 4132 604 4201 ἀγῶνας
621 4133 959 4188 ἀπεδύσαντο
981 4133 1222 4198 τούτους,
1236 4135 1330 4188 καὶ⁵
1349 4134 1647 4205 οὐδαμόθεν
1670 4136 1756 4189 οὐ·-

139 4207 629 4292 δὲνπαρεδλάσησαν,
658 4222 779 4274 ἐπεὶ
807 4222 1126 4292 προαίρεσιν
1150 4221 1404 4291 γενναίαν
1428 4225 1754 4294 εἰσήνεγκαν

142 4300 203 4362 εἰς
226 4309 284 4358 τά
300 4308 645 4383 παλαίσματα
672 4312 867 4369 ταῦτα.
911 4313 968 4367 ’0
997 4312 1096 4383 μὲν
1125 4308 1218 4367 οὖν
1247 4314 1440 4385 καιρὸς
1474 4315 1624 4384 ἡμᾶς
1652 4313 1752 4386 ήδη

142 4387 250 4456 πΡδς
269 4394 357 4465 τὴν
381 4397 627 4469 διήγησιν
655 4399 764 4452 τῶν
810 4400 906 4454 τοῦ
942 4399 1214 4471 μακαρίου
1257 4400 1449 4456 τούτου
1481 4400 1758 4473 κατορθω-

146 4475 294 4561 Mm»)
313 4484 480 4539 καλεῖ·
506 4490 534 4541 ὁ
568 4488 827 4560 λογισμὸς
854 4488 912 4541 δὲ
937 4488 1266 4558 ταράττεται
1299 4490 1395 4542 καὶ
1418 4489 1753 4561 θορυϐεῖται,

142 4559 219 4613 οὐκ
257 4564 380 4637 ἔχων
415 4574 464 4627 τί
494 4574 733 4648 πρῶτον,
785 4574 839 4627 τί
884 4574 1137 4646 δεύτερον
1179 4576 1378 4638 εἰπεῖν,
1432 4559 1493 4629 τί
1530 4574 1713 4647 τρίτον
1738 4592 1754 4606 ⁸

144 4650 350 4734 ⁴ξικιοῦτον
374 4663 621 4732 περιρρεῖ
662 4662 927 4717 πάντοθεν
978 4663 1127 4733 ήμᾶς
1175 4662 1471 4734 ἐγκωμίων
1525 4663 1752 4734 πλῆθος.

147 4731 233 4788 Καὶ
272 4731 452 4800 ταύτὸν
500 4731 822 4820 πάσχομεν,
881 4731 1112 4803 οἷονήνᾶν
1164 4748 1219 4802 εί
1260 4731 1347 4814 τις
1393 4751 1474 4814 είς
1516 4731 1760 4821 λειμῶνα

149 4822 375 4910 ξίσελθὼν,
399 4836 486 4889 καὶ
511 4837 712 4910 πολλὴν
745 4837 845 4908 μὲν
876 4838 975 4907 τὴν
1003 4836 1264 4910 ῥοδωνιὰν
1284 4837 1428 4903 ἰδὼν,
1450 4837 1586 4892 πολὺ
1621 4838 1678 4890 δέ
1700 4839 1761 4892 τὸ

151 4904 228 4978 τον»
266 4918 348 4971 καὶ
391 4923 455 4977 τὸ·
489 4904 680 4997 κρίνον
704 4904 981 4990 τοσοῦτον,
1004 4904 1109 4980 *καὶ
1143 4927 1309 4998 ἐτερα
1344 4925 1402 4979 δέ
1431 4925 1595 4997 ἠρινά
1622 4926 1757 4999 άνθη

148 5000 328 5086 ’ξαικὶλα
369 5025 425 5062 τε
456 5014 550 5066 καὶ
595 5013 846 5085 διάφορα,
873 5014 1194 5085 ἀπορήσειε,
1226 5012 1281 5066 τί
1310 5014 1529 5085 πρῶτον
1556 5014 1668 5086 ἴδῃ,
1704 5015 1760 5068 τί

148 5078 374 5173 δεύτερον,
408 5098 634 5155 ἐκάστου
653 5078 773 5155 τῦόν⁷
798 5078 1091 5173 ὁρωμένων
1123 5078 1261 5172 πρὸς
1291 5078 1454 5155 ἐαυτὸ
1473 5078 1764 5167 καλοῦντος

149 5170 227 5236 τὰς
251 5177 402 5247 Nam.
437 5187 544 5242 Καὶ
568 5189 675 5259 γάρ
707 5189 804 5242 καὶ
832 5170 993 5260 ήμεῖς
1020 5191 1101 5254 είς
1134 5170 1225 5242 τδν
1250 5189 1619 5259 πνευματικὸν
1643 5189 1760 5242 100'}-

150 5270 224 5309 τον
245 5259 458 5336 λειμῶνα
488 5275 594 5328 τῶν
629 5276 891 5346 ἰγνατίου
926 5275 1369 5346 κατορθωμάτων
1405 5276 1762 5341 εἰσελθόντες,

152 5346 227 5397 καὶ
272 5354 379 5426 οὐχὶ
404 5359 557 5435 -άνθη
601 5364 785 5436 ἠρινά,
834 5363 950 5417 ἀλλ’
985 5363 1148 5416 αὐτὸν
1177 5363 1272 5416 τοῦ
1314 5363 1633 5434 Πνεύματος
1672 5365 1764 5418 τὸν

151 5436 323 5527 ξαξὶπὺν
370 5449 606 5502 ποικίλον
640 5468 702 5504 τε
732 5451 828 5505 καὶ
855 5451 1111 5522 διάφορον
1152 5452 1211 5505 ἐν
1258 5453 1326 5522 τῇ
1375 5451 1567 5505 τούτου
1615 5454 1762 5527 ψυχῇ

154 5512 373 5617 δεύμενοι
404 5533 793 5611 θορυδούμεθα,
841 5541 937 5597 καὶ
959 5512 1364 5612 διαποροῦμεν,
1399 5542 1500 5594 οὐκ
1548 5512 1766 5614 ἐχόνέέὲ

158 5616 236 5700 που
261 5616 456 5685 πρῶτον
497 5624 585 5679 τὸν
615 5627 876 5699 λογισμὸν
928 5627 1311 5700 άπερεισωμεν
1332 5669 1349 5695 ,
1395 5629 1627 5684 ἑκάστου
1658 5631 1766 5685 τῶν

159 5687 399 5788 δρωμένων
424 5710 528 5765 ἀπὸ
552 5713 658 5767 τῶν
686 5687 931 5786 ’πλησίον
963 5687 1347 5781 ἀνθέλκοντος,⁷
1377 5718 1468 5771 καὶ
1499 5718 1633 5787 πρὸς
1667 5718 1765 5788 τὴν

160 5787 235 5848 της
256 5786 440 5860 οἰκείας
467 5798 792 5871 εὐπρεπείας
832 5800 1065 5873 θεωρίαν
1099 5805 1481 5875 ἐπισπωμένου
1525 5806 1622 5875 τὴν
1651 5807 1748 5872 τῆς

1825 1149 2008 1223 ψυχῆς
2063 1154 2207 1226 δψιν.
2266 1156 2527 1210 Σκοπεῖτε
2574 1158 2717 1228 γάρ⁹
2770 1159 3009 1231 προέστη
3058 1159 3157 1232 τῆς
3206 1159 3337 1232 παρ’
3370 1160 3503 1232 ήμῖν

1838 1239 2164 1313 Ἐκκλησίας
2178 1243 2459 1312 γενναίως,
2475 1244 2568 1297 καλ⁹
2591 1244 2726 1314 μετά
2746 1245 3013 1318 τοσαύτης
3039 1245 3350 1317 ἀκριϐείας,
3379 1247 3502 1318 μεθ’

1827 1326 1960 1399 ὅσης
1990 1329 2021 1382 ό
2050 1329 2289 1400 Χριστὸς
2345 1329 2625 1401 βούλεται·
2659 1331 2719 1385 ὃν
2762 1332 2872 1404 γὰρ
2925 1334 3182 1404 μέγιστον
3228 1337 3354 1405 ὅρον
3407 1335 3505 1390 καὶ

1826 1415 2028 1469 κανόνα
2054 1416 2157 1487 τῆς
2178 1419 2483 1489 ἐπισκοπῆς
2504 1418 2705 1490 ἔφησεν
2725 1416 2864 1474 εἶναι
2896 1422 3122 1485 ἐκεῖνος,
3140 1420 3326 1476 τοῦτον
3348 1414 3505 1487 οὗτος

1828 1500 1918 1555 διά
1944 1501 2056 1554 τῶν
2096 1502 2274 1574 ἐργων
2289 1504 2622 1570 ἐπεδείξατο.
2650 1506 2762 1559 Καὶ
2786 1505 2895 1578 γάρ
2924 1507 3017 1560 τοῦ
3048 1508 3283 1579 Χριστοῦ
3319 1507 3506 1577 λέγον.

1828 1605 1921 1653 τος
1947 1590 2206 1654 ἀκούσας,
2235 1592 2316 1645 ὃτι
2340 1592 2394 1644 Ὀ
2416 1592 2643 1662 ποιμὴν
2668 1596 2701 1647 ό
2725 1593 2914 1660 καλὸς
2940 1594 3057 1663 τὴν
3080 1594 3296 1666 ψυχὴν
3314 1596 3503 1651 αὐτοῦ

1827 1676 2073 1745 τίθησιν
2118 1677 2271 1747 ὑπὲρ
2315 1678 2437 1733 τῶν
2490 1682 2818 1749 προϐάτων,
2864 1680 3001 1752 μετά
3042 1681 3224 1753 πάσης
3253 1682 3506 1754 ἀνδρείας

1831 1764 2002 1837 αὐτὴν
2027 1763 2300 1820 ἐπέδωκεν
2338 1767 2477 1839 ὑπὲρ
2509 1767 2618 1821 τῶν
2651 1768 2959 1838 προϐάτων.
3082 1832 3087 1835 _

1904 1852 2231 1921 Συνεγένετο
2267 1857 2380 1918 τοῖς
2423 1855 2745 1921 ἀποστόλοις
2777 1856 3038 1925 γνησίως,
3068 1857 3165 1912 καὶ
3202 1857 3308 1912 τῶν
3342 1875 3508 1911 πνευ-

1838 1939 2085 2008 ματικῶν
2137 1941 2394 2011 ναμάτων
2423 1942 2759 2013 ἀπήλαυσεν.
2803 1944 3020 1998 Ὀποῖον
3069 1941 3162 1999 οὖν
3191 1940 3330 2000 εἶναι
3361 1947 3509 2012 εἰκὸς

1834 2026 1926 2080 τὸν
1966 2029 2390 2100 συντραφένταει
2429 2031 2677 2097 ἐκείνοις,
2707 2033 2804 2086 καὶ
2849 2034 3128 2105 πανταχοῦ
3173 2038 3509 2108 συγγενόμε-

1834 2136 1948 2185 νον,
1999 2121 2095 2174 καὶ
2129 2118 2308 2192 ῥητῶν
2347 2121 2441 2174 καὶ
2491 2121 2821 2194 ἀπορρήτων
2848 2124 3035 2187 αὐτοῖς
3062 2128 3508 2197 κοινωνήσαντα,

1836 2208 1933 2261 καὶ
1952 2207 2219 2278 τοσαύτης
2241 2203 2383 2261 εῖναι
2398 2207 2624 2272 δόξαντα
2641 2210 2825 2273 αὐτοῖς
2853 2212 3030 2281 ἀρχῆς
3048 2211 3230 2279 άξιον;
3269 2212 3509 2286 Ἐπέστη

1837 2296 2002 2350 πάλιν
2026 2296 2213 2368 καιρὸς
2244 2295 2496 2367 ἀνδρείαν
2535 2297 2808 2368 ἐπιζητῶν
2842 2301 2935 2353 καὶ
2959 2300 3137 2371 ψυχὴν
3163 2300 3272 2355 τῶν
3305 2301 3511 2371 παρόν-

1838 2400 1948 2436 των
1974 2382 2332 2455 ὐπερορῶσαν
2351 2382 2628 2448 ἀπάντων,
2657 2386 2750 2438 καὶ
2786 2384 2867 2455 τῷ
2897 2386 3027 2457 θείῳ
3066 2386 3297 2450 ζέουσαν
3321 2387 3508 2460 ἔρωτι,

1840 2471 1936 2523 καὶ
1977 2469 2048 2523 τὰ
2077 2469 2152 2541 μὴ
2183 2470 2490 2542 βλεπόμενα
2518 2471 2627 2525 τῶν
2662 2473 2956 2544 ὁρωμένων
2986 2473 3343 2545 προτιμῶσαν
3365 2490 3377 2503 ’
3415 2474 3512 2529 καὶ

1843 2556 1983 2628 μετὰ
2004 2555 2272 2627 τοσαύτης
2320 2557 2571 2623 εὐκολίας
2601 2559 2700 2630 τὴν
2734 2559 2913 2631 σάρκα
2936 2560 3188 2624 ἀπέθετο,
3224 2560 3341 2631 μεθ’
3377 2561 3512 2631 ὅσης

1841 2645 1907 2700 ἄν
1935 2662 2018 2708 τις
2048 2644 2265 2716 ἱμάτιον
2317 2646 2669 2700 ἀποδύσαιτο.
2702 2647 2767 2699 Τί
2803 2642 2897 2700 οὖν
2923 2647 3190 2718 πρότερον
3215 2648 3462 2717 εἴπωμεν
3494 2663 3511 2709 ς

1841 2732 1951 2787 τῶν
2003 2733 2316 2787 ἀποστόλων
2366 2733 2463 2806 τὴν
2516 2733 2889 2798 διδασκαλίαν,
2938 2735 3005 2805 ἢν
3061 2732 3378 2797 ἐπεδείξατο
3423 2729 3511 2785 διὰ

1843 2821 2084 2895 πάντων,
2131 2821 2165 2892 ἢ
2207 2822 2307 2893 τῆς
2362 2822 2645 2895 παρούσης
2693 2820 2841 2892 ζωῆς
2871 2822 2969 2893 τὴν
3002 2821 3324 2893 ὑπεροψίαν,
3352 2821 3384 2892 ἢ
3415 2815 3517 2887 τὴν

1843 2890 2129 2983 ἀκρίϐειαν
2153 2890 2271 2981 τῆς*
2289 2890 2512 2983 ἀρετῆς,
2549 2890 2669 2979 μεθ’
2689 2905 2758 2982 ἦς
2777 2890 2876 2982 τὴν
2900 2890 3236 2982 προστασίαν
3261 2890 3518 2982 τῆςήἙκο

1844 2999 2074 3071 κλησίας
2110 2998 2462 3070 ᾠκονόμησε;
2493 2998 2628 3052 Τίνα
2654 2998 2919 3068 πρότερον
2950 2998 3338 3069 ἀννμνήσομεν
3365 3016 3380 3063 ;
3422 2998 3516 3052 τὸν

1849 3085 2122 3157 μάρτυρα,
2150 3085 2183 3156 ἢ
2217 3085 2308 3137 τὸν
2336 3084 2653 3148 ἐπίσκοπον,
2692 3083 2725 3154 ἢ
2757 3083 2850 3136 τὸν
2879 3083 3209 3148 ἀπόστολον;
3244 3085 3518 3159 Τριπλοῦν

1844 3174 1955 3246 γάρ
1984 3174 2248 3243 στέφανον
2281 3175 2314 3243 ή
2364 3173 2460 3227 τοῦ
2501 3171 2818 3242 Πνεύματος
2870 3171 3114 3237 πλέξασα
3156 3175 3338 3246 χάρις,
3374 3173 3514 3228 οὕτω

1845 3261 1945 3332 τὴν
1990 3260 2152 3329 ἀγίαν
2179 3260 2398 3331 ἐκείνην
2423 3260 2651 3331 ἀνέδησε
2681 3260 2923 3328 κεφαλήν
2945 3277 2959 3291 ·
2990 3261 3192 3330 μᾶλλον
3224 3262 3282 3316 δέ
3318 3261 3515 3315 πολλα-

1847 3348 2034 3403 πλοῦν.
2060 3350 2181 3403 Τῶν
2214 3349 2323 3421 γὰρ
2350 3349 2627 3417 στεφάνων
2656 3349 2907 3411 ἕκαστον,
2940 3347 2996 3400 εί
3033 3366 3117 3413 τις
3146 3349 3346 3413 αὐτοὺς
3382 3349 3521 3421 μετά

1846 3434 2133 3508 ἀκριϐείας
2164 3434 2547 3502 ἀναπτύξειεν,
2578 3435 2805 3506 εὑρήσει
2835 3434 2929 3487 καὶ
2972 3434 3195 3506 ἐτέρους
3222 3437 3354 3506 ημῖν
3391 3429 3522 3501 βλα-

1848 3523 2137 3588 στάνοντας
2171 3525 2484 3593 στεφάνους.
3499 3544 3506 3550 ·

1919 3608 2070 3681 [594]
2087 3609 2150 3680 β’.
2178 3609 2289 3663 Καὶ
2308 3610 2357 3662 εί
2373 3606 2650 3680 βούλεσθε,
2670 3608 2936 3680 πρότερον
2954 3608 3045 3661 ἐπὶ
3063 3607 3154 3660 τὸν
3174 3608 3274 3685 τῆς
3298 3609 3522 3663 ἐπισκο-

1852 3696 1961 3768 πῆς
1983 3696 2201 3752 ἔπαινον
2223 3695 2465 3768 ἔλθωμεν
2485 3712 2500 3726 ·
2532 3696 2591 3748 οὐ
2618 3695 2767 3749 δοκεῖ
2793 3691 2873 3758 εἷς
2902 3688 3055 3758 οὗτος
3089 3692 3228 3749 εἶναι
3256 3697 3520 3764 στέφανος

1853 3784 2047 3855 μόνος;
2080 3783 2216 3855 Φέρε
2267 3778 2360 3838 οὖν
2410 3782 2573 3837 αὐτὸν
2628 3780 3025 3851 ἀναπτύξωμεν
3078 3780 3157 3852 τῷ
3212 3781 3355 3851 λόγῳ
3377 3822 3391 3841 ,
3428 3781 3524 3834 καὶ

1850 3870 2046 3941 δψεσθε
2067 3871 2294 3935 καὶδύο,
2327 3870 2425 3925 καὶ
2453 3872 2623 3941 τρεῖς,
2659 3870 2753 3923 καὶ
2785 3868 3004 3932 πλείους
3050 3866 3112 3932 ἐξ
3147 3867 3313 3922 αὐτοῦ
3343 3883 3524 3921 τικτο-

1855 3959 2052 4025 μένους
2109 3959 2261 4029 ἡμῖν.
2307 3957 2382 4011 Οὐ
2411 3957 2519 4028 γὰρ
2550 3957 2710 4028 μόνον
2735 3957 2818 4010 ὅτι
2870 3955 3137 4026 τοσαύτης
3171 3956 3345 4028 ἀρχῆς
3375 3954 3525 4019 ἄξιος

1853 4042 1992 4099 εἶναι
2021 4044 2190 4109 εδοξε,
2233 4042 2499 4115 θαυμάζω
2524 4044 2615 4099 τὸν
2648 4044 2819 4115 ἄνδρα
2848 4043 2979 4112 ἐγὼ,
3003 4042 3118 4097 ἀλλ’
3144 4044 3229 4098 ὅτι
3254 4044 3348 4096 καὶ
3374 4042 3526 4114 παρὰ

1852 4133 1959 4187 τῶν
1990 4132 2158 4203 ἁγίων
2192 4133 2416 4186 ἐκείνων
2448 4132 2548 4203 τὴν
2586 4132 2762 4203 ἀρχὴν
2789 4130 2993 4203 ταύτην
3021 4130 3361 4202 ἐνεχειρίσθη
3385 4171 3399 4195 ,
3430 4132 3527 4185 καὶ

1854 4222 1912 4275 αἱ
1937 4220 2046 4273 τῶν
2078 4218 2366 4290 μακαρίων
2398 4217 2715 4272 ἀποστόλων
2748 4220 2932 4288 χεῖρες
2978 4219 3077 4288 τῆς
3132 4217 3285 4287 ἱερᾶς
3315 4217 3526 4287 ἥψαντο

1856 4308 2122 4378 κεφαλῆς.
2167 4306 2306 4360 Οὐδὲ
2333 4306 2443 4378 γάρ
2474 4304 2669 4377 μικρὸν
2696 4304 2855 4359 τοῦτο
2901 4307 2980 4368 είς
3011 4306 3291 4375 ἐγκωμίου
3320 4304 3479 4372 λόγον
3504 4319 3523 4337 σ

1856 4397 1958 4451 οὐκ
1981 4394 2170 4466 ἐπειδὴ
2201 4394 2374 4448 πλείω
2399 4393 2496 4465 τὴν
2516 4392 2723 4448 ἄνωθεν
2742 4393 3095 4447 ἐπεσπάσατο
3122 4393 3304 4463 χάριν,
3319 4391 3427 4445 οὐδ’
3444 4391 3527 4445 ὅτι

1856 4483 2248 4555 δαψιλεστέραν
2274 4481 2363 4535 ἐπ’
2388 4481 2551 4535 αὐτὸν
2595 4481 2860 4552 ἐποίησαν
2892 4479 3070 4533 ἐλθεῖν
3101 4479 3200 4550 τὴν
3228 4478 3323 4531 τοῦ
3359 4476 3529 4531 Πνεύο

1863 4587 2033 4641 ματος
2066 4570 2350 4640 ἐνέργειαν
2381 4567 2572 4636 μόνον·
2610 4566 2727 4621 ἀλλ’
2766 4567 2847 4621 ὅτι
2879 4566 2976 4619 καὶ
3001 4567 3182 4619 πᾶσαν
3226 4562 3377 4633 αὐτῷ
3427 4564 3530 4634 τὴν

1859 4662 1916 4713 ἐν
1940 4657 2250 4730 ἀνθρώποις
2266 4655 2656 4728 ἐμαρτύρησαν
2685 4655 2886 4726 ἀρετήν
2901 4671 2914 4685 ο
2929 4654 2992 4706 τὸ
3021 4653 3078 4707 δὲ
3102 4651 3219 4715 πῶς
3236 4651 3347 4721 ἐγὼ
3361 4651 3527 4720 λέγω.

1862 4747 2006 4817 Τίτῳ
2035 4745 2263 4817 γράφων
2281 4746 2310 4797 ὁ
2341 4742 2556 4806 Παῦλος
2586 4742 2746 4797 ποτέ·
2784 4742 2912 4795 ὅταν
2946 4739 3003 4793 δὲ
3041 4737 3254 4794 Παῦλον
3283 4739 3442 4802 εἴπω,
3466 4736 3530 4793 οὐ

1862 4834 2049 4887 τοῦτον
2076 4830 2238 4902 μόνον
2258 4830 2423 4900 λέγω,
2453 4829 2588 4883 ἀλλά
2625 4829 2721 4882 καὶ
2744 4828 2974 4897 Πέτρον,
2999 4826 3095 4879 καὶ
3130 4823 3406 4887 Ἰάκωϐον,
3435 4825 3531 4880 καὶ

1874 4919 2148 4991 Ἰωάννην,
2176 4919 2270 4974 καὶ
2299 4920 2478 4973 πάντα
2511 4916 2691 4971 αὐτῶν
2717 4915 2810 4969 τὸν
2830 4915 3010 4986 χορόν.
3030 4911 3303 4985 Καθάπερ
3324 4913 3437 4983 γὰρ
3473 4913 3532 4967 ἐν

1859 5007 2000 5081 λύρᾳ
2025 5009 2123 5079 μιᾷ
2140 5007 2389 5079 διάφοροι
2417 5005 2516 5075 μὲν
2552 5007 2607 5059 αἱ
2642 5004 2854 5074 νευραὶ,
2896 5001 2992 5073 μία
3012 5001 3070 5055 δέ
3113 5003 3147 5071 ὴ
3191 5000 3483 5071 συμφωνία
3510 5016 3525 5031 ·

1860 5095 2004 5150 οὓτω
2020 5098 2115 5150 καὶ
2135 5097 2193 5150 ἐν
2206 5094 2281 5166 τῷ
2296 5093 2443 5166 χορῷ
2464 5092 2571 5147 τῶν
2587 5089 2900 5145 ἀποστόλων
2920 5089 3155 5161 διάφορα
3170 5088 3268 5159 μὲν
3285 5088 3354 5141 τὰ
3373 5086 3535 5157 πρόσ-

1860 5202 2007 5252 ωπα,
2039 5185 2138 5255 μία
2169 5182 2226 5237 δὲ
2251 5185 2285 5254 ή
2310 5179 2647 5243 διδασκαλία,
2676 5177 2863 5249 ἐπειδὴ
2890 5178 2981 5231 καὶ
3006 5172 3086 5240 εἷς
3109 5177 3138 5228 ὁ
3167 5175 3415 5246 τεχνίτης
3440 5168 3530 5245 ἦν,

1861 5271 1923 5324 τὸ
1954 5269 2179 5341 Πνεῦμα
2218 5269 2280 5322 τὸ
2309 5268 2466 5337 άγιον
2503 5267 2564 5320 τὸ
2598 5264 2780 5320 κινοῦν
2811 5265 2912 5327 τάς
2940 5264 3163 5317 ἐκείνων
3190 5262 3387 5331 ψυχάς.
3421 5261 3533 5312 Καὶ

1862 5360 2020 5415 τοῦτο
2060 5359 2338 5431 ἐμφαίνων
2370 5358 2400 5411 ό
2429 5355 2642 5418 Παῦλος
2681 5354 2899 5424 ἔλεγεν·
2948 5352 3087 5407 Εἴτε
3130 5346 3244 5405 οὖν
3291 5347 3531 5431 ἐκεῖνοι,

1863 5450 1985 5503 εἴτε
2011 5428 2144 5520 ἐγὼ,
2184 5447 2338 5501 οὕτω
2371 5446 2781 5514 κηρύσσομεν.
2816 5441 3050 5513 Γράφων
3070 5438 3245 5491 τοίνυν
3267 5428 3428 5520 οὗτος
3455 5434 3535 5507 τῷ

1871 5534 2033 5608 Τίτῳ,
2053 5518 2158 5589 καὶ
2192 5535 2406 5597 δεικνὺς
2438 5531 2619 5587 ὁποῖόν
2645 5546 2765 5585 τινα
2795 5529 2886 5582 τὸν
2918 5526 3213 5580 ἐπίσκοπον
3237 5518 3375 5579 εἶναι
3401 5523 3532 5596 χρὴ,

1930 5747 1949 5770 ³
1968 5745 2050 5796 Sic
2070 5746 2178 5796 Sav.
2202 5750 2255 5795 et
2274 5759 2402 5796 unus
2421 5744 2567 5809 Reg.,
2591 5746 2737 5805 atque
2762 5741 2825 5789 ita
2853 5737 3031 5799 legime
3054 5734 3249 5783 videtur
3271 5734 3536 5795 interpres.

1861 5809 1979 5858 Mor.
2008 5810 2304 5869 ἐντραφέντα.
