4104 6500
341 539 566 608 Oportet
592 541 747 610 enim,
775 541 966 615 inquit,
991 543 1282 614 episcopum
1313 543 1421 598 sine
1448 541 1657 597 crimine
1685 559 1810 614 esse,
1841 544 1943 599 sic-

336 645 401 691 ut
440 635 543 693 Dei
565 635 1000 708 dispensatorem;
1027 654 1130 693 non
1153 636 1445 709 superbum,
1476 653 1579 693 non
1600 636 1902 693 iracundum
1924 678 1943 708 ,

334 739 449 781 non
479 729 810 798 vinolentum,
841 745 944 785 non
970 747 1318 802 percussorem
1339 772 1355 799 ,
1382 731 1668 803 non-turpis
1696 731 1825 787 lucri
1849 748 1943 788 cu-

290 861 303 871 .
342 818 530 888 pidum
553 834 573 874 :
592 820 683 875 sed
707 814 1028 893 hospitalem,
1049 822 1337 895 benignum,
1354 822 1666 895 prudentem,
1698 822 1941 891 sobrium,

334 913 574 984 iustum,
604 923 837 969 sanctum
852 955 869 982 ,
894 916 1248 989 continentem,
1277 914 1656 987 amplectentem
1675 932 1789 971 eum
1810 958 1826 985 ,
1857 919 1944 989 qui

334 1005 619 1060 secundum
639 986 926 1062 doctrinam.
938 1016 1031 1077 est,
1056 1010 1257 1079 ﬁdelem
1277 986 1575 1075 serutonem,
1600 1017 1656 1064 ut
1680 986 1944 1078 potens—sit

334 1103 391 1150 et
410 1096 540 1151 alios
553 1097 812 1154 exhortari
820 1097 876 1152 in
887 1093 1131 1177 doctrina
1139 1109 1340 1172 sana,et
1355 1116 1459 1177 eos,
1471 1100 1557 1172 qui
1567 1102 1938 1171 contradicunt,

333 1203 556 1260 arguere
596 1188 730 1264 (Tit.
757 1191 814 1246 1.
846 1191 984 1264 7-9).
1014 1175 1085 1248 Ει
1106 1192 1173 1249 ad
1199 1175 1541 1250 Timotheum
1563 1193 1753 1249 eadem
1778 1193 1847 1249 de
1879 1209 1953 1271 re

333 1280 618 1337 scribens:
642 1281 705 1338 Si
721 1283 854 1353 quis,
877 1284 1067 1355 inquit,
1089 1286 1432 1357 episc0patum
1455 1286 1725 1356 desiderat,
1755 1287 1940 1342 bonum

332 1390 473 1445 opus
514 1373 816 1432 desiderat:
840 1386 1035 1448 oportet
1076 1378 1231 1449 igitur
1274 1378 1565 1449 episcopum
1623 1378 1942 1450 irreprelten-

331 1468 536 1523 sibilent
554 1484 679 1534 esse,
702 1469 856 1526 unius
889 1470 1065 1526 uxoris
1099 1471 1286 1539 virum,
1322 1470 1578 1539 sobrium,
1600 1471 1934 1543 prudentem,

331 1571 608 1630 ornatum,
633 1563 936 1634 hospitalem
952 1605 969 1632 ,
993 1564 1249 1620 doctorem
1267 1604 1284 1631 ,
1311 1580 1413 1619 non
1443 1564 1753 1619 vinolentum
1773 1605 1789 1632 ,
1835 1582 1939 1620 non

331 1670 707 1723 percussorem;
726 1655 817 1711 sed
851 1656 1133 1713 modestum
1150 1698 1168 1725 ,
1198 1673 1303 1712 non
1332 1657 1636 1729 litigiosum,
1664 1674 1766 1712 non
1785 1656 1936 1728 cupi-

330 1744 466 1799 dum
495 1745 544 1817 (1
580 1745 711 1800 Tim.
739 1747 793 1804 5.
833 1747 976 1819 1-5).
1009 1747 1174 1804 Vides
1211 1757 1466 1819 quantam
1509 1748 1719 1804 virtutis
1750 1747 1938 1804 excel-

330 1839 559 1896 lentiam
601 1841 653 1896 in
699 1841 957 1912 episcopo
980 1841 1740 1913 requirat?Quemadmodum
1785 1841 1934 1896 enim

328 1932 515 2002 pictor
555 1933 799 2003 egregius
836 1933 1044 1990 colores
1073 1933 1251 1989 varios
1289 1934 1624 2001 commiscet,
1654 1941 1713 1988 ut
1743 1947 1932 1989 exem-

328 2025 462 2096 plar
490 2025 736 2097 imaginis
758 2027 957 2098 regiae,
982 2042 1144 2098 quam
1173 2042 1528 2099 expressurus
1568 2036 1652 2084 est
1670 2068 1686 2095 ,
1715 2028 1787 2083 ita
1807 2026 1932 2083 dili-

332 2127 533 2189 genter
570 2119 858 2186 conﬁciat,
897 2127 956 2175 ut
978 2121 1068 2190 qui
1105 2135 1225 2176 eam
1268 2120 1534 2191 depicturi
1577 2128 1722 2189 sunt,
1745 2134 1935 2177 omnes

328 2206 570 2265 habeant
609 2208 754 2280 quod
795 2209 1075 2266 imitentur
1103 2227 1119 2264 :
1145 2210 1226 2266 sic
1262 2226 1394 2267 sane
1422 2218 1480 2268 et
1506 2210 1692 2268 beatus
1738 2210 1933 2268 Paulus

328 2311 608 2374 tamquam
626 2303 826 2374 regiam
848 2303 1131 2374 quamdam
1147 2303 1375 2375 efﬁgiem
1401 2304 1647 2376 pingens,
1668 2314 1723 2360 et
1745 2319 1932 2360 exem-

324 2393 457 2465 plur
505 2393 674 2464 ipsius
721 2394 1046 2465 conﬁciens,
1071 2396 1250 2451 varios
1292 2396 1503 2452 virtutis
1557 2398 1750 2453 miscet
1785 2397 1934 2452 colo-

326 2498 456 2552 res,
499 2484 761 2556 nobisque
805 2484 1036 2542 formam
1076 2486 1436 2558 episcopalem
1482 2487 1551 2543 ad
1607 2487 1927 2544 imitandum

323 2578 649 2648 proposuit,
679 2586 739 2635 ut
774 2579 864 2650 qui
893 2580 960 2635 ad
1004 2579 1144 2636 hanc
1185 2579 1499 2652 dignitatem
1540 2581 1929 2653 provehuntur,

320 2667 404 2724 ad
429 2668 575 2724 illam
594 2670 944 2742 respicientes
966 2670 1155 2728 eadem
1174 2660 1517 2728 accuratione
1536 2673 1776 2730 actiones
1794 2690 1926 2731 suas

319 2775 524 2817 omnes
574 2760 942 2818 moderentur.
1000 2763 1189 2819 Ausim
1237 2764 1399 2835 igitur
1445 2763 1715 2821 afﬁrmare
1764 2775 1931 2822 totam

322 2851 476 2906 hanc
496 2849 723 2907 formam
748 2852 804 2907 in
833 2836 1015 2908 animo
1047 2867 1148 2909 suo
1181 2854 1396 2910 beatum
1420 2854 1680 2926 lgnatium
1708 2871 1929 2925 expres-

320 2943 471 2997 sisse
500 2956 661 2996 :nam
691 2950 746 2997 et
774 2942 1260 3011 irreprehensibilis
1282 2929 1412 3013 fuit,
1443 2952 1497 3000 et
1520 2946 1636 3001 sine
1661 2947 1886 3002 crimine
1908 2987 1926 3013 ,

323 3045 443 3086 non
471 3039 648 3087 autem
675 3031 938 3102 superbus
962 3073 977 3100 ,
1004 3048 1180 3111 neque
1206 3034 1495 3091 iracundus
1515 3075 1531 3101 ,
1562 3050 1663 3092 nec
1687 3037 1930 3092 vinolen-

325 3135 452 3189 tus,
480 3137 581 3197 nec
610 3137 914 3193 percussor,
941 3139 1041 3180 nec
1080 3125 1347 3196 litigiosus
1367 3167 1383 3193 ,
1411 3141 1513 3182 nec
1540 3127 1767 3198 cupidus
1789 3170 1806 3196 ,
1833 3128 1930 3184 sed

323 3215 510 3286 justus
527 3255 544 3281 ,
574 3223 788 3272 sanctus
807 3256 822 3281 ,
845 3216 1126 3272 continens
1148 3259 1162 3283 ,
1184 3216 1517 3288 amplectens
1535 3234 1659 3274 eum
1680 3261 1695 3286 ,
1726 3220 1816 3291 qui
1839 3234 1928 3276 se-

323 3308 572 3365 cundum
594 3309 890 3365 doctrinam
924 3318 1039 3376 est,
1072 3310 1284 3368 ﬁdelem
1314 3327 1618 3368 sermonem
1641 3355 1658 3382 ,
1690 3298 1925 3377 sobrius,

328 3399 577 3473 prudens
599 3442 614 3468 ,
650 3410 901 3468 ornatus,
930 3410 985 3458 et
1012 3410 1206 3457 caetera
1223 3443 1241 3469 ,
1271 3418 1390 3473 quae
1414 3400 1612 3459 Paulus
1635 3404 1831 3474 exegit.
1852 3404 1931 3458 ‘Et

323 3492 550 3575 quinam
578 3503 703 3548 sunt
733 3492 924 3548 horum
956 3493 1157 3550 testes?
1181 3493 1345 3549 Iidem
1389 3495 1488 3566 ipsi
1510 3496 1599 3567 qui
1635 3496 1749 3552 haec
1775 3496 1928 3552 dixe-

324 3591 481 3651 runt,
504 3585 592 3655 qui
608 3583 756 3640 hunc
793 3585 955 3640 etiam
980 3585 1277 3657 elegerunt.
1308 3586 1494 3658 Neque
1533 3588 1675 3643 enim
1703 3588 1790 3657 qui
1818 3592 1926 3642 tam

325 3673 619 3745 diligenter
643 3684 868 3732 caeteros
896 3685 1253 3746 monuerunt,
1280 3686 1341 3733 ut
1364 3677 1655 3748 probarent
1678 3691 1773 3733 eos
1793 3720 1809 3744 ,
1837 3679 1925 3749 qui

322 3768 392 3825 in
417 3764 573 3837 hujus
593 3766 866 3837 dignitatis
901 3767 1150 3823 thronum
1187 3777 1370 3825 essent
1406 3769 1681 3824 escensuri
1705 3810 1720 3836 ,
1751 3769 1928 3824 obiter

320 3858 437 3929 ipsi
478 3868 568 3914 aut
594 3858 927 3930 negligenter
964 3859 1018 3915 id
1049 3861 1415 3932 peregissent;
1441 3860 1537 3915 sed
1567 3860 1668 3915 nisi
1702 3870 1926 3916 cunctas

324 3949 389 4006 in
416 3940 661 4021 martyris
678 3949 861 4005 animo
884 3951 1107 4007 virtutes
1131 3952 1557 4023 conspexissent,
1579 3967 1685 4007 non
1709 3953 1847 4009 hanc
1872 3952 1924 4008 in

327 4039 488 4095 illum
545 4042 859 4112 dignitatem
905 4043 1280 4098 contulissent.
1326 4043 1530 4098 Norant
1580 4044 1723 4098 enim
1770 4045 1928 4114 plane

324 4147 495 4203 quam
534 4133 838 4203 periculose
888 4145 1111 4205 agerent
1154 4134 1245 4205 qui
1292 4135 1346 4189 in
1386 4135 1455 4189 iis
1501 4134 1927 4190 ordinationibus

322 4238 459 4280 sese
492 4232 741 4295 gererent
780 4223 1139 4296 negligenter.
1184 4224 1338 4293 Quod
1380 4224 1594 4295 quidem
1625 4240 1809 4280 rursus
1833 4241 1924 4280 os-

326 4314 559 4370 tendens
583 4315 780 4372 Paulus
804 4356 820 4386 ,
848 4315 917 4371 ad
950 4314 1199 4373 eumdem
1241 4300 1583 4372 Timotheum
1631 4317 1872 4373 scribens
1903 4335 1917 4372 :

326 4403 547 4475 Manus,
568 4406 769 4478 inquit,
797 4406 896 4461 cito
924 4408 1114 4485 nemini
1150 4407 1451 4485 imposueris
1472 4449 1487 4474 ,
1519 4424 1676 4480 neque
1700 4425 1927 4464 commu-

326 4496 577 4551 nicaveris
592 4497 791 4570 peccatis
816 4482 1440 4571 αιὶεηὶευζΤὶιηὸἃὲ).
1471 4499 1609 4567 Quid
1634 4499 1748 4555 ais?
1787 4500 1925 4558 alius

327 4588 591 4657 peccavit,
620 4600 675 4644 et
700 4603 800 4660 ego
827 4590 1113 4647 criminum
1126 4599 1184 4647 et
1212 4574 1461 4662 supplicii
1489 4592 1758 4663 particeps
1785 4576 1925 4649 ero'?

326 4676 562 4746 Quidni,
584 4678 787 4751 inquit,
813 4694 937 4735 cum
977 4680 1224 4753 improbo
1271 4669 1486 4739 dederis
1537 4674 1923 4741 occasionem?

325 4768 483 4824 Sicut
507 4770 650 4826 enim
677 4770 769 4840 qui
790 4769 994 4827 furioso
1018 4781 1176 4844 atque
1204 4774 1405 4829 amenti
1443 4776 1657 4830 acutum
1686 4776 1923 4847 gladium

332 4859 562 4931 praebet,
590 4876 699 4933 quo
721 4862 809 4919 ille
834 4850 1020 4919 furens
1057 4863 1261 4921 caulem
1292 4854 1471 4933 faciat,
1499 4866 1545 4922 is
1575 4854 1736 4937 caedis
1764 4869 1923 4923 susti-

332 4961 430 5010 net
447 4954 654 5026 culpam
678 4971 693 5012 :
716 4956 796 5013 sic
823 4957 987 5013 etiam
1021 4958 1112 5029 qui
1142 4958 1386 5031 improbe
1412 4959 1608 5015 viventi
1650 4960 1923 5032 dignitatis

330 5046 493 5117 hujus
514 5048 734 5106 exhibet
756 5050 1061 5108 facultatem
1079 5092 1098 5119 ,
1125 5061 1295 5108 totum
1321 5063 1662 5125 peccatorum
1691 5055 1832 5113 illius
1869 5048 1923 5113 et

328 5139 625 5198 [acinorum
661 5143 840 5215 ignem
867 5143 1034 5201 trahit
1076 5144 1239 5217 Super
1266 5153 1429 5216 caput
1457 5161 1644 5213 suum;
1678 5162 1800 5203 nam
1826 5134 1917 5218 qui

326 5231 528 5288 radicis
571 5241 659 5290 est
692 5248 885 5302 causa,
916 5235 963 5291 is
991 5236 1229 5292 omnium
1274 5251 1342 5293 ex
1384 5237 1564 5293 radice
1604 5239 1923 5308 provenien-

330 5328 466 5381 tium
492 5335 678 5384 auctor
714 5335 817 5384 est.
847 5328 1033 5385 Viden’
1062 5329 1332 5401 quomodo
1360 5330 1555 5402 duplex
1582 5347 1777 5386 corona
1807 5332 1922 5404 epi-

331 5427 583 5486 scopatus
613 5427 904 5490 appareat,
930 5427 985 5475 et
1010 5421 1154 5491 quod
1181 5421 1410 5491 dignitas
1434 5437 1621 5478 eorum
1644 5464 1659 5489 ,
1687 5422 1776 5492 qui
1803 5439 1920 5479 ma-

330 5522 435 5564 nus
462 5509 540 5565 illi
581 5510 984 5580 imposuerunt,
1026 5512 1142 5582 ejus
1185 5512 1536 5584 principatum
1584 5508 1918 5584 splendidio-

332 5614 446 5654 rem
478 5598 667 5669 faciat,
688 5609 746 5658 et
780 5603 1020 5659 omnium
1048 5604 1101 5661 ei
1128 5605 1381 5660 Virtutum
1426 5605 1787 5662 testimonium
1818 5608 1918 5662 e'x-

328 5690 546 5746 hibeat?

401 5784 458 5839 3.
486 5783 658 5843 Vultis
698 5796 756 5843 ut
795 5788 954 5843 aliam
991 5788 1144 5845 vobis
1182 5803 1250 5845 ex
1278 5786 1381 5845 hoc
1422 5789 1540 5860 ipso
1569 5789 1914 5860 pullulantem

328 5889 588 5933 coronam
629 5879 901 5951 aperiam?
922 5866 1154 5953 Tempus
1190 5881 1512 5953 cogitemus,
1540 5897 1646 5951 quo
1680 5880 1913 5954 dignita-

1569 428 1636 483 m
1673 429 1730 487 s.
1762 416 2092 489 iGNA'r‘tun
2132 418 2541 491 nimiunn.

2058 553 2164 602 tem
2215 546 2478 603 hanc‘cst
2525 557 2866 621 assequutus.
2908 540 3092 622 Neque
3129 551 3271 609 enim
3320 551 3507 610 eadem
3566 556 3650 611 est

2052 651 2195 695 nunc
2214 679 2232 706 ,
2263 652 2384 709 quae
2411 647 2537 695 tunc
2582 648 2729 710 erat,
2762 640 3059 698 Ecclesium
3088 636 3415 717 gubernandi
3458 646 3645 702 condi-

2051 729 2128 786 tio
2158 747 2174 784 :
2203 739 2392 788 utnon
2422 732 2640 804 aequalis
2681 741 2765 790 est
2793 733 2945 791 labor
2986 734 3127 809 viam
3161 737 3338 793 tritam
3381 746 3435 794 et
3482 738 3642 809 plane

2051 830 2289 894 paratam
2314 834 2436 895 post
2455 826 2653 882 multos
2679 826 2887 899 ingredi
2909 824 3163 899 viatores,
3194 828 3358 901 atque
3383 845 3502 887 eam
3519 830 3641 902 "quin

2050 932 2194 973 nunc
2214 918 2388 988 primo
2410 919 2643 975 secanda
2664 929 2766 989 est,
2785 935 3011 993 quaeque
3035 932 3325 994 praerupta,
3343 918 3399 979 e't
3417 922 3633 990 saxosa,

2047 1009 2283 1082 ferisque
2317 1011 2494 1082 plena,
2524 1028 2627 1068 nec
2670 1014 2837 1070 ullum
2876 1014 3052 1071 adhuc
3096 1015 3354 1072 viatorem
3401 1017 3635 1075 admisit.

2047 1099 2160 1158 Hoc
2184 1102 2395 1174 quidem
2422 1114 2666 1175 tempore
2695 1120 2792 1176 per
2810 1106 3036 1179 gratiam
3068 1104 3164 1164 Dei
3192 1108 3399 1165 nullum
3427 1111 3639 1180 episco-

2044 1195 2128 1266 pis
2162 1197 2457 1268 periculum
2486 1198 2768 1266 imminet,
2798 1199 2894 1255 sed
2934 1196 3037 1271 p'ax
3064 1200 3300 1273 undique
3335 1202 3593 1274 profunda
3615 1244 3635 1271 ,

2044 1293 2101 1341 et
2131 1286 2514 1358 tranquillitate
2546 1290 2723 1346 cuncti
2752 1280 3095 1362 perfruimur,
3127 1307 3249 1349 cum
3279 1292 3492 1364 pietatis
3514 1309 3637 1351 ver-

2044 1376 2171 1433 bum
2198 1378 2344 1435 orbis
2378 1389 2641 1436 terrarum
2665 1382 2921 1439 terminos
2942 1383 3238 1454 occuparit,
3261 1395 3315 1440 et
3338 1386 3430 1457 qui
3457 1387 3634 1458 impe-

2043 1468 2182 1549 rium
2213 1469 2475 1537 obtinent,
2495 1471 2659 1529 ﬁdem
2687 1472 2926 1531 studiose
2947 1474 3128 1531 colant
3146 1484 3306 1547 atque
3325 1477 3633 1533 observent.

2044 1559 2194 1616 Tunc
2222 1570 2400 1618 autem
2430 1563 2564 1618 nihil
2593 1572 2711 1620 erat
2730 1563 3018 1635 ejusmodi,
3037 1565 3133 1622 sed
3157 1582 3493 1639 quocumque
3512 1569 3634 1640 quis

2042 1652 2225 1709 oculos
2253 1661 2504 1721 verteret,
2535 1654 2734 1725 ubique
2759 1657 3077 1727 praecipitia,
3099 1657 3374 1725 barathra,
3391 1667 3447 1714 et
3466 1660 3643 1729 bella,"

2039 1750 2095 1799 et
2119 1759 2329 1815 pugnae,
2353 1753 2408 1801 et
2434 1746 2671 1817 pericula
2704 1766 2716 1801 :
2750 1749 3020 1819 principes
3045 1791 3060 1815 ,
3086 1765 3242 1823 reges
3261 1791 3278 1819 ,
3305 1751 3522 1822 populi,
3549 1752 3633 1807 ci-

2039 1835 2230 1892 vitates
2252 1845 2305 1892 et
2323 1842 2532 1908 gentes,
2554 1838 2835 1896 dOMestici
2863 1849 2919 1896 et
2943 1836 3139 1910 alieni,
3171 1843 3514 1899 credentibus
3548 1843 3636 1897 in-

2039 1925 2200 1981 sidias
2244 1926 2552 1982 tendebant.
2589 1914 2778 2000 Neque
2810 1932 2941 1986 vero
2986 1931 3041 1986 id
3071 1932 3243 1987 solum
3287 1940 3404 1988 erat
3441 1948 3633 2004 grave,

2038 2015 2133 2071 sed
2176 2017 2336 2070 etiam
2383 2017 2523 2088 quod
2567 2019 2900 2075 credentium
2952 2021 3232 2093 plerique,
3282 2027 3472 2094 ‘ut’pote
3513 2032 3638 2080 tunc

2038 2106 2267 2178 primum
2300 2124 2435 2164 nova
2472 2110 2721 2183 dogmata
2773 2112 3153 2184 degustantes,
3189 2130 3382 2188 magna
3408 2115 3639 2187 egebant

2037 2198 2394 2272 indulgentia,
2416 2210 2473 2258 et
2498 2206 2651 2258 erant
2670 2203 3072 2275 imbecilliores,
3098 2216 3152 2263 et
3166 2221 3310 2279 sarpe
3335 2209 3638 2280 supplanta-

2037 2292 2232 2349 bantur
2261 2312 2275 2348 :
2298 2292 2439 2364 quod
2463 2294 2677 2365 quidem
2707 2311 2811 2375 non
2828 2296 3017 2353 ‘minus
3044 2282 3314 2370 afﬂigebat
3342 2300 3593 2357 doctOres
3614 2342 3632 2370 ,

2036 2382 2196 2454 quam
2240 2397 2460 2440 externa
2511 2385 2649 2440 bella
2670 2427 2686 2454 ,
2714 2387 2840 2458 quin
2876 2389 3039 2444 etiam
3086 2390 3258 2445 inulto
3287 2392 3457 2463 magis
3490 2409 3504 2447 :
3536 2394 3636 2447 ex.

2038 2478 2207 2531 ternae
2251 2477 2396 2532 enim
2444 2478 2636 2549 pugnum
2678 2481 2842 2549 atque
2882 2481 3091 2537 insidiae
3120 2487 3344 2553 propter
3378 2485 3635 2555 "reposita:

2035 2568 2300 2625 mercedis
2333 2566 2486 2641 spem
2535 2570 2869 2645 voluptatein
2898 2574 3129 2629 multam
3171 2575 3484 2631 aiferebant.
3537 2575 3631 2632 Id-

2036 2662 2183 2736 circo
2206 2660 2261 2718 e't
2283 2663 2510 2734 apostoli
2532 2663 2825 2735 gaudentes
2844 2666 2879 2720 'a
2902 2666 3192 2736 co'ns'pectu
3213 2669 3426 2724 concilii
3450 2670 3630 2727 disce-

2035 2732 2265 2823 debant,
2289 2732 2429 2826 quad
2458 2732 2680 2811 verbera
2706 2732 3055 2827 pertulissent
3107 2757 3241 2832 (Act.
3277 2761 3331 2817 5.
3357 2759 3470 2831 41);
3494 2746 3638 2816 Pau-

2036 2842 2121 2899 lus
2158 2844 2318 2901 etiam
2363 2846 2589 2916 clamat,
2615 2846 2863 2916 'Ga‘udeo,
2890 2850 3179 2920 inquiens,
3215 2853 3271 2907 in
3315 2854 3635 2923 passionib'u's

2035 2937 2158 2992 meis
2183 2935 2320 3009 (Col.
2344 2938 2402 2994 'i.
2424 2938 2538 3011 ἓξ),
2569 2947 2625 2995 et
2651 2940 2844 3011 ubique
2890 2941 2943 2996 in
2970 2938 3403 3000 tribulationibus
3430 2942 3629 3015 gleria-

2038 3034 2142 3083 tur.
2166 3014 2598 3085 Dome's'ti'corum
2629 3034 2806 3087 a'u'tein
2827 3033 3074 3099 vulnera,
3100 3028 3155 3089 et
3173 3032 3398 3090 fratrum
3424 3036 3628 3106 lapsus,

2034 3122 2135 3175 nec
2165 3123 2432 3194 respirare
2459 3123 2674 3194 quidem
2700 3125 2822 3180 illos
2851 3124 3236 3195 permittebant
3256 3169 3270 3193 ,
3298 3127 3393 3181 sed
3419 3141 3632 3197 semper

2033 3213 2195 3268 veluti
2212 3229 2375 3284 grave
2399 3215 2663 3285 quoddam
2687 3216 2870 3286 jugum
2903 3218 3138 3272 c‘e'r’vice’s
3158 3218 3457 3273 animorum
3480 3220 3630 3288 ipso-

2033 3319 2151 3358 rum
2195 3305 2410 3361 assidue
2455 3306 2771 3375 premebant
2818 3310 2873 3361 et
2909 3306 3239 3379 adfligebant.
3284 3308 3421 3363 Audi
3470 3310 3631 3380 igitur

2033 3392 2301 3464 Quomodo
2328 3394 2523 3450 Paulus
2547 3438 2561 3459 ,
2595 3397 2665 3450 ita
2687 3396 2927 3467 gaudens
2962 3399 3013 3452 in
3042 3399 3401 3469 passionib‘us,
3434 3400 3502 3456 de
3524 3400 3629 3454 illi‘s

2033 3485 2225 3540 aecrbe
2247 3485 2423 3541 doleat
2453 3504 2467 3540 :
2501 3487 2662 3553 Quis,
2684 3487 2856 3557 in’quit
2878 3530 2894 3556 ,
2926 3488 3240 3558 inﬁrmatur,
3294 3497 3342 3543 et
3389 3505 3481 3560 ego
3523 3506 3625 3544 non

2031 3577 2266 3645 inﬁrmor
2286 3562 2312 3632 Ϊ)
2336 3579 2447 3648 quis
2468 3580 2873 3646 scandalizatur,
2905 3582 2953 3635 et
2976 3596 3071 3651 ego
3097 3588 3197 3635 non
3228 3588 3349 3635 uror
3395 3580 3473 3652 (2.
3492 3580 3627 3638 ‘Co‘r.

2030 3660 2123 3722 ll.
2156 3666 2292 3740 29)?
2318 3669 2393 3723 ΕΙ
2437 3672 2647 3724 rursum
2674 3712 2690 3735 ,
2724 3656 2898 3725 Timeo
2939 3678 3003 3725 ne
3030 3672 3260 3739 veniens,
3303 3679 3407 3727 non
3454 3672 3628 3743 quales

2031 3756 2166 3825 uolo,
2222 3761 2480 3814 inveniam
2517 3774 2602 3815 vos
2629 3778 2647 3816 :
2672 3770 2719 3815 et
2748 3768 2839 3833 ego
2869 3763 3099 3817 inveniar
3127 3779 3159 3815 a
3187 3762 3323 3818 vobis
3350 3805 3366 3831 ,
3406 3763 3622 3832 'qualeiit

2032 3850 2133 3906 itan
2159 3852 2311 3906 vultis
2336 3848 2408 3923 (Ξ.
2424 3846 2777 3922 Coi-.i2.20.)
2796 3850 2858 3906 Et
2870 3854 3033 3925 paulo
3044 3861 3189 3923 post:
3205 3844 3287 3907 Ne
3307 3868 3422 3908 cum
3444 3858 3628 3910 'v'enero

2032 3944 2102 3998 ad
2132 3954 2222 3999 ‘vos
2251 3944 2479 3999 ltumiliet
2507 3954 2586 4000 me
2610 3946 2781 4013 'Deu's,
2814 3954 2861 4000 et
2890 3945 3091 4016 lugeam
3116 3947 3302 4001 multos
3325 3956 3389 4001 ea:
3412 3948 3475 4001 iis
3498 3989 3514 4014 ,
3540 3949 3628 4017 qui

2028 4034 2149 4089 "ante
2188 4038 2514 4104 peccdvérunt
2538 4075 2552 4100 ,
2597 4046 2646 4089 et
2679 4040 2789 4090 “non
2836 4042 3042 4107 egerunt
3089 4036 3432 4104 pwn‘itentinm
3474 4042 3628 4106 super

2028 4127 2352 4181 immunditia
2376 4168 2390 4187 .
2435 4136 2482 4180 et
2532 4128 2869 4197 fornicatione
2898 4129 2939 4194 ¹,
2967 4124 3016 4181 e’t
3050 4129 3375 4198 impudicitia
3399 4169 3415 4197 ,
3469 4136 3624 4200 quam

2030 4228 2290 4291 gesserunt
2324 4218 2443 4290 (rb.
2477 4228 2527 4273 υ.
2571 4212 2693 4289 21').
2722 4210 2954 4290 Semper
2988 4219 3220 4290 denique
3249 4221 3425 4276 cernis
3450 4220 3626 4291 ips'utn

2029 4311 2085 4365 in
2133 4310 2385 4383 lacrymls
2425 4320 2480 4367 c‘t
2510 4308 2989 4368 lamentationibus
3026 4318 3253 4384 'prOpter
3301 4314 3627 4370 domesticus

2031 4404 2231 4460 ve‘rsa‘ri
2252 4446 2265 4471 ,
2288 4408 2348 4461 ‘et
2386 4408 2610 4476 propter
2640 4408 2734 4461 'cos
2753 4449 2768 4474 ,
2790 4407 2887 4478 qui
2927 4405 3301 4475 crediderant,
3329 4409 3626 4462 contremia

2024 4502 2200 4553 scere.
2239 4488 2707 4565 ‘Quemadm‘bdum
2756 4497 2917 4570 igitur
2942 4498 3356 4570 gubernaturem
3387 4500 3624 4554 admira-

2020 4594 2170 4658 mur,
2213 4600 2318 4645 non
2366 4598 2486 4647 cum
2526 4588 2822 4663 tranquillo
2868 4591 3004 4646 mari
3040 4602 3102 4648 'et
3152 4591 3406 4648 secundis
3449 4591 3625 4647 ventis

2022 4682 2274 4738 vectores
2317 4682 2372 4737 in
2415 4682 2627 4753 portum
2669 4674 2968 4738 incolumes
2995 4682 3174 4748 ducit;
3211 4681 3307 4738 sed
3331 4686 3455 4738 cum
3480 4683 3630 4738 insa-

2021 4774 2211 4831 'niente
2236 4775 2454 4845 pelago,
2489 4771 2848 4845 ﬁdelibusque
2879 4773 3230 4829 sbvientibus
3250 4816 3264 4841 ,
3293 4775 3382 4845 qui
3413 4775 3465 4829 in
3498 4779 3624 4829 navi

2020 4864 2174 4932 ‘sunt,
2202 4864 2344 4921 inte'r
2368 4866 2432 4921 se
2448 4863 2796 4931 dissentiunt,
2822 4866 3017 4934 magna
3039 4870 3371 4935 ‘te‘mp'estate
3393 4866 3537 4920 i'nt’us
3563 4866 3622 4921 e’t

2018 4956 2161 5014 'foris
2185 4958 2500 5030 navigantes
2520 4956 2864 5029 exagitante,
2887 4959 3062 5012 navim
3076 4962 3261 5013 tamen
3288 4960 3470 5030 potest
3490 4959 3621 5015 diri-

2022 5050 2156 5123 'ge're
2181 5058 2235 5108 et
2259 5052 2625 5108 conservare:
2653 5048 2732 5107 sic
2752 5058 2846 5107 eus
2874 5050 2964 5122 qui
2996 5056 3120 5108 tu’n'c
3150 5052 3442 5109 Eccl‘esiam
3464 5056 3619 5124 ‘re'ge-

2022 5143 2174 5209 bant,
2196 5143 2366 5200 multo
2389 5145 2585 5214 magis,
2606 5142 2778 5214 quam
2808 5130 2935 5198 illos
2953 5183 2968 5210 ,
2997 5142 3086 5214 qui
3114 5144 3231 5199 eain
3259 5144 3312 5198 in
3335 5144 3618 5215 p'rmSen'iia

2028 5238 2329 5310 gubernant
2347 5278 2361 5303 ,
2384 5235 2665 5306 suspicere
2696 5235 2962 5315 ‘d‘c‘bdn’iu's
2991 5236 3045 5290 'e't
3084 5236 3374 5315 admirari,
3402 5234 3619 5306 quando

2014 5328 2192 5385 multa
2214 5329 2352 5385 bella
2379 5329 2544 5383 ‘iiit'us
2559 5334 2614 5383 et
2655 5326 2815 5394 toris,
2839 5312 3053 5398 quando
3083 5312 3206 5383 ﬁdei
3234 5328 3415 5397 planta
3445 5327 3615 5381 imbe-

2026 5423 2199 5480 cillior
2218 5421 2394 5495 adhuc
2421 5422 2711 5493 diligentia:
2739 5422 2911 5492 inagis
2939 5410 3236 5493 indigebat,
3266 5418 3480 5489 Quando
3503 5419 3611 5474 reb

2010 5518 2111 5571 'uti'
2147 5516 2310 5572 modo
2353 5514 2765 5586 genitusiril'ans
2792 5515 3053 5571 Ecclesia:
3098 5512 3327 5584 populus
3366 5512 3615 5579 magnam

2024 5606 2410 5678 providentiam
2436 5612 2597 5677 atque
2624 5607 2938 5676 sapientiam
2983 5605 3176 5659 animae
3195 5646 3209 5670 ,
3238 5619 3343 5674 qua
3378 5604 3605 5662 lactare-

2016 5704 2132 5767 ‘tur,
2167 5697 2489 5770 postulabat.
2514 5690 2717 5753 ’V'erum
2756 5705 2813 5752 ut
2854 5695 3061 5767 planius
3090 5695 3432 5766 'intelligatis,
3480 5705 3614 5766 quot

2018 5891 2059 5943 Γ
2085 5834 2104 5864 ι
2139 5837 2267 5883 Unus
2284 5838 2421 5895 neg.,
2452 5827 2782 5894 fornicatione,
2802 5836 2859 5882 ut
2882 5828 3007 5892 legit
3024 5833 3287 5893 lnterpres.
3315 5826 3418 5879 Alii
3436 5827 3609 5894 nequi-

2038 5906 2104 5943 ta.
