4104 6448
501 348 596 410 59!
1238 343 1298 402 S.
1337 343 1615 401 JOANNIS
1652 338 2128 397 CllllYSOSTOMl
2165 341 2484 402 ARCIIIEP.
2523 346 3054 406 CONSTANTINOP.

486 473 665 523 essent
699 463 914 522 coronis
941 461 1118 534 digiti,
1151 459 1244 532 qui
1271 468 1408 515 tunc‘
1442 457 1735 513 Ecclesiam
1781 456 2070 527 regendam

484 556 883 627 suscipiebant,
913 565 967 611 et
993 563 1122 626 quot
1146 553 1358 609 labores
1398 551 1451 607 in
1497 549 1757 621 principio
1781 559 1940 621 atque
1966 548 2078 604 dis-

481 651 707 706 crimina
735 651 840 706 illic
883 656 1065 706 essent
1102 646 1397 712 subeunda,
1423 644 1619 700 Christi
1651 643 1803 698 vobis
1835 644 2074 698 testimo-

485 742 631 796 nium
676 743 894 797 aﬁ'eratn
917 781 931 805 ,
965 742 1054 810 qui
1083 753 1169 804 ea,
1201 751 1322 808 quae
1366 751 1395 790 a
1438 735 1594 790 nobis
1622 734 1762 789 dicta
1793 741 1947 796 sunt,
1981 749 2077 802 ap-

485 831 702 901 probat,
736 841 789 886 et
827 829 1146 887 sententiam
1197 843 1369 882 meam
1409 827 1708 880 confirmat.
1749 826 1880 880 Cum
1930 825 2073 878 enim

489 924 686 980 multos
715 923 782 978 ad
829 939 888 978 se
913 921 1292 977 convenientes
1323 919 1616 988 aspiceret,
1649 915 1913 987 velletque
1941 931 2074 986 apo-

487 1015 638 1070 stolis
667 1013 1056 1079 demonstrare,
1087 1011 1227 1080 quod
1255 1010 1421 1078 magis
1452 1024 1608 1078 quam
1636 1009 1709 1063 illi
1744 1008 2078 1062 laborassent

487 1105 762 1176 prophetae
789 1124 801 1159 :
833 1104 955 1167 Alii,
990 1103 1179 1173 inquit,
1210 1101 1593 1166 laboraverunt,
1625 1111 1670 1155 et
1699 1117 1785 1154 vos
1811 1101 1860 1153 in
1883 1100 2078 1154 labores

485 1216 654 1251 eorum
682 1200 922 1252 introistis
951 1197 1125 1268 (Joan.
1171 1197 1222 1251 4.
1270 1197 1386 1266 58).
1411 1195 1571 1266 Atqui
1605 1196 1774 1250 multo
1804 1194 1919 1266 plus
1947 1210 2078 1265 apo-

487 1290 632 1354 stoli,
657 1305 813 1358 quam
849 1285 1124 1358 prophetae
1164 1288 1512 1352 laborarunt;
1541 1297 1776 1342 attamen
1813 1288 1934 1357 quia
1969 1286 2080 1356 pie-

487 1382 608 1434 tatis
637 1381 855 1434 verbum
903 1382 1108 1450 priores
1133 1381 1204 1434 illi
1236 1381 1571 1435 seminarunt
1592 1422 1607 1445 ,
1638 1388 1691 1434 et
1736 1379 1952 1448 ignaros
1983 1379 2080 1432 ho-

486 1473 689 1527 minum
719 1474 926 1526 animos
953 1471 1019 1526 ad
1048 1472 1325 1526 veritatem
1347 1471 1702 1536 adduxerunt,
1725 1471 1853 1540 ipsis
1883 1469 2079 1525 laboris

488 1566 606 1635 plus
633 1566 958 1620 attribuitur.

560 1659 792 1725 Quantus
826 1659 969 1712 initio
1010 1657 1384 1728 praedicationis
1423 1658 1566 1713 labor
1607 1658 1777 1729 fuerit.
1800 1687 1873 1698 —-
1896 1656 2079 1726 Neque

484 1751 628 1805 enim
655 1751 874 1821 aequalis
897 1762 977 1806 est
1005 1751 1175 1818 labor,
1211 1768 1314 1805 non
1345 1761 1427 1807 est
1455 1751 1712 1822 profecto,
1743 1759 1862 1820 post
1883 1750 2080 1804 multos

487 1845 623 1899 alios
648 1845 898 1900 doctores
925 1846 1155 1917 aliquem
1187 1845 1426 1908 erudire,
1455 1854 1509 1900 ct
1537 1845 1766 1915 primum
1797 1845 1969 1914 ipsum
1995 1859 2080 1898 se-

489 1938 630 1991 mina
654 1938 861 2007 jacere.
899 1939 1050 2006 Quod
1079 1941 1220 1994 enim
1247 1939 1593 1994 meditatione
1619 1949 1672 1992 et
1696 1937 2082 1993 consuetudine

485 2040 727 2098 paratum
760 2040 862 2096 est,
887 2031 1038 2085 facile
1069 2033 1397 2101 percipitur:
1427 2030 1568 2102 quod
1598 2041 1776 2085 autem
1804 2045 1944 2084 nunc
1975 2029 2084 2099 pri-

488 2135 634 2174 mum
665 2122 896 2185 auditur,
917 2123 1235 2178 discentium
1261 2124 1468 2177 animos
1496 2122 1791 2192 perturbat,
1811 2123 2083 2192 multaque

487 2212 804 2267 docentibus
833 2214 987 2268 affert
1014 2216 1246 2284 negotia.
1291 2215 1401 2270 Hoc
1427 2215 1642 2286 quidem
1677 2215 1897 2268 Athenis
1927 2215 2082 2269 audi-

488 2312 632 2358 tores
671 2305 1043 2373 perturbabat,
1075 2307 1303 2377 ideoque
1339 2306 1408 2361 ab
1437 2307 1682 2376 apostolo
1707 2305 2076 2370 declinabant,

487 2408 800 2452 accusantes
830 2413 975 2466 eum,
999 2414 1062 2454 ac
1083 2398 1344 2468 dicentes,
1376 2397 1526 2454 Nova
1551 2399 1785 2469 quwdam
1813 2400 1970 2470 infers
1991 2415 2085 2452 au-

486 2489 626 2542 ribus
655 2491 836 2543 nostris
867 2488 1000 2561 (Act.
1028 2489 1114 2544 i7.
1147 2490 1261 2561 20).
1294 2490 1424 2545 Nam
1455 2490 1498 2546 si
1524 2491 1683 2544 etiam
1713 2490 1813 2544 hoc
1841 2499 2083 2560 tempore

485 2579 698 2636 labores
741 2596 1112 2651 aerunmasque
1157 2583 1351 2636 multas
1397 2582 1840 2652 gubernatoribus
1878 2583 2084 2654 praebet

488 2670 744 2726 Ecclesia:
771 2673 1083 2742 praefectura
1110 2693 1122 2727 :
1148 2677 1318 2744 cogita
1351 2683 1475 2730 tunc
1497 2675 1784 2745 duplicem,
1820 2677 2082 2746 triplicem

487 2763 943 2834 multiplicemque
983 2764 1147 2820 fuisse
1172 2766 1433 2833 laborem,
1466 2782 1586 2821 cum
1615 2768 1871 2837 pericula,
1901 2777 1955 2823 et
1987 2785 2084 2839 pu-

489 2869 628 2925 gnae,
654 2863 708 2910 et
738 2855 966 2923 insidias,
998 2866 1052 2911 et
1079 2867 1312 2927 tecrores
1337 2875 1600 2928 perennes
1630 2861 1918 2916 instabant.
1952 2862 2084 2917 Ver-

487 2943 570 2998 bis
612 2946 869 3016 ettplieari
912 2964 1020 3002 non
1067 2959 1243 3019 potest
1268 2950 1594 3017 difﬁcultas,
1625 2967 1782 3022 quam
1809 2955 1980 3010 sancti
2007 2955 2083 3011 illi

489 3038 588 3093 viri
619 3049 743 3094 tunc
769 3042 1134 3109 sustinebant;
1179 3043 1274 3099 sed
1316 3045 1364 3100 is
1402 3045 1549 3100 solus
1581 3061 1700 3101 eam
1730 3049 1957 3116 noverit,
1992 3047 2082 3120 qui

487 3130 662 3200 reipsa
695 3132 837 3186 illam
865 3135 1190 3204 experietur.

557 3223 610 3277 4.
655 3224 908 3292 Quartam
953 3238 1210 3296 prauerea
1252 3245 1506 3285 coronam
1548 3231 1852 3303 adjungam,
1881 3249 2000 3304 quae
2025 3249 2084 3291 se

487 3314 644 3369 nobis
685 3316 841 3372 oll‘ert
885 3334 950 3373 ex
995 3319 1095 3375 hoc
1134 3321 1464 3391 episcopatu.
1515 3323 1773 3390 Quantam
1819 3337 1901 3381 est
1948 3327 2084 3381 ista?

487 3405 640 3472 Quod
671 3407 785 3477 ipse
813 3411 1061 3464 nimirum
1105 3413 1328 3482 patriam
1371 3426 1608 3470 nostram
1647 3416 1980 3486 gubernavit.
2027 3419 2082 3475 Si

487 3497 630 3550 enim
652 3509 865 3554 centum
899 3500 1163 3568 homines,
1188 3504 1272 3559 vel
1297 3505 1458 3560 etiam
1487 3507 1869 3579 quinquaginta
1897 3526 2084 3581 regere

487 3588 704 3646 difﬁcile
733 3602 834 3656 est,
865 3603 1077 3664 quanta:
1107 3597 1315 3651 virtutis
1335 3613 1398 3653 ac
1419 3600 1696 3669 sapientia:
1717 3601 1878 3657 debet
1902 3603 2086 3657 existi-

491 3684 625 3737 mari
671 3692 776 3738 tam
816 3686 1085 3741 celebrem
1115 3689 1301 3744 urbem
1331 3691 1728 3760 administrare,
1753 3704 1809 3749 et
1830 3711 1952 3749 eum
1985 3711 2084 3764 po-

487 3773 673 3844 pulum
717 3791 938 3844 regere,
969 3781 1056 3849 qui
1087 3781 1315 3837 ducenta
1346 3786 1617 3840 contineat
1647 3785 1922 3842 hominum
1961 3789 2083 3842 titil-

490 3863 559 3916 lia
587 3862 689 3937 (a)?
719 3865 928 3922 Etenim
955 3869 1095 3923 sicut
1122 3871 1173 3924 in
1197 3874 1522 3930 exercitibus
1544 3875 1780 3945 legiones
1797 3882 2082 3948 pmlorite,

491 3968 715 4023 qumque
738 3962 1135 4016 numerosiores
1157 3973 1298 4027 sunt,
1325 3967 1665 4034 peritioribus
1692 3967 1914 4024 ducibus
1938 3985 2086 4024 com-

493 4045 779 4100 mittuntur
806 4065 820 4100 :
853 4051 931 4104 sic
958 4052 1119 4107 etiam
1150 4054 1201 4108 in
1230 4056 1565 4122 civitatibus,
1597 4060 1828 4129 majores
1866 4063 2087 4132 populo-

490 4139 1186 4220 sioresque'probatioribus
1207 4149 1335 4202 viris
1359 4152 1722 4222 assignantur.
1750 4155 2084 4226 Quamquam

491 4240 546 4284 et
587 4233 851 4302 praecipua
899 4235 1009 4291 Deo
1053 4237 1277 4308 hujusce
1300 4241 1528 4298 civitatis
1554 4259 1681 4300 cura
1711 4246 1828 4314 fuit,
1863 4249 1913 4303 id
1940 4249 2083 4319 quod

491 4335 545 4378 et
580 4340 635 4378 re
660 4327 770 4394 ipsa
801 4327 1092 4385 declaravit
1121 4351 1135 4385 :
1167 4333 1430 4404 siquidem
1459 4353 1616 4408 quem
1647 4341 1740 4393 toti
1768 4341 1886 4396 orbi
1915 4351 2083 4397 terra-

490 4429 608 4469 rum
656 4419 914 4487 praefecit,
969 4423 1206 4492 Petrum,
1252 4428 1338 4482 cui
1389 4430 1570 4486 claves
1613 4432 1868 4488 caelorum
1915 4435 2082 4502 dedit,

491 4510 643 4577 cujus
664 4511 885 4566 arbitrio
906 4524 960 4568 et
979 4519 1230 4586 potestati
1251 4532 1439 4576 cuncta
1470 4525 1730 4593 permisit,
1756 4526 1899 4582 hunc
1926 4528 2087 4600 longo

487 4609 734 4676 tempore
764 4603 848 4658 hic
869 4603 1030 4674 jussit
1053 4613 1404 4677 commorari;
1449 4615 1521 4669 ita
1549 4630 1740 4687 nempe
1768 4618 1866 4688 ipsi
1899 4621 2087 4676 civitas

494 4701 677 4746 nostra
703 4695 818 4749 orbi
866 4703 1126 4752 terrarum
1175 4716 1272 4771 par
1311 4703 1423 4760 fere
1467 4705 1766 4764 videbatur.
1813 4710 1916 4766 Sed
1963 4713 2086 4782 quia

495 4781 636 4836 Petri
679 4787 1004 4842 mentionem
1052 4789 1184 4857 feci,
1229 4795 1467 4864 quintam
1512 4813 1579 4852 ex
1624 4799 1740 4870 ipso
1778 4781 2086 4859 contextam

491 4885 746 4965 coronam
787 4877 1140 4935 animadverti
1179 4900 1192 4936 :
1236 4887 1488 4954 quoniam
1532 4889 1604 4942 illi
1651 4891 1704 4945 in
1748 4894 2087 4965 episcopatus

493 4961 754 5031 dignitate
775 4971 1054 5024 successit.
1085 4971 1218 5027 Nam
1248 4984 1304 5029 ut
1331 4977 1375 5030 si
1395 4978 1518 5048 quis
1540 4994 1572 5034 e
1595 4961 1954 5041 fundamentis
1974 5002 2088 5041 ma-

491 5069 654 5124 guum
687 5057 918 5129 lapidem
949 5073 1136 5130 eruat,
1167 5067 1397 5124 alterum
1428 5072 1650 5128 omnino
1683 5090 1862 5145 parem
1891 5078 1943 5133 in
1971 5079 2088 5149 ejus

495 5149 614 5202 loco
652 5159 878 5206 conatur
914 5158 1268 5225 constituere,
1301 5162 1405 5217 nisi
1439 5165 1567 5220 velit
1606 5175 1772 5222 totum
1801 5171 2086 5228 aedificium

492 5251 783 5298 concutere
823 5260 885 5298 ac
933 5245 1162 5304 debilius
1207 5252 1434 5309 reddere
1468 5273 1481 5308 :
1516 5257 1586 5312 ita
1616 5273 1740 5314 cum
1769 5261 1957 5318 Petrus
1980 5265 2090 5318 An-

495 5331 692 5387 tiochia
720 5343 865 5389 esset
885 5335 1219 5394 discessurus
1239 5382 1255 5408 ,
1285 5344 1512 5400 alterum
1553 5347 1712 5403 Petro
1741 5367 1922 5421 parem
1947 5369 2089 5424 prte-

493 5433 764 5491 ceptorem
803 5428 970 5496 gratia
1013 5428 1244 5499 Spiritus
1289 5435 1584 5506 substituit,
1631 5456 1699 5496 ne
1739 5451 1941 5499 structa
1978 5448 2089 5516 jam

495 5515 780 5574 aediﬁcatio
805 5524 1133 5579 successoris
1163 5525 1526 5588 imbecillitate
1551 5532 1780 5591 debilior
1806 5539 1978 5594 fieret.

571 5609 803 5680 Quinque
831 5613 1029 5700 llgnalit'
1069 5634 1286 5674 corona.
1309 5649 1382 5662 —
1406 5622 1653 5695 Quinque
1676 5643 1904 5685 coronas
1933 5632 2092 5704 igitur

497 5705 932 5760 ennntcravimus
966 5724 979 5761 :
1007 5723 1070 5763 ex
1097 5711 1430 5781 praefectura:
1456 5717 1826 5789 amplitudine,
1850 5739 1915 5780 ex
1941 5725 2089 5783 ordi-

557 5789 634 5854 (α)
665 5792 932 5848 Δοιὶοειιίω
955 5798 1164 5852 duceuta
1189 5809 1330 5855 erant
1359 5805 1608 5859 hominum
1631 5809 1802 5862 millia.

3676 359 3777 415 SM

2185 459 2426 514 nantium
2448 459 2737 532 dignitate,
2772 477 2840 518 ex
2868 461 3182 520 difﬁcultate
3211 473 3536 536 temporum,
3561 484 3626 526 cx
3649 472 3778 527 civi-

2182 552 2307 606 tatis
2352 551 2742 622 magnitudine,
2789 568 2856 609 ex
2896 554 3092 610 virtute
3129 555 3292 624 illius,
3333 559 3423 629 qui
3467 559 3515 615 ei
3563 561 3778 619 tradidit

2184 644 2577 715 praefecturam.
2603 647 2695 703 His
2707 647 2954 703 omnibus
2968 651 3231 706 contextis
3255 653 3472 709 coronis
3499 667 3700 710 sextam
3724 669 3775 713 ct

2185 738 2491 807 septimam,
2520 751 2574 794 et
2606 739 2689 794 his
2719 744 2878 795 etiam
2909 741 3091 812 plures
3115 743 3306 800 licebat
3331 744 3620 816 adiungere
3649 766 3664 804 :
3690 766 3778 804 ve-

2184 845 2302 882 rum
2346 845 2413 884 ne
2451 841 2619 886 totum
2656 841 2870 903 tempus
2896 834 2950 888 in
2979 834 3321 904 episcopatus
3349 837 3778 897 consideratione
3822 857 3832 865 ·

2184 921 2507 976 collocantes
2527 922 2597 976 ab
2619 923 2702 988 iis,
2728 939 2846 993 qua:
2867 924 2934 979 ad
2954 939 3078 980 eum
3103 925 3178 980 uti
3199 938 3486 998 martyrem
3517 939 3780 1000 spectant,

2184 1013 2496 1068 enarrandis
2523 1015 2890 1081 excludamur,
2923 1032 3022 1088 age
3051 1017 3308 1091 deinceps
3339 1019 3404 1075 ad
3433 1021 3574 1076 illius
3603 1033 3779 1079 certa-

2185 1107 2328 1160 mina
2369 1107 2780 1164 contendamus.
2832 1109 3007 1166 Grave
3045 1111 3174 1165 olim
3215 1112 3471 1168 adversus
3513 1113 3782 1170 Ecclesias

2185 1201 2474 1253 excitatum
2511 1209 2595 1254 est
2625 1200 2846 1267 bellum,
2880 1210 2935 1256 et
2966 1211 3233 1272 tamquam
3266 1205 3560 1259 saevissima
3595 1214 3778 1265 tyran-

2188 1291 2312 1345 nide
2355 1292 2542 1345 orbem
2581 1302 2901 1361 occupante,
2933 1308 2965 1348 e
2990 1293 3168 1349 medio
3198 1294 3315 1350 foro
3341 1294 3589 1352 homtnes
3616 1309 3783 1352 corn-

2187 1383 2493 1451 piebantur,
2524 1385 2652 1438 nulli
2676 1385 2893 1440 obnoxii
2919 1387 3112 1456 culpas.
3141 1386 3236 1442 sed
3257 1386 3398 1457 quod
3421 1388 3491 1443 ab
3510 1391 3782 1445 erroribus

2185 1473 2505 1529 recedentes
2527 1475 2592 1528 ad
2617 1491 2794 1530 veram
2825 1476 3038 1546 pietatis
3071 1478 3384 1548 religionem
3409 1481 3778 1545 accurrebant,

2185 1565 2326 1633 quod
2373 1580 2404 1619 a
2449 1564 2753 1620 dtemonum
2805 1569 3190 1638 superstitione
3227 1569 3608 1636 discesserant,
3642 1572 3781 1641 quod

2187 1668 2373 1709 verum
2407 1656 2568 1710 Deum
2593 1657 2975 1726 agnoscebant,
3005 1659 3146 1728 quod
3177 1659 3368 1714 Filium
3391 1661 3506 1731 ejus
3537 1661 3781 1733 unigeni-

2189 1757 2298 1801 tum
2329 1747 2624 1803 adorabant
2653 1764 2667 1803 :
2699 1760 2859 1820 atque
2890 1751 2958 1806 ita
2985 1765 3174 1806 omnes
3213 1751 3412 1807 Christi
3457 1753 3618 1809 ﬁdem
3663 1770 3780 1810 am-

2187 1841 2349 1912 plexi,
2378 1857 2498 1896 cum
2529 1853 2710 1897 essent
2732 1843 2947 1898 coronis
2970 1885 2986 1909 ,
3017 1843 3372 1901 admiratione
3395 1856 3555 1916 atque
3581 1847 3785 1904 honore

2187 1932 2353 2002 digni,
2381 1933 2706 2002 gravissimis
2740 1943 2899 2004 atque
2933 1935 3409 1990 innumerabilibus
3457 1937 3784 1994 cruciatibus

2186 2025 2556 2080 afﬁciebantur
2581 2067 2595 2091 ,
2638 2027 2806 2082 multo
2836 2042 2963 2082 vero
2989 2029 3158 2098 magis
3188 2027 3546 2084 Ecclesiarum
3573 2031 3784 2084 antisti-

2189 2127 2289 2172 tes.
2322 2116 2580 2172 Versutus
2619 2118 2760 2173 enim
2792 2119 3054 2187 diabolus,
3099 2130 3151 2175 et
3195 2119 3260 2174 ad
3304 2120 3585 2175 struendas
3630 2131 3786 2192 aptus

2189 2210 2429 2278 insidias,
2462 2211 2728 2280 Sperabat,
2753 2213 2795 2266 si
2823 2222 3062 2282 pastores
3088 2213 3409 2280 sustulisset,
3437 2213 3592 2269 ovilia
3621 2229 3684 2270 se
3714 2216 3790 2270 fa-

2187 2305 2291 2359 cile
2313 2304 2666 2374 direpturum.
2691 2305 2796 2362 Sed
2824 2307 2917 2376 qui
2939 2306 3346 2377 comprehendit
3373 2317 3578 2363 astutos
3605 2309 3662 2362 in
3691 2323 3785 2364 eo-

2189 2414 2308 2453 rum
2347 2400 2537 2452 astutia
2558 2441 2572 2465 ,
2607 2399 2896 2454 ostendens
2925 2400 3194 2455 Ecclesias
3219 2415 3345 2455 suas
3374 2415 3483 2454 non
3514 2400 3582 2455 ab
3609 2399 3788 2455 homi-

2188 2491 2344 2546 nibus
2369 2492 2675 2562 gubernari,
2709 2491 2805 2547 sed
2833 2507 2947 2559 eos,
2979 2493 3066 2563 qui
3093 2492 3143 2546 in
3171 2492 3343 2562 ipsum
3371 2491 3614 2558 credunt,
3647 2509 3790 2548 sem-

2189 2599 2285 2652 per
2313 2599 2343 2637 a
2371 2600 2428 2639 se
2457 2584 2586 2654 regi,
2624 2584 2672 2638 id
2707 2583 2820 2639 ﬁeri
2852 2582 3213 2655 permittebat,
3258 2592 3317 2638 ut
3359 2599 3480 2638 eum
3519 2593 3787 2648 cerneret,

2190 2676 2487 2730 rectoribus
2515 2675 2760 2742 sublatis,
2792 2692 2896 2730 non
2941 2685 3119 2730 tamen
3156 2676 3472 2747 religionem
3521 2677 3785 2742 imminui,

2190 2781 2290 2820 nec
2317 2767 2554 2822 veritatis
2583 2767 3016 2836 praedicationem
3044 2768 3332 2838 exstingui,
3364 2767 3458 2823 sed
3485 2769 3663 2838 potius
3689 2785 3788 2823 au-

2189 2857 2324 2928 geri,
2354 2872 2423 2912 ex
2457 2857 2616 2912 rebus
2655 2858 2784 2928 ipsis
2824 2867 2880 2914 et
2924 2858 3056 2928 ipse,
3085 2867 3140 2913 et
3179 2857 3269 2929 qui
3310 2859 3359 2914 ei
3402 2859 3788 2927 inserviebam,

2188 2962 2377 3003 omnes
2424 2949 2823 3019 intelligerent,
2866 2949 3287 3004 Christianorum
3319 2949 3654 3020 disciplinam
3685 2967 3788 3007 non

2189 3041 2257 3096 ab
2291 3040 2597 3096 hominibus
2637 3041 2890 3111 pendere,
2937 3040 3032 3096 sed
3071 3041 3123 3096 in
3168 3041 3316 3097 caelis
3353 3041 3561 3098 radices
3603 3058 3785 3114 agere,

2189 3134 2463 3204 Deumque
2488 3149 2626 3202 esse,
2656 3134 2744 3204 qui
2787 3133 2982 3204 ubique
3027 3133 3292 3188 Ecclesias
3324 3141 3581 3202 tueretur,
3613 3145 3674 3190 et
3699 3135 3786 3206 qui

2188 3239 2309 3280 cum
2342 3225 2450 3280 Deo
2481 3223 2679 3280 bellum
2704 3232 2975 3294 gererent,
3011 3239 3298 3292 numquam
3331 3238 3486 3293 posse
3509 3223 3792 3281 discedere

2188 3318 2514 3388 superiores.
2567 3315 2752 3386 Neque
2776 3331 2904 3372 vero
2934 3316 2984 3371 id
3011 3317 3184 3372 solum
3213 3315 3456 3371 diabolus
3476 3359 3491 3384 ,
3522 3317 3613 3370 sed
3642 3316 3792 3372 aliud

2189 3426 2295 3465 non
2325 3409 2500 3464 minus
2525 3423 2685 3480 grave
2708 3408 3133 3464 maehinabatur.
3162 3407 3276 3462 Non
3297 3407 3438 3462 enim
3468 3408 3519 3462 in
3544 3408 3790 3474 urbibus,

2188 3501 2382 3572 quibus
2429 3509 2725 3572 praterant,
2773 3500 3026 3556 trucidari
3070 3501 3353 3571 episcOpos
3396 3499 3648 3566 sinebat;
3698 3501 3792 3556 sed

2189 3609 2406 3664 operam
2453 3592 2641 3656 dabat,
2688 3601 2745 3646 ut
2788 3593 2840 3646 in
2880 3601 3131 3646 externas
3173 3591 3419 3647 civitates
3463 3591 3720 3646 abstracti
3763 3608 3794 3648 e

2190 3687 2367 3742 medio
2396 3687 2726 3742 tollerentur.
2759 3685 2813 3740 ld
2840 3695 3016 3741 autem
3044 3684 3272 3756 agebat,
3312 3684 3470 3739 simul
3500 3693 3556 3739 ut
3597 3700 3794 3740 neces;

2190 3779 2344 3834 sariis
2371 3778 2529 3833 rebus
2556 3777 2932 3860 Spoliaj'cntur,
2959 3777 3114 3832 simul
3141 3785 3200 3832 ut
3227 3778 3436 3832 itineris
3455 3777 3638 3833 labore
3661 3793 3794 3832 con-

2189 3870 2314 3926 fecti
2364 3870 2719 3926 redderentur
2763 3870 3137 3926 imbecilliores
3167 3887 3182 3924 :
3211 3870 3355 3941 quod
3396 3871 3447 3924 in
3485 3869 3586 3925 hoc
3625 3873 3792 3925 etiam

2191 3961 2348 4016 beato
2376 3963 2490 4016 viro
2520 3962 2662 4016 fecit.
2707 3961 2782 4016 Ex
2815 3971 2996 4016 nostra
3026 3962 3170 4016 enim
3197 3962 3410 4016 civitate
3433 3961 3662 4015 Romam
3693 3961 3791 4017 ab-

2191 4053 2490 4108 ducendum
2517 4054 2740 4119 curavit,
2779 4053 3016 4123 longiora
3046 4053 3144 4122 ipsi
3171 4067 3360 4107 cursus
3389 4053 3559 4122 spatia
3585 4068 3790 4123 propo-

2192 4159 2345 4209 nens,
2380 4154 2436 4199 ut
2464 4153 2517 4198 et
2559 4144 2766 4198 itineris
2799 4152 2853 4198 et
2883 4145 3140 4214 temporis
3173 4143 3501 4214 longitudine
3529 4143 3624 4198 viri
3660 4159 3794 4199 con-

2191 4237 2441 4291 stantiam
2473 4235 2838 4302 labefactaret,
2867 4237 3081 4306 ignarus
3109 4233 3252 4306 quod
3272 4276 3288 4301 ,
3317 4234 3553 4290 sodalem
3581 4234 3794 4291 habens

2190 4327 2372 4384 Jesum
2403 4337 2458 4384 et
2486 4329 2612 4383 tanti
2645 4329 2851 4383 itineris
2874 4327 3148 4391 comitem,
3173 4326 3340 4381 multo
3358 4325 3580 4381 validior
3605 4325 3791 4391 ﬁebat,

2190 4430 2246 4476 et
2267 4421 2494 4486 virtutis,
2524 4436 2644 4491 quae
2669 4436 2850 4475 secum
2877 4427 3039 4487 esset,
3064 4418 3236 4489 majus
3259 4427 3632 4488 argumentum
3657 4433 3795 4488 prte-

2194 4512 2374 4579 bebat,
2395 4522 2446 4566 et
2478 4511 2749 4566 Ecclesias
2777 4511 2946 4581 magis
2969 4509 3339 4565 confirmabat.
3365 4507 3617 4564 Civitates
3644 4509 3794 4564 enim

2193 4620 2312 4674 qum
2356 4605 2408 4659 in
2443 4619 2505 4659 ea
2534 4604 2618 4658 via
2654 4613 2828 4669 erant,
2861 4603 3096 4670 undique
3117 4611 3518 4668 concurrentes,
3553 4601 3789 4670 pugilem

2191 4697 2531 4762 excitabant,
2572 4705 2626 4750 et
2667 4709 2786 4749 cum
2826 4710 3018 4764 magno
3061 4702 3362 4749 commeatu
3410 4691 3791 4757 dimittebant,

2194 4789 2442 4860 precibus
2489 4799 2544 4844 et
2586 4787 3057 4860 supplicationibus
3085 4803 3206 4843 cum
3237 4786 3354 4856 ipso
3381 4783 3668 4841 certantes.
3727 4784 3793 4838 Et

2194 4883 2324 4952 ipsa:
2363 4882 2780 4937 consolationem
2824 4895 2928 4935 non
2972 4879 3245 4949 vulgarem
3277 4893 3342 4932 ex
3384 4878 3499 4948 ipso
3530 4877 3790 4948 percipie-

2193 4974 2341 5040 bant,
2385 4983 2667 5028 cernentes
2709 4982 2999 5042 martyrem
3045 4979 3189 5025 tanta
3233 4985 3353 5025 cum
3401 4969 3675 5024 alacritate
3726 4967 3790 5021 ad

2194 5075 2420 5120 mortem
2463 5079 2712 5130 currere,
2758 5073 2956 5134 quanta
2995 5077 3090 5132 par
3116 5071 3233 5118 erat
3277 5075 3422 5128 eum,
3465 5060 3554 5130 qui
3598 5061 3663 5113 ad
3705 5073 3792 5113 re-

2193 5174 2298 5230 gna
2343 5159 2598 5212 caelorum
2649 5156 3092 5227 proﬁcisceretur.
3138 5155 3216 5210 Ac
3253 5168 3312 5210 re
3339 5153 3554 5224 quidem
3583 5153 3694 5222 ipsa
3725 5167 3791 5206 ex

2195 5263 2444 5325 prompto
2475 5253 2617 5307 illius
2643 5252 2821 5306 animo
2849 5251 3145 5317 discebant,
3177 5264 3295 5306 eam
3340 5263 3446 5304 non
3487 5264 3606 5305 esse
3648 5263 3790 5303 mor-

2198 5357 2342 5410 tem,
2396 5344 2463 5400 ad
2530 5361 2688 5416 quam
2757 5345 3112 5417 properabat;
3164 5344 3258 5400 sed
3307 5343 3789 5414 peregrinationem

2195 5439 2502 5510 quamdam,
2533 5447 2589 5494 et
2634 5439 2913 5493 transitum
2957 5446 3115 5508 atque
3154 5450 3432 5492 ascensum
3475 5437 3528 5492 in
3576 5435 3788 5490 ca-lum.

2197 5532 2322 5586 litec
2368 5542 2546 5585 autem
2597 5541 2706 5585 tum
2755 5531 2945 5598 dictis,
2989 5539 3099 5585 tum
3147 5529 3297 5586 factis
3327 5529 3378 5584 in
3406 5529 3550 5584 omni
3577 5527 3791 5584 civitate

2196 5623 2416 5688 docens,
2439 5622 2701 5677 discessit.
2729 5621 2796 5676 Et
2815 5623 2950 5676 sicut
2973 5621 3141 5677 Judtei
3163 5637 3284 5675 cum
3308 5621 3525 5675 Paulum
3555 5621 3788 5673 vinctum

2197 5715 2422 5770 Romam
2467 5713 2784 5770 mittendum
2825 5722 3108 5775 curarunt.
3139 5712 3340 5784 Opinati
3380 5721 3504 5767 sunt
3541 5727 3600 5766 se
3637 5710 3788 5764 illum

2199 5805 2266 5862 ad
2295 5815 2520 5864 mortem
2548 5806 2780 5876 mittere,
2811 5813 3044 5862 attamen
3070 5803 3268 5864 Judteis
3297 5804 3403 5861 illic
3430 5802 3788 5860 habitantibus
