4104 6456
189 448 299 510 591

205 566 545 638 Ἐκκλησίαν
579 562 1053 637 ἐμπιστευθέντες,
1075 561 1171 617 καὶ
1198 561 1319 626 ὅσος
1350 561 1509 626 πόνος
1531 560 1626 615 καὶ
1647 559 1889 623 κίνδυνος

190 655 255 709 ἐν
287 652 601 726 προοιμίοις
630 652 729 706 καὶ
756 653 901 724 ἀρχῇ
933 652 1170 723 πρᾶγμα
1204 648 1591 716 ἀναδέξασθαι,
1622 648 1720 701 καὶ
1742 646 1899 718 πρώ-

190 760 310 806 τως
358 740 535 795 ἐλθεῖν
578 739 668 792 ἐπ’
693 740 864 811 αὐτῷ,
893 739 989 793 τοῦ
1028 737 1266 809 Χριστοῦ
1314 738 1554 810 παράγω
1584 735 1892 809 μαρτυρίαν

193 830 337 900 ὑμῖν
381 827 760 902 ψηφιζομένου
807 826 982 905 ταῦτα
1014 826 1109 880 καὶ
1135 824 1232 897 τὴν
1273 824 1545 897 ὐφ’ὴμῶν
1591 823 1891 895 εἰρημένην

191 917 499 990 κυροῦντος
527 914 772 987 γνώμην.
792 915 938 969 Ἰδὼν
961 916 1071 986 γὰρ
1100 915 1330 979 πολλοὺς
1368 914 1506 986 πρὸς
1540 912 1704 968 αὐτὸν
1734 914 1892 984 ἐρχο-

199 1008 426 1079 μένους,
452 1008 547 1061 καὶ
567 1005 892 1078 βουλόμενος
921 1003 1093 1070 δεῖξαι
1112 1006 1226 1068 τοῖς
1254 1002 1597 1073 ἀποστόλοις,
1622 1001 1705 1055 ὅτι
1727 999 1891 1053 πλέον

192 1094 382 1149 αὐτῶν
413 1094 620 1166 ἔκαμον
651 1094 701 1146 οί
732 1092 1031 1164 προφῆται,
1065 1091 1230 1163 φησίν
1250 1109 1264 1123 ⁸
1302 1092 1507 1147 Ἄλλοι
1535 1087 1893 1144 κεκοπιάκα-

195 1200 288 1246 σι,
327 1180 431 1235 καὶ
470 1180 642 1250 ὑμεῖς
676 1182 768 1247 είς
807 1179 918 1233 τὸν
957 1181 1153 1233 κόπον
1190 1178 1392 1234 αὐτῶν
1435 1176 1887 1243 είσεληλύθατε.

198 1270 399 1324 Καίτοι
438 1267 621 1338 πολλῷ
660 1267 881 1325 πλείονα
916 1266 1025 1321 τῶν
1053 1265 1354 1339 προφητῶν
1375 1265 1615 1335 ἔκαμνον
1658 1264 1709 1317 οί
1750 1262 1891 1317 ἀπό-

202 1357 384 1410 στολοι
404 1374 420 1388 ·
466 1354 580 1410 ἀλλ’
603 1353 792 1426 ἐπειδὴ
830 1367 1089 1425 προτεροι
1118 1354 1319 1406 ἐκεῖνοι
1347 1351 1437 1405 τὸν
1465 1351 1624 1420 λόγον
1654 1350 1755 1421 τῆς
1795 1350 1891 1402 εὐ-

202 1445 427 1510 σεϐείας
461 1444 784 1510 κατέϐαλον,
827 1443 922 1497 καὶ
966 1440 1067 1505 τὰς
1097 1440 1277 1513 ψυχὰς
1303 1439 1413 1494 τῶν
1438 1438 1741 1511 ἀνθρώπων
1774 1438 1891 1493 ἀδι-

198 1534 439 1597 δάκτους
458 1531 625 1596 οὔσας
652 1531 790 1604 πρὸς
814 1529 913 1602 τὴν
941 1528 1200 1601 ἀλήθειαν
1222 1527 1627 1594 ἐπεσπάσαντο,
1662 1525 1892 1592 ἐκείνοις

200 1621 265 1675 τὸ
298 1618 465 1674 πλέον
490 1617 587 1673 τοῦ
626 1620 794 1672 πόνου
823 1616 1143 1688 ψηφίζεται.

274 1707 354 1761 Οὐ
385 1707 496 1778 γάρ
520 1707 669 1759 ἐστιν
704 1704 841 1770 ἴσον,
885 1704 988 1757 οὐκ
1031 1702 1169 1767 ἐστι,
1217 1702 1357 1774 μετά
1392 1700 1622 1767 πολλοὺς
1670 1701 1895 1772 ἐτέρους

200 1794 563 1859 διδασκάλους
588 1792 811 1848 ἐλθόντα
843 1791 1140 1859 διδάσκειν,
1170 1792 1266 1846 καὶ
1298 1791 1515 1865 πρῶτον
1543 1789 1704 1845 αὐτὸν
1729 1806 1893 1844 κατα-

203 1882 427 1935 ϐάλλειν
468 1881 539 1936 τὰ
569 1880 881 1954 σπέρματα.
926 1879 1001 1933 Τὸ
1032 1879 1133 1950 μὲν
1167 1879 1277 1952 γὰρ
1307 1878 1410 1951 ἤδη
1443 1877 1759 1950 μελετηθέν,
1796 1877 1893 1931 καὶ

202 1972 263 2025 ἐν
293 1969 555 2042 συνηθείᾳ
580 1970 873 2041 γενόμενον
897 1966 1129 2034 πολλῶν,
1161 1967 1565 2040 εὐπαράδεκτον
1595 1965 1662 2021 ἂν
1694 1966 1893 2040 ῥᾳδίως

204 2059 449 2127 γένοιτοο
478 2056 539 2110 τδ
573 2056 630 2110 δὲ
657 2056 754 2112 νῦν
787 2057 1003 2129 πρῶτον
1032 2056 1367 2128 ἀκουόμενον
1398 2054 1621 2128 θορυϐεῖ
1644 2055 1743 2126 τὴν
1775 2053 1893 2108 διά·

201 2164 357 2203 νσιαν
389 2144 499 2200 τῶν
532 2145 838 2217 ἀκροατῶν,
864 2146 960 2201 καὶ
992 2144 1163 2199 πολλά
1185 2147 1297 2208 τοῖς
1323 2144 1634 2199 διδάσκουσι
1662 2143 1893 2214 παρέχει

210 2235 534 2306 πράγματα.
564 2233 736 2287 Τοῦτο
772 2234 905 2303 γοῦν
944 2235 1041 2288 καὶ
1079 2236 1140 2289 ἐν
1174 2233 1426 2305 Ἀθήναις
1471 2231 1722 2304 ἐθορύϐει
1765 2233 1893 2295 τοὺς

202 2322 527 2386 ἀκούοντας,
555 2322 649 2375 καὶ
677 2322 763 2376 διὰ
787 2321 950 2377 τοῦτο
969 2322 1376 2394 ἀπεστρέφοντο
1402 2321 1496 2374 τὸν
1525 2320 1761 2387 Παῦλον,
1798 2322 1895 2389 ἐγ-

202 2425 239 2463 κ
256 2408 523 2474 ιλοῦντες,
539 2410 621 2463 ὅτι
644 2407 962 2471 Ξενίζοντά
984 2425 1120 2463 τινα
1136 2410 1437 2479 εἰσφέρεις
1456 2410 1546 2474 εὶς
1571 2408 1677 2475 τὰς
1704 2407 1894 2473 ἀκοὰς

209 2496 399 2566 ημῶν.
430 2499 498 2553 El
528 2496 638 2570 γὰρ
670 2498 765 2552 νῦν
789 2498 1035 2569 κάματον
1060 2498 1155 2551 καὶ
1178 2498 1340 2552 πόνον
1363 2497 1531 2551 πολὺν
1564 2495 1894 2567 Ἐκκλησίας

211 2586 520 2655 προστασία
556 2585 782 2658 παρέχει
842 2588 956 2650 τοῖς
1002 2584 1341 2657 κυϐερνῶσιν
1387 2584 1562 2654 αὐτὴν
1583 2624 1598 2648 ,
1639 2583 1894 2655 ἐννόησον

209 2672 330 2737 πῶς
355 2673 598 2738 διπλοῦς,
625 2675 722 2729 καὶ
749 2674 1035 2748 τριπλοῦς,
1058 2674 1154 2729 καὶ
1181 2672 1599 2727 πολλαπλασίων
1627 2668 1696 2744 ἦν
1724 2672 1845 2726 τότε
1865 2675 1894 2727 ὁ

212 2762 396 2826 πόνος,
428 2763 517 2816 ὅτε
546 2763 802 2827 κίνδυνοι,
832 2764 928 2818 καὶ
971 2763 1162 2835 μάχαι,
1194 2764 1291 2817 καὶ
1326 2762 1634 2827 ἐπιϐουλαὶ,
1667 2765 1762 2815 καὶ
1806 2762 1898 2831 φό-

201 2849 301 2912 ϐος
330 2850 605 2920 διηνεκὴς.
632 2850 749 2904 Οὐκ
778 2850 948 2914 ἐστιν,
968 2851 1068 2905 οὐκ
1097 2848 1237 2913 ἐστι,
1264 2851 1624 2923 παραστῆσαι
1647 2850 1726 2921 τῷ
1747 2849 1893 2920 λόγῳ

214 2937 311 3009 τὴν
342 2936 653 3002 δυσκολίαν,
683 2937 751 3009 ἢν
782 2938 1053 3008 ὑπέμενον
1079 2939 1129 2990 οἱ
1156 2937 1305 3005 άγιοι
1346 2936 1471 2991 τότε
1509 2939 1742 2991 ἐκεῖνοι·
1777 2936 1893 2991 ἀλλ’

205 3020 364 3088 οὗτος
391 3024 565 3096 αὐτὴν
593 3024 799 3080 εἴσεται
828 3023 1158 3098 [59ημόνος
1186 3027 1215 3079 ό
1242 3025 1332 3081 διὰ
1362 3025 1465 3095 τῆς
1500 3025 1699 3097 πείρας
1722 3026 1897 3098 αὐτῆς

206 3109 404 3166 ἐλθών.
1789 3136 1799 3145 -

278 3219 347 3272 δ’.
370 3219 527 3273 Εἴπω
545 3218 641 3273 καὶ
665 3217 922 3290 τέταρτον
946 3218 1207 3290 στέφανον
1232 3220 1297 3274 ἐκ
1319 3221 1417 3292 τῆς
1436 3220 1745 3289 ἐπισκοπῆς
1765 3220 1897 3292 ἡμῖν

209 3306 504 3378 ἀνίσχοντα
528 3306 751 3378 ταύτης.
779 3309 876 3372 Τίς
906 3306 999 3363 οὖν
1033 3313 1181 3364 ἐστιν
1211 3303 1394 3373 οὗτοςς
1430 3310 1505 3364 Τὸ
1536 3310 1635 3381 τὴν
1662 3312 1899 3383 πατρίδα

205 3396 378 3449 αὐτὸν
405 3396 778 3467 ἐπιτραπῆναι
805 3397 906 3470 τὴν
928 3398 1225 3470 ἡμετέραν.
1243 3398 1532 3453 Ἐπίπονον
1554 3400 1654 3469 μὲν
1672 3401 1781 3471 γάρ
1805 3400 1900 3454 καὶ

210 3482 412 3538 ἑκατὸν
442 3482 653 3554 ἀνδρῶν
692 3484 788 3538 καὶ
827 3487 1167 3557 πεντήκοντα
1198 3486 1499 3558 προστῆναι
1529 3487 1689 3558 μόνον
1709 3503 1721 3516 ·
1755 3487 1815 3541 τὸ
1842 3487 1902 3542 δέ

207 3570 373 3624 πόλιν
419 3571 829 3645 ἐγχειρισθῆναι
876 3574 1170 3647 τοσαύτην,
1201 3575 1298 3629 καὶ
1346 3574 1520 3644 δῆμον
1569 3576 1651 3640 είς
1693 3576 1900 3632 είκοσιν

206 3658 593 3728 ἐκτεινόμενον
641 3660 932 3732 μυριάδας,
960 3662 1137 3732 πόσης
1182 3662 1387 3734 ἀρετῆς
1427 3660 1530 3715 οίει
1578 3663 1674 3717 καὶ
1707 3662 1899 3733 σοφίας

212 3746 494 3811 ἀπόδειξιν
526 3741 702 3815 εἷναι;
739 3750 848 3803 Kal
872 3748 984 3820 γάρ
1017 3749 1208 3823 ὥσπερ
1230 3750 1325 3803 ἐπὶ
1364 3749 1474 3804 τῶν
1520 3752 1902 3822 στρατοπέδων

210 3833 315 3899 τὰς
351 3833 785 3908 βασιλικωτέρας
813 3837 1101 3908 φάλαγγας
1153 3839 1247 3892 καὶ
1294 3836 1644 3910 πληθυούσας
1699 3840 1901 3911 μᾶλλον

210 3924 263 3976 οί
292 3921 596 3997 σοφώτεροι
621 3926 731 3980 τῶν
752 3925 1076 3998 στρατηγῶν
1097 3926 1496 4000 ἐγχειρίζονται
1515 3943 1530 3959 ·
1556 3927 1700 3982 οὕτω
1724 3928 1787 4001 δὴ
1809 3931 1904 3984 καὶ¹

210 4013 311 4066 ἐπὶ
341 4012 450 4066 τῶν
481 4013 714 4079 πόλεων,
745 4014 847 4080 τὰς
874 4015 1095 4088 μείζους
1119 4017 1214 4069 καὶ
1248 4014 1713 4087 πολυανθρώπους
1741 4018 1790 4070 οί
1818 4019 1906 4073 δο-

211 4098 524 4173 κιμώτερο.
549 4100 661 4155 τῶν
689 4103 966 4174 ἀρχόντων
998 4103 1443 4174 ἐμπιστεύονται.
1484 4104 1597 4158 Kal
1639 4103 1817 4169 ἄλλως
1844 4106 1903 4159 δὲ

212 4187 388 4252 πολὺς
418 4184 487 4260 ἦν
526 4189 629 4261 τῆς
658 4191 867 4256 πόλεως
892 4192 1098 4263 ταύτης
1122 4192 1199 4263 τῷ
1225 4192 1347 4264 Θεῷ
1370 4192 1548 4263 λόγος,
1574 4192 1650 4259 ὡς
1692 4195 1787 4248 καὶ
1815 4194 1905 4249 διά

207 4276 329 4329 τῶν
377 4275 558 4347 ἔργων
603 4279 784 4332 αὐτῶν
831 4280 1102 4352 ἐδήλωσε⁸
1136 4282 1227 4335 τὸν
1254 4281 1387 4351 γοῦν
1429 4282 1532 4353 τῆς
1574 4283 1905 4356 οἰκουμένης

210 4365 523 4436 ἐπιστάτην
550 4366 772 4438 ἀπάσης
804 4368 1033 4440 Πέτρον,
1059 4362 1103 4439 ᾧ
1132 4370 1230 4435 τάς
1264 4371 1413 4437 κλεῖς
1462 4371 1762 4444 ἐνεχείρισε
1794 4372 1903 4427 τῶν

209 4454 488 4526 οὐρανῶν,
513 4447 558 4523 ᾧ
584 4456 946 4537 πάπαιάγειν
975 4460 1069 4512 καὶ
1093 4459 1282 4532 φέρειν
1306 4459 1602 4532 ἐπέτρεψε,
1631 4461 1800 4516 πολὺν
1822 4463 1907 4515 ἐν-

210 4541 396 4594 ταῦθα
440 4543 631 4614 χρόνον
671 4545 1012 4618 ἐνδιατρίψαι
1060 4547 1375 4602 ἐκέλευσενο
1412 4548 1588 4614 οὕτως
1620 4549 1770 4621 αὐτῷ
1809 4551 1908 4620 τῆς

212 4631 551 4702 οἰκουμένης
593 4634 814 4704 ἀπάσης
862 4637 896 4705 ἡ
945 4635 1103 4700 πόλις
1160 4637 1490 4710 άντίρῥοπος
1544 4639 1578 4710 ἡ
1633 4640 1905 4710 ἡμετέρα.

227 4718 457 4791 Ἐπειδὴ
500 4719 557 4772 δὲ
603 4721 882 4793 ἐμνήσθην
923 4723 1155 4795 Πέτρου,
1185 4726 1283 4779 καί⁸
1331 4725 1585 4797 πέμπτον
1633 4727 1695 4792 ἐξ
1736 4727 1909 4782 αὐτοῦ

219 4806 496 4877 στέφανον
523 4805 664 4862 εἶδον
692 4809 1057 4882 πλεκόμενον·
1099 4807 1255 4877 οὗτος
1282 4813 1340 4867 δέ
1371 4814 1488 4868 ἐστι
1522 4814 1583 4868 τὸ
1614 4816 1739 4886 μετ’
1764 4818 1909 4869 ὲκεί-

216 4913 312 4949 νον
358 4896 546 4951 τοῦτον
595 4898 943 4966 διαδέξασθαι
967 4900 1066 4972 τὴν
1109 4902 1308 4973 ἀρχήν.
1340 4903 1552 4973 Ὠσπερ
1586 4903 1694 4976 γὰρ
1724 4904 1789 4959 ἄν
1824 4923 1905 4969 τις

217 4985 376 5039 λίθον
424 4985 659 5059 ἐξαίρων
710 4988 887 5059 μέγαν
933 4991 998 5044 ἐκ
1045 4990 1330 5063 θεμελίων.
1361 4991 1547 5064 ἕτερον
1581 4994 1907 5066 ἀντίρροπον

217 5073 439 5128 ἐκείνου
466 5074 759 5141 σπουδάζει
792 5076 1011 5142 πάντως
1039 5079 1478 5149 ἀντεισαγαγεῖν,
1511 5081 1560 5134 εί
1597 5081 1673 5153 μὴ
1722 5083 1907 5154 μέλλοι

219 5165 410 5216 πᾶσαν
448 5162 699 5218 σαλεύειν
722 5165 822 5237 τὴν
853 5166 1164 5239 οἰκοδομὴν,
1197 5169 1292 5222 xal
1327 5169 1666 5241 σαθροτέραν
1698 5175 1870 5227 ποιεῖν
1890 5189 1905 5204 ’

220 5251 372 5305 οὕτω
398 5251 462 5323 δὴ
492 5254 585 5307 καὶ
613 5253 822 5326 Πέτρου
856 5254 1142 5325 μέλλοντος
1173 5256 1423 5310 ἐντεῦθεν
1449 5258 1770 5329 ἀποδημεῖν,
1795 5260 1912 5314 ἐτε-

224 5356 326 5410 ρον
369 5339 698 5412 ἀντίρροπον
737 5342 946 5414 Πέτρου
994 5339 1318 5397 διδάσκαλον
1372 5345 1405 5415 ἡ
1452 5343 1548 5397 τοῦ
1587 5347 1912 5419 Πνεύματος

224 5430 593 5500 ἀντεισήγαγε
626 5431 811 5504 χάρις,
842 5431 984 5486 ὥστε
1009 5431 1085 5505 μὴ
1111 5434 1211 5503 τὴν
1242 5433 1343 5504 ἤδη
1376 5434 1679 5507 γενομένην
1709 5438 1912 5492 οἰκοδο-

227 5518 345 5588 μὴν
371 5520 438 5589 τῇ
466 5517 562 5572 τοῦ
585 5518 965 5591 διαδεξομένου
994 5521 1240 5593 εὐτελείᾳ
1268 5522 1605 5593 σαθροτέραν
1630 5524 1911 5594 γενέσθαι.

226 5607 407 5660 Πέντε
457 5607 556 5677 μέν
602 5602 695 5661 οὖν
740 5609 1037 5678 στεφάνους
1089 5608 1622 5680 άπηριθμησάμεθα,
1666 5611 1776 5665 ἀπὸ
1816 5611 1916 5667 τοῦ

230 5693 502 5762 μεγέθους
531 5696 630 5766 τῆς
659 5696 856 5768 ἀρχῆς,
885 5698 996 5751 ἀπὸ
1022 5697 1124 5769 τῆς
1148 5698 1308 5762 ἀξίας
1339 5697 1447 5750 τῶν
1468 5702 1914 5772 κεχειροτονηκό-

226 5797 363 5845 των,
396 5781 504 5835 ar);
530 5783 623 5855 τῆς
653 5782 749 5837 τοῦ
783 5784 979 5856 καιροῦ
1004 5784 1313 5849 δυσκολίας,
1338 5784 1448 5838 ἀπὸ
1468 5785 1563 5838 τοῦ
1586 5785 1790 5858 μέτρου
1812 5789 1913 5860 τῆς

228 5868 463 5941 πόλεως,
492 5870 604 5924 ἀπὸ
632 5871 731 5943 τῆς
760 5873 965 5944 ἀρετῆς
989 5873 1083 5927 τοῦ
1115 5873 1450 5944 παραδόντος
1483 5873 1631 5944 αὐτῷ
1663 5874 1763 5946 τὴν
1787 5877 1911 5931 ἑπι-

237 5959 467 6029 σκοπήν.
498 5958 735 6024 Τούτους
766 5961 1013 6025 ἅπαντας
1036 5961 1338 6026 πλέξαντας
1368 5960 1493 6032 ἐνῆν
1526 5961 1620 6016 καὶ
1644 5963 1801 6018 ἕκτον
1824 5969 1904 6020 εί-

630 6052 905 6111 Ρλτιιοι..
952 6049 1074 6112 Gn.
1120 6049 1184 6109 L.

1475 443 1540 499 IN
1584 441 1643 498 S.
1688 439 2023 498 IGNATIUM
2063 440 2475 499 MARTYREM.

1995 560 2138 623 πεῖν,
2166 560 2261 614 καὶ
2282 559 2535 631 ἕϐδομον.
2571 558 2667 612 καὶ
2695 556 2915 622 πλείους
2942 555 3151 611 τούτων
3170 571 3183 587 ·
3213 555 3328 610 ἀλλ’
3354 555 3441 611 ίνα
3479 555 3555 629 μὴ
3580 558 3673 611 τὸν

1991 646 2208 702 ἅπαντα
2229 647 2419 720 χρόνον
2448 648 2529 710 εἰς
2553 645 2646 700 τὸν
2668 645 2800 718 περὶ
2825 644 2924 716 τῆς
2953 644 3262 716 ἐπισκοπῆς
3292 642 3674 707 ἀναλώσαντες

1989 734 2171 807 λόγον,
2202 737 2526 810 ἐκπέσωμεν
2553 736 2665 792 τῶν
2693 738 2827 810 περὶ
2855 736 2951 791 τοῦ
2991 736 3269 810 μάρτυρος
3291 734 3673 807 διηγημάτων,

1990 827 2125 899 φέρε
2156 826 2346 898 λοιπὸν
2375 827 2469 880 ἐπὶ
2492 826 2584 881 τὸν
2607 821 2771 881 ἆθλον
2791 827 3001 880 ἐκεῖνον
3031 823 3224 896 ἴωμεν.
3253 823 3496 894 Πόλεμος
3520 824 3678 894 ἀνερ-

1991 914 2217 988 ῥιπίσθη
2250 915 2382 970 ποτέ
2415 914 2652 987 χαλεπὸς
2680 914 2825 969 κατά
2844 912 2954 968 τῶν
2991 911 3357 985 Ἐκκλησιῶν,
3384 913 3484 967 καὶ
3503 912 3678 966 καθά-

1989 1022 2097 1077 περ
2145 1003 2461 1076 τυραννίδος
2488 1003 2903 1074 .χαλεπωτάτης
2935 1002 3037 1073 τὴν
3074 1002 3183 1073 γῆν
3229 999 3673 1071 καταλαϐούσης,

1989 1092 2056 1145 ἐκ
2083 1092 2257 1164 μέσης
2278 1091 2660 1165 ἀνηρπάζοντο
2685 1093 2786 1163 τῆς
2815 1091 3024 1163 ἀγορᾶς
3053 1089 3315 1156 ἅπαντες,
3340 1088 3543 1143 ἄτοπον
3573 1087 3676 1158 μὲν

1989 1179 2144 1235 οὐδὲν
2180 1179 2596 1253 ἐγκαλούμενοι,
2624 1181 2709 1234 ὅτι
2745 1179 2803 1233 δὲ
2844 1181 2946 1251 τῆς
2986 1179 3199 1251 πλάνης
3240 1177 3675 1244 ἀπαλλαγέντες,

1992 1269 2131 1340 πρὸς
2154 1268 2253 1341 τὴν
2277 1269 2561 1324 εὐσέϐειαν
2589 1268 2849 1341 ἔδραμον,
2879 1269 2963 1322 ὃτι
2983 1267 3085 1339 τῆς
3105 1267 3216 1322 τῶν
3239 1267 3516 1338 δαιμόνων
3539 1266 3677 1337 θρηα

1993 1357 2182 1422 σκείας
2213 1358 2554 1431 ἀπέστησαν,
2597 1359 2683 1412 ὅτι
2719 1358 2813 1413 τὸν
2862 1356 3116 1428 ἀληθινὸν
3149 1357 3284 1411 Θεὸν
3322 1355 3675 1424 ἐπέγνωσαν,

1990 1448 2086 1501 καὶ
2126 1446 2218 1501 τὸν
2256 1447 2387 1502 Υἰὸν
2437 1448 2602 1502 αὐτοῦ
2645 1447 2738 1502 τὸν
2789 1448 3057 1519 μονογενῆ
3106 1443 3546 1517 προσεκύνησαν,
3578 1442 3676 1496 καὶ

1990 1528 2235 1604 ὐπέρ’ὧν
2270 1534 2671 1605 στεφανοῦσθαι
2700 1534 2901 1599 αὐτοὺς
2935 1534 3132 1606 ἐχρῆν,
3164 1533 3263 1587 καὶ
3295 1528 3679 1603 θαυμάζεσθαι

1989 1624 2086 1676 καὶ
2116 1623 2402 1696 τιμᾶσθαι,
2428 1624 2572 1697 ὑπὲρ
2583 1623 2789 1679 τούτων
2816 1622 3141 1686 ἐκολάζοντο
3161 1622 3258 1676 καὶ
3283 1620 3497 1692 μυρίοις
3525 1635 3677 1690 περι-

1988 1710 2281 1782 ηντλοῦντο
2330 1712 2526 1776 δεινοῖς
2587 1712 2789 1776 πάντες
2826 1714 2876 1766 οἱ
2919 1710 3020 1784 τὴν
3063 1710 3255 1765 πίστιν
3285 1706 3675 1781 παραδεξάμε-

1989 1817 2092 1863 νοι,
2132 1798 2314 1871 πολλῷ
2342 1799 2400 1853 δέ
2428 1799 2589 1854 πλέον
2619 1800 2670 1853 οἱ
2697 1798 2807 1853 τῶν
2841 1797 3181 1870 Ἐκκλησιῶν
3220 1795 3585 1869 προεστῶτες.
3616 1793 3678 1846 Ὀ

1991 1889 2102 1961 γάρ
2141 1888 2409 1954 διάϐολος,
2441 1888 2752 1960 κακουργὸς
2782 1886 2860 1943 ὢν
2909 1887 3005 1942 καὶ
3050 1885 3223 1950 δεινὸς
3269 1884 3369 1949 τὰς
3414 1882 3676 1946 τοιαύτας

1994 1977 2222 2051 ῥάπτειν
2268 1976 2588 2044 ἐπιϐουλὰς,
2634 1976 3038 2050 προσεδόκησεν
3090 1975 3194 2039 ὅτι,
3227 1974 3358 2037 τοὺς
3408 1972 3677 2043 ποιμένας

1990 2066 2089 2121 ἐὰν
2138 2066 2335 2139 ἀφέλῃ,
2360 2067 2432 2120 τὰ
2482 2065 2715 2138 ποίμνια
2757 2064 2955 2137 ῥᾳδίως
2999 2063 3304 2119 διασπάσαι
3355 2061 3683 2133 δυνήσεταιε

2003 2153 2141 2208 Ἀλλ’
2166 2157 2195 2209 ό
2236 2154 2603 2227 δρασσόμενος
2634 2156 2763 2219 τοὺς
2806 2153 3006 2224 σοφοὺς
3044 2154 3105 2207 ἐν
3134 2155 3204 2225 τῇ
3235 2149 3543 2223 πανουργίᾳ
3577 2149 3678 2202 αὐ-

1992 2243 2120 2309 τῶν,
2157 2241 2480 2315 βουλόμενος
2503 2242 2653 2316 αὐτῷ
2682 2242 2875 2309 δεῖξαι,
2903 2242 2986 2296 ὅτι
3016 2241 3118 2295 οὐκ
3143 2240 3422 2313 ἄνθρωποι
3450 2237 3550 2301 τὰς
3579 2237 3679 2289 αύ-

1991 2331 2086 2385 τοῦ
2124 2331 2460 2404 κυϐερνῶσιν
2498 2331 2849 2405 Ἐκκλησίας,
2880 2329 2996 2385 ἀλλ’
3019 2329 3184 2393 αὐτός
3216 2330 3364 2381 ἐστιν
3400 2328 3429 2380 ὁ
3468 2342 3677 2380 παντα-

1991 2420 2087 2491 χοῦ
2118 2420 2425 2493 ποιμαίνων
2454 2421 2585 2485 τούς
2610 2419 2969 2482 πιστεύοντας
2993 2420 3075 2483 είς
3111 2416 3300 2478 αὐτὸν,
3325 2413 3679 2486 συνεχώρησε

1991 2509 2150 2564 τοῦτο
2190 2510 2469 2580 γενέσθαι.
2509 2510 2726 2565 ἴν“ὂταν
2761 2507 3173 2581 ἀφαιρεθέντων
3221 2504 3448 2559 ἐκείνων
3494 2503 3578 2575 ἴδῃ
3609 2504 3678 2557 τά

1990 2601 2090 2669 τῆς
2131 2598 2416 2664 εὐσεϐείας
2461 2600 2561 2654 οὐκ
2600 2597 2995 2670 ἐλαττούμενα,
3030 2596 3154 2651 οὐδὲ
3193 2594 3559 2665 σϐεννύμενον
3586 2592 3680 2646 τὸν

1990 2688 2088 2743 τοῦ
2135 2689 2492 2761 κηρύγματος
2535 2688 2716 2757 λόγον,
2758 2687 2874 2741 ἀλλ’
2901 2686 3200 2758 αὐξόμενον
3255 2682 3478 2756 μᾶλλον,
3530 2680 3683 2752 μάθῃ

1991 2777 2236 2833 διὰ-τῶν
2284 2778 2464 2851 ἔργων
2510 2778 2693 2831 αὐτῶν
2731 2776 2825 2831 καὶ
2858 2774 3009 2848 [598]
3046 2774 3225 2837 αὐτὸς.
3272 2773 3369 2826 καὶ
3414 2772 3465 2824 οἱ
3506 2769 3682 2823 ταῦτα

1994 2867 2146 2938 αὐτῷ
2172 2866 2586 2938 διακονούμενοι
2607 2867 2832 2930 πάντες,
2861 2866 2946 2919 ὅτι
2977 2865 3081 2916 οὐκ
3108 2859 3429 2933 ἀνθρώπινα
3455 2857 3527 2913 τὰ
3557 2856 3680 2912 καθ’

1994 2957 2163 3028 ἡμᾶς,
2199 2956 2314 3010 ἀλλ’
2336 2955 2544 3012 ἀνωθεν
2574 2956 2639 3009 ἐκ
2670 2956 2781 3008 τῶν
2807 2952 3059 3026 οὐρανῶν
3097 2951 3212 3023 ἔχει
3238 2949 3339 3022 τὴν
3371 2948 3528 3021 ῥίζαν
3550 2949 3684 3020 ἡμῖν

1995 3045 2027 3115 ἡ
2058 3045 2158 3116 τῆς
2185 3045 2535 3108 διδασκαλίας
2565 3044 2846 3109 ὑπόθεσις,
2874 3042 2971 3097 καὶ
3001 3042 3132 3106 Θεός
3163 3043 3314 3094 ἐστιν
3343 3041 3372 3092 ό
3403 3035 3682 3105 πανταχοῦ

1994 3133 2093 3198 τὰς
2124 3135 2454 3207 Ἐκκλησίας
2484 3134 2656 3203 ἄγων,
2688 3135 2783 3187 καὶ
2814 3134 2899 3187 ὅτι
2924 3132 3017 3186 τὸν
3045 3131 3179 3184 Θεὸν
3211 3128 3554 3199 πολεμοῦντα
3582 3127 3684 3181 οὐκ

1994 3219 2075 3275 ἔνι
2122 3222 2511 3295 περιγενέσθαι
2565 3221 2717 3276 ποτέ.
2748 3221 2824 3275 Οὐ
2874 3221 3037 3275 τοῦτο
3081 3220 3138 3274 δὲ
3191 3217 3609 3290 ἐκακούργησεν
3654 3218 3686 3269 δ

1996 3309 2242 3374 διάϐολος
2278 3311 2458 3382 μόνον,
2494 3309 2631 3364 ἀλλά
2663 3309 2758 3363 καὶ⁹
2784 3309 2972 3382 ἓτερον
2992 3308 3094 3362 οὐκ
3120 3307 3343 3360 ἔλαττον
3374 3306 3584 3359 τούτου.
3607 3303 3683 3357 υύ

1997 3400 2108 3473 γὰρ
2151 3404 2208 3457 ἐν
2246 3404 2368 3466 ταῖς
2403 3403 2648 3465 πόλεσιν,
2683 3394 2760 3458 ὧν
2799 3402 3285 3474 προειστήκεισαν,
3324 3396 3479 3469 ἠφίει
3514 3399 3684 3467 σφάτ-

1997 3490 2187 3543 τεσθαι
2234 3490 2362 3554 τοὺς
2394 3490 2751 3554 ἐπισκόπους,
2783 3489 2898 3544 ἀλλ’
2924 3491 3006 3552 είς
3049 3489 3150 3559 τὴν
3197 3486 3489 3559 ἀλλοτρίαν
3533 3487 3684 3555 ἄγων

1998 3576 2220 3650 ἀνῄρει·
2257 3579 2432 3632 ἐποίει
2463 3577 2521 3632 δέ
2558 3576 2717 3632 τοῦτο
2745 3574 2883 3649 ὁμοῦ
2915 3576 3014 3649 μὲν
3047 3577 3292 3649 ἐρήμους
3336 3574 3447 3627 τῶν
3493 3577 3685 3644 ἐπιτη-

1996 3665 2154 3720 δείων
2200 3665 2388 3720 λαϐεῖν
2435 3665 2702 3731 σπεύδων,
2729 3664 2865 3737 όμοῦ
2889 3664 2952 3719 δὲ
2982 3663 3409 3734 ἀσθενεστέρους
3452 3662 3684 3733 ἐργάσε-

2000 3752 2125 3807 σθαι
2170 3752 2250 3825 τῷ
2276 3753 2483 3826 μμόχθῳ
2513 3755 2614 3826 τῆς
2641 3753 2951 3825 ὁδοιπορίας
2979 3751 3217 3817 ἐλπίζων
3237 3768 3250 3781 '
3280 3751 3309 3804 ὃ
3341 3751 3406 3822 δὴ
3453 3751 3549 3804 καὶ
3593 3752 3686 3804 ἐπὶ

1997 3840 2093 3895 τοῦ
2127 3841 2401 3915 μακαρίου
2426 3843 2620 3896 τούτου
2644 3840 2969 3913 πεποίηκεν.
2989 3839 3123 3894 Ἀπὸ
3142 3839 3250 3913 γὰρ
3280 3840 3380 3912 τῆς
3405 3839 3685 3911 ἡμετέρας

2001 3928 2210 3994 πόλεως
2241 3931 2322 3992 είς
2364 3928 2465 4001 τὴν
2500 3928 2724 4001 Ῥώμην
2771 3928 2935 3983 αὐτὸν
2984 3926 3267 3993 ἐκάλεσεν,
3308 3927 3685 3999 μακροτέρους

2000 4016 2150 4089 αὐτῷ
2195 4017 2366 4082 τιθεὶς
2397 4018 2525 4083 τοὺς
2555 4017 2806 4082 διαύλους
2850 4015 2945 4071 τοῦ
2992 4016 3217 4087 δρόμου,
3249 4015 3348 4070 καὶ
3390 4015 3471 4087 τῷ
3520 4018 3687 4087 μήκει

2000 4108 2101 4177 τῆς
2126 4105 2248 4160 ὀδοῦ
2272 4106 2368 4161 καὶ
2401 4104 2477 4177 τῷ
2501 4105 2697 4178 πλήθει
2733 4105 2843 4159 τῶν
2870 4105 3096 4177 ἡμερῶν
3127 4106 3188 4158 τὸ
3216 4105 3473 4176 φρόνημα
3515 4121 3688 4158 κατα-

2002 4194 2222 4249 ϐάλλειν
2268 4194 2434 4248 αὐτοῦ
2480 4193 2820 4266 προσδοκῶν,
2865 4194 2967 4247 οὐκ
3010 4192 3167 4257 εἰδὼς
3208 4195 3292 4247 ὅτι
3340 4192 3690 4264 συνέμπορον

2001 4280 2141 4353 ἔχων
2171 4280 2379 4352 Ἰησοῦν
2408 4281 2502 4334 καὶ
2530 4281 2910 4353 συναπόδημον
2936 4280 3040 4352 τῆς
3060 4280 3329 4353 τοσαύτης
3353 4280 3687 4352 ὁδοιπορίας,

2006 4370 2355 4442 ἰσχυρότερος
2390 4368 2591 4441 μᾶλλον
2630 4368 2859 4439 ἐγίνετο,
2904 4369 3001 4423 καὶ
3044 4364 3146 4442 τῆς
3176 4368 3295 4442 μετ’
3316 4368 3481 4422 αὐτοῦ
3522 4368 3688 4421 δυνά-

2006 4474 2156 4528 μεως
2198 4456 2367 4530 οὐσης
2409 4457 2634 4512 πλείονα
2679 4460 2909 4529 παρεῖχε
2959 4457 3060 4529 τὴν
3109 4453 3405 4521 ἀπόδειξιν,
3451 4456 3547 4508 καὶ
3588 4454 3690 4518 τὰς

2016 4546 2347 4619 Ἐκκλησίας
2395 4547 2712 4618 συνεκρότει
2766 4547 3051 4619 μειζόνως.
3105 4548 3172 4600 Δί
3224 4545 3335 4617 γάρ
3386 4545 3532 4599 κατὰ
3589 4544 3689 4618 τὴν

2004 4635 2123 4690 ὁδὸν
2168 4636 2355 4699 πόλεις
2403 4635 2797 4706 συντρέχουσαι
2832 4634 3097 4689 πάντοθεν
3130 4634 3351 4705 ἤλειφον
3392 4634 3483 4687 τὸν
3516 4633 3689 4704 ἀθλη-

2004 4723 2123 4793 τὴν,
2159 4723 2254 4776 καὶ
2302 4722 2441 4794 μετὰ
2474 4721 2688 4774 πολλῶν
2721 4721 3034 4794 ἐξέπεμπον
3075 4721 3187 4775 τῶν
3215 4721 3469 4792 ἐφοδίων,
3505 4722 3690 4793 εὐχαῖς

2008 4811 2102 4865 καὶ
2126 4809 2449 4882 πρεσϐείαις
2475 4809 2627 4881 αὐτῷ
2656 4809 3183 4882 συναγωνιζόμεναι.
3216 4809 3330 4864 Kal
3353 4811 3518 4866 αὐταὶ
3549 4812 3607 4865 δέ
3629 4812 3690 4866 οὐ

2005 4900 2106 4969 τὴν
2153 4897 2424 4970 τυχοῦσαν
2467 4898 2816 4971 παράκλησιν
2859 4897 3166 4969 ἐλάμϐανον
3199 4901 3342 4969 μετὰ
3378 4899 3694 4972 προθυμίας

2006 4986 2273 5056 τοσαύτης
2320 4987 2414 5040 ἐπὶ
2459 4985 2691 5041 θάνατον
2736 4985 3000 5057 τρέχοντα
3047 4986 3255 5057 ὁρῶσαι
3285 4988 3378 5041 τὸν
3413 4988 3689 5060 μάρτυρα,

2011 5074 2127 5146 μεθ’
2150 5076 2283 5145 ὅσης
2311 5074 2459 5138 εἰκὸς
2504 5070 2574 5146 ἦν
2622 5073 2713 5127 τὸν
2759 5073 2852 5126 ἐπὶ
2885 5072 3134 5144 βασίλεια
3170 5075 3505 5142 καλούμενον
3536 5076 3604 5130 τά
3634 5079 3693 5129 ἐν

2007 5161 2242 5234 οὐρανῷ.
2280 5163 2392 5217 Kal
2423 5162 2650 5236 διὰ-τῶν
2678 5161 2857 5234 έργων
2889 5164 3196 5234 ἐμάνθανον
3229 5166 3429 5230 αὐτῶν,
3458 5164 3546 5218 διὰ
3591 5164 3694 5236 τῆς

2007 5251 2102 5304 τοῦ
2130 5251 2376 5321 γενναίου
2412 5232 2722 5323 προθυμίας
2745 5250 2956 5304 ἐκείνου
2986 5253 3082 5304 καὶ
3113 5252 3492 5324 φαιδρότητος,
3526 5253 3608 5307 ὅτι
3630 5255 3692 5307 οὐ

2008 5339 2240 5404 θάνατος
2261 5336 2328 5412 ἦν
2358 5340 2442 5410 ἐφ’
2466 5339 2526 5393 ὃν
2553 5338 2798 5414 ἔτρεχεν,
2839 5339 2954 5393 ἀλλ’
2975 5340 3255 5411 ἀποδημία
3285 5356 3369 5402 τις
3396 5339 3490 5393 καὶ
3527 5342 3695 5412 μετά-

2009 5447 2220 5495 στασις,
2252 5428 2348 5483 καὶ
2382 5428 2516 5500 πρὸς
2550 5426 2643 5482 τὸν
2677 5428 2908 5500 οὐρανὸν
2938 5429 3222 5491 ἀνάϐασις.
3261 5429 3372 5481 Kal
3407 5428 3584 5483 ταῦτα
3611 5432 3694 5484 δι-

2011 5519 2225 5574 δάσκων
2252 5516 2395 5571 κατά
2423 5518 2607 5570 πᾶσαν
2633 5517 2791 5571 πόλιν
2833 5515 3000 5587 ἀπῄει
3021 5529 3047 5557 ε
3077 5515 3166 5569 διά
3213 5515 3326 5579 ,τῶν
3377 5515 3572 5584 λόγων.
3604 5520 3692 5574 διὰ

2009 5607 2118 5660 τῶν
2168 5607 2513 5678 πραγμάτων
2556 5607 2758 5662 αὐτῶν.
2789 5606 2900 5660 Kal
2950 5606 3085 5676 ὅπερ
3128 5606 3223 5658 ἐπὶ
3265 5605 3375 5659 τῶν
3421 5606 3693 5661 Ἰυυδοῖων

2011 5694 2233 5765 συνέϐη,
2262 5695 2351 5749 ὅτε
2381 5694 2474 5747 τὸν
2523 5694 2734 5748 Παῦλον
2773 5693 3032 5763 δήσαντες
3066 5696 3160 5747 καὶ
3205 5694 3287 5758 εἰς
3332 5693 3431 5764 τὴν
3469 5694 3695 5765 Ῥώμην

2012 5782 2427 5847 ἀποστείλαντες
2488 5782 2737 5852 ἐνόμιζον
2809 5783 2908 5851 μὲν
2972 5783 3063 5835 ἐπὶ
3120 5782 3350 5839 θάνατον
3406 5784 3648 5853 πέμπειν
3677 5827 3693 5846 ,

2015 5871 2264 5943 ἔπεμπον
2284 5872 2338 5925 δέ
2366 5875 2477 5935 τοῖς
2516 5873 2634 5924 ἐκεῖ
2666 5871 3010 5925 κατοικοῦσιν
3034 5874 3324 5938 Ἰουδαίοις
3348 5871 3690 5941 διδάσκαλον,

2081 5977 2104 6004 ⁸³
2134 5972 2271 6026 Unus
2291 5988 2381 6025 ms.
2411 5973 2596 6035 Rvgius
2620 5973 2768 6031 ἐπῄει.

3221 6044 3294 6104 12
