  <div class='ocr_page' id='page_1' title='image "/cluster/home/n/w/nwhite01/storage/ocr_20150623/50:no.2:pt.2/coo.31924054869494/189.png"; bbox 0 0 4104 6436; ppageno 0'>
   <div class='ocr_carea' id='block_1_1' title="bbox 437 413 3056 478">
    <p class='ocr_par' dir='ltr' id='par_1_1' title="bbox 437 413 3056 478">
     <span class='ocr_line' id='line_1_1' title="bbox 437 413 3056 478; baseline 0.003 -7"><span class='ocrx_word' id='word_1_1' title='bbox 437 419 540 472; x_wconf 67' lang='grc' dir='ltr'><strong>ῖὶὶὶῦ</strong></span> <span class='ocrx_word' id='word_1_2' title='bbox 1205 417 1263 474; x_wconf 86' lang='lat' dir='ltr'><strong>S.</strong></span> <span class='ocrx_word' id='word_1_3' title='bbox 1302 417 1587 477; x_wconf 73' lang='lat' dir='ltr'><strong>JOA‘NNIS</strong></span> <span class='ocrx_word' id='word_1_4' title='bbox 1624 413 2109 474; x_wconf 73' lang='lat' dir='ltr'><strong>CHRYSOSTOMI</strong></span> <span class='ocrx_word' id='word_1_5' title='bbox 2147 413 2464 472; x_wconf 76' lang='lat' dir='ltr'><strong>ARCIIIEP.</strong></span> <span class='ocrx_word' id='word_1_6' title='bbox 2507 413 3056 478; x_wconf 71' lang='lat' dir='ltr'><strong>CONSTANTINOP.</strong></span> 
     </span>
    </p>
   </div>
   <div class='ocr_carea' id='block_1_2' title="bbox 431 532 2102 606">
    <p class='ocr_par' dir='ltr' id='par_1_2' title="bbox 431 532 2102 606">
     <span class='ocr_line' id='line_1_2' title="bbox 431 532 2102 606; baseline 0 -20"><span class='ocrx_word' id='word_1_7' title='bbox 431 535 589 588; x_wconf 82' lang='grc' dir='ltr'><strong>τοῦτο</strong></span> <span class='ocrx_word' id='word_1_8' title='bbox 638 533 747 606; x_wconf 68' lang='grc' dir='ltr'><strong>δὴ*</strong></span> <span class='ocrx_word' id='word_1_9' title='bbox 782 535 877 588; x_wconf 69' lang='grc' dir='ltr'><strong>καὶ</strong></span> <span class='ocrx_word' id='word_1_10' title='bbox 927 536 1018 587; x_wconf 75' lang='grc' dir='ltr'><strong>ἐττί¹</strong></span> <span class='ocrx_word' id='word_1_11' title='bbox 1058 535 1314 600; x_wconf 81' lang='grc' dir='ltr'><strong>Ίγνατίου</strong></span> <span class='ocrx_word' id='word_1_12' title='bbox 1361 536 1550 604; x_wconf 74' lang='grc' dir='ltr'><strong>γέγονε</strong></span> <span class='ocrx_word' id='word_1_13' title='bbox 1603 534 1740 603; x_wconf 88' lang='grc' dir='ltr'><strong>μετά</strong></span> <span class='ocrx_word' id='word_1_14' title='bbox 1785 532 2102 605; x_wconf 84' lang='grc' dir='ltr'><strong>περιουσίας</strong></span> 
     </span>
    </p>
   </div>
   <div class='ocr_carea' id='block_1_3' title="bbox 432 621 2102 695">
    <p class='ocr_par' dir='ltr' id='par_1_3' title="bbox 432 621 2102 695">
     <span class='ocr_line' id='line_1_3' title="bbox 432 621 2102 695; baseline -0.001 -19"><span class='ocrx_word' id='word_1_15' title='bbox 432 629 598 685; x_wconf 74' lang='grc' dir='ltr'><strong>τινός.</strong></span> <span class='ocrx_word' id='word_1_16' title='bbox 631 621 766 676; x_wconf 80' lang='grc' dir='ltr'><strong>Οὐδὲ</strong></span> <span class='ocrx_word' id='word_1_17' title='bbox 795 624 902 695; x_wconf 87' lang='lat'><strong>7&amp;9</strong></span> <span class='ocrx_word' id='word_1_18' title='bbox 943 624 1057 686; x_wconf 92' lang='grc' dir='ltr'><strong>τοῖς</strong></span> <span class='ocrx_word' id='word_1_19' title='bbox 1094 625 1192 694; x_wconf 75' lang='grc' dir='ltr'><strong>τὴν</strong></span> <span class='ocrx_word' id='word_1_20' title='bbox 1229 623 1446 694; x_wconf 82' lang='grc' dir='ltr'><strong>Ῥώμην</strong></span> <span class='ocrx_word' id='word_1_21' title='bbox 1489 622 1698 676; x_wconf 88' lang='grc' dir='ltr'><strong>οίκοῦσι</strong></span> <span class='ocrx_word' id='word_1_22' title='bbox 1731 621 1934 694; x_wconf 90' lang='grc' dir='ltr'><strong>μόνοις,</strong></span> <span class='ocrx_word' id='word_1_23' title='bbox 1967 622 2102 675; x_wconf 85' lang='grc' dir='ltr'><strong>ἀλλά</strong></span> 
     </span>
    </p>
   </div>
   <div class='ocr_carea' id='block_1_4' title="bbox 435 709 2103 782">
    <p class='ocr_par' dir='ltr' id='par_1_4' title="bbox 435 709 2103 782">
     <span class='ocr_line' id='line_1_4' title="bbox 435 709 2103 782; baseline 0 -18"><span class='ocrx_word' id='word_1_24' title='bbox 435 711 532 764; x_wconf 71' lang='grc' dir='ltr'><strong>καὶ</strong></span> <span class='ocrx_word' id='word_1_25' title='bbox 558 712 679 774; x_wconf 88' lang='grc' dir='ltr'><strong>ταῖς</strong></span> <span class='ocrx_word' id='word_1_26' title='bbox 707 712 766 764; x_wconf 83' lang='grc' dir='ltr'><strong>ἐν</strong></span> <span class='ocrx_word' id='word_1_27' title='bbox 800 709 877 781; x_wconf 79' lang='grc' dir='ltr'><strong>τῷ</strong></span> <span class='ocrx_word' id='word_1_28' title='bbox 912 711 1064 782; x_wconf 82' lang='grc' dir='ltr'><strong>μέσῳ</strong></span> <span class='ocrx_word' id='word_1_29' title='bbox 1095 711 1377 782; x_wconf 80' lang='grc' dir='ltr'><strong>κειμέναις</strong></span> <span class='ocrx_word' id='word_1_30' title='bbox 1410 710 1629 765; x_wconf 86' lang='grc' dir='ltr'><strong>πόλεσιν</strong></span> <span class='ocrx_word' id='word_1_31' title='bbox 1671 711 1914 774; x_wconf 88' lang='grc' dir='ltr'><strong>ἀπάσαις</strong></span> <span class='ocrx_word' id='word_1_32' title='bbox 1955 711 2103 764; x_wconf 84' lang='grc' dir='ltr'><strong>διδά-</strong></span> 
     </span>
    </p>
   </div>
   <div class='ocr_carea' id='block_1_5' title="bbox 436 798 2103 872">
    <p class='ocr_par' dir='ltr' id='par_1_5' title="bbox 436 798 2103 872">
     <span class='ocr_line' id='line_1_5' title="bbox 436 798 2103 872; baseline 0 -20"><span class='ocrx_word' id='word_1_33' title='bbox 436 798 635 862; x_wconf 86' lang='grc' dir='ltr'><strong>σκαλος</strong></span> <span class='ocrx_word' id='word_1_34' title='bbox 667 800 833 872; x_wconf 79' lang='grc' dir='ltr'><strong>ἀπῄει</strong></span> <span class='ocrx_word' id='word_1_35' title='bbox 865 800 1186 871; x_wconf 75' lang='grc' dir='ltr'><strong>θαυμάσιος,</strong></span> <span class='ocrx_word' id='word_1_36' title='bbox 1215 799 1417 852; x_wconf 91' lang='grc' dir='ltr'><strong>πείθων</strong></span> <span class='ocrx_word' id='word_1_37' title='bbox 1449 802 1812 872; x_wconf 80' lang='grc' dir='ltr'><strong>καταφρονεῖν</strong></span> <span class='ocrx_word' id='word_1_38' title='bbox 1839 802 1939 870; x_wconf 78' lang='grc' dir='ltr'><strong>τῆς</strong></span> <span class='ocrx_word' id='word_1_39' title='bbox 1963 815 2103 868; x_wconf 87' lang='grc' dir='ltr'><strong>παρ-</strong></span> 
     </span>
    </p>
   </div>
   <div class='ocr_carea' id='block_1_6' title="bbox 433 886 2104 958">
    <p class='ocr_par' dir='ltr' id='par_1_6' title="bbox 433 886 2104 958">
     <span class='ocr_line' id='line_1_6' title="bbox 433 886 2104 958; baseline -0.002 -19"><span class='ocrx_word' id='word_1_40' title='bbox 433 887 600 957; x_wconf 87' lang='grc' dir='ltr'><strong>ούσης</strong></span> <span class='ocrx_word' id='word_1_41' title='bbox 627 887 797 957; x_wconf 81' lang='grc' dir='ltr'><strong>ζωῆς,</strong></span> <span class='ocrx_word' id='word_1_42' title='bbox 831 889 926 942; x_wconf 74' lang='grc' dir='ltr'><strong>καὶ</strong></span> <span class='ocrx_word' id='word_1_43' title='bbox 959 888 1125 958; x_wconf 80' lang='grc' dir='ltr'><strong>μηδὲν</strong></span> <span class='ocrx_word' id='word_1_44' title='bbox 1153 886 1400 958; x_wconf 80' lang='grc' dir='ltr'><strong>ἡγεῖσθαι</strong></span> <span class='ocrx_word' id='word_1_45' title='bbox 1424 887 1492 940; x_wconf 75' lang='grc' dir='ltr'><strong>τὰ</strong></span> <span class='ocrx_word' id='word_1_46' title='bbox 1520 887 1853 958; x_wconf 80' lang='grc' dir='ltr'><strong>βλεπόμενα,</strong></span> <span class='ocrx_word' id='word_1_47' title='bbox 1879 886 2104 940; x_wconf 74' lang='grc' dir='ltr'><strong>καὶτῶν</strong></span> 
     </span>
    </p>
   </div>
   <div class='ocr_carea' id='block_1_7' title="bbox 436 973 2104 1047">
    <p class='ocr_par' dir='ltr' id='par_1_7' title="bbox 436 973 2104 1047">
     <span class='ocr_line' id='line_1_7' title="bbox 436 973 2104 1047; baseline 0.001 -22"><span class='ocrx_word' id='word_1_48' title='bbox 436 973 738 1042; x_wconf 83' lang='grc' dir='ltr'><strong>μελλόντων</strong></span> <span class='ocrx_word' id='word_1_49' title='bbox 786 977 940 1047; x_wconf 74' lang='grc' dir='ltr'><strong>ἐρᾷν,</strong></span> <span class='ocrx_word' id='word_1_50' title='bbox 972 975 1064 1028; x_wconf 81' lang='grc' dir='ltr'><strong>καὶ</strong></span> <span class='ocrx_word' id='word_1_51' title='bbox 1115 975 1251 1044; x_wconf 90' lang='grc' dir='ltr'><strong>πρὸς</strong></span> <span class='ocrx_word' id='word_1_52' title='bbox 1297 974 1390 1028; x_wconf 91' lang='grc' dir='ltr'><strong>τὸν</strong></span> <span class='ocrx_word' id='word_1_53' title='bbox 1439 974 1668 1046; x_wconf 88' lang='grc' dir='ltr'><strong>οὐρανὸν</strong></span> <span class='ocrx_word' id='word_1_54' title='bbox 1722 974 1961 1044; x_wconf 78' lang='grc' dir='ltr'><strong>βλέπειν,</strong></span> <span class='ocrx_word' id='word_1_55' title='bbox 2011 975 2104 1027; x_wconf 78' lang='grc' dir='ltr'><strong>καὶ</strong></span> 
     </span>
    </p>
   </div>
   <div class='ocr_carea' id='block_1_8' title="bbox 436 1059 2102 1132">
    <p class='ocr_par' dir='ltr' id='par_1_8' title="bbox 436 1059 2102 1132">
     <span class='ocr_line' id='line_1_8' title="bbox 436 1059 2102 1132; baseline 0.001 -21"><span class='ocrx_word' id='word_1_56' title='bbox 436 1062 574 1130; x_wconf 74' lang='grc' dir='ltr'><strong>πρὸς</strong></span> <span class='ocrx_word' id='word_1_57' title='bbox 623 1062 788 1132; x_wconf 80' lang='grc' dir='ltr'><strong>μηδὲν</strong></span> <span class='ocrx_word' id='word_1_58' title='bbox 832 1064 942 1116; x_wconf 91' lang='grc' dir='ltr'><strong>τῶν</strong></span> <span class='ocrx_word' id='word_1_59' title='bbox 969 1065 1026 1116; x_wconf 85' lang='grc' dir='ltr'><strong>ἐν</strong></span> <span class='ocrx_word' id='word_1_60' title='bbox 1057 1061 1136 1132; x_wconf 85' lang='grc' dir='ltr'><strong>τῷ</strong></span> <span class='ocrx_word' id='word_1_61' title='bbox 1164 1061 1392 1132; x_wconf 86' lang='grc' dir='ltr'>παρόντι</span> <span class='ocrx_word' id='word_1_62' title='bbox 1421 1061 1520 1132; x_wconf 85' lang='grc' dir='ltr'><strong>βίῳ</strong></span> <span class='ocrx_word' id='word_1_63' title='bbox 1550 1059 1738 1114; x_wconf 89' lang='grc' dir='ltr'><strong>δεινῶν</strong></span> <span class='ocrx_word' id='word_1_64' title='bbox 1778 1059 2102 1130; x_wconf 84' lang='grc' dir='ltr'><strong>ἐπιστρέφε-</strong></span> 
     </span>
    </p>
   </div>
   <div class='ocr_carea' id='block_1_9' title="bbox 440 1146 2103 1222">
    <p class='ocr_par' dir='ltr' id='par_1_9' title="bbox 440 1146 2103 1222">
     <span class='ocr_line' id='line_1_9' title="bbox 440 1146 2103 1222; baseline -0.002 -22"><span class='ocrx_word' id='word_1_65' title='bbox 440 1147 582 1202; x_wconf 83' lang='grc' dir='ltr'><strong>σθαι.</strong></span> <span class='ocrx_word' id='word_1_66' title='bbox 612 1149 795 1203; x_wconf 89' lang='grc' dir='ltr'><strong>Ταῦτα</strong></span> <span class='ocrx_word' id='word_1_67' title='bbox 823 1150 933 1222; x_wconf 88' lang='lat'><strong>7&amp;9</strong></span> <span class='ocrx_word' id='word_1_68' title='bbox 964 1149 1058 1203; x_wconf 73' lang='grc' dir='ltr'><strong>καὶ</strong></span> <span class='ocrx_word' id='word_1_69' title='bbox 1083 1149 1150 1202; x_wconf 80' lang='grc' dir='ltr'><strong>τὰ</strong></span> <span class='ocrx_word' id='word_1_70' title='bbox 1173 1147 1379 1203; x_wconf 87' lang='grc' dir='ltr'><strong>τούτων</strong></span> <span class='ocrx_word' id='word_1_71' title='bbox 1407 1148 1628 1203; x_wconf 81' lang='grc' dir='ltr'><strong>πλείονα</strong></span> <span class='ocrx_word' id='word_1_72' title='bbox 1657 1148 1746 1202; x_wconf 84' lang='grc' dir='ltr'><strong>διά</strong></span> <span class='ocrx_word' id='word_1_73' title='bbox 1785 1147 1895 1201; x_wconf 91' lang='grc' dir='ltr'><strong>τῶν</strong></span> <span class='ocrx_word' id='word_1_74' title='bbox 1926 1146 2103 1218; x_wconf 82' lang='grc' dir='ltr'><strong>ἔργων</strong></span> 
     </span>
    </p>
   </div>
   <div class='ocr_carea' id='block_1_10' title="bbox 438 1233 2104 1308">
    <p class='ocr_par' dir='ltr' id='par_1_10' title="bbox 438 1233 2104 1308">
     <span class='ocr_line' id='line_1_10' title="bbox 438 1233 2104 1308; baseline -0.001 -19"><span class='ocrx_word' id='word_1_75' title='bbox 438 1238 637 1302; x_wconf 79' lang='grc' dir='ltr'><strong>αὐτοὺς</strong></span> <span class='ocrx_word' id='word_1_76' title='bbox 661 1238 929 1291; x_wconf 80' lang='grc' dir='ltr'><strong>παιδεύων</strong></span> <span class='ocrx_word' id='word_1_77' title='bbox 956 1237 1144 1302; x_wconf 86' lang='grc' dir='ltr'><strong>ῶδευε,</strong></span> <span class='ocrx_word' id='word_1_78' title='bbox 1168 1237 1420 1308; x_wconf 87' lang='grc' dir='ltr'><strong>καθάπερ</strong></span> <span class='ocrx_word' id='word_1_79' title='bbox 1448 1237 1599 1308; x_wconf 79' lang='grc' dir='ltr'><strong>ἥλιός</strong></span> <span class='ocrx_word' id='word_1_80' title='bbox 1627 1254 1710 1300; x_wconf 91' lang='grc' dir='ltr'><strong>τις</strong></span> <span class='ocrx_word' id='word_1_81' title='bbox 1749 1233 1809 1301; x_wconf 80' lang='grc' dir='ltr'><strong>ἐξ</strong></span> <span class='ocrx_word' id='word_1_82' title='bbox 1839 1234 2104 1304; x_wconf 78' lang='grc' dir='ltr'><strong>ἀνατολῆς</strong></span> 
     </span>
    </p>
   </div>
   <div class='ocr_carea' id='block_1_11' title="bbox 438 1322 2105 1398">
    <p class='ocr_par' dir='ltr' id='par_1_11' title="bbox 438 1322 2105 1398">
     <span class='ocr_line' id='line_1_11' title="bbox 438 1322 2105 1398; baseline -0.002 -20"><span class='ocrx_word' id='word_1_83' title='bbox 438 1325 675 1395; x_wconf 79' lang='grc' dir='ltr'><strong>ἀνίσχων</strong></span> <span class='ocrx_word' id='word_1_84' title='bbox 723 1327 817 1379; x_wconf 75' lang='grc' dir='ltr'><strong>καὶ</strong></span> <span class='ocrx_word' id='word_1_85' title='bbox 865 1327 1002 1398; x_wconf 88' lang='grc' dir='ltr'><strong>πρὸς</strong></span> <span class='ocrx_word' id='word_1_86' title='bbox 1038 1328 1138 1398; x_wconf 83' lang='grc' dir='ltr'><strong>τὴν</strong></span> <span class='ocrx_word' id='word_1_87' title='bbox 1182 1326 1334 1379; x_wconf 93' lang='grc' dir='ltr'><strong>δύσιν</strong></span> <span class='ocrx_word' id='word_1_88' title='bbox 1381 1325 1624 1397; x_wconf 81' lang='grc' dir='ltr'><strong>τρέχων·</strong></span> <span class='ocrx_word' id='word_1_89' title='bbox 1663 1323 1864 1395; x_wconf 81' lang='grc' dir='ltr'><strong>μᾶλλον</strong></span> <span class='ocrx_word' id='word_1_90' title='bbox 1908 1322 1965 1375; x_wconf 67' lang='grc' dir='ltr'><strong>δὲ</strong></span> <span class='ocrx_word' id='word_1_91' title='bbox 2012 1323 2105 1376; x_wconf 81' lang='grc' dir='ltr'><strong>καὶ</strong></span> 
     </span>
    </p>
   </div>
   <div class='ocr_carea' id='block_1_12' title="bbox 436 1406 2102 1485">
    <p class='ocr_par' dir='ltr' id='par_1_12' title="bbox 436 1406 2102 1485">
     <span class='ocr_line' id='line_1_12' title="bbox 436 1406 2102 1485; baseline -0.003 -20"><span class='ocrx_word' id='word_1_92' title='bbox 436 1414 626 1465; x_wconf 86' lang='grc' dir='ltr'><strong>τούτου</strong></span> <span class='ocrx_word' id='word_1_93' title='bbox 676 1413 1066 1485; x_wconf 85' lang='grc' dir='ltr'><strong>φαιδρότερος·</strong></span> <span class='ocrx_word' id='word_1_94' title='bbox 1117 1406 1274 1475; x_wconf 74' lang='grc' dir='ltr'><strong>οὗτος</strong></span> <span class='ocrx_word' id='word_1_95' title='bbox 1310 1413 1408 1482; x_wconf 85' lang='grc' dir='ltr'><strong>μὲν</strong></span> <span class='ocrx_word' id='word_1_96' title='bbox 1451 1411 1561 1482; x_wconf 80' lang='grc' dir='ltr'><strong>γὰρ</strong></span> <span class='ocrx_word' id='word_1_97' title='bbox 1609 1411 1818 1466; x_wconf 80' lang='grc' dir='ltr'><strong>ἀνωθεν</strong></span> <span class='ocrx_word' id='word_1_98' title='bbox 1859 1409 2102 1481; x_wconf 87' lang='grc' dir='ltr'><strong>ἔτρεχεν,</strong></span> 
     </span>
    </p>
   </div>
   <div class='ocr_carea' id='block_1_13' title="bbox 433 1498 2100 1571">
    <p class='ocr_par' dir='ltr' id='par_1_13' title="bbox 433 1498 2100 1571">
     <span class='ocr_line' id='line_1_13' title="bbox 433 1498 2100 1571; baseline -0.002 -18"><span class='ocrx_word' id='word_1_99' title='bbox 433 1502 689 1571; x_wconf 80' lang='grc' dir='ltr'><strong>αἰσθητὸν</strong></span> <span class='ocrx_word' id='word_1_100' title='bbox 735 1501 887 1570; x_wconf 84' lang='grc' dir='ltr'><strong>ἀγων</strong></span> <span class='ocrx_word' id='word_1_101' title='bbox 933 1501 1072 1571; x_wconf 85' lang='grc' dir='ltr'><strong>φῶς,</strong></span> <span class='ocrx_word' id='word_1_102' title='bbox 1091 1501 1348 1570; x_wconf 89' lang='grc' dir='ltr'><strong>Ἰγνάτιος</strong></span> <span class='ocrx_word' id='word_1_103' title='bbox 1381 1500 1439 1554; x_wconf 81' lang='grc' dir='ltr'><strong>δὲ</strong></span> <span class='ocrx_word' id='word_1_104' title='bbox 1487 1499 1732 1554; x_wconf 78' lang='grc' dir='ltr'><strong>κάτωθεν</strong></span> <span class='ocrx_word' id='word_1_105' title='bbox 1767 1498 2100 1567; x_wconf 87' lang='grc' dir='ltr'><strong>ἀντέλαμπε,</strong></span> 
     </span>
    </p>
   </div>
   <div class='ocr_carea' id='block_1_14' title="bbox 432 1587 2106 1658">
    <p class='ocr_par' dir='ltr' id='par_1_14' title="bbox 432 1587 2106 1658">
     <span class='ocr_line' id='line_1_14' title="bbox 432 1587 2106 1658; baseline -0.001 -18"><span class='ocrx_word' id='word_1_106' title='bbox 432 1590 622 1657; x_wconf 88' lang='grc' dir='ltr'><strong>νοητὸν</strong></span> <span class='ocrx_word' id='word_1_107' title='bbox 659 1589 776 1658; x_wconf 88' lang='grc' dir='ltr'><strong>φῶς</strong></span> <span class='ocrx_word' id='word_1_108' title='bbox 807 1588 1159 1652; x_wconf 76' lang='grc' dir='ltr'><strong>διδασκαλίας</strong></span> <span class='ocrx_word' id='word_1_109' title='bbox 1213 1591 1336 1651; x_wconf 89' lang='grc' dir='ltr'><strong>ταῖς</strong></span> <span class='ocrx_word' id='word_1_110' title='bbox 1385 1589 1584 1658; x_wconf 78' lang='grc' dir='ltr'><strong>ψυχαῖς</strong></span> <span class='ocrx_word' id='word_1_111' title='bbox 1624 1587 1818 1650; x_wconf 78' lang='grc' dir='ltr'><strong>ἐνιεὶς·</strong></span> <span class='ocrx_word' id='word_1_112' title='bbox 1855 1587 2106 1646; x_wconf 86' lang='grc' dir='ltr'><strong>κάκεῖνος</strong></span> 
     </span>
    </p>
   </div>
   <div class='ocr_carea' id='block_1_15' title="bbox 437 1674 2106 1748">
    <p class='ocr_par' dir='ltr' id='par_1_15' title="bbox 437 1674 2106 1748">
     <span class='ocr_line' id='line_1_15' title="bbox 437 1674 2106 1748; baseline -0.002 -18"><span class='ocrx_word' id='word_1_113' title='bbox 437 1677 536 1747; x_wconf 83' lang='grc' dir='ltr'><strong>μὲν</strong></span> <span class='ocrx_word' id='word_1_114' title='bbox 581 1680 661 1741; x_wconf 87' lang='grc' dir='ltr'><strong>εἰς</strong></span> <span class='ocrx_word' id='word_1_115' title='bbox 704 1677 775 1730; x_wconf 78' lang='grc' dir='ltr'><strong>τὰ</strong></span> <span class='ocrx_word' id='word_1_116' title='bbox 819 1677 918 1748; x_wconf 83' lang='grc' dir='ltr'><strong>τῆς</strong></span> <span class='ocrx_word' id='word_1_117' title='bbox 963 1677 1171 1740; x_wconf 90' lang='grc' dir='ltr'><strong>δύσεως</strong></span> <span class='ocrx_word' id='word_1_118' title='bbox 1211 1675 1388 1730; x_wconf 83' lang='grc' dir='ltr'><strong>ἀπιὼν</strong></span> <span class='ocrx_word' id='word_1_119' title='bbox 1445 1675 1586 1748; x_wconf 89' lang='grc' dir='ltr'><strong>μέρη</strong></span> <span class='ocrx_word' id='word_1_120' title='bbox 1631 1674 1955 1746; x_wconf 83' lang='grc' dir='ltr'><strong>κρύπτεται,</strong></span> <span class='ocrx_word' id='word_1_121' title='bbox 2012 1674 2106 1726; x_wconf 54' lang='grc' dir='ltr'><strong>καὶ⁵</strong></span> 
     </span>
    </p>
   </div>
   <div class='ocr_carea' id='block_1_16' title="bbox 433 1757 2107 1834">
    <p class='ocr_par' dir='ltr' id='par_1_16' title="bbox 433 1757 2107 1834">
     <span class='ocr_line' id='line_1_16' title="bbox 433 1757 2107 1834; baseline -0.002 -17"><span class='ocrx_word' id='word_1_122' title='bbox 433 1765 608 1818; x_wconf 82' lang='grc' dir='ltr'>νύκτα</span> <span class='ocrx_word' id='word_1_123' title='bbox 649 1764 852 1828; x_wconf 85' lang='grc' dir='ltr'><strong>εὐθέως</strong></span> <span class='ocrx_word' id='word_1_124' title='bbox 879 1765 1075 1833; x_wconf 90' lang='grc' dir='ltr'><strong>ἐπάγει</strong></span> <span class='ocrx_word' id='word_1_125' title='bbox 1104 1782 1117 1795; x_wconf 91' lang='grc'><strong>·</strong></span> <span class='ocrx_word' id='word_1_126' title='bbox 1153 1757 1306 1826; x_wconf 72' lang='grc' dir='ltr'><strong>οὗτος</strong></span> <span class='ocrx_word' id='word_1_127' title='bbox 1331 1763 1389 1817; x_wconf 82' lang='grc' dir='ltr'><strong>δέ</strong></span> <span class='ocrx_word' id='word_1_128' title='bbox 1420 1765 1500 1827; x_wconf 87' lang='grc' dir='ltr'><strong>είς</strong></span> <span class='ocrx_word' id='word_1_129' title='bbox 1532 1764 1601 1817; x_wconf 80' lang='grc' dir='ltr'><strong>τὰ</strong></span> <span class='ocrx_word' id='word_1_130' title='bbox 1629 1764 1726 1834; x_wconf 80' lang='grc' dir='ltr'><strong>τῆς</strong></span> <span class='ocrx_word' id='word_1_131' title='bbox 1755 1763 1960 1825; x_wconf 83' lang='grc' dir='ltr'><strong>δύσεως</strong></span> <span class='ocrx_word' id='word_1_132' title='bbox 2000 1763 2107 1814; x_wconf 77' lang='grc' dir='ltr'><strong>ἀπο</strong></span> 
     </span>
    </p>
   </div>
   <div class='ocr_carea' id='block_1_17' title="bbox 434 1849 2106 1924">
    <p class='ocr_par' dir='ltr' id='par_1_17' title="bbox 434 1849 2106 1924">
     <span class='ocr_line' id='line_1_17' title="bbox 434 1849 2106 1924; baseline -0.001 -20"><span class='ocrx_word' id='word_1_133' title='bbox 434 1853 605 1904; x_wconf 83' lang='grc' dir='ltr'><strong>ελθὼν</strong></span> <span class='ocrx_word' id='word_1_134' title='bbox 639 1853 779 1923; x_wconf 85' lang='grc' dir='ltr'><strong>μέρη</strong></span> <span class='ocrx_word' id='word_1_135' title='bbox 806 1852 1156 1924; x_wconf 82' lang='grc' dir='ltr'><strong>φαιδρότερον</strong></span> <span class='ocrx_word' id='word_1_136' title='bbox 1177 1852 1384 1905; x_wconf 87' lang='grc' dir='ltr'><strong>ἐκεῖθεν</strong></span> <span class='ocrx_word' id='word_1_137' title='bbox 1419 1851 1679 1912; x_wconf 85' lang='grc' dir='ltr'><strong>ἀνέτειλε,</strong></span> <span class='ocrx_word' id='word_1_138' title='bbox 1704 1851 1944 1914; x_wconf 75' lang='grc' dir='ltr'><strong>καὶτοὺς</strong></span> <span class='ocrx_word' id='word_1_139' title='bbox 1965 1849 2106 1904; x_wconf 81' lang='grc' dir='ltr'><strong>κατὰ</strong></span> 
     </span>
    </p>
   </div>
   <div class='ocr_carea' id='block_1_18' title="bbox 432 1939 2106 2012">
    <p class='ocr_par' dir='ltr' id='par_1_18' title="bbox 432 1939 2106 2012">
     <span class='ocr_line' id='line_1_18' title="bbox 432 1939 2106 2012; baseline -0.001 -18"><span class='ocrx_word' id='word_1_140' title='bbox 432 1941 531 2011; x_wconf 80' lang='grc' dir='ltr'><strong>τὴν</strong></span> <span class='ocrx_word' id='word_1_141' title='bbox 566 1942 684 1994; x_wconf 84' lang='grc' dir='ltr'><strong>ὁδὸν</strong></span> <span class='ocrx_word' id='word_1_142' title='bbox 713 1941 958 2005; x_wconf 72' lang='grc' dir='ltr'><strong>ἅπαντας</strong></span> <span class='ocrx_word' id='word_1_143' title='bbox 1002 1942 1371 2012; x_wconf 76' lang='grc' dir='ltr'><strong>εὐεργετήσας</strong></span> <span class='ocrx_word' id='word_1_144' title='bbox 1414 1939 1482 1994; x_wconf 90' lang='grc' dir='ltr'><strong>τά</strong></span> <span class='ocrx_word' id='word_1_145' title='bbox 1522 1940 1759 2011; x_wconf 89' lang='grc' dir='ltr'><strong>μέγιστα</strong></span> <span class='ocrx_word' id='word_1_146' title='bbox 1781 1955 1795 1970; x_wconf 94' lang='grc'><strong>·</strong></span> <span class='ocrx_word' id='word_1_147' title='bbox 1830 1939 2017 2010; x_wconf 74' lang='grc' dir='ltr'><strong>ἐπειδὴ</strong></span> <span class='ocrx_word' id='word_1_148' title='bbox 2049 1940 2106 1993; x_wconf 82' lang='grc' dir='ltr'><strong>δὲ</strong></span> 
     </span>
    </p>
   </div>
   <div class='ocr_carea' id='block_1_19' title="bbox 433 2028 2107 2100">
    <p class='ocr_par' dir='ltr' id='par_1_19' title="bbox 433 2028 2107 2100">
     <span class='ocr_line' id='line_1_19' title="bbox 433 2028 2107 2100; baseline -0.001 -18"><span class='ocrx_word' id='word_1_149' title='bbox 433 2030 534 2100; x_wconf 83' lang='grc' dir='ltr'><strong>τῆς</strong></span> <span class='ocrx_word' id='word_1_150' title='bbox 569 2030 775 2094; x_wconf 89' lang='grc' dir='ltr'><strong>πόλεως</strong></span> <span class='ocrx_word' id='word_1_151' title='bbox 811 2029 1004 2100; x_wconf 89' lang='grc' dir='ltr'><strong>ἐπέϐη,</strong></span> <span class='ocrx_word' id='word_1_152' title='bbox 1037 2029 1295 2100; x_wconf 85' lang='grc' dir='ltr'><strong>κάκείνην</strong></span> <span class='ocrx_word' id='word_1_153' title='bbox 1336 2029 1644 2099; x_wconf 79' lang='grc' dir='ltr'><strong>φιλοσοφεῖν</strong></span> <span class='ocrx_word' id='word_1_154' title='bbox 1673 2028 1976 2082; x_wconf 90' lang='grc' dir='ltr'><strong>ἐπαίδευσε.</strong></span> <span class='ocrx_word' id='word_1_155' title='bbox 2008 2029 2107 2081; x_wconf 80' lang='grc' dir='ltr'><strong>Διά</strong></span> 
     </span>
    </p>
   </div>
   <div class='ocr_carea' id='block_1_20' title="bbox 434 2114 2107 2188">
    <p class='ocr_par' dir='ltr' id='par_1_20' title="bbox 434 2114 2107 2188">
     <span class='ocr_line' id='line_1_20' title="bbox 434 2114 2107 2188; baseline -0.002 -17"><span class='ocrx_word' id='word_1_156' title='bbox 434 2117 544 2188; x_wconf 72' lang='lat'><strong>7&amp;9</strong></span> <span class='ocrx_word' id='word_1_157' title='bbox 574 2115 732 2170; x_wconf 91' lang='grc' dir='ltr'><strong>τοῦτο</strong></span> <span class='ocrx_word' id='word_1_158' title='bbox 761 2118 856 2170; x_wconf 75' lang='grc' dir='ltr'><strong>καὶ</strong></span> <span class='ocrx_word' id='word_1_159' title='bbox 892 2120 921 2171; x_wconf 87' lang='grc' dir='ltr'><strong>ό</strong></span> <span class='ocrx_word' id='word_1_160' title='bbox 949 2117 1082 2181; x_wconf 85' lang='grc' dir='ltr'><strong>Θεὸς</strong></span> <span class='ocrx_word' id='word_1_161' title='bbox 1117 2116 1495 2188; x_wconf 85' lang='grc' dir='ltr'><strong>συνεχώρησεν</strong></span> <span class='ocrx_word' id='word_1_162' title='bbox 1524 2117 1643 2169; x_wconf 89' lang='grc' dir='ltr'><strong>ἐκεῖ</strong></span> <span class='ocrx_word' id='word_1_163' title='bbox 1677 2116 1768 2169; x_wconf 88' lang='grc' dir='ltr'><strong>τὸν</strong></span> <span class='ocrx_word' id='word_1_164' title='bbox 1801 2114 1916 2185; x_wconf 87' lang='grc' dir='ltr'><strong>βίον</strong></span> <span class='ocrx_word' id='word_1_165' title='bbox 1943 2115 2107 2169; x_wconf 86' lang='grc' dir='ltr'><strong>αὐτὸν</strong></span> 
     </span>
    </p>
   </div>
   <div class='ocr_carea' id='block_1_21' title="bbox 435 2204 2107 2278">
    <p class='ocr_par' dir='ltr' id='par_1_21' title="bbox 435 2204 2107 2278">
     <span class='ocr_line' id='line_1_21' title="bbox 435 2204 2107 2278; baseline 0.001 -20"><span class='ocrx_word' id='word_1_166' title='bbox 435 2206 757 2272; x_wconf 87' lang='grc' dir='ltr'><strong>καταλῦσαι,</strong></span> <span class='ocrx_word' id='word_1_167' title='bbox 787 2206 925 2259; x_wconf 88' lang='grc' dir='ltr'><strong>ῶστε</strong></span> <span class='ocrx_word' id='word_1_168' title='bbox 949 2205 1048 2277; x_wconf 82' lang='grc' dir='ltr'><strong>τὴν</strong></span> <span class='ocrx_word' id='word_1_169' title='bbox 1081 2205 1268 2260; x_wconf 89' lang='grc' dir='ltr'><strong>τούτου</strong></span> <span class='ocrx_word' id='word_1_170' title='bbox 1301 2205 1446 2278; x_wconf 82' lang='grc'><strong>[599]</strong></span> <span class='ocrx_word' id='word_1_171' title='bbox 1479 2204 1736 2276; x_wconf 82' lang='grc' dir='ltr'><strong>τελευτὴν</strong></span> <span class='ocrx_word' id='word_1_172' title='bbox 1762 2204 2107 2259; x_wconf 79' lang='grc' dir='ltr'>διδασκάλων</span> 
     </span>
    </p>
   </div>
   <div class='ocr_carea' id='block_1_22' title="bbox 434 2292 2102 2365">
    <p class='ocr_par' dir='ltr' id='par_1_22' title="bbox 434 2292 2102 2365">
     <span class='ocr_line' id='line_1_22' title="bbox 434 2292 2102 2365; baseline 0.001 -18"><span class='ocrx_word' id='word_1_173' title='bbox 434 2295 685 2362; x_wconf 73' lang='grc' dir='ltr'><strong>γενέσθαι</strong></span> <span class='ocrx_word' id='word_1_174' title='bbox 733 2295 1011 2359; x_wconf 84' lang='grc' dir='ltr'><strong>εὐσεϐείας</strong></span> <span class='ocrx_word' id='word_1_175' title='bbox 1049 2297 1160 2358; x_wconf 91' lang='grc' dir='ltr'><strong>τοῖς</strong></span> <span class='ocrx_word' id='word_1_176' title='bbox 1192 2295 1291 2365; x_wconf 82' lang='grc' dir='ltr'><strong>τὴν</strong></span> <span class='ocrx_word' id='word_1_177' title='bbox 1321 2293 1546 2365; x_wconf 84' lang='grc' dir='ltr'><strong>Ῥώμην</strong></span> <span class='ocrx_word' id='word_1_178' title='bbox 1588 2292 1832 2347; x_wconf 87' lang='grc' dir='ltr'><strong>οἰκοῦσιν</strong></span> <span class='ocrx_word' id='word_1_179' title='bbox 1879 2293 2102 2348; x_wconf 78' lang='grc' dir='ltr'><strong>ἅπασιν.</strong></span> 
     </span>
    </p>
   </div>
   <div class='ocr_carea' id='block_1_23' title="bbox 447 2380 2108 2454">
    <p class='ocr_par' dir='ltr' id='par_1_23' title="bbox 447 2380 2108 2454">
     <span class='ocr_line' id='line_1_23' title="bbox 447 2380 2108 2454; baseline 0 -20"><span class='ocrx_word' id='word_1_180' title='bbox 447 2382 638 2453; x_wconf 82' lang='grc' dir='ltr'><strong>Ὑμεῖς</strong></span> <span class='ocrx_word' id='word_1_181' title='bbox 671 2383 770 2452; x_wconf 84' lang='grc' dir='ltr'><strong>μὲν</strong></span> <span class='ocrx_word' id='word_1_182' title='bbox 800 2383 908 2454; x_wconf 87' lang='lat'><strong>7&amp;9</strong></span> <span class='ocrx_word' id='word_1_183' title='bbox 939 2385 1007 2453; x_wconf 76' lang='grc' dir='ltr'><strong>τῇ</strong></span> <span class='ocrx_word' id='word_1_184' title='bbox 1047 2383 1140 2436; x_wconf 87' lang='grc' dir='ltr'><strong>τοῦ</strong></span> <span class='ocrx_word' id='word_1_185' title='bbox 1190 2382 1328 2436; x_wconf 83' lang='grc' dir='ltr'><strong>Θεοῦ</strong></span> <span class='ocrx_word' id='word_1_186' title='bbox 1376 2383 1560 2454; x_wconf 88' lang='grc' dir='ltr'><strong>χάριτι</strong></span> <span class='ocrx_word' id='word_1_187' title='bbox 1597 2381 1854 2452; x_wconf 75' lang='grc' dir='ltr'><strong>οὐδεμιᾶς</strong></span> <span class='ocrx_word' id='word_1_188' title='bbox 1895 2380 2108 2434; x_wconf 87' lang='grc' dir='ltr'><strong>ἐδέεσθε</strong></span> 
     </span>
    </p>
   </div>
   <div class='ocr_carea' id='block_1_24' title="bbox 435 2468 2108 2542">
    <p class='ocr_par' dir='ltr' id='par_1_24' title="bbox 435 2468 2108 2542">
     <span class='ocr_line' id='line_1_24' title="bbox 435 2468 2108 2542; baseline -0.001 -20"><span class='ocrx_word' id='word_1_189' title='bbox 435 2469 619 2523; x_wconf 83' lang='grc' dir='ltr'><strong>λοιπὸν</strong></span> <span class='ocrx_word' id='word_1_190' title='bbox 656 2469 1006 2535; x_wconf 78' lang='grc' dir='ltr'><strong>ἀποδείξεως,</strong></span> <span class='ocrx_word' id='word_1_191' title='bbox 1031 2470 1394 2542; x_wconf 73' lang='grc' dir='ltr'><strong>ἐρριζωμένοι</strong></span> <span class='ocrx_word' id='word_1_192' title='bbox 1426 2468 1568 2523; x_wconf 87' lang='grc' dir='ltr'><strong>κατά</strong></span> <span class='ocrx_word' id='word_1_193' title='bbox 1605 2469 1704 2538; x_wconf 81' lang='grc' dir='ltr'><strong>τὴν</strong></span> <span class='ocrx_word' id='word_1_194' title='bbox 1729 2468 1914 2521; x_wconf 89' lang='grc' dir='ltr'><strong>πίστιν</strong></span> <span class='ocrx_word' id='word_1_195' title='bbox 1939 2484 1954 2498; x_wconf 92' lang='grc'><strong>·</strong></span> <span class='ocrx_word' id='word_1_196' title='bbox 1979 2468 2028 2521; x_wconf 78' lang='grc' dir='ltr'><strong>οἱ</strong></span> <span class='ocrx_word' id='word_1_197' title='bbox 2051 2468 2108 2523; x_wconf 85' lang='grc' dir='ltr'><strong>δὲ</strong></span> 
     </span>
    </p>
   </div>
   <div class='ocr_carea' id='block_1_25' title="bbox 434 2555 2109 2629">
    <p class='ocr_par' dir='ltr' id='par_1_25' title="bbox 434 2555 2109 2629">
     <span class='ocr_line' id='line_1_25' title="bbox 434 2555 2109 2629; baseline -0.002 -17"><span class='ocrx_word' id='word_1_198' title='bbox 434 2561 534 2629; x_wconf 84' lang='grc' dir='ltr'><strong>τὴν</strong></span> <span class='ocrx_word' id='word_1_199' title='bbox 567 2557 784 2629; x_wconf 59' lang='grc' dir='ltr'><strong>’,Ρώμην</strong></span> <span class='ocrx_word' id='word_1_200' title='bbox 815 2559 1116 2625; x_wconf 73' lang='grc' dir='ltr'><strong>οἰκοῦντες,</strong></span> <span class='ocrx_word' id='word_1_201' title='bbox 1142 2557 1238 2612; x_wconf 78' lang='grc' dir='ltr'><strong>ἆτε</strong></span> <span class='ocrx_word' id='word_1_202' title='bbox 1275 2557 1474 2628; x_wconf 81' lang='grc' dir='ltr'><strong>πολλῆς</strong></span> <span class='ocrx_word' id='word_1_203' title='bbox 1508 2557 1630 2610; x_wconf 84' lang='grc' dir='ltr'><strong>τότε</strong></span> <span class='ocrx_word' id='word_1_204' title='bbox 1658 2555 1914 2620; x_wconf 85' lang='grc' dir='ltr'><strong>ἀσεϐείας</strong></span> <span class='ocrx_word' id='word_1_205' title='bbox 1941 2555 2109 2626; x_wconf 76' lang='grc' dir='ltr'><strong>οὔσης</strong></span> 
     </span>
    </p>
   </div>
   <div class='ocr_carea' id='block_1_26' title="bbox 435 2643 2108 2718">
    <p class='ocr_par' dir='ltr' id='par_1_26' title="bbox 435 2643 2108 2718">
     <span class='ocr_line' id='line_1_26' title="bbox 435 2643 2108 2718; baseline -0.002 -18"><span class='ocrx_word' id='word_1_206' title='bbox 435 2649 570 2711; x_wconf 88' lang='grc' dir='ltr'><strong>ἐκεῖ,</strong></span> <span class='ocrx_word' id='word_1_207' title='bbox 602 2647 845 2711; x_wconf 87' lang='grc' dir='ltr'><strong>πλείονος</strong></span> <span class='ocrx_word' id='word_1_208' title='bbox 887 2645 1119 2718; x_wconf 81' lang='grc' dir='ltr'><strong>ἔχρῃζον</strong></span> <span class='ocrx_word' id='word_1_209' title='bbox 1160 2645 1433 2716; x_wconf 85' lang='grc' dir='ltr'><strong>βοηθείας.</strong></span> <span class='ocrx_word' id='word_1_210' title='bbox 1464 2644 1562 2698; x_wconf 88' lang='grc' dir='ltr'><strong>Διά</strong></span> <span class='ocrx_word' id='word_1_211' title='bbox 1596 2643 1756 2699; x_wconf 88' lang='grc' dir='ltr'><strong>τοῦτο</strong></span> <span class='ocrx_word' id='word_1_212' title='bbox 1786 2645 1879 2698; x_wconf 75' lang='grc' dir='ltr'><strong>καὶ</strong></span> <span class='ocrx_word' id='word_1_213' title='bbox 1905 2645 2108 2714; x_wconf 87' lang='grc' dir='ltr'><strong>Πέτρος</strong></span> 
     </span>
    </p>
   </div>
   <div class='ocr_carea' id='block_1_27' title="bbox 435 2728 2107 2805">
    <p class='ocr_par' dir='ltr' id='par_1_27' title="bbox 435 2728 2107 2805">
     <span class='ocr_line' id='line_1_27' title="bbox 435 2728 2107 2805; baseline -0.001 -17"><span class='ocrx_word' id='word_1_214' title='bbox 435 2735 532 2788; x_wconf 69' lang='grc' dir='ltr'><strong>καὶ</strong></span> <span class='ocrx_word' id='word_1_215' title='bbox 560 2734 767 2797; x_wconf 80' lang='grc' dir='ltr'><strong>Παῦλος</strong></span> <span class='ocrx_word' id='word_1_216' title='bbox 794 2735 888 2788; x_wconf 79' lang='grc' dir='ltr'><strong>καὶ</strong></span> <span class='ocrx_word' id='word_1_217' title='bbox 923 2735 1039 2805; x_wconf 82' lang='grc' dir='ltr'><strong>μετ’</strong></span> <span class='ocrx_word' id='word_1_218' title='bbox 1060 2734 1300 2798; x_wconf 82' lang='grc' dir='ltr'><strong>ἐκείνους</strong></span> <span class='ocrx_word' id='word_1_219' title='bbox 1327 2728 1480 2798; x_wconf 74' lang='grc' dir='ltr'><strong>οὗτος</strong></span> <span class='ocrx_word' id='word_1_220' title='bbox 1524 2735 1642 2787; x_wconf 88' lang='grc' dir='ltr'><strong>ἐκεῖ</strong></span> <span class='ocrx_word' id='word_1_221' title='bbox 1685 2734 1886 2797; x_wconf 80' lang='grc' dir='ltr'><strong>πάντες</strong></span> <span class='ocrx_word' id='word_1_222' title='bbox 1912 2733 2107 2804; x_wconf 82' lang='grc' dir='ltr'><strong>ἐτύθη-</strong></span> 
     </span>
    </p>
   </div>
   <div class='ocr_carea' id='block_1_28' title="bbox 439 2821 2108 2893">
    <p class='ocr_par' dir='ltr' id='par_1_28' title="bbox 439 2821 2108 2893">
     <span class='ocr_line' id='line_1_28' title="bbox 439 2821 2108 2893; baseline 0.001 -20"><span class='ocrx_word' id='word_1_223' title='bbox 439 2839 570 2875; x_wconf 90' lang='grc' dir='ltr'><strong>σαν·</strong></span> <span class='ocrx_word' id='word_1_224' title='bbox 603 2821 760 2875; x_wconf 86' lang='grc' dir='ltr'><strong>τοῦτο</strong></span> <span class='ocrx_word' id='word_1_225' title='bbox 791 2821 888 2892; x_wconf 80' lang='grc' dir='ltr'><strong>μὲν</strong></span> <span class='ocrx_word' id='word_1_226' title='bbox 921 2821 1008 2874; x_wconf 82' lang='grc' dir='ltr'><strong>ἵνα</strong></span> <span class='ocrx_word' id='word_1_227' title='bbox 1040 2822 1392 2892; x_wconf 83' lang='grc' dir='ltr'><strong>μολυνθεῖσαν</strong></span> <span class='ocrx_word' id='word_1_228' title='bbox 1430 2822 1528 2893; x_wconf 78' lang='grc' dir='ltr'><strong>τὴν</strong></span> <span class='ocrx_word' id='word_1_229' title='bbox 1566 2822 1720 2876; x_wconf 90' lang='grc' dir='ltr'><strong>πόλιν</strong></span> <span class='ocrx_word' id='word_1_230' title='bbox 1757 2825 1870 2885; x_wconf 91' lang='grc' dir='ltr'><strong>τοῖς</strong></span> <span class='ocrx_word' id='word_1_231' title='bbox 1896 2821 2003 2875; x_wconf 90' lang='grc' dir='ltr'><strong>τῶν</strong></span> <span class='ocrx_word' id='word_1_232' title='bbox 2032 2823 2108 2874; x_wconf 90' lang='grc' dir='ltr'><strong>εἰ-</strong></span> 
     </span>
    </p>
   </div>
   <div class='ocr_carea' id='block_1_29' title="bbox 434 2907 2110 2980">
    <p class='ocr_par' dir='ltr' id='par_1_29' title="bbox 434 2907 2110 2980">
     <span class='ocr_line' id='line_1_29' title="bbox 434 2907 2110 2980; baseline -0.001 -17"><span class='ocrx_word' id='word_1_233' title='bbox 434 2909 619 2963; x_wconf 87' lang='grc' dir='ltr'><strong>δώλων</strong></span> <span class='ocrx_word' id='word_1_234' title='bbox 646 2909 862 2979; x_wconf 77' lang='grc' dir='ltr'><strong>αἵμασι,</strong></span> <span class='ocrx_word' id='word_1_235' title='bbox 892 2911 1005 2972; x_wconf 91' lang='grc' dir='ltr'><strong>τοῖς</strong></span> <span class='ocrx_word' id='word_1_236' title='bbox 1038 2910 1259 2973; x_wconf 85' lang='grc' dir='ltr'><strong>οἰκείοις</strong></span> <span class='ocrx_word' id='word_1_237' title='bbox 1293 2911 1520 2980; x_wconf 86' lang='grc' dir='ltr'><strong>αἴμασιν</strong></span> <span class='ocrx_word' id='word_1_238' title='bbox 1547 2909 1918 2980; x_wconf 85' lang='grc' dir='ltr'><strong>ἐκκαθάρωσι,</strong></span> <span class='ocrx_word' id='word_1_239' title='bbox 1949 2907 2110 2962; x_wconf 91' lang='grc' dir='ltr'><strong>τοῦτο</strong></span> 
     </span>
    </p>
   </div>
   <div class='ocr_carea' id='block_1_30' title="bbox 437 2995 2107 3069">
    <p class='ocr_par' dir='ltr' id='par_1_30' title="bbox 437 2995 2107 3069">
     <span class='ocr_line' id='line_1_30' title="bbox 437 2995 2107 3069; baseline -0.001 -19"><span class='ocrx_word' id='word_1_240' title='bbox 437 2997 493 3050; x_wconf 85' lang='grc' dir='ltr'><strong>δέ</strong></span> <span class='ocrx_word' id='word_1_241' title='bbox 529 2998 615 3049; x_wconf 85' lang='grc' dir='ltr'><strong>ἵνα</strong></span> <span class='ocrx_word' id='word_1_242' title='bbox 643 2996 741 3066; x_wconf 77' lang='grc' dir='ltr'><strong>τῆς</strong></span> <span class='ocrx_word' id='word_1_243' title='bbox 772 2997 1120 3060; x_wconf 80' lang='grc' dir='ltr'><strong>ἀναστάσεως</strong></span> <span class='ocrx_word' id='word_1_244' title='bbox 1146 2997 1238 3049; x_wconf 87' lang='grc' dir='ltr'><strong>τοῦ</strong></span> <span class='ocrx_word' id='word_1_245' title='bbox 1285 2997 1686 3067; x_wconf 90' lang='grc' dir='ltr'><strong>σταυρωθέντος</strong></span> <span class='ocrx_word' id='word_1_246' title='bbox 1736 2995 1975 3069; x_wconf 84' lang='grc' dir='ltr'><strong>Χριστοῦ</strong></span> <span class='ocrx_word' id='word_1_247' title='bbox 2019 2995 2107 3049; x_wconf 72' lang='grc' dir='ltr'>διὰ</span> 
     </span>
    </p>
   </div>
   <div class='ocr_carea' id='block_1_31' title="bbox 437 3083 2108 3156">
    <p class='ocr_par' dir='ltr' id='par_1_31' title="bbox 437 3083 2108 3156">
     <span class='ocr_line' id='line_1_31' title="bbox 437 3083 2108 3156; baseline 0 -18"><span class='ocrx_word' id='word_1_248' title='bbox 437 3083 544 3138; x_wconf 90' lang='grc' dir='ltr'><strong>τῶν</strong></span> <span class='ocrx_word' id='word_1_249' title='bbox 574 3084 752 3156; x_wconf 91' lang='grc' dir='ltr'><strong>ἔργων</strong></span> <span class='ocrx_word' id='word_1_250' title='bbox 783 3085 1173 3156; x_wconf 78' lang='grc' dir='ltr'><strong>παράσχωνται</strong></span> <span class='ocrx_word' id='word_1_251' title='bbox 1211 3085 1310 3155; x_wconf 84' lang='grc' dir='ltr'><strong>τὴν</strong></span> <span class='ocrx_word' id='word_1_252' title='bbox 1340 3083 1633 3150; x_wconf 81' lang='grc' dir='ltr'><strong>ἀπόδειξιν,</strong></span> <span class='ocrx_word' id='word_1_253' title='bbox 1665 3086 1954 3148; x_wconf 83' lang='grc' dir='ltr'><strong>πείσαντες</strong></span> <span class='ocrx_word' id='word_1_254' title='bbox 1982 3087 2108 3148; x_wconf 78' lang='grc' dir='ltr'><strong>τοὺς</strong></span> 
     </span>
    </p>
   </div>
   <div class='ocr_carea' id='block_1_32' title="bbox 439 3173 2110 3244">
    <p class='ocr_par' dir='ltr' id='par_1_32' title="bbox 439 3173 2110 3244">
     <span class='ocr_line' id='line_1_32' title="bbox 439 3173 2110 3244; baseline 0 -18"><span class='ocrx_word' id='word_1_255' title='bbox 439 3173 536 3244; x_wconf 74' lang='grc' dir='ltr'><strong>τὴν</strong></span> <span class='ocrx_word' id='word_1_256' title='bbox 566 3173 784 3244; x_wconf 82' lang='grc' dir='ltr'><strong>Ῥώμην</strong></span> <span class='ocrx_word' id='word_1_257' title='bbox 817 3173 1100 3236; x_wconf 87' lang='grc' dir='ltr'><strong>οἰκοῦντας</strong></span> <span class='ocrx_word' id='word_1_258' title='bbox 1133 3173 1208 3237; x_wconf 84' lang='grc' dir='ltr'><strong>ὡς</strong></span> <span class='ocrx_word' id='word_1_259' title='bbox 1239 3173 1338 3226; x_wconf 89' lang='grc' dir='ltr'><strong>οὐκ</strong></span> <span class='ocrx_word' id='word_1_260' title='bbox 1365 3173 1431 3226; x_wconf 83' lang='grc' dir='ltr'>ἂν</span> <span class='ocrx_word' id='word_1_261' title='bbox 1455 3173 1596 3242; x_wconf 83' lang='grc' dir='ltr'><strong>μετὰ</strong></span> <span class='ocrx_word' id='word_1_262' title='bbox 1619 3173 1886 3244; x_wconf 81' lang='grc' dir='ltr'><strong>τοσαύτης</strong></span> <span class='ocrx_word' id='word_1_263' title='bbox 1917 3173 2110 3244; x_wconf 77' lang='grc' dir='ltr'><strong>ἡδονῆς</strong></span> 
     </span>
    </p>
   </div>
   <div class='ocr_carea' id='block_1_33' title="bbox 438 3257 2110 3334">
    <p class='ocr_par' dir='ltr' id='par_1_33' title="bbox 438 3257 2110 3334">
     <span class='ocr_line' id='line_1_33' title="bbox 438 3257 2110 3334; baseline 0 -20"><span class='ocrx_word' id='word_1_264' title='bbox 438 3262 540 3332; x_wconf 77' lang='grc' dir='ltr'><strong>τῆς</strong></span> <span class='ocrx_word' id='word_1_265' title='bbox 580 3261 862 3332; x_wconf 76' lang='grc' dir='ltr'><strong>παρούσης</strong></span> <span class='ocrx_word' id='word_1_266' title='bbox 891 3261 1306 3331; x_wconf 75' lang='grc' dir='ltr'><strong>κατεφρόνησαν</strong></span> <span class='ocrx_word' id='word_1_267' title='bbox 1339 3260 1506 3332; x_wconf 72' lang='grc' dir='ltr'><strong>ζωῆς,</strong></span> <span class='ocrx_word' id='word_1_268' title='bbox 1544 3263 1594 3314; x_wconf 89' lang='grc' dir='ltr'><strong>εἰ</strong></span> <span class='ocrx_word' id='word_1_269' title='bbox 1625 3262 1701 3334; x_wconf 82' lang='grc' dir='ltr'><strong>μὴ</strong></span> <span class='ocrx_word' id='word_1_270' title='bbox 1737 3261 1942 3332; x_wconf 84' lang='grc' dir='ltr'><strong>σφόδρα</strong></span> <span class='ocrx_word' id='word_1_271' title='bbox 1971 3257 2110 3332; x_wconf 79' lang='grc' dir='ltr'><strong>ἦσαν</strong></span> 
     </span>
    </p>
   </div>
   <div class='ocr_carea' id='block_1_34' title="bbox 439 3348 2112 3419">
    <p class='ocr_par' dir='ltr' id='par_1_34' title="bbox 439 3348 2112 3419">
     <span class='ocr_line' id='line_1_34' title="bbox 439 3348 2112 3419; baseline -0.001 -17"><span class='ocrx_word' id='word_1_272' title='bbox 439 3349 761 3412; x_wconf 83' lang='grc' dir='ltr'><strong>πεπεικότες</strong></span> <span class='ocrx_word' id='word_1_273' title='bbox 789 3349 1036 3412; x_wconf 81' lang='grc' dir='ltr'><strong>ἐαυτούς,</strong></span> <span class='ocrx_word' id='word_1_274' title='bbox 1070 3348 1154 3400; x_wconf 85' lang='grc' dir='ltr'><strong>ὅτι</strong></span> <span class='ocrx_word' id='word_1_275' title='bbox 1192 3348 1328 3418; x_wconf 89' lang='grc' dir='ltr'><strong>πρὸς</strong></span> <span class='ocrx_word' id='word_1_276' title='bbox 1364 3348 1454 3402; x_wconf 90' lang='grc' dir='ltr'><strong>τὸν</strong></span> <span class='ocrx_word' id='word_1_277' title='bbox 1497 3348 1913 3419; x_wconf 79' lang='grc' dir='ltr'><strong>ἐσταυρωμένον</strong></span> <span class='ocrx_word' id='word_1_278' title='bbox 1955 3349 2112 3419; x_wconf 86' lang='grc' dir='ltr'><strong>ἔμελ·-</strong></span> 
     </span>
    </p>
   </div>
   <div class='ocr_carea' id='block_1_35' title="bbox 438 3436 2111 3510">
    <p class='ocr_par' dir='ltr' id='par_1_35' title="bbox 438 3436 2111 3510">
     <span class='ocr_line' id='line_1_35' title="bbox 438 3436 2111 3510; baseline -0.001 -20"><span class='ocrx_word' id='word_1_279' title='bbox 438 3436 530 3491; x_wconf 87' lang='grc' dir='ltr'><strong>λον</strong></span> <span class='ocrx_word' id='word_1_280' title='bbox 556 3437 866 3492; x_wconf 81' lang='grc' dir='ltr'><strong>ἀναϐαίνειν</strong></span> <span class='ocrx_word' id='word_1_281' title='bbox 901 3436 1128 3508; x_wconf 89' lang='grc' dir='ltr'><strong>Ἰησοῦν,</strong></span> <span class='ocrx_word' id='word_1_282' title='bbox 1171 3437 1264 3492; x_wconf 83' lang='grc' dir='ltr'><strong>καὶ</strong></span> <span class='ocrx_word' id='word_1_283' title='bbox 1297 3439 1354 3491; x_wconf 91' lang='grc' dir='ltr'><strong>ἐν</strong></span> <span class='ocrx_word' id='word_1_284' title='bbox 1380 3440 1492 3502; x_wconf 91' lang='grc' dir='ltr'><strong>τοῖς</strong></span> <span class='ocrx_word' id='word_1_285' title='bbox 1518 3438 1764 3510; x_wconf 76' lang='grc' dir='ltr'><strong>οὐρανοῖς</strong></span> <span class='ocrx_word' id='word_1_286' title='bbox 1793 3437 1954 3490; x_wconf 87' lang='grc' dir='ltr'><strong>αὑτὸν</strong></span> <span class='ocrx_word' id='word_1_287' title='bbox 1982 3437 2111 3506; x_wconf 75' lang='grc' dir='ltr'><strong>ὄψε-</strong></span> 
     </span>
    </p>
   </div>
   <div class='ocr_carea' id='block_1_36' title="bbox 443 3523 2112 3596">
    <p class='ocr_par' dir='ltr' id='par_1_36' title="bbox 443 3523 2112 3596">
     <span class='ocr_line' id='line_1_36' title="bbox 443 3523 2112 3596; baseline 0 -19"><span class='ocrx_word' id='word_1_288' title='bbox 443 3524 588 3581; x_wconf 85' lang='grc' dir='ltr'><strong>σθαι.</strong></span> <span class='ocrx_word' id='word_1_289' title='bbox 616 3524 865 3596; x_wconf 85' lang='grc' dir='ltr'><strong>Μεγίστη</strong></span> <span class='ocrx_word' id='word_1_290' title='bbox 899 3524 1009 3596; x_wconf 84' lang='grc' dir='ltr'><strong>γὰρ</strong></span> <span class='ocrx_word' id='word_1_291' title='bbox 1035 3524 1204 3588; x_wconf 74' lang='grc' dir='ltr'><strong>ὅντως</strong></span> <span class='ocrx_word' id='word_1_292' title='bbox 1232 3525 1585 3588; x_wconf 82' lang='grc' dir='ltr'><strong>ἀναστάσεως</strong></span> <span class='ocrx_word' id='word_1_293' title='bbox 1615 3523 1886 3588; x_wconf 79' lang='grc' dir='ltr'><strong>ἀπόδειξις</strong></span> <span class='ocrx_word' id='word_1_294' title='bbox 1925 3524 1985 3576; x_wconf 91' lang='grc' dir='ltr'><strong>τὸ</strong></span> <span class='ocrx_word' id='word_1_295' title='bbox 2021 3525 2112 3578; x_wconf 90' lang='grc' dir='ltr'><strong>τὸν</strong></span> 
     </span>
    </p>
   </div>
   <div class='ocr_carea' id='block_1_37' title="bbox 443 3611 2112 3686">
    <p class='ocr_par' dir='ltr' id='par_1_37' title="bbox 443 3611 2112 3686">
     <span class='ocr_line' id='line_1_37' title="bbox 443 3611 2112 3686; baseline -0.001 -20"><span class='ocrx_word' id='word_1_296' title='bbox 443 3613 720 3683; x_wconf 81' lang='grc' dir='ltr'><strong>σφαγέντα</strong></span> <span class='ocrx_word' id='word_1_297' title='bbox 766 3613 1000 3686; x_wconf 87' lang='grc' dir='ltr'><strong>Χριστὸν</strong></span> <span class='ocrx_word' id='word_1_298' title='bbox 1050 3611 1320 3684; x_wconf 86' lang='grc' dir='ltr'><strong>τοσαύτην</strong></span> <span class='ocrx_word' id='word_1_299' title='bbox 1364 3612 1502 3683; x_wconf 88' lang='grc' dir='ltr'><strong>μετά</strong></span> <span class='ocrx_word' id='word_1_300' title='bbox 1565 3612 1793 3666; x_wconf 90' lang='grc' dir='ltr'><strong>θάνατον</strong></span> <span class='ocrx_word' id='word_1_301' title='bbox 1838 3611 2112 3675; x_wconf 76' lang='grc' dir='ltr'><strong>ἐπιδείξα-</strong></span> 
     </span>
    </p>
   </div>
   <div class='ocr_carea' id='block_1_38' title="bbox 445 3697 2114 3771">
    <p class='ocr_par' dir='ltr' id='par_1_38' title="bbox 445 3697 2114 3771">
     <span class='ocr_line' id='line_1_38' title="bbox 445 3697 2114 3771; baseline -0.002 -17"><span class='ocrx_word' id='word_1_302' title='bbox 445 3700 569 3755; x_wconf 90' lang='grc' dir='ltr'><strong>σθαι</strong></span> <span class='ocrx_word' id='word_1_303' title='bbox 606 3701 858 3771; x_wconf 88' lang='grc' dir='ltr'><strong>δύναμιν,</strong></span> <span class='ocrx_word' id='word_1_304' title='bbox 892 3700 968 3763; x_wconf 86' lang='grc' dir='ltr'><strong>ὼς</strong></span> <span class='ocrx_word' id='word_1_305' title='bbox 1005 3699 1132 3762; x_wconf 80' lang='grc' dir='ltr'><strong>τοὺς</strong></span> <span class='ocrx_word' id='word_1_306' title='bbox 1162 3697 1371 3763; x_wconf 89' lang='grc' dir='ltr'><strong>ζῶντας</strong></span> <span class='ocrx_word' id='word_1_307' title='bbox 1417 3697 1734 3770; x_wconf 79' lang='grc' dir='ltr'><strong>ἀνθρώπους</strong></span> <span class='ocrx_word' id='word_1_308' title='bbox 1784 3701 1968 3751; x_wconf 88' lang='grc' dir='ltr'><strong>πεῖσαι</strong></span> <span class='ocrx_word' id='word_1_309' title='bbox 2020 3699 2114 3752; x_wconf 73' lang='grc' dir='ltr'><strong>καὶ</strong></span> 
     </span>
    </p>
   </div>
   <div class='ocr_carea' id='block_1_39' title="bbox 445 3785 2115 3858">
    <p class='ocr_par' dir='ltr' id='par_1_39' title="bbox 445 3785 2115 3858">
     <span class='ocr_line' id='line_1_39' title="bbox 445 3785 2115 3858; baseline -0.001 -18"><span class='ocrx_word' id='word_1_310' title='bbox 445 3788 720 3858; x_wconf 84' lang='grc' dir='ltr'><strong>πατρίδος,</strong></span> <span class='ocrx_word' id='word_1_311' title='bbox 779 3787 875 3840; x_wconf 74' lang='grc' dir='ltr'><strong>καὶ</strong></span> <span class='ocrx_word' id='word_1_312' title='bbox 917 3786 1116 3849; x_wconf 90' lang='grc' dir='ltr'><strong>οἰκίας,</strong></span> <span class='ocrx_word' id='word_1_313' title='bbox 1168 3786 1260 3839; x_wconf 77' lang='grc' dir='ltr'><strong>καὶ</strong></span> <span class='ocrx_word' id='word_1_314' title='bbox 1297 3785 1486 3854; x_wconf 87' lang='grc' dir='ltr'><strong>φίλων,</strong></span> <span class='ocrx_word' id='word_1_315' title='bbox 1518 3787 1609 3839; x_wconf 82' lang='grc' dir='ltr'><strong>καὶ</strong></span> <span class='ocrx_word' id='word_1_316' title='bbox 1661 3786 1968 3855; x_wconf 86' lang='grc' dir='ltr'><strong>συγγενῶν,</strong></span> <span class='ocrx_word' id='word_1_317' title='bbox 2020 3786 2115 3839; x_wconf 73' lang='grc' dir='ltr'><strong>καὶ</strong></span> 
     </span>
    </p>
   </div>
   <div class='ocr_carea' id='block_1_40' title="bbox 446 3872 2111 3946">
    <p class='ocr_par' dir='ltr' id='par_1_40' title="bbox 446 3872 2111 3946">
     <span class='ocr_line' id='line_1_40' title="bbox 446 3872 2111 3946; baseline -0.001 -17"><span class='ocrx_word' id='word_1_318' title='bbox 446 3877 613 3946; x_wconf 78' lang='grc' dir='ltr'><strong>αὐτῆς</strong></span> <span class='ocrx_word' id='word_1_319' title='bbox 638 3875 912 3946; x_wconf 82' lang='grc' dir='ltr'><strong>ὑπεριδεῖν</strong></span> <span class='ocrx_word' id='word_1_320' title='bbox 935 3875 1034 3944; x_wconf 80' lang='grc' dir='ltr'><strong>τῆς</strong></span> <span class='ocrx_word' id='word_1_321' title='bbox 1054 3873 1199 3944; x_wconf 79' lang='grc' dir='ltr'><strong>ζωῆς</strong></span> <span class='ocrx_word' id='word_1_322' title='bbox 1227 3873 1368 3944; x_wconf 81' lang='grc' dir='ltr'><strong>ὑπὲρ</strong></span> <span class='ocrx_word' id='word_1_323' title='bbox 1391 3873 1486 3944; x_wconf 84' lang='grc' dir='ltr'><strong>τῆς</strong></span> <span class='ocrx_word' id='word_1_324' title='bbox 1509 3875 1588 3936; x_wconf 85' lang='grc' dir='ltr'><strong>είς</strong></span> <span class='ocrx_word' id='word_1_325' title='bbox 1617 3873 1779 3926; x_wconf 85' lang='grc' dir='ltr'><strong>αὐτὸν</strong></span> <span class='ocrx_word' id='word_1_326' title='bbox 1801 3872 2111 3942; x_wconf 82' lang='grc' dir='ltr'><strong>ὁμολογίας,</strong></span> 
     </span>
    </p>
   </div>
   <div class='ocr_carea' id='block_1_41' title="bbox 447 3960 2114 4034">
    <p class='ocr_par' dir='ltr' id='par_1_41' title="bbox 447 3960 2114 4034">
     <span class='ocr_line' id='line_1_41' title="bbox 447 3960 2114 4034; baseline -0.001 -17"><span class='ocrx_word' id='word_1_327' title='bbox 447 3965 541 4018; x_wconf 76' lang='grc' dir='ltr'><strong>καὶ</strong></span> <span class='ocrx_word' id='word_1_328' title='bbox 573 3964 876 4034; x_wconf 86' lang='grc' dir='ltr'><strong>μάστιγας,</strong></span> <span class='ocrx_word' id='word_1_329' title='bbox 926 3963 1020 4015; x_wconf 69' lang='grc' dir='ltr'><strong>καὶ</strong></span> <span class='ocrx_word' id='word_1_330' title='bbox 1053 3961 1368 4027; x_wconf 80' lang='grc' dir='ltr'><strong>κινδύνους,</strong></span> <span class='ocrx_word' id='word_1_331' title='bbox 1425 3962 1518 4016; x_wconf 76' lang='grc' dir='ltr'><strong>καὶ</strong></span> <span class='ocrx_word' id='word_1_332' title='bbox 1557 3960 1788 4015; x_wconf 81' lang='grc' dir='ltr'><strong>θάνατον</strong></span> <span class='ocrx_word' id='word_1_333' title='bbox 1830 3961 1950 4014; x_wconf 69' lang='grc' dir='ltr'><strong>ἀντὶ</strong></span> <span class='ocrx_word' id='word_1_334' title='bbox 2003 3962 2114 4016; x_wconf 89' lang='grc' dir='ltr'><strong>τῶν</strong></span> 
     </span>
    </p>
   </div>
   <div class='ocr_carea' id='block_1_42' title="bbox 447 4047 2112 4122">
    <p class='ocr_par' dir='ltr' id='par_1_42' title="bbox 447 4047 2112 4122">
     <span class='ocr_line' id='line_1_42' title="bbox 447 4047 2112 4122; baseline -0.001 -18"><span class='ocrx_word' id='word_1_335' title='bbox 447 4051 732 4122; x_wconf 83' lang='grc' dir='ltr'><strong>παρόντων</strong></span> <span class='ocrx_word' id='word_1_336' title='bbox 761 4049 934 4122; x_wconf 81' lang='grc' dir='ltr'><strong>ἡδέων</strong></span> <span class='ocrx_word' id='word_1_337' title='bbox 970 4049 1207 4104; x_wconf 79' lang='grc' dir='ltr'><strong>ἑλέσθαι.</strong></span> <span class='ocrx_word' id='word_1_338' title='bbox 1232 4049 1422 4104; x_wconf 84' lang='grc' dir='ltr'><strong>Ταῦτα</strong></span> <span class='ocrx_word' id='word_1_339' title='bbox 1448 4050 1557 4121; x_wconf 82' lang='grc' dir='ltr'><strong>γὰρ</strong></span> <span class='ocrx_word' id='word_1_340' title='bbox 1583 4049 1704 4120; x_wconf 68' lang='grc' dir='ltr'><strong>οὐχ).</strong></span> <span class='ocrx_word' id='word_1_341' title='bbox 1728 4047 1924 4121; x_wconf 89' lang='grc' dir='ltr'><strong>νεκροῦ</strong></span> <span class='ocrx_word' id='word_1_342' title='bbox 1949 4067 2112 4114; x_wconf 74' lang='grc' dir='ltr'><strong>τινος,</strong></span> 
     </span>
    </p>
   </div>
   <div class='ocr_carea' id='block_1_43' title="bbox 444 4136 2115 4208">
    <p class='ocr_par' dir='ltr' id='par_1_43' title="bbox 444 4136 2115 4208">
     <span class='ocr_line' id='line_1_43' title="bbox 444 4136 2115 4208; baseline -0.003 -15"><span class='ocrx_word' id='word_1_343' title='bbox 444 4139 568 4193; x_wconf 84' lang='grc' dir='ltr'><strong>οὐδέ</strong></span> <span class='ocrx_word' id='word_1_344' title='bbox 591 4139 685 4192; x_wconf 80' lang='grc' dir='ltr'><strong>ἐπὶ</strong></span> <span class='ocrx_word' id='word_1_345' title='bbox 722 4139 800 4208; x_wconf 86' lang='grc' dir='ltr'><strong>τῷ</strong></span> <span class='ocrx_word' id='word_1_346' title='bbox 830 4137 985 4208; x_wconf 85' lang='grc' dir='ltr'><strong>τάφῳ</strong></span> <span class='ocrx_word' id='word_1_347' title='bbox 1025 4138 1326 4208; x_wconf 84' lang='grc' dir='ltr'><strong>μείναντος,</strong></span> <span class='ocrx_word' id='word_1_348' title='bbox 1355 4137 1470 4190; x_wconf 84' lang='grc' dir='ltr'><strong>ἀλλ’</strong></span> <span class='ocrx_word' id='word_1_349' title='bbox 1497 4137 1829 4201; x_wconf 82' lang='grc' dir='ltr'><strong>ἀναστάντος</strong></span> <span class='ocrx_word' id='word_1_350' title='bbox 1857 4137 1952 4190; x_wconf 69' lang='grc' dir='ltr'><strong>καὶ</strong></span> <span class='ocrx_word' id='word_1_351' title='bbox 1977 4136 2115 4201; x_wconf 80' lang='grc' dir='ltr'><strong>ζῶν-</strong></span> 
     </span>
    </p>
   </div>
   <div class='ocr_carea' id='block_1_44' title="bbox 445 4225 2119 4300">
    <p class='ocr_par' dir='ltr' id='par_1_44' title="bbox 445 4225 2119 4300">
     <span class='ocr_line' id='line_1_44' title="bbox 445 4225 2119 4300; baseline -0.002 -18"><span class='ocrx_word' id='word_1_352' title='bbox 445 4245 536 4292; x_wconf 87' lang='grc' dir='ltr'><strong>τος</strong></span> <span class='ocrx_word' id='word_1_353' title='bbox 567 4225 634 4300; x_wconf 76' lang='grc' dir='ltr'><strong>ἦν</strong></span> <span class='ocrx_word' id='word_1_354' title='bbox 656 4227 723 4281; x_wconf 85' lang='grc' dir='ltr'><strong>τά</strong></span> <span class='ocrx_word' id='word_1_355' title='bbox 760 4225 1182 4298; x_wconf 83' lang='grc' dir='ltr'><strong>κατορθώματα.</strong></span> <span class='ocrx_word' id='word_1_356' title='bbox 1216 4226 1370 4279; x_wconf 84' lang='grc' dir='ltr'><strong>Ἐπεὶ</strong></span> <span class='ocrx_word' id='word_1_357' title='bbox 1401 4227 1515 4289; x_wconf 88' lang='grc' dir='ltr'><strong>πῶς</strong></span> <span class='ocrx_word' id='word_1_358' title='bbox 1535 4225 1736 4297; x_wconf 79' lang='grc' dir='ltr'><strong>ἀνέχοι</strong></span> <span class='ocrx_word' id='word_1_359' title='bbox 1759 4225 1938 4294; x_wconf 88' lang='grc' dir='ltr'><strong>λόγον,</strong></span> <span class='ocrx_word' id='word_1_360' title='bbox 1955 4225 2119 4296; x_wconf 86' lang='grc' dir='ltr'><strong>ἡνίκα</strong></span> 
     </span>
    </p>
   </div>
   <div class='ocr_carea' id='block_1_45' title="bbox 454 4312 2118 4388">
    <p class='ocr_par' dir='ltr' id='par_1_45' title="bbox 454 4312 2118 4388">
     <span class='ocr_line' id='line_1_45' title="bbox 454 4312 2118 4388; baseline -0.004 -17"><span class='ocrx_word' id='word_1_361' title='bbox 454 4318 547 4388; x_wconf 67' lang='grc' dir='ltr'><strong>μὲν</strong></span> <span class='ocrx_word' id='word_1_362' title='bbox 573 4315 692 4387; x_wconf 80' lang='grc' dir='ltr'><strong>ἔζη,</strong></span> <span class='ocrx_word' id='word_1_363' title='bbox 720 4315 848 4379; x_wconf 79' lang='grc' dir='ltr'><strong>τοῦς</strong></span> <span class='ocrx_word' id='word_1_364' title='bbox 884 4314 1140 4377; x_wconf 88' lang='grc' dir='ltr'><strong>συνόντας</strong></span> <span class='ocrx_word' id='word_1_365' title='bbox 1187 4312 1338 4385; x_wconf 83' lang='grc' dir='ltr'><strong>αὐτῷ</strong></span> <span class='ocrx_word' id='word_1_366' title='bbox 1389 4314 1598 4377; x_wconf 80' lang='grc' dir='ltr'><strong>πάντας</strong></span> <span class='ocrx_word' id='word_1_367' title='bbox 1637 4313 1972 4376; x_wconf 87' lang='grc' dir='ltr'><strong>ἀποστόλους</strong></span> <span class='ocrx_word' id='word_1_368' title='bbox 2009 4312 2118 4365; x_wconf 83' lang='grc' dir='ltr'><strong>ἀπὸ</strong></span> 
     </span>
    </p>
   </div>
   <div class='ocr_carea' id='block_1_46' title="bbox 447 4399 2119 4476">
    <p class='ocr_par' dir='ltr' id='par_1_46' title="bbox 447 4399 2119 4476">
     <span class='ocr_line' id='line_1_46' title="bbox 447 4399 2119 4476; baseline -0.004 -18"><span class='ocrx_word' id='word_1_369' title='bbox 447 4406 540 4458; x_wconf 90' lang='grc' dir='ltr'><strong>τοῦ</strong></span> <span class='ocrx_word' id='word_1_370' title='bbox 576 4405 743 4476; x_wconf 84' lang='grc' dir='ltr'><strong>φόϐου</strong></span> <span class='ocrx_word' id='word_1_371' title='bbox 777 4403 1104 4474; x_wconf 87' lang='grc' dir='ltr'><strong>γενομένους</strong></span> <span class='ocrx_word' id='word_1_372' title='bbox 1133 4401 1560 4473; x_wconf 81' lang='grc' dir='ltr'><strong>ἀσθενεστέρους</strong></span> <span class='ocrx_word' id='word_1_373' title='bbox 1600 4401 1896 4472; x_wconf 86' lang='grc' dir='ltr'><strong>προδοῦναι</strong></span> <span class='ocrx_word' id='word_1_374' title='bbox 1927 4400 2016 4453; x_wconf 92' lang='grc' dir='ltr'><strong>τὸν</strong></span> <span class='ocrx_word' id='word_1_375' title='bbox 2043 4399 2119 4453; x_wconf 81' lang='grc' dir='ltr'><strong>δι-</strong></span> 
     </span>
    </p>
   </div>
   <div class='ocr_carea' id='block_1_47' title="bbox 449 4487 2121 4562">
    <p class='ocr_par' dir='ltr' id='par_1_47' title="bbox 449 4487 2121 4562">
     <span class='ocr_line' id='line_1_47' title="bbox 449 4487 2121 4562; baseline -0.004 -15"><span class='ocrx_word' id='word_1_376' title='bbox 449 4493 739 4558; x_wconf 77' lang='grc' dir='ltr'><strong>δάσκαλον,</strong></span> <span class='ocrx_word' id='word_1_377' title='bbox 768 4493 864 4548; x_wconf 77' lang='grc' dir='ltr'>καὶ</span> <span class='ocrx_word' id='word_1_378' title='bbox 893 4492 1196 4562; x_wconf 88' lang='grc' dir='ltr'><strong>φεύγοντας</strong></span> <span class='ocrx_word' id='word_1_379' title='bbox 1219 4489 1498 4557; x_wconf 85' lang='grc' dir='ltr'><strong>ἀπελθεῖν,</strong></span> <span class='ocrx_word' id='word_1_380' title='bbox 1529 4490 1719 4561; x_wconf 77' lang='grc' dir='ltr'><strong>ἐπειδὴ</strong></span> <span class='ocrx_word' id='word_1_381' title='bbox 1749 4489 1804 4542; x_wconf 84' lang='grc' dir='ltr'><strong>δέ</strong></span> <span class='ocrx_word' id='word_1_382' title='bbox 1837 4487 2121 4559; x_wconf 88' lang='grc' dir='ltr'><strong>ἐτελεύτη-</strong></span> 
     </span>
    </p>
   </div>
   <div class='ocr_carea' id='block_1_48' title="bbox 453 4577 2120 4654">
    <p class='ocr_par' dir='ltr' id='par_1_48' title="bbox 453 4577 2120 4654">
     <span class='ocr_line' id='line_1_48' title="bbox 453 4577 2120 4654; baseline -0.002 -21"><span class='ocrx_word' id='word_1_383' title='bbox 453 4599 562 4648; x_wconf 88' lang='grc' dir='ltr'><strong>σεν,</strong></span> <span class='ocrx_word' id='word_1_384' title='bbox 605 4581 680 4654; x_wconf 85' lang='grc' dir='ltr'><strong>μὴ</strong></span> <span class='ocrx_word' id='word_1_385' title='bbox 715 4582 874 4654; x_wconf 90' lang='grc' dir='ltr'><strong>μόνον</strong></span> <span class='ocrx_word' id='word_1_386' title='bbox 899 4581 1105 4652; x_wconf 84' lang='grc' dir='ltr'><strong>Πέτρον</strong></span> <span class='ocrx_word' id='word_1_387' title='bbox 1144 4581 1239 4634; x_wconf 74' lang='grc' dir='ltr'><strong>καὶ</strong></span> <span class='ocrx_word' id='word_1_388' title='bbox 1273 4578 1486 4634; x_wconf 89' lang='grc' dir='ltr'><strong>Παῦλον</strong></span> <span class='ocrx_word' id='word_1_389' title='bbox 1509 4618 1525 4644; x_wconf 94' lang='grc'><strong>,</strong></span> <span class='ocrx_word' id='word_1_390' title='bbox 1555 4579 1691 4632; x_wconf 86' lang='grc' dir='ltr'><strong>ἀλλά</strong></span> <span class='ocrx_word' id='word_1_391' title='bbox 1730 4578 1823 4632; x_wconf 74' lang='grc' dir='ltr'><strong>καὶ</strong></span> <span class='ocrx_word' id='word_1_392' title='bbox 1861 4577 2120 4646; x_wconf 87' lang='grc' dir='ltr'><strong>Ἰγνάτιον</strong></span> 
     </span>
    </p>
   </div>
   <div class='ocr_carea' id='block_1_49' title="bbox 452 4662 2117 4741">
    <p class='ocr_par' dir='ltr' id='par_1_49' title="bbox 452 4662 2117 4741">
     <span class='ocr_line' id='line_1_49' title="bbox 452 4662 2117 4741; baseline -0.003 -20"><span class='ocrx_word' id='word_1_393' title='bbox 452 4670 542 4721; x_wconf 77' lang='grc' dir='ltr'><strong>τὸν</strong></span> <span class='ocrx_word' id='word_1_394' title='bbox 574 4669 695 4723; x_wconf 88' lang='grc' dir='ltr'><strong>οὑδέ</strong></span> <span class='ocrx_word' id='word_1_395' title='bbox 749 4670 1034 4741; x_wconf 83' lang='grc' dir='ltr'><strong>ἑωρακότα</strong></span> <span class='ocrx_word' id='word_1_396' title='bbox 1092 4667 1278 4732; x_wconf 87' lang='grc' dir='ltr'><strong>αὑτὸν,</strong></span> <span class='ocrx_word' id='word_1_397' title='bbox 1329 4667 1453 4720; x_wconf 84' lang='grc' dir='ltr'><strong>οὐδὲ</strong></span> <span class='ocrx_word' id='word_1_398' title='bbox 1491 4665 1904 4720; x_wconf 87' lang='grc' dir='ltr'><strong>ἀπολελαυκότα</strong></span> <span class='ocrx_word' id='word_1_399' title='bbox 1953 4662 2117 4717; x_wconf 87' lang='grc' dir='ltr'><strong>αὑτοῦ</strong></span> 
     </span>
    </p>
   </div>
   <div class='ocr_carea' id='block_1_50' title="bbox 451 4751 2122 4827">
    <p class='ocr_par' dir='ltr' id='par_1_50' title="bbox 451 4751 2122 4827">
     <span class='ocr_line' id='line_1_50' title="bbox 451 4751 2122 4827; baseline -0.002 -19"><span class='ocrx_word' id='word_1_400' title='bbox 451 4757 552 4827; x_wconf 81' lang='grc' dir='ltr'><strong>τῆς</strong></span> <span class='ocrx_word' id='word_1_401' title='bbox 581 4758 866 4821; x_wconf 90' lang='grc' dir='ltr'><strong>συνουσίας</strong></span> <span class='ocrx_word' id='word_1_402' title='bbox 892 4756 1164 4827; x_wconf 87' lang='grc' dir='ltr'><strong>τοσαύτην</strong></span> <span class='ocrx_word' id='word_1_403' title='bbox 1192 4756 1334 4825; x_wconf 82' lang='grc' dir='ltr'><strong>ὑπὲρ</strong></span> <span class='ocrx_word' id='word_1_404' title='bbox 1366 4755 1533 4809; x_wconf 91' lang='grc' dir='ltr'><strong>αὐτοῦ</strong></span> <span class='ocrx_word' id='word_1_405' title='bbox 1577 4753 1886 4826; x_wconf 87' lang='grc' dir='ltr'><strong>προθυμίαν</strong></span> <span class='ocrx_word' id='word_1_406' title='bbox 1921 4751 2122 4806; x_wconf 87' lang='grc' dir='ltr'><strong>ἐπιδεί-</strong></span> 
     </span>
    </p>
   </div>
   <div class='ocr_carea' id='block_1_51' title="bbox 457 4841 2006 4918">
    <p class='ocr_par' dir='ltr' id='par_1_51' title="bbox 457 4841 2006 4918">
     <span class='ocr_line' id='line_1_51' title="bbox 457 4841 2006 4918; baseline -0.003 -20"><span class='ocrx_word' id='word_1_407' title='bbox 457 4843 672 4910; x_wconf 78' lang='grc' dir='ltr'><strong>ξασθαι,</strong></span> <span class='ocrx_word' id='word_1_408' title='bbox 692 4841 764 4907; x_wconf 77' lang='grc' dir='ltr'><strong>ὡς</strong></span> <span class='ocrx_word' id='word_1_409' title='bbox 787 4847 880 4898; x_wconf 78' lang='grc' dir='ltr'><strong>καὶ</strong></span> <span class='ocrx_word' id='word_1_410' title='bbox 903 4845 1070 4918; x_wconf 75' lang='grc' dir='ltr'><strong>αὐτὴν</strong></span> <span class='ocrx_word' id='word_1_411' title='bbox 1096 4845 1162 4897; x_wconf 83' lang='grc' dir='ltr'><strong>δι’</strong></span> <span class='ocrx_word' id='word_1_412' title='bbox 1184 4844 1348 4898; x_wconf 89' lang='grc' dir='ltr'><strong>αὑτὸν</strong></span> <span class='ocrx_word' id='word_1_413' title='bbox 1371 4842 1646 4898; x_wconf 84' lang='grc' dir='ltr'><strong>ἐπιδοῦναι</strong></span> <span class='ocrx_word' id='word_1_414' title='bbox 1672 4843 1770 4914; x_wconf 82' lang='grc' dir='ltr'><strong>τὴν</strong></span> <span class='ocrx_word' id='word_1_415' title='bbox 1796 4842 2006 4913; x_wconf 76' lang='grc' dir='ltr'><strong>ψυχὴν;</strong></span> 
     </span>
    </p>
   </div>
   <div class='ocr_carea' id='block_1_52' title="bbox 527 5011 2125 5088">
    <p class='ocr_par' dir='ltr' id='par_1_52' title="bbox 527 5011 2125 5088">
     <span class='ocr_line' id='line_1_52' title="bbox 527 5011 2125 5088; baseline 0.002 -18"><span class='ocrx_word' id='word_1_416' title='bbox 527 5024 588 5070; x_wconf 87' lang='grc' dir='ltr'><strong>ε’.</strong></span> <span class='ocrx_word' id='word_1_417' title='bbox 615 5011 817 5069; x_wconf 80' lang='grc' dir='ltr'><strong>Ἱνόῦν</strong></span> <span class='ocrx_word' id='word_1_418' title='bbox 842 5015 1009 5070; x_wconf 88' lang='grc' dir='ltr'><strong>ταῦτα</strong></span> <span class='ocrx_word' id='word_1_419' title='bbox 1031 5017 1175 5088; x_wconf 87' lang='grc' dir='ltr'><strong>ἔργῳ</strong></span> <span class='ocrx_word' id='word_1_420' title='bbox 1195 5017 1438 5088; x_wconf 85' lang='grc' dir='ltr'><strong>μάθωσιν</strong></span> <span class='ocrx_word' id='word_1_421' title='bbox 1458 5017 1506 5070; x_wconf 89' lang='grc' dir='ltr'><strong>οἱ</strong></span> <span class='ocrx_word' id='word_1_422' title='bbox 1535 5015 1634 5088; x_wconf 82' lang='grc' dir='ltr'><strong>τὴν</strong></span> <span class='ocrx_word' id='word_1_423' title='bbox 1664 5015 1883 5087; x_wconf 69' lang='grc' dir='ltr'><strong>Ῥώμη.⁴</strong></span> <span class='ocrx_word' id='word_1_424' title='bbox 1910 5019 2125 5072; x_wconf 86' lang='grc' dir='ltr'><strong>οἰκοῦν-</strong></span> 
     </span>
    </p>
   </div>
   <div class='ocr_carea' id='block_1_53' title="bbox 456 5104 2126 5176">
    <p class='ocr_par' dir='ltr' id='par_1_53' title="bbox 456 5104 2126 5176">
     <span class='ocr_line' id='line_1_53' title="bbox 456 5104 2126 5176; baseline 0.001 -16"><span class='ocrx_word' id='word_1_425' title='bbox 456 5124 550 5170; x_wconf 85' lang='grc' dir='ltr'><strong>τες</strong></span> <span class='ocrx_word' id='word_1_426' title='bbox 576 5106 836 5167; x_wconf 77' lang='grc' dir='ltr'><strong>ἀπαντες,</strong></span> <span class='ocrx_word' id='word_1_427' title='bbox 871 5105 1251 5176; x_wconf 82' lang='grc' dir='ltr'><strong>συνεχώρησεν</strong></span> <span class='ocrx_word' id='word_1_428' title='bbox 1283 5107 1312 5158; x_wconf 89' lang='grc' dir='ltr'><strong>ό</strong></span> <span class='ocrx_word' id='word_1_429' title='bbox 1349 5105 1482 5168; x_wconf 84' lang='grc' dir='ltr'><strong>Θεὸς</strong></span> <span class='ocrx_word' id='word_1_430' title='bbox 1508 5107 1626 5158; x_wconf 87' lang='grc' dir='ltr'><strong>ἐκεῖ</strong></span> <span class='ocrx_word' id='word_1_431' title='bbox 1644 5104 2002 5176; x_wconf 79' lang='grc' dir='ltr'><strong>τελειωθῆναι</strong></span> <span class='ocrx_word' id='word_1_432' title='bbox 2035 5108 2126 5161; x_wconf 89' lang='grc' dir='ltr'><strong>τὸν</strong></span> 
     </span>
    </p>
   </div>
   <div class='ocr_carea' id='block_1_54' title="bbox 459 5192 2126 5265">
    <p class='ocr_par' dir='ltr' id='par_1_54' title="bbox 459 5192 2126 5265">
     <span class='ocr_line' id='line_1_54' title="bbox 459 5192 2126 5265; baseline -0.001 -16"><span class='ocrx_word' id='word_1_433' title='bbox 459 5196 632 5264; x_wconf 77' lang='grc' dir='ltr'><strong>ἅγιον.</strong></span> <span class='ocrx_word' id='word_1_434' title='bbox 665 5195 777 5248; x_wconf 75' lang='grc' dir='ltr'><strong>Καὶ</strong></span> <span class='ocrx_word' id='word_1_435' title='bbox 801 5194 882 5247; x_wconf 83' lang='grc' dir='ltr'><strong>ὅτι</strong></span> <span class='ocrx_word' id='word_1_436' title='bbox 912 5193 1051 5261; x_wconf 83' lang='grc' dir='ltr'><strong>αῦτη</strong></span> <span class='ocrx_word' id='word_1_437' title='bbox 1086 5194 1234 5246; x_wconf 73' lang='grc' dir='ltr'><strong>ἐστὶν</strong></span> <span class='ocrx_word' id='word_1_438' title='bbox 1260 5194 1292 5262; x_wconf 91' lang='grc' dir='ltr'><strong>ἡ</strong></span> <span class='ocrx_word' id='word_1_439' title='bbox 1324 5193 1493 5258; x_wconf 86' lang='grc' dir='ltr'><strong>αἰτία,</strong></span> <span class='ocrx_word' id='word_1_440' title='bbox 1523 5192 1582 5257; x_wconf 79' lang='grc' dir='ltr'><strong>ἐξ</strong></span> <span class='ocrx_word' id='word_1_441' title='bbox 1605 5192 1776 5246; x_wconf 85' lang='grc' dir='ltr'><strong>ἀὐτοῦ</strong></span> <span class='ocrx_word' id='word_1_442' title='bbox 1798 5192 1892 5246; x_wconf 93' lang='grc' dir='ltr'><strong>τοῦ</strong></span> <span class='ocrx_word' id='word_1_443' title='bbox 1923 5194 2126 5265; x_wconf 87' lang='grc' dir='ltr'><strong>τρόπου</strong></span> 
     </span>
    </p>
   </div>
   <div class='ocr_carea' id='block_1_55' title="bbox 459 5279 2129 5354">
    <p class='ocr_par' dir='ltr' id='par_1_55' title="bbox 459 5279 2129 5354">
     <span class='ocr_line' id='line_1_55' title="bbox 459 5279 2129 5354; baseline -0.003 -16"><span class='ocrx_word' id='word_1_444' title='bbox 459 5285 558 5354; x_wconf 76' lang='grc' dir='ltr'><strong>τῆς</strong></span> <span class='ocrx_word' id='word_1_445' title='bbox 587 5282 844 5353; x_wconf 64' lang='grc' dir='ltr'><strong>τελευτῆς</strong></span> <span class='ocrx_word' id='word_1_446' title='bbox 876 5281 1034 5334; x_wconf 85' lang='grc' dir='ltr'><strong>τοῦτο</strong></span> <span class='ocrx_word' id='word_1_447' title='bbox 1059 5280 1404 5349; x_wconf 79' lang='grc' dir='ltr'><strong>πιστώσομαι</strong></span> <span class='ocrx_word' id='word_1_448' title='bbox 1439 5280 1488 5334; x_wconf 72' lang='grc' dir='ltr'><strong>ι’.</strong></span> <span class='ocrx_word' id='word_1_449' title='bbox 1523 5280 1596 5333; x_wconf 87' lang='grc' dir='ltr'><strong>Οὐ</strong></span> <span class='ocrx_word' id='word_1_450' title='bbox 1639 5281 1746 5352; x_wconf 88' lang='lat'><strong>7&amp;9</strong></span> <span class='ocrx_word' id='word_1_451' title='bbox 1793 5279 1899 5346; x_wconf 76' lang='grc' dir='ltr'><strong>ἔξω</strong></span> <span class='ocrx_word' id='word_1_452' title='bbox 1935 5284 2129 5353; x_wconf 81' lang='grc' dir='ltr'><strong>τειχῶν</strong></span> 
     </span>
    </p>
   </div>
   <div class='ocr_carea' id='block_1_56' title="bbox 522 5547 966 5597">
    <p class='ocr_par' dir='ltr' id='par_1_56' title="bbox 522 5547 966 5597">
     <span class='ocr_line' id='line_1_56' title="bbox 522 5547 966 5597; baseline 0.002 -1"><span class='ocrx_word' id='word_1_453' title='bbox 522 5547 548 5577; x_wconf 77' lang='grc'><strong><em>⁸</em></strong></span> <span class='ocrx_word' id='word_1_454' title='bbox 570 5548 719 5597; x_wconf 83' lang='lat' dir='ltr'><strong>Savil.</strong></span> <span class='ocrx_word' id='word_1_455' title='bbox 741 5547 883 5596; x_wconf 75' lang='grc' dir='ltr'><strong>τοῦτο</strong></span> <span class='ocrx_word' id='word_1_456' title='bbox 903 5549 966 5597; x_wconf 81' lang='grc' dir='ltr'><strong>δέ.</strong></span> 
     </span>
    </p>
   </div>
   <div class='ocr_carea' id='block_1_57' title="bbox 523 5606 2132 5669">
    <p class='ocr_par' dir='ltr' id='par_1_57' title="bbox 523 5606 2132 5669">
     <span class='ocr_line' id='line_1_57' title="bbox 523 5606 2132 5669; baseline -0.001 -12"><span class='ocrx_word' id='word_1_457' title='bbox 523 5607 552 5648; x_wconf 67' lang='grc'><strong>1³</strong></span> <span class='ocrx_word' id='word_1_458' title='bbox 581 5609 716 5657; x_wconf 87' lang='lat' dir='ltr'><strong>Unus</strong></span> <span class='ocrx_word' id='word_1_459' title='bbox 740 5608 861 5669; x_wconf 78' lang='lat' dir='ltr'><strong>Reg.</strong></span> <span class='ocrx_word' id='word_1_460' title='bbox 901 5608 1043 5656; x_wconf 86' lang='grc' dir='ltr'><strong>τοῦτο</strong></span> <span class='ocrx_word' id='word_1_461' title='bbox 1083 5609 1225 5664; x_wconf 81' lang='grc' dir='ltr'><strong>δεῖξαι</strong></span> <span class='ocrx_word' id='word_1_462' title='bbox 1246 5606 1551 5669; x_wconf 83' lang='grc' dir='ltr'><strong>πειράσομαι,</strong></span> <span class='ocrx_word' id='word_1_463' title='bbox 1583 5613 1635 5656; x_wconf 77' lang='lat' dir='ltr'><strong>et</strong></span> <span class='ocrx_word' id='word_1_464' title='bbox 1659 5609 1730 5657; x_wconf 86' lang='lat' dir='ltr'><strong>sic</strong></span> <span class='ocrx_word' id='word_1_465' title='bbox 1747 5608 1898 5656; x_wconf 72' lang='lat' dir='ltr'><strong>SaVil.</strong></span> <span class='ocrx_word' id='word_1_466' title='bbox 1926 5611 1977 5657; x_wconf 79' lang='lat' dir='ltr'><strong>in</strong></span> <span class='ocrx_word' id='word_1_467' title='bbox 2000 5622 2132 5658; x_wconf 84' lang='lat' dir='ltr'><strong>mar-</strong></span> 
     </span>
    </p>
   </div>
   <div class='ocr_carea' id='block_1_58' title="bbox 456 5666 2135 5732">
    <p class='ocr_par' dir='ltr' id='par_1_58' title="bbox 456 5666 2135 5732">
     <span class='ocr_line' id='line_1_58' title="bbox 456 5666 2135 5732; baseline 0.001 -16"><span class='ocrx_word' id='word_1_468' title='bbox 456 5666 595 5729; x_wconf 62' lang='lat' dir='ltr'><strong>gine,</strong></span> <span class='ocrx_word' id='word_1_469' title='bbox 621 5674 773 5732; x_wconf 59' lang='lat' dir='ltr'><strong>ggquq</strong></span> <span class='ocrx_word' id='word_1_470' title='bbox 792 5666 858 5716; x_wconf 61' lang='lat' dir='ltr'><strong>ita</strong></span> <span class='ocrx_word' id='word_1_471' title='bbox 879 5670 1061 5730; x_wconf 78' lang='lat' dir='ltr'><strong>legisse</strong></span> <span class='ocrx_word' id='word_1_472' title='bbox 1089 5671 1282 5719; x_wconf 75' lang='lat' dir='ltr'><strong>videtur</strong></span> <span class='ocrx_word' id='word_1_473' title='bbox 1302 5666 1458 5718; x_wconf 65' lang='lat' dir='ltr'><strong>Zinus&#39;</strong></span> <span class='ocrx_word' id='word_1_474' title='bbox 1475 5671 1792 5732; x_wconf 78' lang='lat' dir='ltr'><strong>el_inlerpres</strong></span> <span class='ocrx_word' id='word_1_475' title='bbox 1814 5670 2023 5732; x_wconf 65' lang='lat' dir='ltr'><strong>vulgate</strong></span> <span class='ocrx_word' id='word_1_476' title='bbox 2047 5672 2135 5718; x_wconf 86' lang='lat' dir='ltr'><strong>La-</strong></span> 
     </span>
    </p>
   </div>
   <div class='ocr_carea' id='block_1_59' title="bbox 459 5728 2133 5792">
    <p class='ocr_par' dir='ltr' id='par_1_59' title="bbox 459 5728 2133 5792">
     <span class='ocr_line' id='line_1_59' title="bbox 459 5728 2133 5792; baseline 0.002 -15"><span class='ocrx_word' id='word_1_477' title='bbox 459 5728 594 5780; x_wconf 71' lang='lat' dir='ltr'><strong>tinae.</strong></span> <span class='ocrx_word' id='word_1_478' title='bbox 624 5728 796 5792; x_wconf 69' lang='lat' dir='ltr'><strong>Morel.</strong></span> <span class='ocrx_word' id='word_1_479' title='bbox 822 5728 1014 5792; x_wconf 46' lang='lat' dir='ltr'><strong>vero—et</strong></span> <span class='ocrx_word' id='word_1_480' title='bbox 1040 5733 1188 5782; x_wconf 76' lang='lat' dir='ltr'><strong>Savil.</strong></span> <span class='ocrx_word' id='word_1_481' title='bbox 1216 5733 1267 5778; x_wconf 86' lang='lat' dir='ltr'><strong>in</strong></span> <span class='ocrx_word' id='word_1_482' title='bbox 1308 5737 1444 5779; x_wconf 73' lang='lat' dir='ltr'><strong>textu</strong></span> <span class='ocrx_word' id='word_1_483' title='bbox 1463 5728 1612 5792; x_wconf 62' lang='grc' dir='ltr'><strong>Δτοῦτο</strong></span> <span class='ocrx_word' id='word_1_484' title='bbox 1652 5728 1976 5792; x_wconf 69' lang='grc' dir='ltr'><strong>πιστώσομῖαι.</strong></span> <span class='ocrx_word' id='word_1_485' title='bbox 2023 5732 2133 5780; x_wconf 78' lang='lat' dir='ltr'><strong>Mox</strong></span> 
     </span>
    </p>
   </div>
   <div class='ocr_carea' id='block_1_60' title="bbox 456 5789 2136 5855">
    <p class='ocr_par' dir='ltr' id='par_1_60' title="bbox 456 5789 2136 5855">
     <span class='ocr_line' id='line_1_60' title="bbox 456 5789 2136 5855; baseline 0.004 -19"><span class='ocrx_word' id='word_1_486' title='bbox 456 5805 545 5855; x_wconf 72' lang='lat' dir='ltr'><strong>pro</strong></span> <span class='ocrx_word' id='word_1_487' title='bbox 568 5793 616 5839; x_wconf 77' lang='grc' dir='ltr'><strong>ἐν</strong></span> <span class='ocrx_word' id='word_1_488' title='bbox 634 5789 935 5855; x_wconf 40' lang='grc' dir='ltr'><strong>,δικαστηρίῳ</strong></span> <span class='ocrx_word' id='word_1_489' title='bbox 953 5791 1219 5855; x_wconf 72' lang='lat' dir='ltr'><strong>jnterpres,</strong></span> <span class='ocrx_word' id='word_1_490' title='bbox 1243 5793 1327 5854; x_wconf 77' lang='lat' dir='ltr'><strong>qui</strong></span> <span class='ocrx_word' id='word_1_491' title='bbox 1351 5789 1516 5853; x_wconf 76' lang='lat' dir='ltr'><strong>vertit,</strong></span> <span class='ocrx_word' id='word_1_492' title='bbox 1543 5789 1592 5840; x_wconf 78' lang='lat' dir='ltr'><strong>in</strong></span> <span class='ocrx_word' id='word_1_493' title='bbox 1614 5803 1831 5854; x_wconf 76' lang='lat' dir='ltr'><strong>carcere,</strong></span> <span class='ocrx_word' id='word_1_494' title='bbox 1851 5789 2035 5855; x_wconf 71' lang='lat' dir='ltr'><strong>legisse</strong></span> <span class='ocrx_word' id='word_1_495' title='bbox 2066 5794 2136 5842; x_wconf 76' lang='lat' dir='ltr'><strong>vi-</strong></span> 
     </span>
    </p>
   </div>
   <div class='ocr_carea' id='block_1_61' title="bbox 453 5849 1021 5913">
    <p class='ocr_par' dir='ltr' id='par_1_61' title="bbox 453 5849 1021 5913">
     <span class='ocr_line' id='line_1_61' title="bbox 453 5849 1021 5913; baseline -0.007 -12"><span class='ocrx_word' id='word_1_496' title='bbox 453 5849 602 5901; x_wconf 59' lang='lat' dir='ltr'><strong>ﬂetur</strong></span> <span class='ocrx_word' id='word_1_497' title='bbox 626 5851 677 5898; x_wconf 75' lang='grc' dir='ltr'><strong>ἐν</strong></span> <span class='ocrx_word' id='word_1_498' title='bbox 697 5849 1021 5913; x_wconf 68' lang='grc' dir='ltr'><strong>δεσμωτηρίῳ.</strong></span> 
     </span>
    </p>
   </div>
   <div class='ocr_carea' id='block_1_62' title="bbox 3760 422 3888 479">
    <p class='ocr_par' dir='ltr' id='par_1_62' title="bbox 3760 422 3888 479">
     <span class='ocr_line' id='line_1_62' title="bbox 3760 422 3888 479; baseline 0.031 -4"><span class='ocrx_word' id='word_1_499' title='bbox 3760 422 3888 479; x_wconf 65' lang='lat'><strong>59$</strong></span> 
     </span>
    </p>
   </div>
   <div class='ocr_carea' id='block_1_63' title="bbox 2208 531 3897 616">
    <p class='ocr_par' dir='ltr' id='par_1_63' title="bbox 2208 531 3897 616">
     <span class='ocr_line' id='line_1_63' title="bbox 2208 531 3897 616; baseline 0.009 -33"><span class='ocrx_word' id='word_1_500' title='bbox 2208 533 2264 584; x_wconf 89' lang='grc' dir='ltr'><strong>ἐν</strong></span> <span class='ocrx_word' id='word_1_501' title='bbox 2295 531 2576 606; x_wconf 81' lang='grc' dir='ltr'><strong>βαράθρῳ,</strong></span> <span class='ocrx_word' id='word_1_502' title='bbox 2616 536 2738 589; x_wconf 88' lang='grc' dir='ltr'><strong>οὐδέ</strong></span> <span class='ocrx_word' id='word_1_503' title='bbox 2763 539 2820 590; x_wconf 88' lang='grc' dir='ltr'><strong>ἐν</strong></span> <span class='ocrx_word' id='word_1_504' title='bbox 2841 538 3200 611; x_wconf 83' lang='grc' dir='ltr'><strong>δικαστηρίῳ,</strong></span> <span class='ocrx_word' id='word_1_505' title='bbox 3226 541 3346 596; x_wconf 91' lang='grc' dir='ltr'><strong>οὐδέ</strong></span> <span class='ocrx_word' id='word_1_506' title='bbox 3371 541 3431 596; x_wconf 87' lang='grc' dir='ltr'><strong>ἐν</strong></span> <span class='ocrx_word' id='word_1_507' title='bbox 3453 542 3630 616; x_wconf 76' lang='grc' dir='ltr'><strong>γωνία</strong></span> <span class='ocrx_word' id='word_1_508' title='bbox 3650 561 3757 597; x_wconf 84' lang='grc' dir='ltr'><strong>τινι</strong></span> <span class='ocrx_word' id='word_1_509' title='bbox 3778 542 3897 615; x_wconf 72' lang='grc' dir='ltr'><strong>τὴν</strong></span> 
     </span>
    </p>
   </div>
   <div class='ocr_carea' id='block_1_64' title="bbox 2207 622 3898 702">
    <p class='ocr_par' dir='ltr' id='par_1_64' title="bbox 2207 622 3898 702">
     <span class='ocr_line' id='line_1_64' title="bbox 2207 622 3898 702; baseline 0.009 -28"><span class='ocrx_word' id='word_1_510' title='bbox 2207 622 2670 686; x_wconf 73' lang='grc' dir='ltr'><strong>καταδικάζουσαν</strong></span> <span class='ocrx_word' id='word_1_511' title='bbox 2691 625 2909 692; x_wconf 76' lang='grc' dir='ltr'><strong>ἐδέξατο</strong></span> <span class='ocrx_word' id='word_1_512' title='bbox 2930 628 3125 696; x_wconf 68' lang='grc' dir='ltr'><strong>ψῆφον,</strong></span> <span class='ocrx_word' id='word_1_513' title='bbox 3146 629 3260 681; x_wconf 82' lang='grc' dir='ltr'><strong>ἀλλ’</strong></span> <span class='ocrx_word' id='word_1_514' title='bbox 3284 632 3341 683; x_wconf 86' lang='grc' dir='ltr'><strong>ἐν</strong></span> <span class='ocrx_word' id='word_1_515' title='bbox 3366 631 3519 702; x_wconf 86' lang='grc' dir='ltr'><strong>μέσῳ</strong></span> <span class='ocrx_word' id='word_1_516' title='bbox 3541 631 3621 702; x_wconf 83' lang='grc' dir='ltr'><strong>τῷ</strong></span> <span class='ocrx_word' id='word_1_517' title='bbox 3640 631 3898 701; x_wconf 78' lang='grc' dir='ltr'><strong>θεάτρῳ.</strong></span> 
     </span>
    </p>
   </div>
   <div class='ocr_carea' id='block_1_65' title="bbox 2202 711 3897 790">
    <p class='ocr_par' dir='ltr' id='par_1_65' title="bbox 2202 711 3897 790">
     <span class='ocr_line' id='line_1_65' title="bbox 2202 711 3897 790; baseline 0.006 -28"><span class='ocrx_word' id='word_1_518' title='bbox 2202 713 2301 780; x_wconf 85' lang='grc' dir='ltr'><strong>τῆς</strong></span> <span class='ocrx_word' id='word_1_519' title='bbox 2335 711 2543 776; x_wconf 92' lang='grc' dir='ltr'><strong>πόλεως</strong></span> <span class='ocrx_word' id='word_1_520' title='bbox 2568 712 2679 766; x_wconf 83' lang='grc' dir='ltr'><strong>ἀνω</strong></span> <span class='ocrx_word' id='word_1_521' title='bbox 2708 714 3082 787; x_wconf 77' lang='grc' dir='ltr'><strong>καθεζομένης</strong></span> <span class='ocrx_word' id='word_1_522' title='bbox 3121 717 3361 788; x_wconf 79' lang='grc' dir='ltr'><strong>ἀπάσης.</strong></span> <span class='ocrx_word' id='word_1_523' title='bbox 3406 719 3500 771; x_wconf 91' lang='grc' dir='ltr'><strong>τὸν</strong></span> <span class='ocrx_word' id='word_1_524' title='bbox 3533 718 3631 771; x_wconf 87' lang='grc' dir='ltr'><strong>τοῦ</strong></span> <span class='ocrx_word' id='word_1_525' title='bbox 3664 737 3897 790; x_wconf 76' lang='grc' dir='ltr'><strong>μαρτυ-</strong></span> 
     </span>
    </p>
   </div>
   <div class='ocr_carea' id='block_1_66' title="bbox 2206 799 3896 875">
    <p class='ocr_par' dir='ltr' id='par_1_66' title="bbox 2206 799 3896 875">
     <span class='ocr_line' id='line_1_66' title="bbox 2206 799 3896 875; baseline 0.007 -25"><span class='ocrx_word' id='word_1_526' title='bbox 2206 800 2321 867; x_wconf 87' lang='grc' dir='ltr'><strong>ρίου</strong></span> <span class='ocrx_word' id='word_1_527' title='bbox 2350 799 2553 870; x_wconf 88' lang='grc' dir='ltr'><strong>τρόπον</strong></span> <span class='ocrx_word' id='word_1_528' title='bbox 2584 801 2865 871; x_wconf 88' lang='grc' dir='ltr'><strong>ὑπέμεινε,</strong></span> <span class='ocrx_word' id='word_1_529' title='bbox 2897 803 3102 874; x_wconf 80' lang='grc' dir='ltr'><strong>θηρίων</strong></span> <span class='ocrx_word' id='word_1_530' title='bbox 3125 805 3212 858; x_wconf 80' lang='grc' dir='ltr'><strong>ἐπ’</strong></span> <span class='ocrx_word' id='word_1_531' title='bbox 3244 806 3408 860; x_wconf 83' lang='grc' dir='ltr'><strong>αὑτὸν</strong></span> <span class='ocrx_word' id='word_1_532' title='bbox 3438 806 3777 875; x_wconf 75' lang='grc' dir='ltr'><strong>ἀφεθέντων,</strong></span> <span class='ocrx_word' id='word_1_533' title='bbox 3817 808 3896 861; x_wconf 77' lang='grc' dir='ltr'><strong>ἵν’</strong></span> 
     </span>
    </p>
   </div>
   <div class='ocr_carea' id='block_1_67' title="bbox 2205 885 3894 965">
    <p class='ocr_par' dir='ltr' id='par_1_67' title="bbox 2205 885 3894 965">
     <span class='ocr_line' id='line_1_67' title="bbox 2205 885 3894 965; baseline 0.005 -28"><span class='ocrx_word' id='word_1_534' title='bbox 2205 885 2310 937; x_wconf 87' lang='grc' dir='ltr'><strong>ὑπὸ</strong></span> <span class='ocrx_word' id='word_1_535' title='bbox 2340 889 2462 949; x_wconf 84' lang='grc' dir='ltr'><strong>ταῖς</strong></span> <span class='ocrx_word' id='word_1_536' title='bbox 2486 887 2742 940; x_wconf 85' lang='grc' dir='ltr'><strong>ἁπάντων</strong></span> <span class='ocrx_word' id='word_1_537' title='bbox 2785 888 2943 958; x_wconf 70' lang='grc' dir='ltr'><strong>ὕψεσι</strong></span> <span class='ocrx_word' id='word_1_538' title='bbox 2961 891 3022 943; x_wconf 92' lang='grc' dir='ltr'><strong>τὸ</strong></span> <span class='ocrx_word' id='word_1_539' title='bbox 3056 891 3322 961; x_wconf 90' lang='grc' dir='ltr'><strong>τρόπαιον</strong></span> <span class='ocrx_word' id='word_1_540' title='bbox 3363 895 3570 965; x_wconf 77' lang='grc' dir='ltr'><strong>στήσας</strong></span> <span class='ocrx_word' id='word_1_541' title='bbox 3607 895 3752 948; x_wconf 87' lang='grc' dir='ltr'><strong>κατά</strong></span> <span class='ocrx_word' id='word_1_542' title='bbox 3783 894 3894 947; x_wconf 80' lang='grc' dir='ltr'><strong>τοῦ</strong></span> 
     </span>
    </p>
   </div>
   <div class='ocr_carea' id='block_1_68' title="bbox 2203 974 3896 1056">
    <p class='ocr_par' dir='ltr' id='par_1_68' title="bbox 2203 974 3896 1056">
     <span class='ocr_line' id='line_1_68' title="bbox 2203 974 3896 1056; baseline 0.004 -29"><span class='ocrx_word' id='word_1_543' title='bbox 2203 974 2474 1041; x_wconf 91' lang='grc' dir='ltr'><strong>διαϐόλου,</strong></span> <span class='ocrx_word' id='word_1_544' title='bbox 2521 979 2650 1041; x_wconf 82' lang='grc' dir='ltr'><strong>τοὺς</strong></span> <span class='ocrx_word' id='word_1_545' title='bbox 2693 977 2896 1042; x_wconf 83' lang='grc' dir='ltr'><strong>θεατάς</strong></span> <span class='ocrx_word' id='word_1_546' title='bbox 2926 981 3173 1044; x_wconf 73' lang='grc' dir='ltr'><strong>ἃπαντας</strong></span> <span class='ocrx_word' id='word_1_547' title='bbox 3223 979 3476 1051; x_wconf 80' lang='grc' dir='ltr'><strong>ζηλωτὰς</strong></span> <span class='ocrx_word' id='word_1_548' title='bbox 3509 984 3724 1056; x_wconf 76' lang='grc' dir='ltr'><strong>ποιήσῃ</strong></span> <span class='ocrx_word' id='word_1_549' title='bbox 3770 984 3896 1035; x_wconf 82' lang='grc' dir='ltr'><strong>τῶν</strong></span> 
     </span>
    </p>
   </div>
   <div class='ocr_carea' id='block_1_69' title="bbox 2203 1062 3896 1140">
    <p class='ocr_par' dir='ltr' id='par_1_69' title="bbox 2203 1062 3896 1140">
     <span class='ocr_line' id='line_1_69' title="bbox 2203 1062 3896 1140; baseline 0.005 -26"><span class='ocrx_word' id='word_1_550' title='bbox 2203 1062 2605 1134; x_wconf 88' lang='grc' dir='ltr'><strong>ἀγωνισμάτων</strong></span> <span class='ocrx_word' id='word_1_551' title='bbox 2626 1064 2735 1118; x_wconf 89' lang='grc' dir='ltr'><strong>τῶν</strong></span> <span class='ocrx_word' id='word_1_552' title='bbox 2762 1066 2982 1130; x_wconf 87' lang='grc' dir='ltr'><strong>ἐαυτοῦ,</strong></span> <span class='ocrx_word' id='word_1_553' title='bbox 3014 1067 3115 1120; x_wconf 89' lang='grc' dir='ltr'><strong>οὑκ</strong></span> <span class='ocrx_word' id='word_1_554' title='bbox 3149 1068 3512 1140; x_wconf 82' lang='grc' dir='ltr'><strong>ἀποθνήσκων</strong></span> <span class='ocrx_word' id='word_1_555' title='bbox 3543 1070 3709 1140; x_wconf 89' lang='grc' dir='ltr'><strong>μόνον</strong></span> <span class='ocrx_word' id='word_1_556' title='bbox 3738 1071 3896 1123; x_wconf 74' lang='grc' dir='ltr'><strong>οὕτω</strong></span> 
     </span>
    </p>
   </div>
   <div class='ocr_carea' id='block_1_70' title="bbox 2203 1152 3896 1230">
    <p class='ocr_par' dir='ltr' id='par_1_70' title="bbox 2203 1152 3896 1230">
     <span class='ocr_line' id='line_1_70' title="bbox 2203 1152 3896 1230; baseline 0.005 -28"><span class='ocrx_word' id='word_1_557' title='bbox 2203 1153 2487 1218; x_wconf 89' lang='grc' dir='ltr'><strong>γενναίως,</strong></span> <span class='ocrx_word' id='word_1_558' title='bbox 2512 1152 2649 1206; x_wconf 91' lang='grc' dir='ltr'><strong>ἀλλά</strong></span> <span class='ocrx_word' id='word_1_559' title='bbox 2675 1153 2769 1208; x_wconf 78' lang='grc' dir='ltr'><strong>καί</strong></span> <span class='ocrx_word' id='word_1_560' title='bbox 2799 1153 2916 1224; x_wconf 81' lang='grc' dir='ltr'><strong>μεθ’</strong></span> <span class='ocrx_word' id='word_1_561' title='bbox 2945 1155 3138 1226; x_wconf 78' lang='grc' dir='ltr'><strong>ἡδονῆς</strong></span> <span class='ocrx_word' id='word_1_562' title='bbox 3159 1155 3539 1227; x_wconf 85' lang='grc' dir='ltr'><strong>ἀποθνήσκων.</strong></span> <span class='ocrx_word' id='word_1_563' title='bbox 3567 1159 3644 1212; x_wconf 87' lang='grc' dir='ltr'><strong>Οὐ</strong></span> <span class='ocrx_word' id='word_1_564' title='bbox 3671 1160 3785 1230; x_wconf 87' lang='lat'><strong>7&amp;9</strong></span> <span class='ocrx_word' id='word_1_565' title='bbox 3811 1159 3896 1222; x_wconf 87' lang='grc' dir='ltr'><strong>ὼς</strong></span> 
     </span>
    </p>
   </div>
   <div class='ocr_carea' id='block_1_71' title="bbox 2204 1239 3897 1316">
    <p class='ocr_par' dir='ltr' id='par_1_71' title="bbox 2204 1239 3897 1316">
     <span class='ocr_line' id='line_1_71' title="bbox 2204 1239 3897 1316; baseline 0.004 -23"><span class='ocrx_word' id='word_1_566' title='bbox 2204 1239 2350 1310; x_wconf 83' lang='grc' dir='ltr'><strong>ζωῆς</strong></span> <span class='ocrx_word' id='word_1_567' title='bbox 2377 1241 2825 1312; x_wconf 76' lang='grc' dir='ltr'><strong>ἀπορρήγνυσθαι</strong></span> <span class='ocrx_word' id='word_1_568' title='bbox 2853 1241 3084 1312; x_wconf 88' lang='grc' dir='ltr'><strong>μέλλων,</strong></span> <span class='ocrx_word' id='word_1_569' title='bbox 3126 1243 3240 1297; x_wconf 83' lang='grc' dir='ltr'><strong>ἀλλ’</strong></span> <span class='ocrx_word' id='word_1_570' title='bbox 3275 1244 3350 1306; x_wconf 85' lang='grc' dir='ltr'><strong>ῶς</strong></span> <span class='ocrx_word' id='word_1_571' title='bbox 3379 1245 3471 1298; x_wconf 75' lang='grc' dir='ltr'><strong>ἐπὶ</strong></span> <span class='ocrx_word' id='word_1_572' title='bbox 3495 1245 3641 1316; x_wconf 83' lang='grc' dir='ltr'><strong>ζωὴν</strong></span> <span class='ocrx_word' id='word_1_573' title='bbox 3681 1247 3897 1300; x_wconf 69' lang='grc' dir='ltr'><strong>καλοῦ-</strong></span> 
     </span>
    </p>
   </div>
   <div class='ocr_carea' id='block_1_72' title="bbox 2207 1327 3893 1404">
    <p class='ocr_par' dir='ltr' id='par_1_72' title="bbox 2207 1327 3893 1404">
     <span class='ocr_line' id='line_1_72' title="bbox 2207 1327 3893 1404; baseline 0.004 -24"><span class='ocrx_word' id='word_1_574' title='bbox 2207 1346 2366 1398; x_wconf 89' lang='grc' dir='ltr'><strong>μενος</strong></span> <span class='ocrx_word' id='word_1_575' title='bbox 2401 1327 2592 1398; x_wconf 83' lang='grc' dir='ltr'><strong>βελτίω</strong></span> <span class='ocrx_word' id='word_1_576' title='bbox 2645 1330 2738 1381; x_wconf 75' lang='grc' dir='ltr'><strong>καὶ</strong></span> <span class='ocrx_word' id='word_1_577' title='bbox 2789 1331 3335 1402; x_wconf 86' lang='grc' dir='ltr'><strong>πνευματικωτέραν,</strong></span> <span class='ocrx_word' id='word_1_578' title='bbox 3390 1332 3565 1394; x_wconf 79' lang='grc' dir='ltr'><strong>οὕτως</strong></span> <span class='ocrx_word' id='word_1_579' title='bbox 3619 1335 3893 1404; x_wconf 88' lang='grc' dir='ltr'><strong>ἀσμένως</strong></span> 
     </span>
    </p>
   </div>
   <div class='ocr_carea' id='block_1_73' title="bbox 2207 1416 3893 1492">
    <p class='ocr_par' dir='ltr' id='par_1_73' title="bbox 2207 1416 3893 1492">
     <span class='ocr_line' id='line_1_73' title="bbox 2207 1416 3893 1492; baseline 0.004 -25"><span class='ocrx_word' id='word_1_580' title='bbox 2207 1416 2352 1488; x_wconf 84' lang='grc' dir='ltr'><strong>ἐώρα</strong></span> <span class='ocrx_word' id='word_1_581' title='bbox 2373 1417 2441 1470; x_wconf 86' lang='grc' dir='ltr'><strong>τά</strong></span> <span class='ocrx_word' id='word_1_582' title='bbox 2463 1416 2646 1488; x_wconf 89' lang='grc' dir='ltr'><strong>θηρία.</strong></span> <span class='ocrx_word' id='word_1_583' title='bbox 2680 1416 2851 1470; x_wconf 88' lang='grc' dir='ltr'><strong>Πόθεν</strong></span> <span class='ocrx_word' id='word_1_584' title='bbox 2879 1417 3036 1470; x_wconf 89' lang='grc' dir='ltr'><strong>τοῦτο</strong></span> <span class='ocrx_word' id='word_1_585' title='bbox 3063 1418 3260 1488; x_wconf 73' lang='grc' dir='ltr'><strong>δῆλονς</strong></span> <span class='ocrx_word' id='word_1_586' title='bbox 3309 1419 3442 1472; x_wconf 83' lang='grc' dir='ltr'><strong>Ἀπὸ</strong></span> <span class='ocrx_word' id='word_1_587' title='bbox 3466 1420 3575 1473; x_wconf 91' lang='grc' dir='ltr'><strong>τῶν</strong></span> <span class='ocrx_word' id='word_1_588' title='bbox 3611 1423 3893 1492; x_wconf 76' lang='grc' dir='ltr'><strong>ῥημάτων</strong></span> 
     </span>
    </p>
   </div>
   <div class='ocr_carea' id='block_1_74' title="bbox 2203 1496 3892 1579">
    <p class='ocr_par' dir='ltr' id='par_1_74' title="bbox 2203 1496 3892 1579">
     <span class='ocr_line' id='line_1_74' title="bbox 2203 1496 3892 1579; baseline 0.005 -24"><span class='ocrx_word' id='word_1_589' title='bbox 2203 1496 2278 1555; x_wconf 84' lang='grc' dir='ltr'><strong>ὧν</strong></span> <span class='ocrx_word' id='word_1_590' title='bbox 2316 1503 2681 1574; x_wconf 85' lang='grc' dir='ltr'><strong>ἀποθνήσκειν</strong></span> <span class='ocrx_word' id='word_1_591' title='bbox 2721 1503 2930 1574; x_wconf 89' lang='grc' dir='ltr'><strong>μέλλων</strong></span> <span class='ocrx_word' id='word_1_592' title='bbox 2971 1504 3294 1574; x_wconf 84' lang='grc' dir='ltr'><strong>ἐφθέγξατο,</strong></span> <span class='ocrx_word' id='word_1_593' title='bbox 3351 1507 3620 1571; x_wconf 82' lang='grc' dir='ltr'><strong>Ἀκούσας</strong></span> <span class='ocrx_word' id='word_1_594' title='bbox 3654 1509 3771 1579; x_wconf 86' lang='lat'><strong>7&amp;9</strong></span> <span class='ocrx_word' id='word_1_595' title='bbox 3801 1511 3892 1564; x_wconf 82' lang='grc' dir='ltr'><strong>ὃτι</strong></span> 
     </span>
    </p>
   </div>
   <div class='ocr_carea' id='block_1_75' title="bbox 2205 1583 3894 1664">
    <p class='ocr_par' dir='ltr' id='par_1_75' title="bbox 2205 1583 3894 1664">
     <span class='ocr_line' id='line_1_75' title="bbox 2205 1583 3894 1664; baseline 0.004 -22"><span class='ocrx_word' id='word_1_596' title='bbox 2205 1583 2358 1654; x_wconf 71' lang='grc' dir='ltr'><strong>οὗτος</strong></span> <span class='ocrx_word' id='word_1_597' title='bbox 2388 1591 2550 1643; x_wconf 89' lang='grc' dir='ltr'><strong>αὑτὸν</strong></span> <span class='ocrx_word' id='word_1_598' title='bbox 2592 1591 2691 1660; x_wconf 82' lang='grc' dir='ltr'><strong>τῆς</strong></span> <span class='ocrx_word' id='word_1_599' title='bbox 2730 1591 3003 1662; x_wconf 86' lang='grc' dir='ltr'><strong>τιμωρίας</strong></span> <span class='ocrx_word' id='word_1_600' title='bbox 3034 1593 3064 1644; x_wconf 85' lang='grc' dir='ltr'><strong>ό</strong></span> <span class='ocrx_word' id='word_1_601' title='bbox 3095 1593 3299 1662; x_wconf 88' lang='grc' dir='ltr'><strong>τρόπος</strong></span> <span class='ocrx_word' id='word_1_602' title='bbox 3357 1594 3530 1664; x_wconf 89' lang='grc' dir='ltr'><strong>μένει,</strong></span> <span class='ocrx_word' id='word_1_603' title='bbox 3577 1595 3734 1664; x_wconf 62' lang='grc' dir='ltr'><strong>Ἐγὼ</strong></span> <span class='ocrx_word' id='word_1_604' title='bbox 3766 1597 3894 1649; x_wconf 73' lang='grc' dir='ltr'><strong>τῶν</strong></span> 
     </span>
    </p>
   </div>
   <div class='ocr_carea' id='block_1_76' title="bbox 2206 1678 3889 1755">
    <p class='ocr_par' dir='ltr' id='par_1_76' title="bbox 2206 1678 3889 1755">
     <span class='ocr_line' id='line_1_76' title="bbox 2206 1678 3889 1755; baseline 0.004 -26"><span class='ocrx_word' id='word_1_605' title='bbox 2206 1679 2424 1745; x_wconf 82' lang='grc' dir='ltr'><strong>θηρίων</strong></span> <span class='ocrx_word' id='word_1_606' title='bbox 2468 1678 2720 1730; x_wconf 71' lang='grc' dir='ltr'><strong>ἐκείνων</strong></span> <span class='ocrx_word' id='word_1_607' title='bbox 2776 1678 3060 1746; x_wconf 81' lang='grc' dir='ltr'><strong>ὀναίμην,</strong></span> <span class='ocrx_word' id='word_1_608' title='bbox 3114 1679 3322 1748; x_wconf 87' lang='grc' dir='ltr'><strong>ἔλεγεν.</strong></span> <span class='ocrx_word' id='word_1_609' title='bbox 3369 1681 3616 1736; x_wconf 88' lang='grc' dir='ltr'><strong>Τοιοῦτοι</strong></span> <span class='ocrx_word' id='word_1_610' title='bbox 3670 1683 3789 1755; x_wconf 85' lang='lat'><strong>7&amp;9</strong></span> <span class='ocrx_word' id='word_1_611' title='bbox 3837 1685 3889 1735; x_wconf 81' lang='grc' dir='ltr'><strong>οι</strong></span> 
     </span>
    </p>
   </div>
   <div class='ocr_carea' id='block_1_77' title="bbox 2206 1763 3893 1838">
    <p class='ocr_par' dir='ltr' id='par_1_77' title="bbox 2206 1763 3893 1838">
     <span class='ocr_line' id='line_1_77' title="bbox 2206 1763 3893 1838; baseline 0.004 -22"><span class='ocrx_word' id='word_1_612' title='bbox 2206 1765 2458 1834; x_wconf 85' lang='grc' dir='ltr'><strong>ἐρῶντες·</strong></span> <span class='ocrx_word' id='word_1_613' title='bbox 2484 1765 2620 1835; x_wconf 85' lang='grc' dir='ltr'><strong>ὅπερ</strong></span> <span class='ocrx_word' id='word_1_614' title='bbox 2644 1763 2713 1817; x_wconf 80' lang='grc' dir='ltr'><strong>ἀν</strong></span> <span class='ocrx_word' id='word_1_615' title='bbox 2748 1764 3030 1836; x_wconf 85' lang='grc' dir='ltr'><strong>πάσχωσιν</strong></span> <span class='ocrx_word' id='word_1_616' title='bbox 3079 1765 3221 1837; x_wconf 82' lang='grc' dir='ltr'><strong>ὑπὲρ</strong></span> <span class='ocrx_word' id='word_1_617' title='bbox 3255 1766 3362 1819; x_wconf 82' lang='grc' dir='ltr'><strong>τῶν</strong></span> <span class='ocrx_word' id='word_1_618' title='bbox 3392 1768 3715 1838; x_wconf 87' lang='grc' dir='ltr'><strong>ἐρωμένων,</strong></span> <span class='ocrx_word' id='word_1_619' title='bbox 3762 1771 3893 1838; x_wconf 80' lang='grc' dir='ltr'><strong>μεθ’</strong></span> 
     </span>
    </p>
   </div>
   <div class='ocr_carea' id='block_1_78' title="bbox 2208 1851 3894 1926">
    <p class='ocr_par' dir='ltr' id='par_1_78' title="bbox 2208 1851 3894 1926">
     <span class='ocr_line' id='line_1_78' title="bbox 2208 1851 3894 1926; baseline 0.003 -22"><span class='ocrx_word' id='word_1_620' title='bbox 2208 1852 2401 1922; x_wconf 84' lang='grc' dir='ltr'><strong>ἡδονῆς</strong></span> <span class='ocrx_word' id='word_1_621' title='bbox 2444 1851 2723 1922; x_wconf 86' lang='grc' dir='ltr'><strong>δέχονται,</strong></span> <span class='ocrx_word' id='word_1_622' title='bbox 2770 1852 2866 1905; x_wconf 80' lang='grc' dir='ltr'><strong>καὶ</strong></span> <span class='ocrx_word' id='word_1_623' title='bbox 2917 1851 3041 1905; x_wconf 88' lang='grc' dir='ltr'><strong>τότε</strong></span> <span class='ocrx_word' id='word_1_624' title='bbox 3086 1852 3336 1906; x_wconf 90' lang='grc' dir='ltr'><strong>δοκοῦσιν</strong></span> <span class='ocrx_word' id='word_1_625' title='bbox 3371 1855 3739 1926; x_wconf 85' lang='grc' dir='ltr'><strong>ἐμφορεῖσθαι</strong></span> <span class='ocrx_word' id='word_1_626' title='bbox 3783 1858 3894 1926; x_wconf 77' lang='grc' dir='ltr'><strong>τῆς</strong></span> 
     </span>
    </p>
   </div>
   <div class='ocr_carea' id='block_1_79' title="bbox 2210 1937 3892 2015">
    <p class='ocr_par' dir='ltr' id='par_1_79' title="bbox 2210 1937 3892 2015">
     <span class='ocr_line' id='line_1_79' title="bbox 2210 1937 3892 2015; baseline 0.004 -24"><span class='ocrx_word' id='word_1_627' title='bbox 2210 1940 2526 2010; x_wconf 88' lang='grc' dir='ltr'><strong>ἐπιθυμίας,</strong></span> <span class='ocrx_word' id='word_1_628' title='bbox 2551 1940 2680 1993; x_wconf 83' lang='grc' dir='ltr'><strong>ὃταν</strong></span> <span class='ocrx_word' id='word_1_629' title='bbox 2704 1939 2882 2011; x_wconf 88' lang='grc' dir='ltr'><strong>πολλῷ</strong></span> <span class='ocrx_word' id='word_1_630' title='bbox 2911 1939 3265 2013; x_wconf 88' lang='grc' dir='ltr'><strong>χαλεπώτερα</strong></span> <span class='ocrx_word' id='word_1_631' title='bbox 3350 1942 3419 1996; x_wconf 90' lang='grc' dir='ltr'><strong>τά</strong></span> <span class='ocrx_word' id='word_1_632' title='bbox 3440 1942 3723 2014; x_wconf 88' lang='grc' dir='ltr'><strong>γινόμενα·</strong></span> <span class='ocrx_word' id='word_1_633' title='bbox 3744 1946 3892 2014; x_wconf 76' lang='grc' dir='ltr'><strong>ὅπερ</strong></span> 
     </span>
    </p>
   </div>
   <div class='ocr_carea' id='block_1_80' title="bbox 2209 2023 3888 2102">
    <p class='ocr_par' dir='ltr' id='par_1_80' title="bbox 2209 2023 3888 2102">
     <span class='ocr_line' id='line_1_80' title="bbox 2209 2023 3888 2102; baseline 0.003 -22"><span class='ocrx_word' id='word_1_634' title='bbox 2209 2023 2301 2081; x_wconf 83' lang='grc' dir='ltr'><strong>οῦν</strong></span> <span class='ocrx_word' id='word_1_635' title='bbox 2319 2028 2410 2081; x_wconf 78' lang='grc' dir='ltr'><strong>καὶ</strong></span> <span class='ocrx_word' id='word_1_636' title='bbox 2435 2027 2527 2080; x_wconf 75' lang='grc' dir='ltr'><strong>ἐπὶ</strong></span> <span class='ocrx_word' id='word_1_637' title='bbox 2545 2027 2736 2080; x_wconf 92' lang='grc' dir='ltr'><strong>τούτου</strong></span> <span class='ocrx_word' id='word_1_638' title='bbox 2763 2028 3094 2082; x_wconf 89' lang='grc' dir='ltr'><strong>συνέϐαινεν.</strong></span> <span class='ocrx_word' id='word_1_639' title='bbox 3116 2030 3191 2082; x_wconf 83' lang='grc' dir='ltr'><strong>Οὐ</strong></span> <span class='ocrx_word' id='word_1_640' title='bbox 3212 2029 3320 2102; x_wconf 85' lang='lat'><strong>7&amp;9</strong></span> <span class='ocrx_word' id='word_1_641' title='bbox 3342 2029 3419 2100; x_wconf 85' lang='grc' dir='ltr'><strong>τῷ</strong></span> <span class='ocrx_word' id='word_1_642' title='bbox 3443 2031 3658 2102; x_wconf 83' lang='grc' dir='ltr'><strong>θανάτῳ</strong></span> <span class='ocrx_word' id='word_1_643' title='bbox 3689 2031 3888 2102; x_wconf 87' lang='grc' dir='ltr'><strong>μόνον,</strong></span> 
     </span>
    </p>
   </div>
   <div class='ocr_carea' id='block_1_81' title="bbox 2207 2115 3891 2191">
    <p class='ocr_par' dir='ltr' id='par_1_81' title="bbox 2207 2115 3891 2191">
     <span class='ocr_line' id='line_1_81' title="bbox 2207 2115 3891 2191; baseline 0.001 -21"><span class='ocrx_word' id='word_1_644' title='bbox 2207 2116 2343 2170; x_wconf 87' lang='grc' dir='ltr'><strong>ἀλλά</strong></span> <span class='ocrx_word' id='word_1_645' title='bbox 2376 2117 2470 2170; x_wconf 80' lang='grc' dir='ltr'><strong>καὶ</strong></span> <span class='ocrx_word' id='word_1_646' title='bbox 2502 2119 2567 2188; x_wconf 78' lang='grc' dir='ltr'><strong>τῇ</strong></span> <span class='ocrx_word' id='word_1_647' title='bbox 2595 2115 2878 2188; x_wconf 76' lang='grc' dir='ltr'><strong>προθυμίᾳ</strong></span> <span class='ocrx_word' id='word_1_648' title='bbox 2905 2116 3146 2187; x_wconf 90' lang='grc' dir='ltr'><strong>ζηλῶσαι</strong></span> <span class='ocrx_word' id='word_1_649' title='bbox 3192 2119 3318 2182; x_wconf 80' lang='grc' dir='ltr'><strong>τοὺς</strong></span> <span class='ocrx_word' id='word_1_650' title='bbox 3542 2120 3891 2183; x_wconf 83' lang='grc' dir='ltr'><strong>ἀποστόλους</strong></span> 
     </span>
    </p>
   </div>
   <div class='ocr_carea' id='block_1_82' title="bbox 2208 2204 3895 2278">
    <p class='ocr_par' dir='ltr' id='par_1_82' title="bbox 2208 2204 3895 2278">
     <span class='ocr_line' id='line_1_82' title="bbox 2208 2204 3895 2278; baseline 0.001 -20"><span class='ocrx_word' id='word_1_651' title='bbox 2208 2204 2456 2258; x_wconf 87' lang='grc' dir='ltr'><strong>ἔσπευδε·</strong></span> <span class='ocrx_word' id='word_1_652' title='bbox 2475 2205 2570 2259; x_wconf 75' lang='grc' dir='ltr'><strong>καὶ</strong></span> <span class='ocrx_word' id='word_1_653' title='bbox 2590 2204 2805 2259; x_wconf 88' lang='grc' dir='ltr'><strong>ἀκούων</strong></span> <span class='ocrx_word' id='word_1_654' title='bbox 2825 2205 2907 2258; x_wconf 83' lang='grc' dir='ltr'><strong>δτι</strong></span> <span class='ocrx_word' id='word_1_655' title='bbox 2930 2205 3317 2276; x_wconf 79' lang='grc' dir='ltr'><strong>μαστιχθέντες</strong></span> <span class='ocrx_word' id='word_1_656' title='bbox 3329 2207 3526 2259; x_wconf 80' lang='grc' dir='ltr'><strong>ἐκεῖνοι</strong></span> <span class='ocrx_word' id='word_1_657' title='bbox 3545 2209 3682 2276; x_wconf 89' lang='grc' dir='ltr'><strong>μετά</strong></span> <span class='ocrx_word' id='word_1_658' title='bbox 3704 2212 3895 2278; x_wconf 75' lang='grc' dir='ltr'><strong>χαρᾶς</strong></span> 
     </span>
    </p>
   </div>
   <div class='ocr_carea' id='block_1_83' title="bbox 2209 2293 3891 2367">
    <p class='ocr_par' dir='ltr' id='par_1_83' title="bbox 2209 2293 3891 2367">
     <span class='ocr_line' id='line_1_83' title="bbox 2209 2293 3891 2367; baseline 0 -21"><span class='ocrx_word' id='word_1_659' title='bbox 2209 2293 2540 2365; x_wconf 89' lang='grc' dir='ltr'><strong>ἀνεχώρουν,</strong></span> <span class='ocrx_word' id='word_1_660' title='bbox 2577 2293 2842 2365; x_wconf 85' lang='grc' dir='ltr'><strong>ἐϐουλήθη</strong></span> <span class='ocrx_word' id='word_1_661' title='bbox 2867 2293 2960 2347; x_wconf 76' lang='grc' dir='ltr'><strong>καὶ</strong></span> <span class='ocrx_word' id='word_1_662' title='bbox 2997 2293 3160 2358; x_wconf 89' lang='grc' dir='ltr'><strong>αὐτὸς</strong></span> <span class='ocrx_word' id='word_1_663' title='bbox 3201 2293 3276 2365; x_wconf 79' lang='grc' dir='ltr'><strong>μὴ</strong></span> <span class='ocrx_word' id='word_1_664' title='bbox 3317 2296 3385 2365; x_wconf 78' lang='grc' dir='ltr'><strong>τῇ</strong></span> <span class='ocrx_word' id='word_1_665' title='bbox 3417 2294 3640 2367; x_wconf 84' lang='grc' dir='ltr'><strong>τελευτῇ</strong></span> <span class='ocrx_word' id='word_1_666' title='bbox 3676 2298 3891 2367; x_wconf 83' lang='grc' dir='ltr'><strong>μόνον,</strong></span> 
     </span>
    </p>
   </div>
   <div class='ocr_carea' id='block_1_84' title="bbox 2210 2379 3895 2452">
    <p class='ocr_par' dir='ltr' id='par_1_84' title="bbox 2210 2379 3895 2452">
     <span class='ocr_line' id='line_1_84' title="bbox 2210 2379 3895 2452; baseline 0.002 -19"><span class='ocrx_word' id='word_1_667' title='bbox 2210 2381 2346 2434; x_wconf 89' lang='grc' dir='ltr'><strong>ἀλλά</strong></span> <span class='ocrx_word' id='word_1_668' title='bbox 2379 2382 2558 2452; x_wconf 72' lang='grc' dir='ltr'><strong>καὶτῇ</strong></span> <span class='ocrx_word' id='word_1_669' title='bbox 2597 2382 2742 2452; x_wconf 76' lang='grc' dir='ltr'><strong>χαρᾷ</strong></span> <span class='ocrx_word' id='word_1_670' title='bbox 2791 2379 3134 2451; x_wconf 88' lang='grc' dir='ltr'><strong>μιμήσασθαι</strong></span> <span class='ocrx_word' id='word_1_671' title='bbox 3185 2381 3314 2445; x_wconf 83' lang='grc' dir='ltr'><strong>τοὺς</strong></span> <span class='ocrx_word' id='word_1_672' title='bbox 3350 2381 3710 2446; x_wconf 79' lang='grc' dir='ltr'><strong>διδασκάλους</strong></span> <span class='ocrx_word' id='word_1_673' title='bbox 3733 2399 3748 2412; x_wconf 97' lang='grc'><strong>·</strong></span> <span class='ocrx_word' id='word_1_674' title='bbox 3803 2384 3895 2436; x_wconf 75' lang='grc' dir='ltr'><strong>διὰ</strong></span> 
     </span>
    </p>
   </div>
   <div class='ocr_carea' id='block_1_85' title="bbox 2211 2466 3898 2540">
    <p class='ocr_par' dir='ltr' id='par_1_85' title="bbox 2211 2466 3898 2540">
     <span class='ocr_line' id='line_1_85' title="bbox 2211 2466 3898 2540; baseline 0.001 -19"><span class='ocrx_word' id='word_1_675' title='bbox 2211 2467 2387 2530; x_wconf 90' lang='grc' dir='ltr'><strong>τοῦτο,</strong></span> <span class='ocrx_word' id='word_1_676' title='bbox 2427 2468 2548 2524; x_wconf 79' lang='grc' dir='ltr'><strong>Τῶν</strong></span> <span class='ocrx_word' id='word_1_677' title='bbox 2573 2468 2815 2535; x_wconf 78' lang='grc' dir='ltr'><strong>θηρίων,</strong></span> <span class='ocrx_word' id='word_1_678' title='bbox 2847 2466 3054 2535; x_wconf 84' lang='grc' dir='ltr'><strong>ἔλεγεν,</strong></span> <span class='ocrx_word' id='word_1_679' title='bbox 3085 2468 3362 2536; x_wconf 73' lang='grc' dir='ltr'><strong>ὀναίμην.</strong></span> <span class='ocrx_word' id='word_1_680' title='bbox 3394 2469 3505 2522; x_wconf 71' lang='grc' dir='ltr'><strong>Καὶ</strong></span> <span class='ocrx_word' id='word_1_681' title='bbox 3529 2468 3715 2540; x_wconf 83' lang='grc' dir='ltr'><strong>πολλῷ</strong></span> <span class='ocrx_word' id='word_1_682' title='bbox 3763 2472 3898 2522; x_wconf 78' lang='grc' dir='ltr'><strong>τού-</strong></span> 
     </span>
    </p>
   </div>
   <div class='ocr_carea' id='block_1_86' title="bbox 2209 2553 3896 2628">
    <p class='ocr_par' dir='ltr' id='par_1_86' title="bbox 2209 2553 3896 2628">
     <span class='ocr_line' id='line_1_86' title="bbox 2209 2553 3896 2628; baseline 0.001 -18"><span class='ocrx_word' id='word_1_683' title='bbox 2209 2573 2318 2610; x_wconf 88' lang='grc' dir='ltr'><strong>των</strong></span> <span class='ocrx_word' id='word_1_684' title='bbox 2359 2554 2690 2627; x_wconf 86' lang='grc' dir='ltr'><strong>ἡμερὼτερα</strong></span> <span class='ocrx_word' id='word_1_685' title='bbox 2746 2554 2817 2608; x_wconf 86' lang='grc' dir='ltr'><strong>τά</strong></span> <span class='ocrx_word' id='word_1_686' title='bbox 2880 2554 3094 2626; x_wconf 89' lang='grc' dir='ltr'><strong>τόματα</strong></span> <span class='ocrx_word' id='word_1_687' title='bbox 3145 2556 3395 2627; x_wconf 85' lang='grc' dir='ltr'><strong>ἐνόμιζεν</strong></span> <span class='ocrx_word' id='word_1_688' title='bbox 3439 2553 3578 2610; x_wconf 75' lang='grc' dir='ltr'><strong>εἶναι</strong></span> <span class='ocrx_word' id='word_1_689' title='bbox 3626 2557 3738 2628; x_wconf 80' lang='grc' dir='ltr'><strong>τῆς</strong></span> <span class='ocrx_word' id='word_1_690' title='bbox 3792 2559 3896 2612; x_wconf 82' lang='grc' dir='ltr'><strong>τοῦ</strong></span> 
     </span>
    </p>
   </div>
   <div class='ocr_carea' id='block_1_87' title="bbox 2191 2641 3896 2717">
    <p class='ocr_par' dir='ltr' id='par_1_87' title="bbox 2191 2641 3896 2717">
     <span class='ocr_line' id='line_1_87' title="bbox 2191 2641 3896 2717; baseline 0.001 -20"><span class='ocrx_word' id='word_1_691' title='bbox 2191 2644 2470 2713; x_wconf 65' lang='grc' dir='ltr'><strong>’τυράννου</strong></span> <span class='ocrx_word' id='word_1_692' title='bbox 2499 2641 2777 2712; x_wconf 89' lang='grc' dir='ltr'><strong>γλώττης,</strong></span> <span class='ocrx_word' id='word_1_693' title='bbox 2819 2641 2914 2696; x_wconf 79' lang='grc' dir='ltr'><strong>καὶ</strong></span> <span class='ocrx_word' id='word_1_694' title='bbox 2946 2641 3090 2712; x_wconf 91' lang='grc' dir='ltr'><strong>μάλα</strong></span> <span class='ocrx_word' id='word_1_695' title='bbox 3119 2642 3365 2707; x_wconf 87' lang='grc' dir='ltr'><strong>εἰκότως·</strong></span> <span class='ocrx_word' id='word_1_696' title='bbox 3417 2644 3602 2714; x_wconf 88' lang='grc' dir='ltr'><strong>ἐκείνη</strong></span> <span class='ocrx_word' id='word_1_697' title='bbox 3639 2645 3747 2714; x_wconf 77' lang='grc' dir='ltr'><strong>μὲν</strong></span> <span class='ocrx_word' id='word_1_698' title='bbox 3781 2647 3896 2717; x_wconf 79' lang='grc' dir='ltr'><strong>γὰρ</strong></span> 
     </span>
    </p>
   </div>
   <div class='ocr_carea' id='block_1_88' title="bbox 2210 2729 3897 2803">
    <p class='ocr_par' dir='ltr' id='par_1_88' title="bbox 2210 2729 3897 2803">
     <span class='ocr_line' id='line_1_88' title="bbox 2210 2729 3897 2803; baseline -0.004 -15"><span class='ocrx_word' id='word_1_699' title='bbox 2210 2732 2346 2803; x_wconf 83' lang='grc' dir='ltr'><strong>πρὸς</strong></span> <span class='ocrx_word' id='word_1_700' title='bbox 2373 2731 2472 2800; x_wconf 83' lang='grc' dir='ltr'><strong>τὴν</strong></span> <span class='ocrx_word' id='word_1_701' title='bbox 2510 2730 2734 2799; x_wconf 88' lang='grc' dir='ltr'><strong>γέενναν</strong></span> <span class='ocrx_word' id='word_1_702' title='bbox 2774 2730 2979 2794; x_wconf 84' lang='grc' dir='ltr'><strong>ἐκάλει,</strong></span> <span class='ocrx_word' id='word_1_703' title='bbox 3007 2729 3076 2784; x_wconf 88' lang='grc' dir='ltr'><strong>τά</strong></span> <span class='ocrx_word' id='word_1_704' title='bbox 3111 2729 3168 2783; x_wconf 85' lang='grc' dir='ltr'><strong>δὲ</strong></span> <span class='ocrx_word' id='word_1_705' title='bbox 3224 2730 3430 2786; x_wconf 89' lang='grc' dir='ltr'><strong>τούτων</strong></span> <span class='ocrx_word' id='word_1_706' title='bbox 3467 2732 3715 2801; x_wconf 88' lang='grc' dir='ltr'><strong>στόματα</strong></span> <span class='ocrx_word' id='word_1_707' title='bbox 3749 2733 3897 2803; x_wconf 80' lang='grc' dir='ltr'><strong>πρὸς</strong></span> 
     </span>
    </p>
   </div>
   <div class='ocr_carea' id='block_1_89' title="bbox 2213 2818 3902 2890">
    <p class='ocr_par' dir='ltr' id='par_1_89' title="bbox 2213 2818 3902 2890">
     <span class='ocr_line' id='line_1_89' title="bbox 2213 2818 3902 2890; baseline 0.002 -18"><span class='ocrx_word' id='word_1_708' title='bbox 2213 2819 2490 2890; x_wconf 86' lang='grc' dir='ltr'><strong>βασιλείαν</strong></span> <span class='ocrx_word' id='word_1_709' title='bbox 2527 2818 2916 2890; x_wconf 87' lang='grc' dir='ltr'><strong>παρέπεμπεν.</strong></span> <span class='ocrx_word' id='word_1_710' title='bbox 2963 2819 3183 2890; x_wconf 79' lang='grc' dir='ltr'><strong>Ἐπειδὴ</strong></span> <span class='ocrx_word' id='word_1_711' title='bbox 3223 2819 3404 2873; x_wconf 87' lang='grc' dir='ltr'><strong>τοίνυν</strong></span> <span class='ocrx_word' id='word_1_712' title='bbox 3441 2819 3746 2873; x_wconf 87' lang='grc' dir='ltr'><strong>κατέλυσεν</strong></span> <span class='ocrx_word' id='word_1_713' title='bbox 3775 2823 3902 2876; x_wconf 61' lang='grc' dir='ltr'><strong>ἐκεῖ</strong></span> 
     </span>
    </p>
   </div>
   <div class='ocr_carea' id='block_1_90' title="bbox 2210 2906 3893 2980">
    <p class='ocr_par' dir='ltr' id='par_1_90' title="bbox 2210 2906 3893 2980">
     <span class='ocr_line' id='line_1_90' title="bbox 2210 2906 3893 2980; baseline 0.001 -20"><span class='ocrx_word' id='word_1_714' title='bbox 2210 2908 2307 2979; x_wconf 80' lang='grc' dir='ltr'><strong>τὴν</strong></span> <span class='ocrx_word' id='word_1_715' title='bbox 2338 2906 2503 2978; x_wconf 84' lang='grc' dir='ltr'><strong>ζωὴν,</strong></span> <span class='ocrx_word' id='word_1_716' title='bbox 2544 2907 2742 2978; x_wconf 79' lang='grc' dir='ltr'><strong>μᾶλλον</strong></span> <span class='ocrx_word' id='word_1_717' title='bbox 2776 2907 2832 2960; x_wconf 89' lang='grc' dir='ltr'><strong>δέ</strong></span> <span class='ocrx_word' id='word_1_718' title='bbox 2877 2907 3067 2976; x_wconf 81' lang='grc' dir='ltr'><strong>ἐπειδὴ</strong></span> <span class='ocrx_word' id='word_1_719' title='bbox 3092 2907 3229 2980; x_wconf 89' lang='grc' dir='ltr'><strong>πρὸς</strong></span> <span class='ocrx_word' id='word_1_720' title='bbox 3261 2909 3355 2962; x_wconf 86' lang='grc' dir='ltr'><strong>τὸν</strong></span> <span class='ocrx_word' id='word_1_721' title='bbox 3393 2908 3624 2980; x_wconf 87' lang='grc' dir='ltr'><strong>οὐρανὸν</strong></span> <span class='ocrx_word' id='word_1_722' title='bbox 3664 2909 3855 2980; x_wconf 87' lang='grc' dir='ltr'><strong>ἀνέϐη</strong></span> <span class='ocrx_word' id='word_1_723' title='bbox 3877 2946 3893 2972; x_wconf 90' lang='grc'><strong>,</strong></span> 
     </span>
    </p>
   </div>
   <div class='ocr_carea' id='block_1_91' title="bbox 2212 2993 3894 3067">
    <p class='ocr_par' dir='ltr' id='par_1_91' title="bbox 2212 2993 3894 3067">
     <span class='ocr_line' id='line_1_91' title="bbox 2212 2993 3894 3067; baseline 0.001 -19"><span class='ocrx_word' id='word_1_724' title='bbox 2212 2995 2437 3066; x_wconf 81' lang='grc' dir='ltr'><strong>ἐπανῄει</strong></span> <span class='ocrx_word' id='word_1_725' title='bbox 2462 2995 2786 3066; x_wconf 89' lang='grc' dir='ltr'><strong>στεφανίτης</strong></span> <span class='ocrx_word' id='word_1_726' title='bbox 2814 2993 3024 3048; x_wconf 89' lang='grc' dir='ltr'><strong>λοιπόν.</strong></span> <span class='ocrx_word' id='word_1_727' title='bbox 3063 2996 3172 3049; x_wconf 77' lang='grc' dir='ltr'><strong>Καὶ</strong></span> <span class='ocrx_word' id='word_1_728' title='bbox 3211 2995 3322 3067; x_wconf 87' lang='lat'><strong>7&amp;9</strong></span> <span class='ocrx_word' id='word_1_729' title='bbox 3351 2997 3447 3050; x_wconf 80' lang='grc' dir='ltr'><strong>καὶ</strong></span> <span class='ocrx_word' id='word_1_730' title='bbox 3473 2995 3632 3048; x_wconf 86' lang='grc' dir='ltr'><strong>τοῦτο</strong></span> <span class='ocrx_word' id='word_1_731' title='bbox 3655 2996 3765 3066; x_wconf 81' lang='grc' dir='ltr'><strong>τῆς</strong></span> <span class='ocrx_word' id='word_1_732' title='bbox 3798 2997 3894 3050; x_wconf 82' lang='grc' dir='ltr'><strong>τοῦ</strong></span> 
     </span>
    </p>
   </div>
   <div class='ocr_carea' id='block_1_92' title="bbox 2211 3092 3897 3165">
    <p class='ocr_par' dir='ltr' id='par_1_92' title="bbox 2211 3092 3897 3165">
     <span class='ocr_line' id='line_1_92' title="bbox 2211 3092 3897 3165; baseline 0.002 -19"><span class='ocrx_word' id='word_1_733' title='bbox 2211 3093 2347 3147; x_wconf 92' lang='grc' dir='ltr'><strong>Θεοῦ</strong></span> <span class='ocrx_word' id='word_1_734' title='bbox 2371 3093 2595 3162; x_wconf 90' lang='grc' dir='ltr'><strong>γέγονεν</strong></span> <span class='ocrx_word' id='word_1_735' title='bbox 2624 3092 2964 3164; x_wconf 83' lang='grc' dir='ltr'><strong>οἰκονομίας,</strong></span> <span class='ocrx_word' id='word_1_736' title='bbox 3012 3092 3074 3146; x_wconf 87' lang='grc' dir='ltr'><strong>τὸ</strong></span> <span class='ocrx_word' id='word_1_737' title='bbox 3125 3095 3288 3148; x_wconf 88' lang='grc' dir='ltr'><strong>πάλιν</strong></span> <span class='ocrx_word' id='word_1_738' title='bbox 3338 3094 3502 3148; x_wconf 87' lang='grc' dir='ltr'><strong>αὑτὸν</strong></span> <span class='ocrx_word' id='word_1_739' title='bbox 3556 3095 3690 3164; x_wconf 79' lang='grc' dir='ltr'><strong>πρὸς</strong></span> <span class='ocrx_word' id='word_1_740' title='bbox 3733 3098 3897 3165; x_wconf 75' lang='grc' dir='ltr'><strong>ἡμᾶς</strong></span> 
     </span>
    </p>
   </div>
   <div class='ocr_carea' id='block_1_93' title="bbox 2212 3190 3896 3264">
    <p class='ocr_par' dir='ltr' id='par_1_93' title="bbox 2212 3190 3896 3264">
     <span class='ocr_line' id='line_1_93' title="bbox 2212 3190 3896 3264; baseline 0.002 -20"><span class='ocrx_word' id='word_1_741' title='bbox 2212 3191 2602 3260; x_wconf 89' lang='grc' dir='ltr'><strong>ἐπαναγαγεῖν,</strong></span> <span class='ocrx_word' id='word_1_742' title='bbox 2634 3190 2729 3244; x_wconf 74' lang='grc' dir='ltr'><strong>καὶ</strong></span> <span class='ocrx_word' id='word_1_743' title='bbox 2783 3193 2906 3253; x_wconf 85' lang='grc' dir='ltr'><strong>ταῖς</strong></span> <span class='ocrx_word' id='word_1_744' title='bbox 2937 3191 3125 3243; x_wconf 88' lang='grc' dir='ltr'><strong>πόλεσι</strong></span> <span class='ocrx_word' id='word_1_745' title='bbox 3157 3191 3431 3262; x_wconf 91' lang='grc' dir='ltr'><strong>διανεῖμαι</strong></span> <span class='ocrx_word' id='word_1_746' title='bbox 3458 3191 3547 3246; x_wconf 91' lang='grc' dir='ltr'><strong>τὸν</strong></span> <span class='ocrx_word' id='word_1_747' title='bbox 3598 3193 3896 3264; x_wconf 82' lang='grc' dir='ltr'><strong>μάρτυρα.</strong></span> 
     </span>
    </p>
   </div>
   <div class='ocr_carea' id='block_1_94' title="bbox 2224 3272 3898 3348">
    <p class='ocr_par' dir='ltr' id='par_1_94' title="bbox 2224 3272 3898 3348">
     <span class='ocr_line' id='line_1_94' title="bbox 2224 3272 3898 3348; baseline 0.001 -17"><span class='ocrx_word' id='word_1_748' title='bbox 2224 3279 2438 3348; x_wconf 86' lang='grc' dir='ltr'><strong>Ἐκείνη</strong></span> <span class='ocrx_word' id='word_1_749' title='bbox 2477 3277 2575 3348; x_wconf 84' lang='grc' dir='ltr'><strong>μὲν</strong></span> <span class='ocrx_word' id='word_1_750' title='bbox 2610 3277 2720 3348; x_wconf 86' lang='lat'><strong>7&amp;9</strong></span> <span class='ocrx_word' id='word_1_751' title='bbox 2747 3276 2912 3331; x_wconf 89' lang='grc' dir='ltr'><strong>αὑτοῦ</strong></span> <span class='ocrx_word' id='word_1_752' title='bbox 2945 3276 3139 3341; x_wconf 84' lang='grc' dir='ltr'><strong>στάζον</strong></span> <span class='ocrx_word' id='word_1_753' title='bbox 3186 3277 3246 3331; x_wconf 90' lang='grc' dir='ltr'><strong>τὸ</strong></span> <span class='ocrx_word' id='word_1_754' title='bbox 3279 3272 3419 3348; x_wconf 75' lang='grc' dir='ltr'><strong>αἷμα</strong></span> <span class='ocrx_word' id='word_1_755' title='bbox 3448 3278 3685 3343; x_wconf 77' lang='grc' dir='ltr'><strong>ἐδέξατο,</strong></span> <span class='ocrx_word' id='word_1_756' title='bbox 3721 3281 3898 3348; x_wconf 83' lang='grc' dir='ltr'><strong>ὑμεῖς</strong></span> 
     </span>
    </p>
   </div>
   <div class='ocr_carea' id='block_1_95' title="bbox 2211 3366 3898 3440">
    <p class='ocr_par' dir='ltr' id='par_1_95' title="bbox 2211 3366 3898 3440">
     <span class='ocr_line' id='line_1_95' title="bbox 2211 3366 3898 3440; baseline 0.003 -24"><span class='ocrx_word' id='word_1_757' title='bbox 2211 3366 2267 3420; x_wconf 84' lang='grc' dir='ltr'><strong>δὲ</strong></span> <span class='ocrx_word' id='word_1_758' title='bbox 2296 3367 2375 3437; x_wconf 82' lang='grc' dir='ltr'><strong>τῷ</strong></span> <span class='ocrx_word' id='word_1_759' title='bbox 2422 3366 2659 3437; x_wconf 75' lang='grc' dir='ltr'><strong>λειψάνῳ</strong></span> <span class='ocrx_word' id='word_1_760' title='bbox 2691 3366 3009 3438; x_wconf 87' lang='grc' dir='ltr'><strong>τετίμησθε·</strong></span> <span class='ocrx_word' id='word_1_761' title='bbox 3046 3366 3400 3437; x_wconf 85' lang='grc' dir='ltr'><strong>ἀπηλαύσατε</strong></span> <span class='ocrx_word' id='word_1_762' title='bbox 3431 3368 3529 3437; x_wconf 84' lang='grc' dir='ltr'><strong>τῆς</strong></span> <span class='ocrx_word' id='word_1_763' title='bbox 3574 3369 3898 3440; x_wconf 79' lang='grc' dir='ltr'><strong>ἐπισκοπῆς</strong></span> 
     </span>
    </p>
   </div>
   <div class='ocr_carea' id='block_1_96' title="bbox 2213 3451 3901 3526">
    <p class='ocr_par' dir='ltr' id='par_1_96' title="bbox 2213 3451 3901 3526">
     <span class='ocr_line' id='line_1_96' title="bbox 2213 3451 3901 3526; baseline 0.002 -18"><span class='ocrx_word' id='word_1_764' title='bbox 2213 3456 2392 3526; x_wconf 87' lang='grc' dir='ltr'><strong>ὑμεῖς,</strong></span> <span class='ocrx_word' id='word_1_765' title='bbox 2424 3455 2744 3526; x_wconf 78' lang='grc' dir='ltr'><strong>ἀπήλαυσαν</strong></span> <span class='ocrx_word' id='word_1_766' title='bbox 2770 3456 2966 3508; x_wconf 90' lang='grc' dir='ltr'><strong>ἐκεῖνοι</strong></span> <span class='ocrx_word' id='word_1_767' title='bbox 2989 3453 3085 3508; x_wconf 90' lang='grc' dir='ltr'><strong>τοῦ</strong></span> <span class='ocrx_word' id='word_1_768' title='bbox 3113 3454 3435 3526; x_wconf 85' lang='grc' dir='ltr'><strong>μαρτυρίου·</strong></span> <span class='ocrx_word' id='word_1_769' title='bbox 3459 3451 3596 3510; x_wconf 75' lang='grc' dir='ltr'><strong>εἶδον</strong></span> <span class='ocrx_word' id='word_1_770' title='bbox 3619 3456 3901 3524; x_wconf 79' lang='grc' dir='ltr'><strong>ἀγωνιζό-</strong></span> 
     </span>
    </p>
   </div>
   <div class='ocr_carea' id='block_1_97' title="bbox 2217 3542 3899 3614">
    <p class='ocr_par' dir='ltr' id='par_1_97' title="bbox 2217 3542 3899 3614">
     <span class='ocr_line' id='line_1_97' title="bbox 2217 3542 3899 3614; baseline 0.001 -18"><span class='ocrx_word' id='word_1_771' title='bbox 2217 3559 2378 3614; x_wconf 87' lang='grc' dir='ltr'><strong>μενον</strong></span> <span class='ocrx_word' id='word_1_772' title='bbox 2427 3542 2524 3595; x_wconf 73' lang='grc' dir='ltr'><strong>καί</strong></span> <span class='ocrx_word' id='word_1_773' title='bbox 2561 3542 2798 3596; x_wconf 88' lang='grc' dir='ltr'><strong>νικῶντα</strong></span> <span class='ocrx_word' id='word_1_774' title='bbox 2834 3543 2929 3596; x_wconf 82' lang='grc' dir='ltr'><strong>καὶ</strong></span> <span class='ocrx_word' id='word_1_775' title='bbox 2979 3542 3414 3614; x_wconf 88' lang='grc' dir='ltr'><strong>στεφανούμενον</strong></span> <span class='ocrx_word' id='word_1_776' title='bbox 3469 3546 3689 3606; x_wconf 89' lang='grc' dir='ltr'><strong>ἐκεῖνοι,</strong></span> <span class='ocrx_word' id='word_1_777' title='bbox 3732 3544 3899 3614; x_wconf 79' lang='grc' dir='ltr'><strong>ἔχετε</strong></span> 
     </span>
    </p>
   </div>
   <div class='ocr_carea' id='block_1_98' title="bbox 2211 3628 3900 3702">
    <p class='ocr_par' dir='ltr' id='par_1_98' title="bbox 2211 3628 3900 3702">
     <span class='ocr_line' id='line_1_98' title="bbox 2211 3628 3900 3702; baseline 0.001 -19"><span class='ocrx_word' id='word_1_778' title='bbox 2211 3628 2472 3701; x_wconf 82' lang='grc' dir='ltr'><strong>διηνεκῶς</strong></span> <span class='ocrx_word' id='word_1_779' title='bbox 2492 3629 2653 3683; x_wconf 87' lang='grc' dir='ltr'><strong>αὐτὸν</strong></span> <span class='ocrx_word' id='word_1_780' title='bbox 2691 3631 2881 3700; x_wconf 87' lang='grc' dir='ltr'><strong>ὑμεῖς·</strong></span> <span class='ocrx_word' id='word_1_781' title='bbox 2911 3630 3092 3699; x_wconf 85' lang='grc' dir='ltr'><strong>ὀλίγον</strong></span> <span class='ocrx_word' id='word_1_782' title='bbox 3128 3631 3281 3702; x_wconf 88' lang='grc' dir='ltr'><strong>ὑμῶν</strong></span> <span class='ocrx_word' id='word_1_783' title='bbox 3322 3630 3484 3684; x_wconf 87' lang='grc' dir='ltr'><strong>αὐτὸν</strong></span> <span class='ocrx_word' id='word_1_784' title='bbox 3533 3631 3721 3701; x_wconf 83' lang='grc' dir='ltr'><strong>χρόνον</strong></span> <span class='ocrx_word' id='word_1_785' title='bbox 3751 3633 3900 3685; x_wconf 80' lang='grc' dir='ltr'><strong>ἀπέ-</strong></span> 
     </span>
    </p>
   </div>
   <div class='ocr_carea' id='block_1_99' title="bbox 2215 3725 3899 3799">
    <p class='ocr_par' dir='ltr' id='par_1_99' title="bbox 2215 3725 3899 3799">
     <span class='ocr_line' id='line_1_99' title="bbox 2215 3725 3899 3799; baseline 0.002 -19"><span class='ocrx_word' id='word_1_786' title='bbox 2215 3743 2412 3797; x_wconf 87' lang='grc' dir='ltr'><strong>στησεν</strong></span> <span class='ocrx_word' id='word_1_787' title='bbox 2437 3729 2465 3779; x_wconf 88' lang='grc' dir='ltr'><strong>ό</strong></span> <span class='ocrx_word' id='word_1_788' title='bbox 2510 3725 2662 3794; x_wconf 86' lang='grc' dir='ltr'><strong>Θεὸς,</strong></span> <span class='ocrx_word' id='word_1_789' title='bbox 2681 3726 2775 3779; x_wconf 71' lang='grc' dir='ltr'><strong>καὶ</strong></span> <span class='ocrx_word' id='word_1_790' title='bbox 2804 3726 2943 3796; x_wconf 75' lang='grc' dir='ltr'><strong>μετὰ</strong></span> <span class='ocrx_word' id='word_1_791' title='bbox 2967 3726 3210 3790; x_wconf 91' lang='grc' dir='ltr'><strong>πλείονος</strong></span> <span class='ocrx_word' id='word_1_792' title='bbox 3235 3727 3364 3798; x_wconf 86' lang='grc' dir='ltr'><strong>ὑμῖν</strong></span> <span class='ocrx_word' id='word_1_793' title='bbox 3390 3727 3547 3798; x_wconf 82' lang='grc' dir='ltr'><strong>δόξης</strong></span> <span class='ocrx_word' id='word_1_794' title='bbox 3574 3727 3740 3780; x_wconf 84' lang='grc' dir='ltr'><strong>αὐτὸν</strong></span> <span class='ocrx_word' id='word_1_795' title='bbox 3767 3732 3899 3799; x_wconf 78' lang='grc' dir='ltr'><strong>ἐχαο</strong></span> 
     </span>
    </p>
   </div>
   <div class='ocr_carea' id='block_1_100' title="bbox 2219 3813 3900 3886">
    <p class='ocr_par' dir='ltr' id='par_1_100' title="bbox 2219 3813 3900 3886">
     <span class='ocr_line' id='line_1_100' title="bbox 2219 3813 3900 3886; baseline 0.004 -21"><span class='ocrx_word' id='word_1_796' title='bbox 2219 3814 2423 3884; x_wconf 82' lang='grc' dir='ltr'><strong>ρίσατο.</strong></span> <span class='ocrx_word' id='word_1_797' title='bbox 2458 3814 2566 3866; x_wconf 71' lang='grc' dir='ltr'><strong>Καὶ</strong></span> <span class='ocrx_word' id='word_1_798' title='bbox 2607 3813 2859 3884; x_wconf 83' lang='grc' dir='ltr'><strong>καθάπερ</strong></span> <span class='ocrx_word' id='word_1_799' title='bbox 2910 3815 2960 3866; x_wconf 84' lang='grc' dir='ltr'><strong>οἱ</strong></span> <span class='ocrx_word' id='word_1_800' title='bbox 3010 3814 3380 3885; x_wconf 82' lang='grc' dir='ltr'><strong>δανειζόμενοι</strong></span> <span class='ocrx_word' id='word_1_801' title='bbox 3430 3817 3690 3886; x_wconf 83' lang='grc' dir='ltr'><strong>χρήματα</strong></span> <span class='ocrx_word' id='word_1_802' title='bbox 3747 3819 3900 3886; x_wconf 73' lang='grc' dir='ltr'><strong>μετὰ</strong></span> 
     </span>
    </p>
   </div>
   <div class='ocr_carea' id='block_1_101' title="bbox 2215 3899 3900 3971">
    <p class='ocr_par' dir='ltr' id='par_1_101' title="bbox 2215 3899 3900 3971">
     <span class='ocr_line' id='line_1_101' title="bbox 2215 3899 3900 3971; baseline 0.002 -17"><span class='ocrx_word' id='word_1_803' title='bbox 2215 3902 2390 3954; x_wconf 87' lang='grc' dir='ltr'><strong>τόκων</strong></span> <span class='ocrx_word' id='word_1_804' title='bbox 2419 3899 2760 3953; x_wconf 89' lang='grc' dir='ltr'><strong>ἀποδιδόασιν</strong></span> <span class='ocrx_word' id='word_1_805' title='bbox 2795 3902 2940 3971; x_wconf 80' lang='grc' dir='ltr'><strong>ἀπερ</strong></span> <span class='ocrx_word' id='word_1_806' title='bbox 2975 3901 3041 3954; x_wconf 88' lang='grc' dir='ltr'><strong>ἂν</strong></span> <span class='ocrx_word' id='word_1_807' title='bbox 3080 3901 3339 3955; x_wconf 88' lang='grc' dir='ltr'><strong>λάϐωσιν·</strong></span> <span class='ocrx_word' id='word_1_808' title='bbox 3367 3903 3511 3956; x_wconf 86' lang='grc' dir='ltr'><strong>οῦτω</strong></span> <span class='ocrx_word' id='word_1_809' title='bbox 3558 3904 3650 3956; x_wconf 75' lang='grc' dir='ltr'><strong>καὶ</strong></span> <span class='ocrx_word' id='word_1_810' title='bbox 3686 3906 3713 3956; x_wconf 84' lang='grc' dir='ltr'>ὁ</span> <span class='ocrx_word' id='word_1_811' title='bbox 3753 3905 3900 3968; x_wconf 82' lang='grc' dir='ltr'><strong>Θεὸς</strong></span> 
     </span>
    </p>
   </div>
   <div class='ocr_carea' id='block_1_102' title="bbox 2215 3988 3906 4061">
    <p class='ocr_par' dir='ltr' id='par_1_102' title="bbox 2215 3988 3906 4061">
     <span class='ocr_line' id='line_1_102' title="bbox 2215 3988 3906 4061; baseline 0.001 -18"><span class='ocrx_word' id='word_1_812' title='bbox 2215 3990 2306 4043; x_wconf 87' lang='grc' dir='ltr'><strong>τὸν</strong></span> <span class='ocrx_word' id='word_1_813' title='bbox 2329 3989 2508 4058; x_wconf 88' lang='grc' dir='ltr'><strong>τίμιον</strong></span> <span class='ocrx_word' id='word_1_814' title='bbox 2534 3989 2723 4042; x_wconf 87' lang='grc' dir='ltr'><strong>τοῦτον</strong></span> <span class='ocrx_word' id='word_1_815' title='bbox 2750 3988 3022 4059; x_wconf 87' lang='grc' dir='ltr'><strong>θησαυρὸν</strong></span> <span class='ocrx_word' id='word_1_816' title='bbox 3052 3989 3183 4060; x_wconf 80' lang='grc' dir='ltr'><strong>παρ’</strong></span> <span class='ocrx_word' id='word_1_817' title='bbox 3214 3989 3368 4060; x_wconf 88' lang='grc' dir='ltr'><strong>ὑμῶν</strong></span> <span class='ocrx_word' id='word_1_818' title='bbox 3401 3989 3580 4059; x_wconf 85' lang='grc' dir='ltr'><strong>ὀλίγον</strong></span> <span class='ocrx_word' id='word_1_819' title='bbox 3605 3993 3906 4061; x_wconf 80' lang='grc' dir='ltr'><strong>χρησάμε-</strong></span> 
     </span>
    </p>
   </div>
   <div class='ocr_carea' id='block_1_103' title="bbox 2216 4076 3905 4152">
    <p class='ocr_par' dir='ltr' id='par_1_103' title="bbox 2216 4076 3905 4152">
     <span class='ocr_line' id='line_1_103' title="bbox 2216 4076 3905 4152; baseline 0.002 -23"><span class='ocrx_word' id='word_1_820' title='bbox 2216 4093 2302 4140; x_wconf 89' lang='grc' dir='ltr'><strong>νος</strong></span> <span class='ocrx_word' id='word_1_821' title='bbox 2328 4076 2538 4148; x_wconf 88' lang='grc' dir='ltr'><strong>χρόνον,</strong></span> <span class='ocrx_word' id='word_1_822' title='bbox 2584 4076 2679 4129; x_wconf 71' lang='grc' dir='ltr'><strong>καὶ</strong></span> <span class='ocrx_word' id='word_1_823' title='bbox 2706 4080 2770 4147; x_wconf 80' lang='grc' dir='ltr'><strong>τῇ</strong></span> <span class='ocrx_word' id='word_1_824' title='bbox 2805 4076 2955 4130; x_wconf 88' lang='grc' dir='ltr'><strong>πόλει</strong></span> <span class='ocrx_word' id='word_1_825' title='bbox 3003 4077 3182 4141; x_wconf 77' lang='grc' dir='ltr'><strong>δείξας</strong></span> <span class='ocrx_word' id='word_1_826' title='bbox 3219 4077 3424 4152; x_wconf 75' lang='grc' dir='ltr'><strong>ἐκείνῃ,</strong></span> <span class='ocrx_word' id='word_1_827' title='bbox 3460 4077 3595 4148; x_wconf 89' lang='grc' dir='ltr'><strong>μετά</strong></span> <span class='ocrx_word' id='word_1_828' title='bbox 3640 4079 3905 4144; x_wconf 87' lang='grc' dir='ltr'><strong>πλείονος</strong></span> 
     </span>
    </p>
   </div>
   <div class='ocr_carea' id='block_1_104' title="bbox 2219 4171 3903 4245">
    <p class='ocr_par' dir='ltr' id='par_1_104' title="bbox 2219 4171 3903 4245">
     <span class='ocr_line' id='line_1_104' title="bbox 2219 4171 3903 4245; baseline 0.004 -21"><span class='ocrx_word' id='word_1_829' title='bbox 2219 4173 2347 4243; x_wconf 81' lang='grc' dir='ltr'><strong>ὑμῖν</strong></span> <span class='ocrx_word' id='word_1_830' title='bbox 2376 4172 2540 4226; x_wconf 84' lang='grc' dir='ltr'><strong>αὐτὸν</strong></span> <span class='ocrx_word' id='word_1_831' title='bbox 2569 4171 2878 4225; x_wconf 89' lang='grc' dir='ltr'><strong>ἀποδέδωκε</strong></span> <span class='ocrx_word' id='word_1_832' title='bbox 2913 4171 3016 4242; x_wconf 85' lang='grc' dir='ltr'><strong>τῆς</strong></span> <span class='ocrx_word' id='word_1_833' title='bbox 3052 4171 3459 4242; x_wconf 88' lang='grc' dir='ltr'><strong>λαμπρότητος.</strong></span> <span class='ocrx_word' id='word_1_834' title='bbox 3508 4173 3903 4245; x_wconf 71' lang='grc' dir='ltr'><strong>Ἐξεπέμψατε</strong></span> 
     </span>
    </p>
   </div>
   <div class='ocr_carea' id='block_1_105' title="bbox 2218 4259 3905 4332">
    <p class='ocr_par' dir='ltr' id='par_1_105' title="bbox 2218 4259 3905 4332">
     <span class='ocr_line' id='line_1_105' title="bbox 2218 4259 3905 4332; baseline -0.001 -18"><span class='ocrx_word' id='word_1_835' title='bbox 2218 4261 2327 4332; x_wconf 81' lang='grc' dir='ltr'><strong>γὰρ</strong></span> <span class='ocrx_word' id='word_1_836' title='bbox 2351 4260 2778 4325; x_wconf 78' lang='grc' dir='ltr'><strong>ἐπίσκοπον,καὶ</strong></span> <span class='ocrx_word' id='word_1_837' title='bbox 2805 4259 3061 4326; x_wconf 78' lang='grc' dir='ltr'><strong>ἐδέξασθε</strong></span> <span class='ocrx_word' id='word_1_838' title='bbox 3091 4260 3366 4332; x_wconf 84' lang='grc' dir='ltr'><strong>μάρτυρα·</strong></span> <span class='ocrx_word' id='word_1_839' title='bbox 3395 4261 3741 4332; x_wconf 70' lang='grc' dir='ltr'><strong>ἐξεπέμψατε</strong></span> <span class='ocrx_word' id='word_1_840' title='bbox 3775 4269 3905 4332; x_wconf 81' lang='grc' dir='ltr'><strong>μετ’</strong></span> 
     </span>
    </p>
   </div>
   <div class='ocr_carea' id='block_1_106' title="bbox 2220 4354 3907 4427">
    <p class='ocr_par' dir='ltr' id='par_1_106' title="bbox 2220 4354 3907 4427">
     <span class='ocr_line' id='line_1_106' title="bbox 2220 4354 3907 4427; baseline 0.002 -17"><span class='ocrx_word' id='word_1_841' title='bbox 2220 4357 2418 4427; x_wconf 88' lang='grc' dir='ltr'><strong>εὐχῶν,</strong></span> <span class='ocrx_word' id='word_1_842' title='bbox 2459 4356 2552 4410; x_wconf 73' lang='grc' dir='ltr'><strong>καὶ</strong></span> <span class='ocrx_word' id='word_1_843' title='bbox 2576 4355 2827 4420; x_wconf 81' lang='grc' dir='ltr'><strong>ἐδέξασθε</strong></span> <span class='ocrx_word' id='word_1_844' title='bbox 2856 4354 2993 4425; x_wconf 85' lang='grc' dir='ltr'><strong>μετά</strong></span> <span class='ocrx_word' id='word_1_845' title='bbox 3027 4355 3328 4422; x_wconf 89' lang='grc' dir='ltr'><strong>στεφάνων·</strong></span> <span class='ocrx_word' id='word_1_846' title='bbox 3373 4357 3467 4409; x_wconf 73' lang='grc' dir='ltr'><strong>καὶ</strong></span> <span class='ocrx_word' id='word_1_847' title='bbox 3497 4357 3593 4426; x_wconf 88' lang='grc' dir='ltr'><strong>οὑχ</strong></span> <span class='ocrx_word' id='word_1_848' title='bbox 3647 4357 3820 4427; x_wconf 87' lang='grc' dir='ltr'><strong>ὑμεῖς</strong></span> <span class='ocrx_word' id='word_1_849' title='bbox 3851 4361 3907 4414; x_wconf 76' lang='grc' dir='ltr'><strong>δέ</strong></span> 
     </span>
    </p>
   </div>
   <div class='ocr_carea' id='block_1_107' title="bbox 2223 4442 3907 4516">
    <p class='ocr_par' dir='ltr' id='par_1_107' title="bbox 2223 4442 3907 4516">
     <span class='ocr_line' id='line_1_107' title="bbox 2223 4442 3907 4516; baseline -0.002 -18"><span class='ocrx_word' id='word_1_850' title='bbox 2223 4447 2403 4516; x_wconf 89' lang='grc' dir='ltr'><strong>μόνον,</strong></span> <span class='ocrx_word' id='word_1_851' title='bbox 2431 4442 2568 4497; x_wconf 86' lang='grc' dir='ltr'><strong>ἀλλά</strong></span> <span class='ocrx_word' id='word_1_852' title='bbox 2602 4443 2695 4496; x_wconf 75' lang='grc' dir='ltr'><strong>καὶ</strong></span> <span class='ocrx_word' id='word_1_853' title='bbox 2729 4444 2902 4496; x_wconf 77' lang='grc' dir='ltr'><strong>πᾶσαι</strong></span> <span class='ocrx_word' id='word_1_854' title='bbox 2929 4443 2984 4494; x_wconf 89' lang='grc' dir='ltr'><strong>αί</strong></span> <span class='ocrx_word' id='word_1_855' title='bbox 3019 4443 3076 4494; x_wconf 91' lang='grc' dir='ltr'><strong>ἐν</strong></span> <span class='ocrx_word' id='word_1_856' title='bbox 3108 4443 3258 4512; x_wconf 85' lang='grc' dir='ltr'><strong>μέσῳ</strong></span> <span class='ocrx_word' id='word_1_857' title='bbox 3285 4443 3490 4507; x_wconf 88' lang='grc' dir='ltr'><strong>πόλεις.</strong></span> <span class='ocrx_word' id='word_1_858' title='bbox 3519 4444 3641 4506; x_wconf 91' lang='grc' dir='ltr'><strong>Πῶς</strong></span> <span class='ocrx_word' id='word_1_859' title='bbox 3665 4445 3781 4516; x_wconf 88' lang='lat'><strong>7&amp;9</strong></span> <span class='ocrx_word' id='word_1_860' title='bbox 3814 4450 3907 4500; x_wconf 70' lang='grc' dir='ltr'><strong>αὑ.</strong></span> 
     </span>
    </p>
   </div>
   <div class='ocr_carea' id='block_1_108' title="bbox 2219 4529 3904 4600">
    <p class='ocr_par' dir='ltr' id='par_1_108' title="bbox 2219 4529 3904 4600">
     <span class='ocr_line' id='line_1_108' title="bbox 2219 4529 3904 4600; baseline -0.002 -13"><span class='ocrx_word' id='word_1_861' title='bbox 2219 4533 2318 4597; x_wconf 91' lang='grc' dir='ltr'><strong>τάς</strong></span> <span class='ocrx_word' id='word_1_862' title='bbox 2337 4531 2513 4586; x_wconf 81' lang='grc' dir='ltr'><strong>οίεσθε</strong></span> <span class='ocrx_word' id='word_1_863' title='bbox 2533 4530 2836 4584; x_wconf 89' lang='grc' dir='ltr'><strong>διακεῖσθαι</strong></span> <span class='ocrx_word' id='word_1_864' title='bbox 2859 4529 3071 4597; x_wconf 85' lang='grc' dir='ltr'><strong>δρώσας</strong></span> <span class='ocrx_word' id='word_1_865' title='bbox 3094 4531 3506 4600; x_wconf 86' lang='grc' dir='ltr'><strong>ἐπαναγόμενον</strong></span> <span class='ocrx_word' id='word_1_866' title='bbox 3524 4531 3583 4585; x_wconf 87' lang='grc' dir='ltr'><strong>τὸ</strong></span> <span class='ocrx_word' id='word_1_867' title='bbox 3600 4531 3869 4600; x_wconf 70' lang='grc' dir='ltr'><strong>λείψανον</strong></span> <span class='ocrx_word' id='word_1_868' title='bbox 3890 4553 3904 4599; x_wconf 78' lang='grc' dir='ltr'><strong>ς</strong></span> 
     </span>
    </p>
   </div>
   <div class='ocr_carea' id='block_1_109' title="bbox 2223 4615 3905 4690">
    <p class='ocr_par' dir='ltr' id='par_1_109' title="bbox 2223 4615 3905 4690">
     <span class='ocr_line' id='line_1_109' title="bbox 2223 4615 3905 4690; baseline 0.001 -18"><span class='ocrx_word' id='word_1_869' title='bbox 2223 4619 2394 4690; x_wconf 85' lang='grc' dir='ltr'><strong>πόσην</strong></span> <span class='ocrx_word' id='word_1_870' title='bbox 2425 4615 2774 4688; x_wconf 88' lang='grc' dir='ltr'><strong>καρποῦσθαι</strong></span> <span class='ocrx_word' id='word_1_871' title='bbox 2823 4617 3046 4688; x_wconf 81' lang='grc' dir='ltr'><strong>ἡδονήν;</strong></span> <span class='ocrx_word' id='word_1_872' title='bbox 3083 4615 3247 4670; x_wconf 85' lang='grc' dir='ltr'><strong>πόσον</strong></span> <span class='ocrx_word' id='word_1_873' title='bbox 3278 4617 3652 4684; x_wconf 85' lang='grc' dir='ltr'><strong>ἀγάλλεσθαι;</strong></span> <span class='ocrx_word' id='word_1_874' title='bbox 3691 4619 3905 4685; x_wconf 85' lang='grc' dir='ltr'><strong>πόσαις</strong></span> 
     </span>
    </p>
   </div>
   <div class='ocr_carea' id='block_1_110' title="bbox 2223 4702 3905 4780">
    <p class='ocr_par' dir='ltr' id='par_1_110' title="bbox 2223 4702 3905 4780">
     <span class='ocr_line' id='line_1_110' title="bbox 2223 4702 3905 4780; baseline 0 -20"><span class='ocrx_word' id='word_1_875' title='bbox 2223 4706 2519 4776; x_wconf 87' lang='grc' dir='ltr'><strong>εὐφημίαις</strong></span> <span class='ocrx_word' id='word_1_876' title='bbox 2550 4703 2812 4757; x_wconf 88' lang='grc' dir='ltr'><strong>πάντοθεν</strong></span> <span class='ocrx_word' id='word_1_877' title='bbox 2848 4703 3064 4773; x_wconf 83' lang='grc' dir='ltr'><strong>βάλλειν</strong></span> <span class='ocrx_word' id='word_1_878' title='bbox 3101 4702 3192 4756; x_wconf 88' lang='grc' dir='ltr'><strong>τὸν</strong></span> <span class='ocrx_word' id='word_1_879' title='bbox 3223 4704 3584 4776; x_wconf 88' lang='grc' dir='ltr'><strong>στεφανίτην;</strong></span> <span class='ocrx_word' id='word_1_880' title='bbox 3621 4705 3905 4780; x_wconf 76' lang='grc' dir='ltr'><strong>Καθάπερ</strong></span> 
     </span>
    </p>
   </div>
   <div class='ocr_carea' id='block_1_111' title="bbox 2223 4790 3908 4865">
    <p class='ocr_par' dir='ltr' id='par_1_111' title="bbox 2223 4790 3908 4865">
     <span class='ocr_line' id='line_1_111' title="bbox 2223 4790 3908 4865; baseline -0.001 -17"><span class='ocrx_word' id='word_1_881' title='bbox 2223 4795 2333 4865; x_wconf 82' lang='grc' dir='ltr'><strong>γὰρ</strong></span> <span class='ocrx_word' id='word_1_882' title='bbox 2355 4793 2594 4864; x_wconf 81' lang='grc' dir='ltr'><strong>ἀθλητὴν</strong></span> <span class='ocrx_word' id='word_1_883' title='bbox 2619 4793 2863 4861; x_wconf 86' lang='grc' dir='ltr'><strong>γενναῖον</strong></span> <span class='ocrx_word' id='word_1_884' title='bbox 2884 4790 3011 4854; x_wconf 80' lang='grc' dir='ltr'><strong>τοὺς</strong></span> <span class='ocrx_word' id='word_1_885' title='bbox 3027 4790 3436 4858; x_wconf 85' lang='grc' dir='ltr'><strong>ἀνταγωνιστὰς</strong></span> <span class='ocrx_word' id='word_1_886' title='bbox 3459 4791 3908 4847; x_wconf 85' lang='grc' dir='ltr'><strong>καταπαλαίσαν-</strong></span> 
     </span>
    </p>
   </div>
   <div class='ocr_carea' id='block_1_112' title="bbox 2222 4877 3905 4948">
    <p class='ocr_par' dir='ltr' id='par_1_112' title="bbox 2222 4877 3905 4948">
     <span class='ocr_line' id='line_1_112' title="bbox 2222 4877 3905 4948; baseline -0.002 -14"><span class='ocrx_word' id='word_1_887' title='bbox 2222 4899 2289 4934; x_wconf 90' lang='grc' dir='ltr'><strong>τα</strong></span> <span class='ocrx_word' id='word_1_888' title='bbox 2312 4882 2577 4944; x_wconf 76' lang='grc' dir='ltr'><strong>ἅπαντας,</strong></span> <span class='ocrx_word' id='word_1_889' title='bbox 2603 4879 2698 4932; x_wconf 70' lang='grc' dir='ltr'><strong>καὶ</strong></span> <span class='ocrx_word' id='word_1_890' title='bbox 2733 4877 2872 4948; x_wconf 82' lang='grc' dir='ltr'><strong>μετὰ</strong></span> <span class='ocrx_word' id='word_1_891' title='bbox 2898 4877 3159 4948; x_wconf 80' lang='grc' dir='ltr'><strong>λαμπρᾶς</strong></span> <span class='ocrx_word' id='word_1_892' title='bbox 3182 4877 3471 4942; x_wconf 83' lang='grc' dir='ltr'><strong>ἐξελθόντα</strong></span> <span class='ocrx_word' id='word_1_893' title='bbox 3483 4877 3638 4948; x_wconf 77' lang='grc' dir='ltr'><strong>δόξης</strong></span> <span class='ocrx_word' id='word_1_894' title='bbox 3670 4880 3781 4933; x_wconf 78' lang='grc' dir='ltr'><strong>ἀπὸ</strong></span> <span class='ocrx_word' id='word_1_895' title='bbox 3805 4883 3905 4936; x_wconf 78' lang='grc' dir='ltr'><strong>τοῦ</strong></span> 
     </span>
    </p>
   </div>
   <div class='ocr_carea' id='block_1_113' title="bbox 2226 4963 3904 5039">
    <p class='ocr_par' dir='ltr' id='par_1_113' title="bbox 2226 4963 3904 5039">
     <span class='ocr_line' id='line_1_113' title="bbox 2226 4963 3904 5039; baseline 0.001 -17"><span class='ocrx_word' id='word_1_896' title='bbox 2226 4969 2568 5038; x_wconf 86' lang='grc' dir='ltr'><strong>σκάμματος,</strong></span> <span class='ocrx_word' id='word_1_897' title='bbox 2602 4965 2804 5028; x_wconf 89' lang='grc' dir='ltr'><strong>εὐθέως</strong></span> <span class='ocrx_word' id='word_1_898' title='bbox 2853 4963 3133 5035; x_wconf 86' lang='grc' dir='ltr'><strong>δεχόμενοι</strong></span> <span class='ocrx_word' id='word_1_899' title='bbox 3159 4965 3209 5017; x_wconf 87' lang='grc' dir='ltr'><strong>οἰ</strong></span> <span class='ocrx_word' id='word_1_900' title='bbox 3246 4964 3458 5028; x_wconf 72' lang='grc' dir='ltr'><strong>θεαταὶ,</strong></span> <span class='ocrx_word' id='word_1_901' title='bbox 3490 4967 3598 5019; x_wconf 78' lang='grc' dir='ltr'><strong>οὐδ’</strong></span> <span class='ocrx_word' id='word_1_902' title='bbox 3633 4967 3904 5039; x_wconf 83' lang='grc' dir='ltr'><strong>ἐπιϐῆναι</strong></span> 
     </span>
    </p>
   </div>
   <div class='ocr_carea' id='block_1_114' title="bbox 2225 5053 3907 5128">
    <p class='ocr_par' dir='ltr' id='par_1_114' title="bbox 2225 5053 3907 5128">
     <span class='ocr_line' id='line_1_114' title="bbox 2225 5053 3907 5128; baseline -0.001 -18"><span class='ocrx_word' id='word_1_903' title='bbox 2225 5059 2322 5128; x_wconf 82' lang='grc' dir='ltr'><strong>τῆς</strong></span> <span class='ocrx_word' id='word_1_904' title='bbox 2348 5056 2454 5126; x_wconf 86' lang='grc' dir='ltr'><strong>γῆς</strong></span> <span class='ocrx_word' id='word_1_905' title='bbox 2480 5057 2690 5124; x_wconf 87' lang='grc' dir='ltr'><strong>ἀφίασι,</strong></span> <span class='ocrx_word' id='word_1_906' title='bbox 2733 5054 2970 5125; x_wconf 73' lang='grc' dir='ltr'><strong>φοράδην</strong></span> <span class='ocrx_word' id='word_1_907' title='bbox 3001 5054 3305 5122; x_wconf 89' lang='grc' dir='ltr'><strong>ἀπάγοντες</strong></span> <span class='ocrx_word' id='word_1_908' title='bbox 3326 5053 3531 5119; x_wconf 77' lang='grc' dir='ltr'><strong>οἴκαδε,</strong></span> <span class='ocrx_word' id='word_1_909' title='bbox 3556 5056 3648 5109; x_wconf 73' lang='grc' dir='ltr'><strong>καὶ</strong></span> <span class='ocrx_word' id='word_1_910' title='bbox 3681 5060 3907 5128; x_wconf 76' lang='grc' dir='ltr'><strong>μυρίοις</strong></span> 
     </span>
    </p>
   </div>
   <div class='ocr_carea' id='block_1_115' title="bbox 2230 5141 3905 5216">
    <p class='ocr_par' dir='ltr' id='par_1_115' title="bbox 2230 5141 3905 5216">
     <span class='ocr_line' id='line_1_115' title="bbox 2230 5141 3905 5216; baseline 0.001 -19"><span class='ocrx_word' id='word_1_911' title='bbox 2230 5145 2513 5216; x_wconf 85' lang='grc' dir='ltr'><strong>βάλλοντες</strong></span> <span class='ocrx_word' id='word_1_912' title='bbox 2537 5141 2855 5212; x_wconf 89' lang='grc' dir='ltr'><strong>ἐγκωμίοις·</strong></span> <span class='ocrx_word' id='word_1_913' title='bbox 2877 5141 3020 5195; x_wconf 72' lang='grc' dir='ltr'><strong>οὕτω</strong></span> <span class='ocrx_word' id='word_1_914' title='bbox 3046 5141 3111 5209; x_wconf 85' lang='grc' dir='ltr'><strong>δὴ</strong></span> <span class='ocrx_word' id='word_1_915' title='bbox 3139 5141 3232 5195; x_wconf 83' lang='grc' dir='ltr'><strong>καὶ</strong></span> <span class='ocrx_word' id='word_1_916' title='bbox 3252 5141 3344 5194; x_wconf 90' lang='grc' dir='ltr'><strong>τὸν</strong></span> <span class='ocrx_word' id='word_1_917' title='bbox 3366 5142 3522 5210; x_wconf 78' lang='grc' dir='ltr'><strong>ἀγιον</strong></span> <span class='ocrx_word' id='word_1_918' title='bbox 3548 5142 3667 5196; x_wconf 87' lang='grc' dir='ltr'><strong>τότε</strong></span> <span class='ocrx_word' id='word_1_919' title='bbox 3690 5144 3905 5200; x_wconf 85' lang='grc' dir='ltr'><strong>ἐκεῖνον</strong></span> 
     </span>
    </p>
   </div>
   <div class='ocr_carea' id='block_1_116' title="bbox 2228 5227 3906 5301">
    <p class='ocr_par' dir='ltr' id='par_1_116' title="bbox 2228 5227 3906 5301">
     <span class='ocr_line' id='line_1_116' title="bbox 2228 5227 3906 5301; baseline -0.018 -14"><span class='ocrx_word' id='word_1_920' title='bbox 2228 5233 2336 5287; x_wconf 90' lang='grc' dir='ltr'><strong>ἀπὸ</strong></span> <span class='ocrx_word' id='word_1_921' title='bbox 2367 5231 2467 5301; x_wconf 85' lang='grc' dir='ltr'><strong>τῆς</strong></span> <span class='ocrx_word' id='word_1_922' title='bbox 2502 5228 2720 5300; x_wconf 85' lang='grc' dir='ltr'><strong>Ῥώμης</strong></span> <span class='ocrx_word' id='word_1_923' title='bbox 2750 5229 2808 5281; x_wconf 80' lang='grc' dir='ltr'><strong>αἱ</strong></span> <span class='ocrx_word' id='word_1_924' title='bbox 2839 5227 3024 5292; x_wconf 88' lang='grc' dir='ltr'><strong>πόλεις</strong></span> <span class='ocrx_word' id='word_1_925' title='bbox 3069 5229 3195 5300; x_wconf 81' lang='grc' dir='ltr'><strong>ἐξῆς</strong></span> <span class='ocrx_word' id='word_1_926' title='bbox 3225 5228 3626 5300; x_wconf 76' lang='grc' dir='ltr'><strong>διαδεχόμεναι,</strong></span> <span class='ocrx_word' id='word_1_927' title='bbox 3678 5231 3772 5285; x_wconf 67' lang='grc' dir='ltr'><strong>καὶ</strong></span> <span class='ocrx_word' id='word_1_928' title='bbox 3816 5235 3906 5289; x_wconf 63' lang='grc' dir='ltr'><strong>ἐπ.</strong></span> 
     </span>
    </p>
   </div>
   <div class='ocr_carea' id='block_1_117' title="bbox 2229 5316 3908 5392">
    <p class='ocr_par' dir='ltr' id='par_1_117' title="bbox 2229 5316 3908 5392">
     <span class='ocr_line' id='line_1_117' title="bbox 2229 5316 3908 5392; baseline -0.001 -18"><span class='ocrx_word' id='word_1_929' title='bbox 2229 5320 2395 5392; x_wconf 86' lang='grc' dir='ltr'><strong>ῶμων</strong></span> <span class='ocrx_word' id='word_1_930' title='bbox 2426 5318 2688 5389; x_wconf 90' lang='grc' dir='ltr'><strong>φέρουσαι</strong></span> <span class='ocrx_word' id='word_1_931' title='bbox 2727 5317 2889 5388; x_wconf 87' lang='grc' dir='ltr'><strong>μέχρι</strong></span> <span class='ocrx_word' id='word_1_932' title='bbox 2911 5318 3010 5386; x_wconf 78' lang='grc' dir='ltr'><strong>τῆς</strong></span> <span class='ocrx_word' id='word_1_933' title='bbox 3045 5316 3252 5380; x_wconf 87' lang='grc' dir='ltr'><strong>πόλεως</strong></span> <span class='ocrx_word' id='word_1_934' title='bbox 3285 5318 3490 5389; x_wconf 88' lang='grc' dir='ltr'><strong>ταύτης</strong></span> <span class='ocrx_word' id='word_1_935' title='bbox 3532 5320 3908 5390; x_wconf 83' lang='grc' dir='ltr'><strong>παρέπεμπον</strong></span> 
     </span>
    </p>
   </div>
   <div class='ocr_carea' id='block_1_118' title="bbox 2231 5403 3906 5477">
    <p class='ocr_par' dir='ltr' id='par_1_118' title="bbox 2231 5403 3906 5477">
     <span class='ocr_line' id='line_1_118' title="bbox 2231 5403 3906 5477; baseline 0.001 -17"><span class='ocrx_word' id='word_1_936' title='bbox 2231 5406 2675 5477; x_wconf 84' lang='grc' dir='ltr'><strong>ἐγκωμιάζουσαι</strong></span> <span class='ocrx_word' id='word_1_937' title='bbox 2709 5403 2801 5456; x_wconf 92' lang='grc' dir='ltr'><strong>τὸν</strong></span> <span class='ocrx_word' id='word_1_938' title='bbox 2836 5405 3186 5474; x_wconf 84' lang='grc' dir='ltr'><strong>στεφανίτην,</strong></span> <span class='ocrx_word' id='word_1_939' title='bbox 3208 5406 3544 5476; x_wconf 89' lang='grc' dir='ltr'><strong>ἀνυμνοῦσαι</strong></span> <span class='ocrx_word' id='word_1_940' title='bbox 3566 5408 3658 5460; x_wconf 90' lang='grc' dir='ltr'><strong>τὸν</strong></span> <span class='ocrx_word' id='word_1_941' title='bbox 3691 5409 3906 5476; x_wconf 86' lang='grc' dir='ltr'><strong>ἀγωνο-</strong></span> 
     </span>
    </p>
   </div>
   <div class='ocr_carea' id='block_1_119' title="bbox 2230 5493 3908 5567">
    <p class='ocr_par' dir='ltr' id='par_1_119' title="bbox 2230 5493 3908 5567">
     <span class='ocr_line' id='line_1_119' title="bbox 2230 5493 3908 5567; baseline 0.002 -17"><span class='ocrx_word' id='word_1_942' title='bbox 2230 5495 2417 5567; x_wconf 78' lang='grc' dir='ltr'><strong>θέτην,</strong></span> <span class='ocrx_word' id='word_1_943' title='bbox 2449 5493 2828 5561; x_wconf 87' lang='grc' dir='ltr'><strong>καταγελῶσαι</strong></span> <span class='ocrx_word' id='word_1_944' title='bbox 2877 5493 2972 5545; x_wconf 88' lang='grc' dir='ltr'><strong>τοῦ</strong></span> <span class='ocrx_word' id='word_1_945' title='bbox 3005 5493 3275 5555; x_wconf 87' lang='grc' dir='ltr'><strong>διαϐόλου,</strong></span> <span class='ocrx_word' id='word_1_946' title='bbox 3323 5496 3401 5547; x_wconf 84' lang='grc' dir='ltr'><strong>ὅτι</strong></span> <span class='ocrx_word' id='word_1_947' title='bbox 3443 5496 3524 5558; x_wconf 89' lang='grc' dir='ltr'><strong>εἰς</strong></span> <span class='ocrx_word' id='word_1_948' title='bbox 3561 5495 3624 5548; x_wconf 88' lang='grc' dir='ltr'><strong>τὸ</strong></span> <span class='ocrx_word' id='word_1_949' title='bbox 3659 5497 3908 5554; x_wconf 82' lang='grc' dir='ltr'><strong>ἐναντίον</strong></span> 
     </span>
    </p>
   </div>
   <div class='ocr_carea' id='block_1_120' title="bbox 2231 5574 3906 5648">
    <p class='ocr_par' dir='ltr' id='par_1_120' title="bbox 2231 5574 3906 5648">
     <span class='ocr_line' id='line_1_120' title="bbox 2231 5574 3906 5648; baseline 0.014 -36"><span class='ocrx_word' id='word_1_950' title='bbox 2231 5578 2380 5648; x_wconf 67' lang='grc' dir='ltr'><strong>αὐτῷ</strong></span> <span class='ocrx_word' id='word_1_951' title='bbox 2415 5574 2756 5646; x_wconf 84' lang='grc' dir='ltr'><strong>περιετράπη</strong></span> <span class='ocrx_word' id='word_1_952' title='bbox 2789 5574 2849 5628; x_wconf 91' lang='grc' dir='ltr'><strong>τὸ</strong></span> <span class='ocrx_word' id='word_1_953' title='bbox 2900 5575 3162 5645; x_wconf 87' lang='grc' dir='ltr'><strong>σόφισμα,</strong></span> <span class='ocrx_word' id='word_1_954' title='bbox 3200 5577 3294 5628; x_wconf 78' lang='grc' dir='ltr'><strong>καὶ</strong></span> <span class='ocrx_word' id='word_1_955' title='bbox 3321 5578 3458 5647; x_wconf 84' lang='grc' dir='ltr'><strong>ὅπερ</strong></span> <span class='ocrx_word' id='word_1_956' title='bbox 3506 5577 3726 5648; x_wconf 85' lang='grc' dir='ltr'><strong>ἐνόμισε</strong></span> <span class='ocrx_word' id='word_1_957' title='bbox 3760 5585 3906 5636; x_wconf 82' lang='grc' dir='ltr'><strong>κατά</strong></span> 
     </span>
    </p>
   </div>
   <div class='ocr_carea' id='block_1_121' title="bbox 2233 5661 3904 5736">
    <p class='ocr_par' dir='ltr' id='par_1_121' title="bbox 2233 5661 3904 5736">
     <span class='ocr_line' id='line_1_121' title="bbox 2233 5661 3904 5736; baseline 0.002 -17"><span class='ocrx_word' id='word_1_958' title='bbox 2233 5665 2327 5720; x_wconf 87' lang='grc' dir='ltr'><strong>τοῦ</strong></span> <span class='ocrx_word' id='word_1_959' title='bbox 2362 5665 2636 5736; x_wconf 79' lang='grc' dir='ltr'><strong>μάρτυρος</strong></span> <span class='ocrx_word' id='word_1_960' title='bbox 2689 5665 2886 5724; x_wconf 88' lang='grc' dir='ltr'><strong>ποιεῖν,</strong></span> <span class='ocrx_word' id='word_1_961' title='bbox 2938 5661 3098 5715; x_wconf 89' lang='grc' dir='ltr'><strong>τοῦτο</strong></span> <span class='ocrx_word' id='word_1_962' title='bbox 3143 5662 3286 5733; x_wconf 82' lang='grc' dir='ltr'><strong>ὑπὲρ</strong></span> <span class='ocrx_word' id='word_1_963' title='bbox 3329 5662 3494 5718; x_wconf 89' lang='grc' dir='ltr'><strong>αὑτοῦ</strong></span> <span class='ocrx_word' id='word_1_964' title='bbox 3545 5664 3760 5734; x_wconf 85' lang='grc' dir='ltr'><strong>γέγονε.</strong></span> <span class='ocrx_word' id='word_1_965' title='bbox 3798 5669 3904 5722; x_wconf 73' lang='grc' dir='ltr'><strong>Καὶ</strong></span> 
     </span>
    </p>
   </div>
   <div class='ocr_carea' id='block_1_122' title="bbox 2233 5749 3912 5824">
    <p class='ocr_par' dir='ltr' id='par_1_122' title="bbox 2233 5749 3912 5824">
     <span class='ocr_line' id='line_1_122' title="bbox 2233 5749 3912 5824; baseline -0.001 -20"><span class='ocrx_word' id='word_1_966' title='bbox 2233 5753 2356 5805; x_wconf 89' lang='grc' dir='ltr'><strong>τότε</strong></span> <span class='ocrx_word' id='word_1_967' title='bbox 2387 5753 2486 5822; x_wconf 84' lang='grc' dir='ltr'><strong>μὲν</strong></span> <span class='ocrx_word' id='word_1_968' title='bbox 2515 5756 2613 5814; x_wconf 74' lang='grc' dir='ltr'><strong>τας</strong></span> <span class='ocrx_word' id='word_1_969' title='bbox 2641 5751 2826 5813; x_wconf 86' lang='grc' dir='ltr'><strong>πόλεις</strong></span> <span class='ocrx_word' id='word_1_970' title='bbox 2848 5750 3067 5812; x_wconf 85' lang='grc' dir='ltr'><strong>ἁπάσας</strong></span> <span class='ocrx_word' id='word_1_971' title='bbox 3094 5750 3309 5813; x_wconf 85' lang='grc' dir='ltr'><strong>ἐκείνας</strong></span> <span class='ocrx_word' id='word_1_972' title='bbox 3332 5749 3508 5820; x_wconf 79' lang='grc' dir='ltr'><strong>ὢνησε</strong></span> <span class='ocrx_word' id='word_1_973' title='bbox 3532 5753 3627 5804; x_wconf 76' lang='grc' dir='ltr'><strong>καὶ</strong></span> <span class='ocrx_word' id='word_1_974' title='bbox 3649 5753 3912 5824; x_wconf 83' lang='grc' dir='ltr'><strong>ἀνώρθω-</strong></span> 
     </span>
    </p>
   </div>
   <div class='ocr_carea' id='block_1_123' title="bbox 2241 5837 3907 5910">
    <p class='ocr_par' dir='ltr' id='par_1_123' title="bbox 2241 5837 3907 5910">
     <span class='ocr_line' id='line_1_123' title="bbox 2241 5837 3907 5910; baseline 0.001 -17"><span class='ocrx_word' id='word_1_975' title='bbox 2241 5857 2350 5894; x_wconf 82' lang='grc' dir='ltr'><strong>σεν·</strong></span> <span class='ocrx_word' id='word_1_976' title='bbox 2368 5839 2424 5906; x_wconf 77' lang='grc' dir='ltr'><strong>ἐξ</strong></span> <span class='ocrx_word' id='word_1_977' title='bbox 2446 5839 2652 5894; x_wconf 80' lang='grc' dir='ltr'><strong>ἐκείνου</strong></span> <span class='ocrx_word' id='word_1_978' title='bbox 2686 5838 2743 5894; x_wconf 77' lang='grc' dir='ltr'><strong>δὲ</strong></span> <span class='ocrx_word' id='word_1_979' title='bbox 2771 5839 2866 5892; x_wconf 74' lang='grc' dir='ltr'><strong>καὶ</strong></span> <span class='ocrx_word' id='word_1_980' title='bbox 2893 5839 3056 5910; x_wconf 82' lang='grc' dir='ltr'><strong>μέχρι</strong></span> <span class='ocrx_word' id='word_1_981' title='bbox 3083 5837 3184 5908; x_wconf 81' lang='grc' dir='ltr'><strong>τῆς</strong></span> <span class='ocrx_word' id='word_1_982' title='bbox 3205 5838 3486 5910; x_wconf 72' lang='grc' dir='ltr'><strong>παρούσης</strong></span> <span class='ocrx_word' id='word_1_983' title='bbox 3509 5838 3609 5910; x_wconf 82' lang='grc' dir='ltr'><strong>τὴν</strong></span> <span class='ocrx_word' id='word_1_984' title='bbox 3638 5839 3907 5910; x_wconf 79' lang='grc' dir='ltr'><strong>ὑμετέραν</strong></span> 
     </span>
    </p>
   </div>
  </div>
