4104 6446
412 453 520 512 593

413 569 672 623 miserunt
702 573 1078 636 praeceptorem
1106 577 1119 617 :
1145 560 1222 618 sic
1248 560 1405 616 etiam
1428 555 1686 612 abundius
1713 551 1767 608 in
1793 550 1995 622 lgnatio

411 659 609 714 factum
634 667 738 714 est.
770 657 952 728 Neque
977 656 1116 710 enim
1143 653 1272 708 solis
1299 651 1480 707 Roma:
1507 647 1882 711 habitantibus,
1906 658 2000 697 ve-

414 767 533 804 rum
563 750 724 805 etiam
755 747 1000 802 omnibus
1029 746 1080 800 in
1107 753 1219 799 toto
1247 743 1338 798 illo
1375 739 1577 796 itineris
1611 738 1782 806 spatio
1806 733 1996 791 civita-

413 843 560 897 tibus
586 841 877 911 interjectis
897 837 1226 894 admirabilis
1245 834 1497 905 magister
1517 831 1738 896 exstitit,
1767 843 2000 899 praesen-

415 945 527 992 tem
556 935 715 990 vitam
744 931 1186 989 contemnendam
1216 928 1434 991 docens,
1458 933 1511 981 et
1536 939 1597 980 ea
1623 938 1740 992 quae
1769 937 1998 977 cernun-

418 1040 509 1085 tur
545 1044 643 1100 pro
685 1026 851 1082 nihilo
886 1023 1152 1087 ducenda,
1198 1022 1369 1076 futura
1413 1029 1589 1074 autem
1630 1013 1916 1085 diligenda,
1946 1021 2001 1079 et

417 1124 606 1178 oculos
633 1125 686 1175 in
713 1121 901 1175 caelum
929 1118 1210 1180 tollendos,
1241 1116 1474 1185 nihilque
1503 1111 1642 1183 quod
1682 1111 1733 1166 in
1770 1108 1870 1163 bac
1893 1107 1999 1162 vita

421 1215 594 1286 possit
613 1212 875 1276 accidere,
898 1209 1232 1280 quantumvis
1253 1222 1431 1278 grave,
1457 1201 1838 1258 formidandum
1861 1213 1998 1253 esse.

421 1307 553 1363 Hmc
572 1305 714 1362 enim
733 1313 788 1360 et
813 1303 898 1357 his
921 1303 1068 1373 plura
1094 1300 1246 1355 factis
1265 1296 1615 1366 comprobans
1637 1295 1734 1347 iter
1755 1289 2000 1352 ficiebat,

422 1407 693 1466 tamquam
724 1394 805 1448 sol
835 1394 1044 1464 quidam
1072 1391 1138 1446 ab
1157 1390 1366 1446 oriente
1396 1387 1461 1440 ad
1488 1399 1734 1440 occasum
1760 1395 1999 1444 currens,

423 1490 536 1545 imo
562 1503 690 1543 vero
713 1487 826 1541 sole
855 1485 969 1554 ipso
996 1481 1326 1554 splendidior
1350 1479 1537 1533 multo.
1569 1476 1661 1532 Sol
1691 1475 1831 1531 enim
1856 1489 1885 1528 e
1910 1487 2001 1526 su-

427 1579 724 1651 perioribus
751 1575 988 1648 partibus
1008 1573 1274 1638 currebat,
1307 1569 1610 1626 sensibilem
1640 1567 1807 1622 oculis
1834 1564 2004 1618 lucem

424 1671 773 1739 impertiens;
819 1666 1049 1737 lgnatius
1083 1671 1260 1718 autem
1286 1661 1532 1716 deorsum
1559 1655 1888 1727 splendebat,
1921 1653 2007 1706 in-

427 1758 700 1830 tclligibile
742 1756 998 1811 doctrina:
1039 1754 1216 1808 lumen
1257 1750 1448 1805 animis
1487 1746 1766 1801 infundens
1796 1763 1810 1799 :
1837 1752 1892 1798 et
1921 1741 2010 1796 ille

426 1851 642 1923 quidem
673 1850 726 1904 in
758 1847 1050 1904 occidentis
1074 1851 1252 1915 partes
1277 1839 1604 1897 descendens
1630 1835 1972 1893 absconditur
1991 1873 2006 1900 ,

427 1960 495 1999 ac
525 1950 733 1997 noctem
759 1938 1036 1994 confestim
1062 1934 1310 1999 obducit;
1355 1933 1439 1986 hic
1481 1939 1658 1985 autem
1688 1927 1753 1982 ad
1792 1938 2011 1980 occasus

432 2042 608 2102 partes
630 2029 908 2094 accedens,
927 2025 1249 2097 splendidius
1273 2040 1324 2078 in
1347 2023 1449 2078 illis
1466 2021 1650 2086 eluxit,
1677 2027 1732 2074 et
1751 2017 1816 2073 de
1842 2015 2015 2072 omni-

432 2126 534 2180 bus
562 2125 613 2178 in
643 2132 750 2178 tota
779 2113 866 2176 illa
894 2121 979 2175 via
1009 2128 1091 2175 est
1115 2117 1312 2187 optime
1343 2115 1564 2170 meritus
1596 2132 1609 2167 :
1641 2125 1868 2181 cumque
1906 2107 2014 2162 Ro-

433 2232 574 2272 mam
605 2215 951 2286 pervenisset,
983 2227 1100 2268 eam
1143 2211 1309 2281 ipsam
1351 2207 1536 2262 urbem
1572 2204 1751 2260 docuit
1781 2201 2015 2272 philoso-

434 2309 607 2380 phari.
635 2307 836 2363 Idcirco
857 2307 996 2361 enim
1023 2305 1161 2358 Deus
1183 2300 1421 2373 permisit
1441 2299 1546 2353 illic
1569 2313 1687 2352 eum
1708 2295 1832 2348 vita:
1853 2293 2014 2347 finem

436 2403 678 2472 implere,
719 2409 774 2454 ut
803 2413 947 2453 mors
988 2397 1103 2467 ejus
1131 2394 1376 2449 omnibus
1409 2392 1632 2444 Romam
1660 2384 2018 2442 incolentibus

438 2496 650 2568 pietatis
688 2493 935 2564 magistra
978 2498 1140 2546 esset.
1180 2488 1290 2542 Vos
1335 2485 1478 2541 enim
1529 2497 1624 2553 per
1661 2479 1882 2551 gratiam
1925 2475 2017 2531 Dei

439 2567 581 2645 nulla
603 2586 828 2656 amplius
853 2581 1088 2653 egebatis
1110 2576 1456 2642 institutione,
1480 2590 1600 2629 cum
1622 2571 1810 2628 essetis
1837 2569 1885 2623 in
1916 2567 2019 2623 fide

439 2679 660 2736 radicati
688 2686 741 2732 et
767 2674 968 2730 fundati
993 2690 1005 2726 :
1029 2680 1084 2726 at
1113 2670 1186 2724 illi
1213 2668 1303 2740 qui
1330 2668 1514 2722 Romae
1536 2676 1662 2720 tunc
1690 2662 2017 2726 habitabant,

437 2789 560 2830 cum
587 2772 694 2826 illic
720 2783 907 2839 magna
943 2766 1143 2835 vigeret
1179 2762 1421 2830 impietas
1446 2799 1461 2824 ,
1494 2755 1694 2827 majore
1721 2753 1916 2808 auxilio
1941 2751 2024 2805 in-

439 2863 712 2935 digebant.
746 2861 869 2916 Ideo
894 2859 1098 2922 Petrus,
1127 2864 1181 2910 et
1205 2853 1420 2917 Paulus,
1438 2863 1491 2906 et
1510 2850 1738 2920 lgnatius
1761 2855 1877 2917 post
1906 2847 2023 2900 illos

440 2958 513 3011 ibi
547 2955 756 3009 fuerunt
781 2947 1057 3015 immolati,
1088 2956 1198 3002 tum
1223 2953 1283 2998 ut.
1309 2942 1574 2998 civitatem
1603 2939 1742 3008 illam
1763 2937 2022 2991 idolorum

439 3047 720 3103 cruoribus
751 3043 1003 3113 pollutam
1045 3037 1259 3109 proprio
1293 3034 1549 3104 sanguine
1578 3037 1884 3100 purgarent,
1916 3035 2023 3078 tum

441 3151 503 3195 ut
528 3139 778 3210 operibus
807 3135 934 3205 ipsis
959 3128 1367 3188 resurrectionis
1404 3126 1531 3182 Jesu
1566 3121 1764 3179 Christi
1789 3117 2024 3174 crucifixi

444 3207 805 3287 testimonium
831 3225 1100 3290 afferrent,
1133 3222 1562 3277 demonstrantes
1596 3215 1682 3279 iis,
1711 3211 1800 3282 qui
1841 3207 2026 3264 Roma:

444 3325 728 3395 degebant,
755 3337 816 3376 se
844 3327 1161 3390 praesentem
1204 3315 1364 3368 vitam
1409 3318 1556 3366 tanta
1594 3323 1714 3364 cum
1757 3305 2028 3375 voluptate

445 3430 736 3487 numquam
776 3413 938 3468 fuisse
975 3410 1338 3479 despecturos,
1369 3403 1471 3458 nisi
1515 3402 1615 3456 sibi
1653 3399 1874 3455 omnino
1909 3412 2029 3466 per—

445 3509 776 3572 suasissent,
808 3503 948 3576 quod
975 3502 1040 3557 ad
1072 3500 1382 3557 cruciﬁxum
1420 3497 1599 3552 Jesum
1631 3501 1810 3549 essent
1837 3504 2028 3545 ascen-

445 3605 583 3671 snri,
612 3603 888 3672 ipsumque
916 3599 967 3652 in
997 3595 1142 3652 uelis
1167 3593 1348 3648 visuri.
1377 3591 1490 3645 Hoc
1513 3589 1651 3643 enim
1683 3583 2031 3641 resurrectio-

448 3697 536 3750 nis
561 3701 927 3764 argumentum
949 3697 1031 3744 est
1059 3687 1365 3748 maximum,
1395 3681 1537 3753 quod
1566 3678 1812 3735 Christus
1843 3677 2032 3730 immo-

448 3788 590 3841 latus
621 3792 816 3838 tantam
861 3787 980 3850 post
1020 3787 1246 3832 mortem
1290 3773 1576 3844 potentiam
1617 3767 1942 3831 ostenderet,
1974 3773 2033 3820 ut

449 3877 753 3934 viventibus
796 3873 1100 3929 hominibus
1143 3867 1506 3940 persuaderet,
1539 3879 1636 3934 pro
1679 3864 1759 3917 sui
1803 3860 2034 3916 nominis

449 3970 789 4027 coiifessione
816 3966 1062 4036 patriam,
1092 3971 1146 4018 et
1171 3962 1380 4026 domos,
1403 3967 1457 4014 et
1485 3959 1707 4021 amicos,
1735 3963 1787 4008 et
1812 3951 2032 4022 propin-

449 4078 608 4135 quos,
627 4071 681 4116 et
701 4061 859 4113 vitam
887 4058 1054 4126 ipsam
1084 4051 1467 4124 aspernandam
1495 4059 1549 4104 et
1568 4046 2030 4109 contemnendam,

447 4172 521 4211 ac.
550 4155 666 4208 loco
706 4150 1046 4222 prazseutium
1087 4147 1413 4215 voluptatum
1445 4150 1498 4196 et
1521 4140 1765 4204 verbera,
1794 4147 1848 4192 et
1891 4152 2034 4208 pert-

449 4245 600 4310 cula,
628 4253 682 4300 et
711 4253 933 4296 mortem
960 4254 1079 4294 esse
1105 4235 1397 4292 subeunda.
1443 4233 1567 4287 Haec
1611 4231 1752 4286 enim
1794 4244 1898 4282 non
1940 4227 2035 4281 tie-

454 4333 648 4401 l‘uncti,
682 4347 852 4402 neque
881 4331 934 4384 in
962 4329 1208 4398 sepulcro
1230 4325 1497 4395 'degentis,
1534 4321 1626 4376 sed
1655 4321 1772 4391 ejus
1799 4319 1886 4388 qui
1917 4333 2039 4372 sur-

452 4427 687 4482 rexisset
727 4438 789 4477 ae
835 4422 1073 4480 viveret,
1105 4417 1354 4486 praeclara
1385 4421 1508 4469 sunt
1534 4426 1714 4481 opera.
1760 4406 2040 4477 Quomodo

455 4517 604 4573 enim
649 4522 793 4569 esset
835 4509 1146 4572 verisimile,
1191 4515 1249 4560 ut
1288 4520 1408 4560 cum
1457 4505 1570 4575 ipse
1606 4503 1826 4565 viveret,
1855 4513 2041 4554 omnes

457 4606 710 4677 apostoli,
738 4604 825 4674 qui
853 4617 972 4657 cum
995 4601 1086 4655 illo
1113 4598 1309 4654 versati
1341 4597 1568 4660 fuerant,
1598 4594 1786 4647 timore
1826 4600 2042 4646 conter-

459 4700 551 4755 riti
581 4698 714 4752 adeo
755 4695 951 4750 fuerint
992 4691 1264 4756 imbecilli,
1296 4697 1353 4743 ut
1381 4694 1760 4758 praeceptorem
1793 4681 2042 4753 prodide-

460 4791 595 4855 rint,
611 4800 663 4844 et
681 4785 979 4856 aufugerint
999 4801 1010 4837 :
1030 4791 1372 4852 posteaquam
1388 4788 1564 4833 autem
1583 4775 1861 4831 defunCtus
1881 4781 2044 4841 esset,

462 4899 573 4939 non
602 4882 772 4936 solum
805 4878 1016 4943 Petrus,
1045 4885 1096 4930 et
1123 4873 1337 4938 Paulus,
1369 4870 1462 4925 sed
1488 4869 1645 4924 etiam
1679 4867 1930 4937 lgnatius,
1955 4867 2047 4935 qui

462 4993 589 5034 eum
617 4989 722 5030 non
751 4973 974 5033 viderat,
997 4983 1096 5024 nec
1122 4967 1226 5022 ulla
1252 4982 1372 5021 eum
1402 4965 1516 5033 ipso
1540 4961 1894 5016 familiaritate
1919 4974 2050 5014 con-

464 5072 682 5141 iunctus
733 5065 940 5128 fuerat,
985 5071 1180 5117 tantam
1234 5074 1330 5130 pro
1375 5057 1464 5112 illo
1504 5053 1665 5110 animi
1721 5053 2048 5107 alacritatem

466 5160 812 5224 ostenderet,
851 5166 911 5211 ut
954 5169 1050 5225 pro
1093 5169 1158 5209 eo
1186 5153 1347 5206 vitam
1395 5149 1563 5218 ipsam
1593 5143 1914 5215 profundere
1942 5157 2049 5196 non

468 5248 776 5309 recusaret?

544 5348 598 5402 5.
627 5342 859 5415 Ignatius
885 5339 1002 5412 feris
1028 5337 1268 5408 objectus.
1295 5361 1364 5374 —-
1407 5330 1479 5387 Ut
1503 5329 1660 5401 igitur
1681 5327 1789 5393 illi,
1819 5325 1908 5396 qui
1942 5323 2050 5378 Ro-

474 5453 617 5493 mam
648 5433 972 5496 incolebant,
996 5431 1113 5484 baec
1137 5442 1256 5482 esse
1283 5439 1408 5479 vera
1432 5438 1489 5477 re
1511 5424 1622 5492 ipsa
1647 5425 2051 5490 cognoscerent,

477 5526 720 5599 permisit
751 5524 892 5578 Deus
917 5527 1158 5575 sanctum
1181 5517 1350 5571 virum
1377 5513 1484 5568 illic
1512 5521 1682 5566 morte
1710 5509 1869 5564 aflici.
1902 5506 2055 5575 Quod

476 5629 656 5674 autem
680 5616 795 5671 haec
823 5616 893 5668 sit
917 5627 1077 5669 causa
1096 5653 1112 5680 ,
1144 5626 1210 5665 ex
1258 5622 1454 5679 genere
1493 5607 1659 5675 ipsius
1687 5602 1873 5657 mortis
1897 5615 2060 5656 cona-

480 5713 580 5767 bor
599 5707 904 5765 ostendere.
929 5704 1110 5774 Neque
1135 5701 1277 5758 enim
1307 5707 1366 5754 ut
1410 5705 1559 5753 extra
1588 5710 1773 5750 muros
1808 5694 1860 5747 in
1900 5692 2059 5746 bara-

481 5801 622 5866 thro,
651 5808 744 5854 aut
770 5799 822 5852 in
843 5808 1082 5861 carcere,
1104 5800 1195 5848 aut
1212 5792 1263 5845 in
1289 5789 1483 5860 angulo
1503 5787 1681 5856 aliquo
1701 5783 2056 5847 occideretur,

485 5893 762 5947 daninatus
789 5885 1008 5958 est;sed
1036 5886 1088 5944 in
1117 5882 1292 5940 medio
1311 5878 1799 5950 theatro,universa
1844 5875 2060 5932 civitate

1561 442 1624 499 IN
1663 441 1721 498 S.
1760 435 2092 497 iGNATlUM
2129 432 2534 494 MARTYREM.

3576 440 3642 491 59
3658 439 3678 490 6

2107 563 2315 604 sursum
2354 546 2666 604 considente
2690 557 2744 604 et
2773 557 3071 619 spectante,
3095 549 3280 606 bestiis
3306 551 3357 605 in
3387 553 3557 625 ipsum
3586 553 3681 606 im-

2103 643 2279 696 missis
2325 648 2380 711 et
2429 641 2745 708 concitatis,
2798 641 3112 713 martyrium
3161 644 3427 712 pertulit:
3478 652 3536 697 ut
3585 646 3683 697 sub

2104 733 2342 786 omnium
2363 732 2533 786 oculis
2556 731 2812 786 adversus
2839 731 3106 788 diabolum
3141 744 3397 803 tropaeum
3427 734 3680 804 erigeret,

2105 834 2432 894 cunctosque
2457 834 2784 894 spectatores
2808 841 3027 881 suorum
3071 828 3419 882 certaminum
3449 829 3684 882 imitato-

2103 931 2194 971 res
2223 914 2478 980 efficeret,
2509 930 2628 970 cum
2657 932 2760 970 non
2799 917 2958 972 modo
2989 917 3216 984 fortiter,
3243 918 3334 974 sed
3362 919 3522 974 etiam
3565 935 3683 973 cum

2106 1006 2288 1061 lartitia
2337 1017 2562 1062 mortem
2613 1017 2922 1079 oppeteret,
2978 1008 3222 1080 ferasque
3272 1026 3390 1065 cum
3417 1013 3688 1082 voluptate

2106 1107 2396 1168 spectaret,
2427 1116 2531 1154 non
2559 1101 2710 1170 quasi
2739 1110 3018 1171 raperetur
3053 1118 3083 1157 e
3110 1105 3217 1157 vita
3238 1144 3255 1172 ,
3301 1105 3392 1160 sed
3418 1113 3684 1176 tamquam

2106 1189 2174 1243 ad
2204 1190 2363 1245 vitam
2393 1191 2668 1246 meliorem
2691 1207 2752 1246 ac
2774 1194 3194 1262 prmstantiorem
3221 1207 3519 1252 vocaretur.
3536 1196 3688 1252 Unde

2110 1283 2209 1339 hoc
2241 1284 2298 1337 fit
2321 1284 2696 1354 perspicuum?
2719 1284 2796 1340 Ex
2814 1287 2990 1342 verbis
3011 1330 3023 1354 ,
3049 1304 3165 1357 qure
3188 1290 3476 1344 moriturus
3505 1291 3688 1360 loque-

2109 1376 2282 1431 batur.
2313 1377 2444 1431 Cum
2468 1377 2607 1431 enim
2639 1377 2689 1432 id
2717 1393 2880 1448 genus
2909 1379 3150 1448 supplicii
3181 1379 3280 1433 sibi
3308 1394 3429 1435 esse
3458 1379 3688 1435 subeun-

2108 1466 2234 1521 dum
2258 1467 2642 1534 intellexisset,
2670 1467 2803 1539 Ego,
2834 1469 3023 1538 inquit,
3048 1469 3168 1539 feris
3184 1469 3285 1523 illis
3312 1469 3457 1538 fruar
3483 1472 3580 1541 (ιι).
3600 1470 3688 1525 Sic

2109 1560 2249 1614 enim
2277 1569 2468 1629 agunt,
2495 1561 2584 1631 qui
2613 1569 2794 1616 amant
2812 1579 2826 1626 ;
2844 1577 2963 1616 cum
2986 1577 3084 1630 pro
3106 1561 3169 1617 iis
3194 1562 3281 1632 qui
3305 1571 3570 1628 amantur,
3594 1563 3691 1616 ali—

2112 1652 2235 1722 quid
2276 1654 2549 1721 patiuntur
2571 1697 2585 1717 ,
2613 1652 2906 1724 gaudentes
2937 1655 2987 1709 id
3018 1654 3249 1724 faciunt,
3304 1665 3536 1726 tuncque
3587 1656 3686 1710 sibi

2112 1743 2358 1798 videntur
2408 1744 2603 1814 optatis
2649 1744 2881 1816 perfrui,
2937 1760 3056 1801 cum
3110 1762 3208 1814 ea,
3239 1763 3357 1817 quae
3385 1748 3689 1816 perferunt,

2113 1846 2237 1890 sunt
2256 1851 2412 1906 quam
2434 1837 2744 1906 gravissima
2772 1855 2786 1894 :
2814 1837 2954 1907 quod
2985 1837 3198 1909 quidem
3216 1839 3269 1892 in
3287 1838 3388 1894 hoc
3411 1840 3533 1896 item
3561 1854 3690 1894 con-

2115 1930 2250 2000 tigit.
2273 1930 2543 2000 Siquidem
2572 1945 2676 1985 non
2701 1941 2872 1987 morte
2904 1934 3097 2000 solum,
3118 1950 3300 1989 verum
3323 1935 3480 1991 etiam
3504 1917 3700 1989 alacri-

2115 2028 2225 2074 tate
2272 2019 2519 2075 studebat
2557 2023 2828 2091 apostolos
2854 2022 3080 2090 imitari;
3114 2033 3166 2080 et
3194 2025 3417 2081 audiens
3447 2027 3585 2097 quod
3619 2027 3693 2082 illi

2116 2111 2366 2183 ﬂagellati
2394 2128 2514 2168 cum
2546 2113 2739 2184 gaudio
2779 2115 2926 2170 ibant
2946 2132 2974 2171 e
2998 2129 3286 2186 conspectu
3313 2118 3522 2173 concilii
3559 2117 3693 2190 (Act.

2117 2204 2169 2260 5.
2202 2205 2294 2276 41)
2313 2248 2326 2272 ,
2352 2206 2518 2260 voluit
2550 2208 2708 2262 etiam
2738 2209 2854 2278 ipse
2885 2224 2988 2265 non
3014 2219 3186 2265 morte
3212 2210 3402 2274 solum,
3427 2211 3520 2267 sed
3537 2212 3696 2267 etiam

2119 2297 2297 2352 lzetitia
2336 2299 2603 2369 magistris
2640 2315 2759 2356 esse
2781 2302 2969 2357 similis
2999 2320 3012 2356 :
3046 2303 3264 2370 idcirco,
3289 2303 3436 2358 Feris
3456 2346 3470 2368 ,
3495 2304 3696 2375 inquit,

2121 2394 2282 2460 fruar.
2303 2392 2379 2446 Ac
2403 2392 2569 2447 multo
2589 2392 2801 2463 quidem
2824 2395 3031 2449 mitiora
3055 2397 3306 2451 censebat
3331 2412 3421 2450 ora
3444 2396 3696 2464 ferarum,

2120 2499 2278 2552 quam
2308 2487 2518 2555 tyranni
2541 2486 2773 2556 linguam
2806 2504 2818 2539 :
2853 2501 2950 2542 nec
2972 2488 3238 2543 immerito
3260 2505 3274 2553 ;
3298 2489 3556 2558 siquidem
3587 2488 3701 2544 Iure

2120 2576 2187 2631 ad
2215 2576 2514 2648 gehennam
2541 2578 2786 2644 vocabat,
2819 2580 2908 2634 illa
2952 2589 3129 2635 autem
3158 2580 3225 2634 ad
3264 2596 3484 2652 regnum
3518 2581 3698 2635 mitte-

2124 2671 2270 2725 bant.
2303 2669 2434 2726 Cum
2483 2671 2642 2741 igitur
2672 2671 2780 2727 illic
2827 2671 2989 2726 vitam
3030 2671 3330 2741 posuisset,
3360 2673 3467 2726 imo
3491 2687 3620 2726 vero
3649 2673 3703 2725 in

2124 2763 2310 2816 crium
2334 2761 2602 2833 profectus
2633 2772 2795 2831 esset,
2821 2779 3066 2819 reversus
3095 2772 3177 2818 cst
3202 2763 3454 2835 deinceps
3475 2779 3705 2819 corona-

2128 2863 2230 2908 tus.
2263 2853 2472 2909 Etenim
2499 2854 2548 2908 id
2579 2870 2792 2926 quoque
2826 2854 2923 2909 fuit
2963 2855 3055 2909 Dei
3086 2855 3458 2925 benignitatis,
3488 2855 3578 2925 qui
3607 2870 3705 2910 cu-

2127 2945 2264 2998 ravit
2289 2953 2344 2998 ut
2370 2946 2415 2999 is
2440 2960 2625 3000 rursus
2648 2945 2714 3000 ad
2747 2960 2842 3000 nos
2869 2944 3100 3012 rediret,
3147 2953 3202 3000 et
3239 2945 3537 3001 civitatibus
3561 2960 3705 3000 mar—

2131 3044 2298 3106 tyrem
2344 3036 2651 3103 impartivit.
2682 3035 2849 3090 Roma
2889 3037 3029 3089 enim
3059 3035 3344 3090 stillantem
3389 3036 3554 3105 ipsius
3579 3049 3704 3089 san-

2127 3128 2337 3196 guinem
2361 3127 2602 3196 excepit,
2627 3141 2720 3180 vos
2749 3135 2925 3182 autem
2955 3127 3205 3195 reliquias
3224 3127 3340 3196 ejus
3358 3127 3667 3196 suscepistis
3691 3143 3703 3178 :

2129 3232 2224 3271 vos
2258 3219 2399 3272 illius
2452 3219 2761 3287 episcopatu
2787 3217 2958 3288 gavisi
3005 3217 3167 3283 estis,
3197 3218 3271 3272 illi
3303 3217 3558 3289 martyrio
3585 3229 3710 3271 sunt

2129 3311 2291 3365 laetati
2341 3328 2354 3364 :
2394 3319 2688 3366 certantem
2728 3311 2800 3365 illi
2848 3319 2904 3366 et
2945 3311 3243 3366 vincentem
3294 3325 3358 3366 ac
3395 3319 3708 3366 coronatum

2130 3411 2554 3472 conspexerunt,
2610 3408 2704 3456 vos
2746 3412 3002 3472 perpetuo
3047 3401 3195 3455 illum
3229 3401 3556 3470 possidetis:
3601 3401 3714 3455 exi—

2131 3509 2290 3564 guum
2315 3493 2379 3546 ad
2407 3502 2616 3561 tempus
2641 3509 2760 3546 eum
2792 3493 2944 3546 vobis
2964 3491 3162 3546 ademit
3193 3491 3363 3554 Deus,
3391 3492 3485 3546 sed
3512 3491 3713 3562 majore

2133 3600 2253 3639 cum
2302 3584 2470 3654 gloria
2521 3584 2774 3638 restituit.
2831 3582 2900 3637 Et
2939 3583 3386 3652 quemadmodum
3433 3582 3712 3653 pecuniam

2134 3685 2438 3730 mutuantes
2462 3691 2581 3730 cum
2611 3675 2815 3730 foenore
2842 3691 2902 3730 ea
2932 3674 3183 3738 reddunt,
3211 3690 3330 3744 qua:
3358 3685 3711 3743 acceperunt:

2135 3771 2213 3822 sic
2230 3768 2388 3823 etiam
2420 3767 2560 3822 Deus
2589 3769 2880 3837 pretiosum
2929 3765 3068 3820 hunc
3114 3765 3421 3820 thesaurum
3449 3765 3717 3836 pauliSper

2137 3861 2463 3930 suscipiens,
2497 3871 2555 3915 ut
2579 3860 2887 3914 ostenderet
2910 3858 3096 3913 Romae
3117 3900 3132 3924 ,
3165 3857 3366 3927 majore
3386 3873 3506 3913 cum
3548 3859 3715 3928 gloria

2138 3954 2287 4009 illum
2311 3954 2462 4008 vobis
2482 3953 2681 4008 retulit.
2704 3951 2964 4006 Emisistis
2985 3951 3125 4005 enim
3154 3952 3484 4019 episcopum,
3503 3959 3556 4006 et
3579 3964 3720 4016 mar-

2139 4054 2309 4116 tyrem
2350 4044 2670 4114 recepistis:
2702 4042 2955 4097 emisistis
2992 4057 3112 4096 cum
3159 4041 3440 4112 precibus,
3494 4051 3550 4096 et
3597 4057 3716 4095 cum

2139 4143 2352 4192 coronis
2397 4137 2707 4206 suscepistis
2741 4154 2754 4189 :
2789 4151 2886 4191 nec
2912 4150 3038 4190 vero
3068 4150 3167 4190 vos
3209 4135 3339 4200 soli,
3372 4134 3465 4190 sed
3513 4145 3721 4188 cuncta:

2140 4243 2260 4297 quae
2307 4227 2603 4296 interjectm
2649 4235 2776 4281 sunt
2813 4226 3075 4281 civitates.
3127 4217 3406 4292 Quomodo
3448 4224 3590 4280 enim
3630 4239 3722 4278 eas

2142 4321 2360 4376 affectas
2387 4319 2704 4374 existimatis
2724 4360 2738 4384 ,
2780 4334 2900 4371 cum
2927 4327 3222 4388 reportatus
3259 4317 3510 4387 reliquias
3537 4331 3725 4371 cerne-

2145 4425 2265 4472 rent
2287 4416 2311 4470 ?
2331 4429 2487 4486 quem
2518 4413 2805 4482 voluptatis
2836 4411 3063 4466 fructum
3089 4410 3390 4481 percipere,
3419 4417 3610 4479 quanta
3633 4409 3725 4463 lae-

2146 4509 2262 4564 titia
2281 4509 2478 4580 gestire
2502 4507 2524 4561 ?
2548 4522 2706 4576 quam
2753 4505 2941 4560 faustis
2981 4505 3215 4574 undique
3256 4503 3725 4557 acclamatlonibus

2147 4611 2461 4659 coronatum
2492 4601 2763 4656 celebrare
2791 4603 2815 4652 ‘l
2840 4597 3297 4666 Quemadmodum
3325 4597 3466 4650 enim
3497 4595 3725 4665 pugilem

2149 4711 2487 4767 generosum,
2511 4696 2598 4764 qui
2624 4707 2812 4749 omnes
2834 4688 3088 4745 devicerit
3116 4687 3453 4742 adversarios
3473 4729 3487 4753 ,
3516 4695 3729 4756 specta-

2153 4796 2295 4843 tores
2315 4803 2346 4842 e
2371 4799 2530 4841 cavea
2557 4801 2676 4841 cum
2699 4785 2887 4854 plausu
2906 4787 3290 4850 consurgentes
3311 4778 3592 4833 sublimem
3617 4787 3731 4832 sta-

2153 4881 2248 4935 tim
2275 4879 2577 4950 excipiunt,
2621 4893 2720 4934 nec
2761 4885 2959 4931 terram
2988 4874 3252 4944 attingere
3298 4871 3571 4942 patiuntur
3591 4913 3607 4938 ,
3638 4871 3730 4926 sed

2155 4971 2419 5026 sublatum
2451 4965 2920 5044 innumerabilibus
2947 4963 3190 5018 laudibus
3216 4971 3492 5028 ornantes,
3516 4961 3732 5016 domum

2158 5074 2432 5134 reportant
2464 5081 2480 5117 :
2511 5063 2588 5117 sic
2614 5063 2793 5132 utique
2820 5069 2875 5114 et.
2901 5068 3141 5114 sanetum
3178 5057 3326 5112 illum
3356 5070 3542 5111 omnes
3566 5070 3629 5110 ex
3652 5070 3738 5108 or-

2156 5156 2281 5210 dine
2309 5154 2551 5209 civitates
2572 5153 2638 5208 ab
2668 5152 2800 5206 urbe
2825 5151 3050 5205 relatum
3095 5149 3443 5217 suscipientes
3472 5145 3739 5199 humeris-

2157 5262 2262 5317 que
2299 5255 2600 5316 gestantes,
2650 5242 2984 5298 Antiochiam
3049 5256 3218 5311 usque
3263 5249 3387 5294 sunt
3431 5237 3735 5297 comitatae,

2159 5347 2446 5410 martyrem
2478 5344 2790 5391 coronatum
2818 5335 3181 5396 celebrantes,
3218 5329 3493 5386 laudantes
3533 5343 3739 5396 agnito-

2163 5429 2362 5485 thetam
2387 5470 2400 5491 ,
2429 5427 2694 5482 diabolum
2725 5426 3028 5480 deridentes
3051 5465 3064 5488 ,
3096 5422 3237 5493 quod
3275 5419 3328 5475 e‘
3351 5419 3619 5476 contrario
3662 5419 3737 5473 illi

2162 5521 2390 5576 versutia
2413 5520 2773 5584 successisset,
2804 5525 2860 5572 et
2883 5531 3001 5586 quae
3031 5516 3082 5569 in
3121 5522 3409 5584 martyrem
3437 5521 3700 5567 struxerat
3724 5554 3738 5576 ,

2165 5613 2217 5666 in
2236 5628 2294 5667 se
2314 5610 2646 5666 recidissent.
2671 5609 2737 5662 Et
2758 5618 2881 5661 tunc
2906 5606 3119 5676 quidem
3147 5603 3352 5659 cunctis
3374 5604 3475 5658 illis
3512 5603 3742 5657 civitati-

2168 5702 2266 5757 bus
2292 5699 2487 5773 profuit
2537 5699 2959 5766 documentoque
3001 5694 3136 5762 fuit,
3191 5703 3245 5750 et
3290 5693 3556 5749 civitatem
3604 5691 3742 5746 hanc

2232 5878 2308 5942 (α)
2341 5885 2450 5927 tunc
2473 5875 2622 5926 verba
2649 5874 2694 5922 in
2717 5879 2759 5920 s.
2787 5871 2955 5936 tgnatii
2981 5870 3199 5932 startyrio
3221 5868 3451 5929 leguntur
