  <div class='ocr_page' id='page_1' title='image "/cluster/home/n/w/nwhite01/storage/ocr_20150623/50:no.2:pt.2/coo.31924054869494/191.png"; bbox 0 0 4104 6448; ppageno 0'>
   <div class='ocr_carea' id='block_1_1' title="bbox 298 394 489 466">
    <p class='ocr_par' dir='ltr' id='par_1_1' title="bbox 298 394 489 466">
     <span class='ocr_line' id='line_1_1' title="bbox 298 394 489 466; baseline 0.005 -17"><span class='ocrx_word' id='word_1_1' title='bbox 298 394 489 466; x_wconf 60' lang='grc' dir='ltr'><strong>,ωδ</strong></span> 
     </span>
    </p>
   </div>
   <div class='ocr_carea' id='block_1_2' title="bbox 392 500 1989 574">
    <p class='ocr_par' dir='ltr' id='par_1_2' title="bbox 392 500 1989 574">
     <span class='ocr_line' id='line_1_2' title="bbox 392 500 1989 574; baseline 0.002 -19"><span class='ocrx_word' id='word_1_2' title='bbox 392 517 559 572; x_wconf 91' lang='lat' dir='ltr'><strong>usque</strong></span> <span class='ocrx_word' id='word_1_3' title='bbox 580 500 634 558; x_wconf 86' lang='lat' dir='ltr'><strong>in</strong></span> <span class='ocrx_word' id='word_1_4' title='bbox 661 511 978 574; x_wconf 70' lang='lat' dir='ltr'><strong>praesentem</strong></span> <span class='ocrx_word' id='word_1_5' title='bbox 1004 501 1146 558; x_wconf 88' lang='lat' dir='ltr'><strong>diem</strong></span> <span class='ocrx_word' id='word_1_6' title='bbox 1169 503 1511 574; x_wconf 85' lang='lat' dir='ltr'><strong>locupletavit</strong></span> <span class='ocrx_word' id='word_1_7' title='bbox 1529 521 1543 570; x_wconf 94' lang='lat'><strong>;</strong></span> <span class='ocrx_word' id='word_1_8' title='bbox 1563 513 1690 559; x_wconf 89' lang='lat' dir='ltr'><strong>etut</strong></span> <span class='ocrx_word' id='word_1_9' title='bbox 1704 503 1989 560; x_wconf 71' lang='lat' dir='ltr'><strong>thesaurus</strong></span> 
     </span>
    </p>
   </div>
   <div class='ocr_carea' id='block_1_3' title="bbox 392 591 1985 667">
    <p class='ocr_par' dir='ltr' id='par_1_3' title="bbox 392 591 1985 667">
     <span class='ocr_line' id='line_1_3' title="bbox 392 591 1985 667; baseline -0.001 -17"><span class='ocrx_word' id='word_1_10' title='bbox 392 591 606 663; x_wconf 86' lang='lat' dir='ltr'><strong>quidam</strong></span> <span class='ocrx_word' id='word_1_11' title='bbox 636 603 951 666; x_wconf 89' lang='lat' dir='ltr'><strong>perpetuus,</strong></span> <span class='ocrx_word' id='word_1_12' title='bbox 980 595 1070 667; x_wconf 85' lang='lat' dir='ltr'><strong>qui</strong></span> <span class='ocrx_word' id='word_1_13' title='bbox 1101 595 1335 665; x_wconf 73' lang='lat' dir='ltr'><strong>quotidie</strong></span> <span class='ocrx_word' id='word_1_14' title='bbox 1368 596 1695 663; x_wconf 78' lang='lat' dir='ltr'><strong>exhauritur,</strong></span> <span class='ocrx_word' id='word_1_15' title='bbox 1725 611 1823 651; x_wconf 90' lang='lat' dir='ltr'><strong>nec</strong></span> <span class='ocrx_word' id='word_1_16' title='bbox 1849 595 1985 650; x_wconf 85' lang='lat' dir='ltr'><strong>deﬁ-</strong></span> 
     </span>
    </p>
   </div>
   <div class='ocr_carea' id='block_1_4' title="bbox 391 686 1990 755">
    <p class='ocr_par' dir='ltr' id='par_1_4' title="bbox 391 686 1990 755">
     <span class='ocr_line' id='line_1_4' title="bbox 391 686 1990 755; baseline 0.001 -14"><span class='ocrx_word' id='word_1_17' title='bbox 391 687 460 742; x_wconf 88' lang='lat' dir='ltr'><strong>cit</strong></span> <span class='ocrx_word' id='word_1_18' title='bbox 484 731 498 755; x_wconf 88' lang='lat'><strong>,</strong></span> <span class='ocrx_word' id='word_1_19' title='bbox 522 687 699 742; x_wconf 90' lang='lat' dir='ltr'><strong>cuncti</strong></span> <span class='ocrx_word' id='word_1_20' title='bbox 726 688 850 743; x_wconf 89' lang='lat' dir='ltr'><strong>licet</strong></span> <span class='ocrx_word' id='word_1_21' title='bbox 875 703 939 742; x_wconf 82' lang='lat' dir='ltr'><strong>ex</strong></span> <span class='ocrx_word' id='word_1_22' title='bbox 969 702 1035 742; x_wconf 89' lang='lat' dir='ltr'><strong>eo</strong></span> <span class='ocrx_word' id='word_1_23' title='bbox 1074 687 1369 754; x_wconf 86' lang='lat' dir='ltr'><strong>ditescant,</strong></span> <span class='ocrx_word' id='word_1_24' title='bbox 1396 686 1474 743; x_wconf 89' lang='lat' dir='ltr'><strong>sic</strong></span> <span class='ocrx_word' id='word_1_25' title='bbox 1501 687 1661 743; x_wconf 86' lang='lat' dir='ltr'><strong>etiam</strong></span> <span class='ocrx_word' id='word_1_26' title='bbox 1688 687 1874 742; x_wconf 89' lang='lat' dir='ltr'><strong>beatus</strong></span> <span class='ocrx_word' id='word_1_27' title='bbox 1901 686 1990 743; x_wconf 88' lang='lat' dir='ltr'><strong>hic</strong></span> 
     </span>
    </p>
   </div>
   <div class='ocr_carea' id='block_1_5' title="bbox 395 777 1985 848">
    <p class='ocr_par' dir='ltr' id='par_1_5' title="bbox 395 777 1985 848">
     <span class='ocr_line' id='line_1_5' title="bbox 395 777 1985 848; baseline 0.001 -16"><span class='ocrx_word' id='word_1_28' title='bbox 395 777 627 848; x_wconf 81' lang='lat' dir='ltr'><strong>lgnatius</strong></span> <span class='ocrx_word' id='word_1_29' title='bbox 671 787 892 834; x_wconf 89' lang='lat' dir='ltr'><strong>cunctos</strong></span> <span class='ocrx_word' id='word_1_30' title='bbox 917 778 982 833; x_wconf 91' lang='lat' dir='ltr'><strong>ad</strong></span> <span class='ocrx_word' id='word_1_31' title='bbox 1027 794 1086 834; x_wconf 91' lang='lat' dir='ltr'><strong>se</strong></span> <span class='ocrx_word' id='word_1_32' title='bbox 1129 778 1443 834; x_wconf 89' lang='lat' dir='ltr'><strong>accedentes</strong></span> <span class='ocrx_word' id='word_1_33' title='bbox 1491 779 1985 846; x_wconf 83' lang='lat' dir='ltr'><strong>benedictionibus,</strong></span> 
     </span>
    </p>
   </div>
   <div class='ocr_carea' id='block_1_6' title="bbox 395 870 1989 944">
    <p class='ocr_par' dir='ltr' id='par_1_6' title="bbox 395 870 1989 944">
     <span class='ocr_line' id='line_1_6' title="bbox 395 870 1989 944; baseline 0.003 -20"><span class='ocrx_word' id='word_1_34' title='bbox 395 870 584 925; x_wconf 88' lang='lat' dir='ltr'><strong>ﬁducia</strong></span> <span class='ocrx_word' id='word_1_35' title='bbox 606 910 622 937; x_wconf 89' lang='lat'><strong>,</strong></span> <span class='ocrx_word' id='word_1_36' title='bbox 653 879 708 926; x_wconf 90' lang='lat' dir='ltr'><strong>et</strong></span> <span class='ocrx_word' id='word_1_37' title='bbox 734 883 952 926; x_wconf 87' lang='lat' dir='ltr'><strong>strenua</strong></span> <span class='ocrx_word' id='word_1_38' title='bbox 977 871 1250 927; x_wconf 89' lang='lat' dir='ltr'><strong>alacritate</strong></span> <span class='ocrx_word' id='word_1_39' title='bbox 1273 911 1289 939; x_wconf 92' lang='lat'><strong>,</strong></span> <span class='ocrx_word' id='word_1_40' title='bbox 1339 886 1636 944; x_wconf 88' lang='lat' dir='ltr'><strong>magnaque</strong></span> <span class='ocrx_word' id='word_1_41' title='bbox 1680 870 1989 928; x_wconf 78' lang='lat' dir='ltr'><strong>fortitudine</strong></span> 
     </span>
    </p>
   </div>
   <div class='ocr_carea' id='block_1_7' title="bbox 396 963 1097 1032">
    <p class='ocr_par' dir='ltr' id='par_1_7' title="bbox 396 963 1097 1032">
     <span class='ocr_line' id='line_1_7' title="bbox 396 963 1097 1032; baseline 0.001 -15"><span class='ocrx_word' id='word_1_42' title='bbox 396 963 585 1032; x_wconf 88' lang='lat' dir='ltr'><strong>plenos</strong></span> <span class='ocrx_word' id='word_1_43' title='bbox 610 964 836 1019; x_wconf 86' lang='lat' dir='ltr'><strong>remittit</strong></span> <span class='ocrx_word' id='word_1_44' title='bbox 861 963 1097 1019; x_wconf 90' lang='lat' dir='ltr'><strong>domum.</strong></span> 
     </span>
    </p>
   </div>
   <div class='ocr_carea' id='block_1_8' title="bbox 467 1056 1988 1130">
    <p class='ocr_par' dir='ltr' id='par_1_8' title="bbox 467 1056 1988 1130">
     <span class='ocr_line' id='line_1_8' title="bbox 467 1056 1988 1130; baseline 0.001 -20"><span class='ocrx_word' id='word_1_45' title='bbox 467 1056 775 1110; x_wconf 82' lang='lat' dir='ltr'><strong>Sanctorum</strong></span> <span class='ocrx_word' id='word_1_46' title='bbox 801 1067 1120 1111; x_wconf 81' lang='lat' dir='ltr'><strong>monumenta</strong></span> <span class='ocrx_word' id='word_1_47' title='bbox 1137 1057 1418 1128; x_wconf 78' lang='lat' dir='ltr'><strong>spiritualis</strong></span> <span class='ocrx_word' id='word_1_48' title='bbox 1437 1057 1618 1130; x_wconf 74' lang='lat' dir='ltr'><strong>gratia:</strong></span> <span class='ocrx_word' id='word_1_49' title='bbox 1639 1056 1988 1126; x_wconf 60' lang='lat' dir='ltr'><strong>picum—Ita-</strong></span> 
     </span>
    </p>
   </div>
   <div class='ocr_carea' id='block_1_9' title="bbox 392 1146 1990 1219">
    <p class='ocr_par' dir='ltr' id='par_1_9' title="bbox 392 1146 1990 1219">
     <span class='ocr_line' id='line_1_9' title="bbox 392 1146 1990 1219; baseline -0.002 -17"><span class='ocrx_word' id='word_1_50' title='bbox 392 1162 497 1216; x_wconf 87' lang='lat' dir='ltr'><strong>que</strong></span> <span class='ocrx_word' id='word_1_51' title='bbox 516 1162 622 1202; x_wconf 92' lang='lat' dir='ltr'><strong>non</strong></span> <span class='ocrx_word' id='word_1_52' title='bbox 646 1146 802 1202; x_wconf 84' lang='lat' dir='ltr'><strong>hodie</strong></span> <span class='ocrx_word' id='word_1_53' title='bbox 823 1147 1158 1219; x_wconf 68' lang='lat' dir='ltr'><strong>tantum,scd</strong></span> <span class='ocrx_word' id='word_1_54' title='bbox 1186 1147 1423 1216; x_wconf 89' lang='lat' dir='ltr'><strong>quotidie</strong></span> <span class='ocrx_word' id='word_1_55' title='bbox 1453 1147 1519 1202; x_wconf 90' lang='lat' dir='ltr'><strong>ad</strong></span> <span class='ocrx_word' id='word_1_56' title='bbox 1549 1148 1721 1219; x_wconf 90' lang='lat' dir='ltr'><strong>ipsum</strong></span> <span class='ocrx_word' id='word_1_57' title='bbox 1749 1146 1990 1202; x_wconf 83' lang='lat' dir='ltr'><strong>conflua-</strong></span> 
     </span>
    </p>
   </div>
   <div class='ocr_carea' id='block_1_10' title="bbox 394 1239 1990 1312">
    <p class='ocr_par' dir='ltr' id='par_1_10' title="bbox 394 1239 1990 1312">
     <span class='ocr_line' id='line_1_10' title="bbox 394 1239 1990 1312; baseline 0.003 -21"><span class='ocrx_word' id='word_1_58' title='bbox 394 1253 512 1293; x_wconf 92' lang='lat' dir='ltr'><strong>mus</strong></span> <span class='ocrx_word' id='word_1_59' title='bbox 535 1279 550 1302; x_wconf 90' lang='lat'><strong>,</strong></span> <span class='ocrx_word' id='word_1_60' title='bbox 573 1239 878 1309; x_wconf 75' lang='lat' dir='ltr'><strong>Spirituales</strong></span> <span class='ocrx_word' id='word_1_61' title='bbox 902 1256 969 1294; x_wconf 83' lang='lat' dir='ltr'><strong>ex</strong></span> <span class='ocrx_word' id='word_1_62' title='bbox 995 1255 1060 1296; x_wconf 89' lang='lat' dir='ltr'><strong>eo</strong></span> <span class='ocrx_word' id='word_1_63' title='bbox 1087 1241 1288 1296; x_wconf 83' lang='lat' dir='ltr'><strong>fructus</strong></span> <span class='ocrx_word' id='word_1_64' title='bbox 1328 1240 1696 1312; x_wconf 90' lang='lat' dir='ltr'><strong>decerpentes.</strong></span> <span class='ocrx_word' id='word_1_65' title='bbox 1737 1240 1990 1311; x_wconf 87' lang='lat' dir='ltr'><strong>Quisquis</strong></span> 
     </span>
    </p>
   </div>
   <div class='ocr_carea' id='block_1_11' title="bbox 397 1332 1993 1404">
    <p class='ocr_par' dir='ltr' id='par_1_11' title="bbox 397 1332 1993 1404">
     <span class='ocr_line' id='line_1_11' title="bbox 397 1332 1993 1404; baseline 0.001 -18"><span class='ocrx_word' id='word_1_66' title='bbox 397 1333 540 1387; x_wconf 87' lang='lat' dir='ltr'><strong>enim</strong></span> <span class='ocrx_word' id='word_1_67' title='bbox 565 1348 684 1387; x_wconf 89' lang='lat' dir='ltr'><strong>cum</strong></span> <span class='ocrx_word' id='word_1_68' title='bbox 709 1332 812 1387; x_wconf 91' lang='lat' dir='ltr'><strong>ﬁde</strong></span> <span class='ocrx_word' id='word_1_69' title='bbox 837 1333 903 1388; x_wconf 89' lang='lat' dir='ltr'><strong>ad</strong></span> <span class='ocrx_word' id='word_1_70' title='bbox 925 1333 1073 1389; x_wconf 87' lang='lat' dir='ltr'><strong>illum</strong></span> <span class='ocrx_word' id='word_1_71' title='bbox 1102 1333 1328 1404; x_wconf 86' lang='lat' dir='ltr'><strong>accedit,</strong></span> <span class='ocrx_word' id='word_1_72' title='bbox 1353 1334 1558 1404; x_wconf 91' lang='lat' dir='ltr'><strong>magnis</strong></span> <span class='ocrx_word' id='word_1_73' title='bbox 1581 1332 1808 1388; x_wconf 88' lang='lat' dir='ltr'><strong>afﬁcitur</strong></span> <span class='ocrx_word' id='word_1_74' title='bbox 1828 1333 1993 1388; x_wconf 90' lang='lat' dir='ltr'><strong>bene-</strong></span> 
     </span>
    </p>
   </div>
   <div class='ocr_carea' id='block_1_12' title="bbox 397 1423 1989 1495">
    <p class='ocr_par' dir='ltr' id='par_1_12' title="bbox 397 1423 1989 1495">
     <span class='ocr_line' id='line_1_12' title="bbox 397 1423 1989 1495; baseline 0.001 -18"><span class='ocrx_word' id='word_1_75' title='bbox 397 1423 528 1478; x_wconf 75' lang='lat' dir='ltr'><strong>ficiis</strong></span> <span class='ocrx_word' id='word_1_76' title='bbox 561 1441 574 1478; x_wconf 92' lang='lat'>:</span> <span class='ocrx_word' id='word_1_77' title='bbox 602 1432 908 1478; x_wconf 83' lang='lat' dir='ltr'><strong>sanctorum</strong></span> <span class='ocrx_word' id='word_1_78' title='bbox 937 1425 1080 1480; x_wconf 88' lang='lat' dir='ltr'><strong>enim</strong></span> <span class='ocrx_word' id='word_1_79' title='bbox 1122 1440 1230 1479; x_wconf 91' lang='lat' dir='ltr'><strong>non</strong></span> <span class='ocrx_word' id='word_1_80' title='bbox 1271 1424 1432 1479; x_wconf 88' lang='lat' dir='ltr'><strong>modo</strong></span> <span class='ocrx_word' id='word_1_81' title='bbox 1458 1439 1683 1495; x_wconf 87' lang='lat' dir='ltr'><strong>corpora</strong></span> <span class='ocrx_word' id='word_1_82' title='bbox 1703 1465 1719 1493; x_wconf 91' lang='lat'><strong>,</strong></span> <span class='ocrx_word' id='word_1_83' title='bbox 1751 1423 1845 1479; x_wconf 91' lang='lat' dir='ltr'><strong>sed</strong></span> <span class='ocrx_word' id='word_1_84' title='bbox 1891 1423 1989 1493; x_wconf 85' lang='lat' dir='ltr'><strong>ipsi</strong></span> 
     </span>
    </p>
   </div>
   <div class='ocr_carea' id='block_1_13' title="bbox 396 1515 1988 1589">
    <p class='ocr_par' dir='ltr' id='par_1_13' title="bbox 396 1515 1988 1589">
     <span class='ocr_line' id='line_1_13' title="bbox 396 1515 1988 1589; baseline 0.001 -19"><span class='ocrx_word' id='word_1_85' title='bbox 396 1515 557 1571; x_wconf 84' lang='lat' dir='ltr'><strong>loculi</strong></span> <span class='ocrx_word' id='word_1_86' title='bbox 586 1526 641 1572; x_wconf 91' lang='lat' dir='ltr'><strong>et</strong></span> <span class='ocrx_word' id='word_1_87' title='bbox 667 1526 1014 1573; x_wconf 87' lang='lat' dir='ltr'><strong>monumenta</strong></span> <span class='ocrx_word' id='word_1_88' title='bbox 1046 1518 1305 1589; x_wconf 87' lang='lat' dir='ltr'><strong>spirituali</strong></span> <span class='ocrx_word' id='word_1_89' title='bbox 1333 1519 1502 1589; x_wconf 89' lang='lat' dir='ltr'><strong>gratia</strong></span> <span class='ocrx_word' id='word_1_90' title='bbox 1551 1516 1796 1574; x_wconf 88' lang='lat' dir='ltr'><strong>conferta</strong></span> <span class='ocrx_word' id='word_1_91' title='bbox 1845 1525 1988 1572; x_wconf 90' lang='lat' dir='ltr'><strong>sunt.</strong></span> 
     </span>
    </p>
   </div>
   <div class='ocr_carea' id='block_1_14' title="bbox 395 1607 1990 1681">
    <p class='ocr_par' dir='ltr' id='par_1_14' title="bbox 395 1607 1990 1681">
     <span class='ocr_line' id='line_1_14' title="bbox 395 1607 1990 1681; baseline 0.001 -19"><span class='ocrx_word' id='word_1_92' title='bbox 395 1607 526 1663; x_wconf 82' lang='lat' dir='ltr'><strong>Nam</strong></span> <span class='ocrx_word' id='word_1_93' title='bbox 555 1609 601 1664; x_wconf 90' lang='lat' dir='ltr'><strong>si</strong></span> <span class='ocrx_word' id='word_1_94' title='bbox 629 1609 681 1666; x_wconf 91' lang='lat' dir='ltr'><strong>in</strong></span> <span class='ocrx_word' id='word_1_95' title='bbox 711 1611 906 1666; x_wconf 82' lang='lat' dir='ltr'><strong>Elisaeo</strong></span> <span class='ocrx_word' id='word_1_96' title='bbox 936 1609 987 1666; x_wconf 88' lang='lat' dir='ltr'><strong>id</strong></span> <span class='ocrx_word' id='word_1_97' title='bbox 1015 1611 1258 1681; x_wconf 83' lang='lat' dir='ltr'><strong>contigit,</strong></span> <span class='ocrx_word' id='word_1_98' title='bbox 1296 1620 1354 1666; x_wconf 88' lang='lat' dir='ltr'><strong>ut</strong></span> <span class='ocrx_word' id='word_1_99' title='bbox 1380 1610 1662 1666; x_wconf 87' lang='lat' dir='ltr'><strong>defunctus</strong></span> <span class='ocrx_word' id='word_1_100' title='bbox 1686 1609 1990 1680; x_wconf 85' lang='lat' dir='ltr'><strong>sepulcrum</strong></span> 
     </span>
    </p>
   </div>
   <div class='ocr_carea' id='block_1_15' title="bbox 392 1700 1988 1775">
    <p class='ocr_par' dir='ltr' id='par_1_15' title="bbox 392 1700 1988 1775">
     <span class='ocr_line' id='line_1_15' title="bbox 392 1700 1988 1775; baseline 0.003 -22"><span class='ocrx_word' id='word_1_101' title='bbox 392 1700 509 1769; x_wconf 89' lang='lat' dir='ltr'><strong>ejus</strong></span> <span class='ocrx_word' id='word_1_102' title='bbox 529 1701 797 1772; x_wconf 88' lang='lat' dir='ltr'><strong>attingens</strong></span> <span class='ocrx_word' id='word_1_103' title='bbox 839 1703 1027 1758; x_wconf 89' lang='lat' dir='ltr'><strong>mortis</strong></span> <span class='ocrx_word' id='word_1_104' title='bbox 1054 1703 1265 1758; x_wconf 89' lang='lat' dir='ltr'><strong>vincula</strong></span> <span class='ocrx_word' id='word_1_105' title='bbox 1296 1702 1605 1759; x_wconf 83' lang='lat' dir='ltr'><strong>dissolverit</strong></span> <span class='ocrx_word' id='word_1_106' title='bbox 1630 1703 1708 1774; x_wconf 76' lang='grc'><strong>(4.</strong></span> <span class='ocrx_word' id='word_1_107' title='bbox 1741 1703 1870 1775; x_wconf 85' lang='lat' dir='ltr'><strong>Reg.</strong></span> <span class='ocrx_word' id='word_1_108' title='bbox 1900 1703 1988 1758; x_wconf 77' lang='grc'><strong>15.</strong></span> 
     </span>
    </p>
   </div>
   <div class='ocr_carea' id='block_1_16' title="bbox 392 1791 1992 1866">
    <p class='ocr_par' dir='ltr' id='par_1_16' title="bbox 392 1791 1992 1866">
     <span class='ocr_line' id='line_1_16' title="bbox 392 1791 1992 1866; baseline 0.003 -20"><span class='ocrx_word' id='word_1_109' title='bbox 392 1791 509 1863; x_wconf 72' lang='lat' dir='ltr'><strong>2t),</strong></span> <span class='ocrx_word' id='word_1_110' title='bbox 548 1801 604 1848; x_wconf 91' lang='lat' dir='ltr'><strong>et</strong></span> <span class='ocrx_word' id='word_1_111' title='bbox 643 1795 709 1848; x_wconf 92' lang='lat' dir='ltr'><strong>ad</strong></span> <span class='ocrx_word' id='word_1_112' title='bbox 739 1794 900 1848; x_wconf 87' lang='lat' dir='ltr'><strong>vitam</strong></span> <span class='ocrx_word' id='word_1_113' title='bbox 929 1809 1138 1850; x_wconf 89' lang='lat' dir='ltr'><strong>rursum</strong></span> <span class='ocrx_word' id='word_1_114' title='bbox 1179 1794 1433 1862; x_wconf 90' lang='lat' dir='ltr'><strong>redierit;</strong></span> <span class='ocrx_word' id='word_1_115' title='bbox 1467 1795 1637 1850; x_wconf 88' lang='lat' dir='ltr'><strong>multo</strong></span> <span class='ocrx_word' id='word_1_116' title='bbox 1666 1795 1834 1866; x_wconf 85' lang='lat' dir='ltr'><strong>magis</strong></span> <span class='ocrx_word' id='word_1_117' title='bbox 1888 1793 1992 1850; x_wconf 88' lang='lat' dir='ltr'><strong>hoc</strong></span> 
     </span>
    </p>
   </div>
   <div class='ocr_carea' id='block_1_17' title="bbox 400 1884 1988 1956">
    <p class='ocr_par' dir='ltr' id='par_1_17' title="bbox 400 1884 1988 1956">
     <span class='ocr_line' id='line_1_17' title="bbox 400 1884 1988 1956; baseline 0.001 -20"><span class='ocrx_word' id='word_1_118' title='bbox 400 1890 661 1953; x_wconf 89' lang='lat' dir='ltr'><strong>tempore,</strong></span> <span class='ocrx_word' id='word_1_119' title='bbox 689 1899 795 1954; x_wconf 90' lang='lat' dir='ltr'><strong>quo</strong></span> <span class='ocrx_word' id='word_1_120' title='bbox 823 1885 990 1956; x_wconf 86' lang='lat' dir='ltr'><strong>gratia</strong></span> <span class='ocrx_word' id='word_1_121' title='bbox 1027 1884 1262 1954; x_wconf 89' lang='lat' dir='ltr'><strong>uberior,</strong></span> <span class='ocrx_word' id='word_1_122' title='bbox 1293 1884 1526 1956; x_wconf 86' lang='lat' dir='ltr'><strong>Spiritus</strong></span> <span class='ocrx_word' id='word_1_123' title='bbox 1567 1885 1740 1956; x_wconf 81' lang='lat' dir='ltr'><strong>major</strong></span> <span class='ocrx_word' id='word_1_124' title='bbox 1767 1893 1850 1940; x_wconf 89' lang='lat' dir='ltr'><strong>est</strong></span> <span class='ocrx_word' id='word_1_125' title='bbox 1877 1885 1988 1952; x_wconf 80' lang='lat' dir='ltr'><strong>vis;</strong></span> 
     </span>
    </p>
   </div>
   <div class='ocr_carea' id='block_1_18' title="bbox 393 1974 1992 2048">
    <p class='ocr_par' dir='ltr' id='par_1_18' title="bbox 393 1974 1992 2048">
     <span class='ocr_line' id='line_1_18' title="bbox 393 1974 1992 2048; baseline 0.001 -19"><span class='ocrx_word' id='word_1_126' title='bbox 393 1983 452 2030; x_wconf 84' lang='lat' dir='ltr'><strong>ut</strong></span> <span class='ocrx_word' id='word_1_127' title='bbox 476 1975 520 2029; x_wconf 90' lang='lat' dir='ltr'><strong>si</strong></span> <span class='ocrx_word' id='word_1_128' title='bbox 549 1989 673 2030; x_wconf 90' lang='lat' dir='ltr'><strong>cum</strong></span> <span class='ocrx_word' id='word_1_129' title='bbox 703 1974 808 2030; x_wconf 92' lang='lat' dir='ltr'><strong>ﬁde</strong></span> <span class='ocrx_word' id='word_1_130' title='bbox 857 1975 1052 2046; x_wconf 89' lang='lat' dir='ltr'><strong>aliquis</strong></span> <span class='ocrx_word' id='word_1_131' title='bbox 1092 1991 1271 2031; x_wconf 88' lang='lat' dir='ltr'><strong>arcam</strong></span> <span class='ocrx_word' id='word_1_132' title='bbox 1302 1976 1559 2048; x_wconf 88' lang='lat' dir='ltr'><strong>attingat,</strong></span> <span class='ocrx_word' id='word_1_133' title='bbox 1589 1991 1836 2047; x_wconf 86' lang='lat' dir='ltr'><strong>magnam</strong></span> <span class='ocrx_word' id='word_1_134' title='bbox 1867 1975 1992 2031; x_wconf 90' lang='lat' dir='ltr'><strong>inde</strong></span> 
     </span>
    </p>
   </div>
   <div class='ocr_carea' id='block_1_19' title="bbox 394 2068 1991 2140">
    <p class='ocr_par' dir='ltr' id='par_1_19' title="bbox 394 2068 1991 2140">
     <span class='ocr_line' id='line_1_19' title="bbox 394 2068 1991 2140; baseline 0.002 -20"><span class='ocrx_word' id='word_1_135' title='bbox 394 2068 644 2124; x_wconf 79' lang='lat' dir='ltr'><strong>virtutem</strong></span> <span class='ocrx_word' id='word_1_136' title='bbox 673 2068 903 2125; x_wconf 86' lang='lat' dir='ltr'><strong>hauriat.</strong></span> <span class='ocrx_word' id='word_1_137' title='bbox 927 2068 1052 2125; x_wconf 88' lang='lat' dir='ltr'><strong>Ideo</strong></span> <span class='ocrx_word' id='word_1_138' title='bbox 1081 2069 1329 2140; x_wconf 89' lang='lat' dir='ltr'><strong>reliquias</strong></span> <span class='ocrx_word' id='word_1_139' title='bbox 1350 2079 1656 2125; x_wconf 90' lang='lat' dir='ltr'><strong>sanctorum</strong></span> <span class='ocrx_word' id='word_1_140' title='bbox 1682 2069 1838 2125; x_wconf 91' lang='lat' dir='ltr'><strong>nobis</strong></span> <span class='ocrx_word' id='word_1_141' title='bbox 1862 2083 1991 2125; x_wconf 84' lang='lat' dir='ltr'><strong>con-</strong></span> 
     </span>
    </p>
   </div>
   <div class='ocr_carea' id='block_1_20' title="bbox 393 2159 1990 2231">
    <p class='ocr_par' dir='ltr' id='par_1_20' title="bbox 393 2159 1990 2231">
     <span class='ocr_line' id='line_1_20' title="bbox 393 2159 1990 2231; baseline 0.002 -17"><span class='ocrx_word' id='word_1_142' title='bbox 393 2159 555 2214; x_wconf 76' lang='lat' dir='ltr'><strong>cessit</strong></span> <span class='ocrx_word' id='word_1_143' title='bbox 583 2159 758 2226; x_wconf 85' lang='lat' dir='ltr'><strong>Deus,</strong></span> <span class='ocrx_word' id='word_1_144' title='bbox 791 2159 981 2215; x_wconf 89' lang='lat' dir='ltr'><strong>volens</strong></span> <span class='ocrx_word' id='word_1_145' title='bbox 1024 2174 1124 2215; x_wconf 91' lang='lat' dir='ltr'><strong>nos</strong></span> <span class='ocrx_word' id='word_1_146' title='bbox 1172 2159 1238 2215; x_wconf 90' lang='lat' dir='ltr'><strong>ad</strong></span> <span class='ocrx_word' id='word_1_147' title='bbox 1263 2159 1513 2222; x_wconf 88' lang='lat' dir='ltr'><strong>eumdem</strong></span> <span class='ocrx_word' id='word_1_148' title='bbox 1542 2159 1716 2216; x_wconf 87' lang='lat' dir='ltr'><strong>zelum</strong></span> <span class='ocrx_word' id='word_1_149' title='bbox 1746 2175 1845 2231; x_wconf 90' lang='lat' dir='ltr'><strong>per</strong></span> <span class='ocrx_word' id='word_1_150' title='bbox 1871 2160 1990 2217; x_wconf 91' lang='lat' dir='ltr'><strong>illos</strong></span> 
     </span>
    </p>
   </div>
   <div class='ocr_carea' id='block_1_21' title="bbox 393 2249 1988 2324">
    <p class='ocr_par' dir='ltr' id='par_1_21' title="bbox 393 2249 1988 2324">
     <span class='ocr_line' id='line_1_21' title="bbox 393 2249 1988 2324; baseline 0.003 -20"><span class='ocrx_word' id='word_1_151' title='bbox 393 2249 692 2318; x_wconf 81' lang='lat' dir='ltr'><strong>adducere,</strong></span> <span class='ocrx_word' id='word_1_152' title='bbox 726 2260 781 2307; x_wconf 90' lang='lat' dir='ltr'><strong>et</strong></span> <span class='ocrx_word' id='word_1_153' title='bbox 809 2252 962 2308; x_wconf 88' lang='lat' dir='ltr'><strong>nobis</strong></span> <span class='ocrx_word' id='word_1_154' title='bbox 989 2253 1140 2324; x_wconf 87' lang='lat' dir='ltr'><strong>quasi</strong></span> <span class='ocrx_word' id='word_1_155' title='bbox 1175 2261 1387 2323; x_wconf 89' lang='lat' dir='ltr'><strong>portum</strong></span> <span class='ocrx_word' id='word_1_156' title='bbox 1417 2253 1656 2323; x_wconf 68' lang='lat' dir='ltr'><strong>praebere</strong></span> <span class='ocrx_word' id='word_1_157' title='bbox 1695 2261 1748 2309; x_wconf 91' lang='lat' dir='ltr'><strong>et</strong></span> <span class='ocrx_word' id='word_1_158' title='bbox 1777 2253 1988 2309; x_wconf 81' lang='lat' dir='ltr'><strong>ﬁrmum</strong></span> 
     </span>
    </p>
   </div>
   <div class='ocr_carea' id='block_1_22' title="bbox 393 2339 1991 2413">
    <p class='ocr_par' dir='ltr' id='par_1_22' title="bbox 393 2339 1991 2413">
     <span class='ocr_line' id='line_1_22' title="bbox 393 2339 1991 2413; baseline 0.003 -19"><span class='ocrx_word' id='word_1_159' title='bbox 393 2339 642 2396; x_wconf 89' lang='lat' dir='ltr'><strong>solatium</strong></span> <span class='ocrx_word' id='word_1_160' title='bbox 665 2343 926 2397; x_wconf 88' lang='lat' dir='ltr'><strong>malorum</strong></span> <span class='ocrx_word' id='word_1_161' title='bbox 945 2358 1063 2413; x_wconf 66' lang='lat' dir='ltr'><strong>quae</strong></span> <span class='ocrx_word' id='word_1_162' title='bbox 1092 2357 1190 2398; x_wconf 92' lang='lat' dir='ltr'><strong>nos</strong></span> <span class='ocrx_word' id='word_1_163' title='bbox 1213 2343 1427 2398; x_wconf 88' lang='lat' dir='ltr'><strong>assidue</strong></span> <span class='ocrx_word' id='word_1_164' title='bbox 1451 2343 1768 2413; x_wconf 85' lang='lat' dir='ltr'><strong>corripiunt.</strong></span> <span class='ocrx_word' id='word_1_165' title='bbox 1793 2343 1991 2410; x_wconf 89' lang='lat' dir='ltr'><strong>Quam-</strong></span> 
     </span>
    </p>
   </div>
   <div class='ocr_carea' id='block_1_23' title="bbox 395 2431 1989 2507">
    <p class='ocr_par' dir='ltr' id='par_1_23' title="bbox 395 2431 1989 2507">
     <span class='ocr_line' id='line_1_23' title="bbox 395 2431 1989 2507; baseline 0.001 -21"><span class='ocrx_word' id='word_1_166' title='bbox 395 2431 579 2488; x_wconf 86' lang='lat' dir='ltr'><strong>obrem</strong></span> <span class='ocrx_word' id='word_1_167' title='bbox 610 2447 704 2488; x_wconf 90' lang='lat' dir='ltr'><strong>vos</strong></span> <span class='ocrx_word' id='word_1_168' title='bbox 729 2448 916 2489; x_wconf 89' lang='lat' dir='ltr'><strong>omnes</strong></span> <span class='ocrx_word' id='word_1_169' title='bbox 941 2433 1214 2500; x_wconf 87' lang='lat' dir='ltr'><strong>cohortor,</strong></span> <span class='ocrx_word' id='word_1_170' title='bbox 1256 2432 1486 2502; x_wconf 81' lang='lat' dir='ltr'><strong>fratres,</strong></span> <span class='ocrx_word' id='word_1_171' title='bbox 1519 2434 1566 2489; x_wconf 88' lang='lat' dir='ltr'><strong>si</strong></span> <span class='ocrx_word' id='word_1_172' title='bbox 1589 2435 1709 2505; x_wconf 85' lang='lat' dir='ltr'><strong>quis</strong></span> <span class='ocrx_word' id='word_1_173' title='bbox 1753 2441 1989 2507; x_wconf 70' lang='lat' dir='ltr'><strong>vestrum</strong></span> 
     </span>
    </p>
   </div>
   <div class='ocr_carea' id='block_1_24' title="bbox 393 2522 1988 2598">
    <p class='ocr_par' dir='ltr' id='par_1_24' title="bbox 393 2522 1988 2598">
     <span class='ocr_line' id='line_1_24' title="bbox 393 2522 1988 2598; baseline 0.003 -22"><span class='ocrx_word' id='word_1_174' title='bbox 393 2522 709 2592; x_wconf 80' lang='lat' dir='ltr'><strong>aegritudine</strong></span> <span class='ocrx_word' id='word_1_175' title='bbox 734 2523 918 2591; x_wconf 90' lang='lat' dir='ltr'><strong>animi,</strong></span> <span class='ocrx_word' id='word_1_176' title='bbox 947 2525 1028 2579; x_wconf 86' lang='lat' dir='ltr'><strong>vel</strong></span> <span class='ocrx_word' id='word_1_177' title='bbox 1057 2525 1295 2596; x_wconf 89' lang='lat' dir='ltr'><strong>corporis</strong></span> <span class='ocrx_word' id='word_1_178' title='bbox 1321 2525 1530 2594; x_wconf 91' lang='lat' dir='ltr'><strong>morbo,</strong></span> <span class='ocrx_word' id='word_1_179' title='bbox 1561 2525 1645 2581; x_wconf 81' lang='lat' dir='ltr'><strong>vel</strong></span> <span class='ocrx_word' id='word_1_180' title='bbox 1674 2527 1860 2598; x_wconf 86' lang='lat' dir='ltr'><strong>quavis</strong></span> <span class='ocrx_word' id='word_1_181' title='bbox 1887 2526 1988 2580; x_wconf 86' lang='lat' dir='ltr'><strong>alia</strong></span> 
     </span>
    </p>
   </div>
   <div class='ocr_carea' id='block_1_25' title="bbox 398 2614 1990 2689">
    <p class='ocr_par' dir='ltr' id='par_1_25' title="bbox 398 2614 1990 2689">
     <span class='ocr_line' id='line_1_25' title="bbox 398 2614 1990 2689; baseline 0.003 -19"><span class='ocrx_word' id='word_1_182' title='bbox 398 2614 699 2670; x_wconf 87' lang='lat' dir='ltr'><strong>calamitate</strong></span> <span class='ocrx_word' id='word_1_183' title='bbox 727 2624 818 2670; x_wconf 91' lang='lat' dir='ltr'><strong>aut</strong></span> <span class='ocrx_word' id='word_1_184' title='bbox 837 2624 1180 2688; x_wconf 87' lang='lat' dir='ltr'><strong>peccatorum</strong></span> <span class='ocrx_word' id='word_1_185' title='bbox 1201 2618 1341 2674; x_wconf 91' lang='lat' dir='ltr'><strong>mole</strong></span> <span class='ocrx_word' id='word_1_186' title='bbox 1361 2618 1639 2689; x_wconf 84' lang='lat' dir='ltr'><strong>premitur,</strong></span> <span class='ocrx_word' id='word_1_187' title='bbox 1668 2627 1728 2673; x_wconf 89' lang='lat' dir='ltr'><strong>ut</strong></span> <span class='ocrx_word' id='word_1_188' title='bbox 1745 2633 1866 2674; x_wconf 90' lang='lat' dir='ltr'><strong>cum</strong></span> <span class='ocrx_word' id='word_1_189' title='bbox 1885 2618 1990 2675; x_wconf 89' lang='lat' dir='ltr'><strong>ﬁde</strong></span> 
     </span>
    </p>
   </div>
   <div class='ocr_carea' id='block_1_26' title="bbox 396 2706 1987 2783">
    <p class='ocr_par' dir='ltr' id='par_1_26' title="bbox 396 2706 1987 2783">
     <span class='ocr_line' id='line_1_26' title="bbox 396 2706 1987 2783; baseline 0.004 -24"><span class='ocrx_word' id='word_1_190' title='bbox 396 2706 500 2761; x_wconf 83' lang='lat' dir='ltr'><strong>huc</strong></span> <span class='ocrx_word' id='word_1_191' title='bbox 517 2707 769 2774; x_wconf 86' lang='lat' dir='ltr'><strong>accedat;</strong></span> <span class='ocrx_word' id='word_1_192' title='bbox 798 2717 852 2764; x_wconf 92' lang='lat' dir='ltr'><strong>et</strong></span> <span class='ocrx_word' id='word_1_193' title='bbox 875 2709 942 2764; x_wconf 91' lang='lat' dir='ltr'><strong>ab</strong></span> <span class='ocrx_word' id='word_1_194' title='bbox 964 2709 1069 2766; x_wconf 91' lang='lat' dir='ltr'><strong>illis</strong></span> <span class='ocrx_word' id='word_1_195' title='bbox 1087 2711 1334 2768; x_wconf 89' lang='lat' dir='ltr'><strong>omnibus</strong></span> <span class='ocrx_word' id='word_1_196' title='bbox 1352 2711 1628 2779; x_wconf 88' lang='lat' dir='ltr'><strong>liberatus,</strong></span> <span class='ocrx_word' id='word_1_197' title='bbox 1648 2727 1838 2783; x_wconf 86' lang='lat' dir='ltr'><strong>magna</strong></span> <span class='ocrx_word' id='word_1_198' title='bbox 1866 2727 1987 2767; x_wconf 92' lang='lat' dir='ltr'><strong>cum</strong></span> 
     </span>
    </p>
   </div>
   <div class='ocr_carea' id='block_1_27' title="bbox 395 2795 1982 2873">
    <p class='ocr_par' dir='ltr' id='par_1_27' title="bbox 395 2795 1982 2873">
     <span class='ocr_line' id='line_1_27' title="bbox 395 2795 1982 2873; baseline 0.004 -21"><span class='ocrx_word' id='word_1_199' title='bbox 395 2795 574 2852; x_wconf 75' lang='lat' dir='ltr'><strong>laetitia</strong></span> <span class='ocrx_word' id='word_1_200' title='bbox 603 2807 934 2870; x_wconf 87' lang='lat' dir='ltr'><strong>revertetur,</strong></span> <span class='ocrx_word' id='word_1_201' title='bbox 961 2808 1018 2858; x_wconf 92' lang='lat' dir='ltr'><strong>et</strong></span> <span class='ocrx_word' id='word_1_202' title='bbox 1049 2811 1268 2873; x_wconf 79' lang='lat' dir='ltr'><strong>aspectu</strong></span> <span class='ocrx_word' id='word_1_203' title='bbox 1294 2802 1411 2860; x_wconf 89' lang='lat' dir='ltr'><strong>solo</strong></span> <span class='ocrx_word' id='word_1_204' title='bbox 1435 2803 1817 2860; x_wconf 87' lang='lat' dir='ltr'><strong>conscientiam</strong></span> <span class='ocrx_word' id='word_1_205' title='bbox 1839 2811 1982 2859; x_wconf 86' lang='lat' dir='ltr'><strong>tran-</strong></span> 
     </span>
    </p>
   </div>
   <div class='ocr_carea' id='block_1_28' title="bbox 1131 390 2931 453">
    <p class='ocr_par' dir='ltr' id='par_1_28' title="bbox 1131 390 2931 453">
     <span class='ocr_line' id='line_1_28' title="bbox 1131 390 2931 453; baseline 0.002 -5"><span class='ocrx_word' id='word_1_206' title='bbox 1131 391 1190 448; x_wconf 89' lang='lat' dir='ltr'><strong>S.</strong></span> <span class='ocrx_word' id='word_1_207' title='bbox 1229 391 1504 449; x_wconf 75' lang='lat' dir='ltr'><strong>JOANNIS</strong></span> <span class='ocrx_word' id='word_1_208' title='bbox 1526 390 2000 451; x_wconf 78' lang='lat' dir='ltr'><strong>CHRYSOSTOMI</strong></span> <span class='ocrx_word' id='word_1_209' title='bbox 2039 390 2361 448; x_wconf 78' lang='lat' dir='ltr'><strong>ARCHIEP.</strong></span> <span class='ocrx_word' id='word_1_210' title='bbox 2400 391 2931 453; x_wconf 76' lang='lat' dir='ltr'><strong>CONSTANTINOP.</strong></span> 
     </span>
    </p>
   </div>
   <div class='ocr_carea' id='block_1_29' title="bbox 3568 408 3682 470">
    <p class='ocr_par' dir='ltr' id='par_1_29' title="bbox 3568 408 3682 470">
     <span class='ocr_line' id='line_1_29' title="bbox 3568 408 3682 470; baseline 0.018 -4"><span class='ocrx_word' id='word_1_211' title='bbox 3568 408 3682 470; x_wconf 82' lang='grc'><strong>596</strong></span> 
     </span>
    </p>
   </div>
   <div class='ocr_carea' id='block_1_30' title="bbox 2091 503 3686 580">
    <p class='ocr_par' dir='ltr' id='par_1_30' title="bbox 2091 503 3686 580">
     <span class='ocr_line' id='line_1_30' title="bbox 2091 503 3686 580; baseline 0.007 -23"><span class='ocrx_word' id='word_1_212' title='bbox 2091 503 2394 574; x_wconf 88' lang='lat' dir='ltr'><strong>quilliorem</strong></span> <span class='ocrx_word' id='word_1_213' title='bbox 2416 507 2727 578; x_wconf 90' lang='lat' dir='ltr'><strong>reportabit.</strong></span> <span class='ocrx_word' id='word_1_214' title='bbox 2753 508 2892 576; x_wconf 86' lang='lat' dir='ltr'><strong>Quin</strong></span> <span class='ocrx_word' id='word_1_215' title='bbox 2922 509 3081 564; x_wconf 87' lang='lat' dir='ltr'><strong>etiam</strong></span> <span class='ocrx_word' id='word_1_216' title='bbox 3102 509 3316 580; x_wconf 81' lang='lat' dir='ltr'><strong>expedit</strong></span> <span class='ocrx_word' id='word_1_217' title='bbox 3333 550 3350 576; x_wconf 92' lang='lat'><strong>,</strong></span> <span class='ocrx_word' id='word_1_218' title='bbox 3379 517 3438 568; x_wconf 91' lang='lat' dir='ltr'><strong>ut</strong></span> <span class='ocrx_word' id='word_1_219' title='bbox 3467 524 3570 566; x_wconf 92' lang='lat' dir='ltr'><strong>non</strong></span> <span class='ocrx_word' id='word_1_220' title='bbox 3595 528 3686 568; x_wconf 88' lang='lat' dir='ltr'><strong>so-</strong></span> 
     </span>
    </p>
   </div>
   <div class='ocr_carea' id='block_1_31' title="bbox 2091 594 3680 672">
    <p class='ocr_par' dir='ltr' id='par_1_31' title="bbox 2091 594 3680 672">
     <span class='ocr_line' id='line_1_31' title="bbox 2091 594 3680 672; baseline 0.006 -24"><span class='ocrx_word' id='word_1_221' title='bbox 2091 594 2200 649; x_wconf 90' lang='lat' dir='ltr'><strong>lum</strong></span> <span class='ocrx_word' id='word_1_222' title='bbox 2229 596 2298 661; x_wconf 94' lang='lat' dir='ltr'><strong>ii,</strong></span> <span class='ocrx_word' id='word_1_223' title='bbox 2326 598 2416 668; x_wconf 89' lang='lat' dir='ltr'><strong>qui</strong></span> <span class='ocrx_word' id='word_1_224' title='bbox 2433 600 2684 655; x_wconf 63' lang='lat' dir='ltr'><strong>arumnis</strong></span> <span class='ocrx_word' id='word_1_225' title='bbox 2712 600 2886 657; x_wconf 74' lang='lat' dir='ltr'><strong>affecti</strong></span> <span class='ocrx_word' id='word_1_226' title='bbox 2915 611 3063 666; x_wconf 88' lang='lat' dir='ltr'><strong>sunt,</strong></span> <span class='ocrx_word' id='word_1_227' title='bbox 3086 601 3189 658; x_wconf 90' lang='lat' dir='ltr'><strong>huc</strong></span> <span class='ocrx_word' id='word_1_228' title='bbox 3215 619 3333 660; x_wconf 83' lang='lat' dir='ltr'><strong>sese</strong></span> <span class='ocrx_word' id='word_1_229' title='bbox 3359 603 3638 660; x_wconf 80' lang='lat' dir='ltr'><strong>conferant</strong></span> <span class='ocrx_word' id='word_1_230' title='bbox 3663 645 3680 672; x_wconf 92' lang='lat'><strong>,</strong></span> 
     </span>
    </p>
   </div>
   <div class='ocr_carea' id='block_1_32' title="bbox 2092 689 3684 768">
    <p class='ocr_par' dir='ltr' id='par_1_32' title="bbox 2092 689 3684 768">
     <span class='ocr_line' id='line_1_32' title="bbox 2092 689 3684 768; baseline 0.006 -25"><span class='ocrx_word' id='word_1_231' title='bbox 2092 689 2186 744; x_wconf 89' lang='lat' dir='ltr'><strong>sed</strong></span> <span class='ocrx_word' id='word_1_232' title='bbox 2215 689 2289 744; x_wconf 91' lang='lat' dir='ltr'><strong>illi</strong></span> <span class='ocrx_word' id='word_1_233' title='bbox 2311 692 2471 746; x_wconf 88' lang='lat' dir='ltr'><strong>etiam</strong></span> <span class='ocrx_word' id='word_1_234' title='bbox 2490 734 2506 759; x_wconf 92' lang='lat'><strong>,</strong></span> <span class='ocrx_word' id='word_1_235' title='bbox 2537 694 2628 763; x_wconf 86' lang='lat' dir='ltr'><strong>qui</strong></span> <span class='ocrx_word' id='word_1_236' title='bbox 2655 703 2710 749; x_wconf 87' lang='lat' dir='ltr'><strong>et</strong></span> <span class='ocrx_word' id='word_1_237' title='bbox 2753 695 2914 750; x_wconf 88' lang='lat' dir='ltr'><strong>animi</strong></span> <span class='ocrx_word' id='word_1_238' title='bbox 2941 705 3119 767; x_wconf 81' lang='lat' dir='ltr'><strong>qmetc</strong></span> <span class='ocrx_word' id='word_1_239' title='bbox 3139 738 3154 762; x_wconf 95' lang='lat'><strong>,</strong></span> <span class='ocrx_word' id='word_1_240' title='bbox 3181 706 3233 751; x_wconf 87' lang='lat' dir='ltr'><strong>et</strong></span> <span class='ocrx_word' id='word_1_241' title='bbox 3262 697 3430 767; x_wconf 85' lang='lat' dir='ltr'><strong>gloria</strong></span> <span class='ocrx_word' id='word_1_242' title='bbox 3451 737 3468 764; x_wconf 91' lang='lat'><strong>,</strong></span> <span class='ocrx_word' id='word_1_243' title='bbox 3505 707 3557 753; x_wconf 91' lang='lat' dir='ltr'><strong>et</strong></span> <span class='ocrx_word' id='word_1_244' title='bbox 3585 713 3684 768; x_wconf 88' lang='lat' dir='ltr'><strong>po-</strong></span> 
     </span>
    </p>
   </div>
   <div class='ocr_carea' id='block_1_33' title="bbox 2090 780 3686 857">
    <p class='ocr_par' dir='ltr' id='par_1_33' title="bbox 2090 780 3686 857">
     <span class='ocr_line' id='line_1_33' title="bbox 2090 780 3686 857; baseline 0.005 -23"><span class='ocrx_word' id='word_1_245' title='bbox 2090 780 2255 834; x_wconf 88' lang='lat' dir='ltr'><strong>tentia</strong></span> <span class='ocrx_word' id='word_1_246' title='bbox 2275 822 2290 847; x_wconf 92' lang='lat'><strong>,</strong></span> <span class='ocrx_word' id='word_1_247' title='bbox 2314 791 2368 837; x_wconf 90' lang='lat' dir='ltr'><strong>et</strong></span> <span class='ocrx_word' id='word_1_248' title='bbox 2389 798 2577 853; x_wconf 87' lang='lat' dir='ltr'><strong>magna</strong></span> <span class='ocrx_word' id='word_1_249' title='bbox 2599 785 2736 854; x_wconf 91' lang='lat' dir='ltr'><strong>apud</strong></span> <span class='ocrx_word' id='word_1_250' title='bbox 2765 786 2930 840; x_wconf 90' lang='lat' dir='ltr'><strong>Deum</strong></span> <span class='ocrx_word' id='word_1_251' title='bbox 2954 787 3141 842; x_wconf 89' lang='lat' dir='ltr'><strong>ﬁducia</strong></span> <span class='ocrx_word' id='word_1_252' title='bbox 3167 787 3528 857; x_wconf 84' lang='lat' dir='ltr'><strong>perfruuntur,</strong></span> <span class='ocrx_word' id='word_1_253' title='bbox 3548 788 3686 843; x_wconf 91' lang='lat' dir='ltr'><strong>hanc</strong></span> 
     </span>
    </p>
   </div>
   <div class='ocr_carea' id='block_1_34' title="bbox 2093 871 3686 948">
    <p class='ocr_par' dir='ltr' id='par_1_34' title="bbox 2093 871 3686 948">
     <span class='ocr_line' id='line_1_34' title="bbox 2093 871 3686 948; baseline 0.006 -23"><span class='ocrx_word' id='word_1_254' title='bbox 2093 871 2380 928; x_wconf 89' lang='lat' dir='ltr'><strong>utilitatem</strong></span> <span class='ocrx_word' id='word_1_255' title='bbox 2427 889 2534 929; x_wconf 92' lang='lat' dir='ltr'><strong>non</strong></span> <span class='ocrx_word' id='word_1_256' title='bbox 2575 875 2866 946; x_wconf 82' lang='lat' dir='ltr'><strong>negligant.</strong></span> <span class='ocrx_word' id='word_1_257' title='bbox 2913 877 3020 948; x_wconf 78' lang='lat' dir='ltr'><strong>Qui</strong></span> <span class='ocrx_word' id='word_1_258' title='bbox 3067 879 3208 932; x_wconf 90' lang='lat' dir='ltr'><strong>enim</strong></span> <span class='ocrx_word' id='word_1_259' title='bbox 3257 879 3361 934; x_wconf 92' lang='lat' dir='ltr'><strong>huc</strong></span> <span class='ocrx_word' id='word_1_260' title='bbox 3387 880 3593 934; x_wconf 88' lang='lat' dir='ltr'><strong>accedit</strong></span> <span class='ocrx_word' id='word_1_261' title='bbox 3631 891 3686 935; x_wconf 91' lang='lat' dir='ltr'><strong>et</strong></span> 
     </span>
    </p>
   </div>
   <div class='ocr_carea' id='block_1_35' title="bbox 2091 965 3687 1036">
    <p class='ocr_par' dir='ltr' id='par_1_35' title="bbox 2091 965 3687 1036">
     <span class='ocr_line' id='line_1_35' title="bbox 2091 965 3687 1036; baseline 0.004 -17"><span class='ocrx_word' id='word_1_262' title='bbox 2091 974 2337 1021; x_wconf 89' lang='lat' dir='ltr'><strong>sanctum</strong></span> <span class='ocrx_word' id='word_1_263' title='bbox 2361 965 2537 1034; x_wconf 86' lang='lat' dir='ltr'><strong>videt,</strong></span> <span class='ocrx_word' id='word_1_264' title='bbox 2564 968 2702 1023; x_wconf 90' lang='lat' dir='ltr'><strong>bona</strong></span> <span class='ocrx_word' id='word_1_265' title='bbox 2727 969 2841 1024; x_wconf 82' lang='lat' dir='ltr'><strong>haec</strong></span> <span class='ocrx_word' id='word_1_266' title='bbox 2861 969 3061 1026; x_wconf 89' lang='lat' dir='ltr'><strong>efﬁciet</strong></span> <span class='ocrx_word' id='word_1_267' title='bbox 3079 971 3352 1026; x_wconf 82' lang='lat' dir='ltr'><strong>stabiliora</strong></span> <span class='ocrx_word' id='word_1_268' title='bbox 3372 1013 3385 1036; x_wconf 94' lang='lat'><strong>,</strong></span> <span class='ocrx_word' id='word_1_269' title='bbox 3412 982 3466 1026; x_wconf 88' lang='lat' dir='ltr'><strong>et</strong></span> <span class='ocrx_word' id='word_1_270' title='bbox 3483 987 3687 1026; x_wconf 84' lang='lat' dir='ltr'><strong>memo-</strong></span> 
     </span>
    </p>
   </div>
   <div class='ocr_carea' id='block_1_36' title="bbox 2092 1055 3684 1129">
    <p class='ocr_par' dir='ltr' id='par_1_36' title="bbox 2092 1055 3684 1129">
     <span class='ocr_line' id='line_1_36' title="bbox 2092 1055 3684 1129; baseline 0.005 -19"><span class='ocrx_word' id='word_1_271' title='bbox 2092 1055 2174 1110; x_wconf 84' lang='lat' dir='ltr'><strong>ria</strong></span> <span class='ocrx_word' id='word_1_272' title='bbox 2201 1067 2348 1112; x_wconf 90' lang='lat' dir='ltr'><strong>recte</strong></span> <span class='ocrx_word' id='word_1_273' title='bbox 2395 1056 2657 1114; x_wconf 84' lang='lat' dir='ltr'><strong>factorum</strong></span> <span class='ocrx_word' id='word_1_274' title='bbox 2689 1059 2804 1129; x_wconf 89' lang='lat' dir='ltr'><strong>ejus</strong></span> <span class='ocrx_word' id='word_1_275' title='bbox 2829 1061 3065 1116; x_wconf 89' lang='lat' dir='ltr'><strong>animum</strong></span> <span class='ocrx_word' id='word_1_276' title='bbox 3094 1077 3247 1117; x_wconf 89' lang='lat' dir='ltr'><strong>suum</strong></span> <span class='ocrx_word' id='word_1_277' title='bbox 3278 1062 3468 1118; x_wconf 85' lang='lat' dir='ltr'><strong>reddet</strong></span> <span class='ocrx_word' id='word_1_278' title='bbox 3495 1062 3684 1118; x_wconf 83' lang='lat' dir='ltr'><strong>mode-</strong></span> 
     </span>
    </p>
   </div>
   <div class='ocr_carea' id='block_1_37' title="bbox 2094 1152 3688 1224">
    <p class='ocr_par' dir='ltr' id='par_1_37' title="bbox 2094 1152 3688 1224">
     <span class='ocr_line' id='line_1_37' title="bbox 2094 1152 3688 1224; baseline 0.003 -22"><span class='ocrx_word' id='word_1_279' title='bbox 2094 1153 2348 1203; x_wconf 82' lang='lat' dir='ltr'><strong>ratiorem</strong></span> <span class='ocrx_word' id='word_1_280' title='bbox 2371 1190 2386 1217; x_wconf 95' lang='lat'><strong>,</strong></span> <span class='ocrx_word' id='word_1_281' title='bbox 2419 1164 2519 1205; x_wconf 91' lang='lat' dir='ltr'><strong>nec</strong></span> <span class='ocrx_word' id='word_1_282' title='bbox 2541 1152 2924 1206; x_wconf 88' lang='lat' dir='ltr'><strong>conscientiam</strong></span> <span class='ocrx_word' id='word_1_283' title='bbox 2965 1168 3114 1208; x_wconf 88' lang='lat' dir='ltr'><strong>suam</strong></span> <span class='ocrx_word' id='word_1_284' title='bbox 3144 1153 3299 1208; x_wconf 90' lang='lat' dir='ltr'><strong>bonis</strong></span> <span class='ocrx_word' id='word_1_285' title='bbox 3328 1153 3582 1224; x_wconf 87' lang='lat' dir='ltr'><strong>operibus</strong></span> <span class='ocrx_word' id='word_1_286' title='bbox 3604 1153 3688 1208; x_wconf 80' lang='lat' dir='ltr'><strong>ef-</strong></span> 
     </span>
    </p>
   </div>
   <div class='ocr_carea' id='block_1_38' title="bbox 2094 1240 3687 1317">
    <p class='ocr_par' dir='ltr' id='par_1_38' title="bbox 2094 1240 3687 1317">
     <span class='ocr_line' id='line_1_38' title="bbox 2094 1240 3687 1317; baseline 0.004 -22"><span class='ocrx_word' id='word_1_287' title='bbox 2094 1240 2224 1296; x_wconf 89' lang='lat' dir='ltr'><strong>ferri</strong></span> <span class='ocrx_word' id='word_1_288' title='bbox 2271 1251 2430 1313; x_wconf 90' lang='lat' dir='ltr'><strong>atque</strong></span> <span class='ocrx_word' id='word_1_289' title='bbox 2469 1243 2831 1300; x_wconf 86' lang='lat' dir='ltr'><strong>intumescere</strong></span> <span class='ocrx_word' id='word_1_290' title='bbox 2879 1245 3130 1317; x_wconf 86' lang='lat' dir='ltr'><strong>patietur.</strong></span> <span class='ocrx_word' id='word_1_291' title='bbox 3184 1245 3300 1301; x_wconf 90' lang='lat' dir='ltr'><strong>Non</strong></span> <span class='ocrx_word' id='word_1_292' title='bbox 3333 1246 3477 1314; x_wconf 89' lang='lat' dir='ltr'><strong>parvi</strong></span> <span class='ocrx_word' id='word_1_293' title='bbox 3506 1255 3687 1301; x_wconf 86' lang='lat' dir='ltr'><strong>autem</strong></span> 
     </span>
    </p>
   </div>
   <div class='ocr_carea' id='block_1_39' title="bbox 2092 1337 3688 1409">
    <p class='ocr_par' dir='ltr' id='par_1_39' title="bbox 2092 1337 3688 1409">
     <span class='ocr_line' id='line_1_39' title="bbox 2092 1337 3688 1409; baseline 0.003 -19"><span class='ocrx_word' id='word_1_294' title='bbox 2092 1339 2348 1391; x_wconf 87' lang='lat' dir='ltr'><strong>momenti</strong></span> <span class='ocrx_word' id='word_1_295' title='bbox 2393 1345 2472 1392; x_wconf 88' lang='lat' dir='ltr'><strong>est</strong></span> <span class='ocrx_word' id='word_1_296' title='bbox 2493 1377 2510 1404; x_wconf 90' lang='lat'><strong>,</strong></span> <span class='ocrx_word' id='word_1_297' title='bbox 2563 1352 2657 1393; x_wconf 85' lang='lat' dir='ltr'><strong>eos</strong></span> <span class='ocrx_word' id='word_1_298' title='bbox 2681 1379 2695 1402; x_wconf 92' lang='lat'><strong>,</strong></span> <span class='ocrx_word' id='word_1_299' title='bbox 2728 1337 2922 1408; x_wconf 91' lang='lat' dir='ltr'><strong>quibus</strong></span> <span class='ocrx_word' id='word_1_300' title='bbox 2953 1353 3223 1409; x_wconf 63' lang='lat' dir='ltr'><strong>prOSperte</strong></span> <span class='ocrx_word' id='word_1_301' title='bbox 3251 1347 3407 1408; x_wconf 91' lang='lat' dir='ltr'><strong>atque</strong></span> <span class='ocrx_word' id='word_1_302' title='bbox 3435 1339 3688 1395; x_wconf 64' lang='lat' dir='ltr'><strong>secundae</strong></span> 
     </span>
    </p>
   </div>
   <div class='ocr_carea' id='block_1_40' title="bbox 2093 1429 3690 1501">
    <p class='ocr_par' dir='ltr' id='par_1_40' title="bbox 2093 1429 3690 1501">
     <span class='ocr_line' id='line_1_40' title="bbox 2093 1429 3690 1501; baseline 0.002 -17"><span class='ocrx_word' id='word_1_303' title='bbox 2093 1445 2184 1486; x_wconf 89' lang='lat' dir='ltr'><strong>res</strong></span> <span class='ocrx_word' id='word_1_304' title='bbox 2221 1429 2412 1495; x_wconf 85' lang='lat' dir='ltr'><strong>fluunt,</strong></span> <span class='ocrx_word' id='word_1_305' title='bbox 2456 1445 2550 1486; x_wconf 88' lang='lat' dir='ltr'><strong>eas</strong></span> <span class='ocrx_word' id='word_1_306' title='bbox 2589 1429 2730 1486; x_wconf 89' lang='lat' dir='ltr'><strong>ferre</strong></span> <span class='ocrx_word' id='word_1_307' title='bbox 2770 1431 3081 1496; x_wconf 88' lang='lat' dir='ltr'><strong>moderate,</strong></span> <span class='ocrx_word' id='word_1_308' title='bbox 3106 1441 3160 1486; x_wconf 89' lang='lat' dir='ltr'><strong>et</strong></span> <span class='ocrx_word' id='word_1_309' title='bbox 3188 1432 3453 1501; x_wconf 75' lang='lat' dir='ltr'><strong>superbia:</strong></span> <span class='ocrx_word' id='word_1_310' title='bbox 3477 1440 3690 1487; x_wconf 83' lang='lat' dir='ltr'><strong>tumore</strong></span> 
     </span>
    </p>
   </div>
   <div class='ocr_carea' id='block_1_41' title="bbox 2094 1521 3688 1594">
    <p class='ocr_par' dir='ltr' id='par_1_41' title="bbox 2094 1521 3688 1594">
     <span class='ocr_line' id='line_1_41' title="bbox 2094 1521 3688 1594; baseline -0.001 -16"><span class='ocrx_word' id='word_1_311' title='bbox 2094 1537 2204 1578; x_wconf 93' lang='lat' dir='ltr'><strong>non</strong></span> <span class='ocrx_word' id='word_1_312' title='bbox 2237 1523 2440 1578; x_wconf 80' lang='lat' dir='ltr'><strong>extolli.</strong></span> <span class='ocrx_word' id='word_1_313' title='bbox 2469 1522 2619 1578; x_wconf 87' lang='lat' dir='ltr'><strong>Utilis</strong></span> <span class='ocrx_word' id='word_1_314' title='bbox 2648 1521 2809 1594; x_wconf 86' lang='lat' dir='ltr'><strong>igitur</strong></span> <span class='ocrx_word' id='word_1_315' title='bbox 2834 1522 3042 1579; x_wconf 83' lang='lat' dir='ltr'><strong>cunctis</strong></span> <span class='ocrx_word' id='word_1_316' title='bbox 3070 1522 3154 1576; x_wconf 88' lang='lat' dir='ltr'><strong>hic</strong></span> <span class='ocrx_word' id='word_1_317' title='bbox 3183 1523 3472 1577; x_wconf 81' lang='lat' dir='ltr'><strong>thesaurus.</strong></span> <span class='ocrx_word' id='word_1_318' title='bbox 3491 1532 3604 1589; x_wconf 89' lang='lat' dir='ltr'><strong>est,</strong></span> <span class='ocrx_word' id='word_1_319' title='bbox 3635 1533 3688 1578; x_wconf 87' lang='lat' dir='ltr'><strong>et</strong></span> 
     </span>
    </p>
   </div>
   <div class='ocr_carea' id='block_1_42' title="bbox 2095 1614 3686 1687">
    <p class='ocr_par' dir='ltr' id='par_1_42' title="bbox 2095 1614 3686 1687">
     <span class='ocr_line' id='line_1_42' title="bbox 2095 1614 3686 1687; baseline 0 -17"><span class='ocrx_word' id='word_1_320' title='bbox 2095 1614 2358 1686; x_wconf 86' lang='lat' dir='ltr'><strong>refugium</strong></span> <span class='ocrx_word' id='word_1_321' title='bbox 2399 1623 2791 1686; x_wconf 88' lang='lat' dir='ltr'><strong>opportunum,</strong></span> <span class='ocrx_word' id='word_1_322' title='bbox 2835 1625 2940 1671; x_wconf 90' lang='lat' dir='ltr'><strong>tam</strong></span> <span class='ocrx_word' id='word_1_323' title='bbox 2988 1617 3053 1670; x_wconf 91' lang='lat' dir='ltr'><strong>iis</strong></span> <span class='ocrx_word' id='word_1_324' title='bbox 3081 1619 3169 1687; x_wconf 89' lang='lat' dir='ltr'><strong>qui</strong></span> <span class='ocrx_word' id='word_1_325' title='bbox 3213 1616 3350 1686; x_wconf 85' lang='lat' dir='ltr'><strong>lapsi</strong></span> <span class='ocrx_word' id='word_1_326' title='bbox 3394 1625 3686 1682; x_wconf 75' lang='lat' dir='ltr'><strong>sunt,uta</strong></span> 
     </span>
    </p>
   </div>
   <div class='ocr_carea' id='block_1_43' title="bbox 2097 1708 3691 1778">
    <p class='ocr_par' dir='ltr' id='par_1_43' title="bbox 2097 1708 3691 1778">
     <span class='ocr_line' id='line_1_43' title="bbox 2097 1708 3691 1778; baseline -0.001 -14"><span class='ocrx_word' id='word_1_327' title='bbox 2097 1708 2478 1764; x_wconf 86' lang='lat' dir='ltr'><strong>tentationibus</strong></span> <span class='ocrx_word' id='word_1_328' title='bbox 2499 1708 2792 1764; x_wconf 89' lang='lat' dir='ltr'><strong>liberentur</strong></span> <span class='ocrx_word' id='word_1_329' title='bbox 2811 1749 2825 1772; x_wconf 91' lang='lat'><strong>,</strong></span> <span class='ocrx_word' id='word_1_330' title='bbox 2855 1723 3013 1778; x_wconf 91' lang='lat' dir='ltr'><strong>quam</strong></span> <span class='ocrx_word' id='word_1_331' title='bbox 3037 1708 3099 1762; x_wconf 90' lang='lat' dir='ltr'><strong>iis</strong></span> <span class='ocrx_word' id='word_1_332' title='bbox 3125 1709 3210 1778; x_wconf 91' lang='lat' dir='ltr'><strong>qui</strong></span> <span class='ocrx_word' id='word_1_333' title='bbox 3243 1723 3494 1778; x_wconf 87' lang='lat' dir='ltr'><strong>prospere</strong></span> <span class='ocrx_word' id='word_1_334' title='bbox 3523 1723 3587 1762; x_wconf 91' lang='lat' dir='ltr'><strong>ac</strong></span> <span class='ocrx_word' id='word_1_335' title='bbox 3614 1709 3691 1762; x_wconf 86' lang='lat' dir='ltr'><strong>fe-</strong></span> 
     </span>
    </p>
   </div>
   <div class='ocr_carea' id='block_1_44' title="bbox 2094 1798 3689 1870">
    <p class='ocr_par' dir='ltr' id='par_1_44' title="bbox 2094 1798 3689 1870">
     <span class='ocr_line' id='line_1_44' title="bbox 2094 1798 3689 1870; baseline 0 -16"><span class='ocrx_word' id='word_1_336' title='bbox 2094 1799 2268 1854; x_wconf 89' lang='lat' dir='ltr'><strong>liciter</strong></span> <span class='ocrx_word' id='word_1_337' title='bbox 2296 1799 2516 1870; x_wconf 83' lang='lat' dir='ltr'><strong>degunt,</strong></span> <span class='ocrx_word' id='word_1_338' title='bbox 2543 1808 2603 1855; x_wconf 90' lang='lat' dir='ltr'><strong>ut</strong></span> <span class='ocrx_word' id='word_1_339' title='bbox 2623 1798 2716 1853; x_wconf 93' lang='lat' dir='ltr'><strong>diu</strong></span> <span class='ocrx_word' id='word_1_340' title='bbox 2743 1798 2987 1854; x_wconf 87' lang='lat' dir='ltr'><strong>fruantur</strong></span> <span class='ocrx_word' id='word_1_341' title='bbox 3013 1798 3202 1864; x_wconf 91' lang='lat' dir='ltr'><strong>bonis;</strong></span> <span class='ocrx_word' id='word_1_342' title='bbox 3236 1799 3340 1854; x_wconf 90' lang='lat' dir='ltr'><strong>illis</strong></span> <span class='ocrx_word' id='word_1_343' title='bbox 3365 1799 3455 1868; x_wconf 88' lang='lat' dir='ltr'><strong>qui</strong></span> <span class='ocrx_word' id='word_1_344' title='bbox 3486 1800 3689 1856; x_wconf 74' lang='lat' dir='ltr'><strong>morbis</strong></span> 
     </span>
    </p>
   </div>
   <div class='ocr_carea' id='block_1_45' title="bbox 2095 1889 3688 1960">
    <p class='ocr_par' dir='ltr' id='par_1_45' title="bbox 2095 1889 3688 1960">
     <span class='ocr_line' id='line_1_45' title="bbox 2095 1889 3688 1960; baseline -0.001 -15"><span class='ocrx_word' id='word_1_345' title='bbox 2095 1890 2378 1958; x_wconf 89' lang='lat' dir='ltr'><strong>laborant,</strong></span> <span class='ocrx_word' id='word_1_346' title='bbox 2407 1899 2464 1945; x_wconf 88' lang='lat' dir='ltr'><strong>ut</strong></span> <span class='ocrx_word' id='word_1_347' title='bbox 2490 1890 2684 1946; x_wconf 87' lang='lat' dir='ltr'><strong>bonam</strong></span> <span class='ocrx_word' id='word_1_348' title='bbox 2727 1889 3081 1946; x_wconf 83' lang='lat' dir='ltr'><strong>valetudinem</strong></span> <span class='ocrx_word' id='word_1_349' title='bbox 3120 1900 3549 1960; x_wconf 70' lang='lat' dir='ltr'><strong>consequantur;</strong></span> <span class='ocrx_word' id='word_1_350' title='bbox 3585 1890 3688 1944; x_wconf 79' lang='lat' dir='ltr'><strong>illis</strong></span> 
     </span>
    </p>
   </div>
   <div class='ocr_carea' id='block_1_46' title="bbox 2094 1979 3690 2054">
    <p class='ocr_par' dir='ltr' id='par_1_46' title="bbox 2094 1979 3690 2054">
     <span class='ocr_line' id='line_1_46' title="bbox 2094 1979 3690 2054; baseline -0.003 -17"><span class='ocrx_word' id='word_1_351' title='bbox 2094 1982 2184 2053; x_wconf 90' lang='lat' dir='ltr'><strong>qui</strong></span> <span class='ocrx_word' id='word_1_352' title='bbox 2213 1982 2491 2037; x_wconf 92' lang='lat' dir='ltr'><strong>commoda</strong></span> <span class='ocrx_word' id='word_1_353' title='bbox 2519 1982 2754 2054; x_wconf 91' lang='lat' dir='ltr'><strong>gaudent</strong></span> <span class='ocrx_word' id='word_1_354' title='bbox 2779 1980 3083 2036; x_wconf 89' lang='lat' dir='ltr'><strong>valetudine</strong></span> <span class='ocrx_word' id='word_1_355' title='bbox 3101 2022 3116 2046; x_wconf 95' lang='lat'><strong>,</strong></span> <span class='ocrx_word' id='word_1_356' title='bbox 3141 1996 3208 2035; x_wconf 92' lang='lat' dir='ltr'><strong>ne</strong></span> <span class='ocrx_word' id='word_1_357' title='bbox 3237 1981 3289 2036; x_wconf 92' lang='lat' dir='ltr'><strong>in</strong></span> <span class='ocrx_word' id='word_1_358' title='bbox 3322 1980 3566 2034; x_wconf 87' lang='lat' dir='ltr'><strong>morbum</strong></span> <span class='ocrx_word' id='word_1_359' title='bbox 3595 1979 3690 2034; x_wconf 87' lang='lat' dir='ltr'><strong>ali-</strong></span> 
     </span>
    </p>
   </div>
   <div class='ocr_carea' id='block_1_47' title="bbox 2095 2073 3685 2145">
    <p class='ocr_par' dir='ltr' id='par_1_47' title="bbox 2095 2073 3685 2145">
     <span class='ocr_line' id='line_1_47' title="bbox 2095 2073 3685 2145; baseline -0.004 -14"><span class='ocrx_word' id='word_1_360' title='bbox 2095 2091 2254 2145; x_wconf 89' lang='lat' dir='ltr'><strong>quem</strong></span> <span class='ocrx_word' id='word_1_361' title='bbox 2281 2077 2570 2131; x_wconf 88' lang='lat' dir='ltr'><strong>incurrant.</strong></span> <span class='ocrx_word' id='word_1_362' title='bbox 2611 2075 2740 2144; x_wconf 65' lang='lat' dir='ltr'><strong>Quae</strong></span> <span class='ocrx_word' id='word_1_363' title='bbox 2787 2074 3000 2145; x_wconf 91' lang='lat' dir='ltr'><strong>quidem</strong></span> <span class='ocrx_word' id='word_1_364' title='bbox 3031 2074 3210 2128; x_wconf 90' lang='lat' dir='ltr'><strong>omnia</strong></span> <span class='ocrx_word' id='word_1_365' title='bbox 3247 2073 3685 2136; x_wconf 84' lang='lat' dir='ltr'><strong>considerantes,</strong></span> 
     </span>
    </p>
   </div>
   <div class='ocr_carea' id='block_1_48' title="bbox 2097 2165 3686 2238">
    <p class='ocr_par' dir='ltr' id='par_1_48' title="bbox 2097 2165 3686 2238">
     <span class='ocr_line' id='line_1_48' title="bbox 2097 2165 3686 2238; baseline -0.004 -15"><span class='ocrx_word' id='word_1_366' title='bbox 2097 2168 2242 2223; x_wconf 90' lang='lat' dir='ltr'><strong>omni</strong></span> <span class='ocrx_word' id='word_1_367' title='bbox 2265 2169 2458 2238; x_wconf 86' lang='lat' dir='ltr'><strong>gaudio</strong></span> <span class='ocrx_word' id='word_1_368' title='bbox 2481 2177 2639 2238; x_wconf 91' lang='lat' dir='ltr'><strong>atque</strong></span> <span class='ocrx_word' id='word_1_369' title='bbox 2664 2167 2920 2238; x_wconf 90' lang='lat' dir='ltr'><strong>voluptati</strong></span> <span class='ocrx_word' id='word_1_370' title='bbox 2937 2182 3148 2222; x_wconf 88' lang='lat' dir='ltr'><strong>sacrum</strong></span> <span class='ocrx_word' id='word_1_371' title='bbox 3171 2167 3310 2221; x_wconf 85' lang='lat' dir='ltr'><strong>hunc</strong></span> <span class='ocrx_word' id='word_1_372' title='bbox 3331 2165 3502 2221; x_wconf 91' lang='lat' dir='ltr'><strong>locum</strong></span> <span class='ocrx_word' id='word_1_373' title='bbox 3530 2173 3686 2218; x_wconf 86' lang='lat' dir='ltr'><strong>ante-</strong></span> 
     </span>
    </p>
   </div>
   <div class='ocr_carea' id='block_1_49' title="bbox 2094 2258 3686 2332">
    <p class='ocr_par' dir='ltr' id='par_1_49' title="bbox 2094 2258 3686 2332">
     <span class='ocr_line' id='line_1_49' title="bbox 2094 2258 3686 2332; baseline -0.003 -17"><span class='ocrx_word' id='word_1_374' title='bbox 2094 2275 2355 2332; x_wconf 86' lang='lat' dir='ltr'><strong>ponamus</strong></span> <span class='ocrx_word' id='word_1_375' title='bbox 2375 2301 2390 2324; x_wconf 88' lang='lat'><strong>,</strong></span> <span class='ocrx_word' id='word_1_376' title='bbox 2423 2269 2480 2314; x_wconf 91' lang='lat' dir='ltr'><strong>ut</strong></span> <span class='ocrx_word' id='word_1_377' title='bbox 2506 2259 2705 2314; x_wconf 70' lang='lat' dir='ltr'><strong>lzctitia:</strong></span> <span class='ocrx_word' id='word_1_378' title='bbox 2729 2268 2784 2315; x_wconf 91' lang='lat' dir='ltr'><strong>et</strong></span> <span class='ocrx_word' id='word_1_379' title='bbox 2811 2259 2941 2315; x_wconf 90' lang='lat' dir='ltr'><strong>lucri</strong></span> <span class='ocrx_word' id='word_1_380' title='bbox 2971 2269 3286 2327; x_wconf 88' lang='lat' dir='ltr'><strong>consortes,</strong></span> <span class='ocrx_word' id='word_1_381' title='bbox 3317 2258 3424 2312; x_wconf 86' lang='lat' dir='ltr'><strong>illic</strong></span> <span class='ocrx_word' id='word_1_382' title='bbox 3469 2265 3686 2312; x_wconf 89' lang='lat' dir='ltr'><strong>sancto-</strong></span> 
     </span>
    </p>
   </div>
   <div class='ocr_carea' id='block_1_50' title="bbox 2094 2350 3688 2420">
    <p class='ocr_par' dir='ltr' id='par_1_50' title="bbox 2094 2350 3688 2420">
     <span class='ocr_line' id='line_1_50' title="bbox 2094 2350 3688 2420; baseline -0.003 -11"><span class='ocrx_word' id='word_1_383' title='bbox 2094 2370 2212 2409; x_wconf 90' lang='lat' dir='ltr'><strong>rum</strong></span> <span class='ocrx_word' id='word_1_384' title='bbox 2238 2353 2652 2409; x_wconf 90' lang='lat' dir='ltr'><strong>contubernales</strong></span> <span class='ocrx_word' id='word_1_385' title='bbox 2696 2364 2750 2409; x_wconf 89' lang='lat' dir='ltr'><strong>et</strong></span> <span class='ocrx_word' id='word_1_386' title='bbox 2779 2353 2911 2408; x_wconf 89' lang='lat' dir='ltr'><strong>socii</strong></span> <span class='ocrx_word' id='word_1_387' title='bbox 2941 2368 3060 2408; x_wconf 90' lang='lat' dir='ltr'><strong>esse</strong></span> <span class='ocrx_word' id='word_1_388' title='bbox 3081 2352 3386 2417; x_wconf 86' lang='lat' dir='ltr'><strong>valeamus,</strong></span> <span class='ocrx_word' id='word_1_389' title='bbox 3435 2350 3688 2420; x_wconf 85' lang='lat' dir='ltr'><strong>precibus</strong></span> 
     </span>
    </p>
   </div>
   <div class='ocr_carea' id='block_1_51' title="bbox 2093 2441 3686 2515">
    <p class='ocr_par' dir='ltr' id='par_1_51' title="bbox 2093 2441 3686 2515">
     <span class='ocr_line' id='line_1_51' title="bbox 2093 2441 3686 2515; baseline -0.003 -15"><span class='ocrx_word' id='word_1_390' title='bbox 2093 2444 2332 2514; x_wconf 83' lang='lat' dir='ltr'><strong>ipsorum</strong></span> <span class='ocrx_word' id='word_1_391' title='bbox 2362 2453 2668 2500; x_wconf 84' lang='lat' dir='ltr'><strong>sanctorum</strong></span> <span class='ocrx_word' id='word_1_392' title='bbox 2689 2487 2705 2512; x_wconf 89' lang='lat'><strong>,</strong></span> <span class='ocrx_word' id='word_1_393' title='bbox 2731 2453 2785 2500; x_wconf 90' lang='lat' dir='ltr'><strong>ct</strong></span> <span class='ocrx_word' id='word_1_394' title='bbox 2807 2446 2974 2515; x_wconf 87' lang='lat' dir='ltr'><strong>gratia</strong></span> <span class='ocrx_word' id='word_1_395' title='bbox 3008 2459 3070 2498; x_wconf 91' lang='lat' dir='ltr'><strong>ac</strong></span> <span class='ocrx_word' id='word_1_396' title='bbox 3114 2444 3436 2513; x_wconf 83' lang='lat' dir='ltr'><strong>benignitate</strong></span> <span class='ocrx_word' id='word_1_397' title='bbox 3477 2441 3686 2497; x_wconf 88' lang='lat' dir='ltr'><strong>Domini</strong></span> 
     </span>
    </p>
   </div>
   <div class='ocr_carea' id='block_1_52' title="bbox 2094 2534 3738 2606">
    <p class='ocr_par' dir='ltr' id='par_1_52' title="bbox 2094 2534 3738 2606">
     <span class='ocr_line' id='line_1_52' title="bbox 2094 2534 3738 2606; baseline -0.001 -17"><span class='ocrx_word' id='word_1_398' title='bbox 2094 2535 2265 2591; x_wconf 90' lang='lat' dir='ltr'><strong>nostri</strong></span> <span class='ocrx_word' id='word_1_399' title='bbox 2291 2534 2420 2591; x_wconf 85' lang='lat' dir='ltr'><strong>Jesu</strong></span> <span class='ocrx_word' id='word_1_400' title='bbox 2442 2535 2672 2604; x_wconf 88' lang='lat' dir='ltr'><strong>Christi,</strong></span> <span class='ocrx_word' id='word_1_401' title='bbox 2704 2551 2824 2591; x_wconf 90' lang='lat' dir='ltr'><strong>cum</strong></span> <span class='ocrx_word' id='word_1_402' title='bbox 2858 2551 2962 2606; x_wconf 93' lang='lat' dir='ltr'><strong>quo</strong></span> <span class='ocrx_word' id='word_1_403' title='bbox 2991 2535 3134 2590; x_wconf 86' lang='lat' dir='ltr'><strong>Patri</strong></span> <span class='ocrx_word' id='word_1_404' title='bbox 3163 2535 3329 2606; x_wconf 82' lang='lat' dir='ltr'><strong>gloria</strong></span> <span class='ocrx_word' id='word_1_405' title='bbox 3349 2576 3364 2602; x_wconf 90' lang='lat'><strong>,</strong></span> <span class='ocrx_word' id='word_1_406' title='bbox 3393 2543 3689 2604; x_wconf 81' lang='lat' dir='ltr'><strong>sanctoque</strong></span> <span class='ocrx_word' id='word_1_407' title='bbox 3729 2539 3738 2555; x_wconf 80' lang='lat'><strong>&quot;</strong></span> 
     </span>
    </p>
   </div>
   <div class='ocr_carea' id='block_1_53' title="bbox 2094 2626 3686 2700">
    <p class='ocr_par' dir='ltr' id='par_1_53' title="bbox 2094 2626 3686 2700">
     <span class='ocr_line' id='line_1_53' title="bbox 2094 2626 3686 2700; baseline -0.001 -19"><span class='ocrx_word' id='word_1_408' title='bbox 2094 2626 2352 2698; x_wconf 86' lang='lat' dir='ltr'><strong>Spiritui,</strong></span> <span class='ocrx_word' id='word_1_409' title='bbox 2385 2643 2527 2686; x_wconf 91' lang='lat' dir='ltr'><strong>nunc</strong></span> <span class='ocrx_word' id='word_1_410' title='bbox 2564 2636 2618 2684; x_wconf 90' lang='lat' dir='ltr'><strong>et</strong></span> <span class='ocrx_word' id='word_1_411' title='bbox 2643 2642 2892 2700; x_wconf 87' lang='lat' dir='ltr'><strong>semper,</strong></span> <span class='ocrx_word' id='word_1_412' title='bbox 2936 2636 2990 2684; x_wconf 86' lang='lat' dir='ltr'><strong>et</strong></span> <span class='ocrx_word' id='word_1_413' title='bbox 3036 2627 3087 2684; x_wconf 90' lang='lat' dir='ltr'><strong>in</strong></span> <span class='ocrx_word' id='word_1_414' title='bbox 3118 2627 3310 2683; x_wconf 81' lang='lat' dir='ltr'><strong>saecula</strong></span> <span class='ocrx_word' id='word_1_415' title='bbox 3341 2626 3686 2682; x_wconf 71' lang='lat' dir='ltr'><strong>smculorum.</strong></span> 
     </span>
    </p>
   </div>
   <div class='ocr_carea' id='block_1_54' title="bbox 2093 2722 2285 2781">
    <p class='ocr_par' dir='ltr' id='par_1_54' title="bbox 2093 2722 2285 2781">
     <span class='ocr_line' id='line_1_54' title="bbox 2093 2722 2285 2781; baseline -0.016 0"><span class='ocrx_word' id='word_1_416' title='bbox 2093 2722 2285 2781; x_wconf 85' lang='lat' dir='ltr'><strong>Amen.</strong></span> 
     </span>
    </p>
   </div>
  </div>
