4104 6436
373 408 479 466 595

377 529 650 594 πλουτίζει
685 529 858 583 πόλιν·
895 528 991 582 καὶ
1029 528 1278 601 καθάπερ
1309 529 1580 601 θησαυρὸς
1615 529 1888 602 διηνεκὴς,
1917 532 2037 586 καθ’

375 617 613 690 ἑκάστην
648 617 1013 687 ἀντλούμενος
1046 617 1146 687 τὴν
1177 617 1410 687 ἡμέραν,
1443 618 1538 670 καὶ
1574 617 1674 670 οὐκ
1706 619 2036 684 ἐπιλείπων,

373 705 622 766 ἅπαντας
649 702 776 765 τοὺς
805 701 1132 773 μετέχοντας
1168 703 1578 773 εὐπορωτέρους
1610 706 1769 756 ποιεῖ·
1795 703 1935 758 οὓτω
1973 705 2037 776 δὴ

371 792 468 842 xz‘:
500 793 528 843 6
561 789 833 860 μακάριος
865 782 1020 852 οὗτος
1061 789 1320 858 Ἰγνάτιος
1353 792 1478 854 τοὺς
1506 791 1641 863 πρὸς
1691 792 1854 846 αὐτὸν
1885 795 2040 864 ἐρχο-

373 875 569 946 μένους
600 875 881 943 εὐλογιῶν,
911 876 1243 946 παρρησίας,
1267 877 1518 944 γενναίου
1543 879 1914 949 φρονήματος,
1944 880 2039 932 καὶ

369 964 570 1034 πολλῆς
598 964 849 1035 ἀνδρείας
875 964 1095 1035 πληρῶν
1137 965 1316 1019 οἴκαδε
1339 967 1681 1036 ἀποπέμπει.

440 1051 531 1121 Μὴ
580 1051 761 1104 τοίνυν
810 1053 1050 1122 σήμερον
1101 1052 1286 1122 μόνον,
1337 1051 1478 1106 ἀλλά
1519 1054 1612 1107 καὶ
1639 1054 1761 1108 καθ’
1793 1054 2035 1126 ἑκάστην

371 1139 583 1208 ἡμέραν
619 1137 755 1209 πρὸς
793 1138 953 1192 αὐτὸν
987 1137 1326 1209 βαδίζωμεν,
1356 1142 1761 1210 πνευματικοὺς
1786 1141 1844 1206 ἐξ
1867 1141 2031 1195 αὐτοῦ

365 1226 691 1297 δρεπόμενοι
721 1226 991 1296 καρπούς.
1033 1226 1188 1280 Ἐστι
1214 1225 1344 1298 γὰρ,
1377 1226 1490 1280 ἔστι
1513 1229 1602 1280 τὸν
1630 1228 1768 1299 μετά
1797 1230 2034 1294 πίστεως

364 1311 599 1367 ἐνταῦθα
631 1313 1072 1383 παραγινόμενον
1127 1315 1341 1384 μεγάὶα
1377 1313 1772 1386 καρπώσασθαι
1817 1316 2026 1386 ἀγαθάν

363 1401 486 1452 οὐδὲ
516 1402 623 1473 γὰρ
668 1400 735 1454 τὰ
770 1400 1000 1472 σώματα
1039 1401 1222 1471 μόνον,
1255 1401 1391 1455 ἀλλὰ
1435 1403 1531 1456 καὶ
1559 1403 1721 1457 αὐταὶ
1767 1406 1822 1456 αί
1866 1405 2029 1476 θῆκαι

363 1488 474 1541 τῶν
498 1489 672 1556 ἁγίων
703 1490 1078 1559 πνευματικῆς
1106 1491 1212 1542 εἱσι
1248 1491 1676 1561 πεπληρωμέναι
1695 1491 1937 1562 χάριτος.
1967 1492 2030 1546 EE

363 1577 473 1646 γάρ
507 1576 598 1629 ἐπὶ
639 1575 945 1628 Ἐλισσαίου
971 1575 1132 1630 τοῦτο
1167 1576 1470 1642 συνέϐαινε,
1511 1579 1608 1631 καὶ
1641 1577 1817 1650 θήκης
1839 1579 2030 1650 νεκρὸς

360 1661 639 1732 ἁψάμενος
673 1661 766 1715 τοῦ
813 1661 1045 1715 θανάτου
1087 1663 1156 1716 τὰ
1193 1663 1369 1734 δεσμὰ
1423 1664 1709 1736 διέρρηξε,
1755 1666 1847 1719 καὶ
1891 1668 2030 1738 πρὸς

359 1747 509 1814 ζωὴν
543 1747 812 1820 ἐπανῆλθε
872 1749 1070 1816 πάλιν,
1117 1748 1297 1820 πολλῷ
1355 1749 1555 1820 μᾶλλον
1584 1749 1739 1824 [601]
1784 1752 1905 1818 νῦν,
1938 1755 2026 1808 ὅτε

358 1833 724 1906 δαψιλεστέρα
768 1836 800 1906 ἡ
846 1835 1044 1906 χάρις,
1101 1837 1190 1890 ὅτε
1225 1837 1428 1891 πλείων
1483 1840 1515 1909 ἡ
1562 1827 1670 1892 τοίῗ
1708 1840 2027 1912 Πνεύματος

357 1920 630 1989 ἐνέργεια,
672 1919 902 1975 ἐστικαὶ
936 1922 1112 1992 θήκης
1145 1922 1283 1993 μετὰ
1313 1923 1551 1988 πίστεως
1581 1924 1858 1996 ἁψάμενον
1897 1928 2026 1982 πολι

359 2005 456 2076 λὴν
491 2006 702 2059 ἐκεῖθεν
742 2008 1152 2062 ἐπισπάσασθαι
1201 2003 1452 2081 δύναμιν.
1495 2011 1596 2065 Διά
1640 2012 1798 2066 τοῦτο
1839 2014 1935 2068 καὶ
1957 2015 2028 2069 τὰ

356 2093 583 2162 λείψανα
621 2094 729 2147 τῶν
780 2095 954 2164 ἁγίων
1000 2096 1186 2150 εῖασεν
1225 2099 1356 2168 ἡμῖν
1405 2101 1433 2152 ό
1481 2099 1646 2164 Θεὸς,
1696 2100 2026 2173 βουλόμενος

358 2179 504 2248 ἡμᾶς
526 2181 660 2252 πρὸς
687 2181 780 2235 τὸν
807 2183 968 2236 αὐτὸν
996 2184 1227 2248 ἐκείνοις
1261 2187 1677 2257 χειραγωγῆσαι
1716 2187 1898 2259 ζῆλον,
1929 2191 2025 2244 καὶ

356 2267 550 2337 λιμένα
577 2267 700 2322 τινὰ
726 2273 1033 2340 παρασχεῖν
1065 2272 1159 2324 καὶ
1182 2271 1532 2344 παραμύθιον
1580 2274 1825 2345 ἀσφαλὲς
1859 2287 1885 2317 ο
1913 2276 2024 2331 τῶν

354 2356 442 2408 ἀεὶ
468 2355 993 2427 καταλαμϐανόντων
1023 2361 1170 2430 ἡμᾶς
1196 2361 1403 2438 κακῶν.
1425 2362 1519 2415 Διὸ
1547 2363 1852 2434 παρακαλῶ
1889 2365 2025 2418 πάν-

353 2459 452 2506 τας
479 2443 644 2514 ὐμᾶς,
673 2444 784 2498 εἴτε
815 2446 873 2499 ἐν
895 2445 1106 2518 ἀθυμίᾳ
1133 2447 1217 2511 τίς
1245 2450 1414 2515 ἐστιν,
1460 2449 1571 2503 εἴτε
1605 2451 1664 2504 ἐν
1695 2451 1891 2519 νόσοις,
1912 2452 2024 2505 εἴτε

350 2530 412 2585 ἐν
443 2531 748 2602 ἐπηρείαις,
773 2533 884 2588 εἴτε
911 2535 967 2588 ἐν
999 2533 1134 2606 ἄλλῃ
1165 2537 1270 2588 τινὶ
1292 2537 1520 2610 βιωτικῇ
1546 2541 1886 2611 περιστάσει,
1913 2542 2023 2596 εἴτε

411 2721 430 2743 ⁸
454 2722 717 2801 M‘o’reth‘ek
732 2723 1200 2801 S'_avi|.,1:apa;L60-z_ov
1236 2732 1638 2801 aapaléc.__Savi_l.
1680 2733 1730 2801 in
1753 2750 1905 2801 marg.
1928 2752 2020 2800 pro

346 2785 555 2846 ἀσφαλές
574 2785 721 2835 habet
746 2789 946 2854 διαρκές,
973 2785 1097 2841 (nubs
1118 2793 1240 2855 Reg.
1267 2785 1561 2859 παραμυθίαν
1582 2797 1790 2861 ἀσφαλῆ.

1646 414 1712 469 ια
1755 417 1813 472 5.
1856 413 2198 472 IGNATIUM
2229 415 2640 469 ΜΑΒΤῚΚΕΜ.

3715 377 3828 457 S95

2153 531 2210 584 ἐν
2236 528 2519 601 ἁμαρτιῶν
2543 526 2718 598 βάθει,
2738 524 2877 597 μετὰ
2904 523 3141 589 πίστεως
3162 525 3395 580 ἐνταῦθα
3417 527 3821 598 παραγινέσθω,

2149 619 2243 672 καὶ
2280 618 2460 671 πάντα
2487 619 2672 670 ἐκεῖνα
2699 615 3054 685 ἀποϐήσεται,
3091 617 3187 668 καὶ
3240 614 3378 686 μετὰ
3417 615 3617 684 πολλῆς
3659 616 3823 668 ἐπαν-

2147 708 2265 778 ήξει
2285 707 2384 777 τῆς
2404 706 2614 776 ἡδονῆς,
2635 704 2961 774 κουφότερον
2979 703 3040 756 τὸ
3066 701 3301 767 συνειδὸς
3319 703 3690 774 ἐργασάμενος
3714 701 3822 755 ἀπὸ

2144 795 2240 865 τῆς
2272 793 2505 864 θεωρίας
2539 792 2730 863 μόνης
2766 790 2966 862 μᾶλλον
2994 791 3051 843 δὲ
3081 791 3141 844 οὐ
3181 793 3310 854 τοὺς
3349 791 3406 844 ἐν
3439 790 3633 854 δεινοῖς
3660 790 3820 851 ὄντας

2146 882 2308 952 μόνον
2342 882 2642 948 ἀναγκαῖον
2693 878 2928 932 ἐνταῦθα
2971 879 3407 951 παραγίνεσθαι,
3457 879 3593 933 ἀλλὰ
3627 877 3729 933 κᾶν
3761 879 3819 931 ἐν

2054 980 2068 999 ·-
2141 967 2379 1038 εὐθυμία¹
2406 984 2492 1030 τις
2519 963 2576 1038 ᾖ,
2613 965 2719 1020 κᾶν
2763 967 2820 1018 ἐν
2847 965 2995 1036 δόξῃ,
3044 966 3146 1019 κᾶν
3175 967 3233 1019 ἐν
3277 966 3598 1037 δυναστείᾳ,
3628 963 3730 1018 κᾶν
3759 964 3818 1016 ἐν

2143 1054 2428 1127 παρρησίᾳ
2472 1053 2642 1124 πολλῇ
2686 1055 2753 1124 τῇ
2807 1053 2944 1124 πρὸς
2983 1052 3074 1106 τὸν
3106 1052 3260 1119 Θεὸν,
3299 1053 3434 1124 μηδὲ
3465 1047 3618 1116 οὗτος
3645 1068 3816 1106 κατα-

2141 1140 2409 1210 φρονείτω
2456 1140 2555 1209 τῆς
2610 1137 2895 1208 ώφελείας.
2937 1137 3136 1192 Ἐλθὼν
3166 1138 3275 1210 γὰρ
3309 1136 3544 1193 ἐνταῦθα
3583 1139 3678 1191 καὶ
3721 1139 3813 1190 τὸν

2142 1225 2296 1294 ἅγιον
2330 1225 2454 1279 ἰδὼν
2479 1225 2690 1291 τοῦτον,
2717 1224 2949 1296 ἀκίνητα
2970 1225 3080 1292 ἕξει
3109 1225 3178 1279 τά
3207 1226 3368 1292 καλὰ,
3398 1228 3463 1297 τῇ
3496 1227 3684 1297 μνήμῃ
3706 1223 3814 1278 τῶν

2138 1313 2330 1366 τούτου
2359 1312 2802 1385 κατορθωμάτων
2835 1313 3146 1384 μετριάζειν
3165 1313 3263 1385 τὴν
3287 1312 3453 1367 αὐτοῦ
3482 1313 3658 1384 ψυχὴν
3683 1314 3815 1366 ἀνα-

2139 1401 2355 1466 πείσας,
2388 1401 2484 1455 καὶ
2515 1403 2616 1454 οὐκ
2653 1401 2835 1470 ἀφιεὶς
2876 1401 2938 1454 τὸ
2971 1400 3208 1466 συνειδὸς
3254 1401 3358 1454 ὐπὸ
3392 1399 3500 1453 τῶν
3535 1399 3810 1473 κατορθω-

2143 1489 2328 1558 μάτων
2357 1489 2495 1560 πρὸς
2527 1488 2694 1558 ὄγκον
2729 1487 3036 1559 ἐπαρθῆναι
3086 1507 3226 1544 τινα.
3270 1488 3348 1544 Οὐ
3383 1489 3579 1561 μικρὸν
3616 1488 3673 1541 δὲ
3699 1489 3812 1553 τοῖς

2137 1576 2195 1629 ἐν
2218 1576 2550 1646 εὐπραγίαις
2569 1577 2629 1630 τὸ
2657 1576 2732 1647 μὴ
2763 1575 3039 1645 φυσᾶσθαι
3061 1578 3153 1630 ἐπὶ
3174 1580 3292 1643 ταῖς
3319 1577 3666 1648 εὐημερίαις,
3690 1575 3808 1630 ἀλλ’

2136 1663 2333 1716 εἰδέναι
2369 1663 2606 1734 μετρίως
2652 1663 2838 1734 φέρειν
2891 1662 2992 1727 τὰς
3045 1664 3374 1737 εὐπραγίας.
3415 1665 3583 1716 Ὥστε
3635 1663 3809 1718 ἆπασι

2136 1750 2407 1820 χρήσιμος
2445 1751 2474 1802 ὸ
2511 1750 2814 1823 θησαυρὸς,
2854 1752 3162 1823 ἐπιτήδειον
3193 1751 3256 1805 τὸ
3306 1750 3669 1820 καταγώγιον,
3697 1752 3809 1811 τοῖς

2137 1837 2237 1906 μὲν
2266 1837 2603 1901 ἐπταικόσιν,
2651 1838 2736 1891 ἵνα
2771 1838 3128 1908 ἀπαλλαγῶσι
3165 1837 3270 1892 τῶν
3313 1837 3656 1909 πειρασμῶν,
3695 1838 3806 1898 τοῖς

2133 1922 2190 1975 δὲ
2224 1922 2611 1994 εὐημεροῦσιν,
2637 1925 2726 1979 ἵνα
2755 1924 2948 1995 βέϐαια
2987 1927 3174 1991 αὐτοῖς
3211 1926 3371 1998 μείνῃ
3403 1925 3469 1978 τὰ
3503 1923 3664 1978 καλά’
3695 1925 3805 1986 τοῖς

2137 2011 2236 2082 μὲν
2260 2011 2320 2066 ἐν
2339 2013 2640 2085 ἀρρωστίᾳ,
2666 2014 2753 2069 ἵνα
2776 2014 2914 2086 πρὸς
2949 2014 3165 2084 ὑγίειαν
3197 2015 3559 2079 ἐπανέλθωσι,
3597 2015 3710 2075 τοῖς
3751 2011 3804 2064 δὲ

2133 2099 2502 2168 ὑγιαίνουσιν,
2570 2102 2658 2155 ἵνα
2722 2103 2795 2174 μὴ
2853 2104 2990 2174 πρὸς
3037 2104 3348 2175 ἀρρωστίαν
3404 2100 3804 2156 καταπέσωσιν.

2133 2185 2314 2257 "Amp
2369 2187 2582 2241 ἅπαντα
2615 2187 2992 2260 λογιζόμενοι,
3050 2190 3235 2261 πάσης
3292 2189 3571 2261 τέρψεως,
3624 2187 3800 2257 πάσης

2129 2272 2320 2344 ἡδονῆς
2351 2272 2450 2344 τὴν
2499 2274 2734 2330 ἐνταῦθα
2788 2277 3149 2350 προτιμῶμεν
3199 2277 3511 2349 διατριϐὴν,
3567 2276 3634 2332 ἵν’
3666 2275 3799 2346 ὁμοῦ

2131 2360 2225 2412 καὶ
2291 2360 2708 2433 εὐφραινόμενοι
2775 2365 2870 2419 καὶ
2924 2366 3334 2437 κερδαίνοντες,
3392 2365 3488 2420 καὶ
3541 2365 3658 2417 ἐκεῖ
3708 2364 3801 2415 σύ-

2127 2463 2318 2518 σκηνοι
2369 2452 2481 2513 τοῖς
2535 2451 2712 2519 ἁγίοις
2771 2453 2983 2516 τούτοις
3049 2455 3144 2508 καὶ
3205 2454 3503 2526 όμοδίαιτοι
3547 2450 3800 2522 γενέσθαι

2127 2534 2450 2608 δυνηθῶμεν
2481 2539 2670 2609 εὐχαῖς
2697 2540 2878 2594 αὐτῶν
2902 2541 3009 2594 τῶν
3046 2543 3236 2610 ἁγίων,
3261 2543 3446 2614 χάριτι
3478 2541 3575 2595 καὶ
3609 2538 3798 2610 φιλανο

2129 2620 2348 2694 θρωπία
2376 2625 2468 2678 τοῦ
2513 2626 2720 2697 Κυρίου
2752 2627 2910 2698 ἡμῶν
2953 2630 3128 2699 Ἰησοῦ
3177 2629 3437 2702 Χριστοῦ,
3482 2630 3599 2701 μεθ’
3636 2623 3697 2682 οὐ
3720 2631 3796 2696 τῷ

2129 2711 2304 2781 Πατρὶ
2336 2713 2368 2782 ὴ
2402 2712 2564 2779 δόξα,
2612 2714 2728 2785 ἅμα
2777 2715 2855 2787 τῷ
2911 2718 3052 2788 ἁγίῳ
3085 2717 3388 2790 ΙΙνεύματι,
3424 2718 3519 2774 νῦν
3567 2715 3659 2772 καὶ
3683 2708 3790 2779 ἀεὶ»

2127 2800 2222 2853 καὶ
2250 2803 2328 2865 είς
2357 2804 2483 2868 τοὺς
2511 2804 2716 2870 αἰῶνας
2744 2807 2850 2862 τῶν
2879 2807 3109 2862 αἰώνων.
3157 2811 3348 2882 Ἀμήν.
