4104 6452
428 364 533 418 597
1133 362 1190 418 S.
1225 362 1516 420 JOANNIS
1560 363 2055 421 CIIRYSOSTOMI
2092 363 2413 422 ARCHIEP.
2456 365 3004 423 CONSTANIINOP.
3585 368 3687 423 593

426 473 3685 505 CW

1222 625 1325 686 AD
1387 624 1771 686 HOMILIAM
1824 624 1904 685 IN
1957 624 2312 685 SANCTUM
2366 624 2896 700 EUSTATHIUM,

496 778 673 849 llujus
701 779 756 834 in
791 775 847 831 S.
877 775 1221 832 Eustathium
1244 774 1342 831 abs
1381 790 1442 830 se
1472 774 1672 829 habitat
1723 774 2009 830 concionis
2040 774 2287 829 meminit
2319 772 2743 845 Cbrysostomus
2789 788 3045 830 sermone
3074 774 3099 829 1
3138 773 3206 830 de
3231 775 3410 830 verbis
3444 773 3686 834 Jeremia:

427 891 583 931 num.
614 875 670 937 Ι,
713 874 801 929 his
831 873 1014 929 verbis
1045 882 1064 924 :
1092 871 1382 942 Propterea
1411 888 1577 943 nuper
1605 889 1722 927 cum
1754 872 1821 928 de
1845 870 2009 927 Petro
2036 882 2084 927 et
2109 870 2288 927 Paulo
2306 873 2760 937 disseruissemua,
2784 872 2921 926 etde
2948 881 3131 927 exorta
3163 873 3300 927 inter
3336 874 3472 943 ipsos
3501 874 3687 929 Antio-

424 965 558 1021 chia:
588 964 965 1030 controversia,
993 979 1328 1034 pugnamque
1360 963 1535 1029 illam,
1556 980 1675 1035 qum
1699 966 1837 1018 inter
1859 979 1947 1018 eos
1972 979 2084 1018 esse
2110 963 2406 1029 ridebatur,
2433 978 2564 1031 pace
2586 966 2778 1034 quavis
2804 964 3073 1019 utiliorem
3094 964 3234 1019 vobis
3261 965 3683 1034 ostendissemus,

424 1073 644 1127 cumque
678 1057 748 1111 ad
778 1064 1118 1127 prteruptam‘
1135 1064 1185 1110 et
1228 1071 1470 1126 asperam
1510 1072 1599 1111 vos
1645 1057 1795 1111 illam
1827 1056 1969 1111 viam
2008 1055 2411 1112 deduxissemus
2434 1073 2453 1111 :
2493 1058 2743 1129 quoniam
2790 1058 3108 1129 defatigatos
3139 1060 3388 1123 vidimus,
3427 1057 3497 1113 ad
3541 1058 3686 1113 aliud

422 1162 789 1223 argumentatur
821 1166 907 1205 vos
933 1150 1295 1216 traduximus,
1324 1150 1450 1203 dum
1484 1149 1624 1205 beati
1650 1150 1924 1206 Euatathii
1953 1154 2227 1222 prwconia
2262 1167 2502 1207 sermone
2522 1153 2780 1221 complexi
2814 1169 3021 1217 sumus,
3046 1161 3096 1207 et
3132 1153 3420 1223 pastillum
3454 1156 3683 1225 generosi

422 1245 675 1312 martyris
701 1242 928 1297 Romani
956 1243 1141 1298 laudes
1170 1244 1529 1314 percurrimus
1564 1261 1681 1297 cum
1711 1244 1984 1300 illustrius
2016 1246 2165 1301 nobis
2200 1246 2411 1316 factum
2445 1254 2524 1300 est
2560 1245 2847 1313 theatrum,
2884 1245 3112 1316 amplior
3143 1247 3450 1316 applausua,
3485 1263 3547 1300 ac
3573 1264 3687 1301 mu-

413 1338 507 1410 jor
545 1340 795 1408 strepitus
826 1339 1264 1393 acclamantium.
1294 1336 1582 1395 Prmcessit
1606 1340 1770 1410 igitur
1798 1341 1942 1399 hanc
1980 1341 2036 1396 in
2098 1336 2447 1395 Eustathium
2483 1339 2769 1396 bomiliam
2802 1340 3039 1397 celebris
3083 1340 3175 1395 illa
3204 1340 3272 1395 ale
3314 1339 3683 1396 controversia

416 1429 559 1486 inter
602 1428 829 1484 Paulum
854 1438 909 1484 et
935 1428 1153 1485 Petrum
1180 1448 1194 1483 :
1219 1431 1467 1486 eamdem
1495 1429 1650 1504 [602]
1680 1447 1806 1488 vero
1836 1433 1890 1487 in
1915 1432 2262 1489 Eustathium
2290 1441 2480 1489 secuta
2502 1442 2585 1488 est
2613 1432 2836 1488 bomilia
2867 1434 2921 1487 in
2950 1433 3008 1489 S.
3036 1433 3343 1513 Romanum
3368 1439 3682 1503 martyrem,

422 1537 586 1593 quam
623 1520 1023 1594 Chrysostomo
1051 1521 1315 1579 suadente
1352 1522 1481 1578 huic
1511 1523 1916 1595 subiungimus.
1944 1522 2038 1581 Hae
2065 1540 2231 1597 porro
2259 1538 2451 1581 omnes
2486 1525 2790 1581 conciones
2815 1524 3122 1581 Antiochiae
3152 1524 3352 1579 habitae
3380 1532 3547 1579 sunt:
3574 1538 3679 1593 quo

422 1625 604 1670 autem
632 1631 776 1671 anno
807 1616 1112 1687 ignoratur.

498 1704 576 1760 De
622 1705 912 1762 Eustathio
955 1706 1299 1762 Antiocheno
1339 1708 1604 1777 praesule,
1638 1707 1731 1778 qui
1766 1722 1867 1779 pro
1906 1706 2173 1766 catholica
2206 1710 2313 1766 [ldo
2354 1709 2526 1765 multa
2556 1723 2848 1781 perpessus
2889 1714 2942 1763 et
2984 1706 3040 1762 in
3074 1707 3328 1764 exsilium
3360 1705 3551 1777 pulsus
3579 1711 3679 1770 est,

431 1813 604 1868 pauca
637 1797 869 1872 dicenda
906 1806 1055 1852 sunt.
1085 1794 1184 1854 llic
1214 1799 1413 1854 ardens
1443 1798 1626 1856 studio
1658 1815 1799 1856 vera:
1828 1800 2096 1858 doctrinae
2120 1802 2534 1872 promovendm,
2557 1799 2902 1869 infestusque
2924 1800 3165 1868 Arianis,
3199 1814 3336 1871 quos
3361 1799 3682 1861 interclusos

423 1870 687 1946 societale
714 1897 768 1944 et
790 1889 1176 1945 communione
1211 1906 1310 1947 sua
1333 1891 1598 1958 edixerat,
1622 1892 1676 1947 in
1705 1892 1890 1947 odium
1920 1870 2296 1965 invidiamque
2324 1892 2545 1950 Eusebii
2574 1892 3008 1951 Nicomediensis
3031 1870 3270 1964 episcopi
3300 1893 3680 1961 sociorumque

425 1986 757 2040 Arianorum
798 1983 1053 2040 incurrit.
1087 1985 1169 2041 Ad
1202 1985 1319 2041 haec
1348 1985 1522 2042 multa
1572 1994 1766 2042 contra
1805 1986 2044 2042 Arianos
2075 2002 2243 2059 opera
2267 1988 2320 2042 in
2362 1988 2540 2044 lucem
2573 1987 2778 2053 emisit,
2818 2002 3051 2059 quorum
3077 1987 3285 2042 mentio
3311 1986 3455 2057 apud
3479 1983 3679 2040 lliero-

423 2092 648 2149 nymum
681 2085 736 2133 et
769 2074 1194 2133 Theodoretum.
1247 2077 1385 2133 Cum
1431 2076 1673 2135 Eusebio
1708 2080 1835 2136 item
1886 2080 2212 2138 Caesariensi
2263 2082 2388 2137 iniit
2435 2082 2895 2146 controversiam,
2926 2097 3165 2151 eumque
3196 2088 3257 2136 ut
3287 2079 3523 2135 Nicaeum
3559 2079 3677 2134 lidei

423 2167 703 2224 infensum
732 2168 953 2239 scriptis
988 2169 1105 2225 suis
1130 2171 1445 2241 exagitavit.
1476 2170 1570 2226 llle
1616 2181 1809 2229 contra
1840 2172 2189 2230 Eustathium
2226 2189 2384 2229 reum
2412 2175 2524 2245 egit
2561 2172 2885 2230 Sabelliana:
2911 2171 3209 2243 opinionis,
3242 2170 3389 2240 quod
3419 2168 3677 2225 Sabellio-

420 2261 582 2316 nismi
606 2262 814 2317 crimen
840 2262 1083 2319 solemne
1109 2263 1330 2321 Arianis
1354 2274 1474 2322 erat
1511 2266 1580 2322 iis
1604 2266 1823 2333 oﬂ'erre,
1843 2268 1940 2338 qui
1972 2268 2233 2324 Arianam
2268 2268 2506 2325 haeresin
2540 2267 2736 2324 infesti
2769 2275 3166 2338 oppugnarent.
3198 2263 3386 2334 Neque
3416 2263 3475 2319 in
3507 2260 3676 2317 Euse-

420 2355 572 2410 bium
614 2367 828 2417 tantum
881 2364 1225 2433 Eustathius,
1276 2365 1371 2421 sed
1404 2367 1569 2422 etiam
1617 2367 1673 2422 in
1725 2364 2107 2438 Patropbilum
2141 2367 2681 2438 Scythopolitanunt,
2720 2375 2774 2421 et
2802 2362 3094 2431 Paulinum
3143 2362 3370 2435 Tyrium
3417 2359 3679 2417 acerrime

354 2496 359 2507 ,
416 2449 794 2510 invehebatur.
830 2453 929 2512 Bis
956 2459 1171 2514 accensi
1205 2458 1450 2515 veritatis
1477 2460 1661 2516 hostes
1691 2458 1811 2515 viro
1854 2458 2084 2516 insidias
2116 2467 2316 2531 parant
2347 2469 2403 2515 et
2433 2459 2669 2514 crimina
2713 2456 3233 2513 comminiscuntur.
3269 2452 3386 2510 Non
3428 2449 3678 2509 convenit

414 2542 558 2599 inter
587 2545 886 2616 scriptores
916 2564 1027 2619 quo
1053 2551 1343 2605 calumniae
1380 2567 1579 2621 genere
1617 2553 1730 2607 sint
1773 2551 1861 2608 usi
1911 2550 2186 2608 Eustatbii
2230 2552 2556 2608 adversarii.
2598 2551 2691 2607 Ait
2717 2549 3076 2614 Athanasius,
3117 2546 3263 2618 apud
3290 2546 3673 2617 Imperatorem

425 2639 846 2698 Constantinam
878 2643 1130 2715 Magnum
1157 2656 1476 2702 accusatum
1504 2645 1849 2704 Eustathium
1877 2649 2132 2722 irrogata:
2158 2648 2322 2730 matri
2347 2648 2524 2720 ipsius
2559 2646 2930 2713 contumeliae,
2962 2645 3112 2699 nulla
3151 2644 3472 2713 interposita
3526 2656 3675 2697 mora

416 2728 476 2784 in
515 2732 772 2788 exsilium
823 2744 1005 2789 actum
1043 2736 1213 2793 fuisse
1261 2754 1387 2794 cum
1424 2755 1618 2812 magna
1651 2743 2033 2797 comitantium
2068 2728 2510 2816 presbiterorum
2548 2752 2605 2799 et
2632 2744 2990 2798 diaconorum
3044 2739 3372 2811 frequentia.
3424 2737 3677 2794 Socrates

420 2830 604 2878 autem
629 2838 683 2880 et
732 2826 1071 2887 Sozomeaus
1113 2841 1357 2899 narrant,
1400 2835 1528 2890 odio
1569 2836 1865 2908 ﬂagrantes
1914 2837 2254 2895 Eusebianos
2302 2839 2649 2895 Eustathium
2685 2838 2738 2893 in
2787 2837 3010 2910 Synodo
3054 2835 3360 2890 Antiochia:
3399 2834 3673 2890 celebrata

422 2918 732 2988 abdicasse,
772 2939 897 2979 cum
937 2925 1365 2999 Sabellianismi,
1399 2941 1514 2988 tum
1539 2934 1681 2990 alius
1719 2936 1967 2992 criminis
1998 2951 2105 2992 non
2148 2938 2492 2993 memorandi
2526 2952 2711 2992 causa.
2751 2934 2953 2991 Verum
2989 2931 3136 3004 quod
3191 2932 3325 2988 illud
3370 2930 3540 2986 fuerit
3568 2931 3677 2986 cri-

426 3024 577 3077 men,
601 3012 776 3080 aperit
815 3011 1212 3083 Theodoretus,
1238 3017 1535 3077 Eusebium
1570 3025 1779 3081 scilicet
1807 3024 2299 3095 Nicomediensem,
2328 3027 2487 3097 quasi
2517 3028 2661 3082 aliud
2698 3036 2967 3096 agentem,
2993 3040 3119 3079 cum
3149 3023 3314 3079 sociis
3342 3037 3455 3077 non
3488 3021 3679 3094 paucis

426 3099 775 3157 Antiochiam
805 3107 1046 3173 venisse,
1079 3118 1132 3163 et
1165 3111 1235 3167 ab
1270 3112 1553 3169 Eustathio
1575 3116 1808 3170 comiter
1837 3124 2122 3186 exceptum
2162 3116 2358 3174 fuisse.
2398 3117 2493 3182 lbi,
2521 3118 2698 3186 inquit
2737 3117 2847 3182 ille,
2875 3116 3147 3173 conducta
3182 3114 3530 3181 muliercula,
3555 3126 3677 3184 qua:

418 3193 668 3262 corporis
712 3196 1120 3264 pulchritudine
1144 3213 1411 3273 quaestum
1460 3205 1728 3273 faciebat,
1776 3216 2027 3262 auctores
2070 3207 2175 3278 ipsi
2217 3218 2364 3273 sunt,
2396 3218 2457 3262 ut
2511 3208 2587 3262 rei
2634 3223 2822 3263 secum
2858 3207 3057 3262 habita:
3090 3213 3342 3262 sanctum
3375 3206 3664 3274 praesulem

425 3295 665 3342 accuset.
691 3285 749 3341 In
794 3297 995 3346 ctetum
1029 3292 1344 3351 intromissa
1372 3298 1588 3361 mulier,
1629 3297 1891 3354 infantem
1917 3299 2176 3356 uberibus
2200 3300 2480 3354 admotum
2507 3300 2824 3366 ostendens,
2863 3298 3018 3353 illum
3051 3312 3111 3353 se
3139 3311 3206 3352 ex
3228 3295 3500 3352 Eustathii
3531 3296 3675 3352 coitu

425 3382 698 3451 peperisse
720 3383 972 3443 aflirmat.
1005 3387 1328 3447 Eustathius
1349 3408 1503 3456 vero,
1530 3409 1639 3450 non
1668 3394 1892 3466 ignarus
1920 3395 2171 3451 conﬂatm
2190 3396 2244 3451 in
2279 3412 2339 3452 se
2371 3395 2824 3466 conspirationis,
2857 3394 3140 3449 mulierem
3168 3393 3215 3448 si
3253 3408 3414 3464 quem
3455 3394 3678 3448 haberet

429 3473 746 3542 huiusmodi
774 3478 1036 3537 facinoris
1065 3493 1260 3540 testem
1298 3487 1354 3540 in
1386 3488 1624 3543 medium
1651 3489 1897 3559 proferre
1935 3490 2127 3561 jubet;
2157 3507 2392 3563 cumque
2423 3492 2695 3547 neminem
2730 3491 2821 3545 illa
2852 3490 3098 3561 proferre
3120 3498 3329 3561 posset,
3360 3490 3468 3560 ipsi
3495 3488 3676 3559 jusju-

420 3567 654 3623 randum
697 3569 989 3629 Eusebiani
1028 3574 1289 3632 detulere.
1338 3577 1551 3633 Juravit
1580 3580 1671 3635 illa
1718 3580 1982 3638 infantem
2026 3581 2301 3638 Eustatbii
2336 3598 2494 3650 esse;
2542 3584 2841 3653 statimque
2869 3582 3084 3653 iudices
3126 3580 3464 3651 iniquissimi
3494 3581 3670 3634 virum

421 3661 687 3718 damnant
721 3676 779 3719 ut
810 3667 1119 3735 mmchum,‘
1159 3670 1584 3727 reclamantibus
1629 3672 1755 3729 licet
1786 3676 2001 3731 caeteris
2028 3676 2300 3746 episcopis
2324 3677 2417 3745 qui
2464 3691 2530 3731 eo
2570 3677 2674 3732 loci
2714 3684 3103 3742 convenerant,
3133 3676 3247 3731 veri
3289 3675 3580 3730 tenacibus
3616 3682 3672 3728 et

426 3754 569 3829 frugi
601 3760 936 3827 hominibus,
964 3764 1057 3832 qui
1088 3762 1375 3821 Eustathio
1402 3776 1654 3825 auctores
1693 3779 1851 3825 erant
1881 3781 1943 3826 ut
1972 3786 2042 3826 ne
2072 3772 2276 3842 iniqua:
2322 3772 2606 3847 sententiae
2636 3772 3023 3841 acquiesceret.
3063 3770 3215 3827 Hauc
3236 3771 3366 3826 item
3398 3769 3663 3826 crimina-

416 3852 621 3909 tionem
662 3867 1058 3913 commemorat
1087 3858 1454 3933 Hieronymus
1493 3862 1721 3935 Apolog.
1753 3865 1790 3919 2
1834 3865 2098 3923 adversus
2130 3866 2410 3923 Rufinum.
2441 3887 2460 3920 ι
2508 3868 2645 3933 Istae,
2683 3868 2880 3940 inquit,
2925 3868 3195 3923 machinae
3242 3864 3663 3927 Haereticorum.

419 3945 474 4000 id
500 3957 605 4015 est,
636 3951 1025 4021 magistrorum
1060 3962 1277 4010 tuorum
1309 3965 1458 4026 sunt,
1490 3967 1550 4014 ut
1581 3960 1818 4017 convicti
1846 3962 1915 4018 de
1934 3961 2184 4034 perﬁdia,
2221 3963 2286 4018 ad
2323 3963 2613 4029 maledicta
2639 3980 2699 4021 se
2731 3963 3039 4021 conferant.
3073 3961 3164 4019 Sic
3190 3961 3517 4018 Eustathius
3547 3961 3664 4031 epi-

417 4054 616 4111 scopus
644 4043 807 4112 ﬁlios,
833 4047 961 4102 dum
995 4051 1191 4117 nescit,
1219 4051 1446 4109 invenit.
1489 4072 1512 4107 ι

451 4135 3661 4163 WW

1744 4327 2330 4417 ΕΓΚΩΜΙΟΝ

643 4515 669 4542 ιι
705 4505 809 4567 Εἰς
845 4501 953 4556 τὸν
994 4503 1062 4557 ἐν
1082 4502 1271 4573 ἁγίοις
1297 4506 1522 4575 πατέρα
1553 4502 1722 4575 ἡμῶν
1754 4506 2091 4561 Εὐστάθιον
2118 4492 2593 4575 ἁρχιεπίσκοπον
2632 4505 2986 4576 Ἀντιοχείας
3010 4501 3117 4573 τῆς
3145 4501 3440 4573 μεγάλης.

500 4835 570 4881 α’.
591 4828 758 4897 Σοφός
774 4847 856 4892 τις
877 4830 1016 4903 ἀνὴρ
1034 4831 1129 4884 καὶ
1150 4831 1455 4901 φιλοσοφεῖν
1472 4832 1769 4896 εἰδὼς,τῶν
1792 4832 2000 4903 ἀνθρω-
2104 4835 2329 4888 ἔπλευσε
2372 4832 2563 4900 λιμένα
2582 4872 2597 4892 ,
2633 4833 2731 4900 οὐχ
2781 4829 3066 4883 ὑπόκειται
3119 4833 3190 4901 τῇ
3242 4828 3336 4883 τοῦ
3393 4827 3675 4899 μέλλοντος

431 4912 601 4965 πίνων
628 4913 967 4982 πραγμάτων
1011 4914 1109 4985 τὴν
1143 4914 1304 4983 φύσιν
1336 4915 1474 4987 μετὰ
1514 4915 1799 4986 ἀκριϐείας
1835 4933 2001 4969 κατα-
2102 4917 2295 4986 ἁδηλὶᾳ
2318 4927 2369 4978 ο,
2400 4915 2520 4966 οὐδέ
2567 4917 2714 4968 ἐστιν
2770 4911 3071 4976 ὑπεύθυνος
3129 4910 3498 4975 καταπτὼσει,
3544 4909 3676 4964 ἀλλὰ

433 4994 643 5065 μαθὼν,
682 4994 777 5047 καὶ
800 4995 1054 5063 ἐπιγνοὺς
1087 4998 1266 5050 αὐτῶν
1303 5000 1401 5068 τὴν
1447 4998 1770 5069 σαθρότητα,
1800 4999 1893 5051 καὶ
1926 4999 2002 5062 ὡς
2103 5000 2354 5070 καθάπερ
2386 4999 2478 5051 ἐπὶ
2507 4998 2710 5069 πέτρας
2748 4996 2892 5060 τινὸς
2931 4996 3025 5048 καὶ
3054 4994 3257 5065 ὑψηλοῦ
3286 4994 3549 5048 σκοπέλου
3582 4992 3677 5046 νῦν

427 5075 578 5131 οὐδὲν
621 5076 733 5147 ἔχει
767 5076 975 5142 πιστὸν,
1034 5079 1152 5133 οὑδὲ
1176 5075 1206 5116 δ
1254 5081 1469 5152 βέϐαιον
1494 5122 1508 5145 ,
1561 5084 1996 5153 παραινεί¹κοινῇ
2102 5081 2276 5144 ἑστὼς
2317 5079 2593 5150 καταγελᾷ
2645 5079 2755 5132 τῶν
2806 5078 3069 5149 κυμάτων
3122 5080 3396 5133 ἁπάντων.
3466 5076 3677 5129 Οὐκοῦν

428 5162 595 5215 πᾶσιν
634 5161 941 5233 ἀνθρώποις
973 5162 1080 5233 πρὸ
1117 5164 1375 5235 τελευτῆς
1420 5164 1494 5237 μὴ
1549 5166 1867 5236 μακαρίζειν
1898 5183 2002 5236 μη-
2102 5164 2348 5233 ἀσφαλὴς
2372 5165 2402 5215 6
2445 5161 2814 5234 μακαρισμὸς,
2850 5160 3216 5232 ἀνεπίληπτον
3253 5161 3314 5213 τὸ
3355 5160 3632 5230 ἐγκώμιον
3655 5176 3677 5194 ο

424 5244 574 5298 δὲνα.
618 5244 830 5298 Οὐκοῦν
861 5243 1048 5317 ἐπειδὴ
1091 5246 1476 5318 τετελεύτηκεν
1522 5249 1550 5300 ὁ
1593 5248 1859 5319 μακάριος
1896 5250 2001 5301 Εὑ-
2099 5247 2159 5298 οὑ
2190 5249 2297 5316 γάρ
2327 5245 2532 5297 δέδοικε
2573 5243 2897 5315 μεταῶλὴν,
2925 5244 3026 5314 οὑχ
3050 5242 3347 5297 ὑποπτεύει
3382 5243 3674 5312 μετάπτω-

428 5326 664 5389 στάθιος,
701 5326 842 5398 μετὰ
877 5327 1058 5390 ἀδείας
1084 5329 1248 5383 αὑτὸν
1275 5331 1492 5400 ἀπάσης
1522 5331 1865 5400 ἐγκωμιάσαι
1892 5332 2003 5384 λοι-
2100 5346 2203 5382 σιν.
2245 5326 2433 5398 Ἡμεῖς
2479 5327 2578 5397 μὲν
2616 5325 2726 5397 γὰρ
2757 5327 2807 5379 οἱ
2858 5326 2938 5381 ἔτι
2977 5324 3211 5390 ζῶντες,
3246 5325 3498 5395 καθάπερ
3534 5326 3583 5377 οἱ
3617 5326 3678 5375 ὲν

427 5409 527 5461 πδν
559 5408 854 5481 δυνάμεθα·
887 5411 1062 5483 εἰγάρ
1085 5412 1192 5483 πρὸ
1217 5412 1548 5482 τελευτῆςοὺ
1573 5413 1653 5465 δεῖ
1681 5414 2004 5485 μακαρίζειν
2101 5413 2248 5483 μέσῳ
2282 5411 2507 5480 πελάγει
2537 5409 2879 5473 σαλεύοντες,
2918 5409 3142 5473 πολλαῖς
3183 5408 3524 5480 ὑποκειμεθα
3552 5409 3676 5470 ταῖς

424 5490 636 5556 οὐδένα,
676 5492 816 5563 μετὰ
840 5493 939 5565 τὴν
968 5494 1225 5566 τελευτὴν
1251 5495 1543 5558 ἀνεύθυνος
1574 5496 1667 5548 ἐπὶ
1695 5495 1803 5549 τῶν
1836 5497 2003 5562 ἀξίων
2101 5495 2444 5568 μεταὸολαῖςο
2486 5496 2578 5547 καὶ
2629 5493 2881 5565 καθάπερ
2922 5495 3120 5547 ἐκεῖνοι
3149 5493 3248 5547 νῦν
3284 5494 3383 5565 μὲν
3419 5494 3500 5555 εἰς
3541 5491 3675 5561 ὕψος

422 5573 453 5624 6
490 5577 839 5645 μακαρισμὸς
866 5576 1056 5644 γένοιτ’
1089 5576 1174 5631 ἄν.
1202 5579 1307 5630 Καὶ
1335 5578 1443 5650 γάρ
1466 5578 1713 5648 παρῆλθε
1732 5580 1826 5631 τὸν
1852 5579 2000 5649 εὔρι-
2099 5582 2341 5650 αἴρονται
2375 5578 2481 5631 τῶν
2531 5577 2791 5646 κυμάτων
2838 5574 3282 5647 κορυφουμένων,
3327 5575 3421 5629 νῦν
3448 5571 3508 5626 δὲ
3537 5573 3673 5643 πρὸς

426 5671 527 5707 πον
555 5654 660 5708 τῶν
695 5657 964 5727 βιωτικῶν
996 5660 1357 5731 πραγμάτων,
1389 5660 1681 5731 ἀπηλλάγη
1704 5662 1803 5732 τῆς
1826 5678 1995 5733 “corpus
2104 5664 2265 5716 αὐτὸν
2307 5661 2705 5730 καταφέρονται
2759 5659 2849 5713 τὸν
2898 5658 3058 5727 βυθόν
3079 5674 3091 5686 ·
3136 5657 3250 5711 ἀλλ’
3284 5655 3407 5709 οὔτε
3439 5656 3500 5706 τὸ
3541 5652 3672 5719 ὕψος,

423 5737 526 5806 χῆς
542 5736 650 5790 τῶν
669 5742 949 5810 κυμάτων,
974 5743 1107 5815 πρὸς
1123 5745 1214 5797 τὸν
1230 5743 1403 5797 εὕδιον
1439 5745 1533 5798 καὶ
1569 5745 1839 5815 ἀτάραχον
1864 5762 1989 5799 κατ·
2105 5746 2342 5814 ἀσφαλὲς
2367 5785 2381 5807 ,
2414 5743 2537 5796 οὔτε
2569 5745 2601 5814 ὴ
2631 5741 2955 5804 ταπείνωσις
3008 5740 3232 5812 μόνιμος
3258 5759 3271 5772 ·
3315 5740 3522 5795 ὑδάτων
3569 5736 3675 5806 γάρ

487 5839 515 5907 f
538 5839 687 5907 Savil.
707 5828 852 5907 titulo
871 5843 1006 5907 addit
1022 5845 1113 5907 uati
1127 5846 1191 5900 εἰς
1225 5847 1308 5903 τήν
1329 5848 1538 5905 σπουδήν
1560 5847 1653 5893 τῶν
1673 5848 1988 5897 εἰσελθόντων.

1472 5848 1538 5905 ῑήν
1560 5847 1653 5893 τῶν
1673 5848 1988 5897 εἰσελθόντων.
2165 5846 2185 5873 ε
2212 5842 2344 5891 [ιιιιδ
2366 5856 2453 5892 ms.
2479 5847 2535 5904 τῇ
2558 5838 2642 5888 τοῦ
2664 5840 2912 5901 μέλλοντος
2929 5836 3093 5905 δειλίᾳ.

489 5898 524 5941 δ
544 5899 679 5951 L'nus
703 5903 827 5963 Reg.
855 5910 909 5955 et
930 5902 1077 5955 SaVii.
1102 5904 1151 5955 iu
1172 5898 1324 5964 marg.
1354 5909 1449 5964 ἔτει
1474 5898 1687 5963 στῶ-ἐὸν,
1710 5908 1837 5957 οὐδὲ.
