4104 6440
433 337 534 392 597
1441 326 1508 382 IN
1551 329 1609 385 S.
1653 328 2107 386 EUSTATHIUM
2172 328 2700 386 ANTIOCHENUM.

3614 332 3720 388 593

1291 590 1720 653 EPISCOPUM
1767 590 2351 664 ANTIOCHENUM,
2407 590 2846 651 ADMONITIO.

507 737 632 795 llaec
657 739 1037 795 Theodoretus
1069 747 1123 793 et
1151 735 1518 809 Hieronymus
1545 755 1558 792 :
1592 745 1648 790 at
1676 751 1772 806 per
1803 736 1936 790 mihi
1968 735 2168 791 mirum
2196 735 2410 790 videtur
2443 735 2583 790 hanc
2609 745 2718 789 tam
2753 745 2993 791 atrocem
3031 737 3084 790 in
3106 737 3342 792 amicum
3368 745 3422 791 et
3447 734 3714 806 aequalem

441 848 603 889 suum
638 833 954 902 episcopum
982 831 1220 886 oblatam
1249 829 1578 884 calumniam
1607 828 1677 883 ab
1719 827 2022 882 Athanasio
2058 827 2250 882 taceri.
2285 825 2360 881 Ex
2401 827 2684 882 Athanasii
2737 837 2885 883 certe
2924 829 3144 884 silentio
3170 830 3417 885 nonnihil
3464 829 3700 885 fortasse

436 934 700 980 nascatur
728 933 918 979 contra
947 925 1088 980 hanc
1117 924 1402 979 historiam
1427 921 1779 992 suspicionis,
1818 921 2041 990 quando
2075 920 2423 990 potissimum
2457 919 2735 976 cernimus
2765 921 3056 992 plerosque
3088 923 3245 979 istius
3277 925 3376 979 aevi
3411 923 3707 992 scriptores

439 1017 671 1070 libenter
695 1016 890 1072 afferre
930 1017 1381 1072 muliercularum
1417 1014 1699 1078 historias,
1733 1029 1965 1083 quarum
2001 1013 2281 1068 nonnullae
2309 1011 2426 1082 pari
2467 1013 2783 1083 suspicione
2813 1013 3096 1080 laborant;
3128 1015 3307 1085 qualis
3341 1023 3426 1070 est
3450 1015 3538 1069 illa
3582 1028 3702 1066 mu-

429 1109 672 1166 licrculae
703 1109 758 1164 in
787 1107 1008 1181 Synodo
1027 1109 1190 1181 Tyria
1223 1107 1586 1163 Athanasium
1613 1106 1748 1160 illati
1774 1107 1948 1175 stupri
1974 1105 2309 1172 accusantis,
2334 1120 2497 1176 quam
2517 1105 2561 1160 si
2592 1121 2700 1162 non
2733 1119 2917 1177 aperte
2947 1107 3166 1173 falsam,
3193 1107 3488 1162 admodum
3517 1106 3711 1160 saltem

437 1210 752 1272 suspectam
777 1202 1118 1259 ostendimus
1141 1203 1194 1256 in
1233 1200 1814 1256 Animadversionibus
1849 1199 1916 1253 ad
1945 1201 2110 1252 vitam
2136 1207 2190 1252 et
2212 1197 2414 1267 scripta
2445 1197 2753 1254 Athanasii.
2781 1200 2958 1268 Auget
3001 1200 3090 1255 hic
3121 1201 3440 1269 scrupulum
3465 1199 3706 1270 Chryso-

441 1306 676 1362 stomus,
703 1297 797 1366 qui
838 1295 894 1350 in
934 1295 1035 1350 hac
1063 1295 1130 1350 de
1156 1293 1447 1349 Eustathio
1475 1293 1702 1347 homilia
1739 1307 1806 1346 ne
1845 1290 1950 1362 γρῦ
1979 1290 2202 1360 quidem
2235 1288 2415 1354 habet,
2452 1302 2564 1358 quo
2595 1288 2758 1342 talem
2784 1289 3024 1344 oblatam
3051 1290 3382 1346 calumniam
3418 1290 3498 1346 vel
3526 1301 3713 1359 aperte

433 1392 717 1446 denuntiet
748 1391 832 1446 vel
864 1391 1192 1446 subindicet.
1235 1390 1375 1457 Quid
1413 1389 1561 1461 quod
1595 1387 1850 1443 Socrates
1885 1399 2176 1458 postquam
2210 1385 2558 1440 Eustathiutn
2600 1382 3011 1443 Sabellianismi
3041 1402 3207 1442 causa
3237 1387 3550 1442 abdicatum
3582 1403 3713 1442 nar-

435 1487 600 1552 ravit,
626 1483 832 1554 adjicit,
873 1483 951 1548 ὡς
980 1484 1080 1555 μὲν
1114 1479 1208 1538 οὖν
1237 1483 1381 1548 τινές
1425 1499 1611 1552 φασιν,
1641 1482 1708 1535 δι’
1737 1481 1901 1545 ἄλλας
1931 1482 2031 1534 οὐκ
2060 1521 2061 1524 η

2099 1479 2272 1550 γαθὰς
2313 1483 2514 1546 αἰτίας,
2561 1481 2821 1552 φανερῶς
2855 1481 2913 1535 δὲ
2940 1481 3042 1536 οὐκ
3089 1484 3364 1554 εἰρήκασι.
3409 1483 3462 1538 Id
3508 1493 3609 1548 est,
3640 1482 3712 1538 Ut

437 1595 556 1632 vero
578 1578 794 1645 quidam
822 1588 1069 1642 narrant,
1101 1579 1223 1632 aliis
1250 1579 1314 1632 de
1354 1580 1528 1633 causis
1559 1579 1733 1632 minus
1763 1577 1994 1632 honestis
2027 1578 2304 1633 abdicatus
2332 1587 2429 1645 est,
2465 1596 2599 1649 quas
2628 1589 2804 1632 tamen
2837 1593 3015 1648 aperte
3045 1594 3149 1632 non
3181 1579 3478 1649 proferam.
3502 1577 3711 1646 Quibus

441 1673 627 1728 verbis
649 1673 829 1727 innuit
848 1689 962 1728 rem
997 1673 1140 1744 apud
1169 1688 1360 1729 omnes
1391 1689 1502 1728 non
1535 1682 1814 1739 constare,
1839 1689 1940 1728 nec
1976 1673 2294 1744 suspicione
2327 1689 2554 1729 vacuam
2590 1689 2735 1740 esse,
2777 1682 2838 1730 ut
2879 1689 2979 1730 nos
3010 1675 3141 1731 item
3176 1686 3452 1745 putamus.

517 1793 784 1849 Abdicato
825 1803 1004 1849 autem
1029 1795 1336 1860 Eustathio,
1377 1795 1670 1851 Euscbiani
1726 1803 1978 1851 auctores
2017 1794 2340 1866 Imperatori
2377 1806 2506 1853 sunt
2549 1807 2608 1852 ut
2648 1799 2701 1852 in
2744 1798 2998 1853 exsilium
3048 1800 3286 1870 pellatur
3329 1802 3579 1858 antistes.
3626 1802 3703 1858 De

427 1887 607 1942 exsilii
645 1887 767 1941 loco
802 1903 910 1942 non
961 1903 1068 1942 una
1096 1897 1178 1944 est
1209 1891 1478 1944 sententia
1509 1907 1523 1944 :
1557 1888 2010 1945 Theodoretusin
2049 1891 2340 1958 quamdam
2370 1889 2565 1963 Illyrici
2608 1892 2798 1948 urbem
2829 1891 3132 1964 relegatum
3172 1901 3360 1947 narrat
3384 1873 3710 1964 {Hierony-

437 2000 564 2039 mus
597 1997 727 2038 vero
770 1981 1160 2054 Trajanopolin
1195 1985 1248 2040 in
1282 1983 1540 2052 Thracia,
1572 1985 1660 2041 cui
1696 1985 2061 2056 adstipulatur
2090 1986 2520 2058 Chrysostomus
2553 1986 2694 2041 infra
2743 2002 2896 2042 num.
2932 1988 2987 2053 2,
3023 1988 3116 2042 ubi
3149 1988 3226 2041 ait
3257 1987 3378 2057 ejus
3420 2003 3620 2058 corpus
3650 1988 3706 2043 in

437 2075 672 2130 Thracia
726 2075 996 2145 sepultum
1033 2091 1176 2140 esse,
1221 2078 1364 2133 haud
1392 2078 1556 2134 dubie
1591 2079 1645 2132 in
1695 2080 1875 2134 exsilii
1909 2080 2047 2134 loco.
2078 2075 2265 2148 Neque
2307 2078 2746 2150 praetereundum
2779 2088 2892 2145 est,
2938 2079 2992 2134 in
3044 2078 3321 2134 Eustathii
3365 2080 3710 2140 abdicatione

432 2182 602 2227 totam
645 2153 792 2242 pene
823 2173 1092 2228 seditione
1121 2172 1490 2246 conﬂagrasse
1529 2176 1930 2232 Antiochenam
1967 2177 2277 2242 civitatem;
2313 2176 2542 2230 armatis
2573 2177 2720 2231 enim
2765 2177 3046 2246 utrimque
3077 2176 3348 2246 partibus,
3375 2176 3708 2250 adscitisque

432 2260 725 2328 militibus,
777 2263 960 2318 omnia
1019 2273 1178 2319 erant
1223 2265 1290 2320 ad
1344 2282 1580 2336 pugnam
1627 2277 1682 2323 et
1733 2268 2062 2324 horrendam
2097 2269 2304 2324 cladem
2341 2277 2565 2338 parata.
2602 2279 2937 2338 ventumque
2977 2269 3170 2324 fuisset
3196 2270 3262 2324 ad
3303 2269 3542 2341 .gladios,
3599 2269 3708 2327 nisi

425 2362 877 2432 Supervenientes
920 2361 1272 2434 Imperatoris
1303 2365 1495 2421 litterae
1531 2366 1740 2437 plebem
1775 2367 2262 2437 compescuissent.
2297 2365 2594 2421 Eusebiani
2629 2363 2919 2420 Eustathio
2953 2363 3225 2419 Eulalium
3259 2365 3584 2436 subrogant;
3609 2363 3703 2434 qui

427 2470 554 2510 cum
590 2456 786 2526 exiguo
823 2465 1066 2528 tempore
1104 2472 1383 2531 superstes
1415 2460 1632 2528 fuisset,
1659 2463 1778 2532 ejus
1821 2463 1943 2519 loco
1976 2463 2232 2534 deligitur
2261 2461 2532 2518 Eusebius
2564 2460 2860 2532 Pamphili,
2899 2475 3011 2531 quo
3043 2461 3338 2526 abnuente,
3366 2459 3703 2530 Euphronio,

427 2547 554 2602 item
595 2549 823 2617 Ariano,
872 2550 1183 2622 episcopale
1226 2568 1427 2610 munus
1472 2555 1743 2612 defertur.
1796 2557 1877 2611 Eo
1910 2564 2092 2611 autem
2122 2566 2246 2627 post
2279 2571 2484 2610 annum
2516 2562 2570 2610 et
2612 2555 2826 2625 aliquot
2857 2569 3077 2611 menses
3123 2553 3404 2620 defuncto,
3451 2554 3706 2626 deligitur

423 2642 703 2708 Flacillus,
738 2643 864 2698 item
899 2643 1161 2711 Arianus,
1199 2656 1253 2701 et
1283 2662 1394 2702 uno
1434 2648 1628 2704 avulso
1663 2663 1774 2704 non
1829 2648 2015 2704 delicit
2044 2649 2200 2703 alter.
2247 2648 2379 2715 Quae
2421 2663 2589 2703 causa
2639 2645 2746 2700 fuit
2791 2656 2850 2701 ut
2874 2629 3030 2701 multi
3075 2661 3200 2701 cum
3244 2646 3556 2716 populares.
3589 2656 3703 2701 tum

424 2740 634 2805 clerici,
676 2741 878 2811 quibus
921 2742 1114 2814 religio
1153 2741 1434 2799 Catholica
1467 2745 1617 2800 cordi
1649 2754 1789 2813 erat,
1825 2762 1854 2800 a
1905 2745 2144 2801 coetibus
2183 2745 2516 2800 Arianorum
2547 2744 2945 2808 abhorrentes,
2985 2755 3236 2797 seorsum
3272 2740 3533 2795 collectas
3582 2755 3709 2810 age-

430 2840 572 2888 rent.
602 2829 663 2885 lli
701 2848 766 2888 ex
807 2833 1022 2890 ardenti
1051 2851 1179 2906 erga
1228 2836 1577 2894 Eustathium
1628 2840 1810 2895 studio
1837 2835 2135 2909 amoreque
2178 2837 2526 2894 Eustathium
2568 2838 2826 2907 deinceps
2860 2836 3176 2890 audierunt.
3218 2832 3540 2904 llujnsmodi
3577 2848 3707 2886 vero

435 2927 900 2984 Antiochenorum
932 2931 1204 2986 discordia
1242 2933 1310 2988 ad
1338 2933 1612 3004 integrum
1645 2935 1812 2990 ferme
1841 2935 2104 2991 saeculum
2131 2943 2375 2989 extracta
2406 2932 2510 2988 fuit
2537 2951 2550 2989 :
2582 2933 2841 3004 quodque
2866 2931 3085 3002 gravius
3103 2929 3324 2993 accidit,
3355 2925 3505 3000 [605]
3541 2928 3705 2981 etiam

422 3019 692 3074 Catholici
723 3029 912 3090 postea
939 3023 1153 3080 discissi
1186 3033 1336 3093 sunt,
1373 3026 1448 3081 ita
1485 3035 1546 3081 ut
1577 3036 1686 3082 tres
1718 3029 1770 3081 in
1806 3038 1988 3098 partes
2019 3026 2322 3082 Christiani
2350 3025 2510 3081 divisi
2543 3033 2750 3090 essent,
2782 3022 3238 3078 Paulinianorum
3281 3033 3498 3088 nempe,
3542 3015 3705 3072 Mele-

422 3116 697 3171 tianorum
723 3125 778 3172 ct
798 3119 1149 3176 Arianorum.
1183 3121 1291 3177 Sed
1325 3124 1428 3178 hac
1453 3123 1522 3179 de
1550 3141 1608 3180 re
1645 3125 1894 3194 pluribus
1926 3125 1980 3180 in
2018 3125 2226 3180 Monito
2253 3124 2319 3178 ad
2351 3122 2644 3177 llomiliam
2679 3121 2746 3176 de
2773 3121 3153 3175 Anathentate.

491 3233 784 3303 Caeterum,
812 3237 858 3292 si
889 3237 1234 3296 Theodoreto
1265 3241 1400 3299 fides
1424 3243 1514 3307 sit,
1550 3244 1826 3308 meretrix,
1860 3259 1981 3314 qua
2013 3241 2361 3298 Eustathium
2398 3241 2702 3306 accusavit,
2733 3254 2857 3294 cum
2891 3238 2943 3292 in
2979 3235 3367 3308 gravissimum
3400 3242 3454 3287 et
3480 3231 3696 3286 diutur-

419 3341 553 3381 num
595 3331 844 3385 morbum
871 3333 1173 3401 incidisset,
1202 3337 1533 3392 calumniam
1563 3337 1790 3403 detexit,
1820 3353 1883 3392 ac
1914 3352 2135 3393 scenam
2166 3346 2336 3391 totam
2385 3335 2600 3404 aperuit
2635 3353 2646 3388 :
2684 3349 2786 3388 nec
2817 3331 3034 3387 duobus
3069 3329 3332 3391 tribusve,
3368 3324 3461 3379 sed
3501 3337 3698 3393 quam-

423 3417 673 3485 plurimis
712 3424 1094 3482 sacerdotibus
1120 3426 1377 3484 indicavit
1407 3444 1492 3493 ea,
1519 3445 1641 3500 quae
1665 3430 1792 3484 dolo
1829 3428 2045 3483 fuerant
2077 3428 2425 3486 concinnata.
2458 3425 2595 3480 falsa
2624 3440 2682 3481 se
2710 3424 2962 3479 mercede
2989 3422 3316 3476 conductam
3351 3415 3696 3471 Eustathium

419 3510 471 3562 ln
513 3513 719 3570 crimen
753 3533 998 3587 vocasse,
1041 3535 1217 3591 neque
1266 3537 1324 3576 se
1359 3532 1540 3578 tamen
1586 3523 1726 3578 falso
1760 3522 2002 3595 juratam
2032 3538 2046 3576 :
2082 3537 2206 3576 nam
2242 3519 2564 3576 Eustathius
2593 3517 2815 3588 quidem
2858 3516 3086 3571 aerarius
3113 3513 3264 3567 faber
3289 3509 3514 3564 infantis
3544 3514 3696 3575 pater

414 3614 553 3658 erat.
590 3606 861 3666 Eustathii
887 3622 1067 3667 autem
1111 3615 1384 3670 abdicatio
1419 3615 1609 3672 incidit
1651 3617 1703 3672 in
1752 3633 1958 3673 annum
1994 3618 2212 3673 circiter
2232 3615 2359 3678 529,
2394 3615 2698 3685 imperante
2745 3609 3113 3665 Constantino
3159 3606 3375 3677 Magno.
3409 3601 3539 3673 Ejus
3565 3613 3686 3654 me-

417 3697 589 3750 moria
620 3697 817 3753 colitur
843 3700 909 3753 l7
931 3699 1275 3760 Novembris.

489 3806 867 3883 Interpretatio
896 3812 1092 3869 Latina
1125 3829 1206 3870 est
1230 3814 1526 3872 Frontonis
1554 3817 1757 3874 Ducmi.

424 3962 606 3980 ἰ--ια

637 3972 2160 3997 _____________________________

1619 4253 2474 4366 ιΑΠΒΑΤΙο

781 4433 1003 4477 BANCTI
1049 4435 1266 4482 PATRIS
1313 4442 1534 4490 NOSTRI
1565 4449 1902 4498 EUSTATHII
1951 4459 2314 4502 ANTIOCHIE
2359 4460 2593 4504 MAGNE
2638 4456 3116 4502 ARCHIEPISCOPI
3177 4439 3274 4518 ((1).

478 4673 527 4725 Ι.
570 4672 698 4726 Ante
726 4685 935 4730 mortem
964 4694 1114 4740 nemo,
1136 4681 1446 4750 laudandus,
1473 4686 1561 4740 sed
1607 4700 1720 4759 post
1759 4704 1988 4750 mortem.

400 4791 469 4802 -—-
500 4765 726 4856 Sapiens
749 4767 830 4822 vir
857 4769 1072 4838 quidam
1101 4783 1157 4826 et
1187 4773 1596 4846 philosophandi
1632 4783 1833 4851 peritus
1853 4827 1868 4852 ,
1898 4789 1990 4856 qui

400 4868 582 4908 rerum
631 4855 985 4914 lmmanarum
1031 4872 1275 4920 naturam
1315 4878 1564 4925 accurate
1606 4855 1994 4943 didicerat,iet

397 4959 581 5000 earum
606 4948 945 5015 fragilitatem
978 4965 1232 5019 noverat,
1264 4958 1503 5030 nihilque
1532 4972 1740 5020 certum
1768 4977 1859 5022 aut
1884 4979 1992 5024 sta-

401 5037 504 5091 bile
530 5053 583 5092 tn
617 5041 682 5094 iis
706 5055 849 5106 esse,
881 5058 1070 5099 omnes
1099 5050 1388 5116 generatim
1426 5051 1670 5110 homines
1695 5058 1987 5129 admonet,

399 5136 456 5206 ut
509 5139 633 5183 ante
679 5140 905 5186 mortem
957 5137 1225 5193 neminem
1257 5139 1472 5197 laudent
1509 5143 1697 5216 (Eccli.
1732 5150 1819 5203 ll.
1853 5151 1987 5222 50).

402 5222 630 5287 Quando
662 5224 823 5294 igitur
851 5237 1092 5283 mortuus
1125 5239 1206 5284 est
1237 5232 1426 5288 beatus
1472 5237 1813 5304 Eustathius,
1844 5244 1989 5297 omni

397 5332 518 5368 cum
553 5315 741 5371 fiducia
769 5317 1026 5390 deinceps
1045 5338 1169 5377 eum
1193 5324 1437 5381 laudibus
1458 5327 1650 5384 ell‘erre
1681 5347 1987 5400 possumus:

398 5412 441 5463 si
471 5412 614 5466 enim
641 5423 766 5469 ante
804 5425 1028 5471 mortem
1073 5434 1234 5473 nemo
1264 5421 1558 5476 laudandus
1580 5435 1682 5488 est,
1707 5426 1847 5482 haud
1894 5429 1993 5483 du-

399 5502 564 5569 bium,
595 5505 719 5574 quin
747 5516 868 5576 post
897 5517 1124 5564 mortem
1155 5526 1364 5578 eorum,
1405 5515 1495 5583 qui
1523 5517 1665 5587 digni
1699 5530 1853 5587 sunt,
1877 5521 1992 5575 lau-

396 5591 543 5648 datio
567 5595 720 5664 culpa
741 5608 908 5653 vacet.
933 5599 1142 5655 Etenim
1171 5601 1327 5671 hujus
1355 5605 1475 5659 vita:
1496 5609 1826 5678 negotiorum
1847 5613 1991 5666 euri-

416 5725 728 5804 ,ΔΨ-(τρηξέ
742 5744 851 5781 cum
873 5739 980 5783 Mss.
1008 5735 1168 5798 Regiis
1200 5736 1322 5788 2343
1348 5745 1400 5788 et
1421 5739 1562 5790 2H7.
1589 5747 1640 5792 et
1662 5755 1770 5794 tam)
1793 5743 1988 5798 Colbcr-

388 5791 497 5842 tino
519 5801 616 5840 uno
637 5791 747 5842 670.

2101 4713 2225 4768 pum
2272 4703 2650 4766 praetervectus
2704 4703 2824 4759 est,
2855 4693 3081 4747 tumultu
3125 4692 3376 4746 ﬂuctuum
3437 4692 3692 4748 liberatus

2102 4798 2207 4854 est,
2237 4788 2301 4841 ad
2334 4786 2676 4856 tranquillum
2714 4794 2768 4840 et
2801 4785 3038 4854 quietum
3071 4794 3278 4854 portum
3330 4785 3562 4854 appulit,
3612 4787 3692 4838 in-

2102 4880 2404 4935 certitudini
2435 4879 2734 4935 futurorum
2769 4893 2873 4933 non
2901 4879 3160 4947 suhjacct,
3188 4893 3287 4932 nec
3316 4879 3576 4932 obnoxius
3607 4888 3691 4933 est

2104 4972 2423 5028 ruinaczsed
2478 4982 2746 5040 tamquam
2796 4971 2848 5026 in
2889 4985 3022 5040 rupe
3073 4970 3317 5040 quapiam
3369 4970 3690 5040 sublimiqne

2101 5080 2242 5120 nunc
2284 5075 2432 5119 stans
2483 5064 2724 5133 seupulo,
2753 5062 2944 5118 ﬂuctus
2973 5077 3160 5118 omnes
3185 5063 3499 5118 contenmit.
3527 5059 3687 5118 Caret

2100 5158 2262 5226 igitur
2295 5157 2438 5212 omni
2489 5156 2723 5226 periculo
2769 5157 3096 5226 prazdicatio,
3147 5172 3319 5227 neque
3368 5155 3684 5225 reprehendi

2100 5257 2275 5318 potest
2304 5248 2572 5304 laudatio:
2610 5263 2714 5303 non
2744 5251 2885 5304 enim
2913 5249 3021 5318 jam
3055 5253 3400 5304 mutationem
3432 5248 3681 5303 reformi~

2099 5342 2218 5406 dat,
2249 5357 2421 5411 neque
2451 5343 2658 5411 lapsum
2688 5344 3035 5412 pertimescit.
3065 5344 3194 5398 Nam
3213 5359 3312 5397 nos
3339 5343 3571 5410 quidem,
3595 5347 3687 5413 qui

2099 5434 2274 5488 adhuc
2293 5436 2519 5489 vivimus
2542 5477 2558 5502 ,
2593 5437 2758 5505 utqui
2789 5437 2966 5491 medio
3001 5437 3053 5490 in
3085 5438 3214 5490 mari
3243 5436 3515 5499 fluctuant,
3541 5438 3679 5488 mul-
3772 5457 3788 5465 -

2101 5527 2166 5580 tis
2202 5540 2388 5580 sumus
2415 5526 2631 5581 obnoxii
2661 5528 3078 5590 mutationibus;
3121 5537 3173 5580 et
3200 5537 3255 5580 ut
3286 5526 3356 5581 illi
3386 5541 3527 5580 nunc
3559 5528 3682 5596 qui-

2097 5617 2219 5673 dem
2270 5618 2519 5672 fluctibus
2547 5620 3023 5675 intumescentibus
3077 5620 3126 5672 in
3180 5618 3343 5682 altum
3383 5618 3680 5679 tolluntur,

2095 5721 2237 5762 ttuuc
2278 5712 2329 5762 in
2365 5710 2680 5778 profundum
2720 5712 2890 5778 ipsum
2937 5710 3309 5778 deprimuntur
3337 5725 3352 5773 ;
3380 5709 3472 5763 sed
3506 5724 3680 5778 neque

2095 5809 2204 5854 tuta
2236 5800 2522 5868 celsitudo,
2563 5817 2732 5872 neque
2777 5803 2978 5859 stabilis
3006 5811 3089 5858 est
3121 5801 3376 5873 dejectio,
3411 5801 3674 5872 siquidem
