4104 6506
397 351 502 408 599

399 467 589 521 horum
619 475 901 536 utrumque
929 465 996 520 ab
1017 465 1169 534 aquis
1195 465 1480 520 ﬂuentibus
1511 464 1829 535 minimeque
1856 479 1987 518 con-

397 558 710 614 sistentibus
743 556 940 627 pendet
968 573 981 611 :
1015 557 1093 611 sic
1121 556 1371 609 nimirum
1394 563 1447 609 et
1474 556 1525 607 in
1563 555 1721 609 rebus
1748 555 1990 607 humanis

399 648 533 703 nihil
583 646 792 702 ﬁrmum
833 656 886 703 et
929 655 1181 701 constans
1228 657 1348 711 est,
1380 643 1473 699 sed
1516 643 1820 714 frequentes
1867 654 1993 698 sunt

401 741 743 803 minationes,
763 752 827 792 ac
852 737 960 792 levi
983 744 1256 791 momento
1277 735 1427 789 ﬁunt.
1449 735 1545 789 llic
1568 733 1783 804 quidem
1810 733 1878 788 ob
1905 749 1992 788 res

402 829 666 884 secuiidas
700 829 750 882 in
782 828 944 881 altum
979 825 1292 881 subvehitur
1314 866 1330 892 ,
1363 825 1450 879 ille
1490 839 1618 879 vero
1661 834 1878 894 pr0pter
1906 839 1991 878 res

401 922 660 976 adversas
725 918 985 988 profunde
1039 917 1327 972 admodum
1377 916 1693 986 deprimitur
1741 933 1757 970 :
1805 931 1990 970 verum

405 1029 503 1069 nec
530 1013 744 1068 infletur
769 1013 876 1078 ille,
896 1026 996 1066 nec
1015 1012 1250 1064 animum
1280 1011 1382 1066 iste
1397 1009 1731 1079 despondeat
1761 1027 1775 1064 :
1797 1008 1992 1079 quippe

404 1107 739 1162 cclcrrimam
795 1105 986 1173 singuli
1032 1103 1380 1158 mutationem
1423 1102 1714 1183 sortientur
1742 1119 1755 1154 :
1786 1109 1846 1156 at
1887 1116 1990 1156 nou

407 1199 496 1253 ille
521 1239 536 1266 ,
569 1199 661 1268 qui
703 1197 754 1252 in
785 1197 972 1252 caelum
1009 1195 1411 1266 commigravit,
1439 1204 1493 1250 et
1523 1193 1590 1247 ad
1641 1209 1762 1248 eum
1787 1235 1802 1260 ,
1833 1209 1991 1263 quem

405 1290 782 1356 desiderabat,
807 1288 990 1344 Jesum
1018 1288 1284 1358 profectus
1313 1297 1393 1343 est
1420 1329 1435 1354 ,
1459 1289 1549 1357 qui
1575 1287 1641 1342 ad
1665 1288 1838 1342 locum
1871 1302 1993 1356 per-

328 1363 338 1374 .
410 1381 551 1436 venit
576 1382 848 1436 turbarum
871 1389 1148 1450 expertem
1179 1397 1193 1433 :
1230 1379 1373 1434 unde
1398 1377 1551 1434 dolor
1574 1387 1629 1432 et
1649 1377 1908 1447 :egritudo
1931 1392 1994 1432 ac

405 1473 632 1544 gemitus
660 1472 830 1527 abest.
872 1471 990 1526 Non
1032 1471 1142 1525 illic
1189 1469 1498 1524 mutationis
1526 1479 1608 1524 est
1648 1469 1821 1538 imago
1848 1509 1862 1534 ,
1887 1483 1992 1522 non

407 1564 789 1620 vicissitudinis
829 1563 1166 1618 obumbratio
1188 1604 1202 1630 ,
1235 1561 1331 1617 sed
1361 1562 1540 1617 omnia
1571 1562 1672 1615 fixa
1710 1569 1764 1615 et
1803 1560 1995 1615 immo-

407 1657 532 1711 bilia
559 1698 574 1724 ,
601 1656 779 1711 omnia
809 1655 957 1710 ﬁrma
993 1665 1046 1710 et
1077 1654 1306 1708 stabilita
1332 1695 1347 1722 ,
1377 1652 1556 1708 omnia
1606 1652 1910 1720 incorrupta
1941 1659 1997 1705 et

410 1747 772 1811 immortalia,
820 1746 1000 1800 omnia
1051 1745 1298 1799 interitus
1351 1743 1591 1814 expertia
1647 1755 1702 1798 et
1751 1753 1993 1798 aeterna:

411 1839 644 1904 idcirco,
697 1839 902 1908 inquit,
956 1837 1086 1892 Ante
1136 1846 1345 1890 mortem
1386 1853 1448 1890 ne
1490 1851 1786 1905 quemquam
1821 1834 1996 1888 laudes

410 1929 630 2001 (Eccli.l
646 1930 694 1983 l.
716 1928 802 2002 10)
815 1928 1227 1995 .Quamobrem?
1248 1927 1504 1983 Futurum
1525 1927 1718 1998 quippe
1737 1927 1995 1982 incertum

411 2031 528 2083 est.
560 2030 614 2077 et
645 2021 922 2076 imbecillis
963 2032 1150 2075 natura
1177 2037 1190 2085 ;
1223 2021 1470 2074 voluntas
1519 2025 1699 2090 segnis
1721 2063 1734 2084 ,
1768 2029 1823 2074 et
1874 2037 2000 2091 pro-

411 2130 539 2170 num
564 2114 630 2169 ad
658 2130 757 2169 nos
777 2114 1100 2171 obsidendos
1127 2123 1400 2184 peccatum
1421 2129 1436 2179 ;
1461 2113 1612 2168 multi
1639 2123 1762 2168 sunt
1788 2114 1958 2184 laquei
1981 2133 1996 2168 :

417 2205 558 2259 Scito
600 2206 752 2270 enim,
781 2205 990 2275 inquit,
1021 2205 1258 2274 quoniam
1286 2205 1337 2258 in
1369 2204 1532 2258 medio
1561 2205 1856 2274 laqueorum
1886 2223 1999 2276 per-

415 2297 600 2352 transis
643 2295 833 2362 (Ereti.
873 2301 927 2358 9.
958 2297 1093 2367 20):
1150 2296 1418 2352 continuae
1461 2307 1586 2351 sunt
1631 2297 1953 2352 tentationes
1982 2338 1998 2363 ,

415 2390 581 2444 multa
631 2389 785 2444 turba
833 2391 1207 2461 negotiorum,
1251 2399 1361 2445 tum
1417 2389 1721 2445 daemonum
1765 2404 2003 2460 perenne

415 2481 636 2548 bellum,
657 2490 712 2536 et
737 2481 934 2536 assidui
963 2481 1420 2552 perturbationum
1443 2481 1691 2536 insultus.
1712 2480 2002 2552 Propterea

414 2574 544 2628 Ante
571 2583 800 2639 mortem,
830 2574 1029 2644 inquit,
1058 2590 1120 2628 ne
1145 2589 1446 2644 quemquam
1473 2573 1647 2627 laudes
1670 2587 1689 2626 :
1711 2587 1842 2642 ergo
1884 2583 2004 2643 post

419 2673 646 2718 mortem
676 2674 845 2718 tutum
898 2675 980 2718 est
1025 2663 1239 2719 laudare
1286 2665 1506 2735 dignum
1532 2681 1546 2727 ;
1577 2665 1660 2719 vel
1689 2664 1864 2734 potius
1895 2679 2002 2719 non

417 2754 736 2824 simpliciter
795 2763 915 2823 post
957 2764 1222 2822 mortem,
1265 2756 1360 2810 sed
1412 2765 1533 2824 post
1579 2765 1808 2810 mortem
1857 2755 2002 2824 ejus-

417 2843 585 2909 modi,
606 2844 819 2914 quando
847 2861 968 2899 cum
995 2861 1191 2900 corona
1216 2861 1249 2901 e
1273 2847 1385 2899 vita
1405 2846 1669 2916 quispiam
1690 2847 2002 2914 excesserit,

422 2936 636 3004 quando
657 2951 777 2990 cum
796 2937 1131 2992 confessione
1153 2947 1207 2992 et
1223 2937 1327 2993 ﬁde
1353 2953 1459 2991 non
1477 2939 1680 2993 licta.Si
1701 2938 1846 2992 enim
1868 2953 2005 3007 quo-

417 3029 499 3084 vis
527 3030 686 3083 modo
708 3041 949 3086 mortuos
981 3029 1198 3085 laudare
1225 3030 1344 3100 quis
1371 3038 1584 3101 potest,
1615 3039 1814 3100 quanto
1841 3029 2007 3100 magis

422 3139 518 3178 eos
543 3123 631 3192 qui
660 3124 737 3178 sic
765 3122 962 3178 fuerint
986 3123 1217 3179 mortui?

521 3215 788 3270 Salomoni
840 3216 1144 3271 credendum
1198 3217 1382 3271 divitiis
1425 3217 1724 3272 detrahenti.
1757 3245 1828 3258 -—
1879 3216 2010 3285 Quis

419 3315 597 3363 autem
627 3323 720 3362 eos
753 3307 1021 3375 laudavit,
1053 3308 1195 3364 dicet
1236 3309 1428 3380 aliquis
1452 3351 1465 3374 ,
1494 3310 1583 3380 qui
1614 3311 1804 3379 quovis
1847 3310 2010 3364 modo

419 3409 548 3455 sunt
599 3399 843 3455 mortui?
889 3401 1140 3455 Salomon
1199 3401 1305 3468 illc,
1361 3401 1616 3456 Salomon
1680 3401 2014 3472 sapientissi-

420 3510 541 3549 mus
579 3511 593 3548 :
633 3509 742 3549 non
792 3495 934 3548 cnim
980 3493 1170 3549 leviter
1218 3493 1490 3550 hominem
1547 3507 1868 3564 prmtereas,
1916 3495 2012 3550 sed

421 3586 542 3652 quis
588 3597 734 3640 esset
783 3585 1090 3656 perpende,
1123 3595 1179 3640 et
1206 3601 1313 3656 quo
1362 3595 1518 3655 pacto
1550 3586 1773 3652 vixerit,
1817 3593 2015 3655 quanta

421 3693 543 3732 eum
574 3681 864 3733 securitate
891 3693 955 3733 ac
977 3679 1251 3748 voluptate
1287 3679 1505 3734 mollem
1550 3687 1604 3734 et
1647 3694 2012 3734 mrumnarum

421 3779 699 3839 expertem
728 3771 889 3824 vitam
923 3770 1237 3824 traduxerit.
1285 3768 1418 3824 Nam
1461 3785 1631 3840 genus
1676 3785 1838 3824 omne
1877 3768 2015 3824 deli-

423 3861 628 3914 ciarum
680 3860 984 3929 percurrit,
1021 3867 1077 3915 et
1101 3860 1428 3930 multiplices
1475 3860 1829 3916 recreationis
1857 3859 2016 3913 animi

427 3951 616 4005 modos
641 3952 997 4021 excogitavit,
1027 3952 1200 4006 varias
1226 3960 1388 4022 atque
1415 3952 1655 4007 diversas
1701 3952 2018 4008 oblectatio-

429 4049 558 4096 num
611 4042 821 4111 Species
865 4042 1168 4108 adiuveuit,
1201 4059 1336 4114 quas
1373 4054 1428 4099 et
1473 4059 1732 4099 cuarrans
1763 4045 2018 4099 dicebat:

427 4130 710 4203 Edificat'i
736 4133 861 4188 milii
886 4134 1062 4188 domos
1084 4175 1099 4201 ,
1131 4135 1357 4205 plantan
1388 4136 1590 4201 vineas,
1618 4136 1716 4205 feci
1755 4135 1877 4188 mihi
1900 4135 2022 4189 lior-

429 4235 507 4306 tos
532 4238 578 4280 et
605 4228 857 4296 pomaria,
888 4227 986 4297 feci
1023 4229 1146 4282 mihi
1199 4229 1421 4299 piscinas
1456 4247 1705 4300 aquarum
1733 4247 1753 4285 :
1773 4239 2022 4286 mercatus

424 4338 542 4377 sum
571 4321 695 4374 milii
716 4337 882 4376 servos
913 4332 959 4376 et
985 4322 1221 4388 ancillas,
1250 4331 1298 4376 et
1319 4322 1572 4376 vernaculi
1595 4323 1701 4376 nati
1723 4331 1842 4376 sunt
1868 4322 2024 4375 mihi:

431 4415 679 4483 possessio
695 4413 1211 4482 armentorum,boum
1227 4424 1272 4470 et
1297 4431 1506 4486 gregum
1523 4417 1618 4485 fuit
1638 4416 1762 4469 milii
1775 4432 1794 4469 .'
1814 4431 2025 4486 congre-

430 4506 545 4573 gavi
565 4515 827 4576 argentum
843 4514 888 4559 et
909 4522 1093 4559 aurum
1120 4506 1249 4559 sicut
1266 4521 1510 4560 arenam:
1536 4506 1634 4576 feci
1653 4507 1774 4559 mihi
1797 4515 2026 4559 cantores

429 4608 478 4650 et
499 4599 817 4667 cantatrices,
838 4601 1106 4670 pincernas
1132 4609 1177 4653 et
1196 4600 1296 4654 vini
1322 4601 1579 4654 ministras
1597 4599 1789 4671 (Eccle.
1811 4598 1866 4652 2.
1882 4599 2022 4670 4-8).

431 4695 570 4764 Quid
594 4697 752 4766 igitur
777 4696 918 4752 idem
942 4697 1043 4751 iste
1064 4705 1186 4767 post
1207 4705 1407 4751 tantam
1422 4696 1751 4751 afﬂuentiam
1777 4695 2029 4767 pecunia-

441 4805 584 4854 rum,
611 4791 1037 4857 possessionum,
1064 4789 1378 4844 deliciarum
1401 4828 1417 4854 ,
1448 4789 1779 4858 voluptatum
1826 4786 2030 4843 refert?

438 4878 688 4946 Laudari,
722 4880 910 4951 inquit,
939 4897 1042 4949 eos,
1066 4883 1148 4952 qui
1169 4881 1355 4935 mortui
1373 4889 1510 4946 sunt,
1543 4897 1694 4951 super
1717 4881 1951 4945 viventes,
1986 4888 2030 4934 et

437 4974 595 5026 bonus
621 4988 774 5042 super
815 4973 926 5040 hoc,
957 4973 1258 5044 quicumque
1297 4970 1522 5027 nondum
1567 4980 1718 5026 natus
1763 4979 1858 5027 est.
1893 4971 2034 5026 Vere

440 5063 545 5120 fide
570 5063 765 5134 dignus
789 5064 875 5120 hic
895 5073 976 5119 est
996 5064 1308 5120 deliciarum
1335 5072 1632 5130 accusator,
1655 5063 1744 5132 qui
1775 5063 1934 5118 talem
1965 5063 2033 5118 de

439 5156 546 5213 illis
566 5155 672 5211 fert
693 5155 1174 5211 sententiamNam
1200 5155 1245 5210 si
1275 5155 1538 5226 quispiam
1567 5169 1634 5210 ex
1667 5154 1733 5208 iis
1752 5153 1842 5223 qui
1868 5154 2033 5208 vitam
2059 5215 2062 5219 ἢ

438 5249 494 5304 in
519 5259 831 5320 paupertate
860 5264 924 5304 ac
955 5248 1296 5304 mendicitate
1324 5247 1701 5311 traduxissent,
1731 5245 1868 5300 hanc
1909 5261 2036 5299 sen-

441 5345 660 5398 tentiam
687 5343 944 5398 adversus
975 5343 1192 5397 delicias
1219 5340 1443 5406 tulisset,
1471 5341 1617 5394 visus
1648 5346 1791 5393 esset
1832 5352 1936 5391 non
1967 5351 2036 5391 ex

445 5437 524 5489 rei
551 5437 806 5504 veritate,
833 5436 928 5492 sed
950 5435 1089 5506 quod
1121 5442 1375 5503 erpertus
1416 5448 1522 5488 non
1558 5441 1729 5497 esset,
1759 5433 1829 5486 ita
1856 5430 2038 5484 crimi-

422 5530 560 5600 Jtat'i
583 5547 608 5596 ⁴;
633 5546 754 5586 cum
779 5545 907 5586 vero
932 5530 1006 5596 is,
1036 5528 1124 5599 qui
1156 5541 1345 5582 omnes
1391 5523 1689 5595 percurrit,
1714 5532 1769 5578 et
1803 5522 2038 5591 singulas

447 5615 633 5698 earum
660 5625 776 5679 vias
817 5621 1229 5693 pervesﬁgavit,
1260 5633 1352 5675 eas
1393 5617 1708 5681 contemnit,
1743 5625 1854 5670 tum
1892 5615 2038 5670 omni

449 5701 750 5786 suspicione
779 5717 946 5772 libera
990 5725 1072 5772 est
1097 5714 1418 5771 criminatio.
1452 5711 1782 5768 Existimatis
1813 5710 2040 5765 fortasse

447 5827 480 5866 τι
499 5810 776 5881 proposito
799 5808 1084 5866 deﬂexisse
1114 5822 1415 5864 sermonem
1441 5822 1455 5859 :
1481 5805 1589 5861 imo
1623 5818 1752 5860 vero
1783 5803 1827 5860 si
1870 5813 2044 5860 atten-

1140 350 1196 408 S.
1237 347 1516 408 JOANNIS
1553 348 2024 408 CllRYSOSTOMI
2061 350 2374 409 ARCIIIEP.
2416 351 2947 413 CONSTANTINOP.

3592 367 3706 424 600

2100 462 2325 531 damus,
2359 482 2480 522 cum
2527 483 2593 524 eo
2638 471 2869 526 maxime
2911 471 3184 529 coharrere
3223 474 3712 544 deprchendemus

2095 573 2215 626 qua:
2239 557 2381 614 dicta
2424 569 2567 614 sunt.
2610 561 2742 616 Nam
2796 563 2849 617 in
2893 577 3186 636 martyrum
3213 573 3707 628 commemoratio.

2097 648 2253 703 nibus
2293 652 2616 708 conveniens
2661 662 2744 707 est
2789 663 2843 709 et
2889 670 3186 712 connexum
3237 659 3307 715 de
3350 663 3710 733 philosophia

2094 752 2396 794 sermonem
2425 741 2718 799 instituere.
2739 744 2853 800 Non
2883 748 3122 825 ut'vitam
3139 761 3449 818 praesentem
3466 753 3699 810 damne-

2096 844 2234 894 mus,
2263 829 2380 886 lnnc
2407 831 2655 900 dicimus,
2678 835 2856 902 absit;
2881 837 2975 891 sed
3002 839 3144 908 quod
3179 839 3398 896 delicias
3439 843 3702 900 insecte-

2095 935 2217 975 mur
2250 939 2263 975 :
2291 937 2397 976 non
2424 924 2567 978 enim
2586 925 2764 982 vivere
2791 929 2989 982 malum
3017 939 3128 995 est,
3153 931 3247 986 sed
3289 940 3492 989 temere
3521 945 3583 991 et
3616 937 3705 991 in-

2097 1012 2435 1069 considerate
2461 1016 2660 1072 vivere.

2166 1104 2222 1158 2.
2264 1105 2564 1163 Eustathius
2583 1127 2614 1163 a
2641 1112 2807 1179 patria
2835 1112 3085 1184 relegatus
3114 1116 3164 1169 in
3196 1115 3412 1173 Thracia
3437 1118 3704 1189 sepultus.

2098 1195 2404 1252 Sanctorum
2441 1201 2666 1270 reliquie:
2712 1203 2876 1271 fontes
2923 1206 3233 1275 spirituales.
3282 1237 3356 1250 —-
3397 1207 3592 1280 Itaque
3659 1215 3709 1266 si

2097 1290 2217 1359 quis
2247 1291 2297 1344 in
2326 1299 2470 1347 recte
2508 1292 2662 1348 factis
2691 1309 2756 1349 ac
2784 1295 3045 1352 bonorum
3075 1312 3170 1368 spe
3195 1298 3498 1357 futurorum
3530 1304 3706 1358 vitam

2100 1381 2413 1450 traduxerit,
2440 1385 2638 1453 poterit
2665 1400 2786 1440 cum
2818 1387 2982 1442 Paulo
3009 1389 3189 1445 dicere
3209 1431 3226 1458 ,
3260 1390 3436 1447 Vivere
3462 1393 3519 1446 in
3546 1411 3708 1449 cerne

2101 1474 2257 1528 multo
2275 1475 2454 1530 melius
2476 1491 2494 1530 :
2524 1476 2618 1530 Itoc
2637 1478 2770 1531 enim
2790 1480 2910 1533 milii
2932 1485 3126 1550 fructus
3146 1485 3310 1554 operis
3326 1495 3398 1539 cst
3427 1485 3702 1557 (Philipp.

2101 1566 2269 1636 1.22)
2302 1585 2314 1620 :
2350 1568 2492 1637 quod
2525 1570 2709 1639 utique
2752 1572 2909 1627 beato
2936 1574 3216 1633 Eustathio
3245 1579 3500 1649 contigit,
3528 1581 3624 1650 qui
3650 1589 3707 1634 et

2103 1658 2154 1712 iu
2178 1660 2283 1714 vita
2309 1670 2362 1715 et
2407 1661 2458 1715 in
2487 1671 2659 1717 morte
2679 1702 2695 1728 ,
2729 1673 2787 1717 ut
2815 1679 2908 1733 par
2933 1675 3070 1732 erat,
3097 1683 3156 1722 se
3184 1671 3369 1738 gessit.
3401 1669 3524 1725 Non
3552 1672 3704 1725 enim

2101 1749 2154 1804 in
2183 1765 2275 1803 sua
2300 1752 2517 1821 regione
2541 1795 2554 1819 ,
2594 1753 2689 1807 sed
2712 1754 2762 1807 in
2793 1755 2965 1808 aliena
2994 1769 3211 1826 propter
3233 1758 3508 1814 Christum
3554 1777 3706 1815 mor-

2105 1848 2209 1894 tem
2253 1841 2414 1906 obiit;
2443 1842 2586 1913 quod
2633 1842 2839 1899 facinus
2868 1846 2984 1915 ejus
3012 1846 3241 1902 hostium
3271 1847 3387 1903 fuit.
3416 1850 3705 1922 Siquidem

2103 1948 2225 1988 eum
2257 1934 2330 1988 illi
2360 1950 2389 1988 a
2421 1935 2588 2004 patria
2622 1937 2945 2008 relegarunt,
2975 1947 3031 1992 ut
3056 1941 3229 2010 ipsum
3273 1941 3471 2011 probro
3512 1942 3704 1998 afﬁce-

2104 2036 2243 2092 reut,
2275 2035 2330 2080 at
2381 2027 2469 2082 ille
2517 2027 2782 2084 celebrior
2828 2038 2882 2084 et
2917 2029 3175 2086 illustrior
3209 2031 3310 2088 hac
3361 2033 3412 2086 in
3446 2034 3706 2089 exsilium

2103 2121 2544 2190 commigratione
2581 2121 2932 2190 reddebatur;
2987 2123 3130 2193 quod
3191 2132 3246 2178 et
3289 2139 3469 2179 rerum
3526 2126 3709 2180 exitus

2105 2212 2508 2268 demonstravit.
2547 2213 2698 2268 Adeo
2736 2229 2964 2285 namque
2993 2215 3226 2271 celebris
3258 2215 3461 2280 evasit,
3493 2224 3554 2270 ut
3580 2231 3706 2270 cum

2107 2303 2159 2357 in
2179 2303 2404 2358 Thracia
2428 2303 2697 2374 sepultum
2723 2306 2791 2358 sit
2818 2303 2934 2374 ejus
2959 2319 3153 2375 corpus
3174 2347 3190 2373 ,
3223 2305 3274 2360 in
3303 2305 3418 2361 dies
3458 2305 3708 2377 singulos

2105 2395 2362 2449 memoria
2399 2393 2515 2464 ejus
2549 2393 2688 2463 apud
2732 2409 2831 2449 nos
2872 2393 3211 2462 efﬂorescat;
3243 2404 3295 2451 et
3337 2411 3459 2450 cum
3510 2398 3564 2450 in
3615 2397 3710 2450 illo

2110 2485 2390 2539 barbarico
2419 2483 2675 2555 oppidulo
2717 2485 2788 2538 sit
2829 2483 2945 2555 ejus
2981 2485 3236 2552 tumulus,
3264 2480 3454 2540 noster
3495 2485 3550 2540 in
3582 2501 3708 2541 cum

2109 2590 2258 2630 amor
2283 2617 2295 2641 ,
2324 2575 2412 2646 qui
2446 2585 2593 2629 tanto
2637 2576 2705 2630 ab
2741 2590 2806 2630 eo
2845 2575 3199 2646 disjungimur
3247 2576 3557 2644 intervallo,
3586 2585 3713 2646 pest

2111 2675 2217 2720 tam
2245 2665 2550 2721 diuturnum
2583 2675 2790 2737 tempus
2817 2667 3041 2738 singulis
3066 2667 3254 2722 diebus
3283 2681 3565 2739 augeatur.
3597 2666 3709 2721 lmo

2111 2758 2154 2811 si
2200 2772 2384 2812 verum
2425 2756 2707 2812 dicendum
2750 2758 2841 2823 sit,
2870 2756 3010 2826 apud
3059 2771 3157 2812 nos
3200 2758 3360 2813 etiam
3389 2766 3474 2812 est
3525 2757 3710 2827 sepul-

2113 2863 2263 2902 crum
2303 2848 2441 2918 ejus,
2473 2856 2528 2902 et
2575 2864 2680 2902 non
2725 2849 2780 2902 in
2829 2848 3055 2903 Thracia
3103 2857 3328 2903 tantum.
3361 2849 3713 2903 Monumenta

2111 2941 2256 2995 enim
2283 2949 2592 2995 sanctorum
2629 2955 2735 2995 non
2758 2940 2912 2994 loculi
2942 2940 3114 2996 solum
3147 2950 3272 2995 sunt
3291 2983 3306 3008 ,
3333 2942 3592 3010 capsulm,
3622 2956 3716 2993 co-

2113 3031 2339 3098 lurnum,
2369 3047 2434 3086 ac
2461 3031 2648 3097 literte,
2689 3031 2786 3087 sed
2817 3047 2902 3086 res
2950 3032 3221 3101 prmclara:
3249 3041 3413 3102 gestze
3433 3073 3448 3096 ,
3481 3048 3548 3087 ac
3589 3031 3714 3085 ﬁdei

2112 3125 2291 3190 zelus,
2331 3133 2388 3180 et
2430 3139 2560 3178 sana
2613 3123 2757 3193 apud
2806 3125 2974 3179 Deum
3022 3125 3370 3180 conscientia.
3427 3124 3712 3195 Siquidem

2113 3217 2264 3272 omni
2287 3216 2533 3272 columna
2561 3215 2891 3286 splendidior
2922 3216 3038 3270 haec
3072 3215 3312 3271 Ecclesia
3357 3216 3586 3287 martyri
3632 3222 3718 3269 est

2117 3317 2317 3375 erecta,
2348 3324 2466 3379 quae
2497 3308 2679 3362 literas
2710 3307 2868 3363 habet
2893 3321 3000 3361 non
3029 3317 3203 3360 mutas
3231 3323 3246 3374 ;
3276 3305 3370 3362 sed
3400 3322 3524 3376 quae
3554 3304 3718 3360 rebus

2118 3401 2248 3471 ipsis
2286 3401 2507 3456 buccina
2554 3400 2749 3456 clarius
2789 3399 3104 3457 memoriam
3147 3399 3266 3469 ejus
3309 3398 3608 3469 praedicant
3653 3409 3718 3448 ae

2117 3493 2478 3549 celebritatem
2503 3533 2518 3558 ,
2546 3501 2598 3546 et
2649 3492 3015 3562 unusquisque
3055 3499 3315 3558 vestrum,
3349 3490 3437 3561 qui
3485 3484 3716 3553 adesus,

2119 3585 2288 3640 sancti
2318 3585 2460 3639 illius
2486 3593 2569 3638 est
2599 3583 2926 3654 sepulcrum,
2952 3583 3254 3654 sepulcrum
3289 3584 3588 3636 animatum
3628 3587 3717 3634 at-

2122 3694 2225 3748 que
2254 3678 2512 3747 Spiritale.
2543 3675 2674 3730 Nam
2706 3675 2750 3729 si
2780 3675 3036 3745 cujusque
3061 3667 3330 3740 vestrum,
3358 3673 3450 3744 qui
3491 3672 3716 3736 adestis,

2123 3769 2505 3825 conscientiam
2549 3767 2892 3837 explicuero,
2949 3773 3190 3819 sanctum
3248 3765 3405 3818 istum
3463 3764 3614 3818 intus
3666 3763 3717 3814 in

2124 3871 2304 3918 mente
2333 3869 2508 3916 vestra
2537 3859 2806 3929 reperiam
2833 3857 3214 3912 diversantem.
3245 3855 3470 3920 Videtis,
3503 3864 3563 3908 ut
3588 3850 3719 3908 nihil

2125 3954 2448 4026 profeceriut
2477 3951 2793 4018 adversarii,
2819 3959 2878 4005 ut
2918 3949 3141 4021 gloriam
3174 3964 3279 4003 non
3321 3946 3681 4002 exstinxerint
3701 3983 3720 4010 ,

2125 4047 2218 4102 sed
2263 4045 2554 4101 extulerint
2595 4044 2790 4113 potius,
2827 4042 2919 4097 sed
2971 4041 3316 4096 illustriorem
3366 4037 3719 4099 reddiderint,

2129 4147 2208 4193 tot
2233 4153 2330 4207 pro
2360 4152 2467 4192 uno
2493 4136 2756 4207 sepulcris
2783 4133 3003 4199 erectis,
3029 4132 3286 4202 sepulcris
3315 4130 3588 4193 animatis,
3631 4141 3721 4180 se-

2130 4229 2332 4300 pulcris
2359 4243 2543 4284 vocem
2571 4227 2924 4290 mittentibus,
2947 4224 3209 4295 sepulcris
3237 4221 3303 4276 ad
3346 4221 3597 4276 eumdem
3638 4232 3723 4270 ze—

2131 4322 2239 4375 lum
2266 4319 2630 4389 comparatis?
2653 4317 2856 4372 ldcirco
2878 4325 3182 4370 sanctorum
3204 4326 3427 4382 corpora
3449 4321 3503 4366 et
3525 4310 3719 4370 fontes,

2131 4421 2184 4470 et
2200 4411 2484 4476 radices,et
2501 4417 2766 4479 unguenta
2785 4421 3031 4476 nuncupo
3047 4403 3468 4476 spiritalia.Quid
3483 4403 3581 4457 ita?
3593 4398 3727 4466 Quo-

2133 4504 2274 4558 niam
2301 4500 2716 4570 unumquodque
2745 4499 2990 4561 istorum,
3013 4511 3132 4566 qua:
3153 4495 3282 4559 dixi,
3305 4494 3557 4547 virtutem
3575 4503 3724 4544 suam

2133 4595 2271 4667 apud
2300 4594 2360 4650 se
2386 4609 2490 4648 non
2514 4592 2711 4647 retinet
2743 4600 2976 4655 tantum,
3009 4589 3103 4643 sed
3133 4588 3294 4643 etiam
3334 4587 3489 4656 longe
3518 4587 3725 4649 lateque

2136 4690 2406 4746 diffundit.
2441 4686 2683 4756 Exempli
2712 4699 2894 4751 causa,
2922 4681 3098 4738 fontes
3135 4681 3316 4736 multis
3363 4679 3578 4748 quidem
3610 4687 3728 4728 sca-

2138 4783 2342 4837 turiunt
2366 4779 2607 4835 lalieibus
2627 4797 2640 4832 :
2658 4785 2714 4831 at
2737 4791 2833 4832 eos
2858 4776 2998 4829 intra
3023 4774 3172 4827 sinus
3187 4787 3313 4828 suos
3333 4786 3441 4825 non
3468 4769 3717 4828 retinent,

2137 4875 2234 4930 sed
2267 4875 2422 4942 longa
2453 4871 2671 4926 ﬁumina
2701 4869 2966 4940 parientes
3008 4881 3128 4920 cum
3159 4864 3292 4919 mari
3331 4864 3644 4934 junguntur,
3671 4864 3723 4910 et

2141 4980 2408 5038 tamquam
2465 4979 2656 5020 manus
2719 4961 2996 5033 cujusdam
3042 4959 3356 5013 extensione
3400 4951 3725 5027 longitudine

2140 5064 2348 5118 illorum
2394 5059 2628 5114 marinas
2654 5070 2819 5126 aquas
2843 5051 3202 5125 prehendunt.
3244 5051 3447 5105 Rursus
3477 5048 3722 5102 arborum
3819 5085 3822 5088 .

2140 5154 2288 5209 radix
2342 5151 2592 5206 deorsum
2635 5149 2685 5202 in
2718 5157 2876 5201 terr-se
2923 5144 3218 5198 visceribus
3259 5151 3342 5196 est
3382 5135 3721 5196 abscondita,

2140 5247 2235 5302 sed
2284 5259 2389 5299 non
2425 5256 2640 5297 omnem
2688 5241 2938 5296 virtutem
2978 5252 3129 5292 suam
3171 5235 3423 5290 deorsum
3453 5230 3722 5290 continet,

2142 5353 2206 5392 ac
2233 5337 2413 5392 vitium
2457 5333 2755 5404 praesertim
2794 5331 3187 5385 arhustivarum
3228 5335 3312 5381 est
3357 5328 3473 5381 haec
3523 5333 3723 5378 natura.

2143 5429 2243 5485 Ubi
2272 5428 2412 5483 enim
2443 5442 2536 5496 per
2563 5425 2807 5480 excelsos
2832 5422 3067 5476 calamos
3097 5432 3274 5473 ramos
3320 5431 3447 5472 suos
3482 5408 3727 5471 extende-

2144 5525 2272 5588 rint,
2304 5538 2398 5592 per
2418 5519 2707 5575 arundines
2733 5518 2848 5572 illas
2887 5513 3155 5582 serpentia
3195 5519 3465 5564 sarmenta
3515 5508 3722 5572 longum

2149 5615 2418 5686 quoddam
2451 5622 2647 5667 tectum
2673 5609 2938 5665 frondium
2961 5604 3224 5659 densitate
3246 5600 3553 5657 conﬁciunt.
3580 5594 3726 5661 Ejus-

2148 5709 2290 5764 modi
2321 5717 2399 5763 est
2422 5717 2476 5762 et
2499 5711 2887 5775 unguentorum
2915 5708 3138 5756 natura:
3163 5694 3425 5766 siquidem
3450 5693 3536 5748 illa
3561 5696 3723 5754 smpe-

2150 5817 2374 5859 numcro
2402 5805 2526 5856 sunt
2569 5798 2622 5852 in
2666 5791 2910 5851 conclavi
2964 5788 3276 5858 recondita,
3305 5785 3403 5842 sed
3451 5785 3724 5849 erumpens
