4104 6440
360 324 477 383 εον

359 440 477 492 ἐστι
521 436 755 509 ῥεόντων
786 441 882 495 καὶ
926 441 1024 513 οὑχ
1062 443 1364 515 ἱσταμένων
1403 448 1576 502 ταῦτα
1608 450 1895 521 ἀμφότερα
1917 467 1933 481 ⁸

359 522 506 575 οὑτω
532 522 595 592 δὴ
622 524 715 576 καὶ
741 525 833 578 ἐπὶ
860 526 969 581 τῶν
1009 528 1366 599 ἀνθρωπίνων
1412 534 1757 603 πραγμάτων
1789 534 1940 586 οὐδὲν

361 605 581 675 βέϐαιον
637 606 732 659 καὶ
777 607 971 675 ἑστὼς,
1001 610 1138 665 ἀλλὰ
1170 614 1373 666 πυκναὶ
1416 615 1472 667 αἱ
1521 615 1818 685 μεταϐολαὶ
1848 616 1942 669 καὶ

356 687 672 760 ὀξύρῥοποι.
717 690 774 743 'O
811 691 910 760 μὲν
948 693 1052 746 ὑπὸ
1081 694 1180 766 τῆς
1217 694 1518 768 εὐημερίας
1550 696 1687 768 πρὸς
1723 698 1783 751 τὸ
1810 697 1939 764 ὕψος,

359 771 606 856 ἐπήρθη,
641 774 669 826 6
714 773 770 827 δὲ
806 775 911 828 ὑπὸ
949 776 1292 849 δυσπραγίας
1333 782 1414 845 εἰς
1458 780 1593 834 πολὺ
1634 782 1938 856 κατηνέχθη

362 854 549 925 βάθος⁶
587 857 722 936 ἀλλά
753 866 889 929 μήτε
919 861 1126 926 ἐκεῖνος
1163 862 1444 932 φυσάσθω,
1494 865 1634 936 μήτε
1665 857 1820 929 οὗτος
1849 854 1943 918 ταξ-

361 938 684 994 πεινούσθω·
699 935 978 1014 ’ταχίστην
1003 944 1113 1017 γάρ
1147 945 1378 1010 ἕκαστος
1408 935 1617 1012 δέξεται
1641 946 1737 1019 τὴν
1774 965 1942 1019 μετα-

357 1023 546 1094 ϐολήν·
570 1023 685 1078 ἀλλ’
716 1026 817 1080 οὑκ
838 1027 1042 1093 ἐκεῖνος
1069 1029 1097 1080 6
1119 1028 1255 1100 πρὸς
1279 1030 1369 1083 τὸν
1391 1030 1619 1101 οὐρανὸν
1645 1030 1940 1102 μεταστάς,

356 1111 386 1162 6
417 1108 553 1180 πρὸς
580 1109 672 1162 τὸν
700 1110 1035 1182 ποθούμενον
1065 1112 1318 1168 ἀπελθὼν
1352 1114 1582 1186 Ἰησοῦν,
1615 1118 1644 1169 6
1672 1116 1809 1186 πρὸς
1833 1134 1941 1187 χω-

363 1191 478 1262 ρίον
508 1191 675 1246 ἐλθὼν
698 1193 935 1265 καθαρὸν
964 1195 1230 1269 θορύϐων,
1264 1198 1393 1253 ἔνθα
1420 1199 1631 1271 ἀπέδρα
1651 1199 1815 1271 ὀδύνη
1844 1202 1943 1255 καὶ

358 1272 505 1347 λύπη
541 1276 635 1329 καὶ
674 1279 995 1349 στεναγμός.
1027 1281 1142 1333 Ούκ
1181 1279 1329 1335 ἔστιν
1371 1282 1489 1335 ἐκεῖ
1520 1283 1823 1353 μεταϐολῆς
1857 1285 1939 1337 εί-

357 1356 492 1422 κὼν,
514 1358 612 1411 οὑκ
640 1358 755 1414 ἔστι
777 1362 985 1433 τροπῆς
1029 1363 1425 1435 ἀποσκίασμα,
1455 1364 1637 1419 πάντα
1666 1366 1723 1420 δὲ
1757 1382 1940 1438 πεπη-

355 1440 494 1507 γότα
524 1442 619 1495 καὶ
644 1443 899 1515 ἀκίνητα.
919 1445 1099 1500 πάντα
1126 1446 1320 1517 βέϐαια
1346 1448 1439 1501 καὶ
1462 1448 1745 1520 ἱδρυμένα,
1764 1449 1941 1503 πάντα

356 1522 613 1595 ἄφθαρτα
665 1527 758 1579 καὶ
802 1528 1047 1584 ἀθάνατα
1066 1572 1082 1597 ,
1126 1530 1304 1585 πάντα
1334 1532 1590 1604 ἀκήρατα
1619 1532 1714 1586 καὶ
1743 1535 1824 1597 εἰς
1853 1534 1943 1587 ἀεὶ

358 1604 511 1679 ιδοι]
562 1608 903 1680 διαμένοντα.
959 1612 1060 1666 Διά
1108 1614 1268 1668 τοῦτό
1313 1632 1466 1686 φησι,
1501 1614 1623 1683 Πρὸ
1656 1615 1943 1685 τελευτῆς

352 1692 442 1759 μὴ
464 1691 748 1761 μακάριζε
770 1694 1026 1764 μηδένα.
1056 1696 1158 1751 Διά
1190 1698 1278 1764 τί;
1316 1697 1546 1769 ΙἌδηλον
1572 1698 1681 1770 γὰρ
1717 1699 1778 1751 16
1809 1699 1942 1770 μέλ-

354 1771 472 1840 λον,
509 1776 602 1829 καὶ
644 1778 675 1847 ή
720 1777 883 1846 φύσις
927 1780 1179 1854 ἀσθενής·
1217 1783 1249 1853 ή
1298 1782 1619 1854 προαίρεσις
1657 1782 1899 1854 ῥάθυμος
1924 1822 1940 1846 ,

356 1859 391 1928 ή
430 1859 673 1930 ἁμαρτία
703 1862 1095 1933 εὑπερίστατος
1114 1905 1130 1930 ,
1167 1864 1362 1919 πολλαὶ
1389 1867 1448 1919 αἱ
1478 1865 1731 1935 παγίδες·
1778 1866 1940 1920 Ἐπίο

355 1947 538 2013 γνωθι
554 1944 685 2013 γὰρ,
714 1946 899 2018 φησὶν,
924 1946 1012 2001 ὅτι
1038 1947 1285 2019 ἐνμέσῳ
1313 1948 1580 2020 παγίδων
1596 1948 1938 2017 διαϐαίνειςο

357 2026 654 2099 ἐπάλληλοι
706 2030 756 2082 οἰ
805 2033 1121 2102 πειρασμοὶ,
1156 2032 1324 2097 πολὺς
1373 2033 1401 2086 6
1443 2032 1553 2086 τῶν
1600 2033 1942 2105 πραγμάτων

356 2111 537 2182 ὄχλος,
574 2112 669 2166 καὶ
699 2112 952 2185 διηνεκὴς
999 2114 1109 2169 τῶν
1155 2115 1427 2188 δαιμόνων
1466 2119 1496 2171 6
1543 2116 1807 2184 πόλεμος,
1849 2119 1943 2172 καὶ

360 2198 610 2265 συνεχεῖς
629 2197 686 2249 αἱ
711 2197 822 2251 τῶν
850 2198 1041 2252 παθῶν
1058 2200 1480 2265 ἐπαναστάσεις
1498 2199 1589 2254 διά
1605 2199 1796 2264 ταῦτα,
1820 2201 1942 2269 Πρὸ

356 2278 649 2348 τελευτῆς
665 2280 751 2351 μὴ
776 2281 1059 2352 μακάριζε
1077 2282 1331 2353 μηδένα,
1362 2285 1546 2355 φησίν.
1569 2285 1778 2340 Οὐκοῦν
1805 2285 1945 2355 μετά

353 2362 620 2434 τελευτήν
653 2365 980 2437 μακαρίζειν
1008 2367 1249 2437 ἀσφαλὲς
1296 2368 1388 2421 τὸν
1430 2368 1601 2436 ἀξιονο
1646 2370 1847 2442 μᾶλλον
1884 2370 1944 2423 δὲ

355 2448 460 2517 οὑχ
491 2446 678 2513 ἀπλῶς
712 2450 850 2519 μετά
873 2450 1152 2522 τελευτήν,
1183 2450 1321 2506 ἀλλά
1357 2452 1617 2525 τελευτήν
1650 2454 1939 2524 τοιαύτην,

354 2530 489 2585 ὅταν
524 2532 663 2602 μετά
700 2534 967 2603 στεφάνου
996 2534 1087 2588 τὸν
1121 2530 1292 2608 βίονῇ
1328 2536 1640 2601 καταλύσας
1676 2555 1783 2603 τις,
1815 2539 1944 2593 ὅταν

357 2614 501 2685 μετά
548 2617 840 2686 ὁμολογίας
893 2619 988 2673 καὶ
1030 2619 1266 2684 πίστεως
1306 2620 1693 2694 ἀνυποκρίτου.
1740 2623 1804 2675 Εἰ
1833 2621 1944 2695 γάρ

353 2698 710 2764 τοὺςίάπλῶς
755 2700 1191 2775 τελευτήσαντας
1220 2715 1248 2744 ι
1277 2704 1587 2777 ἐμακάρισέ
1620 2723 1704 2770 τις
1724 2746 1740 2772 ,
1791 2705 1945 2777 πόσῳ

359 2782 564 2852 μᾶλλον
596 2783 896 2848 τοὺςιοῦτω
924 2786 1382 2858 τελευτήσανταςς

430 2866 541 2920 Καὶ
569 2867 652 2932 τίς
678 2869 1006 2942 ἐμακάρισε,
1026 2872 1182 2942 φησὶ,
1213 2872 1341 2936 τοὺς
1367 2871 1556 2937 ἁπλῶς
1577 2872 1942 2945 τελευτήσαν-

353 2967 486 3016 τας;
524 2951 581 3005 '0
612 2952 885 3024 Σολομὼν,
928 2955 1181 3026 Σολομὼν
1227 2957 1436 3021 ἐκεῖνος
1469 2959 1497 3011 6
1528 2959 1803 3028 πάνσοφος
1823 2974 1837 2990 ·
1870 2958 1943 3028 μὴ

354 3035 467 3106 γὰρ
487 3035 675 3098 ἀπλῶς
700 3038 1069 3112 παραδράμῃς
1091 3040 1181 3093 τὸν
1207 3038 1517 3112 ἄνθρωπον,
1552 3040 1668 3095 ἀλλ’
1691 3043 1945 3112 ἐννόησον

354 3118 444 3195 τίς
472 3114 572 3190 ἦν,
615 3120 710 3173 καὶ
745 3121 863 3185 πῶς
899 3122 1200 3193 βεϐιωκὼς,
1241 3124 1339 3178 καὶ
1384 3124 1524 3195 μετά
1564 3124 1737 3194 πόσης
1763 3125 1946 3190 ἀδείας

356 3202 453 3256 καὶ
478 3203 715 3268 ἀνέσεως
734 3207 829 3259 τὸν
864 3207 1030 3278 ὑγρὸν
1060 3208 1155 3262 καὶ
1192 3207 1578 3279 ἀταλαίπωρον
1614 3208 1729 3279 βίον
1760 3207 1855 3280 ἔζη
1890 3209 1942 3263 ι).

357 3286 545 3341 ’Δπαν
573 3287 685 3359 γὰρ
735 3284 876 3353 εἶδος
922 3289 1125 3362 ἐπῆλθε
1159 3291 1371 3363 τρυφῆς
1392 3334 1407 3357 ,
1438 3292 1536 3345 καὶ⁸
1584 3291 1946 3363 ψυχαγωγίας

356 3369 736 3435 παντοδαποὺς
790 3372 1054 3445 ἐπενόησε
1098 3374 1370 3446 τρόπους,
1420 3374 1515 3427 καὶ
1571 3374 1824 3438 ποικίλας
1852 3376 1947 3429 καὶ

356 3452 736 3524 πολυτρόπους
769 3454 1016 3527 τέρψεων
1060 3452 1221 3530 εὗρεν
1268 3457 1446 3523 ἰδέας,
1489 3458 1586 3511 καὶ
1633 3457 1839 3522 ταύτας
1865 3458 1946 3511 δι-

353 3553 392 3608 η
401 3536 494 3604 γού
502 3553 661 3608 μενος
671 3538 878 3608 ἔλεγεν
895 3539 1270 3611 ’ῼκοδόμησά
1278 3559 1380 3611 μοι
1400 3540 1628 3609 οἶκους,
1641 3541 1949 3611 ἐφύτευσά

355 3638 457 3689 μοι
490 3621 870 3690 ἀμπελῶνας,
904 3622 1166 3692 ἐποίησά
1200 3641 1306 3694 μοι
1346 3623 1581 3691 κήπους
1623 3626 1723 3680 καί
1756 3640 1945 3695 παρα-

355 3703 625 3772 δείσους,
649 3705 910 3776 ἐποίησά
923 3725 1026 3777 μοι
1046 3707 1469 3777 κολυμϐήθρας
1488 3708 1743 3775 ὑδάτων,
1773 3710 1948 3781 ἐκτη-

356 3788 565 3859 σάμην
609 3789 872 3857 δούλους
923 3791 1024 3844 καί
1076 3791 1430 3858 παιδίσκας,
1484 3793 1584 3847 καὶ
1623 3795 1947 3865 οἰκογενεῖς

355 3872 644 3941 ἐγένοντό
682 3892 789 3944 μοι
812 3890 828 3905 ·
865 3874 1084 3945 κτῆσις
1127 3876 1477 3940 ,Βουκολίων
1509 3876 1608 3930 καί
1656 3879 1949 3948 ποιμνίων

358 3955 601 4023 ἐγένετό
642 3973 779 4027 μοι*
817 3957 1171 4028 συνήγαγον
1211 3958 1494 4028 ἀργύριον
1539 3959 1640 4012 καί
1688 3963 1949 4029 χρυσίον

357 4038 470 4093 ισα
503 4038 726 4109 ψάμμῳ
749 4057 763 4070 ·
799 4040 1064 4112 ἐποίησά
1085 4058 1186 4111 μοι
1218 4040 1478 4109 ᾄδοντας
1518 4042 1616 4096 καί
1643 4043 1946 4111 ᾀδούσας,

357 4125 678 4192 οἰνοχόους
706 4124 807 4179 καὶ
834 4127 1253 4196 οίνοχοούσας.
1289 4125 1356 4179 Τί
1386 4121 1480 4178 οὖν
1518 4127 1549 4180 6
1597 4127 1759 4191 αὑτός
1795 4121 1951 4189 οὗτος

360 4206 505 4279 μετά
527 4207 797 4279 τοσαύτην
824 4209 1146 4280 περιουσίαν
1174 4208 1284 4261 τῶν
1316 4209 1648 4280 χρημάτων,
1675 4208 1785 4264 τῶν
1816 4228 1949 4282 κτη-

361 4290 587 4363 μάτων,
625 4291 728 4362 τῆς
770 4292 1002 4363 τρυφῆς,
1062 4291 1160 4361 τῆς
1217 4292 1494 4360 ἀνέσεως;
1541 4291 1944 4361 Ἐμακάρισα,

358 4375 528 4445 φησί,
570 4375 713 4442 τοὺς
740 4376 1161 4441 ἀποθανόντας
1191 4374 1347 4444 ὑπὲρ
1387 4376 1530 4443 τοὺς
1562 4373 1803 4443 ζῶντας,
1824 4376 1947 4434 ,καὶ

357 4456 587 4528 ἀγαθὸς
606 4458 758 4527 ὑπὲρ
781 4459 1034 4524 τούτους
1061 4457 1234 4525 ὅστις
1260 4459 1425 4513 οὔπω
1443 4458 1705 4530 ἐγένετο,
1742 4460 1948 4523 Ὄντως

359 4542 678 4607 ἀξιόπιστος
711 4536 866 4606 οὗτος
894 4546 1199 4614 κατήγορος
1232 4541 1477 4613 τρυφῆς,
1513 4544 1540 4597 6
1567 4540 1791 4597 τοιαύτά
1822 4544 1950 4614 περὶ

359 4625 531 4696 αὐτῆς
559 4623 949 4696 ψηφιζόμενος.
986 4627 1050 4681 Εἰ
1077 4626 1176 4697 μὲν
1207 4626 1316 4698 γάρ
1338 4644 1422 4690 τις
1450 4626 1558 4680 τῶν
1590 4629 1647 4680 ὲν
1670 4626 1829 4698 πενίᾳ
1855 4628 1951 4681 καὶ

359 4709 609 4779 πτωχείᾳ
633 4707 975 4777 βεϐιωκότων
1004 4709 1210 4780 ταύτην
1236 4709 1459 4781 ἐξέφερε
1482 4709 1579 4782 τὴν
1604 4709 1781 4781 ψῆφον
1808 4709 1952 4764 κατά

357 4790 465 4862 τῆς
494 4791 707 4863 τρυφῆς
730 4831 745 4855 ,
788 4790 967 4856 ἔδοξεν
1004 4790 1071 4845 ἂν
1122 4792 1222 4846 οὐκ
1264 4792 1529 4865 ἀληθείᾳ,
1574 4793 1691 4847 ἀλλ’
1722 4794 1949 4865 ἀπειρίᾳ

359 4872 536 4926 ταῦτα
562 4876 922 4945 κατηγορεῖν
957 4874 1087 4928 ὅταν
1118 4875 1175 4929 δέ
1204 4877 1232 4928 6
1268 4877 1450 4930 πᾶσαν
1485 4876 1657 4947 αὑτὴν
1701 4875 1948 4931 ἐπελθὼν

363 4956 462 5010 καὶ
497 4955 988 5028 διερευνησάμενος
1013 4957 1184 5029 αὑτῆς
1220 4958 1456 5030 ἑκάστην
1488 4958 1629 5033 όδὸν,
1667 4952 1820 5022 οὗτος
1851 4959 1950 5012 αὑ-

360 5041 467 5112 τὴν
498 5040 767 5114 ἀτιμάζῃ,
796 5040 1108 5105 ἀνύποπτος
1135 5045 1168 5113 ή
1205 5041 1511 5113 κατηγορία
1544 5041 1751 5095 λοιπόν.
1796 5043 1959 5114 ΤάχαΔ

363 5122 615 5193 νομίζετε
640 5124 741 5194 τῆς
756 5124 1038 5196 παρούσης
1058 5125 1367 5189 ὑποθέσεως
1382 5127 1515 5197 ἡμῖν
1536 5124 1952 5180 ἐκπεπτωκέναι

360 5208 460 5261 τὸν
495 5206 673 5276 λόγον·
706 5208 822 5262 ἀλλ’
856 5208 1015 5281 εἴπερ
1050 5210 1434 5281 προσέχωμεν,
1472 5211 1844 5282 εὑρήσομενο,
1868 5211 1952 5265 ὅτι

361 5292 572 5361 ταύτης
607 5293 842 5364 μάλιστα
869 5293 1053 5365 ἔχεται
1083 5294 1154 5348 τά
1188 5295 1475 5367 εἰρημένα.
1536 5296 1624 5350 Ἐν
1658 5296 1769 5367 γὰρ
1813 5312 1955 5367 μαρ-

361 5375 548 5446 τύρων
579 5378 790 5447 μνείαις
842 5381 1138 5449 ἀναγκαῖον
1195 5380 1291 5433 καὶ
1343 5379 1664 5444 ἀκόλουθον,
1702 5381 1796 5433 καὶ
1825 5382 1954 5444 τοὺς

360 5461 499 5535 περὶ
532 5460 851 5532 φιλοσοφίας
896 5467 1066 5518 κινεῖν
1094 5464 1308 5532 λόγους.
1348 5463 1458 5519 Καὶ
1498 5463 1674 5518 ταῦτα
1718 5464 1950 5536 λέγομεν

429 5626 459 5689 _‘
477 5627 602 5677 Tres
616 5642 730 5678 mss.
750 5632 911 5688 ἁπλῶς
928 5631 1330 5689 τετελευτηκότας,

430 5685 630 5758 ξξρνὶἰ.
651 5692 823 5758 Δἀδείας
845 5685 926 5741 τὸν
946 5696 1106 5758 ἄνετον
1123 5685 1292 5741 τοῦτον
1304 5685 1395 5758 ’καί
1416 5693 1555 5757 ὑγρὸν
1581 5694 1717 5758 ἔζησε
1738 5694 1854 5758 βίον.

387 5753 458 5867 ,ιο
481 5746 900 5866 £153,015?
918 5756 1249 5821 προσέχωμεν,
1277 5746 1556 5819 εὑρήσομεν,
1580 5746 1762 5809 ᾱὲὲυιιὶ
1795 5758 1843 5807 in
1864 5755 1955 5808 Saw

350 5830 401 5867 ιι
432 5853 443 5867 .

1389 330 1457 386 IN
1499 331 1559 387 S.
1597 331 2052 390 EUSTATIIIUM
2094 332 2610 390 ANTIOCHENUM.

3521 343 3626 403 600

2053 453 2115 506 οὑ
2149 454 2249 523 τῆς
2283 453 2566 526 παρούσης
2593 454 3027 527 κατηγοροῦντες
3074 455 3240 526 ζωῆς,
3272 456 3346 528 μὴ
3382 459 3628 530 γένοιτο,

2045 536 2181 590 ἀλλὰ
2210 537 2310 608 τὴν
2335 536 2546 609 τρυφὴν
2576 537 2974 603 διαϐάλλοντες·
3000 540 3062 593 οὐ
3083 539 3192 610 γὰρ
3219 540 3281 594 τὸ
3308 541 3406 613 ζῇν
3434 544 3627 613 κακὸν,

2049 619 2186 673 ἀλλα
2217 620 2279 673 τὸ
2307 621 2431 692 εἰκῆ
2460 622 2554 674 καὶ
2579 620 2766 685 ἀπλῶς
2798 621 2917 691 ζῇν.

2057 717 2065 725 ⁸
2119 709 2187 782 β’.
2224 712 2311 776 Ὠς
2334 714 2429 765 ἐάν
2443 730 2527 775 τις
2554 714 2648 766 ἐπὶ
2677 714 3064 788 κατορθώμασι
3084 715 3178 769 καὶ
3201 717 3265 787 τῇ
3282 716 3389 770 τῶν
3409 718 3629 786 μελλόν-

2043 811 2153 848 των
2182 795 2401 864 ἀγαθῶν
2433 797 2606 851 ἐλπίδι
2643 798 2735 852 τὸν
2768 799 3013 870 παρόντα
3055 799 3197 872 ζήσῃ
3230 799 3362 869 βίον,
3403 801 3630 873 δυνήσε-

2047 895 2138 934 ται
2190 878 2331 933 κατά
2386 880 2599 936 Παῦλον
2651 883 2869 952 λέγειν,
2919 883 3001 937 ὅτι
3056 884 3128 937 Τό
3174 882 3283 951 ζῇν
3323 886 3395 938 ἐν
3445 887 3627 955 σαρκί

2044 961 2256 1028 πολλῷ
2293 964 2610 1033 κρεῖσσονο
2644 967 2804 1020 τοῦτο
2840 966 2947 1037 γὰρ
2972 966 3185 1039 καρπὸς
3223 967 3417 1039 ἔργουο
3452 969 3627 1023 καθά-

2045 1063 2152 1119 περ
2187 1043 2281 1100 οὖν
2332 1047 2425 1102 καὶ
2477 1049 2571 1102 ἐπὶ
2601 1049 2697 1103 τοῦ
2741 1050 3010 1121 μακαρίου
3042 1050 3266 1118 γέγονεν
3302 1050 3625 1117 Εὑσταθίου,

2044 1129 2103 1194 ὃς
2131 1129 2224 1183 καὶ
2249 1133 2315 1201 τῇ
2345 1132 2456 1203 ζωῇ
2486 1132 2582 1185 καὶ
2608 1135 2675 1204 τῇ
2703 1132 2927 1203 τελευτῇ
2957 1130 3092 1204 πρὸς
3111 1133 3172 1187 τὸ
3192 1133 3309 1186 δέον
3335 1136 3628 1206 ἐχρήσατο.

2048 1215 2123 1268 Οὐ
2165 1213 2275 1285 γάρ
2306 1215 2401 1279 ἐπὶ
2432 1216 2533 1284 τῆς
2560 1216 2763 1280 οἰκείας
2793 1218 2915 1287 γῆς,
2942 1216 3055 1270 ἀλλ’
3090 1217 3182 1270 ἐπὶ
3215 1217 3314 1288 τῆς
3340 1218 3631 1289 ἀλλοτρίας

2046 1297 2253 1367 ταύτην
2285 1297 2543 1369 ὑπέμεινε
2568 1300 2655 1353 διὰ
2681 1300 2773 1354 τὸν
2801 1300 3063 1371 Χριστόν·
3091 1301 3249 1355 τοῦτο
3279 1302 3388 1356 τῶν
3416 1302 3629 1375 ἐχθρῶν

2043 1380 2105 1432 τὸ
2131 1379 2280 1453 [605]
2309 1381 2662 1453 κατόρθωμα.
2701 1384 2928 1436 Ἐκεῖνοι
2964 1384 3064 1453 μὲν
3092 1384 3201 1454 γὰρ
3226 1385 3327 1455 τῆς
3367 1386 3629 1455 πατρίδος

2044 1466 2207 1520 αὑτὸν
2240 1465 2508 1536 ἐξήλασαν
2552 1467 2629 1531 ὡς
2664 1467 3056 1538 ἀτιμάζοντες’
3097 1471 3126 1523 6
3153 1469 3210 1522 δέ
3249 1469 3626 1541 λαμπρότερος

2045 1549 2255 1618 ἐγίνετο
2309 1550 2508 1622 μᾶλλον
2560 1552 2654 1605 καὶ
2706 1553 3166 1624 περιφανέστερος
3215 1556 3282 1624 τῇ
3330 1555 3466 1626 πρὸς
3525 1554 3627 1626 τὴν

2045 1632 2342 1706 ὑπερορίαν
2389 1635 2739 1704 μεταστάσει,
2774 1634 2849 1699 ὡς
2894 1637 2990 1690 καὶ
3035 1636 3144 1689 τῶν
3184 1638 3526 1708 πραγμάτων
3565 1638 3628 1691 τὸ

2042 1717 2196 1782 τέλος
2228 1716 2498 1784 ἀπέδειξε.
2530 1718 2779 1791 Τοσαύτη
2817 1719 2925 1791 γάρ
2959 1721 2992 1790 ή
3030 1720 3354 1791 περιφάνεια
3381 1720 3626 1789 γέγονεν,

2043 1800 2120 1865 ὡς
2160 1800 2255 1855 τοῦ
2314 1795 2567 1873 σώματος
2621 1801 2788 1855 αὑτοῦ
2847 1802 3112 1871 ταφέντος
3152 1805 3210 1855 ἐν
3266 1802 3481 1875 Θρᾴκῃ,
3528 1804 3628 1874 τὴν

2049 1887 2271 1958 μνήμην
2308 1886 2473 1941 αὑτοῦ
2505 1886 2626 1941 καθ’
2671 1886 2910 1956 ἑκάστην
2941 1886 3155 1958 ἡμέραν
3201 1888 3330 1958 παρ’
3362 1888 3493 1956 ήμίν
3535 1887 3632 1940 ἀν-

2046 1969 2181 2035 θεῖν,
2212 1972 2306 2025 καὶ
2341 1971 2433 2025 τὸν
2474 1970 2575 2042 μὲν
2617 1970 2788 2039 τάφον
2828 1966 2965 2023 εἶναι
2996 1971 3055 2023 ἐν
3085 1970 3279 2039 ἐκείνῳ
3308 1970 3387 2041 τῷ
3423 1969 3629 2041 βαρϐα-

2048 2054 2185 2126 ρικῷ
2217 2054 2423 2126 χωρίῳ,
2466 2055 2559 2109 τὸν
2583 2054 2643 2108 δὲ
2671 2052 2836 2108 πόθον
2864 2055 2997 2125 παρ’
3025 2056 3180 2125 ήμῖν,
3209 2056 3323 2118 τοῖς
3354 2056 3419 2107 ἐκ
3444 2054 3632 2107 τοσού-

2045 2156 2137 2191 του
2164 2137 2582 2210 ἀπειργομένοις
2612 2137 3001 2209 διαστήματος,
3041 2137 3179 2208 μετὰ
3208 2139 3399 2210 χρόνον
3437 2137 3633 2191 τοσοῦ-

2044 2240 2137 2277 τον
2161 2222 2284 2276 καθ’
2309 2223 2546 2292 ἑκάστην
2575 2219 2836 2287 αὔξεσθαι
2882 2222 2982 2291 τὴν
3020 2221 3236 2292 ἡμέραν
3256 2239 3270 2252 ·
3317 2220 3519 2291 μᾶλλον
3548 2221 3629 2288 δὲ,

2045 2313 2096 2361 εἰ
2125 2306 2230 2378 χρὴ
2254 2306 2486 2376 τάληθὲς
2510 2307 2707 2370 εἰπεῖν,
2734 2305 2829 2358 καὶ
2854 2307 2881 2359 ό
2908 2306 3077 2375 τάφος
3109 2304 3274 2357 αὑτοῦ
3316 2304 3444 2374 παρ’
3473 2306 3630 2374 ἡμῖν,

2045 2391 2145 2443 οὑκ
2175 2393 2232 2444 ἐν
2260 2390 2451 2464 Θρᾴκῃ
2495 2389 2675 2461 μόνον.
2702 2389 2979 2460 Μνήματα
3005 2388 3114 2459 γὰρ
3158 2387 3327 2457 ἁγίων
3358 2389 3420 2441 οὑ
3449 2388 3629 2459 σοροὶ,

2046 2475 2144 2527 καὶ
2180 2473 2468 2545 λάρνακες,
2506 2474 2599 2526 καὶ⁵
2639 2472 2850 2543 στῆλαι,
2898 2472 2995 2525 καὶ
3021 2472 3346 2542 γράμματα,
3394 2470 3509 2523 ἀλλ’
3535 2470 3631 2540 έρ-

2046 2573 2159 2626 γων
2189 2556 2609 2629 κατορθώματα,
2645 2556 2741 2609 καλ⁸
2769 2555 3003 2618 πίστεως
3049 2554 3228 2624 ζῆλος,
3264 2554 3358 2607 καὶ
3393 2554 3631 2616 συνειδὸς

2047 2642 2184 2715 πρὸς
2208 2641 2340 2695 Θεὸν
2365 2641 2535 2709 ὑγιές.
2564 2640 2673 2694 Καὶ
2700 2639 2809 2710 γάρ
2840 2638 3021 2709 πάσης
3049 2638 3251 2710 στήλης
3273 2638 3631 2709 λαμπροτέρα

2047 2725 2345 2796 ἀνέστηκεν
2375 2723 2512 2795 αὕτη
2542 2726 2575 2795 ἡ
2616 2723 2912 2793 Ἐκκλησία
2933 2722 3011 2793 τῷ
3038 2723 3293 2793 μάρτυρι,
3325 2724 3632 2792 γράμματα

2048 2808 2249 2882 ἔχουσα
2271 2810 2372 2863 οὑκ
2409 2808 2621 2878 ἄφωνα,
2663 2807 2799 2861 ἀλλά
2826 2807 2915 2861 διά
2941 2806 3049 2860 τῶν
3082 2805 3425 2877 πραγμάτων
3452 2805 3633 2859 αὐτῶν

2047 2893 2425 2967 λαμπρότερον
2452 2892 2754 2962 σάλπιγγος
2798 2891 3005 2965 βοῶντα
3032 2891 3131 2960 τὴν
3165 2889 3376 2944 ἐκείνου
3411 2891 3634 2961 μνήμην

2049 2980 2144 3032 καὶ
2176 2978 2274 3050 τὴν
2298 2976 2678 3049 λαμπρότητα,
2721 2977 2815 3030 καὶ
2840 2975 3071 3037 ἕκαστος
3100 2972 3255 3053 ὑμῶν
3277 2972 3304 3013 ά
3337 2972 3446 3026 τῶν
3494 2990 3633 3044 παρ-

2048 3064 2217 3117 όντων
2249 3061 2344 3114 τοῦ
2379 3060 2535 3129 ἁγίου
2562 3060 2731 3126 τάφος
2757 3060 2908 3112 ἐστὶν
2936 3057 3169 3123 ἐκείνου,
3198 3058 3367 3127 τάφος
3388 3055 3633 3126 ἔμψυχος

2050 3148 2145 3200 καὶ
2189 3143 2578 3215 πνευματικός.
2626 3143 2722 3196 Ἂν
2769 3141 2879 3211 γὰρ
2932 3141 3227 3206 ἀναπτύξω
3273 3140 3334 3193 τὸ
3392 3140 3633 3201 συνειδὸς

2050 3232 2283 3285 ἑκάστου
2331 3229 2441 3283 τῶν
2497 3227 2782 3299 παρόντων
2832 3225 3007 3297 ὑμῶν,
3054 3226 3295 3297 εὑρίσκω
3340 3225 3431 3280 τὸν
3477 3225 3634 3293 ἀγιον

2048 3313 2235 3367 τοῦτον
2255 3312 2401 3366 ἔνδον
2421 3311 2520 3382 τῆς
2539 3311 2776 3373 διανοίας
2797 3310 2950 3381 ὑμῶν
2972 3308 3407 3380 ἐνδιαιτώμενον.
3434 3308 3494 3363 Ὁ
3503 3310 3632 3380 ρᾶτε

2051 3398 2169 3461 πῶς
2215 3396 2367 3449 οὐδὲν
2420 3395 2581 3448 πλέον
2625 3394 2842 3463 ἐγένετο
2886 3395 3002 3456 τοῖς
3059 3392 3309 3464 ἐχθροῖς;
3361 3391 3480 3455 πῶς
3531 3392 3633 3445 οὑκ

2050 3483 2280 3537 ἔσϐεσαν
2311 3479 2411 3552 τὴν
2439 3479 2617 3546 δόξαν,
2661 3478 2779 3532 ἀλλ’
2813 3478 3025 3549 ἐπῆραν
3050 3475 3493 3548 ταύτην·μᾶλλον
3537 3475 3633 3527 καὶ

2049 3563 2433 3636 λαμπροτέραν
2472 3562 2819 3633 εἰργάσαντο,
2857 3560 3146 3623 τοσούτους
3174 3561 3501 3630 ποιήσαντες
3536 3557 3634 3610 τά-

2051 3668 2184 3720 φους
2227 3647 2340 3701 ἀνθ’
2387 3647 2543 3713 ἐνὸς,
2594 3647 2797 3715 τάφους
2848 3644 3145 3717 ἐμψύχους,
3197 3645 3402 3713 τάφους
3448 3640 3633 3711 φωνὴν

2050 3733 2329 3801 ἀφιέντας,
2368 3731 2572 3798 τάφους
2601 3730 2739 3801 πρὸς
2768 3728 2860 3783 τὸν
2891 3728 3055 3781 αὐτὸν
3094 3727 3255 3797 ζῆλον
3282 3742 3636 3797 παρασκευα-

2053 3816 2352 3888 ζομένους;
2402 3814 2503 3866 Διά
2540 3812 2700 3867 τοῦτο
2750 3813 2822 3867 τά
2873 3811 2983 3867 τῶν
3028 3812 3201 3880 ἁγίων
3261 3808 3489 3880 σώματα
3540 3808 3636 3862 καὶ

2053 3899 2274 3970 πηγὰς,
2313 3900 2409 3952 καὶ
2467 3895 2656 3969 ῥίζας,
2710 3898 2807 3950 καὶ
2864 3895 3013 3968 μύρα
3069 3893 3215 3949 καλῶ
3261 3892 3632 3963 πνευματικά.

2052 3983 2210 4047 Τίνος
2243 3978 2337 4036 οὖν
2368 3981 2584 4047 ἐνεκεν;
2614 3980 2738 4033 ’Ότι
2772 3981 3001 4033 ἕκαστον
3036 3977 3237 4031 τούτων
3266 3977 3376 4030 τῶν
3407 3974 3635 4047 εἰρημέ-

2052 4083 2159 4121 νων
2188 4067 2285 4137 τὴν
2320 4065 2529 4119 οἰκείαν
2571 4063 2772 4136 ἀρετὴν
2802 4062 2863 4114 οὐ
2899 4062 3028 4133 παρ’
3064 4061 3244 4130 ἐαυτῷ
3271 4060 3491 4131 κατέχει
3542 4060 3638 4130 μό-

2052 4167 2164 4215 νον,
2207 4150 2344 4204 ἀλλά
2372 4149 2466 4203 καὶ
2500 4147 2661 4219 μέχρι
2691 4144 2888 4199 πολλοῦ
2916 4156 2941 4184 ο
2979 4145 3347 4215 διαπέμπεται
3402 4144 3633 4215 μήκους.

2054 4231 2181 4289 Οἷόν
2214 4252 2267 4288 τι
2298 4231 2444 4302 λέγω
2463 4249 2477 4263 ο
2511 4234 2569 4285 αί
2599 4232 2775 4300 πηγαὶ
2810 4228 3174 4293 ἀναϐλύζουσι
3213 4229 3314 4299 μὲν
3342 4228 3517 4282 πολλὰ
3543 4229 3637 4282 νά-

2058 4335 2224 4390 ματα,
2247 4318 2310 4371 ού
2350 4316 2455 4388 μὴν
2485 4315 2616 4369 εἵσω
2646 4314 2755 4368 τῶν
2787 4314 3002 4367 οἰκείων
3037 4313 3254 4366 κόλπων
3292 4315 3465 4367 ταῦτα
3505 4329 3637 4367 κατ·

2053 4402 2290 4473 έχουσιν,
2334 4400 2473 4456 ἀλλά
2517 4401 2761 4473 μακροὺς
2789 4398 3071 4452 τίκτουσαι
3129 4399 3412 4468 ποταμοὺς
3446 4397 3637 4466 συγγί-

2053 4501 2240 4539 νονται
2260 4483 2340 4556 τῷ
2379 4482 2626 4552 πελάγει,
2669 4482 2764 4536 καὶ
2794 4481 3048 4552 καθάπερ
3078 4480 3261 4553 χειρός
3294 4497 3439 4542 τινος
3477 4480 3639 4534 ἐκτά-

2055 4584 2162 4632 σει,
2191 4566 2270 4637 τῷ
2316 4566 2482 4639 μήκει
2522 4567 2728 4619 τούτων
2779 4564 3246 4636 ἐπιλαμϐάνονται
3276 4563 3386 4616 τῶν
3437 4562 3636 4616 θαλατ-

2053 4652 2184 4704 τίων
2218 4650 2448 4704 ὑδάτων.
2494 4648 2729 4719 Πάλινή
2782 4648 2908 4719 ῥίζα
2951 4648 3060 4703 τῶν
3106 4647 3293 4718 φυτῶν
3323 4647 3635 4719 κέκρυπται

2053 4736 2111 4788 ἐν
2141 4736 2257 4798 τοῖς
2308 4734 2531 4796 κόλποις
2564 4732 2663 4802 τῆς
2691 4733 2818 4802 γῆς,
2859 4733 2976 4787 ἀλλ’
3006 4733 3068 4786 οὑ
3097 4732 3249 4786 κάτω
3282 4733 3505 4802 κατέχει
3536 4732 3637 4803 τὴν

2053 4818 2255 4891 ἀρετὴν
2289 4818 2459 4888 αὑτῆς
2509 4815 2753 4881 ἃπασαν,
2804 4818 2899 4871 καὶ
2954 4816 3191 4886 μάλιστα
3228 4816 3339 4869 τῶν
3372 4816 3637 4888 ἀμπέλων

2053 4903 2163 4956 τῶν
2208 4899 2611 4971 ἀναδενδράδων
2664 4899 2803 4971 αὕτη
2852 4902 2886 4971 ή
2943 4900 3124 4970 φύσις.
3171 4900 3340 4954 Ὅταν
3388 4900 3501 4973 γάρ
3551 4902 3636 4967 ἐφ’

2055 4983 2277 5054 ὑψηλῶν
2317 4982 2427 5036 τῶν
2476 4982 2737 5054 καλάμων
2781 4984 2909 5046 τοὺς
2940 4983 3121 5037 αὐτῶν
3163 4984 3449 5037 ἐκτείνωσι
3502 4982 3639 5038 κλά-

2054 5066 2198 5133 δους,
2224 5066 2294 5121 τά
2325 5066 2580 5137 κλήματα
2608 5066 2696 5119 διά
2737 5066 2846 5119 τῶν
2879 5065 3120 5120 δονάκων
3149 5067 3375 5133 ἐκείνων
3401 5067 3638 5138 ἐρποντα

2060 5153 2224 5224 μέχρι
2277 5150 2475 5205 πολλοῦ
2534 5150 2751 5223 πρόεισι
2797 5151 3195 5224 διαστήματος,
3254 5153 3469 5224 μακράν
3516 5168 3639 5205 τινα

2054 5237 2260 5308 ὀροφὴν
2289 5238 2357 5307 τῇ
2382 5235 2493 5288 τῶν
2521 5234 2734 5303 φύλλων
2761 5235 3021 5290 ποιοῦντα
3052 5238 3369 5307 πυκνότητι.
3398 5233 3636 5305 Τοιαύτη

2056 5322 2154 5374 καὶ
2184 5318 2295 5373 τῶν
2347 5318 2537 5391 μύρων
2575 5321 2608 5389 ή
2658 5317 2819 5389 φύσις
2840 5337 2854 5351 ’
2903 5321 3043 5375 αὐτά
3076 5324 3177 5392 μὲν
3213 5322 3323 5392 γὰρ
3372 5321 3548 5373 κεῖται
3576 5320 3637 5372 ἐν

2060 5404 2290 5475 οἰκίσκῳ
2336 5402 2617 5469 πολλάκις,
2659 5405 2747 5459 διά
2792 5405 2850 5458 δὲ
2877 5406 2986 5460 τῶν
3035 5405 3268 5476 θυρίδων
3329 5403 3637 5473 ὑπερεκπίά

2063 5504 2273 5543 πτουσα
2316 5487 2496 5543 αὐτῶν
2522 5490 2555 5560 ή
2584 5488 2781 5543 εὐωδία
2810 5492 2888 5554 εἰς
2931 5487 3147 5560 ἀμφοδα
3178 5489 3273 5541 καὶ
3316 5486 3625 5549 στενωποὺς

2060 5569 2156 5627 κάι
2200 5572 2441 5643 ἀγοράς,
2481 5573 2731 5637 καὶτοὺς
2778 5573 2884 5641 ἔξω
2916 5572 3224 5642 βαδίζοντας
3267 5570 3506 5623 διδάσκει
3539 5570 3638 5639 τὴν

2117 5694 2142 5734 d
2166 5695 2264 5759 Am
2282 5698 2437 5759 ἡμῶν.

2056 5832 2071 5871 1
2123 5758 2294 5869 ῖεΜρτ.
2308 5754 2443 5809 ἀλλὰ
2466 5760 2545 5811 καὶ
2569 5760 2632 5817 εἰς
2652 5760 2789 5825 ἕτερα
2809 5760 2961 5809 πολλὰ
2984 5758 3118 5824 μέχρι
3139 5755 3338 5809 πολλοῦ.
3367 5754 3547 5809 Celeri
3585 5758 3641 5807 υι

2081 5833 2108 5868 n
2187 5836 2211 5868 χ
2240 5834 2288 5869 u.

2187 5834 2288 5869 xw.
