4104 6442
540 451 690 506 ἐνδον
718 444 978 517 κειμένην
1005 443 1116 499 τῶν
1158 442 1467 516 ἀρωμάτων
1508 442 1732 514 ἀρετήν.
1764 442 1829 495 El
1858 440 1914 494 δὲ
1942 439 2117 512 πηγὴ,

542 534 638 589 καὶ
681 530 827 601 ῥίζα,
868 531 965 583 καὶ
1020 528 1339 598 φυτῶνκαὶ
1383 527 1693 598 ἀρωμάτων
1732 526 1892 593 φύσις
1933 523 2131 577 τοσαύ-

540 634 641 688 την
684 615 861 685 έχουσι
898 613 996 684 τὴν
1033 614 1204 684 ίσχὺν,
1239 609 1419 680 πολλῷ
1459 608 1658 681 μᾶλλον
1697 609 1804 675 τῶν
1843 608 2017 677 άγίων
2059 604 2128 661 τὰ

544 686 805 769 σώματαο
839 698 935 751 καὶ
964 698 1047 749 ὃτι
1082 696 1145 750 ού
1188 695 1358 765 ψευδῆ
1396 693 1466 747 τά
1510 686 1803 763 λεγόμενα,
1849 692 2127 763 μάρτυρες

544 786 722 855 ὑμεῖς.
762 783 836 837 Τὸ
875 782 975 852 μὲν
1018 781 1126 853 7&9
1173 781 1335 851 σῶμα
1377 778 1473 832 τοῦ
1498 778 1797 853 ,μάρτυρος
1840 778 2019 831 κεῖται
2067 776 2128 828 ἐν

542 870 753 941 Θρᾴκῃ,
781 868 938 937 ὑμεῖς
985 866 1042 919 δὲ
1079 865 1180 918 οὐκ
1224 865 1282 918 ἐν
1323 863 1514 935 Θρᾴκῃ
1564 861 1954 933 διατρίϐοντες,
1990 858 2123 914 ἀλλά

544 952 679 1005 πολὺ
719 951 819 1021 τῆς
862 947 1046 1020 χώρας
1095 946 1311 1017 ἐκείνης
1369 948 1745 1017 ἀφεστηκότες
1793 943 2126 1015 ἀντιλαμϐά-

543 1033 700 1087 νεσθε
744 1033 844 1103 τῆς
892 1030 1121 1093 εὐωδίας
1162 1033 1228 1083 ἐκ
1271 1028 1529 1082 τοσούτου
1588 1029 1990 1100 διαστήματος,
2033 1026 2129 1080 καὶ

542 1116 629 1169 διὰ
672 1114 832 1167 τοῦτο
863 1110 1279 1181 συνεληλύθατε,
1305 1112 1400 1165 καὶ
1427 1112 1488 1165 οὐ
1531 1110 1827 1165 διεκώλυσε
1864 1109 1967 1181 τῆς
2004 1108 2126 1162 ὁδοῦ

547 1197 693 1271 [606]
736 1198 797 1251 τὺ
830 1196 1025 1267 μῆκος,
1056 1197 1159 1249 οὐκ
1206 1194 1396 1249 ἐσϐεσε
1436 1193 1532 1249 τοῦ
1574 1194 1766 1266 χρόνου
1809 1192 1871 1247 τὺ
1899 1190 2124 1263 πλῆθος.

544 1280 774 1350 Τοιαύτη
830 1279 941 1350 7&9
985 1277 1096 1332 τῶν
1153 1276 1544 1348 πνευματικῶν
1600 1276 2043 1346 κατορθωμάτων
2089 1277 2123 1345 ή

546 1362 735 1433 φύσις’
775 1361 950 1416 οὐδενὶ
1006 1361 1305 1432 σωματικῷ
1350 1361 1705 1415 διακόπτεται
1753 1359 2037 1430 κωλύματι
2067 1371 2118 1423 ι,

544 1445 656 1499 ἀλλ’
699 1444 852 1498 ἀνθεῖ
882 1443 977 1498 καὶ
1021 1442 1243 1510 αὒξεται
1290 1442 1410 1498 καθ’
1441 1442 1678 1513 ἑκάστην
1727 1441 1975 1512 ἡμέραν,
2033 1441 2128 1495 καὶ

543 1528 667 1581 οῦτε
715 1528 910 1598 χρόνου
962 1528 1218 1600 μαραίνει
1270 1527 1334 1580 τὸ
1373 1525 1576 1597 πλῆθος
1627 1525 1819 1594 αὐτὴν,
1867 1524 1968 1595 οὐχ
2004 1522 2125 1578 ὀδοῦ

543 1612 856 1680 διατειχίςει
893 1611 1090 1681 μῆκος.

615 1714 707 1786 Μὴ
738 1713 1060 1784 θαυμάσητε
1084 1713 1142 1767 δέ
1175 1713 1224 1766 εί
1263 1712 1358 1768 τοῦ
1390 1712 1550 1783 λόγου
1577 1713 1670 1766 καὶ
1702 1710 1809 1767 τῶν
1837 1710 2128 1781 ἐγκωμίων

546 1797 847 1869 ἀρχόμενος
878 1797 1131 1868 μάρτυρα
1167 1797 1259 1850 τὸν
1293 1797 1448 1865 ἀγιον
1483 1796 1752 1850 ἐκάλεσαο
1785 1795 1878 1849 καὶ
1907 1792 2016 1866 7&9
2043 1794 2119 1847 οί-

546 1880 678 1949 κείῳ
696 1879 841 1933 τέλει
860 1880 961 1950 τὴν
985 1876 1129 1949 ζωὴν
1154 1879 1421 1933 κατέλυσε
1441 1897 1456 1910 ·
1483 1879 1599 1943 πῶς
1618 1875 1713 1933 οὖν
1741 1879 1857 1932 ἐστι
1884 1878 2125 1949 μάρτυςς

476 2002 487 2009 ι
549 1958 717 2015 Εἶπον
749 1962 1009 2025 πολλάκις
1032 1962 1168 2033 πρὸς
1194 1961 1293 2033 τὴν
1317 1963 1591 2033 ὑμετέραν
1620 1962 1861 2031 ἀγάπην,
1885 1962 1965 2014 ὅτι
1996 1960 2130 2032 μάρ-

546 2062 686 2117 τυρα
728 2046 849 2115 οὐχ).
883 2047 913 2099 6
946 2044 1175 2108 θάνατος
1208 2048 1354 2099 ποιεῖ
1384 2045 1578 2115 μόνον,
1610 2044 1746 2098 ἀλλά
1789 2045 1941 2114 καὶὴ
1992 2044 2129 2115 πρό-

549 2129 718 2192 θεσις.
751 2130 825 2183 Ού
873 2128 980 2199 γὰρ
1026 2127 1133 2181 ἀπὸ
1177 2128 1276 2199 τῆς
1310 2123 1588 2190 ἐκϐάσεως
1634 2127 1828 2198 μόνον,
1859 2125 1996 2180 ἀλλά
2037 2126 2129 2179 καὶ

549 2211 657 2265 ἀπὺ
692 2211 792 2281 τῆς
820 2210 1045 2281 γνώμης
1074 2208 1339 2264 πλέκεται
1366 2208 1630 2273 πολλάκις
1657 2211 1687 2262 6
1711 2209 1805 2262 τοῦ
1831 2208 2129 2280 μαρτυρίου

549 2293 833 2362 στέφανος.
860 2292 970 2346 Kal
998 2291 1189 2346 τοῦτον
1227 2293 1329 2346 οὐκ
1360 2290 1490 2362 ἐγὼ,
1519 2291 1658 2346 ἀλλά
1692 2290 1905 2354 Παῦλος
1942 2290 2128 2346 δίδωσι

547 2374 640 2428 τοῦ
668 2376 965 2446 μαρτυρίου
995 2375 1085 2428 τὸν
1122 2375 1249 2446 ὅρον
1278 2375 1480 2429 οὑτωσὶ
1511 2374 1707 2443 λέγων,
1738 2375 1877 2429 Καθ’
1901 2372 2131 2443 ἡμέραν

543 2459 933 2527 ἀποθνήσκω.
986 2458 1112 2522 Πῶς
1150 2458 1514 2530 ἀποθνήσκεις
1553 2459 1676 2513 καθ’
1715 2459 1958 2530 ἡμέραν;
2011 2459 2130 2524 πῶς

526 2542 772 2595 ιδυνατὸν
810 2542 893 2595 ἐνὶ
938 2540 1154 2610 σώματι
1183 2540 1364 2613 θνητῷ
1408 2541 1634 2611 μυρίους
1658 2541 1915 2609 δέξασθαι
1961 2541 2129 2596 θανάσ-

545 2641 671 2687 τους
691 2642 706 2691 ;
732 2625 811 2695 Τῇ
833 2624 1111 2693 προθέσει,
1132 2624 1288 2696 φησὶ,
1311 2624 1406 2679 καὶ
1426 2624 1504 2695 τῷ
1530 2625 1973 2697 παρεσκευάσθαι
1995 2625 2130 2696 πρὸς

545 2709 823 2777 τελευτήν.
858 2706 1014 2761 Οῦτω
1052 2708 1148 2761 καὶ
1189 2710 1218 2761 6
1245 2707 1378 2772 Θεὸς
1407 2710 1801 2778 ἀποφαίνεται·
1829 2710 1924 2763 καὶ
1957 2708 2068 2779 7&9
2101 2711 2131 2764 6

561 2790 812 2861 ’Δϐραάμ
835 2789 934 2859 οὑχ
967 2787 1145 2859 ᾕμαξε
1176 2790 1275 2859 τὴν
1307 2791 1607 2862 μάχαιραν,
1637 2791 1738 2844 οὐκ
1773 2791 2007 2861 ἐφοίνιξε
2035 2792 2131 2846 τὸν

550 2873 753 2945 βωμὸν,
801 2873 901 2927 οὐκ
941 2873 1102 2926 ἔθυσε
1136 2872 1228 2926 τὸν
1276 2872 1479 2939 Ἰσαὰκ,
1515 2874 1632 2927 ἀλλ’
1664 2875 1814 2946 ὅμως
1848 2870 2129 2948 ίάπήρτισε

550 2956 647 3026 τὴν
678 2955 887 3009 θυσίαν.
916 2954 1012 3018 Τίς
1051 2954 1227 3009 ταῦτά
1279 2972 1479 3026 φησιν;
1527 2956 1701 3020 Αὐτὸς
1742 2959 1772 3011 6
1811 2957 1908 3028 τὴν
1942 2957 2130 3012 θυσίαν

548 3037 875 3109 δεξάμενοςτ
911 3039 1034 3092 Οὐκ
1076 3037 1299 3107 ἐφείσω
1332 3038 1462 3109 γάρ,
1512 3041 1666 3110 φησὶ,
1698 3039 1805 3094 τοῦ
1845 3041 1979 3096 υἱοῦ
2011 3056 2128 3097 σου

550 3120 655 3174 τοῦ
683 3120 995 3190 ἀγαπητοῦ
1032 3119 1107 3176 δι’
1145 3121 1269 3190 ἐμέ.
1308 3121 1419 3174 Kal
1468 3120 1574 3193 μὴν
1605 3120 1782 3186 ζῶντα
1818 3122 1999 3189 ἐλαϐε,
2034 3125 2129 3179 καὶ

551 3203 678 3273 ὑγιῆ
729 3206 1046 3273 κατήγαγε’
1090 3203 1208 3267 πῶς
1249 3199 1342 3258 οὖν
1386 3204 1487 3257 οὑκ
1532 3205 1820 3274 ἐφείσατο;
1864 3206 1986 3261 Ὅτι
2030 3208 2131 3261 οὐκ

550 3286 660 3341 ἀπὸ
685 3284 778 3339 τοῦ
802 3286 1001 3350 ετέλους
1037 3286 1146 3339 τῶν
1176 3287 1537 3359 πραγμάτων,
1565 3287 1682 3342 ἀλλ’
1717 3290 1827 3343 ἀπδ
1860 3290 1959 3361 τῆς
1995 3307 2130 3362 προ-

552 3369 753 3432 θέσεως
779 3368 888 3423 τῶν
908 3368 1307 3441 προελομένων,
1331 3370 1429 3435 τὰς
1456 3370 1712 3435 τοιαύτας
1737 3373 1908 3443 κρίνω
1941 3372 2132 3438 θυσίας

551 3453 698 3521 ἐγὼ,
729 3453 914 3524 φησίν.
961 3454 1076 3507 Οὐκ
1120 3453 1354 3523 ἔσφαξεν
1395 3455 1429 3525 ή
1478 3454 1630 3527 χεὶρ,
1672 3455 1786 3509 ἀλλ’
1832 3455 2129 3528 ἔσφαξενή

552 3536 873 3608 προαίρεσις
899 3552 911 3566 ·
939 3537 1040 3590 οὐκ
1061 3536 1323 3590 ἐϐάπτισε
1340 3536 1402 3591 τὸ
1426 3536 1579 3607 ξίφος
1600 3540 1680 3602 εἰς
1702 3539 1792 3594 τὸν
1814 3539 2007 3612 λαιμὸν
2034 3539 2129 3594 τοῦ

551 3619 763 3683 παιδὸς,
792 3619 853 3673 οὐ
884 3619 1099 3690 διέτεμε
1130 3618 1226 3692 τὴν
1257 3618 1419 3692 δέρην
1442 3621 1493 3687 b,
1524 3619 1641 3673 ἀλλ’
1675 3621 1791 3675 ἐστι
1834 3623 1994 3676 θυσία
2036 3625 2131 3678 καὶ

552 3703 719 3773 χωρὶς
747 3701 1001 3772 αἵματος.
1024 3703 1232 3757 Ἰσασιν
1263 3705 1313 3756 οί
1345 3702 1688 3774 μεμυημένοι
1711 3705 1773 3757 τὸ
1801 3703 2091 3776 λεγόμενον
2109 3723 2123 3737 ·

551 3784 640 3839 διὰ
660 3783 818 3838 τοῦτο
850 3784 913 3839 δὲ’
937 3785 1162 3856 κάκείνη
1190 3788 1223 3856 ὴ
1256 3785 1416 3840 θυσία
1437 3786 1606 3856 χωρὶς
1637 3787 1868 3858 αἵματος
1890 3787 2126 3857 ἐγένετο,

552 3868 739 3939 ἐπειδὴ
776 3867 980 3939 ταύτης
1026 3867 1249 3939 ἔμελλεν
1291 3868 1513 3922 έσεσθαι
1546 3869 1733 3932 τύπος.
1778 3871 1940 3941 Ὁρᾷς
1972 3872 2030 3924 ἐν
2059 3874 2126 3944 τῇ

551 3949 765 4021 Halat;
802 3950 1347 4024 προδιαγραφομένην
1382 3952 1481 4024 τὴν
1515 3951 1734 4019 εἰκόνας
1770 3954 1863 4025 Μὴ
1891 3954 2123 4025 ἀπιστή·

552 4049 651 4104 ρης
674 4035 741 4104 τῇ
772 4033 1016 4107 ἀληθείᾳ.

624 4145 694 4208 γ’.
719 4134 887 4204 Οὗτος
905 4139 1088 4195 τοίνυν
1115 4143 1143 4195 ὁ
1166 4142 1375 4212 μάρτυς
1394 4141 1673 4214 (μάρτυρα
1685 4142 1795 4214 γάρ
1813 4142 1944 4214 ἡμῖν
1963 4142 2127 4198 αὑτὸν

546 4224 577 4277 6
602 4223 756 4291 λόγος
778 4223 1065 4295 ἀπέδειξε)
1113 4223 1250 4294 πρὸς
1277 4224 1504 4296 μυρίους
1548 4227 2004 4297 παρεῖκευάσατο
2027 4227 2126 4282 θα-

548 4306 762 4370 νάτους,
783 4307 878 4359 καὶ
911 4306 1122 4370 πάντας
1148 4307 1345 4369 αὐτοὺς
1393 4307 1655 4377 ὑπέμεινε
1688 4310 1755 4380 τῇ
1799 4307 1990 4380 γνώμῃ
2031 4309 2127 4363 καὶ

545 4391 614 4459 τῇ
643 4388 924 4460 προθυμίᾳ
940 4404 957 4420 ο
979 4389 1088 4443 τῶν
1109 4389 1165 4442 δὲ
1194 4388 1592 4459 ἐπενεχθέντων
1611 4389 1873 4444 κινδύνων
1899 4391 2126 4456 πολλοὺς

546 4473 644 4526 καί⁵
669 4472 735 4525 δι’
774 4473 943 4541 αὐτῆς
965 4471 1065 4542 τῆς
1096 4472 1292 4544 πείρας
1326 4472 1603 4543 ἠνέσχετο.
1632 4474 1743 4527 Kal
1767 4474 1874 4545 7&9
1901 4475 1996 4528 καὶ
2024 4475 2125 4547 τῆς

546 4555 804 4627 πατρίδος
848 4555 1011 4610 αὑτὸν
1053 4555 1344 4626 ἐξήλασαν,
1375 4558 1471 4610 καὶ
1503 4555 1639 4628 πρὸς
1677 4556 1777 4628 τὴν
1825 4558 2124 4631 ὑπερορίαν

547 4640 891 4712 μετέστησαν
918 4680 934 4707 ,
979 4640 1075 4694 καὶ
1118 4639 1291 4694 πολλά
1330 4640 1496 4711 ἐτερα
1534 4639 1677 4694 κατά
1720 4640 1816 4695 τοῦ
1850 4643 2125 4715 μακαρίου

546 4724 809 4795 ἐκίνησαν
850 4724 972 4777 τότε
1027 4722 1262 4787 ἐκείνου,
1303 4723 1510 4777 δίκαιον
1563 4726 1661 4794 μὲν
1708 4725 1860 4780 οὐδὲν
1910 4725 2127 4797 ἔχοντες

546 4806 819 4887 ἐγκαλεῖν,
841 4808 923 4861 ὅτι
949 4806 1008 4859 δὲ
1035 4805 1273 4869 ἀκούσας
1295 4806 1388 4859 τοῦ
1419 4806 1631 4861 Παύλου
1661 4807 1928 4877 λέγοντος,
1968 4811 2126 4864 Ἐσε-

542 4888 863 4955 ϐιίσθησαν
899 4890 998 4944 καὶ
1044 4889 1421 4958 ἐλάτρευσαν
1464 4888 1537 4959 τῇ
1592 4891 1787 4945 κτίσει
1817 4893 1980 4961 παρά
2018 4892 2127 4947 τὸν

543 4972 838 5026 κτίσαντα
859 5014 873 5033 .
903 4972 1072 5042 ἐφυγε
1094 4973 1157 5027 τὸ
1192 4971 1447 5044 ἀσέϐημα
1470 5011 1485 5036 ,
1520 4973 1617 5026 xal
1649 4975 1748 5046 τὴν
1778 4975 2126 5046 παρανομίαν

542 5055 750 5109 εδεισεν
771 5070 784 5084 ο
824 5054 961 5109 ἀλλά
1008 5055 1165 5110 τοῦτο
1195 5056 1297 5128 μὲν
1336 5057 1638 5127 στεφάνων,
1680 5058 1743 5110 οὑ
1790 5059 2125 5131 κατηγορίας

542 5138 714 5203 ἄξιον.
745 5138 816 5191 Σὺ
842 5138 900 5192 δέ
934 5154 1025 5208 μοι
1062 5141 1254 5194 σκόπει
1290 5140 1386 5195 τοῦ
1423 5140 1669 5195 διαϐόλου
1698 5141 1795 5212 τὴν
1836 5142 2120 5214 πονηρίαν.

558 5220 777 5295 Ἐπειδὴ
825 5221 936 5295 7&9
985 5224 1312 5294 προσφάτους
1360 5220 1430 5297 ἦν
1457 5228 1488 5280 6
1534 5225 1844 5298 Ἐλληνικὸς
1889 5227 2126 5297 πόλεμος

545 5306 898 5371 καταλυθεὶς,
942 5307 1038 5360 καὶ
1067 5307 1191 5378 ἄρτι
1224 5307 1339 5362 τῶν
1373 5308 1627 5379 χαλεπῶν
1666 5309 1761 5363 καὶ
1807 5298 2124 5380 ἐπαλλῆλων

543 5387 799 5459 διωγμῶν
826 5389 1330 5445 ἀνεπεπνεύκεισαν
1358 5392 1416 5444 αί
1455 5392 1770 5464 Ἐκκλησίαι
1810 5394 2001 5459 πᾶσαι,
2028 5396 2123 5449 καὶ

544 5472 647 5525 οὐκ
664 5468 732 5543 ἦν
758 5473 924 5537 πολὺς
945 5476 977 5529 6
1001 5474 1213 5544 χρόνος,
1241 5472 1302 5539 ἐξ
1325 5467 1386 5528 οὗ
1413 5473 1533 5527 λαοὶ
1559 5475 1659 5544 μὲν
1686 5475 2122 5549 ἀπεκλείσθησαν

544 5557 810 5620 ἅπαντες,
854 5558 1028 5629 βωμοὶ
1059 5558 1117 5612 δέ
1156 5559 1523 5629 ἐσϐέσθησαν,
1566 5560 1716 5613 πᾶσα
1756 5561 1815 5615 δὲ
1855 5562 1965 5619 τῶν
2000 5565 2118 5620 δαι-

608 5676 627 5742 έ
650 5680 902 5742 Κωλὺματι
923 5683 1069 5733 deest
1088 5686 1138 5733 in
1164 5698 1278 5734 mss.

452 5768 472 5777 υ
552 5788 557 5791 ,
597 5738 626 5779 ὃ
642 5741 728 5792 διε
757 5738 874 5792 mss.
898 5745 1049 5796 Morel
1096 5759 1215 5797 vero
1236 5747 1364 5801 male
1384 5747 1551 5810 δέρῥιν.

1252 329 1311 385 S.
1352 326 1638 385 JOANNIS
1673 324 2156 382 CHRYSOSTOMI
2192 323 2513 382 ARCHIEP.
2550 320 3094 381 CONSTANTINOP.

3701 322 3810 376 σοι

2234 439 2409 509 μόνων
2442 442 2478 512 η
2527 440 2695 512 μανία
2729 437 3081 518 καταλέλυτο,
3128 433 3222 490 καὶ
3268 435 3443 489 ταῦτα
3474 434 3667 489 ἐλύπει
3711 436 3806 490 τὸν

2227 529 2465 601 πονηρὸν
2494 529 2746 600 δαίμονα,
2768 529 2864 583 καὶ
2894 529 2996 581 οὐκ
3016 525 3248 597 ἠδύνατο
3274 525 3464 597 πράως
3493 525 3685 596 φέρειν
3708 526 3807 600 τὴν

2226 618 2327 689 τῆς
2354 618 2679 689 Ἑκκλησίας
2708 618 2952 690 είρήνην,
2974 616 3029 668 τί
3059 610 3152 669 οὖν
3180 615 3352 681 ποιεῖ;
3370 613 3597 686 Ἕτερον
3625 617 3806 668 ἐπεισ-

2231 711 2354 797 άγει
2381 708 2531 797 [ϐθη
2580 710 2818 781 πόλεμον
2857 707 3111 780 χαλεπόν.
3248 705 3346 774 μὲν
3375 704 3486 777 7&9
3518 705 3803 791 ἐξωτικδς,

2223 782 2397 866 οὗτος
2426 782 2483 855 δέ
2530 801 2791 872 ἐμφύλιος
2820 794 2918 871 ἦν·
2953 799 3003 852 οί
3057 797 3115 851 δέ
3157 782 3389 850 τᾶιοῦτοι
3436 782 3804 865 δυσφύλακτοι

2229 893 2426 965 μᾶλλόν
2456 894 2582 959 είσι,
2600 892 2693 945 καὶ
2720 891 2918 963 ῥᾳδίως
2933 886 3239 963 χειροῦνται
3264 887 3389 951 τοὺς
3406 886 3801 957 ἐμπίπτοντας.

2298 985 2453 1040 Κατά
2485 983 2577 1038 τὸν
2601 984 2791 1056 καιρὸν
2833 982 3014 1036 τοίνυν
3052 982 3258 1034 ἐκεῖνον
3289 979 3317 1032 6
3354 978 3622 1050 μακάριος
3648 969 3803 1042 οὗτος

2225 1078 2552 1151 ἐστρατήγει
2580 1076 2683 1147 τῆς
2720 1075 2850 1149 παρ’
2884 1076 3018 1146 ἡμῖν
3061 1072 3409 1144 Ἐκκλησίας,
3453 1072 3549 1126 καὶ
3587 1072 3803 1140 αἴρεται

2229 1169 2327 1241 μὲν
2377 1169 2412 1237 ἠ
2458 1166 2640 1232 νόσος,
2676 1164 2867 1237 ῶσπερ
2898 1181 2982 1227 τις
3034 1161 3221 1234 λοιμὸς
3274 1160 3508 1233 χαλεπὸς
3541 1159 3652 1214 ἀπὸ
3694 1159 3802 1214 τῶν

2229 1258 2512 1328 Αἰγύπτου
2532 1257 2770 1329 χωρίων,
2803 1251 2924 1309 εἶτα
2954 1253 3043 1309 διὰ
3073 1252 3183 1307 τῶν
3227 1251 3430 1325 μεταξὺ
3463 1251 3675 1305 πόλεων
3704 1249 3804 1321 βα-

2223 1349 2385 1415 δίζων
2413 1351 2494 1413 είς
2516 1348 2615 1420 τὴν
2649 1348 2805 1403 πόλιν
2824 1347 3083 1403 ἐσπευδεν
3104 1345 3359 1418 ἐμϐαλεῖν
3386 1344 3486 1415 τὴν
3505 1342 3798 1415 ἡμετέραν.

2237 1440 2376 1493 Ἀλλ’
2429 1441 2641 1504 ἐκεῖνος
2672 1436 2991 1510 ἐγρηγορὼς
3021 1436 3117 1491 καὶ
3145 1436 3352 1507 νήφων,
3397 1434 3493 1487 καὶ
3524 1433 3705 1486 πάντα
3733 1432 3802 1485 τά

2228 1531 2493 1603 μέλλοντα
2519 1531 2770 1604 προορῶν
2805 1529 3110 1602 πόρρωθεν,
3132 1527 3425 1600 προσιόντα
3446 1525 3540 1581 τὸν
3569 1525 3802 1597 πόλεμον

2223 1625 2589 1699 ἀπεκρούετο·
2622 1625 2717 1678 καὶ
2750 1622 3003 1693 καθάπερ
3044 1622 3209 1689 σοφός
3244 1636 3329 1684 τις
3359 1618 3566 1691 ἰατρὸς,
3601 1618 3737 1687 πρὶν
3765 1616 3798 1686 ἢ

2224 1719 2323 1790 τὴν
2348 1718 2502 1773 νόσον
2535 1714 2790 1787 ἐμϐαλεῖν
2824 1715 2905 1779 είς
2940 1713 3041 1785 τὴν
3077 1714 3252 1778 πόλιν,
3292 1710 3527 1765 ἐνταῦθα
3557 1708 3799 1779 καθήμε-

2227 1830 2337 1877 νος,
2371 1809 2442 1864 τά
2465 1809 2736 1881 φάρμακα
2759 1806 3148 1872 κατεσκεύαζε,
3175 1805 3271 1859 καὶ
3297 1803 3397 1876 τὴν
3426 1802 3581 1875 ίεράν
3601 1800 3803 1870 ταύτην

2226 1902 2358 1958 ναῦν
2391 1900 2529 1973 μετά
2573 1898 2768 1971 πολλῆς
2798 1898 3066 1972 ἐκυϐέρνα
3100 1897 3201 1968 τῆς
3237 1894 3564 1966 ἀσφαλείας,
3598 1909 3803 1947 παντα-

2223 1994 2319 2067 χοῦ
2359 1993 2729 2065 περιτρέχων,
2770 1990 3004 2058 ναύτας,
3050 1991 3347 2054 ἐπιϐάτας,
3376 1988 3500 2051 τοὺς
3541 1986 3801 2047 πλέοντας

2225 2087 2471 2149 ἅπαντας
2493 2082 2828 2156 συγκροτῶν,
2845 2083 3055 2153 νήφειν,
3080 2077 3438 2150 ἐγρηγορέναι
3458 2071 3805 2147 παρασκευά-

2224 2176 2355 2243 ζων,
2382 2177 2458 2243 ὡς
2489 2173 2762 2247 πειρατῶν
2791 2171 3182 2242 ἐπιτιθεμένων
3204 2170 3301 2224 καὶ
3327 2169 3425 2239 τῆς
3452 2165 3691 2230 πίστεως
3714 2166 3801 2219 τὸν

2225 2268 2497 2343 θησαυρὸν
2517 2266 2861 2337 ἀποσυλῆσαι
2882 2262 3323 2337 ἐπιχειρούντων.
3350 2262 3464 2316 Οὐκ
3489 2259 3726 2314 ἐνταῦθα
3748 2257 3803 2311 δέ

2228 2362 2388 2435 μόνον
2419 2360 2686 2433 ἐκέχρητο
2718 2361 2784 2430 τῇ
2824 2358 3052 2430 προνοίᾳ
3079 2356 3277 2427 ταύτῃ,
3306 2352 3445 2408 ἀλλά
3473 2354 3572 2407 καὶ
3603 2368 3803 2406 πάντα-

2224 2452 2322 2525 χοῦ
2361 2452 2696 2523 διεπέμπετο
2741 2450 2869 2513 τοὺς
2898 2445 3207 2514 διδάξοντας
3227 2485 3242 2512 ,
3285 2443 3799 2518 παρακαλέσοντας,

2223 2541 2654 2612 διαλεξομένους,
2681 2535 3230 2611 προαποτειχίσοντας
3251 2537 3363 2598 τοῖς
3387 2533 3671 2604 πολεμίοις
3707 2531 3802 2602 τὴν

2225 2630 2436 2699 ἔφοδον.
2465 2629 2575 2683 Καὶ
2599 2627 2710 2698 7&9
2735 2621 2804 2698 ἦν
2852 2622 3282 2694 πεπαιδευμένος
3312 2620 3492 2686 καλῶς
3517 2618 3672 2692 παρά
3707 2621 3801 2690 τῆς

2226 2720 2319 2778 τοῦ
2362 2719 2680 2791 Πνεύματος
2735 2717 2957 2789 χάριτος
2980 2758 2996 2784 ,
3036 2715 3118 2769 ὅτι
3172 2713 3264 2769 τὸν
3315 2711 3644 2784 Ἐκκλησίας
3673 2726 3800 2781 προ-

2225 2813 2438 2867 εστῶτα
2464 2812 2566 2866 οὑκ
2585 2811 2800 2881 ἐκείνης
2831 2809 2998 2881 μόνης
3019 2805 3275 2878 κήδεσθαι
3297 2804 3377 2859 δεῖ
3403 2804 3501 2876 τῆς
3533 2799 3687 2874 παρά
3710 2799 3799 2854 τοῦ

2224 2906 2546 2978 Πνεύματος
2577 2902 3016 2975 ἐγχειρισθείσης
3070 2897 3254 2970 αὐτῷ,
3298 2895 3434 2952 ἀλλά
3484 2895 3585 2951 καὶ
3626 2894 3800 2962 πάσης

2224 2998 2326 3068 τῆς
2362 2995 2505 3051 κατά
2539 2994 2638 3067 τὴν
2668 2993 2997 3065 οἰκουμένην
3041 2990 3298 3061 κειμένης
3318 3003 3331 3018 °
3364 2987 3458 3043 καὶ
3493 2986 3670 3041 ταῦτα
3700 2984 3800 3038 ἀπὺ

2225 3087 2335 3142 τῶν
2368 3085 2528 3158 ἱερῶν
2553 3084 2856 3157 ἐμάνθανεν
2884 3081 3157 3154 εύχῶν.Εί
3182 3081 3292 3152 7&9
3309 3079 3408 3144 τὰς
3440 3077 3608 3149 εὐχὰς
3638 3077 3800 3131 ποιεῖ-

2228 3176 2353 3238 σθαι
2379 3183 2480 3249 δεῖ,
2510 3181 2696 3254 φησὶν,
2729 3179 2871 3252 ὑπὲρ
2897 3178 2996 3248 τῆς
3023 3176 3316 3247 ηθολικῆς
3351 3172 3681 3244 Ἐκκλησίας
3706 3169 3800 3239 τῆς

2225 3276 2335 3333 ἀπὸ
2378 3275 2629 3347 περάτων
2648 3272 2773 3337 ’ἐως
2819 3271 3072 3341 περάτων
3100 3268 3200 3341 τῆς
3234 3264 3561 3338 οίκουμένης
3582 3304 3598 3329 ,
3629 3260 3800 3331 πολλῷ

2230 3368 2430 3441 μᾶλλον
2463 3366 2559 3422 καὶ
2597 3364 2698 3437 τὴν
2741 3363 3000 3435 πρόνοιαν
3034 3359 3175 3430 ὑπὲρ
3216 3357 3435 3430 ἀπάσης
3476 3356 3652 3426 αὐτῆς
3680 3356 3800 3409 ἐπι-ν
3868 3400 3873 3403 .

2225 3459 2538 3514 δείκνυσθαι
2579 3458 2681 3524 δεῖ,
2732 3456 2825 3511 καὶ
2871 3453 3076 3526 ὁμοίως
3128 3450 3356 3508 ἀπασῶν
3396 3448 3678 3520 κήδεσθαι,
3711 3445 3800 3500 καὶ

2229 3554 2502 3627 μεριμνᾷν
2524 3550 2724 3614 πάσας.
2747 3547 2855 3602 Kal
2877 3548 3014 3618 ὅπερ
3037 3545 3130 3599 ἐπὶ
3160 3540 3257 3599 τοῦ
3288 3542 3560 3611 Στεφάνου
3594 3540 3797 3609 γέγονε,

2224 3643 2383 3699 τοῦτο
2417 3642 2516 3698 καὶ⁷
2547 3641 2635 3696 ἐπ’
2666 3641 2878 3694 ἐκείνου
2923 3635 3254 3692 συνέϐαινεν.
3291 3635 3502 3704 Ὥσπερ
3557 3632 3668 3706 7&9
3704 3629 3797 3683 οὐκ

2227 3736 2502 3808 ίσχύοντες
2539 3732 2855 3804 ἀντιστῆναι
2880 3733 2947 3802 τῇ
2980 3729 3142 3802 σοφίᾳ
3170 3730 3236 3800 τῇ
3278 3725 3373 3781 τοῦ
3412 3724 3709 3794 Στεφάνου,
3750 3721 3796 3773 οἱ

2237 3807 2477 3883 Ἰουδαῖοι
2507 3822 2874 3889 ἐλίθαζονετδν
2902 3821 3057 3892 ἀγιον
3095 3821 3333 3875 ἐκεῖνον’
3368 3816 3511 3871 οὓτω
3536 3817 3634 3871 καὶ
3662 3807 3797 3868 οῦτοι

2223 3916 2322 3971 οὐκ
2376 3913 2651 3987 ἰσχύοντες
2685 3911 2999 3984 ἀντιστῆναι
3043 3912 3111 3982 τῇ
3156 3908 3318 3979 σοφίᾳ
3344 3909 3413 3979 τῇ
3457 3904 3672 3969 τούτου,
3706 3901 3793 3955 καὶ

2221 4008 2458 4079 ὁρῶντες
2478 4003 2861 4076 ῆσφαλισμένα
2887 4002 2955 4056 τὰ
2982 3997 3334 4071 ὀχυρώματα,
3359 3995 3679 4051 ἐκϐάλλουσι
3702 3992 3791 4061 τῆς

2222 4100 2430 4163 πόλεως
2462 4097 2649 4151 λοιπὸν
2677 4094 2769 4151 τὸν
2801 4095 3038 4166 κήρυκα.
3076 4092 3215 4147 Ἀλλ’
3244 4093 3278 4164 ἡ
3314 4090 3466 4163 φωνὴ
3491 4090 3594 4144 οὑκ
3618 4087 3789 4157 ἐσίγα,

2221 4193 2337 4248 ἀλλ’
2390 4189 2706 4258 ἐξεϐάλλετο
2743 4188 2842 4261 μὲν
2894 4188 2925 4241 6
2973 4184 3291 4258 ἄνθρωπος,
3343 4185 3374 4237 6
3413 4183 3470 4236 δέ
3512 4182 3668 4251 λόγος
3698 4178 3823 4246 τῆςπ

2220 4282 2568 4347 διδασκαλίας
2596 4282 2700 4336 οὐκ
2742 4277 3082 4348 ἐξεϐάλλετο.
3130 4276 3245 4330 Kal
3288 4276 3398 4348 7&9
3437 4273 3650 4337 Παῦλος
3687 4270 3794 4325 ἒδέτ

2220 4376 2360 4440 δετο,
2396 4374 2493 4429 καὶ
2536 4375 2567 4427 ὁ
2599 4371 2756 4442 λόγος
2797 4369 2894 4425 τοῦ
2921 4369 3057 4423 Θεοῦ
3101 4369 3203 4423 οὑκ
3232 4368 3474 4421 ἐδέδετο·
3511 4367 3609 4421 καὶ
3644 4358 3790 4423 οὗτος

2221 4471 2280 4522 ἐν
2307 4466 2585 4539 ἀλλοτρίᾳ,
2616 4464 2711 4518 καὶ
2736 4464 2771 4535 ἡ
2800 4460 3120 4516 διδασκαλία
3144 4458 3309 4513 αὑτοῦ
3332 4459 3464 4530 παρ’
3487 4458 3641 4530 ἡμῖν.
3674 4454 3793 4507 Ἐκ·-

2221 4558 2508 4623 ϐάλλοντες
2531 4556 2714 4611 τοίνυν
2751 4554 3079 4626 ἐπεισῄεσαν
3118 4550 3590 4623 συμφραξάμενοι,
3623 4544 3787 4601 καθά-

2221 4671 2328 4727 περ
2355 4652 2651 4730 χείμαρρος
2686 4646 2911 4722 σφοδρός
2931 4664 2945 4677 ·
2975 4646 3088 4701 ἀλλ’
3121 4642 3245 4699 οὔτε
3285 4643 3361 4697 τέί
3379 4641 3522 4714 φυτά
3551 4638 3785 4711 παρέσυ-

2223 4763 2346 4818 ραν,
2381 4743 2506 4799 οΰτε
2540 4743 2609 4797 τά
2637 4741 2926 4815 σπέρματα
2961 4737 3297 4808 κατέχωσαν,
3333 4734 3458 4788 οὔτε
3487 4732 3584 4805 τὴν
3616 4746 3784 4803 γεωρ·

2217 4838 2345 4908 γίαν
2377 4835 2744 4907 ἐλυμήναντο·
2781 4832 2923 4887 οὑτω
2969 4829 3147 4894 καλῶς
3193 4829 3285 4882 καὶ
3341 4826 3458 4898 μετ’
3489 4825 3785 4894 ἐπιστήμης

2221 4929 2326 4983 ὑπὸ
2352 4929 2450 4997 τῆς
2477 4926 2687 4981 ἐκείνου
2711 4924 3097 4997 γεωργηθέντα
3118 4921 3309 4993 σοφίας
3334 4920 3617 4995 ἐρρίζωτο.
3635 4912 3784 4972 Ἀλλὰ

2219 5018 2329 5090 7&9
2363 5016 2512 5082 ἀξιον
2543 5017 2740 5081 εἰπεῖν,
2761 5013 2905 5076 τίνος
2940 5011 3126 5065 ἐνεκεν
3154 5007 3529 5079 συνεχώρησεν
3572 5000 3784 5090 αὑτὸνμὸ

2220 5086 2354 5172 Θεδς
2379 5103 2720 5174 ἀπελαθῆναι
2756 5099 3029 5155 ἐντεῦθεν.
3064 5097 3402 5170 Προσφάτως
3429 5090 3496 5166 ἦν
3525 5086 3783 5148 ἀναπνεύ-

2221 5215 2363 5253 σασα
2384 5199 2419 5269 ἡ
2448 5195 2746 5269 Ἐκκλησία
2764 5213 2778 5227 ·
2810 5190 2924 5265 εἶχε
2953 5189 3306 5264 παραμυθίαν
3328 5189 3390 5242 οὐ
3409 5187 3507 5259 τὴν
3528 5182 3782 5258 τυχοῦσαν

2219 5291 2316 5361 τὴν
2349 5287 2671 5343 ἐπιστασίαν
2707 5286 2806 5358 τήν
2828 5285 3039 5340 ἐκείνου
3059 5301 3074 5314 ·
3101 5281 3436 5353 πανταχόθεν
3463 5279 3630 5351 αὐτὴν
3655 5272 3782 5328 ἐτεί-

2218 5380 2390 5451 χιζεν,
2416 5376 2636 5432 καὶτῶν
2667 5375 2942 5446 πολεμίων
2974 5374 3073 5437 τὰς
3098 5370 3402 5444 προσϐολὰς
3430 5364 3777 5440 ἀπεκρούετο.

2287 5466 2446 5528 Τίνος
2489 5461 2583 5519 οὖν
2628 5464 2816 5518 ἕνεκεν
2860 5460 3196 5527 ἐξεϐάλλετω
3226 5459 3319 5513 καὶ
3358 5454 3651 5526 συνεχώρει
3675 5451 3780 5510 τοῖς

2218 5560 2525 5629 ἀπάγουσιν
2564 5557 2727 5611 αὑτὸν
2752 5558 2780 5610 6
2807 5552 2979 5619 Θεός;
3008 5552 3153 5615 τίνος
3187 5551 3412 5615 ἐνεκεν;
3446 5548 3557 5602 Καὶ
3592 5544 3663 5617 μή
3702 5553 3776 5591 τοι

2217 5653 2476 5724 νομίσητε
2495 5651 2701 5724 ταύτης
2730 5649 2831 5720 τῆς
2852 5646 3084 5719 ἀπορίας
3112 5643 3264 5696 λύσιν
3297 5638 3435 5696 εἶναι
3469 5639 3530 5693 τὸ
3561 5634 3774 5704 λεγόμε-

2220 5759 2310 5803 νον
2336 5723 2537 5815 μόέιηςο
2570 5743 2708 5798 ἀλλὰ
2740 5742 2842 5797 κᾶν
2869 5738 3003 5820 πρὸς
3034 5734 3320 5806 Ἕλληνας,
3347 5729 3451 5786 κᾶν
3480 5727 3612 5800 πρὸς
3634 5723 3774 5795 αίρε-
3873 5746 3879 5753 υ
