4104 6442
338 331 462 387 601

338 460 531 498 eortnn
569 444 702 500 odor
743 443 795 500 in
837 448 1012 512 vicos,
1041 447 1350 518 angiportus
1369 492 1382 513 ,
1413 459 1466 504 et
1494 447 1630 517 fora,
1655 450 1733 506 eis
1762 452 1924 506 etiam

337 535 433 604 qui
463 534 592 590 foris
618 536 911 604 ambulant,
940 538 1082 593 intus
1110 540 1394 608 repOsitam
1431 549 1730 595 aromatum
1762 541 1930 596 virtu-

342 636 453 682 tem
478 627 698 683 indicat.
724 628 875 695 Quod
905 629 950 684 si
977 629 1116 695 fons,
1143 639 1197 685 et
1220 631 1389 698 radix,
1419 641 1474 687 et
1501 631 1752 687 arborum
1772 641 1933 702 atque

340 727 740 790 unguentorum
781 728 965 776 natura
1005 730 1201 776 tantam
1229 723 1334 777 vim
1365 723 1592 790 habent,
1621 723 1791 779 multo
1819 738 1936 778 ma~

338 813 423 881 gis
454 820 758 867 sanctorum
787 827 1031 881 corpora.
1066 813 1350 869 Enimvero
1378 815 1506 869 falsa
1535 830 1638 870 non
1670 830 1789 871 esse
1811 831 1932 886 quae

339 909 596 976 dicimus,
625 925 721 964 vos
752 909 881 964 mihi
907 919 1071 966 testes
1091 911 1241 966 estis.
1267 910 1397 965 Nam
1430 911 1681 981 martyris
1716 909 1931 981 quidem

339 1003 506 1056 situm
536 1011 615 1055 est
644 1016 838 1071 corpus
867 1001 920 1056 in
950 1001 1174 1058 Thracia
1195 1044 1210 1069 ,
1243 1017 1339 1056 vos
1362 1011 1538 1056 autem
1569 1002 1659 1072 qui
1687 1001 1738 1055 in
1766 1000 1932 1054 Thra-

338 1095 423 1149 cia
454 1107 558 1148 non
585 1094 870 1149 versamini
895 1137 911 1162 ,
939 1094 1032 1150 sed
1060 1096 1126 1150 ab
1147 1095 1232 1149 illa
1268 1096 1485 1165 regione
1505 1095 1730 1149 multum
1757 1093 1930 1149 dissiti

342 1185 508 1251 estis,
535 1199 751 1241 suavem
777 1186 996 1242 odorem
1025 1189 1184 1242 tantis
1222 1187 1408 1258 spatiis
1439 1187 1726 1257 interjectis
1754 1187 1928 1258 perci-

343 1278 470 1348 pitis
492 1321 508 1344 ,
544 1279 768 1350 ideoque
791 1281 1147 1348 convenistis,
1177 1296 1277 1336 nec
1299 1297 1420 1336 eum
1448 1281 1546 1336 viae
1574 1279 1931 1350 longinquitas

339 1369 654 1438 impedivit,
683 1386 783 1426 nec
820 1370 1140 1426 diuturnitas
1181 1372 1434 1441 temporis
1477 1370 1750 1426 exstinxit.
1783 1369 1930 1424 Talis

340 1462 489 1516 enim
520 1463 876 1531 spiritualium
913 1473 1060 1520 recte
1089 1464 1350 1520 factorum
1399 1473 1482 1520 est
1526 1473 1753 1520 natura:
1782 1463 1928 1518 nullo

337 1565 602 1619 corporeo
644 1552 1048 1623 interrumpitur
1073 1554 1376 1620 obstaculo,
1411 1554 1505 1608 sed
1549 1553 1708 1608 ﬂoret
1729 1563 1782 1609 et
1811 1569 1925 1608 crc-

337 1643 444 1697 scit
469 1641 521 1697 in
544 1643 656 1698 dies
679 1686 694 1710 ,
723 1660 946 1714 eamque
975 1661 1075 1700 nec
1102 1646 1458 1716 longinquitas
1489 1646 1742 1716 temporis
1781 1643 1929 1700 labe-

339 1733 508 1789 factat
529 1778 542 1803 ,
570 1750 667 1790 nec
697 1736 1033 1790 intervallum
1057 1737 1264 1793 itineris
1292 1737 1616 1792 intercludit.

413 1824 691 1896 Martyrem
717 1845 816 1881 non
845 1829 955 1883 sola
982 1845 1117 1882 mors
1143 1829 1283 1900 facit.
1303 1828 1562 1898 —-Neque
1581 1843 1707 1883 vero
1723 1826 1914 1881 mirum

334 1917 493 1972 vobis
519 1919 786 1985 videatur,
828 1919 968 1990 quad
1000 1921 1114 1988 ipso
1146 1922 1196 1975 in
1227 1921 1409 1976 limine
1435 1920 1691 1976 orationis
1717 1935 1778 1974 ac
1804 1919 1924 1974 lau-

335 2009 570 2063 dationis
596 2019 837 2064 sanctum
865 2022 1152 2082 martyrem
1180 2011 1514 2082 appellarim,
1547 2011 1806 2082 siquidem
1828 2026 1923 2066 sua

334 2110 510 2156 morte
555 2102 796 2157 sublatus
834 2119 865 2159 e
905 2105 1038 2159 vivis
1063 2114 1144 2159 est
1167 2122 1180 2158 :
1203 2106 1292 2176 qui
1323 2114 1496 2176 potest
1533 2104 1692 2175 igitur
1720 2113 1924 2176 martyr

334 2195 498 2249 esse?
527 2194 904 2265 Szepenumero
932 2197 1042 2252 dixi
1067 2197 1218 2252 vobis
1240 2238 1256 2264 ,
1297 2205 1580 2268 martyrem
1609 2197 1786 2253 facere
1815 2212 1922 2252 non

335 2293 565 2340 mortem
603 2295 806 2340 tantum
830 2329 844 2352 ,
875 2287 969 2342 sed
995 2288 1157 2342 animi
1186 2303 1395 2358 quoque
1423 2288 1751 2358 propositum
1777 2306 1790 2344 :
1814 2304 1920 2344 non

332 2377 478 2430 enim
501 2386 695 2431 eventu
713 2378 850 2442 solo,
873 2377 968 2433 sed
987 2379 1147 2434 etiam
1172 2379 1442 2434 voluntate
1462 2380 1700 2451 martyrii
1722 2394 1919 2435 corona

327 2479 694 2536 comparatur.
726 2469 792 2523 Et
820 2470 956 2524 hanc
978 2484 1083 2524 non
1115 2485 1235 2541 ego,
1261 2469 1355 2524 sed
1376 2470 1570 2526 Paulus
1595 2470 1747 2525 affert
1774 2487 1920 2526 mar-

331 2561 455 2630 tyrii
504 2560 901 2628 deﬁnitionem,
949 2577 1068 2617 cum
1126 2563 1197 2616 ita
1244 2562 1405 2630 dicit,
1452 2563 1688 2630 Quotidie
1732 2564 1921 2618 morior

330 2652 398 2724 (I.
422 2651 649 2708 Cor.15.
682 2650 796 2724 51.)
827 2653 1106 2720 Quomodo
1132 2653 1364 2723 quotidie
1399 2653 1658 2709 moreris?
1685 2654 1775 2724 qui
1806 2655 1919 2709 ﬁeri

331 2751 548 2813 potest,
601 2753 656 2797 ut
697 2758 802 2799 uno
830 2759 1054 2813 corpore
1096 2753 1377 2800 sexcentas
1418 2755 1619 2800 mortes
1651 2746 1918 2816 excipias?

332 2835 612 2904 Proposito
642 2836 891 2890 nimirum
919 2837 1118 2904 animi,
1150 2838 1318 2907 inquit
1343 2879 1359 2905 ,
1400 2838 1647 2909 quodque
1673 2838 1738 2894 ad
1768 2855 1916 2894 mor-

331 2936 438 2981 tem
467 2927 566 2982 sim
598 2936 831 2997 paratus.
865 2928 939 2982 Ita
981 2929 1122 2984 Deus
1161 2929 1320 2984 etiam
1365 2929 1692 2986 declaravit:
1718 2932 1915 2986 etenim

329 3017 597 3071 Abraham
628 3033 734 3072 non
777 3017 1010 3088 gladium
1053 3020 1386 3087 cruentavit,
1420 3036 1526 3076 non
1557 3021 1725 3077 altare
1751 3021 1914 3078 rube-

328 3106 472 3173 fecit,
495 3123 601 3162 non
628 3107 775 3162 Isaae
795 3108 1089 3178 jugulavit:
1114 3110 1208 3165 sed
1237 3119 1413 3166 tamen
1445 3112 1764 3166 sacrificium
1796 3128 1914 3182 per-

326 3197 468 3251 fecit.
500 3197 630 3266 Quis
658 3197 760 3252 hoc
784 3198 892 3252 ait?
920 3199 1010 3255 Ille
1037 3202 1149 3270 ipse
1175 3202 1266 3272 qui
1293 3202 1613 3256 sacriﬁcium
1642 3203 1910 3272 suscepit:

328 3287 452 3342 Non
481 3289 746 3359 pepercisti
785 3290 925 3344 enim
951 3333 966 3358 ,
1011 3291 1216 3360 inquit,
1253 3292 1361 3361 filio
1392 3301 1477 3346 tuo
1505 3292 1685 3348 dilecto
1709 3305 1913 3363 propter

322 3399 404 3436 me
428 3380 578 3453 (Gen.
608 3382 698 3436 22.
734 3381 843 3454 1'2).
873 3384 1031 3453 Atqui
1060 3385 1237 3438 vivum
1269 3399 1389 3439 eum
1419 3384 1642 3455 recepit,
1675 3394 1729 3438 et
1755 3386 1908 3439 ineo-

325 3474 527 3530 lumem
555 3475 766 3530 reduxit
794 3493 808 3530 :
838 3475 1106 3545 quomodo
1136 3477 1294 3546 igitur
1318 3492 1422 3531 non
1455 3478 1732 3547 pepercit?
1758 3476 1911 3544 Quod

322 3581 432 3619 non
457 3580 524 3620 ex
545 3564 801 3620 factorum
825 3566 991 3630 exitu,
1017 3566 1109 3621 sed
1131 3582 1194 3622 ex
1223 3568 1385 3621 animi
1406 3569 1689 3633 sententia,
1717 3569 1908 3638 inquit,

321 3659 390 3713 de
417 3658 678 3728 ejusmodi
708 3659 980 3714 sacriﬁciis
1003 3660 1206 3715 soleam
1223 3659 1485 3730 judicare.
1512 3661 1628 3716 Non
1659 3663 1912 3717 mactavit

320 3765 514 3804 manus
539 3792 554 3816 ,
607 3759 662 3805 at
700 3751 945 3806 voluntas
987 3752 1236 3806 mactavit
1269 3769 1281 3805 :
1315 3767 1422 3806 non
1477 3753 1709 3823 gladium
1757 3754 1908 3824 pueri

317 3841 504 3911 jugulo
533 3841 826 3906 immersit,
870 3856 976 3896 non
1007 3843 1266 3897 cervicem
1304 3842 1523 3909 incidit;
1565 3843 1658 3898 sed
1697 3853 1779 3898 est
1819 3858 1908 3898 sa-

319 3931 751 3987 criﬁciumetiam
765 3933 881 3986 sine
903 3932 1177 4001 sanguine.
1197 3931 1383 3988 Sciunt
1410 3933 1506 4000 illi,
1531 3934 1618 4006 qui
1641 3936 1910 4005 mysteriis

321 4022 514 4076 initiati
553 4030 708 4089 sunt,
741 4021 868 4092 quid
904 4021 1476 4094 dicamuszpmpterea
1506 4032 1560 4079 et
1589 4024 1714 4078 illud
1745 4026 1910 4080 sacri-

320 4113 500 4168 ﬁcium
544 4113 660 4168 sine
705 4114 960 4183 sanguine
989 4114 1284 4182 perfectum
1310 4123 1426 4182 est,
1469 4114 1720 4185 quoniam
1751 4116 1911 4188 hujus

321 4206 489 4275 ﬁgura
519 4219 636 4260 esse
659 4205 864 4260 debuit.
897 4206 1058 4262 Vides
1097 4207 1150 4261 in
1170 4207 1348 4262 Veteri
1387 4208 1732 4265 Testamento
1771 4210 1908 4266 ima-

317 4294 500 4366 ginem
545 4296 713 4350 multo
738 4305 862 4352 ante
903 4295 1304 4352 adumbratam?
1336 4296 1454 4354 Noli
1501 4299 1709 4356 veritati
1745 4299 1906 4356 ﬁdem

318 4387 606 4457 denegare.

393 4478 447 4531 5.
476 4470 571 4532 llic
609 4477 787 4549 itaque
825 4489 1029 4551 martyr
1059 4479 1378 4552 (martyrem
1409 4481 1550 4538 enim
1589 4482 1743 4539 nobis
1784 4498 1906 4540 eum

320 4572 456 4628 ratio
485 4572 891 4644 demonstravit)
913 4573 977 4627 ad
999 4582 1279 4629 sexcentos
1304 4584 1505 4630 mortes
1530 4584 1746 4644 paratus
1769 4587 1902 4641 erat,

322 4671 378 4716 et
403 4677 590 4716 omnes
618 4662 736 4717 illas
755 4663 1026 4719 voluntate
1045 4664 1315 4735 animique
1337 4665 1608 4720 alacritate
1631 4667 1903 4722 toleravit:

319 4759 526 4810 intenta
551 4767 678 4805 vero
718 4753 951 4821 pericula
983 4753 1246 4824 permulta
1289 4754 1465 4824 reipsa
1497 4771 1708 4826 quoque
1749 4759 1909 4814 susti-

317 4840 455 4894 nuit.
497 4839 627 4894 Nam
673 4851 726 4896 et
751 4857 781 4895 e
810 4842 976 4910 patria
1003 4857 1124 4898 eum
1153 4841 1456 4912 ejecerunt,
1487 4853 1646 4915 atque
1684 4847 1736 4902 in
1764 4848 1908 4903 exsi-

321 4932 453 4986 lium
502 4933 841 5002 relegarunt,
898 4933 1105 5004 aliaque
1153 4935 1320 4990 multa
1378 4943 1490 4990 tum
1545 4938 1798 5007 temporis
1855 4937 1907 4994 in

319 5025 534 5081 beatum
567 5026 713 5080 illum
742 5026 1026 5081 machinati
1058 5037 1211 5092 sunt;
1246 5028 1456 5084 tametsi
1494 5029 1634 5100 quod
1676 5029 1752 5085 illi
1787 5031 1908 5099 jure

319 5117 532 5170 crimini
561 5126 851 5183 verterent,
884 5118 1016 5172 nihil
1058 5118 1338 5187 haberent,
1371 5120 1465 5176 sed
1494 5120 1656 5191 quod,
1689 5123 1906 5178 Paulum

319 5207 589 5262 dicentem
615 5223 736 5264 cum
765 5208 1024 5264 audiisset
1047 5252 1063 5278 ,
1094 5209 1368 5265 Coluerunt
1396 5222 1445 5266 et
1471 5211 1745 5268 servierunt
1770 5232 1910 5268 erea-

319 5306 448 5350 turte
476 5299 640 5366 potius
669 5315 817 5368 quam
859 5311 1071 5354 creatori
1111 5300 1286 5372 (Rom.
1321 5302 1373 5356 1.
1404 5301 1494 5375 25)
1520 5343 1536 5370 ,
1581 5303 1908 5374 impietatem

319 5403 387 5442 ac
413 5390 589 5444 scelus
618 5391 845 5445 evitaret
868 5409 881 5446 :
904 5399 958 5446 at
986 5393 1127 5447 enim
1160 5392 1262 5448 hoc
1299 5394 1510 5464 quidem
1542 5411 1768 5461 corona,
1803 5412 1908 5453 non

321 5477 742 5544 reprehensione
763 5480 979 5551 dignum
1005 5492 1139 5538 erat.
1164 5484 1242 5539 Tu
1263 5500 1387 5539 vero
1409 5485 1602 5542 diaboli
1629 5488 1905 5558 malitiam,

320 5583 529 5638 qumso,
563 5570 855 5640 perpende.
883 5571 1014 5626 Nam
1043 5575 1164 5644 quia
1201 5590 1304 5629 non
1346 5575 1414 5630 ita
1449 5577 1649 5646 pridem
1679 5594 1909 5649 pagano-

320 5674 440 5713 rum
470 5659 664 5714 bellum
694 5659 870 5716 fuerat
905 5664 1221 5719 exsﬁnctum
1243 5707 1258 5732 ,
1302 5677 1356 5720 et
1397 5682 1425 5719 a
1463 5669 1709 5738 gravibus
1735 5653 1907 5724 conti-

318 5751 546 5824 nuisque
577 5755 1073 5826 persequutionibus
1101 5758 1257 5830 paulo
1287 5769 1410 5816 ante
1435 5778 1620 5819 omnes
1652 5763 1906 5823 Ecclesia:

1341 336 1408 392 ΙΝ
1447 337 1502 392 S.
1545 335 1984 394 EUSTATHIUM
2049 335 2562 394 ANTIOCHENUM.

3525 325 3629 383 6οέ

2041 453 2400 523 respiraraut,
2447 467 2621 524 neque
2663 452 2883 508 multum
2921 450 3202 509 efﬂuxerat
3245 453 3529 523 temporis,
3561 468 3626 509 ex

2039 559 2145 614 quo
2173 545 2368 615 templa
2409 545 2587 599 omnia
2614 544 2790 599 clausa
2817 586 2832 610 ,
2872 543 3057 598 altaria
3097 543 3353 600 exstincta
3384 544 3622 608 fuerant,

2038 644 2092 690 et
2117 634 2418 690 daemonum
2446 635 2621 691 rabies
2649 635 2823 690 omnis
2853 634 3049 701 deleta,
3078 634 3298 706 hincque
3327 635 3625 705 improbum

2040 725 2340 782 da‘monem
2379 725 2518 781 male
2561 725 2862 792 habebant,
2914 741 3091 795 neque
3119 728 3320 796 "pacem
3372 725 3626 780 Ecclesiae

2037 830 2192 886 aequo
2217 817 2397 872 animo
2423 816 2562 872 ferre
2587 826 2826 887 poterat:
2845 818 2970 888 quid
3001 832 3128 888 ergo
3169 817 3291 871 facit
3311 815 3335 870 τ
3359 815 3514 872 Aliud
3546 817 3626 870 iu-

2037 905 2142 962 fert
2185 906 2383 962 bellum
2427 907 2696 963 infestum.
2740 907 2874 963 Nam
2917 908 3042 963 illud
3081 907 3294 978 quidem
3343 919 3623 962 externum

2037 996 2157 1063 fuit,
2184 997 2287 1053 hoc
2313 1015 2443 1054 vero
2467 999 2812 1055 intestinum:
2835 1001 2956 1054 talia
2983 1015 3144 1070 porro
3165 1001 3334 1055 multo
3357 999 3623 1054 difﬁcilius

2036 1099 2437 1160 priecaventur,
2468 1102 2520 1148 et
2550 1091 2704 1149 facile
2724 1107 2819 1148 eos
2843 1092 3169 1164 opprimunt,
3197 1092 3250 1146 in
3282 1107 3415 1163 quos
3441 1091 3622 1146 incur-

2034 1189 2179 1236 runt.
2253 1203 2260 1212 ί
3133 1194 3151 1202 ·

2106 1273 2402 1329 Eustathius
2414 1275 2737 1330 Antiochena?
2752 1285 2855 1329 tum
2869 1273 3110 1330 Ecclesia:
3132 1275 3228 1346 fuit
3249 1275 3532 1345 episcopus.
3551 1304 3624 1315 --

2035 1362 2133 1419 lllo
2182 1366 2358 1434 itaque
2401 1375 2638 1436 tempore
2678 1367 2968 1423 Ecclesiam
2995 1411 3008 1433 ,
3043 1383 3160 1438 qua:
3199 1367 3337 1436 apud
3379 1382 3478 1421 nos
3503 1375 3618 1429 est,

2033 1455 2249 1525 regebat
2293 1456 2480 1512 beatus
2527 1458 2666 1524 iste,
2724 1473 2786 1512 ac
2834 1457 3052 1512 morbus
3093 1468 3309 1513 exortus
3350 1465 3432 1512 est
3469 1455 3619 1526 quasi

2031 1548 2196 1616 pestis
2216 1547 2460 1617 quredam
2488 1549 2677 1603 infesm
2717 1550 2783 1602 ab
2809 1549 3024 1620 IEgypti
3055 1549 3378 1618 regionibus,
3406 1549 3492 1618 qui
3523 1563 3623 1618 per

2032 1637 2193 1692 urbes
2225 1637 2529 1708 interjectas
2572 1649 2843 1710 grassatus
2883 1639 2934 1692 in
2976 1650 3212 1692 nostram
3242 1639 3424 1693 urbem
3455 1639 3622 1706 impe-

2032 1737 2143 1782 tum
2173 1727 2350 1784 faeere
2377 1731 2714 1800 properabat.
2756 1733 2826 1784 At
2869 1731 2959 1785 ille
2988 1730 3210 1800 vigilans
3251 1739 3304 1784 et
3350 1738 3619 1794 attentus,

2029 1821 2312 1891 omniaque
2344 1821 2641 1891 praevidens
2664 1837 2782 1892 qum
2811 1822 3161 1877 imminebant
3183 1866 3195 1885 ,
3223 1824 3475 1892 ingruens
3499 1824 3612 1878 bel-

2028 1912 2138 1966 lum
2171 1913 2386 1966 arcebat
2415 1930 2428 1966 :
2454 1921 2508 1966 et
2551 1920 2819 1982 tamquam
2865 1913 3079 1982 sapiens
3119 1915 3310 1983 aliquis
3341 1914 3577 1968 medicus
3602 1957 3619 1982 ,

2029 2005 2336 2085 priusquam
2370 2005 2586 2060 morbus
2615 2005 2832 2072 urbem,
2863 1990 2916 2060 in
2943 2023 3045 2077 qua
3075 2007 3358 2072 residebat,
3390 2008 3622 2072 invasis-

2027 2105 2141 2162 set,
2176 2099 2564 2154 medicamenta
2595 2099 2974 2170 comparabat,
3007 2115 3070 2154 ac
3109 2115 3314 2154 sacram
3353 2101 3491 2155 hanc
3521 2117 3619 2154 na-

2026 2207 2146 2246 vem
2175 2191 2339 2246 multa
2370 2206 2490 2246 eum
2519 2193 2807 2247 securitate
2832 2191 3179 2262 gubernabat,
3211 2208 3616 2262 quoquoversus

2026 2285 2476 2350 circumcursans,
2505 2292 2728 2349 nautas,
2758 2290 3003 2340 vectores
3027 2326 3042 2349 ,
3091 2284 3402 2354 navigantes
3428 2299 3616 2338 omnes

2025 2377 2336 2441 concitans,
2381 2383 2436 2429 et
2477 2390 2668 2431 curans
2713 2384 2770 2429 ut
2815 2375 3094 2446 vigilarent
3137 2385 3191 2430 et
3239 2375 3612 2440 attenderem,

2024 2467 2172 2536 quasi
2199 2467 2308 2536 jam
2337 2467 2651 2522 invaderent
2680 2483 2795 2522 eam
2828 2467 3032 2536 piratae.
3059 2483 3122 2522 ac
3154 2466 3278 2521 ﬁdei
3306 2465 3612 2520 thesaurum

2022 2557 2406 2612 contenderent
2436 2556 2755 2628 depraedari.
2779 2555 2962 2626 Neque
2982 2573 3111 2612 vero
3137 2557 3221 2611 hic
3243 2566 3444 2612 tantum
3477 2557 3614 2612 banc

2021 2663 2206 2702 curam
2237 2648 2512 2715 adhibuit,
2560 2647 2654 2704 sed
2697 2647 2750 2703 in
2800 2663 2988 2704 omnes
3025 2658 3207 2718 partes
3251 2648 3493 2703 mittebat
3522 2649 3612 2718 qui

2021 2740 2309 2808 docerent,
2354 2743 2442 2812 qui
2489 2742 2936 2808 cohortarentur,
2977 2741 3065 2812 qui
3111 2743 3475 2812 disputarent,
3522 2744 3612 2810 qui

2021 2833 2267 2890 hostibus
2295 2836 2494 2891 aditum
2523 2851 2738 2891 omnem
2767 2835 3206 2890 intercluderent.
3239 2835 3413 2890 Probe
3445 2835 3613 2904 siqui-

2021 2929 2144 2984 dem
2177 2945 2205 2983 a
2233 2929 2461 2999 Spiritus
2487 2930 2657 3000 gratia
2695 2929 2870 2984 fuerat
2895 2928 3117 2983 edoctus
3137 2969 3150 2991 ,
3191 2927 3446 2985 Ecclesiae
3472 2943 3612 2996 pra:-

2019 3022 2191 3076 sulem
2235 3037 2342 3076 non
2384 3019 2452 3076 de
2497 3021 2584 3076 illa
2639 3029 2842 3076 tantum
2889 3019 3174 3074 sollicitum
3212 3034 3332 3074 esse
3375 3017 3611 3086 debere,

2017 3129 2134 3184 quae
2162 3128 2190 3166 a
2221 3113 2422 3183 Spiritu
2449 3121 2633 3168 sancto
2660 3113 2732 3167 illi
2762 3111 3045 3167 commissa
3073 3118 3157 3165 est
3175 3152 3191 3178 ,
3237 3110 3328 3165 sed
3355 3110 3511 3165 etiam
3543 3108 3612 3166 de

2017 3205 2202 3275 quavis
2254 3206 2306 3260 in
2344 3205 2472 3260 orbe
2511 3214 2772 3259 terrarum
2821 3203 3108 3258 constituta
3145 3219 3157 3256 :
3189 3211 3345 3272 atque
3384 3201 3486 3258 hoc
3524 3201 3612 3256 ille

2016 3296 2184 3351 sacris
2222 3312 2253 3351 e
2291 3295 2539 3365 precibus
2585 3293 2890 3364 colligebat.
2943 3291 3001 3348 Si
3049 3293 3190 3347 enim
3233 3307 3328 3362 pro
3366 3292 3608 3347 universa
3641 3316 3656 3329 κ

2016 3388 2278 3454 Ecclesia,
2309 3387 2502 3457 inquit,
2535 3386 2815 3441 fundendm
2836 3394 2963 3440 sunt
2987 3399 3191 3453 preces,
3215 3400 3333 3454 qum
3360 3399 3387 3436 a
3419 3383 3610 3439 ﬁnibus

2016 3480 2082 3533 ad
2112 3481 2245 3534 ﬁnes
2274 3494 2441 3549 usque
2465 3479 2697 3549 pertinet
2726 3478 2873 3532 orbis
2901 3487 3164 3532 terrarum
3186 3516 3201 3541 ,
3245 3477 3416 3530 multo
3440 3475 3610 3544 magis

2013 3578 2067 3626 et
2095 3571 2209 3638 ejus
2237 3570 2498 3624 universae
2523 3584 2710 3639 gerere
2730 3583 2912 3623 curam
2943 3574 3171 3636 oportet,
3202 3575 3256 3621 et
3275 3566 3340 3621 de
3362 3566 3610 3620 omnibus

2011 3663 2214 3734 pariter
2242 3678 2361 3720 esse
2384 3663 2692 3723 sollicitum.
2712 3661 2957 3716 omnibus
2987 3659 3284 3729 providere.
3309 3658 3458 3727 Quod
3481 3671 3608 3726 ergo

2015 3755 2065 3809 in
2110 3754 2378 3825 Stephano
2423 3754 2643 3819 accidit,
2691 3753 2742 3808 id
2772 3755 2823 3808 in
2852 3768 2917 3808 eo
2948 3752 3106 3808 etiam
3138 3751 3335 3807 evenit.
3363 3748 3434 3808 Ut
3463 3751 3606 3806 enim

2011 3844 2180 3900 Judaei
2207 3861 2328 3901 eum
2357 3845 2610 3914 Stephani
2642 3844 2917 3914 sapientia:
2946 3858 3051 3898 non
3080 3850 3298 3912 possent
3324 3841 3598 3906 resistere,

2012 3945 2255 3990 sanetum
2289 3935 2436 3990 illum
2468 3935 2776 4006 lapidabant
2800 3953 2812 3988 :
2837 3935 2914 3989 sic
2955 3941 3007 3989 et
3050 3933 3134 3987 isti
3178 3949 3295 3987 cum
3317 3927 3484 4000 hujus
3514 3947 3605 3986 sa-

2013 4029 2224 4097 pientia:
2264 4026 2514 4083 resistere
2556 4042 2660 4081 non
2698 4033 2942 4096 possent,
2989 4040 3052 4079 ac
3095 4025 3294 4079 munita
3322 4031 3607 4080 cernerent

2012 4120 2401 4190 propugnacula
2429 4161 2443 4184 ,
2492 4127 2600 4173 tum
2644 4133 2676 4174 e
2714 4117 2933 4172 civitate
2975 4131 3276 4187 prmconem
3310 4117 3601 4185 expellunt.

2012 4213 2080 4266 At
2107 4211 2247 4266 enim
2273 4226 2376 4264 vox
2403 4209 2624 4264 minime
2649 4207 2878 4274 tacebat,
2906 4209 2998 4262 sed
3028 4208 3150 4262 licet
3177 4208 3339 4261 homo
3369 4207 3603 4275 expelle-

2010 4311 2181 4365 retur,
2201 4316 2305 4355 non
2326 4299 2690 4370 expellebatur
2703 4315 2882 4354 sermo
2895 4299 3166 4354 doctrinm.
3184 4300 3312 4354 Nam
3337 4309 3389 4354 et
3411 4300 3605 4354 Paulus

2013 4395 2259 4464 alligatus
2303 4403 2446 4460 erat,
2495 4392 2587 4447 sed
2635 4392 2854 4448 verbum
2902 4392 2995 4446 Dei
3039 4408 3143 4446 non
3181 4400 3296 4446 erat
3333 4391 3603 4460 alligatum

2013 4486 2088 4552 (2.
2121 4485 2257 4540 Tim.
2291 4485 2354 4539 2.
2379 4486 2433 4556 9)
2453 4504 2465 4540 :
2485 4493 2538 4540 et
2581 4485 2667 4541 hic
2697 4500 2913 4554 peregre
2943 4492 3095 4549 erat,
3117 4492 3171 4538 et
3212 4482 3454 4538 doctrina
3483 4481 3600 4552 ejus

2012 4577 2149 4647 apud
2181 4593 2279 4632 nos
2307 4586 2441 4632 erat.
2479 4575 2833 4645 Erumpentes
2861 4591 2989 4645 ergo
3019 4575 3303 4644 constipati
3333 4583 3600 4643 tamquam

2012 4671 2279 4727 violentus
2331 4670 2542 4740 quidam
2597 4679 2807 4724 torrens
2869 4653 3125 4738 impetum
3183 4669 3452 4728 fccvrunt;
3508 4665 3610 4722 sed

2012 4779 2185 4835 neque
2219 4763 2425 4832 plantas
2465 4748 2774 4828 vulserunt,
2823 4777 2997 4830 neque
3053 4760 3232 4831 fruges
3273 4761 3610 4824 obruerunt,

2013 4870 2185 4925 neque
2206 4864 2411 4923 segetes
2436 4861 2714 4908 vastarunt
2739 4871 2752 4908 :
2780 4862 2884 4909 tam
2913 4853 3126 4923 egregie
3148 4894 3163 4918 ,
3210 4862 3316 4907 tam
3345 4851 3516 4922 perite
3539 4853 3616 4906 ab»

2013 4946 2128 5017 ejus
2144 4945 2401 5016 sapientia
2420 4947 2643 5002 exculte
2661 4942 2924 5001 radiCibus
2943 4946 3065 5000 ﬁxis
3080 4945 3370 5001 haerebant.
3388 4945 3612 5000 Verum-

2013 5041 2284 5096 enimvero
2310 5040 2592 5095 dicendum
2624 5039 2775 5094 nobis
2820 5047 2921 5100 est,
2953 5054 3054 5109 qua
3105 5036 3172 5093 de
3217 5054 3375 5092 causa
3408 5037 3614 5107 permio

2014 5131 2145 5187 serit
2169 5129 2313 5185 illum
2347 5129 2486 5185 Deus
2513 5130 2636 5184 hinc
2665 5130 2879 5200 expelli.
2913 5129 3199 5198 Respirare
3226 5136 3461 5199 emperat
3486 5143 3598 5182 non

2015 5225 2086 5279 ita
2120 5223 2321 5294 pridem
2359 5223 2596 5279 Ecclesia
2624 5267 2638 5289 ,
2670 5239 2846 5294 neque
2877 5224 3199 5280 mediocrem
3232 5223 3328 5293 ipsi
3355 5221 3608 5277 consola-

2018 5317 2212 5372 tionem
2242 5317 2383 5370 illius
2412 5317 2648 5386 regimen
2673 5314 2931 5372 aﬁ'erebat
2950 5335 2963 5368 :
2984 5316 3217 5387 undique
3239 5315 3380 5369 illam
3403 5313 3608 5367 munic-

2015 5408 2126 5475 bat,
2160 5417 2207 5464 el
2235 5408 2466 5464 hostium
2494 5409 2721 5479 impetus
2748 5409 3113 5480 propulsabat.

2087 5499 2189 5554 Cur
2213 5501 2265 5554 in
2307 5500 2545 5555 exsilium
2587 5501 2717 5554 mitti
2761 5500 3087 5555 Eustathium
3136 5496 3414 5568 permiserit
3445 5493 3608 5552 Deus.

2017 5621 2089 5632 ——
2117 5590 2224 5646 Cur
2253 5590 2412 5661 igitur
2459 5601 2542 5647 est
2580 5591 2798 5662 ejectus,
2830 5601 2883 5648 et
2930 5591 3031 5646 hoc
3061 5591 3166 5644 illis
3209 5587 3467 5658 permisit,
3515 5588 3610 5656 qui

2017 5679 2143 5735 hinc
2167 5696 2285 5734 eum
2313 5682 2643 5753 ablegarunt,
2666 5681 3010 5750 Deus?quam
3031 5678 3243 5735 tandem
3269 5677 3336 5733 ob
3352 5679 3616 5734 causam?

2019 5768 2193 5827 Nolite
2222 5780 2399 5829 autem
2426 5771 2695 5840 arbitrari,
2728 5771 2867 5843 quod
2897 5787 3036 5829 nunc
3067 5779 3355 5828 tractamus
3378 5811 3394 5841 ,
3439 5770 3614 5828 solias
