4104 6442
569 353 674 407 6ὓό

570 466 880 536 qu:cstionis
903 467 1061 538 hujus
1087 481 1206 523 esse
1231 467 1583 533 solutionem;
1615 465 1710 521 sed
1737 467 1850 521 sive
1893 481 2014 521 cum
2063 481 2156 536 pa-

573 558 746 627 ganis,
781 558 893 612 sive
923 574 1044 612 cum
1078 556 1347 612 haereticis
1373 572 1402 610 a
1428 558 1578 612 vobis
1601 556 1668 612 de
1703 556 1865 611 rebus
1893 556 2158 625 ejusmodi

573 663 749 701 sermo
770 647 880 716 ﬁat,
904 648 972 703 ad
1028 663 1242 702 omnem
1287 646 1595 703 solvendam
1627 648 1978 718 quaestionem
2008 645 2160 701 sufﬁ-

573 743 677 796 ciet
703 743 845 812 quod
875 742 1134 797 dicemus.
1169 742 1310 796 Deus
1337 741 1551 811 quidem
1572 755 1752 796 veram
1781 756 1931 795 suam
1954 748 2006 795 et
2032 755 2163 809 apo-

574 833 816 886 stolicam
844 833 1000 888 ﬁdem
1031 834 1082 887 in
1113 832 1294 887 multis
1323 831 1618 902 oppugnari
1660 831 1914 902 permittit
1939 848 1954 898 ;
1983 830 2160 885 hmre-

577 941 664 980 scs
718 935 894 981 autem
933 933 1090 997 atque
1123 925 1491 996 paganismum
1547 939 1733 980 secura
1779 923 2164 994 tranquillitate

576 1019 778 1089 perfrui
801 1020 946 1075 sinit.
997 1019 1133 1087 Quid
1160 1019 1271 1074 ita?
1299 1019 1370 1075 Ut
1397 1020 1609 1075 illorum
1637 1018 1852 1090 quidem
1880 1016 2166 1072 inﬁrmita-

580 1121 688 1166 tem
711 1112 903 1178 discas,
936 1128 1054 1182 quae
1097 1127 1219 1166 cum
1250 1111 1468 1166 minime
1497 1110 1834 1178 divexentur,
1859 1117 2050 1180 sponte
2073 1107 2166 1162 de-

576 1188 887 1269 struuntur;
915 1201 1037 1256 ﬁdei
1067 1218 1192 1258 vero
1238 1204 1492 1259 virtutem
1540 1216 1836 1272 agnoscas,
1874 1216 1994 1272 qua:
2038 1200 2164 1255 dum

577 1302 930 1362 oppugnatur,
962 1309 1148 1348 eorum
1173 1310 1336 1364 opera
1362 1295 1452 1366 qui
1495 1309 1554 1349 se
1601 1294 1675 1348 illi
1704 1302 1981 1363 opponunt
2007 1308 2169 1363 auge-

578 1394 683 1438 tur.
716 1385 868 1452 Quod
922 1395 1100 1440 autem
1140 1401 1246 1440 non
1286 1401 1404 1441 mea
1435 1385 1504 1440 sit
1525 1384 1640 1439 haec
1680 1383 2014 1453 conjectura,
2068 1382 2164 1438 sed

577 1477 815 1532 divinum
845 1493 910 1532 ac
940 1477 1004 1532 de
1033 1477 1164 1532 caelo
1189 1477 1465 1548 delapsum
1509 1489 1825 1546 responsum
1846 1517 1859 1540 ,
1889 1474 2168 1530 audiamus

575 1571 702 1640 quid
726 1571 920 1626 Paulus
953 1571 1051 1626 hac
1074 1570 1142 1626 de
1169 1586 1226 1626 re
1251 1570 1392 1626 dicat
1420 1587 1433 1624 :
1463 1585 1585 1624 nam
1617 1577 1671 1625 et
1704 1568 1995 1622 humanum
2041 1565 2166 1636 quid

576 1662 865 1733 aliquando
908 1678 1095 1733 passus
1125 1661 1212 1718 hic
1251 1662 1412 1718 etiam
1458 1661 1732 1717 estzlicet
1779 1659 1924 1714 enim
1974 1657 2168 1713 Paulus

574 1766 751 1822 esset,
801 1765 1035 1810 attamen
1067 1765 1268 1810 naturae
1311 1762 1508 1810 nostra:
1554 1753 1820 1822 particeps
1865 1760 1999 1807 erat.
2029 1750 2167 1817 Quid

576 1863 706 1902 vero
734 1847 862 1902 illud
885 1858 987 1912 est,
1018 1846 1160 1918 quod
1189 1854 1271 1901 est
1299 1845 1524 1916 passus?
1553 1843 1962 1914 Exagitabatur,
1996 1857 2169 1914 oppu-

578 1939 859 2010 gnabatur,
891 1941 1052 2011 virgis
1077 1941 1385 1996 cmdebatur
1403 1981 1419 2008 ,
1447 1939 1714 1995 sexcentis
1740 1936 2052 1993 insidiarum
2079 1950 2172 2006 ge-

576 2034 798 2088 neribus
844 2033 1213 2104 appetebatur,
1255 2033 1419 2099 intus,
1471 2029 1623 2095 foris,
1671 2029 1828 2085 abiis
1861 2028 1950 2100 qtti
1979 2027 2169 2084 dome-

579 2125 700 2180 stici
728 2139 848 2180 esse
879 2124 1212 2191 videbantur,
1243 2123 1309 2179 ab
1335 2122 1542 2177 alienis.
1583 2121 1688 2177 Sed
1739 2120 1864 2191 quid
1912 2133 2047 2189 opus
2087 2126 2172 2174 est

575 2231 1023 2284 commemorare,
1043 2224 1269 2286 quantas
1285 2214 1599 2268 afﬁieliones
1627 2212 1694 2268 sit
1722 2210 2045 2283 perpessus?
2069 2209 2172 2263 Fa-

579 2308 773 2377 tigatus
799 2307 976 2377 igitur,
1011 2320 1110 2361 nec
1138 2306 1367 2376 amplius
1396 2304 1571 2359 ferens
1605 2311 1682 2358 tot
1711 2303 1942 2357 hostium
1984 2301 2169 2355 incur-

577 2399 779 2464 siones,
813 2398 900 2468 qui
931 2412 1145 2467 semper
1176 2397 1292 2466 ejus
1333 2396 1631 2451 doctrinam
1674 2393 2167 2462 interrumpebant,

577 2492 800 2562 ejusque
846 2491 1013 2546 verbo
1039 2489 1491 2556 adversabantur,
1525 2488 1750 2559 supplex
1790 2485 2015 2542 Domino
2047 2500 2170 2556 pro-

579 2583 790 2638 volutus
815 2598 937 2637 eum
964 2582 1280 2648 obtestatur,
1305 2589 1360 2636 et
1388 2580 1482 2646 ait,
1505 2579 1671 2634 Datus
1691 2588 1764 2633 est
1787 2578 1911 2632 mihi
1938 2578 2172 2632 stimulus

577 2674 721 2727 carni
739 2672 950 2744 angelus
982 2671 1213 2738 Satanw,
1257 2679 1312 2724 ut
1356 2687 1434 2724 me
1475 2669 1777 2740 colapltizet.
1819 2667 2040 2738 Propter
2077 2668 2173 2721 hoc

580 2762 953 2816 tchominum
982 2761 1174 2831 rogavi,
1203 2771 1250 2814 et
1288 2762 1414 2814 dixit
1457 2760 1602 2827 mihi,
1645 2759 1842 2829 Sufﬁcit
1876 2758 1964 2811 tibi
2006 2757 2173 2828 gratia

583 2871 694 2907 mea
726 2869 745 2906 :
773 2870 892 2907 nam
910 2854 1068 2906 virtus
1096 2869 1205 2907 mea
1231 2853 1284 2906 in
1308 2853 1604 2921 inﬁrmitate
1633 2852 1893 2921 perﬁcitur
1919 2850 1993 2922 (2.
2025 2850 2144 2904 Cor.

585 2945 673 3000 12.
707 2945 738 2998 7
761 2975 787 2986 ο
810 2945 887 3016 9).
918 2945 1043 3000 Scio
1096 2945 1341 3015 equidem
1381 2942 1644 3014 quosdam
1689 2943 1930 3014 corporis
1948 2941 2173 2996 inﬁrmi-

583 3047 749 3093 tatem
779 3052 899 3093 esse
943 3036 1215 3104 arbitrari,
1257 3035 1353 3092 sed
1385 3051 1494 3090 non
1521 3043 1604 3091 est
1634 3035 1784 3102 illud,
1817 3049 2036 3106 prorsus
2063 3049 2172 3090 non

582 3140 698 3198 est;
728 3146 914 3186 verum
941 3131 1188 3201 angelum
1218 3129 1432 3185 Satanae
1482 3129 1748 3194 homines,
1789 3129 1880 3199 qui
1917 3127 2171 3183 adversa-

583 3224 796 3290 bantur,
826 3222 1096 3292 appellat:
1121 3221 1245 3278 illud
1263 3220 1628 3290 enim,Satan,
1653 3235 1756 3275 vox
1781 3228 1864 3275 est
1889 3219 2169 3288 llebraica;

583 3331 744 3386 porro
765 3315 948 3372 ‘Satan
999 3316 1194 3372 dicitur
1240 3315 1596 3371 adversarius.
1639 3313 1997 3394 Instrumenta
2044 3329 2174 3385 ergo

581 3409 802 3476 diaboli,
831 3419 884 3466 et
910 3423 1004 3465 eos
1056 3408 1322 3475 homines,
1353 3407 1443 3479 qui
1484 3406 1533 3462 ei
1584 3405 1927 3473 famulantur,
1956 3406 2174 3476 angelos

584 3502 702 3572 ejus
727 3501 980 3572 appellat.
1011 3501 1122 3556 Cur
1147 3501 1330 3571 igitur,
1377 3499 1518 3556 dicet
1547 3499 1759 3570 aliquis,
1804 3498 2044 3554 additum
2067 3506 2170 3565 est,

582 3593 770 3647 carni?
796 3591 932 3659 Quia
956 3607 1082 3647 caro
1112 3591 1499 3662 ﬁagellabatur,
1531 3591 1710 3646 anima
1756 3605 1885 3646 vero
1927 3589 2174 3646 elevaba-

582 3696 671 3738 tur
695 3699 790 3754 spe
816 3684 1114 3740 futurorum
1141 3692 1339 3738 erecta.
1368 3682 1487 3737 Non
1530 3683 1675 3738 enim
1723 3681 1958 3736 animam
2006 3679 2172 3734 attin-

580 3774 761 3845 gebat,
795 3789 894 3828 nec
923 3772 1205 3828 interiores
1229 3773 1584 3842 cogitationes
1629 3773 2024 3844 supplantabat,
2076 3772 2173 3828 sed

583 3867 717 3920 intra
763 3881 978 3921 carnem
1007 3866 1371 3922 consistebant
1410 3873 1675 3920 tormenta
1719 3865 2044 3936 bellumque,
2075 3879 2175 3920 nec

580 3957 728 4012 intus
752 3965 993 4026 poterant
1015 3965 1314 4026 penetrare.
1345 3956 1609 4025 Quoniam
1636 3956 1796 4027 igitur
1829 3957 1946 4012 haec
1989 3957 2168 4013 conci-

581 4049 826 4116 debatur,
858 4049 973 4104 haec
1001 4049 1392 4120 ﬂagellabatur,
1417 4048 1533 4104 haec
1561 4049 1892 4106 vinciebatur
1919 4049 2174 4121 (animam

578 4144 779 4214 quippe
806 4143 972 4213 ligare
999 4158 1158 4200 nemo
1186 4152 1362 4214 potest
1388 4142 1432 4216 ),
1481 4142 1681 4199 ideirco
1706 4143 1854 4209 dicit,
1902 4141 2068 4198 Datus
2102 4151 2176 4197 est

580 4235 706 4289 milii
737 4235 970 4290 stimulus
997 4237 1139 4291 carni
1165 4235 1376 4307 angelus
1423 4237 1655 4304 Satanae,
1686 4247 1739 4292 ut
1777 4253 1857 4292 me
1892 4237 2175 4307 colaphizet

581 4326 792 4398 (lbid.),
821 4329 1162 4395 tentationes,
1193 4327 1529 4395 alﬁictiones,
1552 4328 2172 4400 persequutionesinnu-

580 4434 698 4475 ens.
729 4418 932 4475 Deinde
953 4419 1127 4490 quid?
1157 4418 1380 4490 Propter
1409 4421 1503 4474 hoc
1533 4429 1628 4487 ter,
1674 4421 1866 4491 inquit,
1901 4419 2174 4474 Dominum

580 4511 757 4581 rogavi
787 4511 934 4568 :hoc
972 4520 1072 4579 est,
1125 4526 1496 4582 saepenumero
1540 4521 1788 4584 precatus
1815 4527 1954 4580 sum,
1980 4512 2171 4583 inquit,

581 4613 639 4657 ut
687 4620 718 4658 a
751 4605 1131 4661 tentationibus
1175 4605 1458 4675 paululum
1515 4606 1854 4675 respirarem.
1890 4604 1999 4661 Vos
2046 4620 2175 4660 vero

577 4711 756 4751 causa:
801 4697 1140 4765 meministis,
1193 4697 1262 4752 ob
1311 4713 1472 4768 quam
1525 4697 1693 4752 Deum
1745 4696 1855 4752 dixi
1904 4695 2175 4753 verberari

579 4802 767 4841 servos
788 4803 916 4844 suos
943 4790 1279 4860 permittere,
1304 4789 1506 4856 vexari,
1539 4789 1746 4845 inﬁnita
1777 4789 1918 4844 mala
1942 4789 2172 4859 perpeti,

578 4887 638 4932 ut
675 4879 926 4935 virtutem
971 4883 1121 4937 suam
1149 4880 1416 4938 ostendat.
1449 4881 1586 4937 Ecce
1634 4883 1776 4936 enim
1827 4890 1881 4937 et
1931 4880 2018 4935 hic
2053 4896 2175 4936 eum

583 4979 832 5040 precatus
853 4981 1014 5038 esset,
1057 4981 1117 5028 ut
1145 4989 1177 5028 a
1199 4989 1258 5029 se
1285 4973 1567 5028 innumera
1599 4973 1738 5026 mala
1776 4971 2092 5028 recederent
2121 4981 2177 5026 et

582 5061 895 5126 adversarii,
925 5077 1030 5118 non
1057 5064 1286 5120 obtinuit
1313 5063 1734 5136 quod'petebat;
1760 5073 1812 5118 et
1838 5079 2052 5120 causam
2080 5063 2176 5119 ad-

583 5150 701 5218 dit,
749 5149 820 5205 ob
864 5166 1022 5221 quam
1072 5169 1180 5209 non
1221 5155 1533 5210 obtinuerit.
1582 5154 1838 5222 Quaenam
1886 5155 2046 5225 igitur
2094 5162 2178 5210 est

582 5244 790 5298 causa?
823 5243 953 5298 nihil
978 5246 1118 5300 enim
1151 5247 1397 5317 prohibet
1443 5265 1627 5306 rursus
1676 5265 1794 5306 eam
1847 5264 2172 5305 memorare.

585 5337 802 5407 Sufﬁcit,
831 5337 1020 5410 inquit,
1044 5339 1142 5392 tibi
1161 5341 1326 5410 gratia
1347 5357 1490 5406 mea;
1518 5341 1675 5395 virtus
1703 5341 1837 5396 enim
1862 5357 1974 5396 mea
2001 5340 2052 5394 in
2092 5341 2174 5394 in-

582 5432 820 5496 ﬁrmitate
839 5438 1117 5502 perimitur.

659 5522 713 5576 4.
757 5523 920 5578 Vides
964 5523 1165 5579 idcirco
1194 5524 1360 5580 Deum
1387 5526 1695 5595 permittere
1722 5527 1940 5598 angelos
1962 5527 2176 5582 Satanae

582 5627 774 5667 servos
793 5629 918 5668 suos
929 5630 1197 5684 premere,
1217 5624 1270 5670 et
1284 5625 1532 5672 sexcenta
1551 5615 1651 5670 illis
1668 5618 1878 5687 negotia
1896 5619 2174 5687 exhibere,

586 5711 645 5756 ut
663 5703 827 5772 ipsius
845 5706 1014 5761 virtus
1029 5708 1321 5778 appareat?
1340 5708 1475 5762 Vere
1492 5721 1720 5776 namque
1738 5709 1851 5764 sive
1867 5725 1988 5767 eum
2011 5725 2175 5782 paga-

581 5796 809 5868 nis,sive
820 5814 941 5857 cum
957 5800 1164 5857 miseris
1179 5801 1373 5860 Judaais
1394 5799 1816 5872 disseramus,ad
1836 5801 2066 5860 divinam
2082 5803 2175 5858 vir-

1316 350 1373 408 S.
1415 351 1692 408 JOANNIS
1729 347 2204 406 CIIRYSOSTOMI
2244 348 2562 406 ARClllEP.
2604 346 3138 406 CONSTANTINOP.

2269 473 2432 520 tutem
2447 464 2828 521 ostendendam
2844 467 2945 522 hoc
2962 464 3174 533 sufﬁcit,
3192 464 3333 536 quod
3355 465 3574 522 inﬁnitis
3596 471 3870 538 exagitata

2266 555 2424 611 bellis
2450 556 2582 611 ﬁdes
2605 559 2956 626 superaverit,
2987 557 3129 627 quod
3157 557 3409 612 universo
3438 568 3708 614 terrarum
3741 560 3872 616 orbe

2267 657 2617 718 repugnante,
2636 650 2948 720 cunctisque
2972 649 3251 704 duodecim
3270 649 3389 705 illos
3407 649 3661 706 homines
3679 667 3872 722 magna

2269 746 2610 798 contentione
2635 743 3039 813 repellentibus,
3071 742 3317 814 apostoli,
3341 744 3583 814 inquam,
3617 744 3698 799 illi
3719 745 3873 800 brevi

2271 846 2513 906 tempore
2541 836 2704 906 virgis
2726 838 2872 903 cresi,
2899 837 3092 901 vexati,
3118 837 3397 892 innumera
3440 838 3577 892 mala
3627 840 3873 910 perpessi

2271 941 2435 992 eos,a
2465 928 2655 997 quibus
2700 927 2815 983 haec
2858 926 3240 995 inferebantur,
3291 929 3562 998 potuerint
3609 945 3874 1000 prospero

2273 1031 2524 1072 successu
2552 1016 2854 1072 devincere.
2890 1018 3178 1087 Propterea
3221 1018 3436 1073 beatum
3463 1018 3631 1073 etiam
3683 1019 3876 1074 Eusta-

2274 1106 2444 1161 thium
2475 1108 2529 1161 in
2553 1107 2800 1162 exsilium
2826 1107 3013 1162 abduci
3065 1108 3305 1177 permisit
3353 1109 3514 1175 Deus,
3544 1117 3605 1162 ut
3633 1109 3875 1165 veritatis

2274 1199 2428 1255 nobis
2479 1200 2729 1256 virtutem
2770 1210 2823 1256 et
2879 1200 3251 1257 haereticorum
3297 1201 3726 1257 imbecillitatem
3764 1217 3876 1257 am-

2275 1292 2411 1362 plius
2479 1291 2890 1349 demonstraret.
2977 1293 3159 1365 Itaque
3231 1309 3461 1366 peregre
3534 1295 3874 1366 profecturus

2276 1385 2462 1440 urbem
2505 1386 2718 1456 quidem
2756 1385 3079 1454 dimittebat,
3120 1396 3176 1442 at
3222 1388 3505 1443 caritatem
3554 1389 3612 1442 in
3641 1403 3740 1444 vos
3769 1404 3873 1444 non

2275 1475 2617 1532 dimittebat:
2650 1493 2824 1548 neque
2852 1477 2995 1548 quod
3046 1478 3116 1534 ab
3167 1478 3405 1533 Ecclesia
3457 1479 3870 1548 expellebatur,

2275 1583 2306 1623 a
2348 1570 2592 1639 praesulis
2641 1571 2804 1626 etiam
2849 1587 3092 1639 munere,
3144 1571 3285 1626 vela
3311 1585 3439 1626 cura
3477 1571 3668 1639 vestri,
3719 1585 3872 1643 quam

2275 1660 2533 1730 gerebat,
2584 1661 2816 1716 alienum
2867 1662 3106 1732 seipsum
3148 1661 3388 1735 putabat,
3454 1661 3553 1717 sed
3601 1672 3716 1716 tum
3759 1677 3873 1717 am-

2277 1754 2416 1824 plius
2493 1755 2714 1810 curabat
2781 1765 2836 1811 et
2905 1757 3163 1812 sollicitus
3241 1764 3379 1812 erat.
3458 1755 3588 1810 Ideo
3662 1764 3871 1810 vocatos

2277 1862 2463 1904 omnes
2541 1849 2899 1918 admonebat,
2973 1858 3032 1906 ut
3092 1865 3160 1906 ne
3229 1849 3678 1914 succumberent,
3745 1862 3872 1903 neve

2282 1939 2422 2010 lupis
2491 1940 2791 2008 cederent,
2844 1949 2938 1996 aut
2993 1941 3099 1996 illis
3142 1955 3360 2012 gregem
3409 1939 3738 2010 proderent;
3784 1937 3872 1993 sed

2279 2031 2424 2089 intus
2467 2024 2884 2103 manerent,°ut
2930 2049 2992 2090 os
3044 2035 3148 2088 illis
3201 2034 3563 2099 obstruerent,
3611 2047 3707 2088 eos
3751 2047 3873 2088 con-

2276 2125 2573 2193 vincerent,
2617 2140 2681 2180 ac
2724 2125 3082 2197 simpliciores
3130 2125 3324 2181 fratres
3365 2125 3778 2182 conﬁrmarent.
3812 2124 3873 2178 Et

2277 2231 2405 2270 vero
2449 2225 2594 2272 recte
2635 2217 2781 2272 illum
2825 2217 3118 2288 imperasse
3163 2217 3376 2272 tandem
3417 2218 3597 2272 exitus
3625 2231 3873 2286 compro-

2279 2309 2423 2364 bavit
2469 2327 2482 2362 :
2542 2309 2644 2365 nisi
2699 2311 2843 2366 enim
2891 2319 3003 2366 tum
3057 2309 3111 2364 in
3159 2309 3401 2366 Ecclesia
3457 2307 3868 2374 remansissetis,

2278 2407 2528 2469 corrupta
2588 2414 2714 2470 pars
2775 2400 2948 2470 major
3007 2400 3237 2456 civitatis
3315 2397 3551 2466 fuisset,
3631 2413 3761 2454 oves
3821 2397 3871 2452 in

2278 2490 2495 2548 deserto
2521 2492 2900 2548 devorantibus
2953 2492 3124 2564 lupis;
3163 2507 3350 2548 verum
3397 2493 3538 2548 illius
3579 2506 3779 2557 sermo,
3809 2505 3870 2545 ne

2277 2599 2429 2640 suam
2459 2585 2749 2656 nequitiam
2781 2584 3119 2656 impudenter
3171 2595 3524 2652 exercerent,
3579 2582 3865 2655 impedivit.

2277 2676 2462 2747 Neque
2488 2692 2617 2732 vero
2653 2678 2826 2734 solum
2858 2679 3032 2734 exitus
3071 2677 3126 2733 id
3165 2676 3437 2745 ostendit,
3482 2677 3578 2732 sed
3620 2687 3672 2732 et
3716 2674 3863 2731 Pauli

2279 2767 2442 2822 verba
2477 2785 2491 2822 :
2523 2783 2646 2824 nam
2695 2777 2749 2837 et
2787 2769 2855 2824 ab
2894 2769 2984 2824 illo
3025 2769 3112 2825 hic
3149 2768 3374 2825 edoctus
3412 2768 3490 2824 sic
3529 2767 3865 2824 admonebat.

2281 2858 2418 2926 Quid
2443 2859 2602 2930 igitur
2627 2860 2703 2915 ait
2723 2859 2957 2915 Paulus?
2978 2859 3109 2916 Cum
3139 2860 3268 2915 olim
3295 2859 3521 2914 Romam
3547 2868 3693 2916 esset
3713 2857 3868 2913 abdu-

2279 2950 2484 3006 cendus
2511 2951 2696 3007 ultima
2718 2967 2813 3007 sua
2842 2951 3198 3022 profectione,
3220 2959 3504 3022 postquam
3523 2965 3635 3006 non
3652 2949 3867 3019 amplius

2281 3041 2572 3112 discipulos
2593 3043 2804 3099 visurus
2829 3052 2985 3109 erat,
3019 3042 3140 3098 Non
3173 3044 3306 3098 enim
3333 3043 3559 3113 amplius
3597 3043 3769 3098 videbo
3788 3057 3866 3095 vos

2281 3134 2420 3206 (Act.
2446 3134 2536 3190 20.
2561 3134 2678 3205 25),
2707 3135 2876 3205 inquit
2906 3152 2920 3188 :
2950 3134 3052 3190 hoc
3081 3142 3258 3190 autem
3287 3133 3516 3200 dicebat,
3547 3142 3660 3190 'non
3691 3142 3748 3188 ut
3772 3131 3866 3186 illis

2279 3225 2522 3281 dolorem
2553 3225 2806 3292 inureret,
2854 3225 2946 3280 sed
2996 3224 3139 3295 quod
3183 3225 3503 3280 conﬁrmare
3527 3225 3654 3279 illos
3673 3222 3863 3278 vellet:

2281 3316 2405 3372 inde
2434 3317 2593 3387 igitur
2610 3317 2948 3388 profecturus
2977 3317 3078 3371 hoc
3110 3325 3264 3386 pacto
3281 3316 3399 3370 illos
3422 3312 3776 3370 conﬁrmabat
3789 3309 3864 3366 di-

2281 3421 2410 3462 cens
2429 3447 2444 3474 ,
2476 3406 2599 3462 Scio
2625 3407 2863 3477 quoniam
2899 3405 3155 3460 intrabunt
3183 3415 3293 3476 post
3326 3406 3686 3460 discessionem
3714 3417 3864 3457 meam

2282 3497 2391 3567 lupi
2418 3513 2627 3568 graves,
2663 3507 2713 3551 et
2755 3513 2817 3551 ea:
2857 3495 2996 3551 vobis
3032 3497 3159 3566 ipsis
3190 3504 3456 3567 exsurgant
3485 3496 3582 3549 viri
3625 3496 3864 3566 loquentes

2282 3604 2520 3657 perversa
2567 3588 2727 3657 (Ibid.
2755 3604 2804 3642 υ.
2837 3588 2929 3644 29.
2967 3587 3079 3657 30).
3111 3587 3330 3657 Triplex
3365 3587 3564 3642 bellum
3589 3630 3605 3656 ,
3647 3587 3862 3641 ferarum

2282 3689 2493 3746 natura,
2515 3678 2642 3735 belli
2669 3679 2894 3745 saevitia,
2918 3679 3169 3750 quodque
3196 3695 3302 3734 non
3323 3679 3483 3734 alieni
3506 3680 3637 3749 sint,
3662 3677 3753 3733 sed
3778 3676 3864 3731 do-

2280 3771 2514 3838 mestici,
2541 3772 2632 3842 qui
2653 3771 2854 3827 bellum
2877 3771 3135 3837 inferunt,
3161 3771 3386 3842 ideoque
3411 3772 3650 3843 gravius.
3676 3770 3800 3826 Nam
3822 3768 3862 3822 si

2281 3862 2618 3919 extrinsecus
2641 3864 2887 3920 vulneret
2907 3878 2993 3920 me
3013 3864 3299 3934 quispiam,
3322 3872 3413 3918 aut
3435 3863 3638 3919 bellum
3660 3861 3858 3924 inferat,

2281 3955 2439 4011 facile
2479 3957 2626 4011 illum
2657 3965 2844 4027 potero
2875 3972 3168 4027 superare;
3215 3957 3296 4012 sin
3335 3967 3512 4012 autem
3554 3957 3862 4012 intrinsecus

2281 4049 2350 4104 ab
2380 4050 2496 4120 ipso
2526 4065 2751 4121 corpore
2777 4051 2929 4106 ulcus
2955 4051 3176 4114 oriatur,
3219 4059 3406 4105 sanatu
3433 4049 3653 4105 difﬁcile
3678 4048 3733 4102 ﬁt
3760 4059 3862 4098 ma-

2281 4141 2388 4196 lum
2422 4161 2435 4196 :
2468 4143 2609 4211 quod
2655 4143 2905 4197 nimirum
2960 4151 3086 4197 tunc
3132 4143 3296 4198 etiam
3344 4143 3542 4197 evenit.
3585 4142 3860 4210 Propterea

2282 4233 2535 4289 monebat
2585 4233 2799 4299 dicens,
2853 4235 3107 4290 Attendite
3153 4236 3311 4301 vobis,
3367 4243 3417 4289 et
3456 4235 3688 4289 universa
3733 4225 3862 4302 gregi

2283 4323 2448 4395 (Ibid.
2478 4341 2529 4379 v.
2557 4325 2650 4397 28)
2685 4343 2699 4380 :
2733 4341 2841 4381 non
2867 4325 3040 4394 dixit,
3081 4327 3365 4383 Derelictis
3388 4328 3578 4383 ovibus
3607 4326 3746 4381 foras
3773 4335 3860 4374 au-

2282 4415 2464 4486 fugite.
2494 4417 2586 4472 His
2615 4417 2908 4474 instructus
2933 4431 3055 4472 cum
3093 4417 3281 4472 fuisset
3305 4418 3494 4473 beatus
3533 4411 3856 4473 Eustathius,

2282 4506 2572 4577 discipulos
2597 4523 2726 4564 suos
2749 4509 3108 4564 admonebat:
3135 4524 3254 4580 quae
3275 4509 3527 4564 nimirum
3551 4507 3759 4578 sapiens
3783 4501 3860 4556 hic

2283 4613 2496 4669 quoque
2535 4613 2598 4654 ac
2626 4614 2920 4670 generosus
2947 4601 3200 4670 magister
3231 4615 3353 4655 cum
3393 4599 3670 4663 audisset,
3711 4605 3858 4664 opere

2283 4701 2587 4744 sermonem
2619 4690 2878 4761 implevit.
2906 4689 3284 4746 Invadentibus
3305 4689 3464 4760 igitur
3493 4691 3595 4744 illis
3621 4699 3744 4743 oves
3764 4695 3857 4736 non

2283 4782 2541 4848 deseruit,
2584 4783 2796 4839 tametsi
2841 4783 2896 4837 in
2937 4783 3190 4838 thronum
3237 4781 3566 4852 praefectura:
3612 4792 3720 4834 suae
3762 4785 3855 4828 non

2283 4873 2638 4941 ascenderat;
2668 4874 2765 4929 sed
2791 4874 2894 4930 hoc
2914 4874 3004 4928 illa
3025 4887 3285 4945 generosa
3306 4881 3361 4928 et
3378 4868 3714 4943 philosophia
3734 4875 3858 4935 prm-

2283 4973 2430 5019 stans
2475 4965 2653 5019 anima
2700 4980 2809 5021 non
2856 4965 3118 5020 curabat:
3149 4979 3272 5018 nam
3311 4964 3600 5034 praesulem
3643 4961 3855 5015 honores

2283 5059 2493 5114 caeteris
2534 5058 2902 5130 relinquebat;
2951 5058 3163 5114 labores
3202 5064 3380 5111 autem
3428 5055 3710 5126 prtesulum
3755 5047 3856 5115 ipse

2282 5151 2611 5217 exantlabat,
2640 5161 2694 5206 et
2723 5150 2864 5205 intus
2890 5164 3011 5205 cum
3037 5148 3176 5220 lupis
3196 5147 3508 5204 versabatur
3536 5165 3549 5200 :
3575 5143 3700 5200 nihil
3726 5135 3852 5196 enim

2284 5256 2407 5297 eum
2431 5241 2661 5297 ferarum
2693 5240 2880 5296 dentes
2906 5239 3170 5297 ltedebant
3190 5281 3205 5305 ,
3236 5239 3305 5296 ita
3337 5237 3577 5300 solidiori
3603 5233 3704 5290 ﬁde
3727 5241 3852 5300 pra?

2285 5333 2426 5389 ditus
2454 5339 2591 5398 erat,
2626 5347 2785 5403 quam
2816 5340 2875 5388 ut
2909 5346 3094 5387 eorum
3123 5331 3392 5386 morsibus
3417 5339 3560 5385 esset
3587 5319 3847 5384 obnoxius.

2285 5427 2418 5482 Cum
2449 5427 2609 5497 igitur
2637 5427 2778 5481 intus
2813 5435 3122 5481 versaretur
3145 5466 3160 5491 ,
3191 5434 3244 5479 et
3270 5437 3445 5494 pugna
3469 5463 3484 5490 ,
3517 5437 3616 5493 qua
3642 5429 3754 5474 cum
3791 5421 3849 5464 60

2287 5519 2790 5590 congrediebantur,
2819 5533 3006 5573 omnes
3030 5517 3150 5572 illos
3177 5516 3479 5582 diStineret,
3508 5513 3718 5568 multam
3746 5499 3846 5557 ovi-

2287 5614 2387 5670 bus
2421 5613 2857 5683 tranquillitatem
2900 5611 3263 5682 comparabat.
3301 5609 3485 5680 Neque
3511 5623 3638 5664 vero
3665 5605 3845 5657 tantum

2288 5707 2341 5761 id
2373 5708 2593 5778 “gebat.
2627 5716 2684 5760 ut
2727 5721 2912 5760 eorum
2943 5718 3037 5760 ora
3077 5704 3382 5766 obturaret,
3421 5713 3475 5757 et
3515 5685 3848 5778 blasphemias

2287 5777 2582 5868 refelleret;
2613 5798 2706 5857 sed
2737 5798 2876 5871 ipsas
2904 5797 3063 5854 etiam
3086 5809 3211 5853 oves
3233 5793 3555 5851 circumiens
3579 5777 3846 5864 perpende'
