4104 6444
252 499 445 561 τικοὺς
469 494 658 559 ἄλλους
681 494 808 567 ὑμῖν
833 493 976 566 ὑπὲρ
1006 492 1116 547 τῶν
1143 491 1400 546 τοιούτων
1420 492 1638 563 γίνηται
1656 489 1837 558 λόγος,

255 582 443 639 ἱκανὸν
474 581 536 635 τὸ
582 578 957 652 ῥηθησόμενον
998 579 1219 634 ἃπασαν
1253 576 1413 649 λῦσαι
1441 575 1544 647 τὴν
1584 571 1840 646 ἀπορίαν.

262 669 325 729 ΤΟ
351 665 483 729 Θεὸς
507 664 605 737 τὴν
630 664 728 736 μὲν
754 664 936 717 πίστιν
970 660 1138 718 αὑτοῦ
1163 661 1260 733 τὴν
1292 660 1467 732 ἀληθῆ
1491 660 1586 713 καί
1614 661 1847 712 ἀποστο-

248 750 415 824 λικὴν
443 751 501 804 ἐν
532 748 752 811 πολλοῖς
781 748 1060 817 συγχωρεῖ
1084 743 1578 816 πολεμεῖσθαι,τάς
1608 742 1666 796 66
1693 740 1846 812 αἰρέ-

253 853 372 898 σεις
400 833 555 907 [608Ῐ
594 833 690 888 καὶ
721 831 812 886 τὸν
860 830 1186 901 ἐλληνισμὸν
1227 827 1455 898 ἀφίησιν
1493 826 1679 890 ἀδείας
1712 826 1849 878 ἀπο-

250 919 463 974 λαύειν.
492 915 559 969 Τί
586 916 790 987 δήποτε
817 932 831 982 ;
863 914 983 967 Ἵνα
1020 913 1246 966 ἐκείνων
1288 911 1389 982 μὲν
1432 909 1531 982 τὴν
1560 908 1847 963 ἀσθένειαν

253 1001 441 1074 μάθῃς
472 999 574 1054 οὐκ
618 995 1053 1071 ἐνοχλουμένων,
1086 996 1183 1050 καί
1219 994 1543 1066 αὐτομάτως
1578 993 1846 1047 καταλυο-

252 1086 437 1160 μένων
454 1100 468 1115 ⁸
501 1084 603 1155 τῆς
632 1083 691 1136 66
717 1083 954 1144 πίστεως
975 1080 1076 1152 τὴν
1108 1080 1261 1150 ἰσχὺν
1285 1077 1558 1150 γνωρίσῃς
1580 1075 1850 1160 πολεμου.

254 1157 449 1243 μένης,
481 1169 578 1223 καὶ
604 1165 692 1220 διὰ
719 1163 826 1220 τῶν
852 1162 1172 1218 κωλυόντων
1204 1160 1603 1232 αὐξανομένης.
1633 1157 1738 1213 Καὶ
1764 1160 1844 1213 δτι

251 1242 357 1308 οὑκ
382 1253 516 1325 ἐμός
549 1252 698 1304 ἐστιν
726 1242 881 1312 οὗτος
909 1244 1237 1318 στοχασμὸς,
1266 1243 1401 1298 ἀλλά
1428 1243 1571 1306 θεῖος
1596 1243 1846 1315 χρησμὸς

249 1337 461 1394 ἀνωθεν
484 1333 745 1406 ἐνεχθεὶς,
780 1330 1107 1401 ἀκούσωμεν
1142 1327 1358 1382 Παύλου
1394 1327 1447 1380 τί
1478 1328 1608 1399 περὶ
1639 1327 1846 1406 τούτων

250 1418 391 1491 φησί
411 1437 423 1448 ·
454 1418 550 1473 καί⁵
574 1404 687 1488 γὰρ
712 1414 884 1469 ἔπαθέ
917 1414 975 1468 τί
994 1429 1127 1467 ποτε
1169 1409 1509 1483 ἀνθρώπινον
1532 1410 1628 1463 καὶ
1657 1404 1842 1474 οὗτος⁹

250 1505 303 1557 εἰ
338 1503 449 1575 γάρ
486 1501 582 1556 καὶ
612 1499 827 1563 Παῦλος
875 1493 967 1570 ἧν,
994 1494 1132 1551 ἀλλά
1162 1494 1263 1565 τῆς
1301 1493 1579 1564 ἡμετέρας
1614 1492 1843 1564 μετέσχε

250 1586 495 1657 φύσεως.
529 1584 596 1638 Τί
626 1584 684 1638 δέ
723 1584 894 1647 ἐστιν,
929 1582 1065 1651 ὅπερ
1101 1575 1685 1644 ἐπαθενγἮλαύνετο,
1716 1578 1845 1629 ἐπο-

247 1670 492 1743 λεμεῖτο,
539 1666 887 1740 ἐμαστίξετο,
922 1664 1138 1737 μυρίοις
1174 1659 1565 1715 ἐπεϐουλεύετο
1595 1660 1839 1743 τρόποις,

247 1740 456 1822 ἔξωθεν
476 1795 490 1822 ,
533 1751 768 1817 ἔσωθεν,
804 1748 911 1803 ὑπὸ
942 1748 1050 1802 τῶν
1092 1743 1396 1799 δοκούντων
1427 1744 1646 1799 οἰκείων
1678 1740 1840 1809 εἶναι,

247 1839 359 1894 ὑπὸ
387 1837 496 1893 τῶν
525 1835 846 1905 ἀλλοτρίων.
876 1832 988 1887 Kal
1006 1831 1061 1885 τί
1089 1830 1173 1884 δεῖ
1199 1827 1402 1895 λέγειν,
1423 1828 1555 1892 ὅσας
1580 1827 1843 1898 ὑπέμεινε

244 1922 496 1992 θλίψειςς
518 1919 760 1991 Κάμνων
776 1917 980 1980 τοίνυν,
999 1914 1094 1969 καὶ
1118 1909 1315 1985 μηκέτι
1341 1911 1524 1983 φέρων
1556 1911 1847 1986 τάςιπροσ-

244 2005 419 2069 ϐολὰς
444 2003 555 2059 τῶν
582 2001 860 2073 πολεμίων
899 2000 988 2054 ἀεὶ
1008 1998 1411 2053 διακοπτόντων
1444 1995 1611 2049 αὑτοῦ
1640 1994 1739 2067 τὴν
1761 1995 1869 2048 δι-ι

241 2089 571 2155 δασκαλίαν,
602 2088 700 2142 καὶ
732 2082 1164 2157 ἐναντιουμένων
1188 2080 1351 2137 αὑτοῦ
1374 2080 1455 2153 τῷ
1482 2079 1647 2151 λόγῳ,
1675 2095 1848 2151 προσ-

241 2174 445 2227 πίπτει
470 2171 550 2243 τῷ
571 2170 842 2242 Δεσπότῃ,
868 2168 965 2223 καὶ
988 2166 1299 2239 παρακαλεῖ
1326 2164 1510 2228 αὑτὸν,
1542 2163 1637 2216 καὶ
1659 2161 1841 2230 λέγει’

252 2255 472 2322 Ἐδόθη
487 2271 592 2325 μοι
624 2253 870 2321 σκόλοψ
888 2248 963 2319 τῇ
992 2250 1177 2319 σαρκί
1215 2250 1472 2320 ἄγγελος
1493 2243 1709 2311 Σατᾶν,
1745 2246 1847 2300 ἵνα

238 2358 319 2414 με
342 2338 637 2411 κολαφίζῃ
658 2357 673 2371 ’
697 2337 851 2407 ὑπὲρ
882 2337 1102 2392 τούτου
1135 2333 1264 2405 τρὶς
1293 2335 1403 2389 τὸν
1421 2333 1645 2402 Κύριον
1659 2347 1844 2401 παρε-

238 2423 508 2486 κάλεσα,
536 2422 638 2477 καί
670 2419 878 2491 εἴρηκέ
925 2438 1028 2491 μοι
1047 2436 1061 2451 ·
1095 2420 1278 2489 Ἀρκεῖ
1302 2433 1400 2473 σοι
1432 2418 1473 2487 ἠ
1501 2417 1675 2487 χάρις
1690 2431 1841 2486 μου·

237 2508 278 2576 ἡ
325 2506 443 2579 γὰρ
483 2506 739 2576 δύναμίς
772 2522 891 2576 μου
932 2504 1004 2557 ἐν
1036 2500 1322 2569 ἀσθενείᾳ
1349 2500 1700 2556 τελειοῦται.
1732 2498 1845 2555 Kal

237 2587 369 2646 οἰδα
402 2589 504 2661 μὲν
533 2590 616 2643 ὅτι
641 2589 785 2648 τινὲς
813 2586 1104 2643 ἀσθένειαν
1135 2583 1275 2641 εἶναι
1320 2584 1605 2656 νομίζουσι
1649 2600 1841 2654 σωμα-

237 2675 408 2746 τικήν
431 2691 444 2706 ·
479 2673 582 2727 οὑκ
621 2671 737 2725 ἐστι
769 2670 826 2726 66
869 2669 1051 2738 10610,
1091 2670 1198 2724 οὐκ
1237 2668 1385 2723 ἐστιν
1407 2686 1420 2698 ·
1463 2667 1579 2722 ἀλλ’
1611 2666 1843 2737 ἄγγελον

238 2759 428 2812 Σατᾶν
458 2756 586 2820 τοὺς
625 2753 1041 2824 ἀντικειμένους
1071 2750 1395 2824 ἀνθρώπους
1420 2749 1612 2804 καλεῖ·
1641 2750 1702 2803 τὸ
1734 2748 1843 2822 γὰρ

237 2842 430 2900 Σατᾶν
450 2840 611 2894 τοῦτο
643 2838 910 2911 Ἐϐραῖκὴ
945 2836 1093 2904 λέξις
1123 2835 1274 2890 ἐστί’
1316 2834 1494 2889 Σατάν
1533 2833 1591 2888 δέ
1623 2835 1652 2888 6
1694 2833 1845 2888 ἀντι-

235 2925 506 2996 κείμενος
550 2922 790 2993 λέγεται.
827 2921 911 2976 Τά
954 2916 1048 2976 οὖν
1099 2918 1272 2988 σκεύη
1311 2918 1410 2972 τοῦ
1444 2917 1714 2987 διαϐόλου,
1747 2918 1845 2973 καὶ

244 3011 378 3073 τοὺς
407 3008 605 3080 ἐκείνῳ
626 3005 1078 3077 διακονουμένους
1105 3003 1428 3077 ἀνθρώπους
1454 3003 1719 3075 ἀγγέλους
1747 3004 1845 3058 06-

238 3093 341 3147 106
391 3092 569 3148 καλεῖ.
616 3090 717 3146 Διὰ
759 3090 814 3144 τί
839 3085 953 3156 οῦν,
990 3088 1147 3161 φησὶ,
1188 3088 1513 3162 πρόσκειται
1549 3090 1615 3160 τῇ
1649 3088 1841 3160 σαρκί;

241 3177 376 3231 Ὅτι
419 3178 455 3246 ἡ
489 3174 631 3248 σὰρξ
663 3174 1012 3247 ἐμαστίζετο,
1050 3176 1085 3245 ἠ
1127 3174 1186 3228 δὲ
1219 3171 1368 3244 ψυχὴ
1415 3171 1735 3242 ἐκουφίζετο
1774 3174 1841 3245 τῇ

240 3261 425 3316 ἐλπίδι
446 3260 558 3317 τῶν
585 3259 892 3332 μελλόντων
923 3257 1264 3330 ἐπαιρομένη
1282 3274 1298 3289 ·
1337 3256 1459 3310 0666
1497 3255 1607 3328 709
1638 3256 1843 3327 ⁴ἥπτετο

237 3346 347 3417 τῆς
377 3344 579 3416 ψυχῆς,
614 3343 737 3399 0666
770 3341 1097 3407 ὑπεσκέλιζε
1151 3341 1280 3404 τοὺς
1326 3338 1475 3394 ένδον
1509 3338 1803 3408 λογισμοὺς
1823 3379 1839 3405 ,

238 3428 388 3485 ἀλλὰ
421 3430 584 3500 μέχρι
613 3428 714 3501 τῆς
741 3426 944 3499 σαρκὸς
971 3426 1216 3498 εἱστήκει
1241 3422 1313 3478 τά
1345 3425 1717 3496 μηχανήματα
1745 3422 1841 3477 καί.

239 3514 270 3567 6
302 3511 547 3584 πόλεμος
568 3552 584 3577 ,
631 3511 773 3565 εἵσω
808 3509 1059 3582 διαϐῆναι
1102 3509 1178 3581 μὴ
1208 3507 1529 3579 δυνάμενος.
1563 3506 1717 3561 Ἐπεὶ
1747 3501 1841 3561 οὖν

237 3595 389 3666 αῦτη
407 3594 685 3666 ἐτέμνετο,
701 3592 839 3664 αῦτη
858 3590 1207 3666 ἐμαστίζετο,
1242 3589 1383 3662 αὕτη
1413 3590 1693 3663 ἐδεσμείτο
1720 3590 1842 3662 (ψυ-

239 3679 348 3751 χὴν
368 3676 479 3750 γὰρ
499 3677 662 3749 δῆσαι
682 3675 944 3748 ἀδύνατον
980 3670 1095 3747 ἦν),
1124 3673 1215 3728 διά
1232 3673 1395 3748 ,τοῦτο
1422 3673 1592 3743 λέγει,
1627 3673 1838 3743 Ἐδόθη

237 3780 343 3834 μοι
370 3762 619 3830 σκόλοψ
636 3758 716 3829 τῇ
737 3759 922 3831 σαρκὶ
954 3759 1211 3832 ἄγγελος
1244 3757 1466 3825 Σατᾶν,
1493 3759 1597 3814 ἵνα
1634 3775 1714 3829 με
1744 3776 1843 3814 κο-

236 3841 486 3915 λαφίζῃ,
507 3845 640 3908 τοὺς
665 3844 1027 3917 πειρασμοὺς,
1049 3843 1150 3907 τὰς
1169 3842 1403 3913 θλίψεις,
1419 3842 1549 3908 τοὺς
1566 3842 1842 3914 διωγμοὺς

238 3927 641 3997 αἰνιττόμενος.
659 3922 794 3981 Εἶτα
817 3926 902 3996 τί;
931 3928 1102 3996 Ὑπὲρ
1126 3927 1345 3981 τούτου
1368 3926 1519 3994 τρίς,
1550 3927 1708 3997 φησί,
1731 3925 1842 3982 τὸν

238 4012 474 4081 Κύριον
492 4008 884 4079 παρεκάλεσα
905 4027 919 4043 ·
949 4009 1097 4064 τοῦτ’
1127 4008 1269 4074 ἐστι,
1288 4009 1560 4074 Πολλάκις
1585 4009 1836 4081 ἐδεήθην,

237 4093 435 4167 φησὶν,
466 4093 608 4147 ὥστε
649 4090 987 4148 ἀναπνεῦσαι
1021 4093 1219 4165 μικρὸν
1246 4094 1312 4146 ἐκ
1339 4090 1450 4146 τῶν
1491 4093 1835 4164 πειρασμῶν.

249 4179 452 4249 Ὑμεῖς
476 4176 534 4231 66
557 4176 840 4249 μέμνησθε
861 4175 965 4248 τῆς
985 4177 1167 4242 αἰτίας
1184 4171 1252 4249 ἧς
1272 4171 1446 4240 εἷπον,
1461 4176 1544 4231 ὃτι
1563 4176 1652 4232 διά
1678 4176 1849 4231 τοῦτο

240 4262 530 4332 συγχωρεῖ
553 4261 582 4312 6
613 4259 748 4325 Θεὸς
777 4262 906 4326 τοὺς
958 4259 1156 4315 ἑαυτοῦ
1188 4261 1411 4326 δούλους
1455 4261 1835 4334 μαστίζεσθαι,

238 4343 615 4410 ἐλαύνεσθαι,
653 4344 828 4416 μυρία
869 4344 1104 4415 πάσχειν
1159 4344 1338 4408 δεινά,
1370 4345 1457 4399 ἵνα
1501 4333 1602 4416 τὴν
1642 4343 1837 4399 ἐαυτοῦ

238 4428 398 4499 δείξῃ
423 4426 677 4499 δύναμιν.
714 4427 847 4482 Ἰδοὺ
872 4427 983 4501 γάρ
1029 4427 1127 4483 καὶ
1155 4427 1394 4484 ἐνταῦθα
1431 4429 1671 4501 δεηθεὶς,
1697 4429 1839 4485 ὥστε

240 4512 553 4584 ἀποστῆναι
579 4511 746 4566 αὑτοῦ
778 4512 848 4567 τά
886 4513 1058 4586 μυρία
1111 4513 1262 4569 δεινά
1307 4514 1405 4570 zcal
1433 4516 1560 4581 106;
1599 4517 1840 4571 ἀντικει-

245 4596 473 4667 μένους,
501 4596 603 4651 οὑκ
632 4596 868 4669 ἐπέτυχε
896 4597 1000 4669 τῆς
1032 4598 1306 4670 αἰτήσεως
1325 4616 1339 4630 ·
1388 4599 1485 4653 καί.
1530 4599 1631 4671 τὴν
1660 4600 1839 4656 αἰτίαν

240 4679 466 4752 τίθησι,
509 4679 576 4734 δι’
606 4679 674 4751 ἥν
712 4680 814 4735 οὑκ
856 4681 1088 4753 ἐπέτυχε
1136 4680 1238 4753 τῆς
1276 4682 1568 4754 αἰτήσεως.
1607 4684 1706 4748 Τίς
1745 4679 1847 4739 οὖν

243 4765 402 4818 ἐστιν
428 4764 464 4835 ἡ
505 4764 694 4831 αἰτία;
722 4763 874 4819 οὑδέν
903 4765 1013 4836 γὰρ
1056 4764 1257 4819 κωλύει
1282 4766 1446 4821 πάλιν
1492 4766 1666 4838 αὑτῆς
1714 4767 1838 4821 ἐπι-

250 4848 589 4921 μνησθῆναι·
630 4849 823 4919 Ἀρκεῖ
844 4865 966 4916 σοι,
1002 4851 1190 4923 φησὶν,
1216 4851 1254 4921 ἠ
1282 4850 1455 4920 χάρις
1471 4868 1592 4922 μου
1610 4868 1626 4885 ’
1660 4851 1701 4921 ἡ
1728 4854 1839 4924 γὰρ

246 4932 506 5003 δύναμις
527 4950 649 5004 μου
676 4933 747 4987 ἐν
766 4934 1053 5003 ἀσθενείᾳ
1083 4935 1435 4992 τελειοῦται.

286 5111 336 5167 δ’
344 5153 357 5166 .
375 5109 541 5182 Ὁρᾷς
556 5107 641 5162 ὅτι
665 5105 757 5162 διὰ
770 5106 930 5162 τοῦτο
951 5109 1230 5179 συγχωρεῖ
1237 5105 1411 5172 όΘεὸς
1425 5104 1553 5172 τοὺς
1567 5106 1835 5177 ἀγγέλους

245 5199 340 5254 τοῦ
362 5200 581 5255 Σατανᾶ
611 5202 727 5264 τοῖς
754 5198 920 5255 06106
947 5198 1154 5262 δούλοις
1179 5199 1512 5261 ἐπικεῖσθαι,
1542 5200 1639 5254 καὶ
1665 5198 1837 5271 μυρία

249 5289 514 5362 παρέχειν
547 5290 871 5361 πράγματα,
894 5289 984 5345 ἵνα
1017 5290 1052 5360 ἡ
1083 5287 1315 5360 δύναμις
1343 5288 1510 5343 06106
1543 5289 1835 5360 διαφαίνη-

247 5399 377 5449 ταις
406 5386 617 5448 Ὄντως
641 5382 753 5455 γὰρ
776 5381 882 5438 κάν
916 5381 1055 5454 πρὸς
1074 5380 1365 5452 Ἕλληνας,
1396 5380 1502 5436 κάν
1537 5381 1677 5454 πρὸς
1708 5381 1838 5446 106;

248 5474 467 5540 ἀθλίους
520 5475 810 5541 Ἰουδαίους
851 5472 1265 5546 διαλεγώμεθα,
1301 5474 1462 5545 ἀρκεῖ
1500 5474 1662 5528 τοῦτο
1699 5476 1837 5547 ἡμῖν

251 5567 333 5630 εἰς
374 5565 653 5632 ἀπόδειξιν
681 5567 783 5639 τῆς
830 5566 982 5632 θείας
1026 5565 1339 5637 δυνάμεως,
1385 5564 1448 5618 τὸ
1494 5564 1583 5620 διά
1624 5566 1836 5638 μυρίων

252 5655 401 5730 [609}
435 5657 686 5730 πολέμων
729 5656 831 5729 τὴν
868 5656 1053 5711 πίστιν
1095 5655 1495 5728 εἰσενεχθεῖσαν
1538 5658 1836 5730 κρατῆσαι,

254 5748 351 5805 καί
393 5749 494 5821 τῆς
536 5750 861 5823 οἰκουμένης
909 5749 1131 5822 ἀπάσης
1188 5748 1689 5823 ἀντιπραττούσης,
1736 5751 1838 5805 καὶ

1271 377 1339 434 ΙΝ
1367 377 1429 434 S.
1455 374 1906 435 EUSTATIIIUM
1948 374 2468 439 ANTIOCHENUM.

3426 382 3532 440 θοι

1949 490 2089 560 μετά
2106 491 2307 563 πολλῆς
2326 493 2428 563 τῆς
2456 492 2817 564 σφοδρότητος
2841 492 3248 567 ἀπωθουμένων
3277 495 3534 554 ἀπάντων

1942 585 2069 648 106;
2111 584 2320 639 δώδεκα
2349 585 2671 659 ἀνθρώπους
2718 587 2996 653 ἐκείνους,
3032 588 3158 653 τοὺς
3202 588 3536 656 ἀποστόλους
3610 588 3617 598 ’

1943 673 2128 744 λέγω,
2161 676 2453 749 δυνηθῆναι
2498 679 2556 731 ἐν
2603 677 2798 750 βραχεῖ
2842 678 3021 752 καιρῷ
3065 679 3534 751 μαστιζομένους,

1944 767 2376 841 ἐλαυνομένους,
2430 768 2600 840 μυρία
2635 769 2946 841 πάσχοντας
2992 771 3175 837 δεινὰ,
3223 770 3332 827 τῶν
3363 774 3536 829 ταῦτα

1944 859 2246 915 ποιούντων
2298 852 2573 933 κρατῆσαι
2621 861 2742 932 μεθ’
2789 862 3099 937 ὑπερϐολῆς
3150 865 3391 937 ἀπάσης.
3433 865 3537 919 Διά

1941 951 2118 1005 ταῦτα
2153 950 2366 1006 καὶτὸν
2416 953 2687 1025 μακάριον
2720 953 3022 1009 Εὑστάθιον
3057 956 3242 1027 ἀφῆκε
3272 958 3409 1028 πρὸς
3432 956 3535 1026 τὴν

1945 1042 2248 1116 ὑπερορίαν
2278 1045 2308 1098 6
2343 1043 2475 1108 Θεὸς
2519 1045 2910 1117 ἀπενεχθῆναι,
2950 1047 3039 1101 ἵνα
3093 1048 3362 1119 μειζόνως
3402 1049 3534 1120 ἡμῖν

1942 1134 2091 1207 δείξῃ
2117 1134 2215 1188 καὶ
2242 1134 2344 1206 τὴν
2372 1135 2603 1208 δύναμιν
2633 1138 2735 1209 τῆς
2788 1137 3079 1210 ἀληθείας,
3115 1141 3211 1192 καὶ
3249 1138 3536 1211 τῶναίρε-

1942 1225 2112 1280 τικῶν
2139 1226 2239 1297 τὴν
2267 1227 2576 1284 ἀσθένειαν.
2611 1229 2842 1283 Μέλλων
2881 1230 3061 1284 τοίνυν
3091 1229 3231 1301 πρὸς
3255 1215 3355 1303 την
3400 1233 3535 1285 ἀπο-

1942 1319 2145 1390 δημίαν
2172 1318 2413 1389 ἀπιέναι,
2444 1320 2545 1392 τὴν
2580 1320 2680 1392 μὲν
2710 1322 2866 1376 πόλιν
2894 1322 3069 1392 ἠφίει,
3099 1322 3200 1394 τὴν
3229 1322 3284 1377 66
3310 1324 3534 1394 ἀγάπην

1944 1411 2098 1484 ὑμῶν
2131 1412 2231 1468 οὑκ
2253 1414 2405 1485 ἠφίει
2426 1430 2440 1445 ο
2472 1414 2591 1467 0666
2620 1414 2807 1489 ἐπειδὴ
2839 1414 2936 1488 τῆς
2959 1416 3290 1487 Ἐκκλησίας
3314 1417 3535 1484 ἐξεϐάλ-

1942 1508 2084 1574 λετο,
2127 1509 2222 1564 καὶ
2252 1509 2352 1580 τῆς
2380 1508 2721 1582 προστασίας
2753 1513 2849 1562 καὶ
2875 1508 2976 1579 τῆς
3012 1510 3152 1581 ὑπὲρ
3181 1510 3336 1581 ὑμῶν
3369 1513 3533 1583 κηδε-

1946 1602 2137 1675 μονίας
2165 1602 2445 1675 ἀλλότριον
2476 1602 2670 1657 ἐαυτὸν
2709 1598 2852 1656 εἶναι
2878 1601 3151 1673 ἐνόμιζεν,
3178 1603 3313 1658 ἀλλά
3351 1605 3536 1676 μειζό-

1942 1711 2049 1757 νως
2076 1693 2196 1748 τότε
2227 1692 2479 1764 ὲκήδετο,
2505 1693 2599 1748 καὶ
2628 1693 2915 1765 ἐφρόντιζε
2935 1710 2950 1725 ³
2972 1694 3068 1749 καὶ
3092 1694 3329 1761 καλέσας
3362 1697 3536 1751 ᾶπαν-

1939 1803 2040 1850 τας
2066 1785 2409 1857 παρεκάλεσε
2439 1786 2513 1858 μὴ
2542 1787 2968 1859 παραχωρῆσαι,
2997 1787 3132 1858 μηδέ
3155 1787 3398 1843 ἐνδοῦναι
3421 1792 3533 1853 τοῖς

1940 1877 2168 1942 λύκοις,
2212 1875 2347 1948 μηδὲ
2389 1876 2685 1949 προδοῦναι
2714 1877 2818 1949 τὴν
2862 1877 3101 1950 ποίμνην
3144 1879 3359 1943 αὐτοῖς,
3397 1878 3535 1933 ἀλλά

1944 1971 2128 2042 μένειν
2161 1969 2310 2023 ἔνδον
2346 1968 2804 2041 ἐπιστομίζοντας
2839 1970 2937 2040 μὲν
2967 1970 3168 2033 αὑτοὺς
3193 1970 3289 2024 καὶ
3323 1970 3535 2040 διελέγ-

1941 2077 2157 2132 χοντας,
2185 2061 2313 2124 106;
2338 2059 2763 2133 ἀκεραιοτέρους
2791 2060 2848 2114 δὲ
2878 2060 2988 2114 τῶν
3026 2061 3272 2132 ἀδελφῶν
3300 2061 3535 2132 ἀσφαλι-

1943 2150 2225 2224 ζομένους.
2250 2150 2363 2206 Καὶ
2387 2152 2469 2205 ὅτι
2501 2150 2684 2215 καλῶς
2717 2151 2996 2220 ἐκέλευσε,
3025 2152 3088 2206 τὸ
3121 2153 3275 2218 τέλος
3298 2153 3533 2220 ἔδειξεν

1943 2245 1992 2299 εἰ
2031 2243 2140 2315 γὰρ
2173 2242 2250 2316 μὴ
2287 2242 2540 2315 ἐμείνατε
2571 2244 2629 2296 ἐν
2663 2244 2730 2311 τῇ
2769 2242 3069 2314 Ἐκκλησία
3097 2243 3243 2311 τότε,
3280 2243 3341 2297 τὸ
3375 2243 3536 2297 πλέον

1942 2336 2044 2407 τῆς
2070 2335 2280 2399 πόλεως
2303 2330 2372 2407 ἦν
2402 2333 2826 2406 διεφθαρμένον,
2855 2334 2942 2386 ἐπ’
2969 2334 3205 2406 ἐρημίας
3228 2334 3334 2388 τῶν
3353 2334 3536 2390 λύκων

1944 2428 2014 2484 τά
2038 2429 2287 2502 πρόϐατα
2318 2427 2606 2483 ἐσθιόντων
2624 2444 2637 2459 ο
2664 2426 2782 2481 ἀλλ’
2807 2426 3016 2482 ἐκείνου
3037 2428 3098 2481 τὸ
3121 2428 3272 2499 ῥῆμα
3295 2426 3532 2482 ἐκώλυσε

1947 2521 2088 2593 μετά
2116 2520 2302 2585 ἀδείας
2331 2521 2532 2585 06106;
2574 2519 2675 2590 τὴν
2704 2518 2910 2574 οἰκείαν
2956 2518 3326 2586 ἐπιδείξασθαι
3370 2536 3537 2588 πονη-

1947 2614 2088 2685 ρίαν.
2116 2612 2192 2666 U6
2222 2612 2285 2666 16
2310 2611 2464 2676 τέλος
2492 2611 2550 2666 66
2582 2610 2751 2678 ἔδειξε
2789 2611 2969 2683 μόνον,
2996 2608 3134 2663 ἀλλά
3167 2610 3263 2664 καὶ
3296 2610 3363 2664 τὰ
3387 2609 3535 2663 Παύ-

1941 2704 2035 2759 λου
2069 2706 2319 2778 ῥήματαο
2360 2702 2457 2757 καί
2485 2701 2596 2773 γάρ
2626 2696 2784 2766 οὗτος
2820 2702 2953 2773 παρ’
2982 2699 3193 2755 ἐκείνου
3223 2699 3536 2764 παιδευθεὶς

1941 2799 2115 2853 ταῦτα
2138 2796 2397 2871 παρῄνει.
2424 2794 2495 2849 Τί
2534 2790 2628 2852 οὖν
2659 2794 2690 2851 6
2716 2794 2931 2859 Παῦλός
2961 2811 3138 2865 φησι;
3170 2793 3401 2849 Μέλλων
3428 2795 3537 2848 ἀπ-

1942 2889 2173 2961 ἀγεσθαί
2197 2906 2328 2943 ποτε
2350 2890 2430 2953 εἰς
2452 2886 2789 2960 τὴν-Ῥώμην
2809 2887 2910 2960 τὴν
2937 2887 3176 2959 ἐσχάτην
3201 2887 3535 2959 ἀποδημίαν,

1945 2981 2066 3053 μεθ’
2088 2981 2157 3053 ἧν
2181 2981 2282 3035 οὑκ
2310 2979 2391 3034 ἔτι
2423 2979 2649 3050 ἔμελλεν
2677 2964 2908 3047 ὄψεσθαι
2938 2979 3065 3042 τοὺς
3099 2977 3345 3050 μαθητάς
3365 2994 3379 3008 ο
3414 2980 3538 3032 Οὐκ

1940 3071 2028 3126 ἐτι
2054 3069 2169 3141 γὰρ
2215 3067 2374 3140 ὑμᾶς
2415 3070 2659 3140 ὄψομαι,
2694 3068 2865 3141 φησί’
2891 3068 3052 3123 τοῦτο
3082 3069 3139 3123 66
3178 3068 3385 3138 ἔλεγεν,
3415 3068 3537 3139 οὑχί

1940 3163 2183 3235 λυπῆσαι
2206 3201 2223 3227 ,
2275 3160 2392 3217 ἀλλ’
2441 3160 2852 3231 ἀσφαλίσασθαι
2905 3159 3231 3232 βουλόμενος
3254 3176 3271 3193 ο
3320 3161 3538 3232 μέλλων

1939 3253 2120 3309 τοίνυν
2148 3253 2453 3333 ἀποδημεῖν
2503 3252 2739 3319 ἐκεῖθεν,
2769 3251 2914 3306 οὑτω
2962 3267 3082 3316 πως
3123 3252 3323 3316 06106;
3356 3254 3536 3323 ἠσφα-

1938 3343 2118 3408 λίζετο
2141 3343 2343 3413 λέγων’
2378 3338 2523 3397 Οἶδα
2555 3342 2646 3397 ὅτι
2666 3341 2821 3412 μετὰ
2852 3341 2970 3411 τὴν
3007 3342 3218 3413 ἇςοιξίν
3250 3360 3371 3412 μου
3403 3345 3534 3397 εἱσ-

1941 3426 2488 3505 ελεύσονταιπρὸς
2509 3431 2666 3505 ὑμᾶς
2692 3434 2868 3489 λύκοι
2890 3433 3126 3504 βαρεῖς,
3150 3434 3251 3488 καί
3275 3432 3347 3498 ἐξ
3365 3432 3537 3504 ὑμῶν

1918 3528 2140 3601 ⁸αὐτῶν
2207 3524 2662 3595 ἀναστήσονται
2724 3525 2942 3595 ἄνδρες
3004 3525 3346 3592 λαλοῦντες
3414 3524 3534 3579 διε-

1938 3617 2308 3690 στραμμένα.
2324 3617 2598 3690 Τριπλοῦς
2618 3618 2646 3671 6
2663 3615 2922 3687 πόλεμος,
2938 3615 2972 3687 ἡ
2991 3614 3154 3685 φύσις
3173 3614 3283 3668 τῶν
3304 3613 3534 3687 θηρίων,

1932 3710 1974 3782 ῃ
1997 3707 2304 3781 χαλεπότης
2329 3706 2425 3761 106
2448 3706 2713 3779 πολέμου,
2736 3706 2796 3760 τὸ
2824 3705 2900 3778 μὴ
2922 3704 3260 3776 ἀλλοτρίους,
3278 3704 3416 3760 ἀλλά
3440 3706 3538 3759 καί.

1939 3802 2179 3866 οἰκείους
2208 3797 2354 3855 εἶναι
2386 3800 2516 3865 τοὺς
2542 3797 2949 3871 πολεμοῦντας·
2981 3796 3072 3852 διά
3099 3796 3259 3851 τοῦτο
3284 3796 3538 3869 χαλεπώ-

1937 3911 2135 3967 τερος·
2172 3892 2424 3957 εἰκότως.
2471 3891 2574 3945 “Av
2610 3891 2709 3963 μὲν
2736 3889 2849 3963 γὰρ
2882 3889 3087 3958 ἔξωθέν
3124 3889 3194 3961 μέ
3237 3907 3322 3953 τις
3364 3889 3533 3962 βάλλῃ

1938 3989 2037 4042 καὶ
2074 3986 2319 4058 πολεμῇ,
2351 3985 2551 4058 ῥᾳδίως
2581 3981 2753 4039 αὑτοῦ
2778 3982 3165 4056 περιγενέσθαι
3192 3983 3532 4056 δυνήσομαι·

1941 4078 2008 4133 ἂν
2032 4078 2091 4133 66
2116 4076 2327 4133 ἔνδοθεν
2361 4075 2472 4131 ἀπὸ
2503 4075 2600 4130 τοῦ
2633 4075 2888 4148 σώματος
2924 4074 3038 4148 φύῃ
3059 4075 3120 4130 τὸ
3143 4074 3318 4141 ἕλκος,
3346 4076 3535 4130 δυσία-

1939 4188 2033 4227 τον
2061 4169 2273 4240 γίνεται
2299 4169 2361 4223 τὸ
2395 4167 2595 4223 κακόν·
2626 4168 2655 4222 6
2684 4167 2750 4239 δὴ
2781 4168 2879 4221 καί.
2909 4167 3032 4221 τότε
3054 4166 3296 4236 ἐγένετο.
3322 4166 3414 4220 Διὸ
3439 4168 3538 4222 καὶ

1940 4262 2176 4336 παρῄνει
2210 4260 2409 4331 λέγων,
2453 4260 2792 4331 Προσέχετε
2837 4258 3077 4327 ἑαυτοῖς
3111 4259 3209 4314 καὶ
3237 4258 3418 4314 παντί
3454 4256 3543 4325 τῷ

1940 4356 2231 4427 ποιμνίῳο
2267 4355 2369 4410 οὑκ
2403 4349 2549 4421 εἰπε,
2581 4354 2994 4418 Καταλιπόντες
3024 4353 3093 4408 τὰ
3123 4353 3373 4427 πρόϐατα
3400 4353 3539 4422 φεύ»

1941 4462 2069 4517 γετε
2108 4444 2234 4513 ἔξω.
2260 4444 2450 4499 Ταῦτα
2484 4445 2582 4501 καὶ
2617 4447 2646 4500 6
2682 4446 2958 4518 μακάριος
2997 4444 3297 4509 Εὑστάθιος
3335 4460 3544 4497 πεπαιο

1941 4537 2203 4611 δευμένος
2246 4537 2481 4611 παρῄνει
2523 4540 2638 4601 τοῖς
2673 4537 2873 4593 ἐαυτοῦ
2910 4537 3215 4609 μαθηταῖς’
3247 4536 3393 4607 ειπερ
3437 4530 3542 4590 οὖν

1942 4632 2088 4686 καὶὸ
2117 4630 2283 4701 σοφὸς
2310 4625 2468 4695 οὗτος
2510 4630 2609 4685 καὶ
2638 4633 2885 4701 γενναῖος
2916 4629 3238 4693 διδάσκαλος
3268 4628 3537 4696 ἀκούσας,

1940 4722 2089 4797 ἔργῳ
2116 4723 2209 4778 τὸν
2233 4722 2388 4791 λόγον
2421 4722 2763 4795 ἐπλήρωσεν.
2791 4722 3089 4777 Εἰσιόντων
3115 4720 3248 4790 γοῦν
3283 4721 3538 4783 ἐκείνων.

1938 4818 2042 4872 οὑκ
2070 4816 2254 4889 ἀφῆκε
2277 4816 2350 4871 τά
2366 4816 2640 4889 πρόϐατα,
2667 4815 2845 4871 καίτοι
2864 4833 2929 4887 γε
2953 4815 3055 4870 οὐκ
3072 4811 3143 4887 ἦν
3173 4814 3266 4869 ἐπὶ
3290 4814 3382 4869 τὸν
3409 4814 3537 4887 θρό-

1940 4926 2031 4965 νον
2067 4909 2168 4979 τῆς
2199 4908 2378 4981 ἀρχῆς
2413 4907 2685 4963 ἀνελθώνο
2728 4907 2846 4962 ἀλλ’
2879 4906 3034 4961 οὐδὲν
3066 4905 3228 4960 τοῦτο
3259 4906 3398 4979 πρὸς
3432 4908 3541 4979 τὴν

1939 4992 2196 5071 γενναίαν
2225 5000 2445 5071 ἐκείνην
2483 5000 2578 5055 καὶ
2603 4999 2896 5070 φιλόσοφον
2923 4998 3129 5072 ψυχήν.
3164 4998 3279 5064 Τὰς
3303 4998 3533 5072 μὲνγὰρ

1938 5092 2107 5165 τιμὰς
2144 5091 2256 5146 τῶν
2299 5092 2578 5165 ἀρχόντων
2613 5091 2824 5164 ἑτέροις
2864 5091 3038 5162 ἠφίει,
3066 5092 3193 5156 τοὺς
3231 5090 3292 5145 66
3335 5091 3533 5155 πόνους

1937 5183 2049 5238 τῶν
2097 5183 2376 5254 ἀρχόντων
2420 5183 2584 5246 αὑτὸς
2617 5183 2895 5255 ὑπέμενεν
2917 5220 2935 5247 ,
2985 5180 3134 5238 ἔνδον
3180 5183 3385 5255 μεταξὺ
3421 5181 3532 5235 τῶν

1936 5275 2119 5329 λύκων
2151 5274 2516 5346 στρεφόμενος
2536 5289 2551 5306 ·
2586 5273 2740 5328 οὐδὲν
2770 5273 2881 5348 γάρ
2906 5274 3070 5329 αὑτὸν
3101 5277 3153 5331 οἰ
3180 5275 3290 5328 τῶν
3324 5273 3533 5346 θηρίων

1939 5364 2152 5429 ὀδόντες
2179 5364 2469 5432 ἔϐλαπτον,
2491 5363 2668 5429 οὕτως
2689 5365 3049 5438 ἰσχυροτέραν
3072 5365 3256 5418 πίστιν
3280 5358 3396 5435 εἷχε
3419 5363 3535 5416 τῶν

1940 5456 2171 5512 ἐκείνων
2201 5456 2518 5529 δηγμάτων.
2555 5457 2748 5511 Ἔνδον
2785 5457 2968 5513 τοίνυν
3013 5456 3403 5529 στρεφόμενος,
3433 5456 3531 5512 καῖ

1939 5550 2006 5621 τῇ
2037 5547 2298 5621 γινομένῃ
2331 5549 2468 5621 πρὸς
2499 5548 2662 5604 αὑτὸν
2692 5547 2842 5621 μάχῃ
2884 5547 3097 5612 πάντας
3137 5546 3336 5610 06106;
3361 5548 3531 5617 ἀσχοο

1940 5639 2070 5703 λῶν,
2090 5639 2295 5711 πολλὴν
2324 5638 2511 5694 ἄδειαν
2537 5641 2652 5703 τοῖς
2675 5638 2972 5710 προϐάτοις
2994 5638 3428 5708 παρεσκεύαζεν.
3452 5638 3531 5692 Οὑ

1941 5729 2099 5785 τοῦτο
2119 5729 2181 5784 66
2203 5731 2363 5801 μόνον
2394 5729 2568 5784 ἐποίει
2596 5728 2923 5801 ἐμφράττων
2955 5726 3144 5783 αὐτῶν
3159 5726 3227 5781 τά
3253 5728 3531 5799 στόματα,
