4104 6452
367 424 472 480 605

367 542 452 595 bat
471 582 485 603 ,
517 551 642 592 num
670 536 790 607 quis
818 535 926 591 telo
950 549 1236 607 percussus
1267 534 1470 600 fuisset,
1504 544 1629 590 num
1651 551 1811 605 grave
1842 535 1958 590 vul-

368 647 470 688 nus
497 631 797 700 accepisset
825 672 838 694 ,
867 631 1152 698 statimque
1174 628 1618 682 medicamentum
1652 627 1958 682 adhibebat.

369 722 480 779 Hoc
519 722 645 778 dum
685 721 903 782 faceret.
947 720 1012 774 ad
1055 735 1234 774 veram
1279 719 1434 774 (idem
1460 734 1648 774 omnes
1672 719 1958 784 animavit,

366 831 467 870 nec
503 816 652 885 prius
679 814 924 881 destitit,
958 828 1114 883 quam
1146 813 1237 870 Dei
1268 828 1490 868 munere
1515 819 1675 882 atque
1700 825 1962 867 concessu

368 909 558 963 beatus
581 907 826 962 Meletius
864 906 1114 972 advenit,
1143 906 1231 976 qui
1263 915 1424 959 totam
1453 919 1683 960 massam
1723 906 1958 975 accepit;

366 1000 456 1054 hic
485 998 790 1060 seminavit,
816 997 906 1052 ille
925 998 1167 1052 messuit.
1192 997 1318 1051 Tale
1339 996 1464 1066 quid
1485 997 1647 1051 etiam
1675 996 1886 1067 Moyses
1909 1007 1965 1051 et

364 1093 547 1146 Aaron
574 1091 954 1161 praestiterunt.
982 1089 1115 1144 Nam
1155 1098 1209 1145 et
1250 1089 1322 1144 illi
1355 1087 1602 1144 fermenti
1629 1089 1680 1142 in
1717 1103 1920 1143 morem
1943 1129 1960 1156 ,

363 1183 493 1239 dum
528 1183 579 1236 in
614 1181 794 1237 medio
821 1181 1198 1252 Egyptiorum
1227 1188 1568 1236 versarentur
1589 1222 1604 1244 ,
1638 1179 1834 1234 multos
1861 1178 1962 1233 ἀοι-

365 1275 607 1329 mestica:
668 1274 886 1344 pietatis
951 1274 1291 1328 aemulatores
1347 1271 1661 1328 reddebant.
1715 1269 1964 1325 Testatur

367 1368 470 1422 hoc
503 1367 746 1438 Moyses,
786 1365 914 1420 dum
959 1365 1184 1420 multum
1227 1364 1416 1435 vulgus
1443 1363 1800 1435 promiscuum
1839 1376 1962 1417 eum

367 1460 625 1516 Israelitis
692 1458 769 1513 ait
835 1457 1142 1513 ascendisse
1201 1455 1416 1528 (Exod.
1477 1456 1564 1511 12.
1612 1456 1740 1527 38).
1809 1455 1964 1510 Hunc

368 1551 608 1623 Bloysem
659 1549 874 1606 imitans
896 1549 995 1604 iste
1013 1550 1220 1617 ,-etiam
1249 1557 1372 1604 ante
1399 1550 1765 1618 magistratum
1785 1588 1800 1613 ,
1843 1561 1963 1618 qua:

370 1645 715 1714 magistratus
778 1651 936 1698 erant
988 1641 1209 1712 gerebat
1268 1658 1281 1695 :
1327 1640 1588 1710 siquidem
1628 1640 1716 1695 ille
1788 1639 1964 1710 prius-

367 1748 532 1802 quam
570 1733 622 1787 in
664 1733 915 1802 populum
941 1731 1172 1786 delatum
1202 1730 1277 1785 illi
1305 1739 1448 1786 esset
1485 1730 1766 1800 imperium
1789 1771 1803 1796 ,
1853 1729 1962 1784 for.

363 1827 492 1880 titer
538 1824 1028 1903 admodum‘atque
1071 1839 1330 1894 generose
1371 1823 1663 1879 inferentes
1715 1822 1960 1892 injuriam

366 1915 642 1985 puniebat,
688 1915 936 1985 injuriam
978 1916 1242 1986 patientes
1285 1914 1637 1970 ulciscebatur
1662 1956 1678 1981 ,
1722 1922 1776 1969 et
1816 1915 1962 1984 regia

1505 417 1569 474 IN
1599 419 1656 475 S.
1701 417 2037 476 ROMANUM
2076 420 2482 481 MARTYREM.
2523 424 2563 481 l.

3560 441 3664 496 606

2070 550 2249 592 mensa
2273 579 2289 604 ,
2324 537 2618 596 honoribus
2647 539 3100 617 dignitatibusque
3139 550 3458 620 contemptis
3484 553 3551 607 ad
3581 555 3664 608 lu-

2068 635 2178 681 tum
2204 637 2260 682 et
2286 629 2574 686 lateritium
2599 647 2735 703 Opus
2755 637 3004 692 currebat
3024 680 3038 704 ,
3063 653 3126 694 ac
3152 639 3356 696 deliciis
3385 645 3661 713 omnibus,

2066 721 2426 789 voluptatibus
2474 731 2528 778 et
2573 724 2862 781 honoribus
2905 729 3290 798 praeferendam
3333 736 3664 806 prepinquo-

2066 825 2186 864 rum
2236 826 2417 866 curam
2462 814 2807 871 existimabat
2836 835 2851 872 :
2882 819 2947 873 ad
2980 835 3135 890 quem
3167 824 3350 878 oculos
3391 826 3492 882 iste
3531 843 3663 883 cou-

2069 908 2282 957 vertens
2312 905 2652 974 magistratus
2680 923 2868 965 omnes
2895 925 2988 964 sua
3032 911 3084 966 in
3115 917 3368 983 pepulum
3395 918 3662 973 sollicitu-

2067 991 2193 1046 dine
2221 996 2756 1067 commonefaciebat,
2789 1009 2842 1054 et
2881 1001 3090 1058 labores
3118 1005 3357 1074 perferre
3380 1050 3394 1072 ,
3424 1009 3664 1080 undique

2067 1083 2325 1149 divexari,
2357 1102 2515 1156 quam
2548 1091 2929 1160 tranquillitate
2956 1093 3058 1149 l‘rui
3087 1096 3339 1164 malebat,
3373 1113 3436 1153 ac
3463 1115 3658 1170 perpe-

2068 1185 2186 1232 tuas
2217 1179 2270 1234 in
2300 1180 2418 1236 dies
2445 1182 2746 1238 inimicitias
2769 1184 3094 1242 incurrebat.
3123 1188 3498 1247 Verumtamen
3523 1193 3660 1248 levia

2067 1279 2220 1324 erant
2247 1271 2321 1326 illi
2347 1273 2526 1327 omnia
2557 1290 2570 1326 :
2601 1275 2863 1345 siquidem
2891 1291 2956 1332 ex
2984 1278 3047 1332 iis
3073 1280 3232 1335 rebus
3253 1322 3268 1346 ,
3301 1297 3419 1352 quae
3448 1283 3661 1339 accide—

2067 1361 2226 1430 bant,
2273 1364 2519 1419 idoneam
2547 1369 2932 1425 consolationis
2962 1375 3300 1428 occasionem
3343 1376 3654 1445 arripiebat.

2066 1453 2197 1521 Quae
2246 1470 2366 1510 cum
2404 1458 2475 1511 ita
2524 1460 2670 1526 sint,
2718 1460 2829 1516 Deo
2868 1464 3069 1532 gratias
3105 1474 3325 1535 agentes
3351 1478 3660 1525 sanctormn

2068 1546 2293 1602 istorum
2321 1549 2546 1607 virtutes
2594 1553 2899 1620 imitemur,
2947 1565 3005 1610 ut
3035 1561 3340 1615 earumdem
3383 1577 3503 1617 cum
3533 1541 3664 1633 ipsis

2067 1653 2385 1694 coronarum
2416 1643 2701 1714 participes
2738 1660 2858 1701 esse
2887 1649 3157 1705 valeamus
3177 1691 3195 1717 ,
3223 1653 3391 1721 gratia
3420 1663 3475 1708 et
3503 1654 3656 1709 beni-

2067 1723 2267 1799 gni‘tate
2293 1731 2504 1786 Domini
2538 1736 2706 1790 nostri
2731 1735 2856 1792 Jcsu
2885 1738 3084 1795 Christi
3111 1781 3124 1804 ,
3157 1757 3252 1810 per
3280 1757 3440 1810 quem
3464 1753 3518 1798 ct
3543 1761 3663 1800 cum

2067 1836 2173 1891 quo
2198 1822 2343 1878 Patri
2366 1840 2576 1896 unaque
2595 1838 2781 1882 sancto
2807 1829 3025 1899 Spiritui
3054 1831 3256 1902 gloria,
3285 1835 3456 1889 honor
3475 1844 3532 1890 et
3564 1837 3664 1890 im-

2068 1916 2274 1984 perium
2301 1916 2353 1972 in
2383 1919 2576 1974 saecula
2605 1921 2947 1977 sceculorum.
2981 1925 3176 1979 Amen.

1648 2122 1660 2138 ι

398 2154 3644 2201 gazam—ww

1794 2456 2237 2520 ADMONITIO.

373 2713 619 2771 set‘unda
653 2710 964 2766 dicendum.
993 2707 1147 2763 Licet
1171 2705 1320 2761 enim
1347 2703 1467 2758 haec
1494 2699 1659 2755 verba
1687 2697 1792 2753 sub
1821 2698 1983 2751 linem
2015 2695 2296 2749 humilia};
2343 2691 2636 2747 Voluissem
2663 2691 2905 2762 equidem
2940 2689 2996 2742 in
3018 2689 3175 2761 hujus
3208 2692 3464 2760 martyris
3495 2707 3660 2761 argu-

377 2836 551 2882 mento
585 2825 938 2882 exsultantem
970 2822 1265 2878 orationem
1293 2821 1361 2874 ad
1399 2819 1559 2889 ﬁnem
1582 2832 1746 2885 usque
1775 2813 2032 2868 deducere
2059 2829 2077 2866 :
2105 2822 2161 2866 at
2193 2811 2333 2881 justi
2365 2811 2525 2880 spatii
2559 2818 2760 2878 tempus
2789 2809 3022 2874 advenit,
3046 2817 3096 2863 et
3129 2817 3186 2862 ut
3223 2805 3374 2880 [6H]
3404 2808 3660 2862 sileamus

375 2949 642 3004 hortatur.
677 2945 820 3000 Nam
846 2953 894 2999 et
925 2944 1064 2998 vobis
1094 2941 1163 2996 ad
1197 2939 1486 2994 utilitatem
1516 2937 1627 2991 haec
1663 2935 1805 2988 dicta
1834 2933 2122 3003 sufﬁciunt,
2152 2942 2199 2985 et
2234 2929 2530 2992 necessaria
2559 2935 2683 2982 sunt
2717 2926 2902 2982 Patris
2929 2927 3270 2993 documenta,
3299 2936 3356 2979 ut
3387 2927 3530 2980 dicta
3564 2925 3664 2980 illa

375 3065 741 3141 perﬁciantur.
786 3060 954 3123 Licet,
987 3059 1235 3129 inquam,
1265 3057 1380 3111 hinc
1429 3052 1596 3109 verba
1630 3049 1953 3105 Flavianum
1987 3047 2309 3118 episcopum
2357 3059 2481 3099 mox
2538 3042 2996 3098 conciouaturum
3044 3042 3310 3108 indicent,
3345 3051 3404 3095 ut
3447 3040 3504 3094 in
3535 3038 3661 3093 aliis

382 3179 763 3254 Chrysostomi
809 3176 1052 3232 homiliis
1087 3189 1196 3230 non
1230 3170 1608 3240 infrequenter
1639 3163 2155 3226 animadvertimus,
2207 3173 2581 3230 magnumque
2630 3156 2760 3212 hinc
2802 3156 3157 3228 γνησιότητος
3197 3155 3464 3210 indicium
3515 3155 3660 3212 sumi

378 3312 542 3371 posse
575 3295 843 3357 videatur,
892 3298 1133 3345 attamen
1186 3284 1313 3357 styli
1372 3296 1548 3355 genus
1577 3288 1686 3334 tam
1715 3277 1968 3333 absimile
1998 3275 2216 3331 videtur
2251 3273 2373 3327 aliis
2417 3270 2800 3343 Chrysostomi
2858 3272 3239 3339 orationibus,
3279 3271 3370 3325 vix
3403 3278 3464 3326 ut
3513 3271 3664 3326 credi

376 3413 559 3486 possit
589 3412 733 3467 hanc
764 3423 885 3464 esse
912 3405 970 3462 S.
1003 3403 1242 3461 doctoris
1279 3400 1586 3456 homiliam.
1615 3395 1812 3452 Omnia
1842 3396 1930 3450 hic
1961 3395 2134 3466 tropis
2163 3389 2768 3461 exclamationibusque
2799 3390 3135 3455 redundant,
3165 3398 3220 3444 et
3269 3390 3458 3446 nescio
3500 3406 3666 3460 quam

386 3529 836 3604 peregrinitatem
873 3525 1046 3590 olent,
1071 3521 1116 3578 si
1149 3535 1274 3576 cum
1300 3515 1737 3590 praecedentibus
1774 3523 1828 3569 et
1857 3510 2216 3582 sequentibus
2259 3505 2624 3562 concionibus
2665 3511 3078 3575 comparentur.
3108 3501 3290 3569 Quare
3330 3502 3661 3557 crediderim

377 3651 568 3724 potius
594 3661 715 3704 esse
752 3644 1040 3717 cujusdam
1072 3639 1374 3712 presbyteri
1409 3635 1758 3701 Antiocheni,
1805 3635 1898 3706 qui
1935 3631 2039 3690 sub
2082 3629 2348 3685 Flaviano
2394 3625 2638 3681 alternas
2682 3639 2805 3679 cum
2853 3622 3252 3693 Chrysostomo
3295 3620 3667 3676 conciouandi

382 3770 571 3834 partes
601 3764 804 3830 ageret.

457 3903 842 3975 lnterpretatio
897 3900 1091 3957 Latina
1131 3897 1321 3969 primae
1362 3895 1602 3950 homiliae
1633 3901 1719 3948 est
1762 3889 1958 3947 incerti
1992 3885 2304 3959 cujusdam,
2356 3879 2615 3939 secundae
2670 3895 2796 3938 vero
2853 3878 3148 3936 Frontonis
3203 3877 3421 3946 Dircaei;
3483 3879 3676 3935 amhas

381 4021 596 4090 aliquot
620 4021 673 4074 in
705 4019 838 4076 locis
865 4016 1307 4072 emendavimus.

372 4255 3522 4300 Μ

1500 4394 2361 4507 ιΑΠΒΑΤΙο
2435 4396 2504 4503 1

1523 4621 1746 4667 SANCTI
1786 4619 2108 4666 usn'rnus
2137 4617 2382 4663 ROMANI
2441 4609 2543 4680 (a).

1845 4771 2208 4866 bombo

460 4924 511 4979 1.
554 4920 666 4975 Nos
703 4931 876 4973 sumus
913 4913 1200 4982 Martyrum
1241 4901 1493 4970 membra,
1523 4900 1625 4954 imo
1663 4897 1872 4953 Christi.
1901 4925 1974 4936 —

387 5017 594 5072 Rursus
620 5018 912 5080 martyrum
944 5003 1199 5059 memoria
1222 5041 1239 5067 ,
1270 5006 1325 5054 et
1361 5009 1546 5051 rursus
1576 4993 1690 5047 dies
1730 4990 1896 5045 festus
1925 4996 1980 5044 et

385 5106 671 5164 celebritas
693 5096 1001 5172 Spiritualis.
1029 5093 1363 5150 Laborarunt
1389 5087 1485 5152 illi,
1506 5093 1561 5140 et
1579 5097 1677 5138 nos
1699 5081 1975 5136 laetamur:

387 5201 736 5256 decertarunt
773 5193 846 5251 illi
871 5233 886 5259 ,
916 5200 971 5246 et
1007 5204 1105 5244 nos
1134 5186 1462 5244 exsultamus
1492 5198 1505 5234 :
1536 5179 1748 5234 illorum
1779 5183 1862 5231 est
1886 5187 1980 5228 co-

391 5306 524 5348 rona
559 5296 615 5343 et
641 5284 939 5341 communis
968 5279 1135 5352 gloria
1159 5319 1174 5344 ,
1205 5280 1314 5331 imo
1339 5273 1514 5344 potius
1541 5269 1701 5324 totius
1727 5264 1982 5321 Ecclesite

390 5382 586 5457 gloria.
616 5379 684 5434 Et
710 5374 996 5447 quomodo,
1024 5371 1166 5426 dicet
1193 5367 1474 5440 quispiam.
1503 5370 1685 5434 posset
1707 5359 1808 5414 hoc
1833 5355 1984 5457 ﬁeri?

392 5449 528 5542 Quia
569 5479 747 5542 partes
789 5477 843 5522 et
881 5463 1120 5520 membra
1161 5469 1340 5515 nostra
1375 5465 1498 5511 sunt
1527 5462 1787 5524 martyres
1820 5469 1832 5505 :
1867 5449 1986 5542 Sire

395 5540 582 5618 autem
610 5561 800 5634 patitur
840 5572 998 5610 unum
1040 5551 1353 5616 membrum,
1399 5547 1774 5618 compatiuntur
1817 5540 1986 5596 omnia

460 5677 541 5741 (α)
570 5673 748 5726 Collata
769 5682 878 5722 eum
900 5668 1043 5721 Codd.
1069 5674 1220 5730 negg.
1249 5662 1370 5713 1959
1396 5665 1448 5711 et
1470 5654 1606 5712 2342’s

2084 4895 2306 4950 membra
2337 4911 2357 4950 :
2379 4895 2482 4949 sive
2507 4893 2824 4966 gloriﬁcatur
2848 4907 3006 4946 unum
3036 4887 3332 4952 membrum,
3361 4883 3683 4956 congaudent

2084 4989 2256 5044 omnia
2283 4988 2504 5042 membra
2538 4987 2558 5060 (
2581 4987 2634 5042 1.
2659 4985 2776 5041 Cor.
2812 4984 2897 5039 12.
2925 4983 2995 5038 26
3013 4981 3054 5054 ).
3082 4981 3253 5050 Caput
3280 4989 3566 5035 coronatur
3584 5018 3600 5041 ,
3629 4989 3684 5032 et

2085 5080 2349 5151 reliquum
2393 5094 2588 5149 corpus
2633 5077 2862 5133 exsultat
2895 5094 2908 5130 :
2937 5089 3076 5130 unus
3114 5080 3196 5129 est
3237 5073 3408 5127 victor
3448 5071 3499 5124 in
3545 5069 3684 5123 ludis

2085 5172 2376 5245 Olympicis
2394 5215 2410 5240 ,
2439 5183 2493 5228 et
2523 5180 2666 5227 totus
2700 5171 2896 5242 gaudet
2923 5168 3152 5240 populus
3173 5208 3188 5233 ,
3217 5166 3531 5238 magnisque
3558 5177 3683 5216 eum

2087 5264 2333 5320 laudibus
2355 5263 2569 5332 excipit.
2596 5262 2651 5319 Si
2672 5271 2850 5316 autem
2878 5261 2930 5316 in
2958 5259 3252 5333 Olympicis
3275 5253 3682 5313 certaminibus,

2088 5359 2178 5429 qui
2205 5358 2335 5412 nihil
2362 5356 2428 5412 ad
2459 5357 2580 5411 illos
2604 5355 2828 5413 sudores
2853 5353 3228 5416 contulerunt,
3258 5357 3404 5402 tanta
3436 5346 3682 5400 fruuntur

2089 5451 2398 5520 voluptate:
2430 5449 2599 5504 multo
2639 5447 2806 5519 magis
2841 5446 2942 5502 hoc
2980 5445 3072 5500 liet
3106 5445 3159 5500 in
3196 5440 3410 5496 athletis
3451 5436 3683 5508 pietatis.

2090 5540 2198 5596 Nos
2239 5539 2404 5610 pedes
2449 5555 2666 5604 sumus,
2707 5547 2970 5609 martyres
3008 5545 3186 5590 autem
3223 5540 3399 5601 caput.
3431 5528 3534 5585 Sed
3578 5543 3684 5582 non

2093 5644 2270 5708 potest
2306 5642 2467 5706 caput
2508 5634 2685 5691 dicere
2721 5630 2977 5721 pedibus,
3009 5625 3186 5686 Vestri
3237 5639 3346 5681 non
3391 5637 3522 5695 egeo
3561 5616 3689 5692 (1b.
