4104 6456
511 392 611 449 601

512 521 558 559 υ.
588 501 704 576 ril).
732 500 972 559 Gloriosa
1004 505 1124 554 sunt
1153 498 1414 563 membra,
1445 495 1536 550 sed
1575 493 1758 563 gloria:
1784 488 2096 546 excellentia

513 611 618 648 non
648 593 816 647 aliena
849 592 932 645 illa
963 589 1088 644 facit
1116 603 1145 641 a
1175 586 1547 655 conjunctione
1568 625 1582 649 ,
1611 600 1728 654 qua:
1757 592 1839 637 est
1863 595 1984 635 cum
2011 594 2098 633 re-

514 684 670 754 liquis
707 683 942 753 partibus
966 681 983 712 ί
1013 698 1028 734 :
1062 689 1186 733 tunc
1214 678 1355 731 enim
1393 675 1526 729 fiunt
1563 674 1792 728 maxime
1831 671 2060 741 gloriosa
2085 710 2101 736 ,

515 774 726 842 quando
751 789 868 828 eam
894 813 907 836 ,
937 787 1057 842 qua:
1085 769 1360 824 nobiscum
1387 777 1468 822 est
1493 806 1508 833 ,
1541 763 1970 834 conjunctionem
1997 776 2102 814 non

518 866 829 936 abruperiut
858 881 873 918 :
905 880 1027 917 nam
1073 861 1258 914 oculus
1295 873 1543 928 quoque,
1583 856 1706 910 licet
1746 853 1952 923 reliquo
1997 861 2106 906 toto

520 969 747 1025 corpore
767 955 837 1008 sit
860 951 1204 1023 splendidior,
1228 964 1378 1003 suam
1406 959 1530 1001 tunc
1552 946 1775 1016 gloriam
1803 951 2104 1008 conservat,

519 1045 730 1116 quando
767 1059 796 1097 a
837 1044 1042 1113 reliquo
1084 1055 1312 1109 corpore
1355 1053 1462 1093 non
1499 1035 1846 1091 abscinditur.
1889 1034 1954 1088 Et
1981 1031 2106 1102 quid

520 1138 589 1194 de
615 1136 936 1206 martyribus
965 1133 1123 1187 dico?
1160 1133 1214 1187 Si
1251 1131 1393 1184 enim
1439 1129 1693 1184 Dominus
1735 1128 1972 1196 ipsorum
2011 1139 2111 1178 no-

522 1241 689 1284 strum
717 1237 875 1297 caput
899 1226 1012 1280 fieri
1044 1241 1151 1280 non
1187 1224 1432 1289 erubuit,
1469 1222 1636 1275 multo
1673 1219 1840 1289 magis
1865 1216 1964 1287 ipsi
1990 1229 2110 1270 esse

522 1328 703 1375 nostra
729 1319 966 1374 membra
994 1334 1097 1371 non
1123 1316 1446 1371 erubescunt
1475 1332 1490 1368 :
1519 1313 1714 1367 habent
1739 1311 1881 1366 enim
1907 1308 2112 1363 radica-

525 1421 630 1465 tam
655 1412 927 1465 caritatem
953 1428 968 1465 :
994 1409 1130 1463 solet
1159 1417 1337 1462 autem
1363 1406 1557 1460 caritas
1586 1419 1648 1458 ea
1668 1445 1683 1469 ,
1709 1417 1828 1473 qua:
1855 1411 1978 1456 sunt
2002 1400 2114 1454 dis-

518 1503 735 1573 juncta,
775 1502 1102 1572 conjungere
1142 1509 1197 1554 et
1239 1499 1524 1568 colligare,
1563 1511 1733 1566 neque
1760 1495 1826 1550 de
1856 1493 2111 1564 dignitate

523 1585 811 1649 admodum
842 1602 1086 1648 accurate
1111 1592 1350 1663 inquirit.
1380 1591 1528 1646 Sicut
1551 1604 1679 1659 ergo
1710 1587 1809 1657 ipsi
1838 1587 2110 1656 peccanti-

524 1687 622 1742 bus
652 1686 803 1740 nobis
829 1685 1013 1740 dolore
1038 1684 1195 1740 simul
1226 1681 1550 1748 afficiuntur,
1579 1683 1647 1735 ita
1676 1695 1776 1734 nos
1801 1680 1959 1734 etiam
1988 1693 2110 1732 cum

523 1783 605 1834 eis
649 1779 703 1834 in
741 1789 885 1833 recte
929 1777 1081 1832 factis
1118 1791 1302 1830 eorum
1346 1775 1606 1829 laztamur.
1648 1772 1736 1828 Sic
1764 1772 1922 1826 etiam
1955 1770 2114 1840 jussit

525 1871 721 1927 Paulus
746 1870 977 1941 gaudere
1005 1885 1124 1939 cum
1151 1867 1523 1938 gaudentibus,
1555 1874 1610 1920 et
1635 1864 1764 1920 ﬂere
1787 1879 1909 1918 cum
1939 1862 2115 1918 flenti-

526 1963 625 2017 bus
654 1962 830 2032 (Rom.
865 1960 952 2016 1‘2.
991 1962 1093 2030 l5).
1141 1959 1246 2014 Sed
1291 1958 1418 2013 flere
1457 1957 1668 2028 quidem
1705 1971 1824 2011 cum
1865 1955 2114 2010 flentibus

528 2054 684 2109 facile
713 2063 812 2118 est,
847 2052 1077 2122 gaudere
1102 2061 1278 2106 autem
1303 2065 1422 2105 cum
1453 2048 1803 2120 gaudentibus
1830 2062 1937 2101 non
1965 2046 2115 2100 facile

527 2145 810 2200 admodum
839 2162 852 2198 :
876 2144 1082 2199 facilius
1103 2145 1244 2199 enim
1270 2158 1390 2197 cum
1419 2141 1501 2206 iis,
1526 2141 1616 2210 qui
1643 2141 1697 2194 in
1723 2137 2113 2194 calamitatibus

526 2247 670 2302 sunt,
699 2237 961 2301 dolemus,
988 2251 1145 2305 quam
1173 2250 1293 2290 cum
1325 2233 1410 2298 iis,
1439 2233 1630 2303 quibus
1658 2241 1780 2288 sunt
1810 2245 1896 2285 res
1926 2244 2116 2283 secun-

525 2329 642 2393 dm,
673 2329 981 2399 gaudemus.
1013 2327 1144 2382 Nam
1176 2326 1282 2380 illic
1309 2324 1521 2395 quidem
1553 2325 1662 2392 ipsa
1685 2321 1999 2376 calamitatis
2022 2335 2113 2373 na-

527 2431 643 2474 tura
668 2428 842 2489 potest
869 2419 951 2474 vel
979 2419 1203 2488 lapidem
1227 2416 1443 2472 ﬂectere
1463 2415 1526 2469 ad
1551 2414 2071 2470 commiserationem
2096 2427 2110 2464 :

525 2511 613 2566 hic
650 2520 827 2565 autem
857 2511 910 2564 in
938 2509 1098 2564 rebus
1135 2508 1408 2578 prosperis
1451 2506 1646 2562 invidia
1684 2516 1738 2560 et
1777 2505 1909 2559 livor
1949 2519 2071 2558 eum
2096 2543 2111 2570 ,

523 2605 612 2674 qni
643 2620 747 2658 non
785 2603 942 2658 valde
972 2602 1373 2672 philosophatur
1396 2643 1410 2667 ,
1443 2615 1547 2655 non
1587 2600 1714 2654 sinit
1741 2597 1879 2654 effici
1907 2599 2112 2653 socium

532 2695 830 2764 voluptatis.
856 2694 987 2748 Nam
1014 2692 1458 2764 quemadmodum
1484 2691 1676 2746 caritas
1697 2705 1781 2756 ea,
1805 2705 1924 2759 qua:
1943 2689 2112 2744 divisa

525 2797 670 2849 sunt,
699 2786 976 2854 conjungit
999 2793 1052 2840 et
1077 2783 1291 2853 colligat
1319 2801 1332 2836 :
1359 2783 1438 2836 sic
1465 2782 1626 2836 ctiam
1657 2780 1852 2834 invidia
1879 2795 1965 2846 ea,
1995 2794 2115 2848 quas

525 2879 670 2932 unita
700 2886 856 2944 sunt,
885 2877 1089 2932 dividit.
1113 2876 1466 2943 Quamobrem
1486 2915 1501 2939 ,
1525 2888 1621 2929 oro
1649 2888 1744 2929 vos
1764 2913 1778 2937 ,
1805 2872 2114 2929 studeamus

523 2966 758 3036 gaudere
786 2981 907 3021 cum
947 2966 1030 3030 iis,
1057 2966 1146 3036 qui
1178 2976 1324 3021 recte
1353 2980 1465 3020 rem
1495 2972 1706 3034 gerunt,
1740 2971 1798 3016 ut
1825 2963 2056 3016 animam
2082 2977 2112 3016 a

425 3120 436 3126 ο
524 3059 693 3113 livore
732 3067 890 3127 atque
929 3056 1126 3111 invidia
1166 3070 1521 3126 expurgemus
1555 3073 1569 3108 :
1602 3055 1734 3108 nihil
1777 3054 1918 3107 enim
1963 3069 2113 3123 atque

523 3151 772 3205 morbum
810 3150 954 3206 hunc
989 3167 1204 3221 gravem
1235 3159 1531 3220 curatuque
1557 3147 1826 3204 difficilem
1856 3147 2110 3216 expellit,

522 3251 684 3312 atque
713 3258 834 3298 cum
873 3244 938 3297 lis
961 3285 975 3309 ,
1003 3243 1093 3313 qui
1133 3243 1325 3296 vivunt
1351 3242 1403 3295 in
1432 3242 1663 3307 virtute,
1693 3238 1944 3310 gaudere.
1973 3237 2111 3291 Audi

522 3333 700 3403 itaque
722 3349 878 3403 quam
904 3348 1144 3388 summus
1166 3332 1220 3387 in
1246 3332 1328 3386 his
1350 3333 1585 3402 utrisque
1611 3331 1680 3385 sit
1707 3329 1900 3384 Paulus
1925 3346 1938 3381 :
1964 3327 2109 3394 Quis,

521 3425 712 3496 inquit,
740 3425 1047 3495 infirmatur,
1078 3435 1124 3479 et
1155 3441 1243 3495 ego
1286 3442 1386 3479 non
1415 3423 1686 3494 infirmor?
1711 3423 1825 3493 quis
1850 3421 2110 3476 scandali-

518 3525 685 3584 zatur,
712 3526 758 3570 et
783 3533 874 3588 ego
908 3535 1008 3571 non
1033 3533 1154 3570 uror
1180 3515 1260 3587 (2.
1286 3514 1403 3571 Cor.
1435 3516 1521 3570 ll.
1553 3514 1688 3588 99)?
1719 3515 1830 3568 Non
1861 3513 2012 3576 dixit,
2045 3511 2112 3566 Et

520 3621 623 3677 ego
660 3608 904 3662 molesua
933 3625 1038 3662 non
1075 3607 1284 3662 afficior
1312 3625 1324 3661 :
1355 3606 1473 3672 sed,
1505 3606 1616 3676 Ego
1646 3623 1748 3660 non
1780 3621 1922 3671 uror,
1954 3605 2107 3668 dixit,

518 3697 708 3752 urcndi
744 3699 908 3752 verbo
951 3712 1216 3752 summum
1256 3697 1410 3752 nobis
1441 3697 1679 3751 dolorem
1710 3695 1895 3750 volens
1923 3702 2109 3750 osten-

518 3790 665 3844 dere.
704 3791 764 3845 Et
810 3806 995 3846 rursus
1030 3789 1097 3844 ad
1140 3789 1276 3844 alios
1316 3789 1558 3844 scribens
1597 3787 1754 3854 dicit,
1798 3786 1924 3842 Sine
1967 3785 2110 3839 nobis

516 3883 812 3952 regnavistis
835 3898 854 3937 :
875 3891 920 3936 et
939 3884 1134 3936 utinam
1158 3883 1528 3954 regnavissetis,
1553 3891 1606 3934 ut
1627 3898 1718 3935 nos
1738 3896 1933 3952 quoque
1957 3878 2111 3933 simul

515 3975 769 4026 vobiscum
794 3989 1118 4044 regnaremus
1146 3973 1222 4046 (l.
1259 3973 1376 4027 Cor.
1410 3974 1462 4027 Δ.
1493 3971 1580 4043 8).
1613 3973 1681 4027 Ει
1709 3986 1924 4037 rursus,
1954 3970 2108 4044 Nunc

515 4064 725 4118 vivimus
745 4105 759 4130 ,
787 4065 830 4117 si
859 4079 946 4118 vos
971 4065 1114 4119 statis
1136 4065 1191 4119 in
1223 4063 1440 4119 Domino
1474 4065 1550 4134 (l.
1581 4064 1756 4120 Thess.
1789 4065 1840 4120 3.
1871 4064 1948 4137 8).
1977 4064 2109 4120 Vide
2160 4138 2164 4144 .

515 4165 844 4231 quantopere
889 4156 1172 4223 studebat,
1207 4165 1265 4211 ut
1298 4172 1384 4212 res
1413 4156 1633 4211 fratrum
1675 4165 1821 4212 recte
1851 4170 1909 4211 se
1939 4155 2107 4211 habe-

514 4256 671 4306 rent.
703 4249 792 4304 aui
834 4263 935 4303 nec
973 4264 1032 4305 se
1074 4249 1255 4304 vivere
1292 4248 1510 4320 quidem
1547 4249 1919 4317 existimabat,
1951 4248 1995 4303 si
2031 4247 2108 4303 illi

513 4340 647 4394 salvi
675 4355 780 4394 non
809 4349 1010 4395 essent.

586 4433 783 4488 Caritas
801 4433 910 4487 sine
930 4432 1172 4503 martyrio
1201 4430 1434 4502 prodest;
1454 4431 1752 4502 martyrium
1772 4431 1879 4486 sine
1900 4431 2108 4486 caritate

511 4541 615 4578 non
655 4524 876 4595 prodest.
931 4523 1164 4579 Romano
1206 4524 1381 4594 lingua
1419 4533 1711 4594 amputatur
1750 4540 1768 4578 :
1803 4524 2004 4594 quare?
2035 4554 2108 4564 —

511 4614 684 4672 Ilomo
709 4617 800 4687 qui
838 4616 904 4671 ad
949 4616 1162 4671 tertium
1186 4617 1374 4671 caelum
1407 4624 1590 4685 raptus
1620 4612 1790 4671 fuerat
1812 4657 1828 4682 ,
1859 4625 2020 4686 atque
2050 4615 2103 4670 in

513 4709 816 4778 paradisum
853 4709 1061 4764 delatus
1086 4752 1101 4777 ,
1129 4717 1182 4765 et
1211 4709 1298 4778 qui
1338 4709 1714 4780 mysteriorum
1759 4706 2103 4763 ineffabilium

511 4800 776 4869 particeps
805 4799 996 4864 fuerat,
1027 4809 1332 4869 tantamque
1356 4797 1494 4868 apud
1525 4799 1692 4853 Deum
1721 4797 1966 4853 fiduciam
1995 4797 2106 4853 fue-

515 4901 597 4944 rat
625 4900 943 4960 assequutus
967 4933 982 4958 ,
1014 4891 1227 4947 illorum
1259 4891 1519 4945 bonorum
1561 4904 1777 4944 sensum
1808 4904 1915 4943 non
1947 4888 2105 4944 valde

510 4981 827 5050 accipiebat,
854 4981 956 5036 nisi
982 4982 1141 5037 etiam
1170 4983 1362 5038 fratres
1389 4996 1570 5036 secum
1598 4982 1775 5037 salvos
1798 4996 1918 5036 esse
1943 4981 2105 5036 vidis-

509 5083 611 5128 set.
641 5072 856 5128 Sciebat
885 5073 1056 5139 enim,
1092 5073 1248 5143 plane
1290 5074 1528 5138 sciebat,
1561 5073 1783 5128 caritate
1821 5073 1954 5126 nihil
1982 5089 2104 5128 esse

508 5167 703 5238 majus,
737 5165 866 5221 nihil
899 5166 997 5235 ipsi
1030 5182 1126 5236 par
1153 5182 1305 5234 esse;
1337 5182 1438 5222 nec
1465 5167 1636 5237 ipsum
1662 5166 1875 5237 quidem
1903 5175 2104 5237 marty-

509 5261 644 5315 rium
672 5302 686 5326 ,
717 5259 858 5330 quod
886 5269 1046 5329 caput
1070 5258 1307 5312 omnium
1334 5268 1416 5314 est
1442 5259 1725 5315 bonorum.
1753 5258 1869 5326 Quo
1893 5273 2022 5313 vero
2048 5258 2100 5312 id

509 5353 722 5407 tandem
755 5351 915 5407 modo
939 5392 955 5417 ,
982 5351 1061 5406 sic
1096 5349 1263 5406 disce.
1308 5350 1439 5406 Nam
1477 5352 1669 5405 caritas
1694 5349 1908 5421 quidem
1938 5351 2099 5403 etiam

507 5445 711 5515 absque
751 5446 1007 5518 martyrio
1032 5443 1231 5500 Christi
1267 5443 1554 5516 discipulos
1590 5445 1712 5500 facit
1742 5464 1756 5500 :
1783 5445 2098 5514 martyrium

509 5546 686 5592 autem
729 5538 845 5594 sine
884 5540 1106 5594 caritate
1144 5537 1319 5594 facere
1358 5539 1411 5593 id
1449 5551 1555 5592 non
1597 5546 1787 5607 potest.
1819 5536 2097 5592 Uudenam

513 5626 616 5682 hoc
660 5628 784 5682 sciri
831 5630 1050 5698 potest?
1084 5629 1166 5684 Ab
1211 5631 1339 5701 ipsis
1381 5630 1577 5684 Christi
1625 5629 1802 5684 verbis
1838 5646 1852 5683 :
1887 5629 2096 5683 dicebat

510 5717 654 5772 enim
693 5719 963 5794 discipulis
993 5737 1009 5775 :
1037 5721 1104 5776 In
1140 5723 1234 5777 hoc
1261 5733 1556 5796 cognoscent
1585 5739 1755 5778 omnes
1779 5722 1914 5795 quod
1940 5722 2066 5777 disci
2077 5749 2096 5764 -

575 5831 594 5863 ⁸
630 5840 757 5886 Unus
785 5842 900 5900 Reg.
927 5843 1031 5893 Mr...
1053 5838 1294 5892 membris.

1259 384 1317 440 S.
1357 379 1629 439 JOANNIS
1666 373 2139 434 CllllYSOSTOMl
2179 373 2495 430 ARCIIIEP.
2536 373 3076 433 CONSTANTINOP.

3683 376 3794 433 σος

2211 489 2324 556 puli
2351 487 2450 541 mei
2476 488 2624 555 estis,
2651 489 2696 543 si
2723 505 2807 543 vos
2834 489 3044 542 invicem
3069 485 3293 557 diligatis
3315 485 3334 556 (
3353 486 3510 542 Joan.
3542 488 3630 543 l5.
3659 490 3729 544 '55
3750 492 3796 564 ).

2209 580 2349 635 Ecce
2372 582 2566 636 caritas
2596 581 2712 650 sine
2748 581 3002 652 martyrio
3027 579 3318 648 discipulos
3347 579 3493 632 facit.
3523 578 3674 646 Quod
3699 596 3799 635 au-

2210 680 2316 726 tem
2360 672 2669 742 martyrium
2714 673 2830 727 sine
2873 672 3094 726 caritate
3139 685 3246 724 non
3290 670 3461 724 solum
3508 670 3800 739 discipulos

2210 778 2316 816 non
2343 761 2522 826 faciat,
2552 762 2646 817 sed
2677 778 2776 816 nec
2803 764 2970 832 prosit
2997 762 3209 832 quidem
3241 761 3479 830 patienti,
3509 762 3631 816 audi
3656 763 3799 817 Pau-

2212 855 2318 908 lum
2345 855 2608 910 dicentem
2641 874 2654 910 :
2682 855 2743 910 Si
2779 856 3033 910 tradidero
3061 872 3246 925 corpus
3283 872 3481 920 meum,
3508 865 3562 908 ut
3588 855 3839 922 combu:

2211 963 2298 998 rar
2317 986 2332 1010 ,
2362 947 2621 1000 caritatem
2659 957 2825 1001 autem
2863 964 2964 1002 non
2992 946 3210 1001 habuero
3228 988 3244 1014 ,
3277 935 3418 1000 niltif'
3445 947 3568 1000 milii
3596 948 3801 1017 prodest

2214 1038 2289 1110 (l.
2317 1037 2436 1092 Cor.
2470 1040 2554 1094 15.
2584 1039 2663 1112 5).

2283 1131 2337 1184 2.
2367 1131 2653 1199 Propterea
2682 1139 2922 1186 sanctum
2952 1131 3093 1186 hunc
3121 1133 3350 1188 maxime
3375 1121 3559 1202 diligo,
3584 1133 3669 1204 qui
3702 1149 3803 1187 nos

2215 1222 2372 1277 hodie
2397 1225 2767 1293 congregavit,
2805 1223 3016 1278 beatum
3054 1223 3268 1294 inquam
3301 1225 3600 1285 Romanum
3620 1265 3635 1290 ,
3663 1240 3802 1295 quo-

2217 1315 2357 1368 niam
2382 1329 2500 1369 cum
2534 1317 2788 1385 martyrio
2823 1329 3067 1384 magnam
3095 1331 3304 1386 quoque
3333 1316 3386 1370 in
3416 1316 3681 1372 Christum
3708 1332 3802 1371 ca-

2217 1408 2424 1461 ritatem
2449 1405 2680 1462 ostendit
2704 1423 2719 1461 :
2742 1407 3085 1476 quamobrem
3113 1407 3159 1461 ei
3186 1422 3395 1477 quoque
3419 1417 3602 1462 sancta
3625 1409 3800 1479 lingua

2217 1497 2315 1552 fuit
2337 1505 2622 1567 amputata.
2653 1496 2862 1552 Etenim
2895 1497 2996 1553 hoc
3018 1513 3229 1568 quoque
3251 1501 3557 1554 examinare
3584 1516 3677 1571 par
3696 1511 3798 1570 est,

2217 1603 2444 1658 quanam
2475 1587 2542 1643 de
2569 1602 2726 1642 causa
2755 1604 2860 1642 non
2900 1587 2966 1642 ad
3004 1589 3104 1642 alia
3135 1589 3314 1658 utique
3345 1577 3641 1660 tormenta,
3668 1608 3800 1662 sup-

2218 1681 2374 1752 plicia
2403 1694 2457 1737 et
2485 1681 2748 1736 cruciatus
2776 1681 3019 1737 diabolus
3046 1698 3168 1738 eum
3206 1683 3520 1751 deduxerit,
3561 1686 3654 1741 sed
3698 1687 3803 1741 lin-

2217 1788 2372 1843 guam
2402 1773 2450 1828 ei
2479 1772 2782 1828 absciderit.
2812 1773 2928 1828 Non
2967 1775 3109 1828 enim
3155 1774 3257 1830 hoc
3297 1785 3494 1832 temere
3524 1779 3678 1842 fecit,
3713 1779 3804 1834 sed

2218 1865 2448 1920 maxima
2473 1879 2592 1919 cum
2619 1864 2818 1919 malitia
2849 1881 2862 1918 :
2893 1880 3015 1919 nam
3044 1865 3231 1920 callida
3254 1875 3309 1920 et
3329 1867 3563 1922 malefica
3585 1877 3667 1924 est
3693 1869 3807 1925 haec

2219 1955 2387 2011 bestia
2408 1999 2423 2023 ,
2450 1955 2690 2025 nihilque
2715 1971 2819 2010 non
2851 1955 2975 2011 facit
2999 1967 3053 2012 et
3081 1967 3258 2013 movet
3287 1958 3541 2014 adversus
3567 1971 3804 2017 nostram

2218 2047 2465 2101 salutem.
2503 2055 2620 2118 Age
2659 2061 2786 2116 ergo
2815 2049 3180 2104 examinean
3200 2091 3215 2114 ,
3245 2065 3340 2104 cur
3372 2051 3436 2105 ad
3477 2052 3666 2122 lingua:
3695 2054 3806 2120 ejus

2218 2138 2637 2212 amputationem
2679 2140 2978 2208 processit:
3009 2158 3193 2196 verum
3232 2143 3386 2210 paulo
3414 2143 3571 2199 altius
3608 2147 3807 2214 repeti-

2220 2240 2328 2286 tam
2356 2232 2654 2287 orationem
2688 2230 3025 2285 instituamus
3057 2251 3072 2291 :
3101 2233 3178 2288 sic
3203 2235 3344 2288 enim
3377 2235 3605 2290 sciemus
3630 2246 3684 2290 et
3719 2238 3807 2293 Dei

2206 2322 2639 2393 benignitatem,
2691 2331 2745 2377 et
2791 2325 3041 2394 martyris
3091 2326 3422 2380 tolerantiam
3450 2369 3463 2389 ,
3512 2335 3565 2382 et
3611 2328 3807 2386 diaboli

2220 2414 2598 2485 malignitatem
2628 2432 2642 2469 :
2676 2423 2729 2466 et
2760 2428 2882 2468 cum
2919 2415 3013 2470 Dei
3041 2416 3254 2485 quidem
3287 2417 3628 2473 didicerimus
3656 2419 3805 2474 beni-

2218 2507 2506 2576 gnitatem,
2539 2505 2770 2562 Domino
2805 2506 3002 2576 gratias
3041 2521 3297 2576 agemus;
3341 2511 3588 2582 martyris
3629 2522 3804 2568 autem

2219 2598 2426 2667 COgnita
2473 2598 2724 2667 patientia
2774 2611 3087 2652 conservum
3139 2599 3496 2666 imitabimur;
3544 2603 3805 2660 intellecta

2217 2705 2346 2746 vero
2380 2691 2570 2746 diaboli
2619 2693 2816 2748 malitia
2857 2690 3080 2748 omnino
3115 2691 3477 2748 aversabimur
3509 2695 3802 2753 inimicum.

2219 2781 2504 2851 Propterea
2543 2785 2684 2839 enim
2727 2786 2867 2842 Deus
2907 2783 3027 2856 ejus
3067 2784 3516 2840 machinationum
3562 2790 3803 2844 notitiam

2219 2873 2363 2928 dedit
2391 2875 2563 2940 nobis,
2590 2885 2647 2931 ut
2669 2891 2790 2932 eum
2819 2877 2986 2949 magis
3013 2875 3139 2936 odio
3169 2876 3446 2946 habentes,
3475 2877 3684 2934 facilius
3719 2897 3804 2935 su-
3873 2948 3883 2957 ο

2217 2980 2482 3035 peremus.
2534 2967 2686 3034 Quod
2729 2969 2870 3024 enim
2917 2971 3166 3042 cognosci
3207 2970 3415 3042 possint
3459 2973 3804 3037 cogitationes

2217 3059 2353 3128 ejus,
2376 3059 2497 3115 audi
2523 3061 2645 3130 quid
2672 3061 2814 3117 dicat
2842 3063 3036 3119 Paulus
3060 3064 3127 3120 de
3151 3080 3236 3134 eo,
3259 3067 3346 3136 qui
3375 3061 3670 3121 fonticulus
3697 3063 3804 3130 fue-

2217 3162 2300 3206 rat
2330 3169 2342 3205 :
2373 3153 2437 3206 ad
2469 3151 2775 3208 Corinthios
2803 3159 2943 3209 enim
2973 3156 3213 3212 scribens
3240 3160 3316 3212 sic
3351 3159 3423 3212 ait
3451 3175 3464 3211 :
3497 3155 3830 3226 Conlimtate,

2215 3237 2268 3290 in
2296 3240 2462 3305 ipsum
2487 3233 2747 3292 caritatem
2766 3279 2779 3302 ,
2810 3247 2863 3292 ut
2897 3257 2998 3295 non
3025 3241 3474 3297 circumveniamur
3496 3260 3528 3296 (ι
3554 3243 3753 3298 Salano
3780 3260 3800 3298 :

2217 3347 2315 3384 non
2341 3331 2474 3384 enim
2509 3332 2835 3400 cogitationes
2863 3333 2972 3402 ejus
3007 3334 3299 3405 ignoramus
3330 3335 3414 3407 (2.
3443 3335 3561 3390 Cor.
3589 3335 3645 3388 ἓ.
3678 3337 3729 3392 8.
3757 3347 3800 3389 et

2216 3421 2325 3492 11).
2350 3421 2604 3489 Quaenam
2625 3433 2708 3478 est
2732 3438 2858 3493 ergo
2878 3439 3058 3491 causa,
3085 3436 3301 3495 propter
3318 3442 3475 3500 quam
3496 3427 3544 3482 ei
3569 3427 3798 3498 linguam

2215 3513 2541 3582 amputavit?
2575 3513 2862 3569 Concedite
2901 3525 2959 3570 ut
2998 3532 3110 3572 rem
3151 3518 3306 3587 paulo
3343 3518 3500 3572 altius
3541 3528 3797 3587 repetam.

2215 3602 2388 3659 Grave
2413 3604 2610 3660 bellum
2641 3605 2739 3661 fuit
2767 3607 3051 3677 aliquando
3088 3611 3344 3664 adversus
3373 3609 3637 3664 Ecclesias
3663 3611 3803 3665 exci-

2214 3705 2416 3764 tatum,
2459 3713 2564 3753 non
2604 3697 2848 3754 barbaris
2889 3700 3149 3756 adversus
3193 3702 3435 3758 civitates
3472 3701 3802 3759 incursiones

2214 3787 2530 3843 facientibus
2550 3831 2564 3854 ,
2598 3805 2699 3847 nec
2725 3791 2848 3846 ullis
2872 3791 3185 3863 alienigenis
3205 3834 3220 3856 ,
3247 3793 3343 3848 sed
3379 3794 3442 3848 iis
3461 3834 3474 3855 ,
3501 3795 3590 3864 qui
3621 3804 3801 3848 nostro

2212 3877 2337 3934 huic
2367 3888 2630 3936 terrarum
2672 3883 2790 3938 orbi
2831 3897 3064 3954 praeesse
3102 3883 3446 3950 videbantur,
3479 3884 3800 3950 immanius,

2213 3989 2372 4044 quam
2405 3975 2611 4045 tyranni
2641 3975 2892 4046 quilibet,
2913 3976 3258 4031 tractantibus
3286 3992 3398 4039 eos,
3432 3977 3522 4047 qui
3566 3978 3800 4049 ipsorum

2213 4065 2438 4136 imperio
2461 4067 2734 4136 parebant.
2757 4067 2872 4122 Non
2899 4067 3039 4124 enim
3066 4069 3239 4124 solum
3267 4069 3506 4136 libertas,
3533 4079 3585 4125 et
3611 4073 3798 4140 patria,

2212 4168 2264 4214 et
2292 4160 2553 4231 pecuniae,
2585 4168 2639 4216 et
2667 4175 2904 4232 praesens
2933 4161 3037 4216 vita
3070 4171 3194 4218 tunc
3223 4163 3274 4217 in
3304 4164 3596 4234 periculum
3622 4165 3801 4220 venie-

2210 4252 2334 4319 bat;
2368 4252 2460 4307 sed
2501 4268 2724 4323 regnum
2750 4255 3002 4310 caelorum
3024 4295 3040 4319 ,
3069 4265 3124 4310 et
3159 4255 3296 4310 bona
3331 4274 3449 4327 qua:
3486 4258 3647 4329 jnstis
3683 4268 3800 4313 sunt

2210 4347 2476 4416 reposita,
2502 4347 2717 4416 vitaque
2744 4347 3060 4403 immortalis
3098 4358 3152 4405 et
3190 4351 3384 4405 Christi
3411 4353 3698 4408 confessio.
3727 4355 3801 4408 Ac

2211 4452 2382 4492 novus
2406 4453 2616 4508 quoque
2643 4439 2961 4509 captivitatis
2988 4441 3178 4496 modus
3202 4443 3531 4513 exeogitatus
3551 4455 3634 4500 est
3659 4465 3672 4499 :
3698 4460 3797 4499 non

2211 4533 2353 4586 enim
2383 4547 2447 4586 ex
2475 4547 2557 4596 ea,
2587 4548 2704 4600 quae
2727 4531 2813 4587 hic
2838 4543 2939 4600 est,
2968 4533 3180 4589 civitate
3208 4536 3567 4603 expellebant,
3594 4538 3688 4592 sed
3714 4553 3798 4592 su-

2209 4641 2373 4696 perna
2402 4624 2718 4690 Jerusalem,
2743 4641 2862 4696 qua:
2886 4636 2968 4682 est
2996 4627 3184 4691 libera,
3215 4628 3422 4697 privare
3448 4631 3797 4696 conabantur,

2209 4727 2264 4772 et
2292 4733 2724 4787 unumquemque
2751 4719 2802 4772 in
2829 4718 3085 4772 altaribus
3114 4720 3346 4774 animam
3377 4722 3678 4778 sacrificare
3706 4738 3796 4778 co-

2207 4809 2424 4879 gebant,
2447 4824 2510 4864 ac
2533 4823 2686 4864 suum
2716 4810 2996 4866 Dominum
3021 4812 3286 4882 abjurare,
3311 4828 3476 4884 seque
3497 4814 3794 4869 daemonum

2209 4901 2474 4970 tyrannidi
2503 4901 2765 4970 subjicere
2784 4944 2798 4968 ,
2830 4913 2884 4958 et
2923 4905 3253 4973 perniciosos
3283 4906 3575 4977 salutisque
3602 4917 3796 4963 nostra;

2207 4993 2390 5051 hostes
2418 4997 2692 5052 dtemones
2721 4999 2900 5053 colere
2918 5040 2932 5064 ,
2965 5000 3105 5068 quod
3133 5000 3280 5056 mille
3307 5002 3566 5058 mortibus
3591 5009 3645 5057 et
3668 5015 3795 5072 qua-

2153 5100 2174 5144 .'.
2207 5088 2287 5142 vis
2311 5087 2554 5158 gehenna
2583 5091 2795 5160 gravius
2818 5099 2871 5145 et
2896 5090 3284 5146 intolerabilius
3305 5093 3583 5163 generosis
3606 5093 3795 5147 animis

2207 5192 2262 5237 et
2284 5181 2479 5238 Christi
2504 5183 2807 5238 amantibus
2835 5191 2968 5238 erat.
2999 5184 3148 5240 Tunc
3174 5185 3424 5240 nimirum
3451 5228 3465 5251 ,
3493 5201 3614 5241 cum
3643 5184 3790 5240 multi

2206 5275 2706 5345 submergerentur,
2738 5285 2792 5330 et
2829 5277 3020 5332 fluctus
3058 5278 3109 5332 in
3147 5278 3312 5333 altum
3351 5280 3691 5345 tollerentur,
3733 5293 3790 5330 ac

2205 5367 2420 5437 plurimi
2451 5369 2783 5440 naufragium
2816 5370 3080 5435 facerent,
3117 5371 3302 5425 beatus
3329 5370 3414 5426 hic
3439 5371 3709 5426 Romanus
3740 5370 3789 5421 in

2205 5461 2438 5515 medium
2470 5475 2654 5515 eorum
2690 5461 3009 5530 procedens,
3053 5477 3158 5516 non
3199 5461 3375 5516 statim
3404 5461 3789 5524 consideravit,

2204 5569 2312 5624 quo
2349 5570 2407 5610 se
2451 5555 2609 5607 modo
2649 5555 2899 5623 periculis
2939 5554 3206 5618 traderet;
3240 5555 3334 5610 sed
3371 5571 3466 5611 eos
3495 5557 3672 5625 prius,
3705 5550 3788 5621 qui

2203 5657 2348 5700 metu
2377 5645 2606 5715 perculsi
2634 5646 2938 5701 ceciderant
2957 5689 2972 5710 ,
3000 5647 3085 5716 qui
3118 5647 3342 5701 salutem
3374 5662 3524 5701 suam
3555 5643 3787 5716 prodide-

2203 5745 2344 5805 rant,
2370 5737 2603 5807 collegit,
2635 5738 2908 5802 animavit,
2937 5748 2995 5791 ut
3020 5739 3260 5808 prmlium
3289 5740 3645 5793 instaurarent
3667 5735 3788 5792 cile-

2211 5831 2300 5898 cit,
2329 5843 2424 5886 eos
2449 5829 2684 5899 quidem,
2715 5831 2804 5900 qui
2835 5829 2968 5899 lapsi
3009 5840 3182 5900 erant,
3213 5830 3425 5903 erigens
3481 5846 3574 5886 eos
3600 5839 3785 5890 autem,
