4104 6494
371 540 483 598 6οτ

371 653 603 723 Ἕνδοξα
627 652 699 712 τά
728 655 887 728 μέλη,
912 656 1026 712 ἀλλ’
1066 658 1100 729 ἡ
1133 658 1376 735 ὑπεροχὴ
1404 660 1504 730 τῆς
1535 660 1693 731 δόξης
1721 662 1781 715 οὐ
1811 664 1956 716 ποιεῖ

371 743 472 812 τῆς
520 739 631 813 πρὸ
674 740 744 794 τά
793 740 956 794 λοιπά
994 742 1137 814 μέρη
1162 754 1189 782 ⁸
1235 745 1531 813 συναφείας
1564 745 1953 816 ἀλλοτρίωσιν·

361 826 541 900 ταύτῃ
574 825 686 897 γάρ
715 824 954 897 μάλιστα
990 826 1179 893 ἔνδοξα
1216 828 1464 896 γίνεται,
1512 828 1640 882 ὅταν
1664 830 1766 901 τὴν
1821 830 1958 901 πρὸς

367 912 518 985 ἡμᾶς
556 910 851 978 συνάφειαν
892 909 968 982 μὴ
989 909 1413 985 διακρούσηται·
1449 912 1570 966 ἐπεὶ
1611 912 1707 967 καὶ
1738 912 1943 983 ὀφθαλ-

371 995 492 1067 μὸς,
522 994 622 1048 τοῦ
673 993 864 1050 λοιποῦ
900 995 1104 1059 παντὸς
1135 995 1389 1067 σώματος
1428 995 1813 1069 λαμπρότερος
1854 997 1952 1065 ῶν,

366 1081 492 1133 τότε
524 1078 624 1151 τὴν
653 1078 862 1133 οίκείαν
890 1080 1141 1152 διατηρεῖ
1166 1080 1342 1147 δόξαν,
1367 1082 1497 1135 ὅταν
1524 1080 1601 1152 μὴ
1626 1080 1722 1135 τοῦ
1763 1080 1953 1136 λοιποῦ

659 1151 1065 1261 ἀποσχίζηταιῖί
1086 1164 1194 1260 [Sal
1222 1164 1275 1261 τί
1299 1163 1445 1261 λέγω
1468 1164 1950 1261 περὶῃμαρτύρωνς

363 1250 431 1315 El
462 1248 572 1320 γάρ
595 1249 624 1301 ό
673 1247 948 1319 Δεσπότης
991 1247 1172 1302 αὐτῶν
1200 1249 1301 1302 οὐκ
1339 1249 1653 1321 ἐπῃσχύνθη
1698 1252 1953 1319 γενέσθαι

371 1333 528 1405 ημῶν
566 1332 800 1402 κεφαλὴ,
835 1330 1016 1402 πολλῷ
1045 1332 1247 1403 μᾶλλον
1274 1333 1429 1386 αὐτοὶ
1456 1333 1594 1404 μέλη
1622 1335 1783 1406 ἡμῶν
1812 1330 1952 1389 εἶναι

362 1418 465 1470 οὐκ
509 1413 926 1485 ἐπαισχύνονται
951 1431 967 1445 ·
998 1415 1220 1487 ἀγάπην
1253 1415 1362 1487 γάρ
1390 1415 1608 1487 ἔχουσιν
1650 1418 1954 1490 ἐρριζωμέ-

359 1519 484 1572 νην,
518 1502 552 1573 ἡ
583 1500 640 1553 δὲ
668 1499 862 1570 ἀγάπη
902 1499 972 1553 τά
1013 1498 1339 1570 διεστηκότα
1391 1500 1684 1554 συνάπτειν
1710 1501 1805 1556 καὶ
1833 1519 1954 1557 συν-

356 1584 476 1638 δεῖν
507 1582 689 1646 είωθε,
722 1582 819 1636 καὶ
861 1582 989 1654 περὶ
1021 1582 1122 1653 τῆς
1153 1582 1312 1649 ἀξίας
1344 1581 1443 1636 οὐκ
1483 1583 1947 1654 άκριϐολογεῖται.

360 1667 578 1737 ’Ὠσπερ
607 1661 701 1721 οὖν
728 1666 883 1719 αὐτοὶ
909 1664 1269 1734 συναλγοῦσιν
1290 1666 1322 1736 ὴ
1331 1665 1446 1736 μῶν
1468 1669 1581 1730 τοῖς
1613 1667 1834 1739 ἀμαρτή
1844 1686 1950 1737 μα·-

361 1766 474 1814 σιν,
501 1747 674 1812 οὕτως
702 1748 866 1818 ἡμεῖς
908 1747 1281 1820 συγχαίρομεν
1316 1749 1497 1803 αὐτῶν
1538 1752 1649 1814 τοῖς
1682 1750 1952 1822 κατορθῶν

360 1849 549 1903 μασιν.
607 1830 764 1885 Οῦτω
812 1831 910 1886 καὶ
960 1831 1173 1896 Παῦλος
1221 1832 1477 1886 ἐκέλευσε
1523 1835 1698 1887 ποιεῖν
1736 1833 1945 1903 λέγων,

355 1916 589 1987 Χαίρειν
611 1914 752 1987 μετὰ
777 1914 1100 1987 χαιρόντων,
1117 1914 1444 1970 καὶ-κλαίειν
1468 1916 1607 1988 μετά
1627 1916 1942 1972 κλαιόντων.

367 1998 533 2053 Ἀλλά
559 1998 620 2051 τὸ
646 1999 747 2069 μὲν
774 1998 985 2052 κλαίειν
1021 1999 1162 2070 μετά
1188 1998 1486 2054 κλαιόντων
1511 1999 1755 2066 εὔκολον,
1790 2001 1850 2055 τὸ
1887 2000 1947 2055 δέ

352 2084 572 2156 χαίρειν
605 2081 745 2155 μετά
773 2082 1075 2153 χαιρόντων
1101 2083 1163 2136 οὐ
1198 2083 1405 2156 σφόδρα
1433 2084 1615 2157 ῥᾴδιον
1634 2102 1649 2116 ·
1681 2086 1811 2157 ῥᾷον
1836 2084 1946 2159 γὰρ

352 2171 471 2233 τοῖς
505 2168 565 2221 ἐν
594 2168 908 2239 συμφοραῖς
936 2163 1056 2221 οὖσι
1089 2167 1483 2241 συναλγοῦμεν,
1515 2169 1551 2241 ἢ
1587 2171 1702 2235 τοῖς
1738 2170 1947 2225 εὐδοκι-

353 2252 522 2324 μοῦσι
554 2249 914 2323 συνηδόμεθα.
956 2251 1107 2305 Ἐκεῖ
1132 2251 1233 2322 μὲν
1260 2252 1370 2324 γὰρ
1394 2251 1534 2324 αὐτὴ
1560 2253 1661 2325 τῆς
1687 2251 1717 2292 δ
1746 2271 1946 2326 συμφο-

354 2338 460 2411 ρᾶς
506 2336 539 2408 ἡ
581 2334 743 2405 φύσις
784 2336 878 2389 καὶ
902 2334 995 2388 τὸν
1027 2334 1176 2390 λίθον
1227 2335 1389 2408 ἱκανὴ
1426 2335 1565 2408 πρὸς
1599 2338 1945 2409 συμπάθειαν

349 2418 669 2489 ἐπικάμψαι
689 2435 705 2450 ·
740 2417 974 2472 ἐνταῦθα
1005 2417 1062 2471 δέ
1096 2419 1191 2472 ἐπὶ
1223 2419 1326 2489 τῆς
1356 2418 1665 2491 εὐπραγίας
1686 2422 1716 2474 6
1752 2419 1946 2490 φθόνος

347 2505 450 2559 καὶ⁵
511 2506 546 2571 ἡ
595 2499 867 2575 βασκανία
940 2501 1033 2555 τὸν
1096 2501 1174 2574 μὴ
1253 2502 1459 2575 σφόδρα
1532 2502 1682 2576 [612]
1731 2506 1945 2574 φιλοσο-

348 2586 560 2658 φοῦντα
604 2589 708 2643 οὐκ
748 2586 942 2657 ἀφίησι
972 2586 1229 2655 γενέσθαι
1278 2586 1532 2642 κοινωνὸν
1572 2588 1673 2659 τῆς
1724 2589 1940 2660 ἡδονῆς.

349 2672 570 2744 Ὠσπερ
598 2672 709 2745 γὰρ
739 2671 777 2743 ἡ
796 2670 985 2742 ἀγάπη
1007 2669 1078 2723 τά
1102 2669 1412 2745 διῃρημένα
1439 2672 1664 2741 συνάγει
1690 2673 1786 2727 καὶ
1814 2690 1942 2729 συν-

345 2754 454 2819 δεῖ,
480 2753 657 2819 οὕτως
682 2759 717 2826 η
748 2753 1021 2823 βασκανία
1048 2753 1120 2807 τὰ
1144 2753 1402 2825 ἡνωμένα
1422 2754 1747 2825 διαιρεῖ.Διδ
1768 2773 1945 2828 παρα-

346 2838 521 2903 καλῶ,
553 2838 939 2910 μελετήσωμεν
968 2839 1283 2910 συγχαίρειν
1304 2841 1416 2902 τοῖς
1441 2839 1838 2912 εὐδοκιμοῦσιν,
1856 2843 1943 2898 ἵνα

347 2920 450 2973 καὶ
483 2919 678 2989 φθόνου
707 2918 801 2972 κα)⁵
836 2917 1139 2989 βασκανίας
1166 2918 1263 2990 τὴν
1298 2918 1476 2991 ψυχὴν
1506 2920 1937 2993 ἐκκαθάρωμεν·

252 3004 265 3015 ⁷
345 3003 503 3057 οὐδὲν
521 3002 630 3074 γάρ
648 3000 822 3065 οὕτως
843 3001 1140 3057 ἀπελαύνει
1167 3001 1228 3055 τὸ
1255 3002 1470 3073 νόσημα
1502 3001 1661 3057 τοῦτο
1691 3004 1752 3058 τὸ
1779 3006 1943 3076 χαλε-

345 3085 454 3140 πδν
495 3085 593 3141 καὶ
624 3085 910 3150 δυσίατον,
951 3085 1029 3149 ὡς
1065 3085 1128 3138 τὸ
1162 3085 1486 3157 συνήδεσθαι
1526 3088 1639 3151 τοῖς
1672 3087 1731 3139 ἐν
1769 3088 1938 3162 ἀρετῇ

347 3168 583 3242 βιοῦσιν.
614 3169 884 3223 Ἀκουσον
910 3168 1043 3240 γοῦν
1081 3169 1199 3233 πῶς
1231 3170 1260 3223 ὁ
1307 3169 1520 3234 Παῦλος
1552 3171 1610 3224 ἐν
1659 3171 1940 3245 ἑκατέροις

346 3252 562 3318 τούτοις
588 3253 737 3307 ἐστὶν
769 3253 939 3325 ἄκρος
962 3270 977 3285 ·
1011 3253 1127 3320 Τίς,
1171 3252 1359 3322 φησὶν,
1388 3252 1653 3319 ἀσθενεῖ,
1692 3256 1794 3309 καὶ
1827 3258 1941 3311 οὐκ

343 3334 622 3401 ἀσθενῶ;
650 3337 744 3403 τίς
776 3335 1258 3398 σκανδαλίζεται,
1296 3334 1399 3389 καί
1420 3338 1533 3389 οὐκ
1561 3336 1678 3405 ἐγὼ
1716 3338 1941 3405 πυροῦ-

343 3435 491 3491 (au;
531 3421 649 3474 Οὐκ
684 3416 828 3485 εἶπε,
875 3420 969 3474 καὶ
1003 3420 1104 3474 οὐκ
1146 3417 1257 3489 ἐγὼ
1301 3418 1601 3490 λυποῦμαι,
1642 3419 1780 3487 ἀλλ’,
1824 3424 1938 3476 οὐκ

341 3503 464 3574 ἐγὼ
494 3503 815 3573 πυροῦμαι,
852 3506 918 3576 τῇ
953 3502 1319 3575 προσηγορίᾳ,
1356 3501 1456 3572 τῆς
1500 3502 1802 3574 πυρώσεως
1839 3505 1938 3577 τὴν

341 3589 604 3642 ἐπίτασιν
635 3588 733 3658 τῆς
770 3587 964 3658 ὀδύνης
1012 3588 1145 3657 ἡμῖν
1194 3586 1548 3657 παραστῆσαι
1591 3586 1935 3659 βουλόμενος,

342 3674 463 3729 Καὶ
493 3670 652 3726 πάλιν
681 3670 890 3743 ἐτέροις
918 3670 1167 3741 γράφων,
1210 3668 1399 3738 Χωρὶς
1425 3669 1597 3739 ἡμῶν
1626 3670 1939 3729 ἐϐασιλεύ-

340 3772 517 3823 σατε,
558 3755 752 3827 φησίν·
807 3754 906 3808 καὶ
964 3751 1190 3822 ὄφελόν
1231 3768 1299 3822 τε
1328 3752 1798 3820 ἐϐασιλεύσατε,
1840 3758 1940 3812 ἵνα

339 3838 447 3893 καὶ
494 3838 666 3909 ἡμεῖς
707 3836 852 3907 ὑμῖν
902 3836 1525 3904 συμϐασιλεύσωμεν·
1582 3838 1677 3891 καὶ
1735 3840 1897 3895 πάλιν
1920 3856 1935 3871 ·

339 3923 478 3979 Νῦν
505 3919 711 3992 ζῶμεν,
754 3921 870 3975 ἐὰν
915 3919 1084 3989 ὑμεῖς
1121 3918 1391 3986 στήκητε
1431 3920 1502 3972 ἐν
1545 3923 1758 3990 Κυρίῳ.
1798 3925 1938 3995 Ὅρα

340 4006 468 4072 πῶς
498 4005 968 4075 περισπούδαστος
995 3999 1065 4075 ἦν
1106 4002 1255 4074 αὐτῷ
1298 4001 1407 4055 τῶν
1438 4002 1684 4073 ἀδελφῶν
1725 4008 1758 4077 ἡ
1791 4008 1940 4060 εὐδο-

338 4090 594 4163 κίμησις,
641 4088 701 4154 ὃς
733 4086 861 4144 οὐτε
904 4086 1004 4159 ζῇν
1038 4085 1289 4157 ἐνόμιζεν
1316 4126 1335 4155 ,
1374 4085 1600 4140 ἐκείνων
1648 4088 1723 4160 μὴ
1768 4090 1938 4154 σωζοο

339 4175 550 4248 μένων.

418 4324 737 4396 Ἀνθρωπος
771 4325 853 4388 εἰς
892 4322 1076 4394 τρίτον
1130 4321 1402 4394 ἀρπαγεὶς
1442 4321 1694 4393 οὐρανὸν,
1730 4323 1824 4377 καὶ
1858 4324 1938 4387 είς

318 4410 676 4482 ’παράδεισον
713 4408 1070 4479 ἀπενεχθεὶς,
1111 4405 1207 4460 καὶ
1248 4406 1563 4477 μυστηρίων
1603 4409 1938 4478 κοινωνήσας

335 4494 695 4565 ἀπορρήτων,
733 4491 826 4545 καὶ
851 4488 1122 4560 τοσαύτης
1156 4488 1293 4559 πρὸς
1326 4487 1419 4541 τὸν
1452 4489 1586 4542 Θεὸν
1621 4488 1938 4554 ἀπολαύσας

337 4576 687 4650 παρρησίας,
731 4576 792 4628 οὐ
843 4574 1051 4643 σφόδρα
1090 4571 1343 4641 αἴσθησιν
1394 4571 1619 4625 ἐκείνων
1662 4572 1935 4643 ἐλάμϐανε

335 4662 456 4716 τῶν
486 4661 728 4730 ἀγαθῶν,
758 4661 805 4712 εἰ
834 4659 910 4730 μὴ
946 4658 1042 4711 καὶ
1067 4658 1193 4719 τοὺς
1224 4655 1489 4725 ἀδελφοὺς
1522 4651 1629 4709 εἶδε
1662 4658 1760 4711 σὺν
1787 4656 1936 4729 αὐτῷ

335 4743 795 4816 διασωζομένους.
842 4736 966 4795 υἷδε
1023 4739 1152 4811 γὰρ,
1199 4735 1309 4792 οἶδε
1354 4739 1561 4808 σαφῶς,
1593 4741 1677 4793 ὅτι
1713 4741 1935 4813 ἀγάπης

335 4832 497 4887 οὐδὲν
518 4830 642 4885 οὐτε
679 4829 860 4901 μεῖξον
884 4827 1007 4881 οὐτε
1048 4828 1164 4881 ἴσον
1197 4825 1367 4888 ἐστὶν,
1396 4825 1517 4879 οὐδὲ
1552 4825 1683 4879 αὐτὸ
1706 4827 1768 4879 τὸ
1794 4844 1934 4898 μαρ-

334 4916 549 4987 τύριον,
587 4916 615 4969 ὃ
661 4915 880 4972 πάντων
911 4913 1030 4964 ἐστὶ
1075 4909 1372 4979 κεφάλαιον
1403 4908 1512 4962 τῶν
1542 4910 1763 4978 ἀγαθῶν
1783 4927 1797 4942 ·
1839 4912 1935 4965 καὶ

336 5001 480 5065 πῶς,
508 5002 761 5055 ἄκουσον.
800 4997 1014 5067 Ἀγάπη
1050 4995 1149 5065 μὲν
1182 4995 1292 5064 γάρ
1313 4994 1407 5046 καὶ
1435 4994 1605 5064 χωρὶς
1632 4995 1933 5065 μαρτυρίου

336 5087 488 5140 ποιεῖ
514 5082 764 5153 μαθητὰς
785 5079 878 5133 τοῦ
903 5078 1162 5149 Χριστοῦ,
1190 5075 1488 5148 μαρτύριον
1512 5075 1569 5129 δέ
1600 5078 1768 5148 χωρὶς
1792 5079 1933 5147 ἀγά..

337 5184 452 5238 πης
486 5167 587 5219 οὐκ
626 5166 693 5219 ἂν
727 5164 967 5235 ίσχύσειε
1000 5161 1160 5215 τοῦτο
1188 5161 1544 5232 ἐργάσασθαι.
1576 5161 1745 5214 Πόθεν
1778 5163 1935 5216 τοῦτο

333 5249 538 5320 δῆλον;
579 5248 699 5302 Ἀπ’
734 5245 916 5301 αὐτῶν
942 5244 1053 5298 τῶν
1075 5242 1169 5296 τοῦ
1200 5242 1441 5314 Χριστοῦ
1477 5244 1768 5316 ῥημάτων·
1798 5247 1934 5317 πρὸς

335 5333 449 5405 γὰρ
500 5331 625 5395 τοὺς
665 5328 912 5402 μαθητὰς
962 5327 1181 5395 ἔλεγεν·
1218 5327 1321 5383 Ἐν
1363 5327 1554 5392 τούτῳ
1600 5327 1934 5397 γνώσονται

334 5414 585 5482 πάντες.
610 5414 698 5469 ὅτι
720 5411 985 5485 μαθηταί
1000 5411 1117 5480 μού
1138 5410 1299 5473 ἐστε,
1322 5407 1431 5463 ἐὰν
1460 5410 1728 5479 ἀγαπᾶτε
1749 5413 1933 5479 ἀλλην

332 5503 512 5564 λους.
550 5497 679 5552 Ἰδοὺ
714 5496 905 5568 ἀγάπη
934 5498 1106 5567 χωρὶς
1140 5493 1442 5566 μαρτυρίου
1482 5494 1730 5566 μαθητάς
1763 5500 1931 5551 ποιεῖ.

401 5685 429 5714 ⁸
452 5683 589 5749 Unus
619 5686 748 5749 Reg,
775 5698 867 5736 ms.
888 5685 961 5749 ,τὰ
1001 5682 1146 5749 λοιπὰ
1190 5682 1327 5749 μέλη.
1370 5679 1483 5749 Μοι
1516 5680 1761 5749 εφη-ει
1783 5686 1929 5749 'unus

332 5761 455 5798 mss.
484 5748 639 5814 ﬂag;
661 5744 810 5814 τᾶὐτῃ
848 5747 939 5814 γὰρ
977 5747 1201 5808 μάλιστα,
1226 5744 1641 5814 Ποτεικθιδειὶιιξ
1667 5746 1787 5814 ηεξ.
1810 5748 1930 5814 ταῦτ

332 5809 544 5874 τοιγάρ.
570 5804 989 5874 ίηονειξρὸιίιό
1021 5814 1138 5874 post
1189 5812 1306 5855 ante
1351 5804 1438 5852 τοῦ
1476 5804 1646 5853 λοιποῦ
1687 5807 1841 5858 habet
1885 5812 1926 5858 εἰ

332 5870 591 5928 καί,⁷(ιὺο(ι
612 5871 759 5919 deest
790 5870 838 5919 Ili
864 5872 1077 5918 caeteris.

398 5924 588 5980 D’Unus
624 5932 745 5993 Reg.
782 5930 893 5993 οὖσι
911 5928 1175 5993 συναλγεῖν,
1197 5924 1355 5986 ἢτᾶς
1374 5925 1682 5990 εὐδοκιμοῦσι
1723 5932 1925 5990 συνῄει-

331 5993 458 6054 σθαι,
479 5993 524 6040 τί
553 5992 758 6053 δήποτές
782 5994 855 6041 δτι
877 5992 973 6041 ἐκεῖ
994 5994 1078 6053 μὲν
1109 5992 1229 6045 αὕτη
1249 5993 1351 6047 τῆς.

645 6093 918 6149 Pyram.
967 6085 1085 6147 Gn.
1134 6084 1201 6145 Ι..

1593 6168 1655 6178 ο..

1444 538 1514 595 ΙΝ
1548 538 1609 595 S.
1652 538 1996 597 ROMANUM
2032 539 2442 602 MARTYREM.
2484 546 2525 601 1.

3538 558 3645 615 608

2072 662 2196 716 ’Ότι
2227 663 2284 717 δέ
2318 664 2619 738 μαρτύριον
2657 669 2826 739 χωρίς
2854 669 3077 741 ἀγάπης
3109 671 3170 725 οὐ
3194 671 3361 745 μόνον
3395 671 3644 745 μαθητάς

2059 747 2122 800 οὐ
2148 750 2311 814 ποιεῖ,
2333 749 2449 803 ἀλλ’
2471 749 2592 802 οὐδέ
2617 750 2819 819 ὠφελεῖ
2842 770 2894 804 τι
2913 752 3003 805 τὸν
3025 744 3387 825 ὑπομένοντα,
3412 744 3647 813 ἄκουσον

2060 828 2277 883 Παύλου
2312 829 2562 901 λέγοντος
2585 847 2598 862 ·
2637 833 2773 888 Ἐὰν
2799 834 3045 903 παραδῶ
3079 836 3145 891 τὸ
3178 836 3350 908 σῶμά
3376 856 3517 909 μου,
3544 840 3647 896 ἵνα

2057 922 2486 994 καυθήσωμαι,
2537 925 2781 996 ἀγάπην
2829 926 2898 980 δὲ
2944 928 3031 998 μὴ
3085 928 3226 1000 ἔχω,
3268 929 3451 988 οὐδὲν
3491 932 3644 1003 ὡφε-

2053 1005 2296 1076 λοῦμαι.

2128 1088 2196 1160 β’.
2219 1090 2320 1144 Διά
2337 1089 2496 1145 τοῦτο
2518 1091 2753 1162 μάλιστα
2777 1092 2868 1146 τὸν
2894 1093 3048 1163 άγιον
3065 1094 3254 1150 τοῦτον
3280 1094 3420 1166 φιλῶ
3434 1097 3526 1152 τὸν
3544 1100 3643 1170 σή-

2057 1189 2227 1243 μερον
2246 1177 2393 1245 ἡμᾶς
2416 1177 2815 1245 συναγαγόντα,
2832 1178 2923 1231 τὸν
2947 1180 3215 1250 μακάριον
3240 1181 3539 1252 Ῥωμανὸν,
3558 1184 3641 1237 ὅτι

2056 1257 2198 1326 μετά
2232 1257 2326 1311 τοῦ
2357 1261 2659 1331 μαρτυρίου
2686 1260 2887 1331 πολλὴν
2913 1262 3011 1334 τὴν
3041 1263 3264 1334 ἀγάπην
3297 1265 3635 1331 ἐπεδείξατο,

2050 1340 2133 1394 διὸ
2158 1343 2254 1396 καὶ
2279 1342 2379 1412 τὴν
2412 1343 2661 1412 γλῶτταν
2694 1346 3018 1413 ἐξεκόπτετο
3042 1347 3140 1419 τὴν
3173 1349 3358 1417 ἁγίαν.
3394 1351 3505 1405 Καὶ
3530 1352 3642 1423 γάρ

2054 1426 2322 1481 καὶτοῦτο
2352 1426 2501 1493 άξιον
2530 1429 2873 1494 ἐξετάσαι,τί
2899 1431 3101 1501 δήποτε
3134 1434 3234 1487 οὐκ
3260 1435 3353 1488 ἐπὶ
3371 1435 3641 1505 βασάνους

2052 1514 2149 1567 καὶ
2168 1513 2418 1577 κολάσεις
2457 1515 2550 1567 καὶ
2585 1515 2857 1585 τιμωρίας
2882 1517 3090 1587 ἤγαγεν
3123 1519 3286 1572 αὐτὸν
3324 1521 3638 1588 όδιάϐολος,

2052 1596 2191 1650 ἀλλὰ
2244 1598 2344 1670 τὴν
2390 1597 2639 1667 γλῶτταν
2699 1600 3000 1670 ἀπέτεμεν·
3039 1600 3101 1653 οὐ
3157 1600 3268 1672 γὰρ
3306 1603 3430 1673 είκῆ
3483 1604 3640 1658 τοῦτο

2051 1680 2329 1752 ἐποίησεν,
2355 1680 2492 1735 ἀλλὰ
2522 1682 2661 1753 μετά
2709 1683 2914 1753 πολλῆς
2956 1684 3056 1756 τῆς
3085 1686 3372 1757 πονηρίας·
3403 1688 3497 1741 καὶ
3528 1688 3638 1760 γὰρ

2051 1766 2361 1837 κακουργὸν
2384 1768 2501 1820 ἐστι
2523 1766 2585 1819 τὸ
2618 1766 2833 1838 θηρίον,
2872 1768 2967 1822 καὶ
2994 1770 3176 1823 πάντα
3202 1770 3341 1824 κατὰ
3368 1772 3466 1840 τῆς
3500 1774 3640 1843 ἡμε-

2048 1848 2216 1922 τέρας
2262 1850 2539 1922 σωτηρίας
2568 1854 3025 1923 πραγματεύεται
3056 1854 3151 1907 καὶ
3187 1858 3347 1909 κινεῖ.
3376 1855 3513 1927 Φέρε
3545 1852 3639 1911 οῦν

2051 1933 2429 2005 ἐξετάσωμεν,
2481 1933 2535 1987 τί
2569 1934 2770 2006 δήποτε
2806 1936 2900 1989 ἐπὶ
2937 1936 3036 2007 τὴν
3067 1937 3307 2010 ἐκκοπὴν
3329 1940 3429 2011 τῆς
3467 1938 3641 2008 γλώτ-

2048 2034 2150 2087 της
2185 2016 2457 2089 ἐχώρησε,
2493 2018 2693 2091 μικρὸν
2721 2017 2854 2086 γοῦν
2882 2019 3144 2090 ἀνωτέρω
3182 2020 3274 2075 τὸν
3306 2021 3465 2091 λόγον
3498 2024 3640 2092 ἀγα-

2048 2103 2258 2172 γόντες·
2282 2101 2426 2156 οὕτω
2452 2102 2564 2174 γὰρ
2592 2102 2857 2174 εἰσόμεθα
2886 2103 2981 2156 καὶ
3014 2104 3115 2174 τὴν
3145 2105 3243 2159 τοῦ
3277 2106 3411 2160 Θεοῦ
3444 2107 3638 2177 φιλαν-

2049 2186 2318 2257 θρωπίαν,
2351 2187 2448 2241 καὶ
2470 2186 2571 2258 τὴν
2601 2185 2696 2239 τοῦ
2743 2187 3020 2259 μάρτυρος
3063 2188 3363 2261 ὑπομονὴν,
3397 2190 3493 2246 καὶ
3536 2192 3640 2264 τὴν

2044 2268 2142 2323 τοῦ
2174 2269 2424 2324 διαϐόλου
2444 2270 2805 2340 κακουργίαν·
2836 2270 2932 2323 καὶ
2952 2269 3052 2341 τὴν
3076 2272 3175 2341 μὲν
3209 2272 3305 2324 τοῦ
3340 2272 3478 2326 Θεοῦ
3514 2274 3641 2343 φιλ-

2046 2352 2373 2425 ανθρωπίαν
2414 2353 2681 2424 μαθόντες
2746 2353 3216 2424 εὐχαριστήσομεν
3248 2354 3328 2427 τῷ
3363 2357 3636 2428 Δεσπότῃ,

2048 2438 2147 2509 τὴν
2179 2438 2237 2492 δὲ
2267 2437 2363 2492 τοῦ
2404 2439 2684 2510 μάρτυρος
2721 2436 2999 2509 ὑπομονὴν
3034 2439 3253 2506 γνόντες
3282 2440 3637 2512 μιμησόμεθα

2042 2522 2138 2577 τὸν
2164 2522 2468 2588 σύνδουλόν,
2501 2522 2600 2594 τὴν
2628 2523 2686 2576 δὲ
2708 2522 2804 2576 τοῦ
2826 2521 3072 2576 διαϐόλου
3100 2524 3440 2596 κακουργίαν
3463 2542 3641 2580 κατα-

2047 2606 2335 2678 μαθόντες,
2385 2605 2930 2678 άποστραφησόμεθα
2993 2605 3086 2660 τὸν
3123 2605 3338 2679 ἐχθρόν.
3389 2608 3489 2662 Διά
3523 2608 3636 2680 γὰρ

2041 2690 2202 2745 τοῦτο
2219 2693 2356 2762 ἡμῖν
2390 2690 2591 2745 ἔδωκεν
2618 2693 2646 2745 6
2675 2690 2809 2754 Θεὸς
2834 2689 3035 2744 εἰδέναι
3051 2689 3218 2744 αὐτοῦ
3236 2690 3334 2754 τὰς
3363 2693 3635 2763 μηχανὰς,

2042 2773 2131 2829 ἵνα
2165 2773 2429 2845 μειζόνως
2482 2773 2647 2828 αὐτὸν
2677 2775 3019 2845 μισήσαντες
3066 2772 3217 2852 [ϐ’ίδ]
3266 2774 3638 2847 εὐκολώτερον

2039 2858 2206 2914 αὐτοῦ
2233 2857 2673 2930 περιγενώμεθα.
2707 2859 2832 2913 Ὅτι
2859 2858 2968 2931 γὰρ
2992 2858 3216 2912 δυνατὸν
3246 2858 3443 2915 εἰδέναι
3469 2859 3635 2915 αὐτοῦ

2040 2942 2113 2997 τὰ
2131 2944 2402 3016 νοήματα,
2446 2942 2677 2997 ἄκουσον
2703 2943 2756 2997 τί
2791 2959 2954 3014 φησιν
2974 2945 3002 2996 6
3030 2940 3241 3008 Παῦλος
3264 2943 3393 3016 περὶ
3418 2943 3514 2999 τοῦ
3540 2960 3639 3001 πο

2042 3026 2425 3101 πορνευκότος·
2470 3026 2784 3099 Κορινθίοις
2830 3027 2942 3098 γὰρ
2972 3028 3310 3085 ἐπιστέλλων
3346 3030 3491 3084 οὕτω
3517 3030 3637 3096 πώς

2041 3129 2195 3185 φησι·
2218 3111 2541 3181 Κυρώσατε
2571 3114 2656 3177 είς
2680 3111 2868 3166 αὐτὸν
2887 3111 3150 3181 ἀγάπην,
3183 3112 3380 3183 ἵναμὴ
3414 3117 3637 3169 «Isara

2038 3195 2379 3264 εκτηθῶμεν
2402 3195 2520 3250 ὑπὸ
2542 3195 2650 3248 τοῦ
2675 3191 2930 3248 Σατανᾶ·
2949 3196 3022 3248 οὺ
3038 3194 3148 3263 γὰρ
3172 3195 3358 3250 αὐτοῦ
3390 3195 3464 3250 τὰ
3485 3197 3633 3267 νοή-

2034 3295 2196 3350 ματα
2227 3279 2583 3348 ἀγνοοῦμεν,
2614 3278 2713 3341 Τίς
2744 3274 2838 3332 οὖν
2872 3279 2905 3348 ἡ
2933 3279 3106 3341 αἰτία,
3136 3278 3203 3332 δι’
3233 3280 3300 3350 ἣν
3331 3280 3431 3351 τὴν
3453 3280 3633 3348 γλῶτ-

2037 3382 2136 3417 ταν
2161 3362 2421 3432 ἐξέκοψε;
2454 3361 2665 3433 Μικρὸν
2704 3361 2915 3416 ἄνωθεν
2942 3361 3252 3432 ἀνάσχεσθέ
3276 3378 3378 3432 μου
3409 3363 3631 3434 διηγου-

2041 3447 2223 3518 μένου.
2250 3446 2495 3517 Πόλεμος
2528 3444 2890 3517 ἀνερῤιπίσθτι
2918 3445 3047 3498 ποτὲ
3083 3444 3226 3498 κατὰ
3256 3444 3364 3499 τῶν
3399 3446 3631 3519 Ἐκκλη-

2040 3529 2173 3584 σιῶν
2224 3529 2483 3600 χαλεπὸς,
2535 3528 2658 3598 οὐχὶ
2714 3525 3006 3598 βαρϐάρων
3062 3528 3478 3599 ἐπιδραμόντων
3530 3531 3632 3596 τὰς

2038 3615 2245 3679 πόλεις,
2276 3614 2399 3669 οὐδὲ
2424 3611 2731 3681 ἀλλογενῶν
2744 3628 2929 3675 τινων,
2952 3611 3069 3664 ἀλλ’
3087 3613 3267 3667 αὐτῶν
3281 3613 3390 3668 τῶν
3409 3615 3631 3670 δοκούν-

2036 3718 2145 3754 των
2173 3700 2506 3772 προεστάναι
2527 3697 2629 3768 τῆς
2658 3695 2782 3750 καθ’
2804 3697 2957 3767 ἡμᾶς
2990 3697 3338 3768 οἰκουμένης,
3374 3699 3469 3752 καὶ
3492 3696 3630 3771 βαρ-

2038 3784 2244 3856 ϐάρων,
2279 3782 2376 3837 καί¹
2405 3780 2700 3851 πολεμίων,
2734 3780 2828 3834 καὶ
2879 3779 3161 3849 τυράννων
3196 3780 3454 3835 ἁπάντων
3485 3784 3630 3853 ἀπηο

2036 3868 2290 3939 νέστερον
2317 3866 2413 3921 καὶ
2432 3865 2712 3937 ὠμότερον
2726 3864 3087 3934 κεχρημένων
3110 3867 3224 3928 τοῖς
3253 3856 3536 3937 ὑπηκόοις.
3552 3863 3629 3919 Οὐ

2036 3959 2145 4031 γὰρ
2183 3958 2326 4029 ύπέρ
2374 3958 2709 4028 ἐλευθερίας,
2741 3958 2836 4010 καὶ
2869 3956 3150 4027 πατρίδος,
3175 3958 3269 4011 καὶ⁵
3301 3958 3627 4029 χρημάτων,

2037 4050 2131 4103 καὶ
2150 4049 2248 4119 τῆς
2273 4048 2556 4120 παρούσης
2582 4048 2729 4118 ζωῆς
2752 4047 2780 4098 ό
2806 4046 3052 4110 κίνδυνος
3070 4044 3139 4118 ῆν
3167 4048 3311 4115 τότε,
3343 4048 3458 4102 ἀλλ’
3487 4048 3629 4120 ὑπὲρ

2040 4142 2319 4214 βασιλείας
2356 4140 2625 4212 οὐρανῶν,
2681 4138 2773 4193 καὶ
2801 4138 2910 4191 τῶν
2967 4140 3351 4209 ἀποκειμένων
3385 4140 3625 4205 ἀγαθῶν,

2038 4235 2179 4306 ὑπὲρ
2207 4233 2477 4288 ἀθανάτου
2536 4231 2704 4301 ζωῆς,
2755 4229 2893 4302 ὑπὲρ
2949 4231 3240 4302 ὁμολογίας
3272 4231 3370 4303 τῆς
3424 4232 3504 4294 εἰς
3535 4229 3626 4283 τὸν

2035 4326 2293 4399 Χριστόν.
2346 4324 2461 4379 Καὶ
2508 4323 2705 4386 καινός·
2753 4341 2839 4387 τις
2905 4322 3286 4394 αἰχμαλωσίας
3351 4323 3625 4381 ἐπενοεῖτο

2034 4422 2260 4493 τρόπος·
2293 4419 2354 4473 οὐ
2392 4417 2503 4489 γὰρ
2527 4418 2626 4488 τῆς
2658 4416 2892 4470 ἐνταῦθα
2918 4415 3127 4480 πόλεως
3154 4415 3460 4480 ἐξέϐαλλον,
3488 4414 3623 4468 ἀλλά

2033 4511 2131 4581 τῆς
2158 4511 2269 4566 ἄνω
2318 4507 2675 4579 Ἰερουσαλὴμ
2699 4507 2798 4578 τῆς
2819 4504 3114 4577 ἐλευθέρας
3142 4503 3462 4576 ἐπεχείρουν
3487 4504 3622 4556 ἀπο-

2037 4604 2268 4673 στερεῖν,
2322 4600 2419 4655 καὶ
2446 4599 2545 4670 τὴν
2583 4598 2761 4668 ψυχὴν
2794 4597 3023 4651 ἕκαστον
3054 4595 3343 4650 καταθύειν
3375 4594 3622 4664 ἠνάγκα-

2035 4696 2127 4760 ζον
2180 4695 2272 4748 ἐπὶ
2307 4694 2419 4747 τῶν
2467 4693 2685 4763 βωμῶν,
2725 4694 2819 4746 καὶ
2871 4691 2964 4744 τὸν
2999 4690 3200 4742 οἰκεῖον
3234 4686 3511 4759 Δεσπύτην
3536 4687 3621 4756 ἐξ·

2033 4787 2321 4859 όμνυσθαι,
2340 4786 2435 4839 καὶ
2449 4788 2515 4856 τῇ
2546 4784 2655 4837 τῶν
2669 4782 2939 4853 δαιμόνων
2960 4780 3294 4849 ύποκύπτειν
3322 4779 3619 4850 τυραννίδι,

2035 4881 2129 4935 καὶ
2162 4881 2288 4943 τοὺς
2339 4877 2625 4949 λυμεῶνας
2671 4875 2765 4928 καὶ
2805 4873 3034 4949 ἐχθροὺς
3080 4871 3182 4941 τῆς
3218 4871 3493 4944 σωτηρίας
3518 4871 3620 4942 τῆς
3675 4910 3679 4914 ,

2034 4971 2310 5043 ἡμετέρας
2327 4968 2651 5043 θεραπεύειν
2676 4967 2957 5038 δαίμονας·
2976 4964 3005 5019 ὃ
3031 4964 3241 5035 μυρίων
3265 4963 3511 5019 θανάτων
3525 4964 3619 5018 καὶ
3670 4963 3697 5040 ,ί

2034 5065 2217 5135 πάσης
2251 5064 2477 5135 γεέννης
2526 5060 2909 5133 χαλεπώτερον
2962 5054 3031 5131 ἦν
3083 5058 3178 5114 καὶ
3217 5058 3618 5131 ἀφορητότερον

2032 5160 2153 5221 ταῖς
2203 5157 2568 5228 φιλοχρίστοις
2607 5155 2825 5227 ψυχαῖς.
2869 5153 3006 5206 Τότε
3042 5151 3106 5225 δὴ
3139 5151 3352 5206 πολλῶν
3381 5152 3615 5223 ὑποϐρυ-

2032 5250 2165 5320 χίων
2213 5249 2534 5319 γινομένων,
2570 5246 2664 5301 καὶ
2718 5246 2809 5301 τοῦ
2857 5246 3128 5318 χειμῶνος
3181 5245 3494 5317 αἰρομένου,
3522 5242 3616 5295 καὶ

2034 5341 2245 5396 πολλῶν
2281 5338 2687 5409 ναυαγούντων,
2745 5340 2774 5393 ό
2826 5340 3098 5411 μακάριος
3148 5330 3305 5401 οὗτος
3340 5332 3614 5404 Ῥωμανὸς

2032 5432 2320 5506 παρελθὼν
2358 5433 2437 5496 είς
2486 5432 2683 5503 μέσους
2727 5432 2827 5486 οὐκ
2870 5430 3177 5501 ἐσιώπησεν
3209 5427 3432 5491 εὐθέως,
3467 5426 3613 5490 ὅπως

2030 5525 2224 5579 ἐαυτὸν
2278 5524 2447 5595 ἐπιδῷ
2505 5527 2620 5588 τοῖς
2666 5524 2953 5588 κινδύνοις,
2994 5522 3131 5578 ἀλλὰ
3180 5521 3444 5593 πρότερον
3489 5521 3614 5587 τοὺς

2029 5617 2465 5690 πεφοϐημένους,
2493 5618 2618 5681 τοὺς
2646 5616 3130 5681 ἀναπεπτωκότας,
3148 5612 3272 5677 τοὺς
3297 5610 3395 5684 τὴν
3410 5611 3610 5665 οἰκείαν

2029 5712 2323 5784 προδόντας
2356 5711 2631 5781 σωτηρίαν
2671 5711 2893 5781 συνῆγε,
2932 5706 3370 5779 παρεθάρρυνεν,
3401 5704 3608 5774 ’ἀναμω

2027 5801 2287 5874 χέσασθαι
2312 5801 2713 5873 παρεσκεύαζε,
2740 5800 2867 5863 τούς
2903 5798 3001 5870 μὲν
3023 5796 3435 5867 καταπεσόντας
3453 5796 3607 5867 ἀνορ-

2026 5894 2157 5958 θῶν,
2205 5895 2332 5957 τούς
2379 5892 2436 5947 δὲ
2483 5891 2726 5956 ἑστῶτας
2778 5889 3213 5962 ἀσφαλιζόμενος
3266 5890 3476 5962 εὐχαῖς,
3518 5885 3608 5940 καὶ

2032 5986 2410 6051 παραινέσεσι,
2461 5983 2553 6039 καὶ
2594 5982 2945 6053 συμϐουλαῖς,
2976 5984 3105 6050 περὶ
3149 5978 3259 6036 τῶν
3286 5979 3607 6047 μελλόντων,

3169 6079 3243 6141 13
