4104 6494
424 490 532 552 609

427 616 519 689 qui
546 615 779 684 stabant,
804 616 1129 673 confirmans
1157 613 1423 687 precibus,
1452 614 1931 685 exhortationibus,
1961 625 2016 672 et

426 708 700 774 consiliis;
721 709 791 766 de
818 709 1028 777 futuris,
1053 718 1106 766 et
1131 709 1198 766 de
1229 708 1578 782 prmseutibus
1604 709 1765 765 rebus
1791 706 2013 764 multum

426 796 811 871 philosophans
832 843 849 869 ,
883 801 1172 858 ostendens
1218 801 1311 856 has
1354 802 1421 856 ad
1466 812 1675 872 tempus
1707 816 1827 857 esse
1849 842 1864 868 ,
1898 802 2014 857 illas

423 900 605 948 autem
637 902 956 962 perpetuas;
986 893 1206 963 praemia
1236 893 1504 948 laboribus
1532 907 1826 963 opponens,
1859 908 2017 948 coro-

425 998 523 1038 nas
561 984 875 1050 tormentis,
920 983 1105 1040 bravia
1148 983 1498 1051 doloribus‘;
1530 984 1729 1039 docens
1748 996 2013 1053 -qua:nam

425 1076 499 1130 sit
528 1077 631 1131 vita
660 1091 896 1146 praisens
917 1118 933 1144 ,
959 1091 1202 1148 quaenam
1233 1076 1437 1144 futura,
1468 1086 1524 1132 et
1560 1077 1699 1133 inter
1735 1086 2014 1147 utramque

411 1152 681 1236 quantum
709 1167 958 1235 intersit,
990 1175 1046 1222 et
1070 1167 1212 1238 quod
1243 1169 1381 1223 mori
1407 1168 1626 1224 omnino
1653 1169 1723 1224 sit
1752 1181 1971 1224 necesse
1995 1185 2010 1235 ;

424 1265 480 1312 et
506 1257 550 1313 si
576 1273 684 1313 non
708 1260 811 1313 hoc
848 1258 1009 1314 modo
1036 1260 1199 1314 vitam
1238 1259 1530 1315 llnierimus
1553 1298 1570 1325 ,
1601 1259 1819 1314 omnino
1845 1259 2013 1314 coacti

426 1351 545 1421 lege
568 1360 771 1407 natura:
797 1352 953 1422 paulo
979 1361 1099 1422 post
1119 1353 1187 1408 ab
1213 1352 1296 1407 his
1319 1353 1633 1424 corporibus
1654 1353 2007 1409 discedemus.

429 1434 525 1499 llis
558 1450 612 1498 et
653 1442 913 1498 similibus
958 1443 1421 1499 exhortationibus
1460 1444 1647 1500 beatus
1690 1444 1781 1499 ille
1823 1459 2011 1499 manus

424 1534 677 1589 remissas
705 1534 907 1600 erexit,
938 1544 992 1590 et
1018 1550 1187 1606 genua
1217 1535 1475 1591 dissoluta
1502 1535 1805 1604 roboravit,
1832 1537 2011 1607 fugiti-

423 1640 521 1680 vos
544 1625 773 1692 reduxit,
796 1634 996 1681 metum
1019 1627 1242 1696 expulit,
1269 1642 1522 1697 angorem
1551 1629 1745 1699 exegit,
1775 1629 2009 1684 animum

420 1718 505 1773 eis
532 1716 772 1782 addidit;
805 1730 903 1787 pro
941 1712 1140 1774 timidis
1179 1718 1407 1774 audaces
1436 1727 1487 1775 et
1521 1719 1847 1775 confidentes
1879 1720 2008 1775 elle-

422 1809 534 1876 cit;
579 1823 675 1878 pro
715 1809 925 1879 capreis
962 1819 1015 1864 et
1050 1809 1224 1864 cervis
1263 1810 1450 1866 leones
1489 1810 1720 1867 reddidit
1763 1824 2008 1882 magnam

419 1898 531 1952 vim
565 1899 864 1968 spirantes;
898 1895 1095 1956 Christi
1132 1902 1426 1957 exercitum
1464 1902 1751 1970 instruxit;
1784 1904 2010 1974 ignomi—

420 1990 566 2045 niam
592 1999 827 2047 nostram
855 1993 907 2047 in
929 1990 1162 2048 hostium
1182 1992 1355 2064 capita
1374 1995 1639 2050 convertit
1658 1995 1701 2045 ².
1723 1995 1857 2050 Cum
1881 2010 2008 2066 ergo

422 2090 625 2137 tantam
671 2091 892 2153 repente
929 2082 1126 2143 factam
1167 2081 1336 2140 fuisse
1370 2081 1618 2140 diabolus
1658 2086 2006 2142 mutationem

420 2174 674 2241 vidisset,
700 2183 756 2231 et
791 2176 881 2246 qui
923 2176 1307 2233 nudiustertius
1330 2193 1456 2237 eum
1490 2177 1747 2234 timebant
1782 2188 1838 2234 et
1872 2193 2006 2235 con-

422 2265 804 2322 tremisc‘ebant
825 2307 841 2332 ,
872 2267 1045 2338 ipsum
1086 2268 1310 2324 irridere
1344 2278 1400 2325 et
1437 2268 1689 2324 audacter
1714 2270 1768 2324 in
1796 2280 1917 2324 eum
1947 2284 2008 2326 se

418 2368 610 2426 gerere
628 2398 644 2422 ,
672 2356 929 2414 adeuntes
956 2360 1192 2430 pericula
1211 2400 1226 2425 ,
1253 2360 1597 2431 prosilientes
1622 2361 1687 2416 ad
1717 2361 2003 2433 supplicia;

418 2458 476 2503 et
510 2463 630 2504 cum
668 2459 939 2507 auctorem
971 2453 1344 2522 cognovisset,
1373 2452 1610 2510 dimissis
1637 2454 1883 2509 omnibus
1905 2496 1921 2521 ,
1952 2454 2007 2510 in

420 2540 572 2595 illum
608 2541 859 2612 deinceps
887 2551 1028 2599 totus
1062 2544 1332 2609 incubuit,
1364 2557 1686 2617 omnemque
1718 2546 1824 2600 vim
1854 2560 2005 2602 suam

420 2642 478 2687 et
514 2631 775 2689 insaniam
816 2633 1071 2691 adversus
1110 2635 1322 2692 beatum
1366 2634 1470 2693 hoc
1506 2646 1667 2709 caput
1705 2638 1906 2694 effudit.
1940 2638 2009 2694 Et

420 2723 551 2793 quid
590 2723 747 2779 facit?
770 2725 1117 2782 Considerate
1154 2727 1431 2783 malitiam.
1467 2727 1584 2784 Non
1624 2744 1747 2785 eum
1787 2730 1852 2785 ad
1894 2738 2008 2785 tor-

418 2821 603 2870 menta
629 2814 801 2884 duxit,
825 2830 934 2873 non
962 2816 1079 2889 ejus
1105 2827 1265 2889 caput
1289 2818 1516 2875 abscidit
1543 2837 1557 2873 :
1583 2819 1700 2876 haec
1724 2819 1866 2876 enim
1895 2835 2011 2876 om-

420 2905 511 2960 nia
541 2915 741 2963 temere
772 2906 939 2965 fuisse
965 2909 1103 2965 facta
1143 2911 1473 2980 praeteritum
1497 2927 1620 2968 eum
1645 2922 1853 2983 tempus
1876 2912 2009 2968 edo-

419 2996 553 3052 cuit.
590 2997 705 3053 Non
747 2996 922 3055 solum
959 3001 1105 3057 enim
1144 3002 1305 3057 animi
1344 3003 1674 3061 alacritatem
1707 3018 1892 3061 eorum
1919 3006 2009 3077 qui

420 3087 760 3147 crediderant
802 3107 911 3148 non
952 3093 1231 3163 cohibuit,
1277 3096 1376 3153 sed
1416 3098 1578 3154 etiam
1619 3100 1790 3169 magis
1827 3100 2005 3168 auxit,

419 3195 649 3253 eamque
669 3185 927 3254 majorem
948 3201 1012 3243 ac
1026 3187 1481 3248 vehementiorem
1502 3190 1696 3248 effecit.
1714 3192 2008 3257 Carbones,

420 3274 629 3347 inquit,
660 3278 1064 3336 substernebam
1089 3323 1105 3350 ,
1133 3283 1210 3337 illi
1248 3292 1427 3339 autem
1466 3295 1737 3357 tamquam
1768 3287 1833 3341 ad
1862 3299 2012 3341 rosas

421 3367 712 3423 currebant
739 3387 752 3423 :
783 3369 958 3442 ignem
986 3372 1374 3441 accendebam,
1400 3375 1480 3430 illi
1509 3390 1637 3432 vero
1664 3385 1931 3448 tamquam
1956 3379 2009 3433 in

423 3456 600 3515 fontes
637 3461 943 3532 frigidarum
974 3474 1231 3537 aquarum
1266 3468 1474 3538 seipsos
1511 3470 1861 3540 projiciebant
1889 3491 1903 3527 :
1930 3472 2011 3526 la-

424 3558 543 3604 tera
582 3552 885 3622 caedebam,
915 3556 1208 3626 profundos
1237 3558 1290 3612 in
1319 3560 1397 3614 eis
1425 3556 1602 3616 sulcos
1639 3560 1929 3629 faciebam,
1960 3566 2015 3617 et

421 3641 571 3697 rivos
598 3642 870 3714 sanguinis
890 3646 1217 3703 deducebam
1242 3665 1257 3715 ;
1288 3648 1360 3704 illi
1386 3659 1563 3706 autem
1591 3660 1857 3723 tamquam
1882 3664 2014 3708 auro

422 3733 575 3787 omni
598 3748 662 3789 ex
689 3746 841 3806 parte
869 3738 1300 3797 circumﬂuentes
1326 3743 1692 3812 gloriabantur
1719 3763 1732 3799 :
1759 3758 1855 3816 per
1880 3760 2015 3816 pra:-

423 3824 607 3894 cipitia
647 3827 910 3897 jaciebam
953 3841 1008 3887 et
1045 3834 1098 3888 in
1138 3849 1286 3890 mare
1322 3836 1731 3907 demergebam,
1772 3832 1849 3893 illi
1889 3844 2015 3894 'vero

421 3928 534 3971 non
568 3927 833 3991 tamquam
865 3921 917 3977 in
956 3925 1273 3994 profundum
1298 3927 1714 3995 descendentes,
1742 3931 1836 3986 sed
1876 3933 2017 3985 tam-

423 4025 584 4079 quam
611 4014 663 4068 in
691 4014 861 4084 ipsum
890 4017 1079 4072 caelum
1108 4019 1461 4076 ascendentes
1480 4065 1494 4088 ,
1528 4021 1599 4077 ita
1625 4018 1799 4079 affecti
1825 4032 1976 4080 erant
1997 4066 2011 4089 ,

422 4104 733 4162 exsilientes
775 4116 830 4162 et
867 4110 1194 4167 exsultantes
1217 4154 1232 4178 ,
1262 4120 1317 4167 et
1356 4112 1503 4169 velut
1540 4115 1593 4169 in
1632 4129 1783 4170 sacra
1822 4130 2016 4186 pompa

421 4197 652 4252 choreas
678 4197 956 4268 ducentes,
985 4209 1041 4258 et
1067 4202 1120 4258 in
1146 4202 1300 4259 viridi
1331 4215 1485 4275 prato
1515 4205 1759 4262 ludentes
1785 4224 1798 4262 :
1829 4208 1901 4262 ita
1927 4222 2016 4263 ar-

419 4286 655 4359 ripiebat
677 4294 1039 4365 unusquisque
1068 4296 1354 4365 cruciatus,
1380 4313 1486 4352 non
1515 4305 1785 4369 tamquam
1811 4301 2018 4355 crucia«

424 4390 550 4447 tus,
587 4380 683 4437 sed
718 4391 986 4455 tamquam
1025 4400 1219 4441 vernos
1256 4384 1417 4443 flores
1441 4400 1721 4459 carpentes
1744 4431 1758 4455 ,
1790 4402 2017 4461 seseque

420 4476 765 4540 coronantes,
790 4475 980 4547 insigni
1000 4477 1164 4532 animi
1185 4476 1266 4533 sui
1287 4480 1561 4536 alacritate
1579 4480 1847 4538 cruciatus
1867 4496 2017 4536 meos

422 4566 842 4634 praeveniebant.
869 4567 1007 4636 Quid
1036 4585 1183 4640 ergo,
1217 4568 1408 4641 inquit,
1436 4573 1697 4642 agendum
1727 4589 1871 4628 nunc
1900 4572 2017 4627 fue-

424 4657 534 4711 rit?
576 4656 972 4715 Abscindamne
1013 4670 1172 4731 caput
1210 4659 1369 4732 ejus?
1411 4663 1518 4718 Sed
1561 4662 1614 4718 id
1651 4663 1743 4720 ille
1784 4664 1838 4717 in
1880 4665 2019 4719 votis

423 4751 609 4817 habet,
636 4761 691 4807 et
720 4767 817 4822 per
841 4767 1002 4823 opera
1035 4754 1277 4825 discipuli
1303 4756 1559 4824 majorem
1590 4755 2016 4811 adhortationem

422 4846 693 4915 accipiunt
723 4865 739 4903 :
771 4861 866 4902 eos
895 4847 1091 4917 quippe
1129 4847 1406 4903 admonuit
1451 4858 1744 4920 martyrum
1788 4858 2016 4905 mortem

422 4952 533 4993 non
572 4952 693 4994 esse
737 4946 998 5003 mortem,
1038 4938 1133 4994 sed
1166 4938 1326 4992 vitam
1374 4937 1479 4993 fine
1515 4945 1790 4992 carentem
1821 4956 1834 4994 :
1860 4947 2020 5008 atque

422 5029 586 5099 hujus
613 5028 846 5085 maxime
869 5044 1029 5085 causa
1051 5030 1228 5084 omnia
1255 5043 1374 5085 esse
1403 5028 1698 5091 toleranda.
1722 5029 2020 5100 despicien-

422 5123 661 5193 dumque
701 5138 822 5179 esse
856 5122 1157 5178 decessum.
1190 5123 1246 5178 Si
1277 5138 1405 5193 ergo
1430 5132 1590 5193 caput
1616 5123 1896 5179 abscidere
1920 5164 1935 5181 .
1966 5133 2021 5178 et

424 5215 481 5271 id
509 5216 598 5271 ille
626 5215 838 5271 fortiter
862 5214 1064 5281 tulerit,
1093 5215 1236 5286 ipsos
1263 5217 1500 5285 apertius
1525 5230 1618 5285 per
1645 5214 1782 5269 facta
1808 5214 2022 5270 docebit

423 5307 507 5362 sic
533 5312 784 5378 oportere
808 5315 1033 5362 mortem
1056 5307 1351 5377 despicere,
1375 5314 1431 5361 et
1454 5321 1638 5361 eorum
1669 5305 1885 5374 spiritus
1908 5320 2021 5358 ma-

423 5403 508 5474 gis
535 5405 724 5474 eriget,
747 5401 931 5472 eisque
952 5410 1195 5456 mortuus
1221 5401 1474 5471 majorem
1498 5400 1660 5454 animi
1687 5399 2015 5454 alacritatem

426 5494 728 5564 inspirabit.
756 5493 1041 5562 Propterea
1066 5491 1298 5562 linguam
1323 5490 1632 5560 amputavit,
1656 5497 1716 5544 ut
1738 5503 1887 5554 voce,
1915 5503 2019 5557 qua

428 5584 764 5652 fruebantur,
792 5586 986 5657 privati
1009 5584 1260 5655 martyris
1290 5583 1558 5653 discipuli,
1589 5589 1644 5637 et
1670 5581 1894 5638 consilio
1921 5580 2019 5636 de-

424 5677 630 5746 stituti,
658 5686 817 5748 atque
844 5676 1207 5732 admonitione
1244 5675 1432 5745 privati
1456 5714 1470 5738 ,
1505 5673 1796 5729 timidiores
1824 5672 2019 5729 evade-

424 5778 553 5825 rent
572 5810 588 5835 ,
634 5776 692 5825 et
726 5768 795 5824 ad
833 5768 1067 5839 priorem
1095 5781 1350 5837 angorem
1383 5774 1440 5822 et
1465 5764 1851 5820 dubitationem
1894 5761 2017 5818 red-

495 5919 511 5948 ι
547 5904 1036 5977 tanges-armis.
1108 5965 1139 5977 _.
1282 5962 1295 5977 .
1342 5962 1355 5977 .
1462 5976 1493 5977 ρ

492 5980 514 6011 ³
545 5962 683 6031 savii.
705 5962 925 6032 iam“
941 5962 1001 6018 't'n
1017 5965 1221 6018 hostium
1240 5962 1500 6031 phalanges
1521 5962 1766 6013 convertit.

1868 6094 1922 6103 β’*
1930 6097 2003 6110 εον.

1532 497 1597 556 ΙΝ
1626 500 1682 558 S.
1727 498 2059 559 ROMANUM
2101 492 2502 558 MARTYREM.
2544 501 2586 558 l.

3605 505 3700 563 GlO

2120 616 2280 686 irent,
2297 632 2417 673 cum
2457 632 2565 673 non
2604 616 2892 684 haberent,
2923 619 3012 689 qui
3057 619 3135 676 eis
3173 621 3407 677 animum
3448 622 3703 690 adderet,

2122 722 2294 779 neque
2317 707 2406 779 qui
2435 710 2690 765 excitaret
2713 718 2767 765 et
2792 722 3042 766 armaret.

2191 799 2247 853 '5.
2285 799 2574 855 Considera
2611 813 2788 857 autem
2819 801 2946 856 mihi
2987 802 3184 859 diaboli
3227 805 3500 860 malitiam.
3533 807 3705 863 llero-

2120 889 2217 943 des
2250 890 2462 960 quidem
2501 891 2722 948 Joannis
2756 901 2913 963 caput
2953 894 3178 949 abscidit
3210 911 3224 948 :
3254 897 3339 952 hic
3379 907 3554 953 autem
3597 914 3704 954 non

2120 989 2299 1048 caput,
2331 980 2426 1035 sed
2457 980 2685 1051 linguam
2708 983 2902 1036 solum.
2931 984 3143 1052 Quare?
3170 985 3286 1040 Pra:
3313 988 3474 1041 nimia
3504 989 3707 1045 scilicet

2122 1070 2321 1124 malitia
2348 1080 2397 1125 et
2429 1074 2794 1140 perversitate.
2822 1073 2876 1129 Si
2904 1074 3183 1130 abscidero
3221 1086 3400 1147 caput,
3434 1078 3622 1149 inquit,
3652 1085 3706 1133 et

2121 1171 2361 1215 mortuus
2402 1162 2580 1229 fuerit,
2622 1163 2844 1219 fratrum
2887 1166 3159 1221 interitum
3202 1182 3310 1222 non
3340 1169 3525 1223 videns
3554 1185 3704 1225 rece-

2118 1251 2241 1317 det;
2267 1260 2321 1305 at
2349 1268 2447 1322 ego
2473 1254 2618 1309 illum
2650 1255 2875 1309 militum
2907 1270 3123 1311 suorum
3167 1258 3373 1327 lapsum
3405 1268 3460 1314 et
3486 1261 3702 1315 calami-

2120 1345 2243 1399 tatis
2276 1353 2463 1400 testem
2491 1360 2611 1401 esse
2636 1347 2778 1414 volo,
2821 1356 2878 1403 ut
2920 1348 3103 1404 dolore
3147 1361 3419 1416 enccetur,
3451 1350 3578 1407 dum
3624 1353 3703 1407 la-
3758 1422 3769 1429 _

2116 1435 2304 1491 bentes
2337 1437 2549 1507 quidem
2578 1438 2767 1505 cernit,
2797 1438 2888 1494 sed
2917 1440 3190 1509 porrigere
3224 1456 3438 1497 manum
3468 1459 3573 1498 non
3602 1459 3701 1515 po-

2119 1534 2242 1593 test,
2273 1542 2446 1598 neque
2474 1543 2535 1583 ea
2563 1544 2680 1598 quae
2704 1530 2850 1599 prius
2878 1540 3056 1600 potest
3083 1531 3384 1600 consulere,
3411 1544 3622 1591 exsecta
3649 1538 3699 1593 ei

2114 1617 2274 1673 simul
2302 1634 2433 1675 voce
2461 1635 2583 1675 cum
2611 1621 2811 1691 lingua.
3775 1692 3783 1698 ν

2186 1711 2449 1767 Rontanus
2476 1723 2738 1785 amputata
2759 1714 2935 1785 lingua
2955 1715 3193 1785 loquitur.
3210 1746 3284 1758 —-
3302 1717 3406 1772 Sed
3436 1718 3523 1788 qui
3552 1734 3700 1774 com—

2114 1804 2396 1873 prehendit
2422 1804 2691 1873 sapientes
2725 1805 2778 1859 in
2805 1806 2999 1861 astutia
3023 1821 3209 1862 eorum
3237 1806 3312 1881 (l.
3345 1807 3463 1864 Cor.
3497 1811 3550 1865 5.
3585 1810 3697 1881 l9),

2112 1893 2386 1950 inventum
2414 1894 2519 1951 hoc
2561 1897 2613 1951 in
2641 1895 2756 1967 ejus
2791 1906 2951 1968 caput
2982 1898 3246 1954 convertit
3273 1916 3287 1953 :
3320 1914 3493 1970 neque
3526 1901 3697 1954 solum

2110 2000 2206 2042 eos
2231 1987 2454 2043 consilio
2480 2002 2585 2043 non
2617 1989 2863 2059 privavit,
2892 1990 2989 2046 sed
3018 1992 3179 2046 ctiam
3209 2000 3268 2046 ut
3288 1993 3478 2062 majori
3499 1992 3697 2048 adhor-

2113 2080 2313 2136 tatione
2353 2079 2680 2150 fruerentur,
2723 2081 2922 2150 effecit,
2966 2083 3241 2154 magisque
3282 2084 3570 2155 Spiritualis
3604 2086 3701 2140 do-

2110 2174 2298 2228 ctrinae
2328 2173 2612 2244 participes
2650 2182 2854 2231 essent.
2887 2173 3023 2229 Nam
3049 2188 3172 2230 cum
3211 2174 3315 2229 hoc
3359 2171 3696 2238 obtinuisset.

2111 2271 2332 2318 vocatur
2358 2262 2426 2318 de
2460 2263 2924 2319 caeteromedicus
2952 2265 3018 2318 ad
3056 2264 3368 2333 sectionem,
3417 2274 3475 2321 et
3513 2266 3575 2321 fit
3602 2282 3698 2337 pro

2110 2356 2320 2411 medico
2347 2357 2614 2423 carnifex;
2647 2371 2751 2411 non
2793 2356 2848 2413 id
2884 2357 3182 2429 corrigens,
3214 2358 3356 2429 quod
3400 2358 3589 2414 morbo
3618 2359 3698 2414 la-

2111 2447 2353 2515 borabat,
2396 2450 2715 2517 membrum,
2754 2450 2849 2505 sed
2889 2450 3033 2521 quod
3068 2459 3185 2506 erat
3221 2464 3410 2508 sanum
3450 2467 3698 2508 corrum-

2111 2555 2272 2610 pens;
2291 2550 2345 2596 et
2367 2554 2487 2596 cum
2510 2541 2740 2612 linguam
2768 2544 3078 2611 exemisset,
3105 2541 3262 2598 simul
3277 2558 3397 2598 cum
3427 2558 3487 2599 ea
3508 2558 3696 2599 vocem

2112 2631 2347 2686 eximere
2384 2631 2603 2686 minime
2645 2632 2854 2701 potuit:
2883 2631 2980 2686 sed
3028 2632 3205 2687 carnis
3258 2633 3473 2703 quidem
3522 2634 3700 2705 lingua

2111 2721 2210 2778 fuit
2241 2724 2469 2790 abscisa,
2498 2725 2675 2795 lingua
2705 2735 2883 2779 autem
2908 2724 3100 2780 divinae
3129 2725 3315 2795 gratiae
3345 2726 3411 2782 ad
3433 2725 3574 2782 beati
3594 2727 3703 2783 Ro—

2112 2816 2256 2870 mani
2282 2830 2343 2870 os
2374 2816 2675 2883 advolavit;
2696 2825 2750 2872 et
2774 2824 2959 2871 natura
2978 2816 3191 2887 quidem
3220 2817 3518 2873 membrum
3545 2833 3700 2874 suum

2113 2909 2259 2965 ferro
2286 2909 2340 2964 id
2371 2917 2595 2979 cogente
2621 2909 2819 2974 amisit,
2850 2907 2944 2964 Dei
2964 2916 3143 2964 autem
3172 2909 3340 2980 gratia
3365 2924 3487 2964 cum
3513 2925 3575 2965 ea
3609 2927 3704 2967 ex-

2112 2999 2293 3055 cidere
2317 3014 2503 3055 vocem
2534 3014 2640 3054 non
2671 3000 2793 3054 sivit
2821 3016 2835 3053 :
2867 2999 3009 3054 unde
3038 3001 3199 3055 etiam
3226 3000 3294 3056 de
3317 3008 3514 3058 caetero
3542 3001 3708 3057 disci-

2114 3092 2221 3163 puli
2269 3093 2438 3164 magis
2486 3092 2750 3163 spirituali
2801 3092 3043 3147 doctrina
3089 3091 3422 3162 fruebantur,
3453 3109 3559 3150 non
3598 3094 3704 3149 hu-

2115 3202 2273 3242 mana
2309 3201 2461 3253 voce,
2506 3185 2806 3257 cujusmodi
2850 3185 3020 3257 prius,
3050 3185 3210 3241 verba
3264 3185 3562 3256 audientes,
3608 3188 3702 3244 sed

2115 3279 2291 3335 divina
2321 3278 2550 3351 quadam
2578 3288 2632 3335 et
2674 3277 2921 3350 spiritali,
2968 3287 3021 3335 et
3043 3294 3160 3350 qua:
3191 3290 3433 3335 naturam
3464 3290 3703 3337 nostram

2117 3370 2406 3440 superabat
2436 3385 2450 3425 :
2478 3379 2532 3426 et
2566 3370 2958 3425 concurrebant
2994 3384 3205 3437 omnes,
3245 3386 3478 3440 superne
3506 3372 3700 3441 angeli,

2118 3461 2322 3517 inferne
2359 3461 2624 3526 hemines,
2673 3458 3037 3531 unusquisque
3070 3476 3132 3516 os
3159 3463 3276 3517 sine
3318 3463 3496 3533 lingua
3524 3463 3707 3520 videre

2117 3554 2413 3624 cupientes,
2445 3560 2500 3609 et
2524 3550 2708 3608 audire
2736 3550 2814 3608 sic
2852 3552 3179 3624 loquentem.
3209 3554 3335 3609 Erat
3357 3557 3500 3610 enim
3522 3570 3707 3611 revera

2121 3645 2436 3702 admirabile
2482 3655 2539 3702 et
2577 3656 2770 3717 praeter
2806 3645 3134 3716 opinionem,
3180 3662 3241 3702 os
3274 3648 3476 3719 absque
3522 3649 3702 3720 lingua

2117 3736 2280 3792 verba
2311 3736 2528 3804 faciens,
2561 3736 2773 3792 diabolo
2799 3734 3013 3808 quidem
3041 3753 3292 3809 magnum
3323 3739 3554 3795 dedecus
3579 3739 3709 3795 aﬂ‘e-

2119 3842 2268 3894 rcns,
2324 3828 2546 3901 martyri
2595 3836 2773 3882 autem
2817 3829 3085 3899 ingentem
3141 3830 3389 3900 gloriam,
3434 3830 3710 3902 discipulis

2120 3927 2253 3974 vero
2282 3918 2565 3988 plurimam
2599 3918 3019 3975 consolationem
3049 3927 3104 3975 et
3126 3922 3394 3990 patientia:
3422 3936 3707 3993 argumen-

2123 4019 2253 4065 tum.
2289 4010 2389 4066 Hic
2427 4011 2571 4065 enim
2617 4011 2724 4065 Deo
2751 4016 2867 4066 mos
2912 4020 2994 4066 est
3032 4010 3237 4080 jamdiu
3273 4020 3327 4067 et
3369 4026 3398 4065 a
3429 4012 3708 4082 principio,

2121 4117 2472 4172 quaecumque
2513 4110 2697 4156 contra
2724 4110 2823 4157 nos
2849 4101 3091 4156 diabolus
3126 4102 3531 4170 consarcinarit,
3564 4119 3625 4159 ea
3654 4105 3710 4158 in

2121 4201 2279 4263 caput
2303 4193 2443 4248 illius
2469 4201 2786 4247 convertere
2810 4232 2826 4257 ,
2868 4200 2923 4247 et
2962 4191 3027 4246 ad
3055 4192 3284 4247 salutem
3319 4203 3556 4248 nostram
3590 4196 3711 4250 red-

2122 4283 2288 4353 igere.
2311 4282 2437 4337 Mihi
2462 4286 2641 4337 autem
2664 4281 2767 4337 hoc
2798 4281 3077 4337 considera
3105 4299 3118 4337 :
3145 4282 3233 4337 ille
3254 4282 3524 4340 hominem
3554 4301 3584 4341 e
3615 4301 3711 4355 pa-

2121 4373 2301 4429 radiso
2331 4373 2505 4443 ejecit,
2533 4383 2588 4428 et
2614 4373 2754 4429 Deus
2785 4371 2860 4428 illi
2888 4371 3077 4429 caelum
3126 4375 3334 4445 aperuit
3362 4394 3375 4429 :
3410 4376 3498 4431 ille
3535 4377 3710 4446 ipsum

2123 4464 2326 4535 expulit
2361 4480 2429 4521 ex
2468 4465 2694 4535 imperio
2734 4473 2970 4532 terreno,
3005 4465 3145 4521 Deus
3173 4477 3352 4521 autem
3398 4483 3620 4538 regnum
3663 4470 3713 4523 ei

2122 4559 2375 4614 caelorum
2401 4558 2568 4624 dedit,
2601 4568 2654 4615 et
2691 4559 2745 4613 in
2777 4559 2973 4614 throno
3017 4559 3166 4629 regio
3196 4566 3439 4613 naturam
3467 4568 3708 4616 nostram

2123 4652 2424 4707 collocavit.
2495 4652 2584 4707 Sic
2629 4651 2769 4705 dona
2813 4666 3027 4721 semper
3065 4650 3271 4719 majora
3310 4650 3451 4705 Deus
3492 4651 3556 4706 iis
3598 4655 3712 4719 dat,

2123 4742 2314 4813 quibus
2340 4743 2585 4798 diabolus
2610 4740 2854 4797 homines
2878 4742 3085 4811 privare
3114 4750 3358 4797 conatur.
3389 4741 3502 4798 Hoc
3528 4753 3708 4799 autem

2123 4835 2271 4903 facit,
2304 4836 2453 4891 illum
2485 4836 2698 4906 quidem
2729 4833 3015 4890 tardiorem
3055 4831 3122 4890 ad
3148 4833 3414 4907 parandas
3451 4835 3604 4891 nobis
3630 4836 3714 4889 in-

2124 4927 2288 4983 sidias
2318 4927 2567 4990 reddens,
2621 4940 2721 4981 nos
2760 4941 2888 4981 vero
2914 4924 3115 4980 docens
3142 4941 3432 4997 numquam
3461 4927 3577 4995 ejus
3604 4942 3718 4980 ma-

2124 5018 2460 5073 chinationes
2490 5016 2750 5072 timendas
2775 5032 2932 5071 esse:
2965 5015 3108 5086 quod
3150 5016 3364 5087 quidem
3403 5016 3601 5073 factum
3629 5028 3715 5072 est

2124 5113 2283 5168 etiam
2316 5113 2367 5165 in
2417 5120 2674 5182 martyre.
2729 5110 2843 5177 Qua
2888 5109 3029 5163 enim
3067 5124 3125 5165 se
3155 5124 3279 5164 cum
3315 5124 3447 5165 voce
3473 5110 3714 5180 privatu-

2122 5220 2240 5259 rum
2271 5203 2516 5259 diabolus
2538 5202 2879 5270 existimavit,
2925 5201 3092 5256 multo
3118 5201 3374 5272 majorem
3407 5209 3460 5256 et
3489 5201 3713 5270 prmcla-

2126 5300 2322 5354 riorem
2362 5296 2412 5351 ei
2445 5297 2586 5351 Deus
2614 5294 2833 5363 largitus
2871 5302 2973 5348 est.
3003 5291 3117 5348 Non
3147 5293 3289 5349 enim
3331 5300 3447 5346 erat
3474 5290 3714 5360 ejusdem

2125 5392 2407 5459 momenti,
2449 5406 2572 5447 cum
2617 5388 2795 5459 lingua
2839 5387 3027 5458 loqui,
3076 5395 3131 5442 et
3173 5386 3291 5441 sine
3345 5385 3525 5454 lingua
3554 5402 3566 5436 :
3592 5386 3714 5437 na‘m

2125 5483 2255 5539 illud
2280 5481 2492 5552 quidem
2520 5492 2856 5548 consequens
2892 5486 2948 5533 et
2986 5490 3271 5532 commune
3308 5473 3578 5537 omnibus.
3609 5473 3714 5530 hoc

2125 5585 2302 5632 autem
2337 5588 2499 5645 supra
2530 5562 2774 5628 naturam
2804 5578 2940 5634 erat,
2977 5578 3031 5623 et
3057 5567 3330 5639 proprium
3367 5565 3484 5635 ejus
3525 5565 3715 5622 solius.

2126 5671 2456 5740 Quamquam
2499 5666 2712 5723 etiamsi
2756 5673 2877 5736 post
2913 5664 3106 5733 linguae
3140 5660 3495 5716 abscisionem
3535 5669 3718 5714 mutus

2126 5770 2331 5833 martyr
2366 5759 2577 5826 fuisset,
2607 5758 2687 5813 sic
2713 5770 2925 5827 quoque
2950 5753 3225 5822 impletum
3255 5752 3324 5808 ab
3350 5766 3417 5807 eo
3441 5759 3714 5807 certamen

2125 5852 2336 5918 fuisset,
2365 5851 2523 5920 eique
2546 5859 2727 5920 parata
2761 5854 2903 5902 esset
2946 5859 3143 5899 corona
3176 5862 3191 5899 :
3221 5858 3342 5898 nam
3375 5841 3514 5913 quod
3544 5843 3716 5897 victus

2130 5952 2293 6013 esset,
2321 5942 2609 5998 maximum
2637 5946 2752 5994 erat
2791 5947 2843 5993 et
2869 5946 3112 6019 apertum
3146 5942 3539 6006 argumentum,
3570 5932 3711 6004 quod
