4104 6484
503 551 600 607 ﬁll

503 664 736 736 linguam
780 673 1129 737 amputasset.
1176 666 1231 722 Si
1272 666 1415 722 enim
1445 666 1677 740 linguam
1705 666 1952 740 martyris
1978 682 2086 723 non

508 755 756 823 timebas,
788 771 823 810 ο
847 758 1108 815 scelerate
1147 767 1201 814 et
1234 759 1560 827 exsecrande
1587 760 1816 828 diabole,
1847 776 1944 821 cur
1966 776 2085 817 eam

502 849 816 904 abscidisti?
854 864 952 906 cur
979 850 1396 907 decertationum
1441 861 1813 921 argumentum
1856 869 1964 911 non
1992 853 2080 910 di-

503 941 716 1008 misisti,
750 941 845 997 sed
871 942 1100 999 stadium
1124 942 1396 999 occlusisti
1413 943 1435 997 i
1455 943 1915 1011 Quemadmodum
1940 945 2087 1001 enim

503 1031 548 1087 si
583 1032 704 1102 quis
729 1032 874 1087 omni
921 1034 1269 1089 certaminum
1309 1049 1510 1104 genere
1548 1034 1865 1105 luctaturus,
1892 1035 2088 1091 deinde

504 1121 684 1191 plagas
717 1124 1010 1192 accepisset
1048 1123 1312 1194 ingentes,
1351 1133 1406 1180 et
1450 1138 1576 1180 cum
1618 1125 1815 1183 deinde
1856 1125 2088 1197 amplius

505 1214 756 1270 resistere
783 1230 886 1270 non
913 1215 1136 1284 valeret,
1168 1231 1362 1273 manus
1397 1217 1638 1274 abscindi
1662 1218 1970 1275 adversario
1994 1218 2083 1287 ju-

504 1305 674 1374 beret,
708 1322 937 1377 eumque
973 1308 1053 1364 sic
1097 1317 1420 1379 percuteret,
1462 1325 1569 1366 non
1594 1311 1704 1381 jam
1743 1310 1847 1366 alia
1893 1310 2088 1381 proba-

503 1400 645 1465 tione
684 1414 819 1471 opus
859 1410 1002 1457 esset
1038 1401 1106 1457 ad
1139 1400 1530 1457 decernendam
1571 1403 1847 1457 victoriam
1890 1402 1963 1467 ei,
1999 1400 2085 1456 cui

501 1487 726 1546 fuissent
762 1507 955 1547 manus
981 1492 1241 1548 abscisae:
1271 1493 1343 1549 ita
1382 1494 1541 1550 etiam
1568 1493 1622 1548 in
1665 1503 1898 1565 martyre
1924 1507 2085 1562 aper-

504 1581 773 1637 tissimum
831 1584 1069 1638 omnium
1127 1595 1497 1655 argumentum
1550 1585 1786 1640 victoriae.
1829 1583 2085 1639 adversus

500 1672 768 1729 diabolum
791 1673 890 1730 fuit
914 1676 1108 1747 linguae
1131 1677 1294 1746 ipsius
1313 1678 1630 1749 amputatio.
1658 1677 1791 1733 Nam
1810 1676 1915 1733 etsi
1942 1690 2087 1731 mor-

501 1764 624 1818 talis
652 1773 767 1819 crat
806 1765 1006 1835 lingua,
1038 1767 1160 1836 quia
1193 1776 1368 1823 tamen
1410 1783 1473 1823 ea
1499 1767 1720 1822 vulnera
1750 1765 2084 1821 inunortalia

501 1853 716 1911 diabolo
741 1856 951 1925 inﬂixit,
977 1866 1253 1928 propterea
1276 1858 1330 1915 in
1358 1858 1501 1913 illam
1524 1859 1664 1913 virus
1678 1873 1838 1914 suum
1860 1855 2080 1923 efﬂavit,

499 1945 600 2001 sibi
628 1946 839 2015 quidem
884 1948 1058 2019 majus
1086 1948 1320 2005 dedecus
1363 1950 1615 2017 efferens,
1645 1948 1865 2020 martyri
1902 1957 2082 2003 autem

497 2052 751 2094 coronam
792 2040 1208 2111 splendidiorem
1248 2040 1497 2097 reddens.
1536 2041 1605 2097 Ut
1647 2040 1790 2095 enim
1840 2039 2083 2094 mirabile

431 2134 442 2145 ‘
508 2139 590 2183 est
620 2130 885 2187 °arborem
935 2132 1052 2186 sine
1099 2131 1279 2187 radice
1322 2131 1540 2199 intueri,
1585 2146 1650 2188 ac
1699 2131 1916 2187 ﬂuvium
1964 2130 2082 2187 sine

497 2221 646 2279 fonto
671 2239 685 2276 :
709 2223 787 2278 sic
808 2223 969 2278 etiam
997 2238 1182 2279 vocem
1211 2221 1328 2279 sine
1353 2223 1550 2293 lingua.

565 2316 621 2371 4.
660 2315 848 2370 Contra
890 2331 995 2383 eos,
1029 2317 1115 2386 qui
1156 2333 1425 2388 corporum
1461 2315 1810 2372 γεωπεεεὶοηὶ
1846 2331 1948 2370 non
1972 2330 2082 2369 cre-

494 2407 639 2460 dunt.
660 2436 734 2447 —
758 2406 859 2462 Ubi
897 2422 1037 2462 nunc
1065 2414 1212 2473 sunt,
1240 2406 1328 2477 qui
1370 2421 1657 2477 corporum
1698 2404 2078 2462 resurrecuoni

494 2513 601 2553 non
636 2496 900 2553 credunt?
944 2498 1082 2553 Ecce
1125 2513 1227 2553 vox
1271 2505 1482 2553 mortua
1523 2505 1624 2564 est,
1674 2507 1728 2553 et
1765 2496 1956 2553 revixit
1984 2515 1998 2552 :
2023 2506 2079 2553 et

493 2602 602 2642 uno
646 2596 919 2643 momento
968 2587 1221 2657 temporis
1261 2596 1485 2658 utraque
1528 2585 1665 2643 facta
1707 2594 1850 2644 sunt.
1881 2587 2077 2656 Quam-

493 2694 652 2749 quam
682 2676 783 2736 hoc
809 2678 966 2749 longe
995 2679 1165 2750 majus
1205 2686 1309 2748 est,
1337 2693 1497 2749 quam
1521 2692 1808 2748 corporum
1834 2694 2076 2735 resurre-

496 2768 604 2822 ctio
635 2785 648 2820 :
676 2778 799 2823 nam
820 2764 929 2823 illic
949 2768 1162 2838 quidem
1193 2776 1380 2825 natura
1396 2784 1684 2837 corporum
1708 2778 1792 2825 est
1813 2770 2074 2840 subjecta,

497 2858 815 2930 compositio
839 2869 1014 2915 autem
1049 2859 1221 2914 solum
1249 2870 1331 2915 est
1353 2858 1609 2915 dissoluta
1636 2878 1649 2914 :
1677 2860 1765 2914 hic
1801 2875 1930 2915 vero
1956 2861 2077 2917 sub-

491 2951 656 3005 latum
685 2950 783 3005 fuit
806 2950 951 3007 vocis
983 2950 1585 3021 ipsumfundamentum
1606 2992 1622 3019 ,
1654 2950 1747 3007 sed
1783 2960 1959 3009 tamen
2012 2966 2074 3011 ea

490 3041 818 3112 splendidior
841 3056 1025 3097 rursus
1058 3050 1141 3098 est
1166 3041 1322 3097 facta.
1351 3041 1641 3098 Enimvero
1670 3042 1716 3097 si
1754 3056 1787 3096 a
1817 3043 1943 3097 tibia
1974 3042 2074 3097 lin-

486 3134 636 3205 gulas
661 3134 963 3201 abstuleris,
986 3132 1172 3189 inutile
1193 3132 1444 3203 deinceps
1462 3131 1606 3203 jacet
1627 3132 2031 3188 instrumentum
2053 3150 2068 3201 ;

484 3240 671 3280 verum
717 3242 823 3280 non
858 3224 936 3281 sic
977 3224 1103 3279 tibia
1142 3224 1450 3295 spiritualis,
1492 3223 1589 3279 sed
1631 3224 1842 3281 tametsi
1890 3224 2070 3297 lingua

485 3318 711 3386 privata,
743 3332 847 3373 non
878 3317 1053 3374 solum
1081 3325 1225 3372 muta
1254 3328 1361 3381 non
1388 3324 1526 3385 erat,
1575 3316 1670 3372 sed
1693 3317 1855 3373 etiam
1882 3316 2073 3373 modu-

484 3409 644 3465 latius
670 3418 725 3465 et
753 3410 920 3481 magis
951 3410 1235 3483 mysticum
1265 3424 1499 3478 carmen,
1533 3418 1587 3465 et
1618 3410 1808 3481 majori
1828 3425 1950 3467 cum
1974 3411 2072 3468 ad-

483 3501 767 3556 miratione
787 3501 1081 3556 emittebat.
1114 3500 1319 3556 Rursus
1348 3501 1507 3557 etiam
1539 3502 1590 3555 in
1630 3501 1837 3561 cithara
1878 3502 1924 3561 si
1949 3502 2068 3573 quis

481 3591 744 3661 plectrum
768 3593 939 3647 solum
965 3592 1240 3662 eripuerit,
1264 3592 1467 3648 otiosus
1493 3592 1714 3661 artifex,
1733 3607 1819 3648 ars
1841 3593 2064 3660 inutilis,

483 3690 541 3736 et
562 3681 718 3736 inane
766 3681 1219 3750 instrumentum;
1255 3680 1343 3737 hic
1381 3687 1561 3738 autem
1604 3682 1736 3739 nihil
1781 3683 2063 3754 ejusmodi,

480 3772 578 3828 sed
600 3774 924 3828 contrarium
947 3773 1186 3828 omnino.
1215 3772 1289 3829 Os
1317 3774 1461 3829 enim
1490 3783 1607 3830 erat
1631 3776 1856 3846 cithara,
1888 3777 2065 3848 lingua

480 3863 768 3934 plectrum,
801 3863 994 3920 artifex
1014 3865 1213 3935 anima,
1250 3879 1340 3921 ars
1371 3881 1500 3922 vero
1527 3868 1795 3924 confessio
1824 3887 1837 3922 :
1861 3869 2064 3940 plectro

480 3964 660 4010 tamen
689 3955 887 4022 ablato,
934 3955 1114 4026 lingua
1158 3956 1394 4029 inquam,
1439 3974 1614 4030 neque
1651 3961 1862 4030 artifex,
1889 3978 2063 4033 neque

479 4059 590 4110 ars,
640 4060 813 4116 neque
854 4047 1265 4103 instrumentum
1303 4048 1490 4105 inutile
1518 4051 1710 4123 evasit,
1748 4052 1843 4108 scd
1882 4054 2061 4109 omnia

476 4136 729 4193 virtutem
760 4153 910 4194 suam
935 4139 1301 4196 ostenderunt.
1332 4141 1464 4213 Quis
1492 4142 1607 4199 haec
1634 4143 1793 4200 fecit?
1821 4147 1940 4217 quis
1968 4148 2061 4207 ad-

462 4226 739 4282 .mirabilia
770 4227 884 4283 haec
908 4228 1139 4286 ostendit
1163 4246 1386 4302 quaeque
1419 4246 1630 4287 omnem
1656 4246 1909 4305 superant
1937 4237 2059 4313 Opi-

474 4318 726 4372 nionem?
756 4318 897 4373 Deus
920 4320 1010 4391 qui
1036 4320 1185 4376 solus
1226 4320 1490 4377 mirabilia
1530 4321 1681 4391 facit,
1710 4324 1779 4383 de
1801 4340 1906 4395 quo
1933 4326 2061 4383 dicit

479 4409 679 4463 David:
713 4408 932 4464 Domine
953 4408 1196 4466 Dominus
1235 4421 1428 4482 noster,
1464 4430 1617 4485 quam
1649 4415 1946 4479 admirabile
1986 4427 2058 4472 est

472 4520 654 4557 nomen
683 4513 827 4557 tuum
852 4504 905 4557 in
928 4504 1161 4557 universa
1186 4505 1352 4559 terra!
1378 4509 1615 4576 quoniam
1635 4508 1824 4569 elevata
1853 4520 1923 4564 est
1949 4527 2058 4565 ma-

472 4593 766 4664 gniﬁcentia
790 4601 880 4648 tua
901 4609 1057 4666 super
1079 4593 1232 4649 celos
1256 4610 1276 4650 :
1300 4611 1364 4651 ea:
1391 4613 1478 4651 ore
1502 4598 1772 4669 infantium
1793 4609 1839 4655 et
1854 4600 2056 4661 lacteu-

471 4687 598 4739 ti'utu
639 4687 889 4757 perfecisti
937 4687 1137 4741 laudem
1172 4685 1345 4761 (Psal.
1393 4688 1449 4744 8.
1499 4688 1555 4743 2.
1594 4690 1671 4762 ὅ).
1715 4693 1890 4762 Atque
1929 4702 2055 4747 tunc

467 4773 684 4844 quidem
706 4789 776 4830 ex
804 4791 899 4833 ore
932 4776 1212 4835 infantium
1250 4785 1307 4835 et
1344 4779 1675 4851 lactentium,
1707 4796 1849 4838 nunc
1873 4793 2051 4840 autem

1177 547 1232 605 S.
1273 546 1550 605 JOANNIS
1582 545 2049 606 CIIRYSOSTOMI
2091 544 2401 603 ARCIllEP.
2440 545 2970 611 CONST'ANTINOP.

3658 540 3755 601 ΜΞ

2191 681 2261 724 ex
2304 682 2400 723 ore
2439 667 2729 739 elinguium
2754 685 2767 722 :
2793 676 2917 723 tunc
2957 675 3146 725 natura
3190 665 3493 737 inmatura,
3528 681 3662 727 nunc
3698 684 3761 727 es

2193 757 2370 829 lingua
2397 773 2658 813 vacuum:
2691 768 2817 814 tunc
2843 766 2957 813 crat
2978 758 3030 812 in
3068 757 3246 830 pueris
3278 756 3453 815 mollis
3472 756 3634 816 radix.
3666 764 3756 819 sed

2192 849 2397 905 fructus
2440 848 2742 919 perfectus;
2780 849 2868 904 hic
2918 857 3096 904 autem
3140 855 3197 905 et
3235 847 3349 917 ipsa
3395 846 3543 905 radix
3590 845 3753 907 ablata

2192 950 2336 1007 erat,
2386 950 2439 997 et
2489 940 2691 998 fructus
2737 941 3012 1012 generatio
3066 955 3172 996 non
3216 937 3593 1015 prohibebatur
3631 955 3645 993 :
3679 947 3755 993 est

2192 1034 2336 1090 enim
2384 1049 2489 1091 vox
2543 1035 2737 1106 lingua:
2776 1033 3001 1089 fructus.
3050 1032 3189 1090 Sunt
3232 1045 3420 1091 revera
3471 1028 3754 1101 posteriora

2191 1124 2458 1197 prioribus
2485 1125 2830 1187 mirabiliora.
2858 1124 3104 1190 Etenim,
3134 1138 3202 1177 ne
3239 1121 3323 1179 his
3361 1120 3518 1179 ﬁdem
3543 1133 3645 1173 non
3670 1115 3753 1175 ad-

2194 1215 2441 1283 bibeatis,
2472 1216 2558 1273 illa
2586 1224 2870 1287 propterea
2907 1222 3315 1285 praecesserunt,
3354 1222 3414 1271 ut
3450 1212 3502 1269 in
3531 1210 3613 1271 bis
3655 1222 3753 1267 non

2190 1309 2590 1376 conturbemur,
2631 1324 2752 1365 cum
2796 1308 2852 1365 in
2896 1308 3002 1364 illis
3043 1306 3203 1365 fuerit
3234 1307 3443 1365 animus
3479 1312 3753 1367 assuetus:

2174 1398 2312 1456 ideo
2353 1400 2470 1456 hare
2494 1408 2815 1467 evenerunt,
2850 1411 2909 1457 ut
2957 1399 3048 1457 illa
3072 1414 3193 1469 quin
3231 1398 3398 1457 latent
3438 1405 3493 1457 et
3526 1405 3645 1453 sunt
3670 1407 3756 1449 ve-

2174 1498 2324 1557 rtera,
2356 1506 2420 1546 ex
2462 1489 2756 1553 manifestis
2795 1503 2850 1546 et
2877 1492 2941 1545 iis
2974 1506 3094 1562 qua:
3122 1497 3249 1549 sunt
3280 1504 3469 1545 recens
3493 1486 3753 1543 factacre—

2187 1579 2403 1637 dantur.
2437 1581 2527 1637 Sic
2558 1582 2844 1657 aliquando
2870 1583 3099 1639 Aaronis
3140 1596 3353 1652 quoque
3391 1580 3539 1651 virga
3566 1577 3753 1643 ﬂoruit.

2186 1673 2326 1727 sicut
2365 1688 2506 1729 nunc
2546 1688 2607 1729 os
2637 1674 2890 1745 martyris
2937 1673 3275 1744 germinavit.
3315 1670 3421 1733 Sed
3449 1684 3666 1740 quanam
3691 1666 3751 1723 de

2188 1779 2346 1820 causa
2390 1765 2537 1836 virga
2588 1774 2712 1822 tunc
2765 1766 2994 1820 Aaronis
3047 1764 3364 1835 germinavit
3410 1761 3596 1834 (Nam.
3646 1758 3751 1831 ην

2189 1854 2450 1923 Quoniam
2481 1856 2734 1913 sacerdos
2777 1854 3116 1911 contumeliis
3141 1852 3493 1911 afﬁciebatur.
3529 1851 3754 1929 Quanam

2185 1955 2362 2001 autem
2388 1948 2455 2004 de
2498 1963 2656 2003 causa
2684 1962 2827 2003 nunc
2865 1961 2928 2003 os
2957 1947 3204 2017 martyris
3241 1940 3753 2017 germinavit‘lrQuo-

2186 2039 2328 2093 niam
2367 2038 2697 2110 blasphemia
2737 2046 2792 2095 et
2817 2038 3115 2097 maledictis
3140 2034 3512 2095 incessebatur
3536 2045 3747 2102 magnus

2174 2129 2427 2184 Pontifex
2445 2128 2600 2185 Jesus
2617 2128 2882 2185 Christus.
2912 2127 3045 2187 Vide
3066 2142 3193 2198 ergo
3212 2134 3406 2197 quanta
3433 2124 3502 2181 sit
3526 2119 3751 2184 miraculi

2183 2220 2430 2291 cognatio
2472 2227 2527 2275 et
2564 2219 2899 2281 excellentia.
2940 2217 3396 2295 Quemadmodum
3444 2215 3583 2275 enim
3618 2212 3752 2281 virs!

2182 2313 2276 2368 illa
2306 2328 2412 2367 non
2438 2313 2583 2367 unita
2620 2311 2807 2379 radici,
2835 2326 2935 2369 nec
2964 2326 3029 2366 cx
3061 2319 3200 2369 terra
3224 2308 3441 2373 trahens
3465 2306 3749 2366 humorem,

2182 2406 2277 2461 sed
2324 2406 2465 2461 illius
2513 2419 2675 2461 succo
2725 2405 2938 2475 penitus
2977 2403 3216 2473 privata,
3257 2415 3321 2455 ac
3366 2398 3573 2472 perdita
3616 2393 3752 2451 vita”
3850 2456 3857 2465 ,

2166 2497 2545 2568 .frugiferaque
2585 2497 2803 2563 virtute,
2848 2504 3069 2566 repente
3114 2493 3345 2553 fructum
3390 2486 3752 2547 ostenditzits

2180 2589 2432 2649 nimirum
2464 2589 2550 2644 hic
2566 2603 2781 2660 quoque
2808 2603 2916 2642 vos
2946 2585 3124 2641 radice
3149 2584 3355 2659 privata
3383 2589 3441 2637 et
3466 2580 3572 2636 vim
3596 2593 3660 2633 ex
3677 2576 3750 2630 in-

2180 2692 2478 2739 strumento
2497 2697 2602 2739 non
2642 2682 2866 2747 habens,
2898 2682 2952 2738 in
2975 2681 3116 2739 sicco
3139 2686 3192 2735 et
3219 2675 3387 2731 sterili
3421 2689 3514 2735 ore
3543 2675 3751 2741 repente

2172 2776 2517 2845 germinavit.
2560 2774 2623 2830 ln
2669 2775 2772 2829 hoc
2809 2768 3319 2843 quidcmcognatio,
3354 2767 3409 2827 in
3439 2765 3542 2829 alio
3582 2770 3751 2825 autem

2179 2875 2264 2921 est
2289 2865 2606 2921 excellentia
2637 2882 2650 2918 :
2679 2864 2820 2920 inter
2851 2872 3131 2933 utrumque
3156 2860 3300 2916 enim
3348 2857 3577 2919 fructum
3622 2851 3750 2915 mul'

2166 2966 2289 3012 tum
2319 2957 2559 3012 interest.
2587 2955 2718 3011 Nam
2765 2955 2857 3011 ille
2890 2954 3107 3025 quidem
3139 2950 3352 3009 scnsilis
3381 2957 3514 3015 erat,
3559 2946 3641 3009 hic
3666 2958 3751 2997 au-

2180 3058 2286 3105 tem
2315 3049 2626 3122 spiritualis,
2658 3057 2713 3103 et
2740 3048 2884 3118 ipsos
2919 3046 3080 3103 caelos
3126 3042 3375 3115 aperiens
3401 3043 3473 3109 ei,
3502 3038 3589 3111 qui
3635 3046 3750 3092 tunc

2173 3153 2295 3194 eam
2324 3154 2512 3194 vocem
2552 3138 2812 3194 ediderat.
2846 3136 2949 3192 Pro
2989 3135 3073 3190 his
3110 3133 3358 3189 omnibus
3387 3127 3609 3203 martyri
3634 3140 3744 3198 gra:

2164 3230 2428 3298 tulemur,
2463 3231 2627 3286 Deum
2654 3229 3030 3301 gloriﬁcamus,
3067 3226 3154 3297 qui
3186 3225 3302 3280 haec
3327 3223 3456 3279 facit
3483 3217 3745 3283 miracula.

2172 3324 2448 3381 imitemur
2486 3323 2731 3379 conservi
2780 3323 3108 3394 patientiam,
3150 3319 3348 3390 gratias
3392 3330 3609 3389 agamus
3652 3313 3751 3366 De-

2173 3415 2321 3472 mino
2356 3432 2454 3486 pro
2478 3417 2646 3487 gratia
2675 3434 2688 3469 :
2716 3430 2781 3469 cx
2814 3415 2878 3469 iis
2908 3428 3026 3483 qua:
3053 3411 3193 3467 dicta
3235 3419 3379 3477 sunt,
3409 3407 3749 3488 sufﬁcientem

2172 3508 2229 3573 in
2267 3508 2646 3564 tentationibus
2691 3505 3108 3562 consolationem
3150 3503 3498 3573 accipiamus,
3543 3506 3598 3555 et
3639 3495 3745 3561 Dei.

2170 3602 2260 3672 qui
2278 3617 2386 3656 nos
2410 3600 2556 3670 fecit,
2586 3600 2877 3670 potentiam
2898 3607 2952 3653 ct
2975 3612 3156 3662 curam
3184 3594 3513 3653 admirantes
3538 3606 3599 3644 ac
3624 3603 3745 3661 pro-

2169 3692 2481 3760 videntiam,
2525 3691 2704 3747 omnia
2731 3705 2852 3761 quae
2896 3704 2961 3744 ex
2995 3687 3149 3742 nobis
3192 3693 3317 3740 sunt
3356 3684 3659 3749 aﬂ‘eramus,
3694 3685 3752 3737 ct

2168 3799 2287 3856 qua:
2313 3798 2379 3840 ex
2420 3798 2486 3839 eo
2530 3790 2674 3849 sunt,
2724 3780 2942 3836 omnino
2970 3786 3385 3848 consequentur.
3414 3774 3539 3831 Sive
3584 3769 3751 3827 homi-

2167 3891 2285 3942 nes,
2317 3876 2434 3937 sive
2469 3873 2761 3939 dacmones,
2790 3872 2903 3927 sive
2931 3870 3047 3942 ipse
3072 3868 3313 3925 diabolus
3341 3867 3628 3923 adversum
3652 3873 3750 3916 nos

2164 3967 2472 4038 depugnet,
2513 3965 2645 4020 nihil
2690 3963 2967 4037 proﬁcient
3015 3962 3089 4030 ii,
3135 3961 3224 4032 qui
3273 3973 3374 4012 nos
3406 3958 3745 4028 Oppugnant:

2166 4058 2328 4113 modo
2350 4067 2652 4130 promptum
2680 4062 2920 4111 nostrum
2941 4051 3103 4106 animi
3126 4049 3357 4105 studium
3385 4044 3743 4107 ostendamus,

2162 4160 2221 4205 et
2244 4166 2362 4222 qua:
2396 4164 2430 4203 a
2465 4148 2620 4204 nobis
2645 4147 2821 4205 aﬂ‘erri
2852 4151 3082 4216 oportet,
3122 4141 3300 4198 omnia
3323 4138 3629 4196 efferamus.
3659 4131 3747 4189 Sic

2163 4244 2308 4299 enim
2336 4250 2391 4299 et
2415 4242 2503 4296 hic
2531 4241 2623 4297 Dei
2658 4238 2911 4294 auxilium
2947 4234 3300 4301 attrabemus,
3345 4243 3403 4288 et
3438 4233 3491 4286 in
3531 4229 3637 4284 vita
3662 4223 3744 4281 fu-

2158 4341 2279 4389 tura
2309 4348 2498 4404 magna
2522 4330 2690 4404 gloria
2714 4339 2770 4385 et
2790 4329 2959 4385 salute
2982 4326 3319 4399 perfrucmur
3347 4341 3359 4374 :
3391 4337 3552 4394 quam
3589 4316 3743 4373 nobis
3828 4391 3833 4396 ⁸

2162 4426 2410 4481 omnibus
2429 4422 2681 4494 consequi
2708 4422 2880 4487 detur,
2910 4419 3079 4495 gratia
3108 4427 3161 4471 et
3188 4415 3519 4486 benignitate
3540 4404 3744 4467 Domini

2161 4517 2330 4572 nostri
2353 4518 2480 4571 Jesu
2506 4514 2725 4581 Christi,
2756 4529 2877 4568 cum
2903 4527 3008 4583 quo
3043 4509 3185 4565 Patri
3209 4508 3370 4563 simul
3399 4523 3522 4561 cum
3547 4502 3742 4576 Spiritu

2159 4618 2345 4664 sancto
2371 4608 2558 4678 gloria,
2590 4606 2761 4663 honor
2785 4612 2840 4662 et
2866 4605 3168 4676 imperium,
3206 4603 3260 4658 in
3290 4600 3492 4659 smcula
3526 4594 3744 4661 saeculo-

2146 4716 2300 4758 rum.
2329 4702 2521 4756 Amen.

467 4910 3717 4938 .._.__________________________________________________._.

823 4987 1037 5091 DE
1116 4989 1458 5097 ΒΑΝ
1456 4995 1547 5096 0
1555 4994 1758 5100 T0
1817 4994 2070 5101 ΜΛ

2185 4998 2289 5101 Τ
2303 4993 2605 5109 YRE
2678 4987 3379 5108 ROMANO.

1937 5200 2339 5236 m—

555 5379 568 5390 .
1058 5331 1251 5373 onarto
1288 5332 1323 5372 tt
1353 5317 1450 5388 (a).

532 5407 589 5461 Ι.
616 5402 915 5477 ,Ηαηυηιηι
964 5410 1450 5463 commemorationis
1496 5410 1716 5465 utilitas.
1759 5408 2045 5480 Descriptio

451 5498 855 5568 rerscquutionis
880 5500 1212 5571 similitudine
1234 5517 1267 5555 a
1288 5503 1417 5557 mari
1435 5515 1655 5575 sumpta.
1682 5535 1753 5545 —
1777 5504 2045 5560 Palaestra:

460 5587 675 5657 quidem
704 5591 1016 5660 corporibus
1045 5593 1209 5649 robur
1247 5609 1310 5650 ac
1350 5597 1592 5666 peritiam
1624 5596 1887 5669 athleticae
1914 5601 2044 5656 artis

456 5681 758 5752 acquirunt,
797 5694 1086 5757 martyrqu
1116 5702 1245 5744 vero
1281 5692 1814 5748 commemorationes
1840 5695 2044 5749 animas

459 5771 715 5831 adversus
744 5775 1045 5834 dmmonum
1080 5789 1225 5837 artes
1251 5789 1481 5851 armant,
1524 5791 1580 5839 et
1614 5785 1951 5841 contra'illos
1975 5786 2041 5841 ad

462 5862 655 5919 luctam
679 5867 977 5923 instituunt.
1010 5870 1143 5925 Dum
1189 5872 1330 5928 enim
1365 5874 1505 5930 vires
1532 5872 1808 5931 atlilcticas
1836 5885 1888 5931 ct
1911 5891 2041 5933 con-

523 5956 597 6020 (ει)
627 5958 802 6009 Collata
824 5972 933 6009 cum
957 5968 1036 6011 Ms.
1064 5965 1209 6031 Hegio

2158 5318 2357 5373 tinuam
2385 5332 2506 5373 cum
2529 5317 2709 5387 ﬂagris
2742 5316 2937 5371 luctam
2969 5316 3178 5386 publice
3204 5314 3453 5386 produnt,
3488 5313 3737 5384 pietatem

2155 5409 2373 5465 audacia
2418 5410 2790 5474 corroborant,
2817 5415 2872 5463 ct
2904 5409 2957 5462 in
2987 5409 3312 5462 cruciatuum
3344 5401 3736 5459 narrationibus

2156 5510 2420 5572 tamquam
2450 5501 2503 5555 in
2530 5499 2714 5555 stadiis
2737 5499 3053 5571 quibusdam
3074 5509 3296 5553 stratum
3325 5511 3354 5548 a
3381 5493 3574 5565 quovis
3598 5504 3735 5545 mar-

2154 5603 2270 5662 tyre
2313 5592 2635 5647 curriculum
2665 5598 2989 5663 proponunt.
3021 5591 3163 5645 Talis
3193 5599 3274 5644 est
3315 5587 3570 5660 martyris
3599 5586 3730 5656 ejus,

2151 5682 2241 5753 qui
2266 5682 2427 5738 hodie
2468 5693 2753 5738 coronatus
2780 5693 2885 5749 est,
2915 5680 3373 5737 commemoratio.
3421 5679 3556 5746 Quis
3592 5677 3733 5741 enim

2151 5775 2206 5828 in
2233 5774 2402 5831 stadia
2442 5773 2700 5830 adversus
2741 5772 3011 5828 diabolum
3052 5772 3307 5826 audacter
3332 5783 3441 5823 non
3471 5766 3726 5838 prosiliat.

2150 5884 2271 5924 cum
2300 5870 2530 5923 animam
2557 5883 2706 5924 suam
2732 5867 2982 5937 martyris
3014 5862 3394 5920 certaminibus
3419 5854 3724 5917 instituerit,

2159 5976 2315 6034 quem
2343 5968 2419 6015 tot
2444 5960 2798 6032 periculorum
2827 5955 3109 6016 multitudo
3134 5968 3237 6012 non
3267 5948 3572 6010 concussit?
3597 5949 3726 6009 Tum
