4104 6490
513 400 575 456 6-1
587 404 618 458 5

511 523 614 594 τῆς
644 519 904 586 ἀσεϐείας
927 524 1048 578 τότε
1074 527 1328 598 τυραννὶς
1359 530 1669 599 ἐνωρχεῖτο,
1703 531 1797 582 καὶ
1821 528 2099 582 θάλασσαν

513 611 580 661 ἐκ
608 605 788 678 βυθῶν
819 607 1070 680 ἐμιμεῖτο
1089 611 1373 682 σειομένην
1393 614 1421 664 6
1452 612 1586 682 βίος,
1610 611 1808 669 καὶτοῦ
1831 612 2100 680 πελάγους

510 693 594 757 είς
625 691 723 762 τὴν
755 693 862 762 γῆν
915 691 972 746 αί
1009 694 1300 766 τρικυμίαι
1334 695 1694 766 μετέστησαν,
1752 697 1844 748 καὶ
1873 694 2100 766 σφοδρὸν

509 775 572 829 τὸ
601 775 702 846 τῆς
735 775 1018 840 εὐσεϐείας
1059 777 1267 847 σκάφος
1293 777 1614 842 δυσσεϐείας
1633 779 1946 850 περιήντλει
1973 779 2102 832 κλυ-

508 859 720 925 δώνιον,
743 861 802 912 ἐν
832 853 877 928 ᾧ
899 858 1086 914 πολλοὶ
1101 861 1201 930 μὲν
1223 861 1410 930 νεκροὶ
1440 863 1730 932 πανταχοῦ
1745 861 2096 933 κυϐερνῆται,

509 941 724 998 ναυτῶν
751 943 809 998 δὲ
842 944 945 998 οὐκ
973 943 1157 1012 ὀλίγος
1176 943 1410 1016 ἀριθμὸς
1444 946 1800 1018 ὑποϐρύχιος·
1836 946 2013 1000 πάντα
2041 945 2098 998 δέ

505 1023 576 1100 ἦν
604 1027 786 1098 φόϐων
814 1027 1032 1099 πικρῶν
1066 1027 1162 1082 καὶ¹
1205 1028 1484 1096 ναυαγίων
1516 1030 1821 1100 ἀνάμεστα.
1867 1031 2098 1084 Ἔπνεον

510 1111 754 1182 βασιλεῖς
781 1110 1096 1180 καταιγίδος
1139 1109 1523 1182 σφοδρότερον,
1563 1113 1804 1185 φοϐερὰς
1840 1111 2098 1184 τύραννοι

505 1195 802 1267 τρικυμίας
849 1197 1080 1266 ἐπῆγον,
1132 1195 1412 1267 ἀρχόντων
1455 1198 1848 1270 συγκεκίνηντο
1893 1197 2096 1268 θρόνοι,

503 1277 756 1333 δικασταὶ
787 1277 886 1348 τὴν
920 1281 998 1342 εἰς
1029 1279 1265 1350 Χριστὸν
1293 1281 1590 1351 ἐκήρυττον
1607 1282 1862 1352 ἄρνησιν,
1892 1279 2098 1350 πικράς

505 1361 795 1432 νομοθέται
811 1361 1088 1434 τιμωρίας
1108 1360 1390 1430 ἠπείλουν,
1427 1363 1564 1434 πρὸς
1585 1363 1684 1426 τάς
1703 1363 1809 1419 τῶν
1829 1363 2096 1433 δαιμόνων

501 1446 696 1518 ἄνδρες
727 1445 919 1509 θυσίας
974 1445 1307 1517 ἡρπάζοντο,
1349 1447 1486 1518 πρὸς
1523 1447 1621 1519 τὴν
1659 1447 1768 1501 τῶν
1806 1445 1955 1519 [618]
1987 1446 2096 1516 βω-

506 1528 622 1600 μῶν
644 1528 888 1584 εῖλκοντο
906 1527 1192 1599 βδελυρίαν
1214 1533 1490 1597 γυναῖκες·
1520 1531 1780 1601 ἐσύροντο
1806 1530 1943 1602 πρὸς
1965 1529 2096 1584 ταύ-

499 1631 600 1688 την
627 1615 724 1673 καὶ
754 1615 1012 1687 παρθένοι
1037 1615 1136 1688 τὴν
1165 1614 1390 1679 λύσσαν,
1416 1617 1616 1683 φυγαῖς
1645 1616 1807 1686 ἱερεῖς
1837 1616 1932 1670 καὶ
1958 1632 2096 1684 σφα-

497 1702 626 1768 γαῖς
653 1699 1021 1772 παρεδίδοντο,
1049 1701 1159 1753 τῶν
1187 1699 1347 1771 ἱερῶν
1381 1698 1675 1770 ἠλαύνοντο
1697 1701 1747 1753 οί
1783 1700 1964 1753 πιστοὶ
1997 1716 2096 1752 πε-

503 1782 750 1854 ριϐόλων.
773 1782 918 1854 Πρὸς
951 1783 1287 1854 τηλικαύτην
1319 1783 1346 1834 6
1387 1783 1599 1853 μάρτυς
1625 1782 1954 1848 ἐξωπλίζετο
1985 1781 2094 1852 μά-

496 1884 622 1939 χην,
654 1865 750 1922 καὶ
774 1864 1052 1930 τοσούτοις
1079 1868 1178 1938 τὴν
1203 1865 1430 1939 γνώμην
1457 1864 1724 1930 κινδύνοις
1755 1864 2092 1936 ἀνθίστησιν,

497 1951 691 2020 ὥσπερ
737 1950 861 2006 τινά
898 1950 1240 2022 σκιαμαχίαν
1285 1949 1462 2018 γελῶν
1498 1949 1598 2022 τὴν
1633 1947 1956 2021 παράταξιν,
2002 1950 2095 2004 καὶ

495 2035 750 2107 καθάπερ
783 2037 840 2088 ἐν
879 2034 1204 2106 σκάμμασιν
1242 2035 1363 2090 ἀντὶ
1393 2034 1598 2099 κόνεως
1629 2037 1696 2106 τῇ
1729 2033 1915 2089 πίστει
1965 2035 2093 2100 τοὺς

493 2120 756 2184 δικαστάς
788 2119 1184 2185 καταπάσσων,
1205 2117 1350 2174 οὕτω
1381 2117 1482 2190 τήν
1510 2117 1607 2173 τοῦ
1637 2119 1757 2173 τότε
1781 2117 2093 2183 δικάζοντος

491 2202 813 2276 άνεῤῥίπιζε
853 2216 880 2245 ι
909 2201 1156 2275 γνώμην,
1198 2203 1399 2276 δρόμον
1447 2201 1597 2274 αὐτῷ
1641 2201 1785 2257 κατά
1823 2204 1924 2275 τῆς
1965 2203 2090 2258 Ἐκ-

492 2287 725 2361 κλησίας
781 2285 1159 2358 μελετώμενον
1213 2287 1439 2357 στήσας.
1470 2285 1562 2340 Διὸ
1597 2285 1662 2359 δὴ
1695 2285 1834 2358 πρὸς
1869 2285 2091 2341 κόλασιν

487 2371 657 2439 ὀξέως
685 2373 714 2426 6
743 2373 993 2441 γενναῖος
1031 2369 1376 2442 ἀνήρπαστο,
1411 2367 1508 2422 καὶ
1531 2367 1726 2423 πολλαὶ
1767 2369 1868 2442 μὲν
1917 2385 2090 2442 προσ-

489 2457 690 2526 ήγοντο
717 2453 1000 2526 τιμωριῶν
1034 2452 1324 2508 ποικιλίαι·
1361 2455 1391 2507 6
1447 2451 1659 2524 μάρτυς
1691 2451 1748 2508 δὲ
1783 2450 2089 2524 προσεῴκει

490 2537 720 2616 κιθάρᾳ,
747 2536 829 2610 τῷ
853 2537 963 2598 τῶν
995 2535 1248 2608 βασάνων
1277 2537 1540 2608 πλήκτρῳ
1575 2535 1714 2607 πρὸς
1731 2534 1968 2605 φθόγγον
2001 2553 2088 2589 κι-

488 2621 773 2695 νούμενος·
809 2619 1129 2693 συνέτριϐον
1157 2620 1221 2674 τὸ
1253 2619 1416 2690 σῶμα
1449 2619 1474 2659 ι’
1518 2619 1878 2690 περιστάντες
1910 2619 1961 2672 οί
1991 2617 2088 2691 δή-

493 2725 629 2781 μιοι,
660 2707 792 2774 ὁδέ,
832 2707 910 2770 ὡς
938 2704 1140 2778 χαλκός
1190 2722 1296 2769 τις,
1341 2705 1443 2774 τῆς
1493 2703 1776 2768 εὐσεϐείας
1813 2704 1875 2758 τὸ
1929 2704 2088 2775 μέλος

488 2791 693 2864 ὑπήχει
718 2789 1073 2863 κρουόμενος·
1105 2787 1426 2860 κρεμῶντες
1449 2789 1541 2840 ἐπὶ
1563 2786 1720 2852 ξύλου
1747 2785 2088 2853 κατέξαινον,

489 2875 520 2928 6
548 2875 606 2928 δέ
631 2873 708 2938 ὡς
733 2873 953 2944 δένδρον
979 2873 1128 2943 ζωῆς
1153 2871 1217 2926 τὸ
1245 2870 1401 2936 ξύλον
1415 2867 1710 2941 ἠσπάζετο·
1741 2870 1818 2934 ὡς
1845 2870 2089 2942 πλευράς

487 2957 586 3020 τοῦ
613 2956 822 3013 δικαίου
849 2955 948 3020 τὰς
977 2953 1212 3028 παρειὰς
1232 2953 1651 3026 διεσπάραττον,
1685 2953 1786 3009 όδέ
1810 2955 1886 3019 ὡς
1907 2954 2090 3010 πλείο-

489 3059 559 3105 να
588 3039 834 3114 στόματα
851 3039 1146 3112 λαμϐάνων
1197 3038 1582 3111 ἐρῤητόρευεν,
1618 3037 1714 3093 καὶ
1751 3036 1924 3110 καινῷ
1956 3055 2090 3094 κατ-

489 3125 694 3206 ¹ιήσχυνε
724 3125 818 3179 τὸν
839 3124 1134 3206 ἀντίπαλον
1165 3121 1444 3195 πτώματι.

573 3210 662 3274 Ὧς
684 3208 794 3286 γάρ
826 3203 934 3263 εἶδε
962 3208 1054 3264 τὸν
1079 3207 1342 3280 δικαστὴν
1372 3207 1510 3281 πρὸς
1531 3206 1632 3281 τὴν
1666 3207 1777 3263 τῶν
1811 3208 2085 3279 δαιμόνων

490 3293 728 3364 ςπυυδῂυ
751 3291 914 3354 αὐτόν
934 3291 1359 3363 ἐκκαλούμενον,
1393 3292 1536 3345 αίτεϊ
1565 3291 1764 3364 βρέφος
1791 3291 1852 3357 ἐξ
1878 3293 2084 3365 ἀγορᾶς

487 3375 748 3448 ἀχθῆναι,
775 3377 856 3440 ὡς
885 3377 1062 3436 ἐκεῖνο
1089 3373 1198 3432 τῶν
1235 3373 1591 3447 ζητουμένων
1623 3376 1775 3449 παρὰ
1798 3373 1892 3430 τοῦ
1925 3376 2085 3455 δικαο

489 3459 618 3514 στοῦ
654 3458 851 3532 κριτὴν
873 3459 1254 3532 ποιησόμενος·
1279 3457 1374 3514 καὶ
1397 3458 1758 3530 προσαχθέντι
1785 3457 1862 3530 τῷ
1891 3457 2083 3531 βρέφει

485 3543 584 3616 τὴν
612 3543 740 3616 περὶ
789 3541 901 3596 τῶν
951 3541 1330 3614 προκειμένων
1357 3541 1632 3612 προσῆγεν
1661 3541 1948 3614 ἐρώτησιν.
1977 3542 2084 3596 Τέ⁴

487 3646 635 3693 κνον,
667 3626 823 3698 φησὶ,
856 3625 1064 3680 δίκαιόν
1095 3627 1212 3679 ἐστι
1243 3624 1334 3678 τὸν
1358 3623 1491 3680 Θεὸν
1523 3625 1922 3697 προσκυνεῖν,ή
1957 3625 2084 3690 τοὺς

487 3711 646 3776 θεοὺς
676 3711 800 3775 τοὺς
855 3708 1182 3781 λεγομένους
1227 3708 1334 3762 ὐπὸ
1361 3707 1604 3774 τούτων;
1646 3709 1820 3780 Πολλὴ
1853 3709 1956 3780 τῆς
1986 3709 2083 3763 τοῦ

489 3795 770 3866 μάρτυρος
805 3793 1048 3864 σοφίαςή
1080 3791 1387 3863 περιουσία·
1419 3791 1513 3845 τοῦ
1535 3791 1792 3846 δικαστοῦ
1823 3791 2084 3864 δικαστὴν

485 3869 549 3930 τὸ
581 3877 791 3930 παιδίον
817 3875 1051 3940 καθίζει·
1087 3866 1168 3928 τὸί
1199 3875 1258 3928 δέ
1292 3874 1433 3946 ὑπὲρ
1478 3875 1574 3929 τοῦ
1605 3874 1844 3947 Χριστοῦ
1870 3876 2084 3947 ταχέως

487 3962 810 4040 ἀπεφήνατο
837 3960 1040 4032 ψῆφον,
1070 3959 1158 4013 ἵνα
1195 3959 1380 4031 δειχθῇ
1406 3960 1502 4022 καὶ
1535 3960 1728 4014 παιδία
1755 3959 1814 4012 δυ
1825 3958 2080 4013 σσεϐούν-

485 4063 594 4100 των
641 4043 913 4098 δικαστῶν
946 4042 1312 4115 συνετώτερα,
1361 4042 1564 4113 μᾶλλον
1605 4041 1665 4096 δέ
1707 4043 1796 4097 ῖνα
1826 4047 1968 4116 φανῇ
2004 4043 2079 4116 μὴ

491 4129 652 4200 μόνον
683 4128 898 4201 μάρτυς
949 4129 978 4181 6
1015 4128 1246 4198 μάρτυς,
1290 4126 1429 4182 ἀλλά
1470 4127 1565 4181 καὶ
1604 4127 1900 4200 μαρτύρων
1932 4129 2080 4182 ἀλεί-

488 4229 651 4284 πτης.
684 4211 819 4270 Οὐδέ
841 4210 1001 4266 τοῦτο
1027 4211 1084 4264 δέ
1107 4211 1256 4280 ὅμως
1278 4211 1378 4282 τὴν
1404 4209 1728 4283 δικαστικὴν
1753 4211 2079 4264 ὑπεσκέλισε

485 4294 710 4360 λύσσαν,
763 4293 878 4348 ἀλλ’
908 4294 1071 4357 εὐθὺς
1095 4294 1206 4366 ζέπὶ
1235 4292 1394 4360 ξύλου
1451 4293 1592 4366 μετά
1643 4294 1738 4352 τοῦ
1785 4293 2020 4366 βρέφους
2051 4296 2081 4348 ὁ

489 4380 701 4450 μάρτυς
737 4377 1038 4450 ἡρπάζετο,
1069 4377 1165 4432 καὶ
1191 4377 1294 4449 τὴν
1329 4377 1426 4430 τοῦ
1453 4377 1611 4442 ξύλου
1633 4377 1856 4432 κόλασιν
1886 4377 2078 4448 εἱρκτὴ

485 4463 781 4535 διεδέχετο,
817 4463 1079 4534 κάκείνην
1133 4461 1314 4533 ψῆφος
1371 4461 1624 4526 ποικίλας
1663 4464 1778 4526 τοῖς
1817 4461 2080 4534 ἀθληταῖς

483 4546 585 4611 τὰς
606 4546 878 4619 τιμωρίας
909 4545 1228 4619 μερίζουσα·
1249 4543 1311 4598 τὸ
1339 4545 1436 4616 μὲν
1457 4544 1568 4616 γάρ
1599 4543 1796 4617 βρέφος
1841 4543 2077 4617 θανάτῳ,

481 4631 576 4684 τὸν
599 4629 656 4684 δὲ
701 4631 956 4702 μάρτυρα
983 4631 1050 4702 τῇ
1078 4629 1177 4701 τῆς
1205 4627 1454 4700 γλώττης
1483 4629 1692 4701 ἐκτομῇ
1727 4627 2077 4685 κατεδίκασε.

485 4713 581 4778 Τίς
601 4714 801 4784 τρόπον
839 4713 1076 4784 κρίσεως
1101 4711 1345 4766 τοιοῦτον
1385 4712 1624 4784 ἁκήκοε;
1654 4711 1977 4784 μαστίζουσι
2001 4711 2080 4765 δι-

485 4795 688 4850 κασταὶ
720 4797 1068 4862 καταδίκους,
1119 4794 1156 4850 ἃ
1209 4794 1492 4851 συνίσασιν
1526 4797 1760 4860 ἑαυτοῖς,
1794 4794 2078 4866 ὁμολογεῖν

485 4878 905 4948 ἀναγκάζοντες,
937 4881 1192 4952 ἐκτέμνει
1239 4879 1298 4934 δὲ
1343 4877 1442 4950 τὴν
1485 4878 1736 4947 γλῶσσαν
1764 4879 1794 4930 6
1817 4878 1917 4950 τῆς
1942 4879 2076 4936 ἀσε-

484 4965 638 5028 ϐειας
660 4963 878 5036 κριτὴς,
901 4964 938 5019 δι
969 4965 1207 5019 σύνοιδεν
1246 4962 1423 5034 ἐαυτῷ
1457 4964 1615 5034 σιγᾷν
1647 4960 1988 5033 βιαζόμενος.
2011 4963 2077 5014 Ὢ

481 5045 659 5101 δεινοῦ
689 5048 1046 5118 κακοτεχνίας
1080 5049 1414 5120 εὑρήματος.
1442 5045 1771 5117 Φρονοῦσαν,
1808 5046 1964 5118 φησὶ,
2006 5045 2075 5098 τά

479 5132 576 5188 τοῦ
605 5131 963 5205 Χριστοῦστὴν
983 5131 1163 5204 ψυχὴν
1189 5133 1290 5186 οὐκ
1320 5130 1612 5203 ἐξέστησα,
1643 5129 1747 5185 κᾶν
1769 5128 1869 5202 τὴν
1888 5129 2075 5184 λαλοῦ-

414 5268 423 5277 ,
482 5235 580 5277 σαν
615 5217 761 5290 ὐπέρ
798 5214 1036 5290 Χριστοῦ
1090 5215 1340 5287 διακόψαι
1381 5215 1646 5284 γλῶτταν.
1681 5212 1974 5283 Ἐκκοψον,
2026 5207 2072 5269 ὧ

481 5302 736 5376 τύραννε,
761 5299 1037 5370 γλῶσσαν,
1063 5299 1154 5354 ἵνα
1184 5300 1363 5373 μάθῃς
1382 5300 1482 5371 τήν
1499 5297 1658 5368 φύσιν
1679 5295 1774 5352 καὶ
1789 5297 2072 5366 ἄγλωσσον

480 5386 621 5458 ὑπὲρ
647 5384 885 5459 Χριστοῦ
916 5383 1338 5457 ρητορεύουσαν·
1363 5381 1664 5454 ἐκκόλαψον
1690 5380 1788 5452 τὴν
1816 5379 2071 5450 γλῶσσαν

479 5469 573 5523 τοῦ
601 5469 887 5540 στόματος,
913 5468 1004 5523 ἴνα
1026 5466 1205 5540 μάθῃς
1231 5466 1408 5540 ἀληθῆ
1433 5465 1524 5521 τὸν
1538 5464 1609 5520 τὰ
1622 5465 1939 5536 χαρίσματα
1959 5461 2070 5516 τῶν

479 5552 740 5622 γλωσσῶν
773 5554 1166 5625 ὑποσχόμενον.
1190 5552 1265 5608 Τὸ
1300 5552 1400 5623 μέν
1433 5550 1542 5622 γὰρ
1565 5550 1664 5620 τῆς
1695 5547 1950 5620 γλώσσης
1976 5547 2068 5613 ὲξο

479 5635 966 5708 ἐκοψενῶργανον,
1015 5639 1044 5691 6
1081 5635 1240 5707 λόγος
1292 5634 1352 5694 δέ
1402 5633 1630 5705 ἐξώρμα
1686 5631 2070 5710 σφοδρότερον,

541 5839 568 5868 ⁸
589 5837 723 5887 [dem
755 5837 883 5888 Rea.
909 5838 1213 5888 ἀπελάσασα.

541 5851 568 5868 ·
589 5851 723 5887 luem
757 5851 830 5887 ne
873 5875 883 5886 .
909 5851 1213 5888 απελασασα.

535 5898 741 5975 {.Savil.
761 5905 814 5952 et
833 5851 1234 5976 ᾖεςηξὸρςεόμα,
1248 5897 1448 5972 ML.
1461 5895 1517 5976 τό
1537 5894 1702 5976 σῶμα.

983 5962 1102 5984 ειη-
1154 5962 1394 5971 ίτ--
1441 5962 1708 6004 κίρνη-ἲ

1231 409 1288 466 S.
1329 409 1616 466 JOANNIS
1649 407 2140 466 CHRYSOSTOMI
2180 407 2501 466 ARCHIEP.
2543 408 3092 468 CONSTANTINOP.

3681 415 3779 470 οιι

2203 528 2392 600 ὥσπερ
2423 531 2680 600 ἐμποδίου
2719 531 2866 594 τινὸς
2913 529 3330 601 ἀπηλλαγμένος
3378 533 3474 604 τῆς
3520 531 3778 606 γλώττης·

2201 619 2378 692 θέαμα
2395 620 2544 695 [619]
2572 623 2758 677 καινὸν
2786 623 2878 676 καὶ
2896 623 3219 695 παράδοξον·
3242 623 3498 695 σάρκινός
3516 626 3782 697 σαρκίνοις

2201 713 2457 786 ἀσάρκως
2489 713 2880 785 φθεγγόμενος.
2914 715 3131 786 Πρέπον
3160 715 3268 785 ἄρα
3299 713 3379 785 τῷ
3427 716 3665 787 μάρτυρι
3693 718 3782 770 το]

2201 807 2481 878 προφήτου
2535 806 2596 860 τὸ
2649 805 2828 876 μέλος·
2900 805 3212 874 Ἐπλήσθη
3251 805 3444 875 χαρᾶς
3503 806 3569 861 τὸ
3597 809 3784 876 στόμα

2200 896 2391 967 ἡμῶν,
2418 897 2517 951 καὶ
2539 899 2577 966 ἡ
2591 896 2852 968 γλῶσσα
2876 898 3046 968 ἡμῶν
3065 883 3508 967 ἂγαλλιάσεως·
3529 899 3782 971 ἐπλήσθη

2199 991 2260 1045 τὸ
2296 991 2470 1061 στόμα
2497 993 2692 1062 χαρᾶς,
2727 991 2914 1046 καινὸν
2944 991 3092 1062 θῦμα
3126 991 3203 1062 τῷ
3223 991 3447 1064 Χριστῷ
3487 995 3781 1064 προσκομί-

2201 1099 2301 1136 σαν
2329 1081 2426 1153 τὴν
2442 1082 2714 1149 γλῶσσαν·
2745 1082 2902 1154 ἔσχεν
2921 1085 2954 1155 ή
2977 1084 3198 1153 γλῶσσα
3216 1084 3418 1157 πολλὴν
3442 1085 3778 1154 άγαλλίασιν,

2199 1175 2506 1245 πρόδρομος
2536 1174 2748 1245 μάρτυς
2781 1173 3008 1243 ὀφθεῖσα
3052 1173 3148 1228 τοῦ
3183 1175 3484 1248 μάρτυρος.
3511 1177 3581 1228 Ὢ
3611 1175 3783 1245 γλώσ-

2200 1279 2300 1334 σης
2330 1263 2467 1334 πρὸς
2492 1265 2619 1326 τοὺς
2649 1262 2759 1316 τῶν
2785 1261 3078 1336 μαρτύρων
3102 1263 3309 1336 δήμους
3326 1266 3424 1337 τὴν
3445 1265 3626 1336 ψυχὴν
3657 1283 3784 1338 προ-

2197 1353 2490 1425 λαϐούσης·
2549 1353 2594 1407 ὢ
2655 1353 2924 1424 στόματος
2984 1355 3364 1427 κρυπτόμενον
3425 1358 3785 1427 γεννήσαντος

2201 1446 2477 1518 μάρτυρα·
2513 1445 2559 1499 ὣ
2605 1445 2860 1516 γλώσσης
2911 1447 3299 1518 θυσιαστήριον
3348 1447 3700 1520 κτησαμένης
3725 1449 3784 1501 τὸ

2201 1537 2392 1611 στόμα·
2424 1536 2751 1609 ὣστόματος
2777 1539 2972 1609 ἱερεῖον
3003 1538 3348 1610 κτησαμένου
3388 1539 3489 1609 τὴν
3513 1539 3780 1608 γλῶσσαν·

2197 1628 2322 1682 ναὸν
2348 1628 2486 1701 έχων
2516 1629 2815 1702 ἐλελήθεις,
2844 1625 2890 1684 ὦ
2916 1633 3153 1699 γενναῖε,
3189 1631 3251 1684 τὸ
3280 1631 3482 1702 στόμα,
3507 1631 3635 1684 ναὸν
3660 1632 3714 1683 ἐν
3741 1623 3783 1698 ᾧ

2195 1719 2294 1791 τὴν
2318 1719 2578 1792 σύναιμον
2596 1721 2849 1791 γλῶσσαν
2869 1731 2893 1761 ε
2913 1721 3214 1792 παράδοξον
3230 1721 3443 1793 ἀμνάδα
3459 1721 3780 1786 κατέθυσας.

2269 1833 2438 1904 β’.Τίς
2451 1832 2558 1905 ἄρα
2577 1850 2670 1887 σου
2685 1833 2784 1897 τὰς
2800 1833 3002 1904 ἀρετάς
3013 1831 3178 1898 ἀξίως
3196 1834 3559 1904 στεφανώσειε
3577 1837 3780 1906 ῥήτωρ;

2199 1925 2434 1990 Ἔλαϐες
2469 1923 2623 1998 παρά
2673 1925 2772 2004 τῆς
2813 1923 3030 1996 φύσεως
3084 1925 3360 1994 γλῶσσαν,
3401 1927 3466 1980 σὺ
3519 1926 3578 1980 δέ
3613 1927 3786 1998 αὐτὴν

2195 2015 2493 2089 ἐξέθρεψας
2518 2017 2794 2088 μάρτυρα·
2811 2015 3000 2080 ἔλαϐες
3027 2016 3202 2088 στόμα
3226 2016 3596 2089 φυλακτήριον
3614 2015 3785 2085 γλώσ·-

2197 2125 2317 2180 σης.
2355 2109 2420 2162 σὺ
2454 2107 2512 2162 δέ
2543 2110 2612 2180 τῇ
2639 2105 2860 2180 γλώσσῃ
2899 2107 2960 2160 τὸ
2991 2107 3166 2179 στόμα
3208 2107 3393 2179 βωμὸν
3441 2107 3779 2161 κατεσκεύα-

2196 2218 2315 2266 σας·
2347 2201 2540 2266 ἐλαϐες
2567 2202 2648 2265 είς
2681 2201 2742 2254 τὸ
2772 2199 3108 2270 φθέγγεσθαι
3139 2200 3437 2272 πλῆκτρον,
3473 2201 3537 2255 σὺ
3567 2201 3629 2254 δέ
3657 2199 3784 2256 αὐτὸ

2191 2292 2521 2364 τεμνόμενον
2555 2291 2794 2362 άσταχυν
2825 2291 3126 2356 ἀνέδειξας·
3163 2290 3357 2354 ἔλαϐες
3394 2290 3652 2360 γλῶσσαν
3690 2293 3784 2363 ρη-

2196 2387 2380 2457 μάτων
2419 2385 2686 2450 διάκονον,
2739 2383 2804 2437 σὺ
2854 2384 2913 2438 δέ
2958 2384 3128 2456 αὐτὴν
3170 2384 3398 2456 ἄμωμον
3444 2383 3524 2456 τῷ
3565 2381 3785 2457 Χριστῷ

2191 2476 2497 2540 κατέθυσας
2525 2476 2819 2549 πρόϐατον.
2852 2475 2972 2535 Τίνι
2999 2491 3095 2530 σου
3111 2475 3210 2548 τὴν
3229 2475 3485 2545 γλῶσσαν
3497 2476 3788 2548 πρεπούσῃ

2192 2569 2540 2642 προσηγορίᾳ
2571 2571 2830 2641 τιμήσω;
2865 2569 3007 2640 ποίῳ
3051 2585 3147 2626 σου
3179 2569 3447 2640 κοσμήσω
3479 2569 3583 2640 τὴν
3608 2568 3784 2638 γλώσ-ι

2193 2679 2295 2716 σαν
2336 2663 2595 2734 ὁνόματις
2634 2663 2924 2734 Προσῆγον
2945 2661 3123 2735 ταύτῃ
3170 2661 3263 2716 τὸν
3313 2661 3532 2733 σίδηρον
3575 2661 3786 2734 δήμιοι,

2191 2757 2225 2828 ή
2251 2755 2309 2809 δέ
2341 2755 2484 2810 κατά
2502 2756 2595 2810 τὸν
2611 2755 2897 2826 δεδεμένον
2937 2756 3127 2810 Ἰσαάκ
3153 2755 3255 2809 οὐκ
3283 2755 3532 2826 ἐσκίρτα,
3553 2755 3673 2808 ἀλλ’
3709 2754 3783 2818 ὡς

2190 2843 2250 2896 ἐν
2276 2841 2444 2914 βωμῷ
2474 2843 2702 2915 κειμένη
2729 2841 2808 2914 τῷ
2855 2843 3087 2916 στόματι
3112 2843 3212 2916 τὴν
3242 2842 3458 2916 πληγὴν
3487 2845 3588 2898 σὺν
3621 2845 3781 2918 ήδονῇ

2191 2935 2570 3006 προσεδέχετο,
2618 2935 2947 2990 διδάσκουσα
2987 2934 3096 2990 τῶν
3129 2934 3436 3008 ἀνθρώπων
3469 2936 3576 3000 τὰς
3605 2937 3781 3006 γλώσ-

2192 3043 2310 3094 σας,
2343 3027 2421 3090 ὡς
2447 3027 2508 3080 οὐ
2549 3026 2885 3100 φθέγγεσθαι
2923 3029 3082 3100 μόνον
3121 3025 3210 3082 διὰ
3232 3027 3491 3100 Χριστὸν,
3517 3027 3659 3082 ἀλλά
3693 3027 3784 3080 καὶ

2191 3120 2523 3190 σφάττεσθαι
2545 3119 2644 3173 δεῖ.
2669 3121 2782 3192 Τῆς
2803 3119 2899 3174 τοῦ
2927 3121 3270 3196 πατριάρχου
3288 3119 3480 3185 θυσίας
3502 3120 3781 3193 ἥρπασας,

2187 3214 2426 3282 γενναῖε,
2456 3211 2518 3266 τὸ
2549 3211 2854 3284 φιλότιμον,
2893 3213 3185 3284 μονογενὲς
3215 3211 3505 3285 βλάστημα
3533 3213 3782 3283 γλώττης

2189 3305 2312 3360 ἀντὶ
2339 3305 2531 3358 τέκνου
2565 3305 2888 3377 μονογενοῦς
2918 3305 3318 3378 προσκομίσας.
3339 3304 3537 3370 Καλῶς
3566 3306 3678 3379 ἄρα
3703 3322 3786 3367 σοι

2187 3395 2448 3468 δευτέραν
2471 3397 2501 3450 ὁ
2529 3397 2766 3468 Χριστὸς
2803 3394 3167 3465 άντεφύτευσε
3192 3395 3444 3464 γλῶσσαν
3467 3410 3482 3425 ·
3518 3390 3650 3468 εὗρε
3675 3396 3778 3468 γάρ

2186 3486 2393 3556 ἀγαθόν
2438 3503 2498 3542 σε
2556 3487 2657 3557 τῆς
2711 3487 2987 3562 προτέρας
3033 3487 3310 3560 γεωργόν·
3341 3487 3521 3553 καλῶς
3554 3505 3642 3543 σοι
3687 3489 3784 3558 τὴν

2185 3582 2428 3652 ἀσαρκον
2484 3580 2782 3652 ἐχαρίσατο
2836 3580 3098 3649 γλῶσσαν
3125 3597 3140 3612 ·
3187 3579 3466 3652 ἀγγελικῷ
3512 3583 3628 3654 γὰρ
3684 3585 3783 3640 οὐκ

2185 3670 2392 3742 ἔπρεπε
2415 3673 2728 3744 φρονήματι
2755 3672 3013 3745 σάρκινός
3029 3687 3043 3702 ·
3068 3671 3252 3736 καλῶς
3272 3689 3357 3726 σοι
3375 3672 3474 3744 τὴν
3492 3673 3595 3743 τῆς
3615 3672 3785 3742 γλώσ.

2187 3781 2286 3835 σης
2310 3764 2658 3835 ἀντιμισθίαν
2681 3764 2984 3819 ἀπέδωκεν.
3010 3763 3292 3836 Ἐχρησάς
3320 3781 3413 3819 σου
3435 3764 3514 3837 τῷ
3533 3765 3783 3838 Δεσπότῃ

2185 3857 2321 3930 πρὸς
2355 3856 2548 3911 θυσίαν
2577 3857 2678 3930 τὴν
2705 3857 2982 3928 γλῶσσαν,
3009 3859 3038 3912 6
3065 3859 3124 3912 δέ
3154 3857 3292 3929 αὐτῇ
3323 3858 3458 3931 πρὸς
3489 3859 3779 3931 ῥητορείαν

2185 3948 2370 4020 φωνήν
2398 3947 2743 4002 ἀντεδάνεισε
2762 3966 2776 3980 ·
2804 3949 2900 4003 καὶ
2930 3949 3124 4020 γέγονε
3152 3950 3252 4020 τῆς
3279 3949 3533 4022 γλώσσης
3560 3953 3660 4006 καὶ
3685 3950 3778 4006 τοῦ

2184 4039 2422 4113 Χριστοῦ
2457 4041 2595 4113 πρὸς
2628 4040 2892 4114 ἀλλήλους
2925 4039 3300 4113 συνάλλαγμα,
3336 4042 3438 4116 τῆς
3469 4043 3570 4114 μὲν
3604 4044 3782 4114 γλώσ⁶

2186 4150 2286 4206 σης
2317 4133 2456 4206 ὑπὲρ
2483 4133 2724 4206 Χριστοῦ
2753 4135 3117 4207 τεμνομένης,
3147 4135 3240 4188 τοῦ
3269 4135 3508 4192 Χριστοῦ
3539 4136 3598 4192 δὲ
3639 4139 3778 4211 ὑπὲρ

2181 4228 2284 4298 τῆς
2313 4225 2566 4298 γλώσσης
2609 4225 2934 4289 λαλοῦντος,

2252 4340 2363 4396 Ποῦ
2396 4341 2492 4396 νῦν
2523 4343 2657 4412 ἡμῖν
2677 4339 3036 4404 Μακεδόνιος,
3067 4342 3096 4394 6
3120 4340 3200 4412 τῷ
3225 4339 3482 4393 δεδωκότι
3518 4340 3582 4394 τὸ
3618 4341 3780 4412 χάρις

2185 4451 2296 4506 σμα
2327 4433 2438 4488 τῶν
2469 4433 2730 4504 γλωσσῶν
2772 4432 3120 4505 Παρακλήτῳ
3179 4433 3520 4504 μαχόμενος;
3553 4433 3678 4487 Ὅτι
3722 4433 3780 4494 δέ

2180 4525 2243 4579 οὐ
2285 4523 2554 4595 ψεύδομαι
2598 4525 2666 4595 τῇ
2703 4521 2798 4577 τοῦ
2844 4523 3207 4595 Παρακλήτου
3259 4523 3474 4594 θεότητι
3516 4523 3614 4590 τὰς
3669 4525 3778 4580 τῶν

2181 4615 2537 4690 χαρισμάτων
2567 4613 2779 4686 δωρεὰς
2813 4615 3158 4686 περιάπτων,
3197 4615 3406 4687 μάρτυς
3437 4617 3567 4686 ἡμῖν
3609 4619 3636 4670 6
3672 4634 3778 4687 μα-

2182 4705 2372 4777 κάριος
2418 4703 2630 4768 Παῦλος
2657 4707 2686 4757 6
2721 4702 2818 4758 νῦν
2849 4704 2986 4776 πρὸς
3031 4704 3132 4776 τὴν
3176 4705 3449 4777 ὑμετέραν
3484 4705 3776 4778 φιληκοΐαν

2181 4795 2321 4868 βοῶν
2341 4812 2354 4824 ·
2381 4792 2590 4848 Πάντα
2615 4795 2807 4853 ταῦτα
2827 4795 3057 4874 ἐνεργεῖ
3087 4795 3158 4849 ἓν
3188 4797 3286 4850 καί
3326 4796 3392 4849 τὸ
3415 4797 3560 4852 αὐτὸ
3587 4781 3793 4872 Πνεῦ-ξ

2172 4906 2280 4958 μα,
2327 4887 2598 4956 διαιροῦν
2625 4887 2748 4956 ίδίςι
2787 4887 3045 4958 ἑκάστῳ,
3083 4886 3278 4954 καθὼς
3303 4889 3616 4954 βούλεται.
3655 4873 3792 4944 Κα-’

2179 4977 2286 5042 θὼς
2313 4976 2584 5048 βούλεται,
2608 4977 2796 5049 φησὶν,
2818 4977 2880 5030 οὐ
2907 4975 3092 5041 καθὼς
3114 4979 3483 5033 ἐπιτάττεται.
3520 4981 3662 5034 Ἀλλ’
3686 4982 3774 5035 ἵνα

2180 5070 2254 5141 μή
2290 5086 2441 5132 τινας
2475 5067 2614 5139 πρὸς
2639 5069 2733 5122 τού
2745 5085 2852 5132 τοις
2880 5067 3164 5132 ἐπιθέντες
3195 5068 3514 5140 προσθήκας
3535 5071 3614 5142 τῷ
3638 5071 3773 5140 πλή-

2176 5162 2258 5216 θει
2310 5161 2411 5231 τὴν
2448 5160 2724 5232 ὑμετέραν
2783 5158 3198 5230 καταχώσωμεν
3251 5162 3507 5232 μνήμην,
3561 5163 3772 5232 ταύτην

2172 5248 2340 5307 οὖσαν
2399 5250 2631 5324 ἰσχυράν
2676 5251 2776 5322 τὴν
2826 5252 3012 5322 φωνὴν
3063 5253 3204 5323 ὑπὲρ
3254 5253 3350 5306 τοῦ
3402 5254 3769 5327 Παρακλήτου

2176 5343 2518 5415 μεμνημένοι
2555 5341 2731 5408 οὕτως
2769 5342 3022 5398 ἐντεῦθεν
3064 5343 3392 5416 ἐξέλθωμεν,
3426 5345 3636 5416 μεγάλα
3673 5343 3772 5413 μὲν

2173 5437 2291 5490 κατ’
2339 5436 2564 5492 ἐκείνων
2600 5435 2957 5512 φρονοῦντες,
3008 5437 3478 5507 συγγινώσκοντες
3525 5438 3584 5492 δὲ
3631 5435 3772 5497 τέως

2228 5835 2254 5868 ⁸
2280 5833 2455 5884 Morel.
2480 5840 2535 5884 et
2555 5834 2785 5898 SaviLin
2808 5847 2964 5898 marg.
2988 5833 3075 5898 την
3094 5831 3328 5898 σύναιμον-
3343 5829 3762 5898 γλῶσσανζεενίι.

2171 5895 2494 5970 ἱῼ-ιθξῑμτήν
2527 5899 2617 5956 σήν
2637 5897 2750 5960 ἡμῖν
2771 5895 3014 5959 γλῶσσαν.
3029 5895 3151 5960 Reg.
3175 5897 3261 5955 τήν
3283 5895 3368 5944 σὺν
3387 5895 3500 5959 ἡμῖν
3515 5896 3760 5958 γλῶσσαν.
