4104 6436
406 349 515 410 613

405 470 548 523 enim
588 464 773 536 ingens
806 463 1050 536 quazdam
1082 462 1279 519 mundo
1322 463 1610 533 impietatis
1650 463 1889 536 tyrannis
1917 464 1997 516 in.

406 557 665 626 saltabat,
692 555 761 611 ab
791 555 901 610 imo
920 566 1245 611 commotum
1278 570 1424 611 mare
1452 556 1555 610 vita
1579 554 1853 609 hominum
1878 552 2001 607 imi-

406 648 643 715 tabatur,
693 647 978 703 decumani
1024 648 1199 718 pelagi
1246 646 1439 703 fluctus
1490 648 1539 701 in
1582 654 1780 702 terram
1821 647 2005 701 volve-

407 738 621 806 bantur,
651 739 1048 811 vehemensque
1094 741 1382 811 impietatis
1410 740 1639 809 procella
1681 739 1856 794 navim
1888 739 2004 809 pie-

404 831 533 886 tatis
584 830 885 888 obruebat:
916 832 1067 886 multi
1112 833 1329 903 quidem
1382 831 1578 903 ubique
1616 831 2005 902 gubernatores

404 924 790 990 moriebantur,
820 942 925 980 nou
962 926 1187 997 exiguus
1223 935 1402 981 autem
1430 936 1713 980 nautarum
1746 939 2003 980 numerus

403 1015 868 1087 submergebatur,
899 1020 1079 1073 omnia
1120 1018 1253 1074 diris
1294 1018 1589 1075 terroribus
1626 1032 1690 1073 ac
1715 1018 2004 1087 naufragiis

407 1107 798 1163 redundabant.
835 1109 1004 1180 Reges
1034 1110 1267 1180 procella
1296 1109 1664 1166 vehementius
1706 1109 2000 1180 spirabant,

403 1198 674 1255 terribiles
700 1198 897 1257 fluctus
925 1202 1283 1257 immittebant
1310 1203 1538 1273 tyranni,
1570 1202 1850 1259 tribunalia
1885 1219 2001 1256 ma-

398 1291 722 1359 gistratuum
770 1293 1280 1358 commovebantur,
1349 1294 1547 1350 Christi
1593 1295 2003 1365 abnegatiOnem

393 1382 607 1451 judices
650 1385 1097 1455 promulgabaut;
1141 1386 1333 1441 acerba
1374 1387 1633 1457 supplicia
1672 1388 2005 1457 legislatores

400 1475 763 1541 minabantur,
793 1477 862 1531 ad
890 1478 1193 1533 dmmonum
1218 1480 1476 1533 sacrificia
1505 1480 1604 1534 viri
1633 1481 1996 1551 rapiebantur,

401 1564 471 1619 ad
495 1566 741 1623 altarium
768 1568 1223 1625 abominationem
1252 1570 1505 1626 mulieres
1528 1571 1907 1638 trahebantur;
1935 1573 2021 1627 ad'

402 1654 542 1714 hanc
568 1676 778 1731 quoque
810 1662 1074 1717 insaniam
1102 1662 1336 1735 virgines
1374 1664 1854 1735 compellabantur;
1897 1680 1995 1719 ex-

398 1752 534 1806 siliis
572 1753 880 1810 sacerdotes
923 1770 988 1811 ac
1032 1755 1268 1812 caedibus
1312 1756 1713 1823 addicebantur,
1759 1774 1790 1813 e
1834 1761 2001 1813 sacris

396 1846 569 1916 septis
596 1846 782 1904 fideles
819 1848 1189 1918 ejiciebantur.
1235 1849 1461 1905 Tantam
1492 1850 1559 1906 ad
1590 1866 1819 1922 pugnam
1854 1868 1997 1907 mar-

400 1948 488 2008 tyr
515 1940 843 2008 armabatur,
878 1941 1145 2012 tantisque
1184 1941 1440 2013 periculis
1477 1943 1714 1997 animum
1759 1957 1999 2013 oppone-

400 2029 523 2096 bat;
570 2030 881 2087 conflictum
929 2032 1079 2088 illum
1122 2042 1395 2104 tamquam
1432 2043 1701 2090 certamen
1732 2034 1999 2104 quoddam

403 2123 691 2180 umbratile
739 2123 1038 2191 deridebat,
1087 2134 1151 2182 et
1172 2126 1395 2196 perinde
1440 2128 1590 2198 quasi
1622 2127 1673 2182 in
1710 2138 2000 2183 scammate

397 2215 641 2285 pulveris
687 2215 805 2271 loco
840 2217 1111 2288 principes
1151 2216 1257 2271 fide
1293 2216 1555 2281 calcaret,
1600 2218 1679 2271 sic
1725 2217 1841 2287 ejus
1884 2220 1999 2272 ani-

398 2322 569 2371 mum,
594 2307 685 2379 qui
713 2317 824 2363 tum
844 2308 1104 2379 judicium
1152 2311 1458 2376 exercebat,
1489 2311 1793 2381 exagitavit,
1837 2321 2005 2383 atque

394 2397 657 2453 adversus
686 2398 977 2454 Ecclesiam
1021 2400 1385 2456 incursionem
1414 2400 1588 2456 facere
1609 2411 1888 2471 parantem
1913 2418 2002 2458 rc-

401 2491 654 2547 frenavit.
682 2491 1043 2560 Quamobrem
1076 2491 1141 2549 ad
1172 2492 1491 2564 supplicium
1523 2493 1701 2547 subito
1726 2494 1809 2548 vir
1831 2509 1999 2565 gene-

394 2596 557 2639 rosus
584 2583 836 2655 abreptus
861 2594 965 2651 est,
998 2584 1251 2655 variaque
1276 2600 1556 2656 ptenarum
1584 2600 1784 2657 genera
1812 2587 2002 2641 admo-

395 2676 699 2742 vebantur;
730 2683 935 2748 martyr
962 2685 1145 2732 autem
1165 2674 1385 2732 cithara:
1414 2678 1602 2733 similis
1618 2688 1753 2746 erat,
1776 2678 1903 2734 ditm
1930 2679 1998 2734 ad

395 2781 590 2821 sonum
617 2766 885 2822 edendum
911 2769 1243 2823 cruciatuum
1269 2769 1474 2840 plectro
1503 2778 1809 2825 moveretur
1839 2786 1998 2826 :cor—

398 2856 530 2926 pus‘
573 2857 982 2914 circumstantes
1034 2858 1315 2914 carnifices
1358 2858 1529 2932 plagis
1570 2861 1995 2929 contundebant,

396 2950 517 3021 ipse
542 2966 669 3005 vero
696 2959 965 3022 tamquam
1006 2967 1207 3009 aereum
1239 2954 1506 3023 quoddam
1539 2963 1863 3026 tympanum'
1881 2956 2000 3026 pie.

396 3043 524 3097 tatis
565 3057 785 3098 carmen
837 3044 1080 3114 pulsatus
1126 3044 1439 3101 succinebat
1469 3063 1482 3100 :
1511 3047 1906 3117 suspendentes
1945 3050 1999 3104 in

398 3136 632 3205 equuleo
660 3135 984 3204 lacerabant,
1019 3137 1110 3193 ille
1144 3153 1272 3193 vero
1299 3150 1568 3210 tamquam
1596 3140 1719 3196 vita:
1748 3141 2023 3199 arborem'

397 3228 687 3299 cquuieum
743 3229 1145 3299 amplexabatur
1192 3249 1205 3285 :
1251 3231 1387 3286 sicut
1441 3232 1606 3288 latera
1651 3234 1782 3303 justi
1832 3251 1997 3306 genas

396 3323 748 3394 dilaniabaut,
781 3324 871 3381 ille
898 3341 1045 3392 vero,
1069 3326 1217 3397 quasi
1240 3326 1393 3397 plura
1423 3336 1533 3382 tum
1563 3342 1657 3382 ora
1682 3329 1994 3400 recepisset,

395 3417 696 3474 orationem
747 3417 997 3486 habebat,
1030 3433 1274 3489 novoque
1312 3417 1464 3489 lapsu
1495 3419 1757 3489 puderem
1800 3419 1994 3476 adi'er—

395 3510 542 3565 sario
571 3509 899 3578 imponebat.

474 3597 711 3654 Mirabile
736 3615 1032 3672 responsum
1055 3600 1266 3672 infantis
1286 3617 1318 3654 a
1344 3598 1573 3673 Harlyre
1602 3603 2002 3673 interrogati.—

395 3687 530 3747 Cum
558 3691 699 3746 enim
731 3707 790 3747 se
818 3707 847 3745 a
869 3691 1047 3762 judice
1070 3692 1137 3746 ad
1164 3691 1469 3748 daemonum
1492 3693 1692 3749 cultum
1720 3696 1998 3764 provocari

399 3783 606 3839 videret
626 3824 641 3851 ,
673 3782 929 3838 infantem
971 3799 1002 3838 e
1048 3783 1166 3839 foro
1195 3783 1318 3838 duci
1352 3786 1620 3855 postulat,
1654 3794 1713 3841 ut
1742 3803 1862 3842 eum
1885 3830 1899 3855 ,
1931 3788 2000 3844 de

397 3877 593 3947 quibus
621 3876 781 3931 rebus
806 3891 835 3929 a
858 3875 1040 3946 judice
1071 3877 1518 3948 interrogabatur,
1543 3878 1777 3948 judicem
1808 3880 1995 3949 faciat;

398 3977 455 4021 et
479 3966 709 4022 adducto
737 3966 924 4021 infanti
955 3966 1025 4023 de
1065 3967 1160 4032 iis,
1191 3984 1312 4038 qum
1351 3969 1712 4039 agitabantur,
1743 3973 1999 4041 qutestio-

399 4077 526 4117 nem
558 4062 832 4132 proponit.
880 4060 1017 4129 Fili,
1062 4062 1268 4132 inquit,
1312 4061 1585 4132 justumne
1615 4071 1732 4131 est,
1778 4073 1836 4119 ut
1861 4065 2000 4121 Dens

399 4153 691 4217 adoretur;
716 4167 783 4207 an
810 4159 865 4207 ut
895 4152 952 4217 ii,
978 4152 1066 4223 qui
1088 4153 1155 4208 ab
1184 4153 1298 4208 istis
1319 4152 1390 4207 dii
1417 4155 1789 4225 appellantur?
1813 4155 1999 4226 Magna

404 4244 565 4314 plane
593 4242 870 4313 sapientia:
896 4247 1148 4315 martyris
1186 4244 1501 4299 excellentia
1523 4263 1536 4299 :
1551 4245 1746 4315 judicis
1764 4247 1998 4318 judicem

401 4334 658 4391 infantem
689 4337 966 4392 constituit
995 4355 1007 4389 :
1040 4347 1094 4392 at
1120 4336 1208 4393 ille
1238 4338 1493 4392 continuo
1518 4339 1813 4395 secundum
1839 4338 1999 4395 Chric

401 4438 545 4484 stum
576 4429 723 4483 litem
755 4428 922 4496 dedit,
952 4440 1008 4484 ut
1034 4430 1195 4499 impie
1218 4444 1276 4484 se
1299 4431 1608 4500 gerentibus
1623 4432 1892 4502 judicilms
1913 4433 2001 4489 vel

402 4522 631 4577 infantes
661 4521 1015 4591 sapientiores
1042 4522 1496 4589 ostenderentur;
1519 4524 1628 4579 imo
1657 4539 1787 4580 vero
1812 4534 1868 4579 ut
1890 4538 1998 4582 non

403 4612 565 4667 modo
592 4622 794 4685 martyr
820 4623 1104 4683 appareret
1128 4623 1349 4685 martyr,
1383 4614 1477 4669 sed
1508 4616 1669 4670 etiam
1701 4626 1998 4689 martyrum

402 4705 637 4759 monitor
680 4720 743 4761 ac
785 4707 1058 4777 magister.
1103 4705 1484 4761 Verumtamen
1527 4723 1595 4763 ne
1636 4708 1997 4779 ltoc'quidem

398 4797 599 4867 judicis
642 4798 850 4854 rabiem
892 4799 1262 4864 labefactavit;
1295 4800 1387 4855 sed
1419 4801 1470 4854 in
1500 4802 1785 4870 equuleum
1817 4803 1997 4858 statim

402 4905 526 4945 cum
556 4889 760 4944 infante
788 4898 994 4962 martyr
1024 4891 1405 4960 abripiebatur,
1443 4892 1763 4963 equuleique
1801 4894 2000 4963 suppli-

401 4982 490 5038 cio
515 4997 703 5039 carcer
747 4984 1099 5052 succedebat,
1143 4993 1198 5039 et
1240 4984 1311 5039 illi
1358 4985 1648 5052 sententia,
1678 5002 1797 5055 quae
1824 4989 1999 5044 varias

397 5073 620 5129 athletis
647 5089 831 5144 poenas
854 5074 1126 5130 dividebat
1150 5092 1163 5129 :
1188 5091 1309 5129 nam
1337 5075 1591 5131 infantem
1616 5077 1828 5147 quidem
1856 5094 2001 5133 mor-

401 5179 473 5228 te,
504 5176 798 5238 martyrem
827 5175 1004 5221 autem
1036 5167 1227 5237 lingua:
1253 5169 1523 5223 excisione
1550 5169 1844 5225 damnavit.
1870 5171 1999 5239 Quis

400 5257 562 5312 talem
590 5258 777 5330 judicii
805 5261 1019 5314 modum
1047 5261 1283 5315 audivit?
1312 5276 1429 5316 reos
1452 5262 1660 5333 judices
1691 5264 1866 5334 flagris
1896 5279 2001 5319 ca:-

400 5348 558 5415 dunt,
587 5359 644 5403 ttt
674 5364 758 5414 ea,
790 5365 1013 5421 quorum
1046 5351 1146 5406 sibi
1176 5362 1298 5407 sunt
1325 5354 1561 5417 conscii,
1592 5352 1743 5409 fateri
1769 5367 1994 5425 cogant:

400 5449 458 5493 at
487 5438 775 5510 impietatis
814 5441 977 5510 judex
1021 5443 1254 5513 linguam
1296 5443 1524 5509 excidit,
1559 5455 1613 5499 ut
1644 5460 1703 5501 ea
1726 5488 1740 5511 ,
1770 5462 1996 5517 quorum

402 5531 504 5585 sibi
535 5533 783 5587 conscius
811 5542 923 5600 est,
955 5542 1133 5590 tacere
1164 5536 1473 5605 compellat.
1499 5535 1544 5591 Ο
1572 5538 1805 5592 immane
1841 5539 1996 5592 mali-

398 5639 523 5695 gna:
549 5624 678 5678 artis
706 5625 1013 5681 inventum!
1051 5625 1318 5691 Animam,
1352 5626 1541 5696 inquit,
1570 5643 1631 5682 ea
1657 5644 1776 5699 qua:
1797 5628 1997 5685 Christi

402 5722 529 5774 sunt
566 5714 859 5782 sapientem
904 5717 972 5771 de
1010 5727 1150 5774 statu
1195 5734 1299 5775 non
1346 5718 1554 5790 dejeci;
1596 5729 1647 5775 at
1693 5721 1994 5792 loquentem

469 5828 488 5861 ³
518 5826 658 5879 util.
687 5837 739 5879 et
756 5836 891 5893 Reg,
916 5842 987 5883 οε.

1547 346 1612 405 IN
1649 346 1709 406 S.
1753 342 2092 404 ROMANUM
2158 343 2567 401 MAR’I'YliEM.
2601 344 2667 401 ll.

3613 344 3716 397 θαι

2116 461 2302 516 saltem
2327 477 2423 532 pro
2443 460 2659 517 Christo
2683 460 2916 532 linguam
2944 463 3206 519 excidam.
3231 464 3429 523 Exeide
3452 466 3705 536 linguam,

2112 566 2145 605 ο
2180 561 2406 623 tyranne
2430 593 2446 620 ,
2475 561 2531 607 ut
2559 560 2802 606 naturam
2834 553 2994 607 etiam
3042 555 3308 625 elinguem
3358 572 3453 627 pro
3496 556 3711 611 Christe

2112 641 2453 712 eloquentem
2487 660 2605 700 esse
2634 658 2927 715 cognoscas
2953 663 2965 698 :
2997 647 3174 703 evelle
3218 648 3452 719 linguam
3482 665 3547 704 ex
3579 666 3671 704 ore
3691 692 3703 714 ,

2110 740 2167 785 ut
2191 748 2351 800 eum,
2383 736 2474 805 qui
2501 736 2642 790 dona
2672 745 2971 809 linguarum
3001 747 3083 792 est
3123 738 3389 808 pollicitus
3415 782 3431 808 ,
3466 755 3710 798 veracem

2109 834 2230 879 esse
2254 838 2567 895 cognoscas.
2592 827 2803 884 Etenim
2825 826 3019 898 iinguze
3047 829 3260 899 quidem
3294 831 3707 887 instrumentum

2112 913 2351 984 excidit,
2402 925 2457 971 at
2511 933 2692 981 sermo
2739 920 3115 976 vehementius
3166 923 3483 994 erumpebat
3537 924 3714 995 lingua

2113 1012 2381 1075 tamquam
2429 1008 2835 1079 impedimento
2864 1010 3097 1081 quodam
3145 1011 3404 1068 liberatus
3454 1033 3469 1070 :
3514 1030 3712 1071 novum

2109 1110 2240 1152 sane
2268 1101 2632 1168 spectaculum
2662 1117 2724 1158 ac
2749 1105 3091 1174 stupendum,
3122 1104 3287 1161 homo
3304 1120 3373 1160 ex
3398 1122 3560 1163 carne
3577 1122 3712 1163 con-

2108 1199 2257 1243 stans
2287 1206 2351 1245 ex
2382 1207 2544 1248 carne
2574 1197 2946 1252 constantibus
2973 1200 3090 1254 sine
3110 1213 3271 1256 carne
3293 1200 3455 1257 verba
3479 1200 3702 1258 faciens.

2108 1280 2369 1336 Convenit
2397 1283 2575 1353 itaque
2605 1288 2826 1357 martyri
2855 1290 3132 1358 propheta:
3159 1306 3399 1361 carmen,
3430 1290 3703 1365 Repletunt

2108 1383 2179 1427 est
2221 1376 2409 1445 gaudio
2456 1393 2514 1431 os
2557 1389 2819 1444 nostrum,
2861 1391 2909 1436 et
2946 1383 3123 1454 lingua
3162 1396 3336 1440 nostra
3375 1386 3712 1445 exsultatione

2111 1466 2282 1538 (Ρεαι.
2312 1468 2437 1524 125.
2466 1469 2523 1544 2)
2555 1488 2569 1525 :
2604 1472 2869 1542 repletum
2895 1487 2978 1529 εει
3001 1477 3195 1546 gaudio
3221 1492 3302 1544 os,
3326 1479 3470 1549 quod
3489 1478 3708 1537 Christo

2107 1560 2340 1632 linguam
2382 1578 2576 1619 novam
2613 1566 2887 1622 victimam
2919 1567 3217 1625 offerebat:
3248 1584 3440 1643 magna
3474 1582 3586 1629 tum
3615 1588 3707 1630 ex-

2106 1654 2396 1711 sultatione
2424 1667 2816 1728 correpta-erat
2847 1660 3047 1733 lingua,
3080 1678 3201 1733 qua:
3238 1665 3431 1734 praevia
3461 1669 3709 1741 martyris

2108 1757 2312 1819 martyr
2332 1751 2574 1805 est'visa.
2604 1750 2648 1807 Ο
2670 1752 2925 1823 linguam,
2956 1770 3075 1826 quae
3097 1756 3164 1810 ad
3193 1767 3486 1830 martyrum
3510 1768 3711 1817 turmas

2104 1838 2336 1894 animam
2384 1841 2555 1911 ipsam
2586 1846 2877 1914 pra:venitl
2912 1861 2946 1902 ο
2973 1862 3056 1916 os,
3086 1849 3230 1920 quod
3257 1852 3523 1907 occultum
3569 1868 3713 1909 mar-

2107 1936 2276 2000 tyrem
2306 1932 2522 2000 genuit!
2555 1948 2589 1989 o
2612 1934 2872 2004 linguam,
2900 1938 2987 1992 cui
3013 1954 3113 2008 pro
3139 1939 3295 1996 altari
3316 1956 3377 1997 os
3408 1941 3540 1999 fuitl
3572 1959 3604 1999 ο
3626 1960 3708 2013 os,

2107 2019 2193 2075 cui
2220 2036 2316 2090 pro
2338 2023 2552 2078 victima
2582 2026 2759 2097 lingua
2786 2027 2914 2083 fuit!
2941 2030 3330 2099 nesciebamus,
3360 2050 3394 2091 o
3417 2051 3706 2107 generose,

2106 2115 2363 2183 templum
2386 2115 2587 2173 habere
2610 2127 2660 2173 te
2680 2136 2741 2176 os
2770 2128 2918 2177 tuum
2940 2140 2954 2188 ;
2983 2126 3260 2196 templum,
3282 2128 3335 2183 in
3357 2144 3463 2199 quo
3484 2145 3712 2188 consan-

2102 2205 2352 2275 guineam
2386 2208 2616 2280 linguam
2641 2212 2940 2269 mirabilem
2970 2230 3162 2285 agnam
3196 2224 3461 2277 mactasti.

2172 2296 2227 2351 2.
2281 2298 2413 2367 Quis
2456 2300 2622 2372 igitur
2664 2304 2890 2361 virtutes
2939 2318 3058 2364 tuas
3104 2320 3287 2366 orator
3326 2328 3422 2382 pro
3452 2314 3708 2387 dignitate

2104 2386 2351 2444 laudibus
2382 2396 2775 2464 prosequatur?
2801 2396 3059 2469 Linguam
3086 2403 3338 2473 accepisti
3364 2419 3395 2460 a
3420 2386 3630 2474 natura,
3653 2418 3710 2466 at

2105 2485 2160 2530 tu
2192 2492 2311 2532 eam
2338 2492 2631 2552 martyrem
2661 2484 2900 2541 educasti
2927 2506 2940 2543 :
2966 2490 3217 2560 accepisti
3259 2508 3354 2557 os,
3401 2497 3708 2555 munimen-

2105 2578 2215 2623 tum
2251 2570 2480 2641 linguae,
2516 2583 2569 2629 tu
2598 2584 2777 2631 autem
2809 2593 2871 2633 os
2902 2579 3093 2650 linguae
3123 2584 3292 2641 altare
3318 2585 3540 2644 effecisti
3572 2607 3584 2643 :
3617 2606 3707 2648 ae-

2103 2664 2289 2734 cepisti
2339 2668 2602 2735 plectrum
2650 2670 2717 2725 ad
2764 2672 3123 2744 loquendum,
3178 2686 3233 2733 at
3279 2681 3522 2737 excisum
3578 2684 3708 2741 illud

2103 2758 2306 2827 spicam
2353 2759 2576 2816 effecisti
2610 2780 2624 2817 :
2653 2764 2887 2835 linguam
2917 2768 3201 2825 verborum
3230 2772 3597 2831 administram
3626 2793 3712 2834 ac-

2102 2849 2326 2918 cepisti,
2372 2859 2439 2905 at-
2472 2860 2526 2910 tu
2571 2853 2717 2909 illam
2747 2856 2962 2914 Christo
3005 2862 3265 2929 pecudem
3314 2865 3705 2926 immaculatam

2103 2939 2410 2997 immolasti.
2459 2943 2576 3011 Qua
2627 2946 2845 3003 tandem
2891 2949 3127 3022 linguam
3171 2963 3339 3011 tuam'
3367 2962 3708 3018 convenienti

2102 3032 2460 3102 appellatione
2504 3034 2814 3094 decorabat
2861 3055 2970 3111 quo
3016 3045 3245 3101 nomine
3277 3047 3509 3119 linguam
3561 3060 3707 3109 tuam

2103 3128 2414 3184 exornabo?
2444 3130 2823 3191 Admovebant
2857 3137 2906 3190 ei
2938 3136 3137 3194 ferrum
3166 3144 3449 3202 carnifices
3469 3189 3485 3215 ,
3522 3159 3577 3205 at
3620 3152 3705 3207 illa

2102 3221 2264 3277 vincti
2294 3222 2522 3279 Isaae'in
2555 3242 2760 3283 morem
2791 3244 2897 3285 non
2926 3233 3217 3301 resiliebat,
3251 3238 3344 3292 sed
3370 3241 3419 3294 in
3448 3256 3541 3297 ore
3566 3251 3707 3299 tam-

2103 3328 2262 3385 quam
2294 3315 2346 3370 in
2376 3316 2532 3372 altari
2572 3320 2761 3389 jacens
2796 3337 2920 3378 eum
2964 3325 3238 3396 voluptate
3277 3332 3471 3388 vulnus
3511 3349 3705 3409 exspe-

2103 3407 2314 3474 ctabat,
2363 3424 2441 3465 ac-
2478 3409 2685 3482 linguas
2726 3414 3001 3471 hominum
3047 3433 3153 3474 non
3184 3437 3281 3491 pro
3311 3424 3526 3482 Christo
3563 3407 3707 3501 loqui

2106 3507 2312 3554 tantum
2339 3512 2610 3572 oportere,
2636 3504 2730 3561 sed
2753 3506 2885 3562 caedi
2909 3509 3068 3563 etiam
3103 3512 3347 3569 docebat.
3378 3517 3704 3577 Patriarcha:

2104 3593 2348 3649 sacrificii
2393 3595 2826 3668 aemulationem,
2877 3616 2910 3656 ο
2952 3617 3244 3673 generose,
3286 3611 3529 3680 rapuisti,
3577 3614 3703 3671 dum

2103 3686 2436 3756 unigenitum
2477 3687 2669 3760 lingua:
2704 3705 2924 3761 germen
2955 3708 3055 3764 pro
3086 3697 3359 3768 unigenito
3387 3700 3524 3758 Filio
3539 3707 3698 3762 obtu-

2104 3773 2212 3831 listi
2241 3775 2393 3848 (Gen.
2421 3776 2550 3850 22).
2579 3779 2745 3836 Recte
2774 3782 2954 3853 itaque
2984 3785 3080 3841 tibi
3111 3787 3334 3844 alteram
3365 3791 3599 3864 linguam
3626 3799 3706 3853 vi-

2104 3868 2285 3923 cissim
2326 3867 2574 3925 Christus
2605 3870 2832 3940 inserit;
2871 3875 3070 3931 bonum
3108 3879 3307 3952 quippe
3339 3892 3392 3938 te
3414 3887 3704 3956 agricolam

2106 3960 2299 4030 prioris
2328 3960 2530 4017 invenit
2556 3981 2570 4017 :
2597 3973 2746 4020 recte
2775 3966 3008 4037 linguam
3055 3984 3162 4025 non
3203 3987 3452 4032 eameam
3479 3982 3705 4039 est'lar-

2105 4053 2275 4122 gitus;
2303 4054 2602 4124 angelicum
2622 4057 2765 4111 enim
2791 4059 2954 4114 animi
2982 4060 3230 4119 affectum
3256 4080 3451 4125 carnea
3476 4087 3583 4129 non
3609 4074 3706 4133 de-

2106 4144 2261 4199 cebat
2291 4162 2306 4200 :
2338 4154 2493 4202 recte
2522 4147 2715 4218 lingua:
2764 4150 2857 4205 tibi
2902 4157 3392 4215 remunerationem
3433 4167 3700 4233 rependit.

2107 4237 2189 4293 Ad
2220 4236 2816 4312 sacrificium'linguam
2851 4243 3077 4301 Domino
3112 4251 3496 4323 commodasti,
3527 4268 3582 4313 at
3615 4259 3703 4316 ille

2108 4330 2339 4386 vicissim
2364 4345 2549 4386 vocem
2571 4331 2638 4386 ad
2660 4332 3018 4404 eloquentiam
3046 4336 3327 4398 foeneravit
3353 4361 3367 4397 :
3394 4345 3594 4403 factum
3621 4363 3705 4407 est

2107 4422 2373 4494 quoddam
2407 4424 2602 4494 linguae
2627 4435 2787 4497 atque
2808 4427 3008 4485 Christi
3041 4431 3181 4488 inter
3208 4451 3270 4491 se
3296 4444 3701 4513 commercium,

2105 4517 2231 4571 dttm
2274 4534 2369 4587 pro
2394 4518 2608 4574 Christo
2636 4521 2848 4590 quidem
2878 4523 3054 4594 lingua
3084 4528 3365 4600 exciditur,
3394 4547 3493 4602 pro
3521 4535 3698 4610 lingua

2107 4624 2238 4664 vero
2260 4610 2508 4666 Christus
2533 4612 2799 4683 loquitur.

2178 4702 2246 4756 In
2274 4703 2630 4757 Macedoniam
2660 4705 2927 4770 invehitur,
2950 4709 3036 4777 qui
3057 4708 3281 4779 Spiritus
3306 4704 3366 4770 S.
3390 4718 3701 4781 diviniwrem

2105 4795 2338 4868 negabat.
2368 4795 2570 4866 Confert
2595 4796 2689 4850 hoc
2714 4797 3015 4852 miraculum
3043 4817 3156 4854 cum
3185 4805 3330 4862 rubo.
3355 4838 3413 4848 —
3442 4809 3538 4868 Ubi
3562 4832 3705 4876 nunc

2106 4900 2188 4946 est
2208 4889 2360 4945 nobis
2387 4888 2750 4955 Macedonius,
2781 4888 2871 4959 qui
2903 4890 3195 4958 Paracleto,
3224 4911 3253 4949 a
3275 4913 3382 4967 quo
3403 4900 3699 4975 linguarum

2107 4983 2304 5039 donum
2335 4982 2585 5038 collatum
2608 4992 2709 5048 est,
2743 4981 2944 5037 bellum
2969 4981 3168 5038 infert?
3192 4985 3375 5059 Neque
3400 5008 3527 5051 vero
3550 5013 3699 5057 men-

2110 5079 2195 5132 tiri
2241 5092 2358 5143 me,
2387 5076 2514 5130 dum
2555 5076 2936 5131 charismatum
2966 5076 3105 5132 dona
3142 5077 3403 5140 Paracleti
3432 5087 3701 5151 divinitati

2107 5171 2360 5235 attrihuo,
2396 5171 2545 5226 testis
2573 5170 2726 5224 nobis
2755 5179 2835 5224 est
2863 5170 3049 5227 beatus
3076 5172 3302 5246 Paulus,
3342 5181 3430 5249 qui
3462 5193 3695 5243 vestrum

2107 5263 2354 5319 audiendi
2401 5261 2636 5317 studium
2685 5276 2828 5316 nunc
2874 5261 2957 5317 his
3002 5265 3223 5322 vocibus
3269 5283 3493 5341 occupat
3525 5293 3539 5330 :
3571 5278 3695 5335 "we

2108 5356 2280 5410 omnia
2306 5362 2546 5425 operatur
2570 5369 2701 5408 unus
2729 5362 2877 5423 atque
2905 5355 3038 5408 idem
3066 5355 3309 5427 Spiritus,
3342 5362 3566 5421 dividens
3591 5373 3700 5426 ain-

2108 5451 2242 5521 gub-3
2271 5457 2420 5519 ρνοηι
2444 5451 2549 5503 υιιιι
2577 5447 2654 5518 (1.
2686 5447 2805 5501 Cor.
2830 5447 2917 5503 12.
2950 5450 3037 5520 ll)
3064 5468 3075 5503 :
3105 5450 3271 5505 Prout
3299 5452 3440 5521 vult,
3484 5459 3657 5532 inquit
3683 5508 3698 5532 ,

2110 5559 2239 5611 non,
2268 5544 2435 5599 Prout
2453 5541 2691 5611 jubetur.
2724 5542 2917 5597 Verum
2944 5557 3012 5598 ne
3039 5543 3084 5597 si
3114 5543 3249 5598 forte
3273 5548 3518 5614 quaedam
3545 5556 3697 5612 addi-
3742 5602 3748 5623 ι

2111 5645 2344 5691 lamenta
2388 5634 2471 5689 his
2511 5633 2828 5701 fecerimus,
2859 5634 3019 5687 nintia
3050 5634 3202 5705 copia
3234 5644 3469 5693 vestram
3501 5659 3701 5700 ntemn-
3739 5638 3745 5665 ³

2107 5730 2241 5785 riam
2286 5727 2605 5794 obruamus,
2648 5724 2807 5795 hujus
2846 5725 2980 5780 certi
3019 5723 3265 5797 firmique
3305 5744 3400 5800 pro
3426 5731 3702 5792 Paractcm
3738 5776 3741 5783 .

2115 5822 2213 5882 loci
2242 5835 2505 5878 memores
2534 5822 2655 5876 hinc
2686 5818 3011 5874 excedamus
3030 5857 3046 5885 ,
3072 5826 3128 5876 et
3148 5833 3370 5892 magnos
3400 5825 3625 5895 spiritus
3649 5833 3698 5887 in
