4104 6466
505 318 610 376 615

497 450 594 492 eos
616 442 918 500 sumentes;
948 433 1043 490 sed
1083 432 1190 489 illis
1220 432 1523 489 errantibus
1550 430 1769 487 interim
1799 432 2087 503 ignoscen-

506 537 613 596 ια,
631 526 898 585 Paracletl
922 525 1265 584 divinitatem
1291 523 1599 579 adoremus.
1623 524 1701 579 Ae
1724 522 1851 577 tuba
1874 522 2091 594 quidem

504 622 823 697 prophetica
852 620 1016 676 totius
1044 617 1192 675 orbis
1219 619 1271 673 in
1292 615 1565 674 Christum
1588 631 1909 673 consensum
1949 632 2091 687 pras-

498 716 752 772 nuutians
768 713 1000 781 dicebat,
1031 712 1167 780 Quia
1189 711 1468 784 intelligent
1487 728 1589 775 me,
1606 727 1637 765 a
1652 727 1807 781 parvo
1827 726 2023 775 eorum,
2043 718 2090 765 et

498 824 656 880 usque
678 807 748 861 ad
767 822 1006 879 magiam:
1024 821 1196 861 eorum
1224 802 1282 879 (Ι
1284 820 1359 860 er.
1388 804 1479 860 51.
1503 804 1621 873 54),
1646 803 1713 867 Et
1733 804 1897 860 omnis
1917 804 2093 875 lingua

496 899 820 970 conﬁtebitur
845 897 955 953 Deo
982 914 1096 953 uero
1126 896 1301 971 (Rom.
1333 896 1421 952 14.
1448 897 1564 967 Η).
1590 896 1658 952 Et
1686 896 1944 967 propheta
1966 895 2089 967 qui-

495 992 646 1057 dem,
693 998 759 1046 ut
780 990 920 1057 dixi,
962 988 1196 1061 linguam
1242 1003 1457 1044 omnem
1502 988 1824 1060 cognitionis
1863 988 1957 1043 Dei
1987 988 2090 1045 reti

493 1081 799 1148 concludit,
826 1096 926 1136 nos
951 1095 1083 1137 vero
1103 1079 1363 1135 hodierno
1387 1078 1476 1136 die
1497 1079 1660 1135 etiam
1685 1079 1949 1151 elinguem
1975 1094 2089 1134 ora-

500 1178 701 1234 tionem
732 1175 917 1245 pietati
946 1175 1371 1247 patrocinantem
1398 1173 1679 1231 audiemus
1716 1193 1732 1231 :
1772 1174 1916 1232 velut
1944 1178 2089 1232 enim

494 1267 700 1324 cithara
731 1268 976 1340 quaedam
1018 1267 1225 1338 plectro
1251 1267 1510 1324 destituta
1534 1268 1846 1324 Creatorem
1880 1268 2086 1324 collau-

490 1358 605 1415 dat.
626 1358 778 1415 Dicat
808 1358 970 1429 igitur
997 1366 1053 1414 et
1081 1358 1269 1415 beatus
1293 1358 1568 1415 Romanus
1592 1378 1606 1413 :
1633 1358 1835 1431 Lingua
1860 1377 1972 1415 mea
1994 1378 2085 1416 ca-

489 1450 659 1511 lamus
676 1449 853 1506 scriba:
869 1449 1103 1506 velociter
1121 1449 1384 1504 scribentis
1406 1448 1578 1521 (Psal.
1596 1450 1686 1505 44.
1717 1448 1773 1521 1)
1797 1468 1811 1505 :
1838 1466 2083 1523 quzcnam

491 1543 706 1616 lingua?
725 1542 843 1599 Non
886 1557 949 1599 ea
978 1558 1139 1613 quam
1177 1541 1380 1598 ferrum
1407 1543 1624 1614 eripuit,
1655 1543 1750 1598 sed
1776 1560 1935 1615 quam
1964 1544 2085 1615 Spi-

489 1635 627 1691 ritus
651 1635 825 1708 gratia
853 1633 1112 1691 fabricata
1137 1642 1223 1690 est
1246 1650 1264 1701 ;
1294 1634 1472 1705 lingua
1504 1635 1700 1705 quippe
1725 1636 1908 1692 avulsa
1926 1678 1941 1703 ,
1963 1636 2084 1707 Spi-

490 1731 626 1786 ritus
660 1728 833 1801 gratia
873 1728 927 1783 in
969 1727 1087 1798 ejus
1130 1726 1306 1783 locum
1335 1736 1419 1784 est
1454 1727 1697 1784 suffecta.
1726 1730 2005 1787 llabebant
2029 1742 2084 1789 et

489 1822 703 1893 linguas
730 1820 997 1891 apostoli,
1024 1819 1119 1877 sed
1154 1831 1210 1875 ut
1236 1821 1508 1891 operantis
1533 1821 1706 1877 virtus
1731 1822 2080 1893 indicaretur,

487 1911 655 1966 lutum
696 1911 987 1977 otiabatur,
1022 1920 1077 1967 et
1103 1912 1242 1983 ignis
1263 1912 1495 1968 cmlestis
1532 1912 1868 1984 loquebatur.
1902 1915 2079 1973 liabe-

481 2004 575 2061 hat
604 2014 659 2061 et
686 2004 914 2061 Mosaiea
943 2004 1216 2078 Scriptura
1239 2006 1317 2061 rei
1336 2006 1621 2078 imaginem
1641 2020 1759 2078 qua:
1780 2009 2079 2067 orationem

480 2096 696 2152 excedit
722 2114 738 2152 :
765 2096 931 2153 rubus
957 2097 1101 2153 enim
1141 2097 1282 2167 apud
1312 2097 1460 2153 illum
1489 2106 1544 2154 et
1570 2099 1707 2171 ignis
1740 2099 1836 2156 fuit
1855 2098 2076 2175 (Exod.

480 2189 538 2246 5.
569 2189 731 2262 inin).
772 2190 1113 2260 Apostolicus
1154 2190 1292 2262 ignis
1325 2191 1721 2262 prardicationis
1755 2196 2081 2268 evangelica:

480 2295 646 2336 voces
675 2281 731 2335 in
755 2280 891 2337 rubo
916 2280 1293 2354 praeﬁgurabat
1311 2325 1327 2350 ,
1359 2297 1425 2340 ac
1446 2298 1634 2340 vocem
1663 2285 1744 2341 rei
1773 2286 2079 2345 inanimatm

478 2371 741 2443 impertit,
771 2380 833 2427 ut
864 2372 946 2440 ei,
977 2388 1101 2430 cum
1132 2374 1365 2446 tetigerit
1401 2376 1639 2432 animata.
1681 2377 2032 2437 instrumenta
2057 2421 2077 2450 ,

476 2465 776 2521 credatur:
808 2465 856 2521 si
900 2466 1047 2523 enim
1086 2482 1201 2524 rem
1244 2468 1591 2525 inanimatam
1635 2480 1917 2530 contactus
1940 2474 2077 2546 ignis

474 2558 718 2614 vocalem
744 2558 1010 2629 reddidit,
1044 2574 1223 2617 nonne
1252 2561 1458 2630 debuit,
1490 2578 1615 2619 cum
1643 2564 1850 2622 ratione
1878 2567 2077 2637 przedi-

473 2655 560 2706 tas
587 2650 793 2705 animas
817 2650 1133 2722 replevlsset
1150 2692 1168 2720 ,
1196 2668 1263 2708 ex
1293 2663 1541 2709 contactu
1587 2669 1805 2712 carmen
1852 2661 2076 2716 concin-

476 2758 611 2799 num
638 2742 931 2799 admodum
959 2744 1291 2814 personare?
1313 2746 1424 2801 llac
1453 2747 1615 2802 etiam
1642 2750 1812 2820 gratia
1848 2751 2081 2809 celebris

474 2833 567 2891 hic
591 2833 872 2891 ltomanus
895 2834 1124 2892 donatus
1148 2845 1265 2892 erat
1285 2878 1301 2905 ,
1328 2838 1423 2909 qui
1464 2848 1685 2895 exsecta
1713 2840 1892 2913 lingua
1912 2883 1927 2907 ,
1961 2843 2076 2899 cla-

473 2926 605 2984 riori
635 2942 769 2984 voce
800 2938 1086 3003 tyrannum
1112 2930 1388 3001 arguebat.
1424 2931 1613 3003 Neque
1644 2949 1774 2989 vero
1816 2944 2076 3007 tyrannus

475 3018 588 3074 ullo
618 3026 774 3090 pacto
803 3019 1038 3093 linguam
1067 3020 1317 3078 excidere
1349 3033 1726 3094 properasset,
1752 3027 1856 3083 nisi
1888 3044 2075 3101 repre-

474 3110 796 3170 hensionum
824 3112 1028 3170 fluenta
1056 3114 1501 3185 reformidasset,
1527 3117 1632 3174 nisi
1658 3134 1782 3175 eum
1813 3122 2075 3191 praedica-

471 3206 632 3263 tionis
663 3206 933 3278 Evangelii
963 3216 1174 3264 torrens
1203 3210 1685 3282 perterrefecisset,
1712 3214 1814 3269 nisi
1842 3230 2074 3288 evange-

468 3297 589 3356 liea:
616 3298 810 3356 fluctus
852 3300 1175 3369 eloquentia:
1223 3316 1285 3358 se
1327 3300 1622 3360 fracturam
1668 3315 1923 3376 putasset.
1966 3308 2072 3365 Sed

467 3390 612 3449 unde
640 3392 933 3450 necessitas
963 3400 1191 3466 tyranno
1220 3394 1381 3453 fuerit
1407 3393 1617 3453 facinus
1652 3397 1795 3454 istud
1814 3399 2072 3469 audendi,

466 3483 767 3541 videamus.

539 3576 595 3632 5.
626 3574 765 3632 Cum
791 3575 1126 3634 daemonibus
1155 3578 1352 3650 impius
1374 3579 1663 3649 aliquando
1688 3583 2071 3654 saeriﬁcasset,

467 3677 523 3725 et
553 3668 697 3724 fumo
723 3670 1017 3742 nidoreque
1042 3671 1281 3743 repletus
1305 3681 1477 3739 esset,
1504 3682 1560 3729 et
1587 3674 1877 3746 impietatis
1897 3680 2066 3748 guttis

466 3762 799 3834 inquinatus,
827 3762 1097 3819 curriculo
1122 3762 1191 3819 ad
1219 3764 1499 3820 ecclesiam
1531 3767 1790 3837 pergebat
1808 3811 1824 3836 ,
1854 3784 1918 3825 ac
1946 3770 2068 3826 stil-

466 3853 675 3913 lantem
698 3854 955 3924 sanguine
982 3869 1094 3923 pne
1121 3869 1180 3910 se
1204 3853 1385 3910 ferens
1418 3858 1648 3912 securim
1667 3897 1685 3924 ,
1730 3858 2066 3918 incruentum

464 3946 645 4002 altare.
673 3946 740 4001 ad
787 3946 1049 4003 nefarium
1091 3948 1409 4004 sacrificium
1454 3951 1814 4025 perquirebat.
1846 3957 1920 4010 At
1957 3971 2066 4013 non

465 4036 621 4093 latuit
656 4045 945 4110 martyrem
995 4038 1210 4110 tyranni
1255 4038 1452 4096 rabies.
1496 4039 1680 4111 Itaque
1719 4058 1849 4098 cum.
1886 4045 2065 4103 subito

463 4128 720 4185 exsiliens
744 4128 1029 4200 prodiisset
1056 4128 1109 4185 in
1140 4129 1484 4199 vestibulum,
1505 4131 1616 4203 jam
1642 4133 1941 4191 irruentem
1964 4137 2067 4192 im-

463 4219 678 4292 pietatis
729 4219 1128 4277 inundationem
1178 4232 1396 4278 eoercet
1440 4239 1456 4278 :
1508 4231 1564 4279 et
1608 4226 2062 4295 quemadmodum

463 4310 636 4366 solers
680 4309 1004 4383 gubernator
1042 4311 1168 4366 dum
1215 4314 1269 4368 in
1315 4328 1529 4383 proram
1573 4316 1830 4387 impetum
1860 4318 2063 4377 faciens

466 4418 615 4460 mare
641 4403 927 4474 conspicit,
953 4404 1106 4459 otiari
1138 4405 1341 4475 nequit,
1372 4405 1468 4462 sed
1497 4409 1679 4465 navim.
1705 4417 1869 4466 totam
1895 4414 2060 4469 celeri

464 4495 603 4569 pede
628 4496 909 4568 percurrit,
936 4504 995 4552 et
1013 4497 1373 4567 gubernaculo
1398 4501 1844 4574 puppimcrigens
1868 4504 2061 4561 obver-

465 4602 581 4642 sam
612 4586 861 4643 ﬂuctibus
891 4588 1082 4659 navigii
1115 4588 1303 4644 faciem
1334 4590 1574 4660 opponit,
1605 4592 1805 4665 illoque
1831 4597 1973 4667 quod
2004 4598 2066 4653 in.

463 4681 704 4749 periculo
730 4682 1046 4737 versabatur
1071 4681 1124 4736 in
1163 4681 1395 4738 sublime
1423 4684 1632 4741 sublato
1656 4728 1671 4754 ,
1702 4688 1937 4744 medium
1964 4690 2060 4747 de—

459 4786 745 4828 cumanum
791 4772 1010 4828 ﬂuctum
1054 4772 1320 4841 difﬁndit,
1349 4784 1407 4829 et
1430 4784 1546 4832 arte
1571 4778 1807 4847 quadam
1828 4780 2056 4836 tumefa-

458 4872 604 4920 etum
650 4863 866 4934 pelagus
909 4863 1115 4919 sulcat:
1145 4863 1250 4920 hoc
1291 4875 1347 4920 et
1382 4865 1568 4922 beatus
1596 4867 1870 4924 Romanus
1909 4872 2054 4928 fecit.

458 4955 781 5013 ldololatria:
807 4957 941 5011 mari
968 4956 1325 5027 blasphemias
1352 4958 1621 5028 mugiente
1645 5000 1659 5024 ,
1687 4970 1848 5031 atque
1866 4963 2056 5021 adver-

456 5063 552 5104 sus
575 5047 996 5104 ecclesiasticam
1022 5049 1200 5105 navim
1227 5048 1439 5106 furente
1455 5091 1471 5117 ,
1499 5067 1823 5124 spumasque
1841 5058 2056 5125 sangui-

457 5140 542 5195 nis
561 5139 616 5195 in
632 5153 759 5194 aras
776 5146 1075 5205 eructante,
1094 5141 1242 5196 solus
1255 5140 1512 5199 adversus
1537 5144 1813 5202 insaniens
1832 5149 2053 5221 pelagus

356 5240 359 5245 '
457 5242 726 5301 armatur,
761 5230 1078 5303 penitusque
1119 5232 1354 5289 subverti
1399 5235 1645 5308 cymbam
1684 5237 1892 5308 videns,
1922 5242 2051 5297 dur-

458 5325 708 5381 mientem
741 5325 793 5379 in
822 5323 944 5379 navi
974 5323 1258 5379 Dominum
1285 5328 1675 5398 expergefacit,
1707 5344 1900 5387 somno
1933 5333 2054 5388 lon-

454 5416 783 5486 ganimitatis
821 5414 1054 5487 sepitum
1082 5415 1298 5494 excitat.
1323 5417 1615 5474 Contrariis
1645 5430 1925 5477 ventorum
1954 5423 2053 5477 ﬁa-

425 5507 597 5563 tibus
639 5506 996 5579 procellisque
1042 5505 1309 5563 turbatum
1356 5524 1507 5565 mare
1550 5512 1851 5583 conspicit,
1892 5522 1948 5570 et
1995 5515 2046 5570 iu

453 5597 692 5668 periculo
743 5597 1074 5654 versantium
1127 5597 1292 5654 verba
1342 5599 1720 5672 discipulorum
1780 5616 1998 5677 usurpat
2027 5647 2043 5669 ,

419 5773 423 5776 ι
456 5686 774 5760 Praeceptor,
799 5691 962 5756 salva,
995 5691 1219 5763 perimus
1245 5690 1399 5765 (Luc.
1431 5692 1486 5749 8.
1512 5692 1606 5766 24)
1633 5712 1647 5749 :
1681 5695 1865 5767 pirata:
1890 5714 2042 5771 cym-

456 5787 576 5839 bam
604 5781 1002 5853 circumsident,
1034 5782 1145 5855 lupi
1175 5785 1313 5843 ovile
1338 5785 1770 5857 circumvallant,
1803 5790 2040 5850 latrones

1226 313 1283 369 S.
1323 313 1602 370 JOANNlS
1636 311 2111 370 CllllYSOSTOMI
2147 313 2467 371 ARClllEP.
2509 314 3044 373 CONSTANTINOP.

3683 318 3784 375 610

2202 431 2489 487 thalamum
2528 442 2677 487 tuum
2724 433 3059 505 perfodiunt,
3093 434 3377 493 adulterini
3405 441 3611 496 susurri
3643 453 3782 497 tuam

2194 537 2446 599 sponsam
2476 524 2890 592 circumsonant,
2920 526 3114 582 iterum
3138 528 3370 599 paradisi
3401 532 3658 601 parietem
3682 550 3785 590 scr-

2193 632 2329 690 pens
2354 617 2618 689 eﬂ’ringit;
2666 618 2921 675 Ecclesiae
2956 619 3361 678 fundamentum
3399 633 3547 694 petra
3587 640 3780 680 concu-

2196 713 2326 766 titur
2353 726 2368 763 :
2398 725 2462 765 ac
2488 717 2543 764 tu
2569 710 2638 766 de
2664 711 2798 766 caelo
2827 711 3190 782 evangelicam
3220 713 3510 768 anchoram
3544 717 3741 787 prujiec
3763 758 3779 783 ,

2192 819 2256 861 ac
2298 815 2501 875 petram
2544 804 2797 876 agitatam
2837 803 3061 861 oblinna
3092 822 3106 859 :
3136 803 3457 877 Praeceptor,
3496 809 3656 875 salva,
3697 826 3782 882 pe-

2191 914 2373 952 mnus.

2264 990 2491 1047 Romani
2525 990 2595 1045 ad
2637 999 2910 1061 tyrannum
2939 990 3124 1045 oratio.
3144 1018 3217 1030 —
3238 987 3537 1046 Commune
3577 990 3782 1061 pericu-

2190 1086 2299 1141 lum
2322 1084 2573 1155 martyris
2600 1084 2837 1137 animum
2863 1081 3089 1147 dividit,
3132 1091 3187 1137 et
3224 1081 3290 1136 ad
3335 1082 3620 1142 Dominum
3662 1096 3780 1137 cum

2187 1176 2381 1234 liducla
2408 1176 2571 1233 verba
2616 1174 2773 1240 facit,
2803 1183 2965 1246 atque
3001 1174 3256 1230 adversus
3288 1181 3569 1247 tyrannum
3616 1174 3781 1228 ﬁucn-

2189 1278 2296 1326 tem
2336 1270 2570 1339 linguam
2614 1267 2832 1322 emittit.
2877 1266 3049 1332 Siste,
3097 1265 3297 1336 inquit,
3336 1262 3596 1320 furiosum
3641 1263 3779 1319 hunc

2186 1377 2424 1428 cursum,
2472 1375 2508 1415 ο
2559 1367 2786 1432 tyranne
2832 1375 2847 1411 :
2893 1356 3270 1413 imbecillitatis
3318 1364 3422 1410 tute
3478 1370 3777 1411 mensuram

2184 1468 2444 1525 agnosce,
2482 1451 2721 1509 cruciﬁxi
2763 1450 3018 1506 terminos
3063 1464 3344 1515 reverere,
3396 1448 3613 1504 termini
3656 1464 3779 1503 vero

2184 1544 2446 1612 cruciﬁxi,
2472 1560 2581 1600 non
2623 1543 2864 1599 ecclesiae
2907 1541 3170 1613 parietes,
3209 1540 3304 1596 sed
3338 1540 3484 1596 orbis
3518 1550 3777 1596 terrarum

2182 1648 2309 1693 sunt
2338 1635 2471 1692 ﬁnes
2498 1653 2513 1690 :
2542 1634 2738 1690 furoris
2765 1633 3045 1704 caliginem
3082 1643 3274 1688 excute
3292 1673 3309 1700 ,
3340 1633 3551 1703 respice
3586 1633 3641 1687 in
3670 1642 3776 1687 tcr-

2183 1746 2320 1796 ram,
2348 1736 2403 1785 et
2424 1737 2629 1784 natura:
2649 1735 2753 1781 tua:
2775 1726 3191 1782 imbecillitatem
3219 1724 3504 1781 considera
3530 1742 3545 1783 :
3567 1725 3779 1795 suspice

2184 1824 2236 1878 in
2258 1822 2472 1889 ccclum,
2500 1837 2564 1876 ac
2589 1820 3006 1890 magnitudinem
3032 1819 3154 1875 belli
3177 1818 3481 1890 perpende;
3508 1818 3776 1873 infirmum

2181 1912 2487 1969 daemonum
2526 1911 2780 1968 auxilium
2820 1924 3145 1975 contemne;
3184 1910 3550 1966 animadverte
3577 1909 3781 1964 daemo-

2181 2022 2279 2062 nes
2308 2021 2468 2062 cruce
2493 2020 2776 2076 percussos
2808 2015 2859 2060 te
2887 2019 3105 2060 suorum
3138 2004 3388 2059 altarium
3420 2012 3777 2074 prepugnato-

2179 2114 2294 2155 rem
2334 2098 2648 2155 obtendere.
2677 2095 2786 2153 Cur
2828 2112 2891 2153 ea
2929 2112 3050 2169 quae
3079 2104 3356 2167 nequeunt
3395 2092 3777 2165 comprehendi

2180 2190 2564 2261 persequeris?
2605 2205 2703 2245 cur
2744 2190 2796 2244 in
2838 2203 3017 2244 aerem
3041 2186 3336 2259 jacularisl
3360 2202 3489 2242 num
3514 2187 3660 2243 enim
3692 2202 3779 2258 pa-

2182 2280 2406 2338 rietibus
2446 2281 2587 2337 Deus
2622 2278 3118 2337 circumscribitur?
3149 2278 3671 2348 incircumscriptum
3698 2285 3778 2333 est

2178 2389 2377 2429 numen
2410 2391 2424 2428 :
2457 2389 2586 2428 num
2616 2373 2761 2428 enim
2789 2372 2961 2429 oculis
2990 2372 3251 2427 Dominus
3290 2381 3476 2426 noster
3507 2370 3762 2441 conspici-

2180 2467 2302 2523 tur?
2334 2467 2614 2523 invisibilis
2640 2467 2783 2523 enim
2809 2476 2894 2523 est
2921 2469 3155 2522 essentia
3199 2474 3255 2522 et
3294 2464 3539 2521 informis
3569 2481 3585 2520 :
3618 2479 3780 2535 porro

2178 2561 2475 2617 secundum
2520 2559 2908 2616 humanitatem
2939 2567 2994 2615 et
3020 2558 3272 2630 pingitur,
3301 2567 3356 2614 et
3385 2558 3616 2613 videtur.
3642 2556 3776 2612 Num

2176 2654 2319 2710 enim
2367 2652 2598 2724 lapidem
2641 2662 2696 2709 et
2739 2653 2940 2724 lignum
2983 2651 3289 2707 inhabitans
3313 2650 3451 2706 bove
3479 2664 3543 2705 ac
3574 2649 3778 2721 pecude

2177 2745 2573 2817 providentiam
2600 2744 2820 2800 vendit?
2848 2760 2976 2799 num
3001 2743 3146 2798 enim
3184 2742 3353 2798 altare
3382 2741 3434 2797 in
3462 2741 3581 2812 ejus
3610 2740 3777 2812 pactis

2176 2839 2322 2895 velut
2364 2840 2700 2895 interventor
2728 2836 3063 2909 requiritur?
3089 2836 3164 2891 Ea
3198 2843 3413 2891 tuorum
3453 2844 3537 2890 est
3570 2833 3773 2888 demo-

2176 2947 2304 2987 num
2330 2928 2517 3002 gulosa
2550 2929 2877 2986 mendicatio
2901 2947 2917 2985 :
2940 2929 3202 2986 Dominus
3229 2943 3402 2993 meus,
3431 2928 3515 2983 vel
3535 2925 3771 2981 universi

2175 3025 2353 3096 potius
2379 3023 2666 3091 Dominus,
2691 3023 2937 3081 Christus
2962 3021 3149 3077 incolit
3173 3020 3360 3076 caelum
3382 3062 3398 3086 ,
3425 3036 3488 3076 ac
3514 3019 3773 3075 mundum

2175 3114 2460 3187 gubernat,
2484 3125 2541 3172 et
2559 3115 2881 3172 sacrilicium
2908 3125 2992 3171 est
3016 3114 3093 3170 illi
3119 3115 3318 3181 anima,
3350 3129 3471 3185 qua:
3498 3112 3568 3167 ad
3600 3111 3773 3184 ipsum

2175 3208 2363 3263 oculos
2387 3222 2599 3263 sursum
2631 3206 2863 3264 reﬂectit
2890 3224 2904 3263 :
2936 3221 3077 3262 unus
3102 3205 3180 3261 illi
3205 3205 3358 3261 cibus
3381 3215 3464 3261 est
3487 3206 3638 3261 salus
3659 3220 3774 3261 cre-

2173 3297 2437 3355 dentium.
2472 3299 2667 3355 Desine
2696 3315 2844 3355 arma
2875 3299 3135 3355 adversus
3170 3296 3467 3354 Ecclesiam
3509 3313 3767 3354 movere:

2172 3388 2226 3448 in
2256 3393 2413 3448 terris
2440 3402 2523 3449 est
2549 3408 2716 3464 grex,
2762 3401 2819 3448 et
2860 3401 3046 3463 pastor
3087 3391 3141 3446 in
3183 3391 3331 3446 mdis
3355 3408 3370 3445 :
3396 3390 3449 3446 in
3482 3399 3625 3446 terra
3652 3397 3771 3445 sunt

2174 3484 2443 3553 palmites,
2478 3493 2533 3540 et
2561 3485 2684 3540 vitis
2708 3483 2760 3539 in
2787 3483 2923 3540 caelo
2952 3501 2967 3537 :
2995 3482 3041 3538 si
3069 3481 3318 3554 palmites
3346 3481 3585 3549 excidas,
3610 3483 3771 3536 vitem

2171 3575 2513 3646 multiplicas.
2552 3574 2756 3633 Cruore
2803 3590 2994 3631 manus
3042 3584 3148 3630 tum
3191 3574 3524 3641 redundant,
3564 3573 3771 3645 gladius

2172 3678 2297 3725 tuus
2325 3669 2598 3723 brutarum
2629 3668 2924 3724 hostiarum
2950 3668 3207 3740 sanguine
3235 3667 3430 3722 tinctus
3459 3676 3578 3721 est:
3611 3680 3772 3737 parce

2171 3761 2466 3833 pecudibus
2509 3762 2920 3827 innocentibus,
2956 3771 3013 3818 et
3049 3761 3101 3815 in
3129 3776 3228 3817 nos
3248 3802 3262 3826 ,
3295 3762 3382 3830 qui
3414 3758 3764 3829 reprehendi-

2168 3869 2292 3909 mus
2313 3894 2328 3920 ,
2373 3855 2572 3909 ferrum
2617 3864 2870 3910 converte
2898 3871 2912 3909 :
2947 3869 3107 3924 parce
3149 3853 3445 3909 tacentibus
3474 3852 3685 3920 bestiis,
3714 3858 3766 3906 et

2168 3962 2269 4003 nos
2296 3947 2386 4018 qui
2429 3962 2778 4015 accusamus,
2825 3948 3088 4004 interﬁce.
3116 3946 3231 4001 Non
3261 3947 3403 4001 enim
3446 3944 3517 3999 ita
3563 3944 3766 4000 ferrum

2168 4039 2577 4106 homicidarum,
2605 4050 2661 4094 ut
2688 4040 2916 4096 securim
2943 4041 3325 4095 inservientem
3350 4038 3610 4094 altaribus
3640 4053 3763 4108 per-

2166 4132 2392 4187 timesco
2417 4149 2430 4186 :
2462 4131 2849 4187 homicidarum
2883 4130 3081 4186 ferrum
3111 4147 3304 4202 corpus
3333 4130 3530 4196 laniat,
3558 4129 3764 4186 securis

2164 4223 2416 4279 altarium
2469 4222 2701 4277 animum
2743 4222 2935 4278 occidit
2969 4239 2983 4277 :
3016 4221 3403 4277 homicidarum
3452 4218 3656 4276 ferrum
3707 4217 3761 4273 id

2163 4314 2667 4387 quodsacrilicatur
2694 4323 2920 4381 mactat,
2964 4323 3021 4369 at
3068 4315 3273 4370 securis
3320 4313 3564 4369 altarium
3612 4323 3667 4368 et
3707 4310 3758 4366 id

2162 4407 2304 4479 quod
2334 4407 2682 4473 sacriﬁcatur,
2707 4416 2760 4462 et
2786 4422 2908 4462 eum
2929 4406 3021 4477 qui
3051 4408 3337 4473 sacrilicat,
3361 4405 3519 4460 simul
3546 4405 3715 4475 perdit
3741 4420 3756 4457 :

2163 4504 2427 4559 cervicem
2455 4511 2664 4568 trunca,
2697 4518 2796 4558 nce
2823 4517 2969 4555 aram
3002 4501 3333 4556 commacnla
3369 4519 3382 4556 :
3411 4500 3577 4555 habes
3601 4496 3757 4553 victi-

2161 4611 2305 4651 mam
2333 4596 2720 4659 voluntariam,
2750 4610 2847 4650 cur
2874 4594 3141 4662 captivum
3173 4605 3382 4648 taurum
3417 4592 3638 4662 colligas
3665 4606 3755 4646 rc-

2158 4688 2555 4744 luctantem?Si
2580 4697 2815 4742 mactare
2834 4687 3128 4750 desideras,
3155 4686 3206 4739 in
3229 4685 3472 4741 ecclesia:
3494 4684 3756 4739 vestibulo

2159 4783 2371 4838 ratione
2399 4781 2673 4851 praeditam
2705 4781 2931 4837 hostiam
2961 4789 3154 4835 macta.

2228 4872 2431 4945 Lingua
2460 4874 2709 4928 exciditur
2734 4873 2988 4929 Romano.
3006 4903 3077 4912 —
3096 4872 3212 4927 Non
3256 4871 3376 4926 tulit
3414 4869 3753 4924 immodicam

2158 4963 2371 5020 dicendi
2410 4967 2709 5021 libertatem
2739 4964 2990 5035 martyris
3021 4973 3276 5036 tyrannus
3295 5003 3311 5028 ,
3349 4962 3445 5018 sed
3471 4977 3503 5017 e
3530 4960 3754 5031 vestigio

2155 5071 2189 5112 a
2211 5056 2389 5127 lingua
2417 5055 2736 5111 sacriﬁcium
2761 5054 3046 5110 inchoavit.
3070 5052 3327 5124 Linguam
3351 5053 3511 5123 igitur
3531 5051 3750 5116 excidit,

2156 5164 2265 5206 non
2303 5149 2445 5220 quod
2472 5164 2589 5204 eam
2618 5150 2775 5205 vellet
2800 5147 3037 5203 avulsam
3057 5189 3070 5213 ,
3106 5146 3198 5201 sed
3232 5157 3288 5200 ut
3313 5146 3583 5217 Evangelii
3613 5161 3752 5216 prm-

2154 5240 2475 5296 dicationem
2500 5228 2835 5311 oppugnaret
2859 5256 2872 5292 :
2902 5255 3008 5293 non
3037 5247 3145 5294 tam
3191 5237 3333 5309 quod
3363 5239 3588 5308 princeni
3620 5237 3754 5292 invi-

2152 5332 2327 5401 deret,
2360 5347 2520 5405 quam
2551 5331 2693 5403 quod
2724 5330 2918 5385 invidia
2950 5330 3005 5385 in
3030 5345 3186 5394 eum,
3219 5330 3308 5400 qui
3340 5329 3745 5398 prtedicabatnr,

2150 5423 2385 5479 arderet.
2426 5422 2533 5479 Sed
2582 5423 2682 5491 Qui
2733 5421 3411 5493 contprehendit’sapientes
3458 5421 3512 5473 in
3564 5420 3750 5474 astutia

2150 5532 2325 5571 eorum
2355 5515 2449 5587 (l.
2481 5512 2600 5570 Cor.
2630 5514 2683 5569 3.
2716 5511 2823 5585 l9)
2852 5553 2869 5578 ,
2892 5513 3131 5568 excisum
3161 5511 3305 5567 vocis
3334 5511 3750 5565 instrumentum

2150 5625 2182 5666 e
2207 5608 2340 5665 cwlo
2370 5607 2624 5674 restituit,
2656 5606 2908 5662 invisibili
2938 5606 3324 5662 claudicantem
3352 5621 3543 5661 sonum
3574 5604 3754 5675 lingua

2146 5701 2402 5769 suﬁ‘ulcit,
2425 5716 2611 5756 vocem
2632 5698 2826 5768 elingui
2844 5698 3085 5769 largitur,
3108 5705 3162 5752 et
3177 5697 3503 5753 creationem
3522 5693 3753 5766 hpminil

2155 5794 2329 5864 rcipsa
2359 5803 2588 5864 tyranno
2613 5790 2965 5847 demonstrat.
2995 5788 3064 5845 Et
3089 5788 3537 5861 quemadmodum
3561 5795 3747 5860 puteo-
