4104 6440
359 347 469 405 6H

372 484 490 524 rum
522 466 760 524 fossores
789 467 915 522 dum
945 465 1194 524 fodiendo
1220 481 1382 523 venas
1403 465 1679 535 aperiunt,
1712 464 1970 532 efficiunt,

375 573 431 616 ut
463 563 652 622 laxiori
676 571 853 618 meatu
881 563 1119 618 ferantur
1139 579 1290 634 aquae
1315 582 1328 618 :
1358 565 1433 619 sic
1454 572 1508 619 et
1538 573 1813 634 tyrannus,
1842 565 1970 618 dum

374 655 568 725 lingua:
594 655 828 711 radicem
861 657 1000 711 ferro
1032 656 1260 726 perfodit
1281 699 1297 724 ,
1343 657 1836 712 vehementioribus
1882 675 1971 715 re-

373 748 794 818 prehensionum
823 749 1083 805 scatebris
1116 751 1458 806 obruebatur.
1493 751 1790 808 Voluissem
1818 756 1970 824 equi-

370 840 494 894 dem
525 841 577 894 in
606 839 768 908 hujus
808 842 1059 914 martyris
1101 851 1415 914 argumento
1453 845 1810 902 exsultantem
1847 864 1970 904 ora-

372 933 572 987 tionem
604 933 672 988 ad
702 933 861 996 tinem
890 950 1058 1004 usque
1079 936 1343 993 deducere
1377 957 1390 993 :
1422 939 1625 1010 atjusti
1654 942 1806 1009 Spatii
1837 952 1972 999 tem-

369 1037 469 1091 pus
500 1023 754 1094 advenit,
789 1034 843 1080 et
887 1036 944 1082 ut
980 1028 1231 1084 sileamus
1261 1030 1508 1086 hortatur
1537 1051 1551 1085 :
1584 1049 1708 1088 nam
1739 1043 1791 1088 et
1819 1035 1973 1090 vobis

365 1115 434 1168 ad
466 1115 751 1172 utilitatem
778 1117 893 1174 haec
929 1119 1070 1176 dicta
1098 1121 1368 1179 sufficiunt
1391 1165 1406 1192 ,
1437 1133 1492 1180 et
1518 1129 1819 1184 necessaria
1845 1137 1973 1186 sunt

401 1345 778 1364 β-α-α--ι--ν

1623 346 1711 404 DE
1751 345 2178 401 MACCABIEIS.
2221 344 2257 398 l.

3562 356 3664 410 6H]

2077 461 2243 531 patris
2269 457 2342 531 (a)
2371 458 2719 526 documenta,
2771 471 2826 517 ut
2854 463 2991 520 dicta
3035 467 3121 522 illa
3163 470 3522 538 perficiantur.
3561 478 3668 532 Nos

2075 569 2202 608 vero
2232 563 2284 608 et
2313 569 2398 622 ea,
2429 571 2546 624 qua:
2575 555 2712 610 dicta
2766 566 2922 622 sunt,
2957 563 3229 616 memoriae
3269 565 3389 620 sinu
3429 571 3657 637 comples»

2075 655 2281 701 etamur
2303 690 2317 712 ,
2345 657 2399 702 et
2425 649 2487 702 iis
2520 665 2638 719 qua:
2667 649 2890 705 dicenda
2920 664 3044 707 sunt
3082 656 3272 711 animae
3299 660 3474 716 sulcos
3501 668 3668 733 expli-

2075 753 2278 804 cemus,
2306 754 2368 793 ac
2393 755 2555 809 super
2578 743 2752 797 omnia
2781 745 3157 801 miraculorum
3190 749 3494 807 effectorem
3514 756 3669 810 Chri-

2075 837 2218 883 stum
2249 829 2560 896 adoremus;
2595 835 2843 902 quoniam
2883 837 2984 906 ipsi
3028 839 3198 908 gloria
3239 855 3362 897 cum
3409 844 3567 900 Patre
3606 865 3671 901 ac

2075 922 2413 977 sanctissimo
2442 924 2660 993 Spiritu,
2690 943 2831 984 nunc
2853 939 2909 985 et
2937 945 3170 1001 semper,
3190 934 3315 990 etin
3340 939 3535 994 saecula
3565 959 3669 996 sa:-

2077 1013 2341 1069 culorum.
2371 1016 2564 1071 Amen.

2146 1146 2219 1211 (a)
2255 1155 2324 1199 De
2345 1147 2565 1201 Flaviano
2579 1151 2813 1216 loquitur.

782 1351 1413 1378 ——__—._—.__—_.__“_‘_‘—“-"”
1322 1352 3655 1394 “wh-Mm

1831 1680 2188 1742 MONITUM
2198 1727 2210 1741 .

387 1914 778 1984 peregrinum:
817 1916 942 1988 styli
973 1931 1144 1986 genus
1189 1916 1483 1987 strigosum
1529 1927 1630 1984 est,
1656 1918 1842 1972 omnia
1877 1932 1976 1972 ceu
2012 1917 2067 1971 in
2095 1927 2413 1973 transcursu
2454 1918 2754 1985 dicuntur;
2795 1935 2971 1990 neque
3007 1930 3186 1978 tamen
3227 1939 3343 1980 eam
3374 1925 3493 1980 loco
3530 1941 3650 1979 mo-

372 2032 607 2087 vendam
647 2046 769 2086 esse
817 2032 1043 2101 putavi:
1083 2032 1218 2087 satis
1249 2032 1397 2087 enim
1436 2032 1542 2088 erit
1582 2033 1902 2102 scrupulum
1953 2032 2250 2100 indicasse,
2284 2048 2352 2088 ne
2390 2035 2510 2103 quis
2563 2051 2685 2090 eam
2738 2046 2798 2091 ut
2850 2048 3062 2093 certum
3099 2040 3157 2094 S.
3191 2041 3432 2098 doctoris
3474 2046 3644 2101 fetum

372 2151 593 2207 habeat.
643 2149 784 2206 Huic
811 2150 1136 2222 subiicimus
1180 2150 1546 2222 fragmentum
1578 2153 1856 2224 quoddam
1897 2151 1957 2209 S.
1993 2151 2222 2207 Joannis
2254 2152 2636 2224 Chrysostomi
2679 2155 2735 2209 in
2785 2155 3119 2216 Maccabaaos
3148 2176 3179 2220 a
3210 2160 3419 2219 Joanne
3451 2164 3650 2222 Dama-

375 2279 545 2322 sceno
567 2265 790 2320 allatum
815 2265 910 2318 lib.
940 2280 998 2320 ιιι
1027 2265 1095 2320 de
1123 2263 1478 2334 Imaginibus,
1503 2265 1651 2338 quod
1687 2267 1741 2320 in
1764 2266 1917 2321 nulla
1951 2267 2113 2322 trium
2145 2267 2500 2322 homiliarum
2532 2270 2793 2326 occurrit.

441 2375 642 2430 Primae
690 2376 745 2431 in
791 2375 1128 2432 Maccabaeos
1170 2377 1410 2432 humilia:
1456 2375 1969 2448 Interpretationem
2023 2379 2273 2435 Latinam
2322 2381 2518 2436 incerti
2569 2383 2861 2453 cujusdam
2916 2385 3060 2456 viri,
3112 2397 3300 2460 utpote
3348 2410 3643 2468 παραφρα-

371 2487 575 2552 στικῶς
597 2487 945 2556 adornatam,
971 2488 1282 2560 rejecimus,
1303 2503 1610 2561 novamque
1643 2491 1981 2562 paravimus.
2015 2491 2280 2550 Secundae
2305 2502 2359 2550 et
2389 2495 2562 2551 tertiae
2590 2497 2972 2570 interpretatio
2999 2511 3085 2559 est
3111 2502 3401 2563 Frontonis
3434 2505 3639 2566 Ducati.

1961 2935 3562 2985 .___________________________

1271 3056 1387 3131 IN
1437 3055 1906 3133 SANCTOS
1959 3061 2668 3162 ΜΑΟΟΑΒᾸΞΟΞ,

1647 3229 1730 3272 ΕΤ
1773 3229 1840 3273 1N
1882 3230 2158 3279 MATBEM
2201 3235 2466 3287 EORUM.‘

1810 3362 2237 3408 Wo—

928 3509 1147 3549 liOlllLlA
1187 3507 1203 3546 t
1236 3491 1335 3564 (α).

432 3588 484 3644 Ι.
529 3588 816 3660 Martyrum
857 3602 973 3640 ossa
1017 3585 1326 3639 dwmonibus
1373 3583 1635 3638 terribilia.
1679 3613 1752 3627 -
1784 3586 1953 3654 Quam

354 3685 601 3751 speciosa
632 3679 787 3735 nobis
809 3688 862 3735 et
887 3681 1006 3735 laeta
1035 3679 1220 3733 civitas
1245 3679 1259 3732 Ξ
1289 3693 1446 3748 quam
1469 3685 1584 3733 toto
1612 3693 1755 3735 anno
1779 3681 1957 3751 Splen-

358 3773 538 3827 didior
573 3773 690 3826 hzec
726 3771 872 3825 dies!
921 3785 1025 3824 non
1065 3770 1178 3824 sole
1206 3770 1224 3800 ί
1265 3767 1562 3835 clariores,
1607 3783 1767 3838 quam
1807 3784 1958 3825 more

356 3863 518 3918 solito
542 3903 556 3929 ,
588 3861 770 3916 radios
800 3861 852 3914 in
889 3871 1086 3914 terram
1125 3857 1433 3914 effundente
1455 3899 1471 3925 ,
1513 3858 1608 3914 sed
1647 3868 1956 3915 sanctorum

361 3962 656 4026 martyrum
685 3953 803 4008 luce
831 3953 948 4022 plus
974 3992 988 4018 ,
1021 3966 1180 4022 quam
1209 3950 1415 4020 fulgur,
1446 3957 1612 4004 totam
1636 3951 1792 4006 nobis
1820 3953 1955 4007 civi-

364 4057 529 4102 tatem
556 4045 842 4100 irradiante
871 4063 884 4098 :
928 4044 1195 4098 sexcentis
1227 4046 1366 4098 enim
1396 4043 1600 4098 solibus
1627 4044 1960 4114 Splendidio-

357 4155 450 4195 res
476 4139 530 4193 hi
560 4147 726 4206 sunt,
766 4152 831 4192 ac
873 4135 1078 4207 magnis
1117 4136 1468 4191 luminaribus
1511 4136 1784 4192 clariores.
1821 4137 1957 4193 Pro-

358 4245 482 4304 pter
509 4233 632 4288 illos
662 4231 821 4286 hodie
846 4240 988 4286 terra
1013 4229 1252 4285 ornatior
1276 4237 1360 4284 est
1382 4272 1398 4296 ,
1436 4244 1594 4297 quam
1634 4229 1806 4299 ipsum
1850 4245 1958 4286 ca:-

356 4329 490 4380 lum.
526 4325 605 4380 Ne
633 4325 762 4379 mihi
790 4324 1063 4394 pulverem
1089 4323 1237 4377 dicas
1261 4363 1276 4387 ,
1305 4337 1374 4377 ne
1401 4322 1532 4376 mihi
1553 4322 1786 4378 cinerem
1817 4323 1961 4393 cogi-

297 4452 302 4460 ι
363 4427 447 4472 tes
472 4457 486 4480 ,
511 4416 598 4471 vel
625 4429 748 4469 ossa
777 4419 1015 4483 tempore
1048 4420 1365 4482 consumpta
1408 4427 1424 4466 :
1475 4412 1570 4467 sed
1614 4411 1737 4467 fidei
1775 4413 1962 4468 oculos

364 4508 558 4577 aperi,
587 4517 644 4563 et
670 4506 792 4562 vide
833 4505 1158 4560 assidentem
1201 4504 1331 4573 ipsis
1374 4503 1471 4560 Dei
1507 4505 1760 4560 virtutem
1784 4546 1800 4570 ,
1848 4519 1963 4560 am-

361 4601 600 4656 bientem
633 4600 778 4669 ipsos
815 4597 1048 4668 Spiritus
1089 4595 1314 4666 gratiam
1341 4636 1356 4662 ,
1396 4595 1772 4652 circumfusam
1801 4596 1960 4652 caele-

364 4693 467 4746 stis
493 4691 709 4747 luminis
730 4690 976 4761 gloriam.
1004 4687 1121 4744 Non
1148 4687 1282 4742 tales
1311 4703 1378 4742 ex
1406 4687 1569 4743 solari
1594 4688 1724 4743 orbe
1758 4688 1812 4742 in
1851 4697 1962 4742 ter-

364 4799 483 4839 ram
511 4784 824 4838 emittuntur
861 4780 1036 4846 radii,
1078 4779 1262 4850 quales
1302 4793 1370 4833 ex
1405 4780 1608 4833 sanctis
1648 4779 1963 4850 corporibus

363 4875 706 4946 prosilientes
730 4871 967 4943 fulgores
1003 4871 1200 4926 diaboli
1227 4870 1411 4926 oculos
1441 4879 1732 4926 excaecant.
1759 4871 1961 4938 Quem-

363 4964 652 5022 admodum
679 4964 820 5019 enitn
864 4962 1175 5034 praedonum
1211 4962 1376 5017 duces
1399 5001 1415 5028 ,
1459 4971 1551 5017 aut
1593 4964 1960 5034 sepulcrorum

363 5058 692 5124 effossores,
743 5055 834 5110 ubi
888 5054 1069 5109 vident
1115 5054 1458 5124 imperatoria
1501 5069 1648 5109 arma
1688 5056 1917 5124 jacentia
1942 5095 1958 5121 ,

361 5150 585 5206 loricam
613 5189 626 5216 ,
681 5148 970 5220 clypeum,
1019 5147 1262 5216 galeam,
1309 5161 1442 5201 auro
1498 5154 1608 5201 tota
1658 5147 1959 5218 fulgentia,

360 5241 545 5295 statim
572 5239 850 5303 resiliunt,
884 5252 1243 5308 magnumque
1270 5237 1605 5306 su5picantcs
1631 5239 1922 5308 periculum
1940 5279 1960 5308 ,

363 5346 541 5401 neque
567 5328 823 5384 accedere
852 5343 1027 5399 neque
1056 5343 1120 5383 ea
1157 5329 1468 5398 contingere
1509 5329 1747 5384 audent:
1789 5331 1868 5385 sic
1907 5341 1962 5387 et

360 5424 640 5477 (temones
668 5435 794 5476 vere
833 5421 1141 5490 praedonum
1173 5419 1338 5475 duces
1362 5462 1375 5482 ,
1418 5420 1738 5492 ubicumque
1780 5422 1962 5478 vident

361 5524 658 5584 martyrum
686 5527 910 5582 corpora
933 5511 1201 5582 iacentia,
1246 5511 1424 5566 statim
1469 5511 1674 5581 fugiunt
1720 5529 1784 5567 ac
1826 5515 1962 5569 resi-

430 5627 447 5657 ι
478 5616 675 5698 ἰηξιὶυῐιι
698 5621 935 5698 sic‘eliert
955 5621 1096 5698 savii:
1121 5624 1172 5695 in
1189 5636 1364 5698 marg,
1385 5633 1534 5698 puum
1557 5625 1773 5698 speciosa
1796 5626 1960 5698 cheir-

361 5685 668 5752 mnrfulgeus
691 5685 928 5736 hodierna
950 5684 1090 5752 dies}
1120 5686 1218 5736 imo
1251 5684 1318 5736 σι’
1335 5692 1429 5736 toto
1464 5684 1591 5737 anno
1634 5689 1956 5752 splendidior.

362 5738 673 5822 spicitdidt'or
689 5753 867 5822 autem,
892 5746 1252 5822 rimt_sole,_etc_._
1302 5810 1362 5822 ﬂ
1378 5809 1424 5822 ,-

433 5811 508 5876 (a)
541 5809 836 5862 contulimus
857 5822 964 5861 cum
987 5816 1094 5861 Mss.
1123 5810 1281 5876 Regiis
1302 5809 1426 5860 2545
1450 5818 1500 5861 et
1521 5812 1662 5863 2H7.

2061 3497 2215 3556 liunt.
2254 3501 2374 3559 Non
2403 3507 2544 3563 enim
2587 3508 2641 3565 in
2681 3515 2960 3571 mortalem
2993 3527 3234 3576 naturam
3263 3539 3446 3581 eorum
3489 3531 3658 3602 respi-

2063 3595 2210 3650 ciunt
2238 3638 2253 3664 ,
2300 3599 2395 3654 sed
2442 3601 2495 3654 in
2540 3617 2790 3662 arcanam
2833 3607 3067 3678 Christi,
3122 3616 3211 3685 qui
3259 3617 3346 3672 illa
3393 3595 3660 3696 gestavit,

2063 3685 2397 3758 dignitatem.
2431 3692 2559 3751 Herc
2587 3697 2786 3771 quippe
2809 3716 2956 3758 arma
2986 3721 3091 3760 non
3122 3709 3340 3779 angelus
3365 3685 3528 3780 ,vnon
3571 3685 3658 3772 ar:

2063 3778 2354 3851 ehangelus
2379 3826 2395 3851 ,
2443 3801 2551 3842 non
2589 3790 2692 3845 alia
2723 3785 2985 3866 qua-‘piam
3021 3809 3204 3856 creata
3245 3805 3414 3861 virtus
3452 3809 3660 3876 induit,

2065 3869 2164 3925 sed
2215 3872 2331 3943 ipse
2385 3879 2696 3949 angelorum
2753 3884 3029 3944 Dominus.
3087 3894 3164 3948 Ac
3213 3898 3661 3965 quemadmodum

2066 3963 2265 4020 Paulus
2287 3967 2554 4026 clamabat
2581 3973 2766 4031 dicens
2799 3995 2812 4032 :
2845 3979 2926 4034 An
2955 3963 3349 4053 experimentum
3387 3992 3497 4061 ejus
3521 4009 3661 4062 qua?-

2064 4056 2176 4110 ritis
2200 4098 2215 4120 ,
2243 4061 2330 4129 qui
2356 4061 2409 4115 in
2439 4080 2520 4117 me
2543 4065 2798 4139 loquitur,
2830 4069 3020 4127 Christi
3050 4074 3126 4148 (2.
3156 4076 3272 4133 Cor.
3305 4056 3456 4138 13.75
3587 4087 3662 4142 sic

2066 4157 2122 4201 et
2149 4149 2235 4203 isti
2265 4163 2488 4220 possunt
2514 4156 2750 4215 clamare
2776 4176 2840 4216 ac
2867 4163 3047 4220 dicere
3070 4208 3085 4234 ,
3129 4169 3211 4223 An
3240 4149 3662 4240 experimentum

2065 4241 2302 4308 quaeritis
2323 4243 2442 4312 ejus
2465 4287 2479 4311 ,
2503 4248 2592 4317 qui
2621 4249 2672 4303 in
2695 4252 2850 4307 nobis
2871 4258 3094 4313 certavit
3117 4301 3132 4325 ,
3155 4260 3352 4317 Christi
3375 4265 3398 4317 ?
3424 4265 3662 4324 Pretiosa

2067 4333 2210 4385 enim
2238 4344 2362 4389 sunt
2384 4351 2608 4408 corpora
2629 4383 2644 4409 ,
2667 4345 2786 4414 quia
2810 4347 2992 4418 plagas
3018 4366 3112 4419 pro
3141 4353 3366 4410 Domino
3391 4372 3487 4412 suo
3513 4374 3662 4416 acce-

2066 4434 2302 4494 perunt,
2332 4429 2454 4498 quia
2484 4433 2732 4502 stigmata
2765 4449 2982 4509 propter
3006 4442 3276 4501 Christum
3313 4459 3540 4517 gestant.
3587 4453 3664 4508 Ac

2068 4515 2206 4570 sicut
2231 4532 2428 4575 corona
2460 4523 2801 4594 imperatoria
2831 4533 2993 4587 variis
3021 4534 3214 4604 lapillis
3243 4539 3478 4610 undique
3503 4541 3664 4597 deco~

2067 4616 2182 4660 rata
2209 4607 2448 4681 fulgores
2473 4617 2650 4674 varios
2679 4621 2912 4689 emittit,
2943 4625 3012 4678 ita
3042 4635 3097 4680 et
3125 4607 3428 4685 sanctorum
3459 4643 3662 4706 marty-

2066 4711 2185 4752 rum
2213 4714 2439 4770 eorpora
2467 4746 2482 4772 ,
2511 4709 2664 4776 quasi
2695 4709 2890 4779 lapillis
2916 4715 3162 4783 pretiosis
3186 4759 3200 4783 ,
3233 4719 3543 4777 vulneribus
3565 4740 3664 4795 pro

2067 4786 2281 4844 Christo
2315 4795 2580 4864 susceptis
2609 4796 2859 4855 distincta
2887 4843 2902 4869 ,
2931 4805 3075 4858 omni
3105 4805 3449 4877 imperatorio
3474 4786 3663 4871 diade-

2067 4887 2210 4936 mate
2254 4884 2571 4953 pretiosiora
2619 4898 2671 4945 et
2718 4895 3106 4952 venerabiliora
3153 4900 3422 4959 videntur.
3481 4907 3662 4965 Exteri

2067 4971 2282 5040 quidem
2338 4978 2673 5047 agonothetae
2717 4986 3014 5043 certamina
3064 4999 3491 5065 constituentes,
3547 5016 3662 5058 rem

2067 5060 2355 5120 admodum
2384 5070 2730 5138 spectabilem
2761 5089 2883 5132 esse
2912 5088 3139 5151 putant,
3167 5100 3288 5140 cum
3324 5060 3547 5158 juvenes
3573 5109 3662 5148 ro-

2066 5150 2355 5226 bustosque
2393 5159 2624 5218 athletas
2657 5164 2712 5218 in
2747 5179 3037 5226 scammata
3082 5150 3138 5229 et
3173 5150 3464 5236 certamina
3509 5184 3670 5238 indu-

2066 5255 2194 5300 cunt
2220 5286 2235 5312 ,
2274 5247 2347 5302 ita
2376 5258 2433 5304 ut
2457 5253 2543 5307 vel
2572 5263 2855 5327 antequam
2882 5264 3174 5320 certamina
3214 5270 3532 5339 incipiantur
3551 5316 3565 5338 ,
3597 5291 3662 5331 ex.

2066 5337 2203 5393 bona
2225 5343 2589 5400 membrorum
2617 5346 2927 5409 habitudine
2949 5353 3001 5410 iu
3024 5337 3429 5415 admirationem
3455 5376 3633 5433 specta
3651 5405 3677 5418 -

2068 5441 2212 5489 tores
2239 5447 2525 5493 moveant:
2557 5439 2645 5496 hic
2673 5459 2800 5499 vero
2824 5462 2931 5502 non
2971 5449 3041 5504 ita
3077 5465 3136 5506 se
3168 5467 3256 5507 res
3280 5452 3477 5520 habet,
3510 5459 3604 5513 sed
3650 5484 3676 5519 e

2066 5527 2335 5581 contrario
2377 5531 2577 5585 omnia.
2606 5535 2845 5603 Agonem
2886 5538 3030 5592 enim
3073 5553 3380 5611 preponens
3417 5545 3545 5601 Chri
3573 5564 3674 5608 stu

2065 5629 2172 5671 non
2201 5618 2359 5674 talem
2391 5621 2603 5690 qualem
2633 5624 2746 5692 illi,
2774 5625 2869 5680 sed
2908 5625 3236 5685 horrendum
3273 5640 3329 5688 et
3370 5632 3564 5692 formid
3598 5657 3661 5694 at:

2065 5707 2236 5764 dum:
2279 5712 2475 5784 quippe
2518 5729 2624 5769 non
2667 5714 2945 5772 hominum
2987 5719 3246 5779 adversus
3289 5722 3534 5784 homines
3577 5751 3609 5790 e
3646 5751 3690 5790 δ’.

2065 5804 2204 5860 lucta
2228 5842 2245 5874 ,
2269 5804 2364 5862 sed
2386 5805 2661 5865 hominum
2684 5807 2941 5870 adversus
2956 5809 3230 5912 dmmeges
3249 5827 3520 5877 certamen
3538 5835 3622 5882 est
