4104 6442
518 346 619 403 619

515 462 676 517 talem
702 498 720 523 ,
748 457 963 525 inquam
985 491 1002 516 ,
1029 460 1255 519 agonem
1287 441 1437 496 nobis
1482 448 1783 529 proponens
1805 473 1820 498 ,
1857 444 1965 529 non

521 519 1079 611 renes-robustaeque
1129 536 1360 591 athletas
1412 529 1480 584 ad
1520 524 1809 582 certamina
1857 519 2103 585 induxit,

518 636 618 698 sed
641 633 1065 694 adolescentulos
1087 666 1102 696 ,
1130 642 1194 683 ae
1220 640 1340 681 eum
1386 622 1490 677 illis
1518 632 1703 675 senem
1746 614 2056 670 Eleazarum
2079 650 2101 675 ,

520 727 756 801 itemque
794 725 1070 782 mulierem
1099 718 1327 774 vetulam
1351 755 1367 781 ,
1396 708 1810 801 adolescentium
1850 713 2097 801 matrem.

519 795 786 893 Quid-[mc
816 818 972 888 igitur
992 813 1115 871 est?
1140 809 1451 866 inutilcmue
1478 812 1689 858 :etatem
1715 798 1782 854 ad
1811 795 2098 893 certamina

521 888 575 969 et
601 919 890 967 scamuata
921 904 1112 962 ducis?
1137 902 1254 972 quis
1289 897 1490 953 audivit
1530 906 1781 962 umquam
1819 888 2098 943 mulierem

520 1007 572 1059 in
603 1010 747 1058 tanta
786 1007 1058 1055 senectute
1086 987 1468 1049 concertasse?
1511 985 1678 1040 Nemo
1719 980 1920 1036 audivit
1949 996 1964 1034 :
2004 976 2100 1033 sed

513 1112 655 1168 ego,
705 1094 917 1164 inquit,
968 1090 1113 1146 illam
1155 1100 1269 1141 rem
1319 1078 1723 1141 incredibilem,
1771 1088 2009 1168 novam,
2046 1078 2101 1125 et

518 1164 804 1256 numquam
833 1179 1058 1239 antehac
1074 1177 1331 1241 auditam,
1375 1172 1503 1241 ipsis
1524 1169 1774 1239 operibus
1794 1164 2101 1220 credibilem

517 1276 729 1333 faciam.
757 1272 872 1329 Non
903 1271 1048 1327 enim
1075 1269 1119 1324 is
1138 1263 1454 1337 agonotbeta
1479 1277 1595 1316 sum
1623 1275 1722 1330 ego
1744 1301 1762 1327 ,
1783 1257 1872 1330 qui
1893 1266 2104 1311 certan-

515 1368 649 1423 tium
688 1363 868 1420 virtuti
904 1360 1082 1417 omnia
1123 1357 1493 1418 committam;
1537 1351 1632 1407 sed
1668 1350 1857 1404 adsum
1885 1388 1901 1414 ,
1942 1360 2098 1416 opem

517 1460 630 1515 fero
656 1469 979 1524 manumque
1004 1450 1218 1506 athletis
1243 1448 1380 1502 meis
1408 1444 1621 1515 porrigo
1643 1484 1659 1508 ,
1690 1451 1744 1496 et
1778 1440 1857 1494 rei
1889 1439 1956 1492 ab
1997 1437 2102 1493 illis

414 1616 423 1621 _
515 1550 726 1606 fortiter
749 1555 915 1619 gesta:
941 1557 1062 1614 pars
1088 1539 1318 1595 maxima
1356 1552 1426 1592 ex
1464 1534 1756 1606 patrocinio
1791 1546 1913 1587 meo
1941 1529 2104 1601 proﬁ-

515 1642 751 1698 ciscitur.

590 1733 769 1789 Gratia
800 1729 1056 1800 Martyres
1080 1726 1233 1796 fortes
1263 1719 1673 1795 efﬁcit.——Cnm
1704 1718 1881 1787 itaque
1904 1713 2103 1769 videris

518 1825 796 1880 mulierem
827 1829 1145 1876 trementem
1171 1857 1188 1883 ,
1218 1813 1474 1876 vetulam,
1499 1811 1691 1867 baculo
1731 1814 1978 1879 egentem
2006 1847 2020 1871 ,
2049 1806 2101 1860 in

515 1925 788 1974 certamen
816 1902 1130 1983 ingressam
1154 1950 1174 1976 ,
1210 1906 1417 1980 tyranni
1457 1904 1691 1959 furorem
1725 1910 2101 1973 prosternere,

518 2011 859 2078 incorporeas
889 2004 1118 2059 virtutes
1145 2014 1400 2072 superare
1426 2040 1443 2065 ,
1484 1996 1753 2052 diabolum
1798 1993 1951 2049 facile
1985 1994 2105 2048 vin-

516 2114 683 2164 cere,
730 2098 952 2169 ejusque
1002 2094 1164 2150 robur
1213 2100 1430 2147 strenue
1481 2087 1768 2144 admodum
1820 2085 2102 2156 frangere,

518 2191 852 2265 agonotbetaa
903 2189 1126 2260 gratiam
1189 2184 1499 2251 admirare,
1562 2179 1756 2235 Christi
1817 2185 2102 2246 conspecta

518 2287 718 2340 virtute
757 2283 1092 2352 obstupesce.
1157 2277 1274 2333 Non
1317 2274 1611 2331 secundum
1646 2285 1859 2327 carnem
1901 2269 2111 2325 robusti

519 2383 645 2432 sunt
666 2372 882 2431 athleta:
906 2414 923 2441 ,
949 2370 1047 2427 sed
1070 2368 1367 2425 secundum
1391 2367 1555 2422 ﬁdem
1579 2382 1593 2418 :
1627 2364 1834 2419 inﬁrma
1857 2371 1939 2418 est
1965 2363 2113 2432 ipso-

516 2484 635 2525 rum
664 2475 852 2523 natura
875 2506 894 2533 ,
920 2463 1016 2521 sed
1045 2472 1234 2532 potens
1257 2468 1375 2527 est,
1405 2474 1524 2530 quae
1549 2457 1697 2527 ungit
1726 2470 1820 2512 eos
1845 2499 1860 2522 ,
1889 2455 2055 2527 gratia
2088 2472 2103 2510 :

518 2560 693 2615 soluta
721 2566 846 2613 sunt
870 2562 1145 2611 senectute
1168 2566 1389 2622 corpora
1412 2591 1429 2617 ,
1456 2549 1549 2605 sed
1572 2548 1806 2604 roborati
1833 2555 1957 2602 sunt
1985 2546 2106 2601 aui-

521 2651 595 2705 mi
617 2649 826 2720 pietatis
846 2660 1052 2703 amore.
1080 2644 1194 2699 Non
1221 2653 1303 2699 est
1322 2642 1591 2698 sensibilis
1613 2655 1782 2711 pugna
1812 2657 1826 2693 :
1859 2655 1927 2694 ne
1949 2638 2108 2708 igitur

521 2739 750 2795 athletas
774 2738 1106 2794 extrinsecus
1130 2735 1437 2790 consideres
1460 2774 1475 2799 ,
1498 2731 1593 2788 sed
1619 2731 1899 2787 ratiocinio
1918 2745 2106 2785 eorum

523 2831 689 2886 animi
714 2829 878 2885 robur
902 2829 1045 2884 intus
1072 2826 1380 2898 perpende;
1411 2824 1690 2881 considera
1723 2824 1958 2894 ipsorum
1985 2823 2107 2878 ﬁdei

521 2920 889 2977 fortitudinem
910 2960 925 2986 ,
955 2929 1014 2974 ut
1040 2918 1253 2975 ediscas
1289 2933 1411 2974 eum
1436 2959 1451 2982 ,
1490 2916 1585 2987 qui
1621 2932 1741 2971 cum
1778 2915 2109 2971 daemonibus

519 3021 719 3083 pugnet
739 3054 757 3080 ,
785 3026 891 3067 non
911 3012 1131 3066 robusto
1147 3009 1389 3079 corporis
1407 3008 1590 3064 habitu
1610 3016 1665 3064 et
1684 3009 1826 3064 mole
1844 3007 2105 3079 indigere,

521 3118 700 3175 neque
728 3110 887 3159 aetate
909 3102 1095 3158 ﬂorida
1121 3119 1137 3168 ;
1166 3100 1259 3156 sed
1288 3101 1386 3156 etsi
1426 3099 1711 3155 admodum
1747 3099 1959 3171 juvenis
1998 3100 2113 3168 sit,

520 3196 618 3251 etsi
640 3196 859 3250 decursa
879 3194 987 3264 jam
1010 3200 1166 3249 :etate
1189 3236 1203 3259 ,
1231 3193 1277 3248 si
1300 3193 1478 3247 animo
1497 3208 1761 3264 generoso
1778 3193 2109 3265 robusteque

521 3284 775 3356 prmditus
830 3286 937 3352 sit,
987 3283 1117 3339 nihil
1171 3284 1350 3339 damni
1397 3284 1466 3340 ab
1507 3292 1665 3341 aelate
1712 3286 1766 3341 in
1814 3286 2109 3343 certamine

520 3381 784 3449 accipere.

588 3473 645 3529 2.
684 3472 889 3543 Ecquid
930 3472 1049 3528 dico
1091 3486 1272 3527 senem
1314 3479 1372 3527 et
1405 3471 1658 3542 juvenem
1685 3513 1705 3541 ,
1744 3472 1958 3543 quando
1986 3488 2109 3528 mu-

518 3560 683 3620 lieres
735 3564 864 3636 ipsa:
910 3566 1024 3620 lucc
1062 3567 1354 3619 certamina
1398 3564 1668 3632 inierunt,
1710 3564 2109 3637 splendidisque

517 3654 732 3711 coronis
760 3653 1019 3709 redimita:
1046 3653 1212 3708 sunt?
1255 3653 1388 3709 Nam
1433 3663 1651 3710 externa
1691 3655 1909 3727 quidem
1937 3665 2111 3712 certa-

519 3747 662 3800 mina
713 3750 923 3799 tetatem
950 3784 965 3808 ,
1007 3753 1249 3821 naturam
1292 3753 1347 3799 et
1373 3743 1685 3816 dignitatem
1732 3747 2066 3817 exquirentia
2092 3790 2111 3817 ,

516 3837 690 3894 servis
716 3878 732 3905 ,
762 3831 1074 3891 mulieribus
1097 3877 1112 3901 ,
1152 3834 1371 3891 senibus
1394 3877 1410 3903 ,
1456 3836 1870 3892 adolescentulis
1906 3838 2109 3892 aditum

523 3929 920 3995 intcrclud'unt;
953 3922 1040 3983 hie
1064 3944 1194 3983 vero
1220 3928 1435 3984 cuilibet
1462 3929 1793 3997 conditioni,
1820 3931 1962 3986 aetati
1991 3932 2108 3986 eui-

520 4018 688 4085 Iibct,
717 4019 926 4090 utrique
961 4018 1112 4074 sexui
1151 4018 1414 4074 theatrum
1462 4035 1654 4090 magna
1696 4020 1821 4076 data
1863 4022 2110 4078 libertate

521 4109 794 4180 aperitur,
825 4118 883 4165 ut
909 4117 964 4165 et
992 4104 1363 4165 liberalitatem
1403 4118 1460 4166 et
1494 4111 1905 4168 inenarrabilem
1937 4114 2109 4170 virtu-

521 4210 629 4257 tem
659 4199 777 4270 ejus
798 4241 814 4266 ,
845 4203 934 4272 qui
961 4212 1232 4257 certamen
1261 4201 1524 4269 instituit,
1543 4203 1751 4261 ediscas
1770 4246 1785 4269 ,
1809 4214 1863 4261 et
1889 4214 2107 4277 aposto-

526 4293 686 4348 licum
732 4291 865 4347 illud
910 4292 1108 4350 dictum
1163 4294 1414 4362 operibus
1460 4295 1833 4351 conﬁrmatum
1876 4298 2107 4354 videas:

528 4384 662 4452 Quia
679 4385 834 4439 virtus
854 4386 964 4456 ejus
985 4387 1035 4439 in
1055 4385 1350 4454 inﬁrmitate
1377 4386 1634 4457 perﬁcitur
1658 4386 1733 4460 (2.
1756 4388 1874 4445 Cor.
1901 4388 1989 4444 l2.
2010 4387 2107 4462 9).

523 4476 744 4543 Quando
780 4476 922 4532 enim
956 4476 1102 4547 pueri
1129 4484 1183 4532 et
1219 4490 1377 4532 senes
1415 4491 1574 4548 supra
1612 4487 1856 4535 naturam
1900 4480 2109 4537 fortiter

521 4574 724 4639 agunt,
756 4568 847 4625 Dei
880 4568 930 4622 in
959 4566 1088 4639 ipsis
1112 4566 1385 4639 cperautis
1404 4568 1573 4640 gratia
1593 4571 1870 4642 splendide
1890 4587 2112 4644 prorsus

521 4657 937 4715 demonstratur.

594 4748 779 4805 Matris
825 4749 1233 4807 Haceabazorum
1272 4753 1450 4808 uirtus.
1478 4781 1551 4795 —
1574 4754 1647 4812 Ut
1687 4765 1865 4813 autem
1902 4757 2115 4816 ediscas

524 4838 670 4895 illam
699 4845 1018 4899 exteriorem
1047 4843 1371 4901 athletarum
1394 4845 1760 4905 inﬁrmitatem
1786 4850 1932 4921 ipsos
1954 4866 2113 4907 coro-

523 4940 649 4987 n'am
685 4938 1015 5004 repertantes
1047 4937 1439 5008 splendidiores
1485 4939 1713 4998 reddere
1735 4983 1759 5008 ,
1802 4957 1902 5015 age
1924 4981 1950 5013 ,-
1979 4958 2113 5002 sene

521 5024 807 5096 puerisque
834 5024 1068 5082 dimissis
1091 5071 1107 5096 ,
1140 5024 1487 5085 inﬁrmiorem
1517 5030 1624 5088 illis
1651 5034 1935 5090 mulierem
1956 5044 2112 5092 vetuo

522 5119 631 5173 lam
657 5158 675 5185 ,
702 5121 905 5188 septem
935 5117 1165 5174 ﬁliorum
1193 5128 1421 5178 matrem
1449 5164 1464 5190 ,
1507 5124 1560 5179 in
1598 5124 1833 5181 medium
1875 5128 2113 5185 adduca-

523 5218 643 5262 mus
668 5224 684 5264 :
713 5221 836 5263 nam
869 5219 1053 5279 partus
1079 5206 1293 5269 labores
1318 5230 1422 5269 non
1450 5215 1566 5273 leve
1591 5217 2026 5289 impedimentum
2056 5223 2115 5280 in

522 5299 606 5354 his
628 5300 1011 5357 certaminibus
1035 5300 1281 5361 aft'erunt.
1324 5304 1467 5374 Quid
1494 5324 1623 5380 ergo
1660 5312 1811 5382 prius
1840 5314 1892 5369 in
1921 5329 1985 5370 ea
2012 5314 2113 5371 add

522 5391 779 5450 miremur
797 5393 823 5448 ἲ
842 5392 1276 5454 inﬁrmitatemue
1296 5408 1500 5457 naturae
1525 5442 1541 5468 ,
1565 5419 1631 5459 an
1655 5416 1959 5475 provectam
1984 5419 2114 5465 mta-

520 5490 628 5538 tem
654 5525 671 5552 ,
699 5496 767 5540 an
792 5497 1050 5542 maternae
1073 5490 1562 5548 commiseratiouis
1580 5509 1801 5553 sensum
1828 5498 2114 5571 fragilem?

522 5572 542 5647 [
569 5575 739 5633 Mater
776 5580 920 5635 enim
948 5590 1065 5637 erat
1092 5600 1106 5637 :
1138 5582 1280 5641 unde
1308 5582 1462 5642 facile
1485 5603 1605 5644 eam
1635 5593 1894 5661 potuisset
1918 5594 1981 5650 iui
2000 5605 2113 5651 tor-

520 5670 714 5724 mentis
759 5668 1027 5727 viscerum
1079 5688 1297 5732 suorum
1341 5678 1557 5735 vincere
1611 5693 1852 5741 materna
1901 5687 2115 5758 pietas,

522 5758 624 5817 nidi
651 5760 845 5817 divina:
867 5762 1078 5833 pietatis
1102 5767 1260 5827 altior
1278 5771 1449 5827 virtus
1463 5772 1598 5830 virili
1627 5773 1731 5832 fide
1758 5777 1899 5837 anile
1924 5791 2115 5851 pectus

448 5879 559 5935 εἴ
706 5912 714 5920 .
1284 5906 1306 5912 ρ.
1362 5912 1367 5917 .
1412 5912 1448 5919 .-.
1507 5910 1577 5935 NN

1257 331 1315 387 S.
1355 323 1632 385 JOANNIS
1665 311 2141 377 εηιιῑεοδτοιη
2174 310 2492 368 ARCHIEP.
2532 305 3066 366 CONSTANTINOV.

3688 303 3795 356 6'20

2209 432 2442 478 armaret
2466 425 2541 496 (a)
2564 419 2605 494 ].
2636 421 2821 491 Magna
2847 419 3105 490 siquidem
3130 417 3246 472 lucc
3274 426 3396 470 sunt
3418 415 3797 485 impedimenta

2207 516 2274 570 ad
2309 525 2467 571 tantae
2498 514 2765 585 patieittire
2791 528 3027 569 cursum.
3055 509 3170 581 Ego
3198 523 3326 564 vero
3351 508 3501 563 aliud
3524 507 3801 577 profereuo

2206 607 2333 663 dum
2361 606 2532 660 habeo
2559 603 2641 660 his
2663 605 2835 676 majus
2858 645 2873 668 ,
2912 617 3021 674 quo
3058 611 3111 656 et
3153 600 3392 657 mulieris
3432 598 3792 657 fortitudinem

2206 706 2261 753 et
2283 697 2479 752 diaboli
2507 696 2770 751 vafritiem
2804 704 2969 749 totam
3000 693 3292 748 videamus.
3317 691 3596 759 Quodnam
3626 694 3754 748 illud
3774 693 3811 748 ῒ

2206 788 2587 844 Animadverte
2613 786 2839 857 improbi
2866 785 3123 841 daemonis
3152 785 3441 856 nequitiam
3475 803 3489 839 :
3519 801 3624 841 non
3652 787 3807 855 prio-

2206 897 2319 936 rem
2352 880 2493 935 illam
2523 881 2681 934 traxit
2711 880 2763 934 in
2794 887 3080 934 scammata
3106 920 3121 947 ,
3150 879 3246 935 sed
3280 888 3401 950 post
3429 878 3564 934 ﬁlios
3589 880 3653 934 ad
3680 896 3809 935 cer-

2208 971 2405 1025 tamina
2436 969 2604 1025 duxit.
2638 969 2855 1036 Quare?
2896 969 2964 1026 Ut
3003 978 3284 1040 postquam
3324 979 3528 1040 septem
3568 969 3802 1025 ﬁliorum

2207 1062 2528 1117 cruciatibus
2574 1062 2688 1133 ejus
2734 1062 2968 1117 animum
3023 1062 3169 1132 prius
3213 1058 3533 1133 dejecisset,
3576 1064 3803 1135 ejusque

2209 1156 2404 1211 mentis
2431 1155 2735 1211 firmitatem
2766 1154 3115 1211 cmollivisset
3138 1198 3155 1223 ,
3199 1171 3382 1212 rerum
3420 1156 3631 1212 illarum
3673 1172 3802 1226 spe-

2205 1249 2414 1303 ctaculo
2445 1249 2592 1318 prius
2619 1248 2901 1319 absumpta
2930 1248 3243 1304 fortitudine
3272 1250 3325 1303 in
3355 1249 3631 1319 suppliciis
3658 1249 3809 1305 tilio-

2207 1356 2325 1396 rum
2347 1381 2362 1405 ,
2387 1339 2645 1395 inﬁrmior
2663 1341 2878 1395 demum
2900 1339 3035 1394 facta
3055 1338 3262 1394 facilius
3282 1341 3572 1411 expugnari
3598 1349 3807 1411 posset.

2205 1433 2284 1488 Ne
2321 1432 2630 1488 consideres
2673 1433 2793 1488 illos
2838 1433 3116 1503 excepisse
3163 1443 3427 1488 tormenta
3455 1473 3470 1498 ,
3499 1433 3593 1487 sed
3620 1442 3809 1489 tecum

2207 1533 2394 1594 reputa
2425 1524 2571 1583 illam
2596 1524 2661 1579 ad
2690 1523 2929 1595 singulos
2957 1524 3232 1595 graviores
3260 1525 3445 1581 tulisse
3471 1524 3688 1581 dolores
3710 1566 3728 1593 ,
3752 1534 3813 1580 es

2207 1615 2261 1670 in
2292 1617 2513 1687 singulis
2543 1632 2727 1671 eorum
2758 1616 3060 1671 confossam
3086 1632 3227 1673 esse.
3272 1616 3533 1687 Quodque
3574 1617 3819 1673 dicimus

2209 1707 2378 1777 probe
2424 1716 2620 1761 norunt
2657 1717 2919 1777 quotquot
2956 1708 3210 1763 mulieres
3238 1717 3420 1777 partus
3459 1708 3675 1764 dolores
3713 1724 3820 1765 exc

2208 1808 2375 1868 perta:
2400 1808 2525 1854 sum
2549 1841 2565 1865 ,
2595 1809 2651 1853 ct
2676 1809 2875 1854 matres
2904 1808 3211 1855 evaserunt.
3254 1800 3408 1870 Saepe
3433 1817 3664 1872 namque
3691 1817 3808 1856 ma-

2210 1902 2296 1947 ter
2319 1891 2452 1947 febri
2482 1901 2802 1947 mstuantem
2833 1893 3000 1947 filium
3029 1892 3215 1949 videns
3238 1934 3255 1959 ,
3282 1894 3417 1949 nihil
3459 1909 3564 1951 non
3603 1895 3823 1951 doloris

2209 1986 2562 2056 amplectatur
2583 2028 2600 2052 ,
2633 1996 2690 2041 ut
2715 2001 2789 2042 ex
2808 1987 2901 2042 illo
2924 2002 3152 2059 corpore
3181 1988 3513 2059 aegritudinis
3543 1989 3720 2060 ignem
3751 1990 3818 2045 in'

2210 2093 2269 2133 se
2296 2076 2587 2134 transferat
2627 2097 2640 2133 :
2682 2079 2751 2134 ita
2800 2095 2993 2148 nempe
3025 2089 3224 2135 matres
3271 2081 3502 2135 ﬁliorum
3545 2096 3826 2136 zerumnas

2212 2172 2445 2242 propriis
2468 2172 2622 2227 malis
2646 2172 3092 2228 intolerabiliores
3110 2174 3438 2228 existimant.
3462 2174 3615 2243 Quod
3636 2178 3684 2230 si
3713 2175 3815 2231 hoc

2211 2272 2395 2319 rerum
2420 2273 2506 2320 est
2528 2305 2544 2331 ,
2590 2274 2649 2320 ut
2675 2274 2759 2320 est
2785 2264 3027 2336 profecto
3044 2278 3227 2321 verum
3254 2309 3268 2331 ,
3299 2266 3351 2321 in
3379 2268 3655 2338 suppliciis
3680 2268 3816 2325 ﬁlio.

2211 2372 2335 2412 rum
2362 2357 2581 2427 gravius
2605 2373 2767 2428 quam
2811 2357 2917 2428 ipsi
2952 2359 3046 2412 lilii
3085 2359 3424 2414 cruciabatur
3463 2370 3634 2416 mater
3657 2402 3675 2427 ,
3706 2377 3816 2417 ma-

2205 2449 2401 2521 jusque
2429 2449 2484 2505 in
2513 2460 2684 2504 matre
2711 2450 3024 2523 martyrium
3049 2459 3164 2506 erat
3188 2493 3207 2517 ,
3234 2467 3394 2523 quam
3423 2452 3474 2507 in
3505 2451 3648 2507 ﬁliis.
3680 2453 3813 2508 Nam

2212 2542 2257 2597 si
2293 2543 2377 2597 vel
2414 2539 2580 2597 unius
2608 2542 2700 2596 ﬁlii
2749 2542 2969 2596 morbus
3008 2543 3288 2597 nuntiatus
3323 2556 3562 2599 materna
3608 2545 3826 2600 viscera

2211 2635 2390 2690 turbat
2414 2677 2427 2700 ,
2456 2652 2561 2689 non
2586 2650 2693 2689 uno
2718 2636 2891 2690 solum
2916 2635 3025 2689 ﬁlio
3049 2675 3075 2701 ,.
3096 2635 3187 2689 sed
3218 2645 3364 2690 tanto
3390 2635 3619 2691 ﬁliorum
3647 2638 3817 2692 inter-

2212 2724 2354 2781 fecto
2378 2726 2547 2782 choro
2573 2768 2588 2794 ,
2612 2741 2733 2782 eum
2761 2742 2866 2781 non
2887 2726 3075 2781 auditu
3102 2728 3220 2781 solo
3243 2769 3259 2794 ,
3287 2727 3380 2783 sed
3405 2729 3520 2782 visu
3545 2729 3814 2785 cruciatus

2215 2818 2519 2888 perciperet
2546 2858 2563 2885 ,
2592 2818 2718 2889 quid
2749 2833 2856 2872 non
2892 2833 3048 2889 passa
3091 2818 3249 2873 fuerit
3269 2820 3303 2873 ?‘
3322 2821 3591 2890 quomodo
3620 2822 3825 2877 mentis

2213 2922 2437 2975 compos
2459 2923 2585 2964 esse
2606 2909 2840 2977 potuerit
2861 2951 2876 2975 ,
2918 2922 3040 2963 cum
3077 2910 3315 2980 singulos
3352 2911 3559 2967 videret
3592 2913 3817 2969 diversis

2212 3008 2269 3055 et
2308 3000 2595 3057 horrendis
2638 3003 2913 3072 suppliciis
2959 3003 3212 3073 paulatim
3258 3004 3816 3075 occisosi'quomodo

2214 3110 2321 3150 non
2351 3096 2526 3166 erupit
2553 3111 2585 3151 e
2609 3109 2835 3166 corpore
2858 3097 3036 3150 anima
3056 3095 3372 3167 iquomodo
3403 3112 3508 3152 non
3539 3113 3612 3153 ex
3642 3100 3827 3168 primo

2212 3199 2432 3261 aspectu
2459 3190 2512 3244 in
2540 3204 2728 3260 rogum
2761 3189 2948 3245 insiliit
2970 3231 2985 3255 ,
3018 3198 3077 3245 ut
3115 3204 3174 3246 se
3219 3205 3249 3244 a
3279 3190 3486 3261 reliquo
3513 3193 3827 3261 spectaculo

2215 3281 2512 3338 liberaret?
2540 3280 2656 3335 Etsi
2676 3281 2818 3336 enim
2850 3280 3328 3352 pbilosophabatur
3350 3325 3366 3347 ,
3394 3291 3451 3337 at
3473 3293 3646 3340 mater
3666 3294 3783 3340 erat
3800 3303 3824 3352 ;⁴

2214 3374 2314 3429 etsi
2346 3374 2594 3446 religiosa
2629 3382 3050 3440 erat,atearne
3076 3374 3438 3439 induebatur;
3480 3377 3582 3431 etsi
3626 3377 3825 3432 alacris

2214 3473 2351 3532 erat,
2410 3475 2466 3520 at
2506 3465 2787 3521 muliebris
2835 3475 2956 3521 erat
2999 3481 3205 3533 sexus;
3236 3468 3336 3522 etsi
3384 3468 3563 3522 studio
3606 3469 3819 3538 pictatis

2220 3555 2501 3623 fervebat,
2547 3556 2649 3613 sed
2681 3566 2930 3628 partuum
2962 3558 3176 3613 vinculo
3214 3557 3570 3616 detinebatnr.
3600 3560 3743 3616 Nam
3773 3562 3816 3616 si

2215 3663 2315 3703 nos
2337 3690 2354 3717 ,
2384 3648 2482 3705 viri
2512 3663 2632 3703 cum
2659 3649 2828 3704 simus
2852 3686 2875 3716 π
2898 3665 3051 3703 reum
3078 3650 3323 3705 videntes
3349 3666 3445 3721 per
3482 3650 3656 3706 forum
3689 3654 3775 3724 agi
3800 3694 3827 3719 ,.

2214 3741 2394 3797 tunem
2440 3742 2495 3796 in
2538 3756 2634 3797 ore
2684 3741 3015 3807 habentem,
3066 3741 3121 3796 in
3169 3742 3591 3814 barathrumque
3636 3744 3825 3810 trahi,

2215 3833 2426 3888 etiamsi
2465 3833 2609 3888 nulla
2643 3848 2764 3888 eum
2791 3848 2857 3889 eo
2881 3833 3123 3890 amicitia
3140 3834 3310 3905 juncti
3336 3875 3351 3899 ,
3383 3833 3486 3890 hoc
3509 3838 3822 3906 spectaculo

2213 3925 2508 3997 frangimur
2529 3966 2546 3993 ,
2576 3927 2679 3983 etsi
2707 3927 2958 3983 idoneum
2985 3927 3052 3983 ad
3083 3927 3385 3984 leniendam
3413 3929 3825 3986 miserationem-

2214 4019 2465 4076 solatium
2533 4020 2871 4088 habeamus,
2926 4021 3165 4076 damnati
3223 4036 3419 4093 nempe
3475 4024 3817 4094 nequitiam:

2213 4121 2472 4183 quantum
2516 4111 2603 4167 illa
2632 4127 2789 4183 passa
2817 4112 3021 4180 fuerit,
3053 4126 3173 4184 quae
3200 4128 3308 4169 non
3343 4130 3493 4170 reum
3523 4130 3689 4170 unum
3718 4116 3818 4173 ab-

2216 4202 2339 4257 duci
2369 4202 2616 4269 videret,
2666 4203 2759 4258 sed
2800 4203 2961 4258 simul
2995 4220 3210 4275 unaque
3247 4204 3336 4283 die
3381 4214 3588 4277 septem
3628 4205 3773 4263 ﬁlios
3801 4248 3817 4273 ,
3849 4209 3859 4281 ξ

2214 4310 2329 4351 non
2357 4296 2525 4352 celeri
2555 4305 2729 4352 morte
2753 4337 2769 4363 ,
2809 4295 2905 4352 sed
2934 4297 3095 4352 variis
3134 4297 3409 4368 suppliciis
3445 4299 3660 4355 caesos?
3705 4299 3820 4355 Etsi

2213 4387 2363 4443 enim
2386 4386 2596 4457 lapidea
2626 4386 2814 4444 fuisset
2839 4429 2865 4456 ,ι
2884 4388 2988 4444 etsi
3017 4388 3225 4446 viscera
3253 4388 3531 4446 habuisset
3559 4391 3818 4447 adaman-
3850 4384 3863 4457 ξ

2215 4478 2333 4534 tina
2350 4519 2367 4545 ,
2398 4493 2587 4534 annon
2609 4479 2817 4534 turbata
2862 4478 3059 4536 fuisset
3077 4521 3095 4549 ,
3121 4495 3309 4536 annon
3329 4482 3601 4553 quidpiam
3627 4496 3817 4540 eorum
3852 4478 3859 4533 ἓ

2216 4587 2381 4645 passu
2402 4582 2588 4639 esset,
2621 4574 2801 4645 qualia
2827 4583 2885 4630 et
2905 4575 3185 4631 mulierem
3217 4585 3274 4633 et
3312 4586 3547 4633 matrem
3569 4578 3689 4647 pati
3725 4590 3821 4647 par

2214 4664 2373 4720 erat?
2401 4663 2588 4735 Cogita
2623 4665 2754 4720 mihi
2798 4673 3056 4737 quantum
3093 4665 3424 4723 admiremur
3459 4669 3821 4740 patriareham

2216 4756 2497 4814 ﬁbra-ham
2519 4798 2537 4825 ,
2567 4758 2661 4830 qui
2693 4757 2871 4814 tilium
2910 4770 3067 4815 suum
3094 4801 3110 4827 ,
3156 4768 3221 4815 uti
3257 4760 3512 4827 oR‘erret,
3550 4762 3725 4817 vinxit
3762 4771 3821 4818 et

2215 4849 2375 4905 altari
2422 4850 2677 4920 imposuit
2722 4867 2737 4905 :
2784 4860 2849 4907 et'
2884 4857 3013 4907 tum:
3060 4851 3229 4922 probe
3272 4853 3579 4924 comperies
3617 4861 3821 4925 quanta

2217 4941 2388 5000 fuerit
2414 4945 2657 5001 mulieris
2688 4943 2968 5001 fortitudo;
3011 4945 3061 5000 Θ
3093 4944 3503 5003 acerbissimum
3527 4987 3545 5016 ,
3571 4947 3823 5019 idemque

2216 5039 2601 5096 suavissimum
2626 5041 3035 5113 spectaculum!
3062 5042 3467 5099 acerbissimum
3495 5044 3710 5115 quidem
3753 5043 3822 5099 ob

2216 5147 2442 5204 rerum,
2495 5148 2614 5205 qure
2677 5137 3011 5208 agebantur,
3078 5146 3377 5204 naturam;
3439 5138 3819 5194 suavissimum

2215 5242 2348 5285 vero
2383 5228 2454 5285 ob
2486 5228 2736 5286 att‘eetum
2777 5228 3031 5287 videntis.
3077 5230 3197 5287 Non
3239 5231 3389 5287 enim
3427 5232 3521 5288 illa
3564 5232 3818 5289 ﬂuentem

2217 5324 2532 5396 sanguinem
2561 5326 2923 5396 respiciebat,
2954 5326 3049 5383 sed
3082 5334 3315 5383 coronas
3349 5327 3571 5398 justitize
3594 5336 3817 5383 center.

2219 5419 2342 5480 tas;
2369 5427 2476 5468 non
2504 5413 2811 5470 intuebatur
2838 5413 3093 5471 confossa
3115 5414 3324 5481 latera,
3370 5413 3466 5470 sed
3507 5423 3704 5469 aeterna
3737 5422 3818 5465 ta-

2219 5503 2507 5561 bemaeula
2555 5514 2903 5573 constructa;
2964 5518 3073 5562 non
3135 5504 3353 5561 videbat
3410 5505 3819 5560 circumstantes

2284 5665 2357 5730 (a)
2389 5675 2503 5727 Quae
2518 5668 2709 5730 uncinis
2728 5666 3035 5721 clauduntur.
3058 5666 3108 5730 in
3131 5664 3269 5717 nullo
3289 5672 3472 5730 Graeco,
3496 5662 3627 5727 quod
3649 5660 3812 5730 videte

2218 5724 2373 5841 Licuit,
2400 5724 2671 5843 eivemplliari
2696 5731 2957 5791 habentur,
2981 5728 3073 5782 sed
3116 5740 3182 5781 ex
3217 5727 3381 5805 veteri
3414 5724 3815 5791 interpretation

2256 5804 2426 5856 esump
2451 5806 2478 5843 a
2502 5806 2559 5843 su
2618 5827 2634 5844 .
