4104 6438
369 464 473 526 619

369 584 583 653 γῶντας
605 581 744 656 πρὶς
776 582 845 638 τά
869 584 1226 658 παλαίσματα
1248 588 1480 659 ἢγαγεν,
1517 588 1651 643 ἀλλά
1686 592 1953 662 μειράκια

369 663 590 735 κομιδῇ,
610 666 708 743 καὶ
733 670 852 735 μετ’
871 667 1095 720 ἐκείνων
1110 667 1363 741 γέροντα,
1384 668 1475 722 τὸν
1500 669 1842 743 Ἐλεάζαρον,
1856 673 1951 726 καὶ

370 743 503 814 πρὸς
526 742 738 807 τούτοις
776 747 1006 812 γυναῖκα
1047 749 1444 817 γεγηρακυίαν,
1477 748 1578 817 τὴν
1605 742 1817 819 μητέρα
1842 749 1952 803 τῶν

367 823 694 893 μειρακίων.
728 823 794 876 Τί
825 841 955 877 ποτε
1006 824 1168 878 τοῦτο
1205 825 1314 895 ἄρα
1360 826 1495 890 ἐστὶ,
1530 827 1814 895 Δέσποτα;
1852 828 1951 899 τὴν

315 941 318 945 .
362 900 637 971 ἄχρηστον
663 901 878 972 ἡλικίαν
908 903 1043 974 πρὸς
1066 903 1135 957 τά
1178 904 1537 974 ἀγωνίσματα
1566 908 1646 970 είς
1666 906 1734 963 τὰ
1769 908 1953 977 σκάμ-

368 995 519 1048 ματα
545 980 726 1048 άγεις;
755 980 838 1044 τίς
874 981 1072 1052 ἤκουσε
1103 986 1337 1051 γυναῖκα
1385 984 1792 1056 ἀγωνιζομένην
1818 984 1950 1039 ποτὲ

364 1057 426 1108 ἐν
448 1059 515 1125 γή
527 1073 593 1127 pg
615 1056 890 1128 τοσούτῳ;
917 1059 1103 1122 Οὐδεὶς
1129 1060 1382 1131 ἤκουσεν·
1417 1060 1531 1115 ἀλλ’
1549 1060 1660 1132 ἐγὼ
1682 1064 1742 1115 τὸ
1769 1063 1950 1134 παρά-

363 1134 518 1202 δοξον
551 1135 729 1200 τοῦτο,
788 1140 942 1207 φησὶ,
980 1139 1073 1195 καὶ
1109 1139 1293 1193 καινὸν
1333 1142 1428 1197 καὶ
1478 1140 1602 1195 οὔτε
1647 1143 1785 1214 ἀκοῇ
1820 1159 1951 1196 ποτε

365 1215 709 1286 παραδεχθὲν
742 1216 831 1270 διὰ
861 1217 969 1270 τῶν
1018 1219 1196 1291 ἔργων
1245 1220 1427 1273 αὐτῶν
1473 1223 1841 1292 πιστώσομαι.
1873 1223 1948 1277 Οὐ

363 1292 478 1364 γὰρ
499 1294 739 1358 τοιοῦτος
769 1295 1113 1368 ἀγωνοθέτης
1140 1298 1270 1366 ἐγὼ,
1289 1299 1365 1362 ὡς
1384 1302 1450 1370 τῇ
1480 1300 1590 1352 τῶν
1618 1300 1949 1372 ἀγωνιζομέ-

364 1387 474 1423 νων
506 1371 735 1442 δυνάμει
762 1373 824 1426 τὸ
854 1376 963 1427 πᾶν
1009 1377 1347 1449 ἐπιτρέπειν·
1393 1379 1530 1431 ἀλλά
1581 1371 1946 1450 παρίσταμαι,

366 1449 465 1529 καὶ
491 1450 691 1521 βοηθῶ,
720 1454 814 1506 καί¹
852 1457 1011 1525 χεῖρα
1037 1456 1215 1525 ὀρέγω
1240 1459 1350 1521 τοῖς
1377 1459 1529 1527 ἐμοῖς
1561 1449 1840 1529 ἀθληταῖς,
1857 1461 1952 1511 καὶ

358 1528 478 1583 τῶν
503 1533 952 1602 κατορθουμένων
978 1534 1039 1587 τὸ
1071 1536 1233 1589 πλέον
1261 1536 1444 1600 αὐτοῖς
1474 1538 1540 1589 ἐκ
1565 1532 1664 1608 τῆς
1688 1528 1835 1609 ίὲμῆς
1861 1538 1950 1607 γί-

358 1623 517 1661 νεται
543 1611 904 1680 προστασίας.

437 1712 608 1767 Ὅταν
636 1710 728 1766 οὖν
752 1713 869 1786 ῖδῃς
901 1714 1137 1782 γυναῖκα
1170 1714 1496 1787 ὑπότρομον,
1540 1721 1947 1789 γεγηρακυῖαν,

352 1790 672 1862 ζβακτηρίας
692 1791 974 1863 δεομένην,
1002 1794 1082 1856 εἰς
1108 1793 1295 1861 ἀγῶνα
1327 1793 1624 1861 εἰσιοῦσαν,
1665 1798 1759 1851 καὶ
1782 1816 1952 1853 κατα-

348 1870 598 1924 λύουσαν
618 1870 882 1942 τυράννου
920 1872 1141 1941 μανίαν,
1184 1875 1612 1945 περιγινομένην
1640 1877 1950 1947 ἀσωμάτων

352 1946 537 2027 ,[ϐἓιη
564 1949 881 2020 δυνάμεων,
933 1948 1240 2027 κρατοῦσαν
1285 1952 1381 2006 τοῦ
1429 1953 1675 2007 διαϐόλου
1721 1946 1946 2027 ῥαδίως,

366 2026 779 2094 συγκόπτουσαν
817 2026 983 2080 αὐτοῦ
1015 2026 1115 2097 τὴν
1148 2026 1262 2092 ἕξιν
1304 2041 1331 2069 ι
1388 2031 1505 2100 μετ’
1537 2031 1788 2096 ἐξουσίας
1820 2035 1949 2087 πολ-

355 2103 490 2183 λῆς,
521 2103 803 2183 θαύμασον
832 2105 923 2159 τοῦ
953 2106 1293 2174 ἀγωνοθέτου
1312 2107 1411 2179 τὴν
1438 2109 1618 2180 χάριν,
1642 2110 1950 2183 ἐκπλάγηθι

354 2182 463 2263 τοῦ
490 2182 726 2254 Χριστοῦ
779 2185 878 2256 τὴν
925 2183 1174 2256 δύναμιν.
1224 2186 1300 2240 Οὐ
1352 2189 1625 2260 σφριγῶσι
1677 2192 1819 2245 κατὰ
1852 2182 1949 2263 τὴν

358 2262 551 2333 σάρκα
580 2264 631 2317 oi
663 2262 914 2334 ἀθληταὶ,
963 2265 1099 2318 ἀλλά
1147 2266 1419 2337 σφριγῶσι
1453 2269 1595 2323 κατὰ
1624 2269 1723 2339 τὴν
1745 2262 1946 2324 πίστιν·

363 2339 600 2411 ἀσθενὴς
644 2342 826 2395 αὐτῶν
866 2343 899 2414 ἡ
943 2342 1124 2411 φύσις,
1162 2344 1301 2398 άλλά
1353 2345 1554 2418 δυνατὴ
1593 2348 1627 2417 ἡ
1683 2349 1951 2419 ἀλείψασα

360 2419 566 2483 αὐτοὺς
584 2419 766 2500 χάρις·
788 2422 1156 2500 παραλέλυται
1186 2424 1254 2477 τὰ
1280 2423 1508 2495 σώματα
1531 2426 1610 2497 τῷ
1630 2429 1794 2500 γήρᾳ,
1814 2429 1950 2483 ἀλλά

366 2498 804 2568 συγκεκρότηται
827 2498 895 2553 τά
913 2503 1080 2570 φρονὴ
1092 2518 1238 2569 ματα
1257 2500 1335 2572 τῷ
1355 2502 1503 2574 πόθῳ
1523 2505 1623 2574 τῆς
1640 2498 1946 2570 εὐσεϐείας.

356 2579 484 2633 Οὐκ
516 2578 664 2637 ἐστιν
699 2581 958 2653 αἰσθητὸς
989 2585 1018 2636 ὁ
1048 2582 1216 2651 ἀγών·
1257 2583 1332 2655 μὴ
1358 2585 1536 2639 τοίνυν
1554 2584 1754 2652 ἔξωθεν
1776 2606 1950 2644 κατα-

368 2656 551 2740 μάθῃς
571 2659 698 2723 τοὺς
730 2659 989 2730 ἀθλητὰς,
1020 2661 1136 2715 ἀλλ’
1179 2662 1387 2716 εἴσελθε
1425 2662 1503 2734 τῷ
1534 2664 1780 2738 λογισμῷ
1815 2669 1952 2740 πρὸς

364 2739 467 2809 τὴν
492 2739 593 2811 τῆς
620 2740 798 2812 ψυχῆς
822 2742 1001 2796 αὐτῶν
1020 2743 1255 2809 εὐεξίαν·
1287 2746 1575 2816 κατάμαθε
1593 2750 1693 2818 τῆς
1713 2739 1952 2814 πίστεως

364 2820 547 2874 αὐτῶν
579 2821 675 2894 τὴν
704 2825 880 2894 ίσχὺν,
899 2824 987 2878 ἵνα
1017 2824 1195 2897 μάθῃς
1217 2827 1299 2880 ὅτι
1318 2831 1347 2881 ό
1373 2828 1590 2899 δαίμοσι
1614 2832 1900 2886 πυκτεύων
1921 2834 1950 2873 δ

364 2903 428 2957 οὐ
470 2903 721 2975 σώματος
756 2908 985 2978 ίσχυρᾶς
1014 2909 1185 2961 δεῖται
1234 2912 1549 2982 περιϐολῆς,
1576 2914 1699 2967 οὐδὲ
1734 2915 1953 2985 ἡλικίας

364 2986 744 3060 ἀκμαζούσης,
773 2990 911 3046 ἀλλά
950 2991 1054 3045 κᾶν
1081 2992 1280 3065 κομιδῇ
1312 2996 1430 3058 νέος
1459 2992 1515 3068 ᾗ,
1553 2997 1657 3051 κᾶν
1689 3001 1768 3062 είς
1793 2999 1954 3069 ἕσχαυ

367 3084 461 3123 τον
504 3069 685 3141 γῆρας
736 3072 1053 3143 ἐληλακὼς,
1090 3075 1268 3146 ψυχὴν
1319 3076 1377 3131 δὲ
1424 3077 1524 3150 ἔχῃ
1558 3081 1812 3147 γενναίαν
1858 3084 1953 3136 καὶ

364 3153 708 3224 ἐρρωμένην,
739 3156 890 3211 οὐδὲν
911 3157 1019 3211 ἀπὸ
1042 3159 1145 3230 τῆς
1173 3161 1388 3231 ἡλικίας
1409 3165 1489 3226 είς
1509 3163 1577 3219 τὰ
1595 3166 1953 3236 ἀγωνίσματα

364 3236 839 3311 παραὸλάπτεται.

440 3338 507 3410 βε.
527 3340 638 3405 Καὶ
675 3341 729 3394 τί
766 3341 907 3411 λέγω
934 3343 1164 3415 γέροντα
1191 3346 1286 3399 καὶ
1309 3345 1448 3413 νέον,
1471 3348 1605 3402 ὅπου
1638 3365 1703 3419 γε
1731 3351 1824 3404 καὶ
1850 3367 1920 3419 γυ
1937 3380 1952 3391 -

364 3426 554 3488 ναῖκες
586 3425 723 3495 πρὸς
746 3427 921 3480 ταῦτα
950 3428 1289 3483 ἀπεδύσαντο
1329 3430 1399 3484 τά
1442 3432 1821 3501 παλαίσματα,
1857 3437 1953 3487 καὶ

363 3507 655 3580 λαμπροὺς
698 3511 1030 3582 ἀνεδήσαντο
1078 3515 1206 3577 τοὺς
1251 3515 1579 3584 στεφάνους;
1614 3519 1677 3571 OE
1711 3517 1810 3588 μὲν
1844 3519 1953 3590 γὰρ

364 3590 569 3657 ἔξωθεν
618 3592 833 3661 ἀγῶνες
879 3596 975 3649 καὶ
1022 3596 1260 3667 ἡλικίαν,
1297 3600 1393 3651 καὶ
1431 3598 1613 3668 φύσιν,
1650 3601 1743 3654 καὶ
1795 3599 1954 3665 ἀξίαν

367 3675 737 3743 ἐξετάζοντες,
780 3678 877 3730 καὶ
919 3678 1147 3746 δούλοις,
1192 3684 1289 3736 καὶ
1316 3682 1553 3751 γυναιξὶ,
1587 3685 1682 3738 καί⁹
1714 3686 1954 3755 πρεσϐυ-

363 3757 568 3826 τέροις,
604 3757 697 3810 καὶ
720 3759 1030 3828 μειρακίοις
1060 3760 1159 3831 τὴν
1203 3762 1341 3833 πρὸς
1366 3761 1565 3826 αὐτοὺς
1589 3762 1793 3819 εἴσοδον
1820 3765 1955 3819 ἀπο-ι-

367 3833 661 3897 κλείουσιν,
687 3835 918 3891 ἐνταῦθα
946 3837 1003 3891 δὲ
1046 3839 1199 3914 πάσῃ
1245 3842 1342 3910 μὲν
1381 3840 1539 3912 ἀξία,
1568 3844 1721 3916 πάσῃ
1754 3844 1811 3899 δὲ
1840 3844 1955 3916 ἡλι-

367 3917 486 4000 κίᾳ,
517 3918 754 3988 ἑκατέρᾳ
803 3919 860 3972 δὲ
903 3922 970 3991 τῇ
1011 3920 1171 3990 φύσει
1213 3923 1275 3975 τὸ
1317 3922 1545 3995 θέατρον
1595 3928 1734 3996 μετά
1772 3929 1954 4000 πάσης

369 3999 557 4063 ἀδείας
613 4001 884 4071 ἡνέῳκται
905 4042 920 4068 ,
973 4002 1062 4059 ἵνα
1105 4006 1201 4058 καὶ
1239 4004 1339 4077 τὴν
1397 4007 1661 4076 ἀφθονίαν
1709 4010 1804 4063 καὶ
1856 4010 1954 4081 τὴν

368 4081 576 4152 ἄφατον
606 4082 836 4154 δύναμιν
859 4084 954 4139 τοῦ
987 4086 1078 4141 τὸν
1124 4086 1313 4155 ἀγῶνα
1338 4089 1582 4153 τιθέντος
1601 4091 1952 4166 καταμάθῃς,

366 4167 463 4220 καὶ
492 4167 554 4219 τὸ
574 4166 932 4225 ἀποστολικδν
965 4170 1145 4225 ἐκεῖνο
1166 4171 1256 4226 διά
1282 4171 1392 4226 τῶν
1425 4172 1604 4244 ἔργων
1630 4175 1956 4248 βεϐαιούμε-

367 4267 461 4309 νον
482 4249 620 4321 ἴδῃς,
649 4250 783 4306 Ὀτι
836 4253 876 4321 ἡ
909 4253 1164 4323 δύναμις
1203 4255 1392 4310 αὑτοῦ
1424 4255 1495 4309 ἐν
1544 4257 1831 4326 ἀσθενείᾳ
1860 4277 1956 4315 τε-

365 4333 657 4390 λειοῦται.
693 4335 863 4390 Ὅταν
904 4337 1012 4409 γάρ
1051 4338 1242 4393 παιδία
1288 4340 1383 4394 καὶ
1413 4340 1669 4412 γέροντες
1712 4342 1781 4397 τὰ
1812 4345 1955 4418 ὑπὲρ

365 4419 468 4490 τὴν
506 4418 669 4488 φύσιν
701 4420 955 4491 ίσχύωσι,
998 4421 1089 4476 διὰ
1119 4422 1337 4477 πάντων
1380 4424 1650 4497 λαμπρῶς
1693 4428 1728 4497 ἡ
1758 4427 1853 4482 τοῦ
1887 4429 1955 4484 δι’

368 4499 552 4557 αὐτῶν
576 4501 929 4573 ἐνεργοῦντος
955 4503 1090 4557 Θεοῦ
1122 4504 1463 4575 διαφαίνεται
1490 4509 1670 4580 χάρις.

440 4604 552 4659 Καὶ
583 4604 670 4657 ἵνα
711 4605 890 4679 μάθῃς
916 4608 999 4661 ὄτι
1033 4610 1067 4679 ἡ
1091 4608 1351 4664 ἀσθένεια
1373 4611 1483 4664 τῶν
1518 4611 1790 4684 ἀθλητῶν,
1812 4610 1955 4685 αὕτη

364 4688 402 4756 ἡ
424 4687 647 4754 ἔξωθεν,
701 4687 1119 4762 λαμπροτέρους
1152 4695 1296 4746 ποιεῖ
1322 4694 1579 4762 γενέσθαι
1604 4697 1735 4758 τοὺς
1756 4713 1956 4765 στεφα-

367 4774 543 4835 νίτας,
559 4771 692 4842 φέρε
717 4770 905 4844 δὴ,τὺν
928 4774 1160 4845 γέροντα
1184 4776 1280 4829 καὶ
1299 4776 1367 4829 τά
1390 4778 1578 4832 παιδία
1600 4779 1830 4849 ἀφέντες
1853 4780 1955 4851 τὴν

366 4851 766 4926 ἀσθενεστέραν
795 4855 975 4910 αὐτῶν
1033 4860 1446 4931 παραγάγωμεν
1501 4862 1582 4925 είς
1632 4862 1818 4933 μέσον,
1855 4861 1954 4934 τὴν

368 4939 626 5005 γυναῖκα,
652 4938 751 5007 τὴν
774 4943 1169 5011 γεγηρακυῖαν,
1187 4943 1287 5009 τὴν
1311 4942 1452 4996 ἑπτὰ
1479 4943 1687 4998 παίδων
1718 4946 1950 5017 μητέρα·

369 5020 469 5073 καὶ
494 5019 603 5092 γάρ
635 5023 692 5074 αί
721 5022 910 5087 ὠδῖνες
946 5025 1006 5077 οὐ
1035 5025 1231 5095 μικρὸν
1256 5024 1486 5097 κώλυμα
1513 5027 1622 5080 τῶν
1644 5028 1956 5099 παλαισμά-

369 5119 482 5156 των
514 5103 719 5158 τούτων
747 5106 874 5162 εἰσί.
925 5106 991 5161 Τί
1017 5103 1113 5162 οὖν
1150 5109 1325 5180 αὐτῆς
1360 5110 1628 5183 πρότερον
1673 5111 1954 5183 θαυμάσαι

369 5185 557 5255 ἄξιον;
603 5189 665 5242 τὸ
714 5190 816 5261 τῆς
866 5189 1085 5260 φύσεως
1131 5193 1386 5257 ἀσθενὲς,
1434 5194 1564 5266 ἡτὺ
1602 5195 1704 5265 τῆς
1738 5196 1955 5267 ἡλικίας

370 5267 607 5341 ὥριμον,
641 5270 675 5341 ἢ
706 5282 729 5311 α
761 5273 823 5329 τὸ
861 5274 961 5344 τῆς
998 5275 1342 5347 συμπαθείας
1367 5277 1804 5349 εὐεπηρέαστον;
1838 5281 1953 5333 Με-

371 5351 516 5421 γάλα
547 5353 646 5423 μὲν
663 5351 773 5426 γὰρ
798 5355 1082 5413 καὶταῦτα
1099 5358 1400 5429 κωλύματα
1418 5361 1553 5433 πρὸς
1576 5361 1668 5414 τὸν
1686 5361 1954 5434 τοσαύτης

376 5436 672 5508 καρτερίας
702 5437 957 5508 δεόμενον
981 5441 1199 5513 δρόμον.
1239 5441 1384 5512 Ἐγὼ
1413 5444 1470 5498 δὲ
1507 5446 1602 5498 καὶ
1636 5446 1823 5517 ἕτερον
1847 5446 1954 5517 ἔχω

370 5518 580 5593 τούτων
619 5520 802 5590 μεῖξον
834 5523 1010 5584 είπεῐν
1026 5564 1043 5591 ,
1091 5524 1160 5578 δι’
1199 5519 1262 5581 οῦ
1301 5526 1393 5581 καὶ
1424 5525 1525 5597 τὴν
1573 5526 1819 5600 ἀνδρείαν
1853 5530 1954 5600 τῆς

440 5792 469 5859 _‘
496 5791 589 5859 ,δίε
612 5804 741 5859 mins
759 5793 946 5859 Regius
967 5800 1130 5856 recte;
1154 5798 1239 5846 alii
1261 5797 1346 5855 τήν
1367 5797 1491 5859 ὄψιν.

437 5850 471 5919 ξ
496 5854 633 5919 [inus
806 5850 1063 5919 όῘδαίμωσι
1084 5850 1316 5911 παλαίωνξ

441 5915 467 5945 ⁸
494 5915 630 5964 Idem
651 5914 758 5975 Rei
795 5918 879 5976 τῆς
896 5914 1083 5975 ἡλικίας
1106 5920 1281 5982 ἄωρον,
1308 5920 1369 5978 ἡ,

1678 475 1765 530 DE
1799 476 2245 538 MACCABASIS.
2285 483 2325 539 1.

3536 496 3642 552 620

2060 598 2322 663 γυναικὸς
2347 599 2441 657 καὶ
2473 598 2570 671 τὴν
2613 598 2708 653 τοῦ
2758 601 3004 655 διαϐόλου
3036 604 3370 676 κακουργίαν
3422 607 3644 665 ἃπασαν
3693 619 3707 640 ”

2061 688 2430 759 κατοψόμεθα.
2464 691 2530 742 Τί
2560 691 2619 746 δὲ
2642 691 2801 746 τοῦτό
2830 694 2978 760 ἐστι;
3004 694 3202 751 Σκόπει
3229 697 3427 767 μιαροῦ
3453 699 3645 772 δαίμοο

2061 792 2149 839 νος
2174 778 2456 849 πονηρίαν·
2477 782 2538 834 ού
2564 785 2788 853 πρώτην
2817 782 2987 853 αὐτὴν
3013 784 3263 843 εἵλκυσεν
3278 788 3356 850 είς
3378 787 3447 842 τά
3464 791 3645 863 σκάμ-

2062 879 2233 932 ματα,
2270 865 2406 929 ά).λά
2440 867 2579 936 μετὰ
2627 870 2755 932 τοὺς
2788 870 2985 933 παῖδας
3031 871 3206 941 ἤγαγε
3241 873 3379 945 πρὸς
3414 875 3483 929 τὰ
3531 894 3642 932 πα-

2061 951 2355 1022 λαίσματα.
2410 954 2476 1009 Τί
2523 955 2759 1025 δὴποτε;
2797 958 2914 1011 Ἵνα
2959 960 3079 1022 ταῖς
3108 959 3216 1013 τῶν
3263 960 3401 1015 ἑπτὰ
3432 964 3642 1021 παίδων

2064 1037 2317 1107 βασάνοις
2349 1042 2783 1113 προκαταδαλὼν
2827 1045 3000 1115 αὐτῆς
3045 1046 3108 1099 τὸ
3139 1047 3417 1119 φρόνημα,
3458 1051 3553 1103 καὶ
3576 1052 3641 1105 τδ

2062 1127 2290 1198 στερρὸν
2323 1129 2423 1200 τῆς
2444 1123 2689 1194 ’διανοίας
2732 1131 2996 1201 μαλάξας,
3027 1133 3117 1186 διά
3146 1134 3246 1204 τῆς
3278 1134 3388 1188 τῶν
3414 1136 3641 1209 γινομέ-

2060 1231 2166 1267 νων
2200 1214 2329 1278 θέας
2352 1217 2861 1289 προδαπανηθείσης
2890 1219 3026 1292 αὐτῇ
3060 1221 3160 1291 τῆς
3199 1222 3382 1291 ίσχύος
3428 1226 3486 1277 ἐν
3520 1226 3643 1289 ταῖς

2059 1302 2168 1355 τῶν
2191 1302 2428 1370 ἐγγόνων
2452 1304 2757 1370 κολάσεσιν,
2776 1305 3139 1379 ἀσθενεστέρα
3166 1307 3351 1363 λοιπὸν
3373 1311 3643 1385 γενομένῃ

2063 1389 2262 1460 ῥᾳδίως
2295 1391 2571 1460 ἐπιθῆται.
2604 1391 2697 1463 Μὴ
2730 1393 2837 1463 γάρ
2866 1393 2930 1465 δὴ
2958 1395 3117 1447 τοῦτο
3149 1395 3284 1468 ἴδῃς,
3327 1397 3408 1450 ὅτι
3442 1400 3641 1452 ἐκεῖνοι

2059 1478 2160 1540 τάς
2182 1478 2447 1547 βασάνους
2472 1480 2735 1549 ἐδέχοντο,
2772 1480 2886 1534 ἀλλ’
2920 1484 3097 1535 ἐκεῖνο
3129 1484 3340 1561 σκόπει,
3372 1486 3454 1539 ὅτι
3499 1487 3641 1557 αὑτὴ

2060 1566 2181 1620 καθ’
2198 1567 2424 1622 ἕκαστον
2448 1569 2626 1623 αὐτῶν
2642 1569 3031 1641 χαλεπωτέρας
3053 1572 3292 1642 ὑπέμενε
3306 1573 3406 1637 τὰς
3425 1574 3639 1639 ὀδύνας,

2060 1653 2155 1707 καὶ
2190 1655 2313 1708 καθ’
2339 1655 2566 1711 ἕκαστον
2600 1656 2781 1711 αὐτῶν
2823 1658 3220 1727 ἀπεσφάττετο.
3256 1657 3410 1730 [625]
3445 1661 3557 1714 Καὶ
3579 1662 3643 1715 τὸ

2059 1741 2349 1813 λεγόμενον
2387 1743 2547 1797 τοῦτο
2604 1744 2751 1798 ἴσασι
2789 1745 2993 1810 καλῶς,
3032 1747 3157 1799 ὅσαι
3201 1749 3397 1818 πεῖραν
3436 1748 3644 1802 ὠδίνων

2058 1830 2250 1885 ἔλαϐον
2290 1835 2569 1899 γυναῖκες,
2623 1834 2720 1887 καὶ
2767 1834 3001 1905 μητέρες
3054 1835 3325 1902 ἐγένοντο.
3372 1834 3642 1899 Πολλάκις

2058 1917 2189 1987 γοῦν
2205 1918 2388 1988 ὁρῶσα
2410 1920 2593 1991 μήτηρ
2613 1921 2824 1974 παιδίον
2846 1919 3068 1993 πυρετῷ
3085 1921 3444 1991 φλεγόμενον,
3464 1922 3646 1974 πάντα

2060 2004 2128 2059 ἂν
2169 2005 2344 2058 ἐλοιτο
2387 2005 2613 2065 παθεῖν.
2660 2006 2801 2061 ὥστε
2841 2008 2950 2061 ἀπὸ
2993 2007 3088 2061 τοῦ
3141 2006 3392 2079 σώματος
3432 2007 3640 2062 ἐκείνου

2059 2094 2195 2165 πρὸς
2215 2094 2412 2166 ἐαυτὴν
2437 2097 2767 2165 μεταγαγεῖν
2793 2094 2854 2147 τὸ
2883 2093 2995 2166 πῦρ
3030 2094 3125 2148 τοῦ
3157 2095 3480 2167 νοσήματος·
3499 2094 3646 2149 οὓτω

2057 2183 2167 2236 τῶν
2188 2183 2402 2236 οἰκείων
2426 2181 2611 2235 κακῶν
2634 2182 2733 2246 τὰς
2761 2182 2869 2235 τῶν
2899 2183 3103 2239 παίδων
3127 2182 3415 2255 συμφορὰς
3438 2183 3643 2255 ἀφορη-

2058 2268 2281 2339 τοτέρας
2332 2270 2388 2322 αί
2425 2268 2657 2339 μητέρες
2701 2264 2837 2325 εἶναι
2900 2269 3228 2341 νομίζουσιν.
3274 2270 3339 2323 Εί
3390 2269 3449 2323 δὲ
3485 2268 3646 2324 τοῦτο

2060 2357 2278 2430 ἀληθὲς,
2301 2356 2488 2428 ὥσπερ
2512 2353 2604 2411 οὖν
2626 2356 2844 2427 ἀληθὲς,
2862 2357 3241 2428 χαλεπώτερον
3278 2356 3388 2410 τῶν
3411 2357 3642 2410 παιδίων

2059 2444 2119 2498 ἐν
2159 2446 2278 2508 ταῖς
2316 2442 2423 2497 τῶν
2456 2443 2683 2499 παιδίων
2733 2444 2990 2514 βασάνοις
3028 2443 3320 2508 ἐκολάζετο
3360 2445 3395 2514 ἡ
3434 2444 3641 2515 μήτηρ,

2059 2534 2154 2589 καὶ
2173 2532 2356 2603 μεῖξον
2377 2532 2437 2585 τὸ
2457 2532 2756 2604 μαρτύριον
2781 2537 2838 2586 ἐν
2859 2535 2927 2604 τῇ
2955 2531 3173 2605 μητρὶὴ
3195 2534 3254 2585 ὲν
3271 2533 3384 2596 τοῖς
3407 2531 3642 2595 παιδίοις

2059 2622 2288 2689 ἐγίνετο.
2322 2622 2385 2674 Εἰ
2416 2622 2524 2696 γὰρ
2557 2623 2676 2684 ἐνὸς
2710 2622 2924 2674 παιδίου
2952 2622 3105 2684 νόσος
3138 2620 3446 2691 άκουομένη
3479 2619 3642 2691 μόνον

2058 2708 2403 2781 διαταράττει
2451 2710 2521 2762 τά
2566 2709 2850 2780 σπλάγχνα
2896 2710 2996 2778 τῆς
3041 2707 3339 2779 τεκούσης,
3379 2708 3478 2778 οὐχ
3522 2706 3642 2770 ἐνὸς

2062 2798 2294 2861 παιδίου,
2327 2796 2463 2849 ἀλλὰ
2494 2797 2746 2851 τοσούτου
2786 2797 2949 2869 χοροῦ
2986 2798 3193 2853 παίδων
3223 2797 3640 2868 ἀναιρουμένου,

2060 2886 2160 2940 οὐκ
2188 2887 2322 2955 ἀκοῇ
2347 2884 2612 2955 δεχομένη
2661 2885 2730 2938 τὰ
2760 2884 3098 2956 παθήματα,
3140 2882 3256 2937 ἀλλ’
3298 2883 3420 2954 ὕψει
3460 2900 3643 2954 παρα-

2059 2974 2408 3044 λαμϐάνουσα
2435 2975 2504 3029 τά
2532 2974 2812 3044 γινόμενα,
2844 2974 2898 3027 τί
2926 2974 3028 3027 οὐκ
3063 2973 3129 3028 ἂν
3166 2971 3370 3037 ἕπαθε;
3404 2970 3522 3035 πῶς
3542 2972 3643 3028 οὐκ

2063 3065 2253 3134 ἐξέστη
2283 3067 2348 3135 τῇ
2382 3064 2590 3135 διανοίᾳ
2617 3064 2643 3102 ἀ
2681 3064 2911 3117 ἕκαστον
2940 3063 3120 3117 αὐτῶν
3145 3061 3330 3135 ὁρῶσα
3362 3060 3642 3131 διαφόροις

2060 3155 2173 3206 τισὶ
2196 3152 2289 3205 καὶ
2321 3153 2575 3221 φρικταῖς
2603 3151 2894 3220 τιμωρίαις
2914 3149 3056 3205 κατὰ
3088 3149 3283 3220 μικρὸν
3311 3146 3644 3218 ἀναιρούμε-
3676 3160 3682 3167 ·

2060 3259 2187 3305 νον;
2221 3240 2338 3304 πῶς
2360 3242 2461 3293 οὐκ
2482 3240 2774 3310 ἀπερράγη
2818 3238 2912 3293 τοῦ
2950 3237 3200 3308 σώματος
3243 3239 3278 3309 ἡ
3310 3237 3492 3309 ψυχης
3524 3235 3645 3299 πῶς

2061 3331 2161 3382 οὐκ
2180 3329 2290 3381 άπὸ
2314 3329 2410 3398 τῆς
2444 3327 2666 3399 πρώτης
2689 3327 2863 3397 ὅψεως
2888 3326 2982 3378 ἐπὶ
3013 3325 3115 3396 τὴν
3147 3324 3328 3396 πυρὰν
3365 3323 3642 3394 ἐπεπήδη-

2062 3432 2155 3470 σεν
2176 3415 2593 3469 ἀπαλλάττουσα
2621 3414 2820 3484 ἑαυτὴν
2836 3412 2935 3483 τῆς
2949 3412 3142 3487 λοιπῆς
3161 3410 3393 3482 θεωρίας
3414 3428 3429 3478 ;
3452 3411 3516 3463 Et
3532 3408 3644 3479 γάρ

2061 3507 2156 3558 καὶ
2189 3504 2474 3574 φιλόσοφος
2496 3499 2586 3574 ἦν,
2610 3503 2744 3558 ἀλλά
2781 3502 2980 3573 μήτηρ·
3013 3502 3060 3554 εί
3091 3498 3184 3554 καὶ
3213 3498 3486 3571 θεοφιλὴς,
3504 3498 3642 3552 ἀλλὰ

2062 3594 2156 3647 καὶ
2199 3593 2382 3663 σάρκα
2421 3591 2760 3664 περιέκειτο·
2810 3591 2858 3643 εί
2906 3590 2999 3643 καὶ
3041 3588 3323 3661 πρόθυμος
3364 3583 3454 3659 ἦν,
3504 3586 3642 3641 ἀλλὰ

2062 3682 2157 3735 καὶ
2194 3680 2513 3751 γυναικείας
2546 3680 2761 3750 μετεῖχε
2793 3678 3027 3747 φύσεως·
3060 3677 3111 3729 εἰ
3137 3674 3334 3747 καὶτῷ
3368 3673 3514 3746 ζήλῳ
3540 3674 3641 3745 τῆς

2063 3769 2344 3832 εὐσεϐείας
2392 3766 2576 3831 ἔζεεν,
2622 3765 2760 3820 ἀλλά
2803 3764 2897 3818 καὶ
2945 3762 3021 3835 τῷ
3068 3763 3250 3836 δεσμῷ
3283 3762 3390 3817 τῶν
3436 3761 3642 3816 ὠδίνων

2062 3859 2364 3928 κατείχετο.
2388 3856 2451 3910 El
2474 3856 2583 3928 γὰρ
2621 3857 2781 3927 ἡμεῖς
2808 3853 2998 3924 ἄνδρες
3024 3853 3173 3917 ὄντες
3195 3851 3485 3906 κατάδικον
3514 3851 3643 3905 πολ-

2061 3945 2220 4009 λάκις
2248 3946 2482 4017 ὁρῷντες
2508 3943 2597 3997 διὰ
2622 3943 2723 4014 τῆς
2758 3942 2964 4012 ἀγορᾶς
2996 3940 3263 4011 ἀγόμενον
3285 3939 3348 3993 τὸ
3378 3939 3642 4011 σπαρτίον

2060 4034 2157 4088 ἐπὶ
2175 4032 2270 4087 τοῦ
2299 4033 2563 4103 στόματος
2598 4031 2810 4101 ἔχοντα,
2829 4029 2922 4081 ἐπὶ
2947 4028 3007 4081 τὸ
3030 4026 3303 4100 βάραθρον
3326 4027 3640 4099 ἑλκόμενον,

2063 4122 2215 4175 οὐδὲν
2247 4122 2522 4190 δικαίωμα
2552 4119 2735 4189 φιλίας
2765 4117 2902 4189 πρὸς
2941 4118 3102 4170 αὐτὸν
3139 4115 3375 4187 ἔχοντες,
3404 4115 3513 4168 ἀπὸ
3542 4115 3641 4185 τῆς

2061 4208 2190 4271 θέας
2215 4207 2380 4279 μόνης
2394 4206 2649 4260 κατακλὼ
2655 4204 2811 4276 μεθα,
2830 4204 3005 4257 καίτοι
3024 4203 3210 4275 ἱκανὴν
3230 4204 3444 4275 ἔχοντες
3461 4218 3641 4274 παρα-

2068 4296 2264 4368 μυθίαν
2293 4296 2430 4366 πρὸς
2453 4293 2514 4347 τὸ
2555 4293 2721 4365 μηδὲν
2750 4293 2989 4346 τοιοῦτον
3027 4292 3241 4357 παθεῖν,
3285 4292 3379 4345 τοῦ
3414 4291 3641 4345 καταδε-

2062 4384 2387 4455 δικασμένου
2415 4381 2511 4453 τὴν
2534 4381 2819 4453 πονηρίαν·
2837 4382 2890 4434 τί
2912 4381 3104 4435 παθεῖν
3126 4381 3332 4452 ταύτην
3354 4380 3498 4442 εἰκὸς
3518 4379 3641 4449 οὐχὶ

2064 4472 2354 4527 κατάδικον
2384 4470 2481 4524 ’ένα
2503 4469 2716 4542 ὁρῶσαν
2743 4470 3112 4540 ἀπαγόμενον,
3138 4469 3253 4526 ἀλλ’
3285 4469 3425 4521 ἑπτά
3452 4466 3639 4519 παιδία

2062 4561 2259 4633 ἀθρόον
2296 4562 2355 4617 ἐν
2407 4559 2594 4631 ἡμέρᾳ
2620 4561 2720 4629 μιᾷ
2762 4559 2883 4629 οὐχὶ
2912 4558 3159 4629 συντόμῳ
3201 4555 3458 4627 τελευτῇ,
3502 4553 3640 4609 ἀλλὰ

2063 4649 2335 4714 ποικίλαις
2355 4646 2807 4716 κατακοπτόμενα
2838 4648 3068 4715 σφαγαῖς
3092 4661 3107 4711 ;
3132 4647 3196 4697 El
3223 4644 3333 4716 γὰρ
3351 4643 3525 4715 λιθίνη
3553 4661 3638 4706 τις

2060 4734 2152 4811 ἧν,
2192 4739 2242 4790 εί
2271 4735 2381 4808 γάρ
2404 4736 2462 4801 ἐξ
2499 4734 2806 4805 ἀδάμαντος
2840 4734 2980 4804 αὐτῇ
3005 4732 3074 4786 τά
3107 4732 3397 4807 σπλάγχνα
3428 4734 3637 4805 ἐπεπή-

2062 4845 2169 4897 γει,
2189 4826 2289 4879 οὺκ
2306 4823 2376 4877 ἂν
2399 4820 2746 4893 διεταράχθη,
2764 4821 2864 4876 οὐκ
2884 4820 2950 4874 ἂν
2972 4820 3139 4874 ἔπαθέ
3168 4838 3220 4873 τι
3242 4820 3504 4885 τοιοῦτον,
3527 4816 3640 4901 οἷον

2064 4916 2159 4968 καὶ
2189 4916 2423 4982 γυναῖκα
2451 4912 2545 4965 καὶ
2574 4910 2786 4981 μητέρα
2814 4908 3006 4962 παθεῖν
3032 4908 3179 4972 εἰκὸς
3209 4904 3313 4982 ἦν;
3356 4909 3639 4979 Ἐννόησον

2065 5002 2181 5066 πῶς
2211 5000 2564 5073 θαυμάζομεν
2591 5000 2683 5054 τὸν
2729 4997 3078 5070 παητριάρχην
3120 4998 3395 5071 Ἀϐραὰμ,
3437 4999 3517 5052 ὅτι
3546 5000 3637 5052 τὸν

2063 5090 2178 5146 υίὺν
2198 5089 2364 5143 αὐτοῦ
2388 5086 2695 5157 ἀνενεγκὼν
2719 5086 3027 5140 συνεπόδισε
3049 5088 3145 5140 καὶ
3167 5087 3263 5140 ἐπὶ
3277 5088 3336 5141 τὸ
3352 5086 3629 5157 θυσιαστή.

2065 5197 2181 5252 ριον
2203 5176 2513 5241 ἀνεδίδασε,
2534 5177 2628 5229 καὶ
2651 5175 2774 5227 τότε
2795 5174 2915 5244 ὕψει
2932 5174 3113 5239 καλῶς
3141 5176 3241 5247 ὅση
3263 5176 3362 5246 τῆς
3383 5174 3634 5244 γυναικὸς

2063 5270 2096 5339 ἡ
2128 5266 2366 5338 ἀνδρεία.
2401 5264 2467 5316 Ὢ
2498 5262 2830 5334 πικροτάτης
2860 5262 2985 5327 θέας
3013 5262 3109 5317 καὶ
3137 5264 3357 5334 ἡδίστης
3396 5262 3633 5332 ἐκείνης·

2063 5353 2399 5427 πικροτάτης
2428 5352 2524 5422 μὲν
2540 5350 2626 5404 διὰ
2646 5352 2743 5422 τὴν
2770 5350 2933 5421 φύσιν
2949 5351 3055 5406 τῶν
3077 5349 3633 5422 γινομένων,ἡδίστης

2061 5442 2119 5495 δὲ
2158 5441 2246 5495 δ;ὰ
2295 5440 2395 5509 τὴν
2423 5437 2662 5492 διάθεσιν
2708 5437 2810 5507 τῆς
2859 5439 3093 5511 ὁρώσης.
3130 5439 3204 5495 Οὐ
3247 5439 3368 5507 γὰρ·
3400 5437 3550 5509 ἐώρα
3574 5437 3634 5491 τὸ

2063 5530 2368 5602 καταρρέον
2408 5524 2548 5599 αἷμα
2570 5567 2584 5592 ,
2624 5528 2737 5581 ἀλλ’
2772 5526 2921 5599 ἐώρα
2947 5528 3072 5591 τοὺς
3111 5527 3408 5595 στεφάνους
3430 5528 3529 5599 τῆς
3558 5527 3622 5580 δι-

2062 5618 2357 5690 καιοσύνης
2389 5616 2784 5688 πλεκομένους·
2834 5615 2935 5667 οὐκ
2977 5614 3173 5668 {Cum
3214 5613 3631 5685 διορυττομένας

2069 5705 2302 5777 πλευρὰς
2321 5743 2337 5771 ,
2376 5704 2489 5759 ἀλλ’
2520 5704 2745 5758 ἔϐλεπεν
2781 5701 3235 5773 οἰκοδομουμένας
3265 5702 3471 5773 σκηνὰς
3500 5706 3628 5757 αἰω-

2131 5922 2159 5964 λ
2180 5923 2317 5976 ldem
2341 5922 2464 5986 Reg.
2490 5928 2573 5980 τῆς
2594 5922 2816 5977 διανοίας.
