4104 6470
533 436 627 493 62!

522 561 667 617 νίους
689 572 703 585 ·
768 557 865 628 οὐχ
909 557 1057 628 ἐώρα
1107 559 1476 630 περιεστῶτας
1513 561 1767 632 δημίους’,
1802 563 1916 616 ἀλλ’
1950 562 2096 634 ἐώρα

523 635 855 699 κυκλοῦντας
885 634 1169 703 ἀγγέλους·
1198 635 1489 690 ἐπελάθετο
1536 638 1642 692 τῶν
1702 639 1931 705 ὠδίνων,
1968 658 2101 693 κατ-

522 714 791 786 εφρόνησε
818 712 917 781 τῆς
950 711 1163 781 φύσεως
1192 721 1237 777 δ,
1278 714 1521 785 ὑπερεῖδε
1555 716 1656 785 τῆς
1692 716 1925 787 ἡλικίας·
1971 736 2101 772 κατ-

521 795 787 865 εφρόνησε
818 792 1051 860 φύσεως,
1073 791 1394 863 πράγματος
1426 795 1770 865 τυραννικοῦ,
1799 796 2030 865 φύσεως,
2062 796 2099 869 ἢ

525 877 620 928 καὶ
643 873 751 925 τῶν
777 871 982 942 θηρίων
1012 873 1234 939 κρατεῖν
1258 871 1438 925 εἴωθε.
1462 874 1641 927 Πολλά
1661 875 1793 943 γοῦν
1828 876 1937 930 τῶν
1981 875 2101 929 δυσ-

522 951 746 1006 αλώτων
788 949 991 1019 θηρίων
1014 948 1186 1011 οὕτως
1234 950 1545 1016 ἁλίσκεται,
1585 952 1676 1006 διὰ
1721 955 1821 1025 τὴν
1871 953 2006 1025 πρὸς
2032 953 2103 1008 τὰ

524 1031 712 1083 παιδία
753 1028 1093 1098 συμπάθειαν
1121 1028 1219 1098 τῆς
1240 1028 1449 1092 οἰκείας
1469 1029 1769 1098 ἀλογοῦντα
1803 1032 2099 1102 σωτηρίας,

524 1109 620 1161 καὶ
651 1107 977 1176 ἀφυλάκτως
1024 1106 1103 1169 είς
1151 1103 1251 1170 τὰς
1296 1105 1406 1159 τῶν
1457 1106 1708 1180 θηρατῶν
1759 1108 2102 1180 ἐμπίπτοντα

525 1189 734 1256 χεῖρας·
767 1185 861 1238 καὶ
912 1183 1065 1235 οὐδέν
1105 1183 1221 1237 ἐστι
1257 1183 1395 1248 ζῶον
1445 1186 1617 1250 οὕτως
1663 1187 1918 1254 ἀσθενὲς,
1967 1188 1996 1241 ὃ
2027 1188 2102 1259 μὴ

525 1262 888 1334 ὐπερασπίζοι
918 1260 1027 1313 τῶν
1050 1263 1308 1329 ἐγγόνωνο
1337 1262 1488 1317 ούδέν
1518 1264 1690 1328 οὕτως
1721 1267 1950 1336 ἥμερον,
1971 1266 1999 1317 ὃ
2027 1267 2101 1337 μὴ

523 1343 632 1393 τῶν
672 1340 899 1393 παιδίων
926 1340 1349 1409 ἀφαιρουμένων
1381 1342 1769 1412 παροξύνηται.
1805 1344 1943 1396 Ἀλλ’
1962 1344 2099 1413 αῦτη

524 1421 619 1473 καὶ
641 1420 739 1490 τὴν
764 1419 853 1473 διὰ
878 1419 985 1473 τῶν
1013 1420 1248 1485 λογικῶν
1279 1416 1429 1489 [626]
1451 1419 1752 1489 ἀνθρώπων
1775 1422 1868 1475 καὶ
1896 1423 1994 1492 τὴν
2016 1423 2102 1475 διὰ

524 1499 634 1551 τῶν
659 1499 869 1566 ἀλόγων
900 1497 1054 1563 ζώων
1092 1499 1401 1569 τεταμένην
1434 1500 1532 1570 τῆς
1568 1499 1783 1568 φύσεως
1813 1502 2104 1571 τυραννίδα

526 1577 818 1631 κατέλυσε·
845 1579 940 1629 καί¹
991 1577 1051 1629 ού
1090 1577 1248 1645 μόνον
1281 1578 1383 1630 οὐκ
1433 1578 1740 1648 ἐπεπήδησε
1784 1582 1849 1649 τῇ
1890 1581 2100 1652 κεφαλῇ

525 1655 620 1708 τοῦ
659 1655 960 1725 τυράννου,
1003 1654 1127 1707 οὐδὲ
1169 1654 1532 1725 διεσπάραξεν
1582 1656 1747 1709 αὑτοῦ
1803 1660 1902 1729 τὴν
1944 1659 2101 1729 ὄψιν,

525 1734 708 1804 ὁρῶσα
725 1735 851 1795 τοὺς
869 1732 1140 1803 σκύμνους
1157 1732 1752 1805 διασπαρασσομένους,
1773 1736 1908 1790 ἀλλά
1923 1739 2108 1793 τοσαύ-

526 1829 629 1882 την
648 1812 964 1879 ἐπεδείξατο
981 1810 1300 1880 φιλοσοφίας
1324 1813 1648 1885 ὑπερϐολὴν,
1678 1815 1753 1878 ὼς
1780 1818 1875 1869 καὶ
1898 1834 2109 1888 προπα-

531 1889 896 1960 ρασκευάζειν
921 1891 1076 1962 αὐτῷ
1118 1891 1216 1961 τὴν
1249 1891 1616 1963 ἀπάνθρωπον
1645 1894 1850 1963 θοίνην,
1877 1896 1973 1951 καὶ
1997 1898 2105 1952 τῶν

530 1975 813 2042 προτέρων
830 1971 918 2050 ἐτι
925 1971 1324 2050 κολαζομένων,
1342 1973 1468 2036 τοὺς
1487 1972 1947 2045 ὑπολειπομένους
1970 1978 2107 2050 πρὸς

529 2051 629 2121 τὴν
658 2050 766 2102 τῶν
795 2048 975 2104 αὐτῶν
1014 2050 1209 2120 πεῖραν
1237 2047 1478 2119 ἀλείφειν
1508 2050 1719 2108 δεινῶν.

599 2141 669 2203 γ’.
689 2134 1059 2187 Ἀκουέτωσαν
1078 2134 1313 2205 μητέρες
1328 2132 1499 2189 ταῦτα
1511 2176 1523 2198 ,
1537 2134 1882 2207 ζηλούτωσαν
1899 2134 1998 2209 τὴν
2014 2140 2109 2193 ἀν·

529 2212 714 2284 δρείαν
738 2212 840 2282 τῆς
874 2211 1163 2281 γυναικὸς,
1194 2212 1293 2284 τὴν
1328 2213 1456 2285 περὶ
1485 2212 1556 2266 τά
1590 2213 1791 2284 ἔγγονα
1823 2217 2110 2286 φιλοστορ-

530 2294 656 2362 γίαν
675 2309 689 2322 ·
721 2292 861 2346 οὕτω
886 2291 1239 2363 τρεφέτωσαν
1267 2293 1337 2347 τά
1360 2293 1547 2347 παιδία
1569 2310 1583 2325 ·
1610 2295 1671 2347 ού
1702 2294 1811 2366 γὰρ
1840 2296 1901 2348 τὸ
1927 2299 2109 2350 τεκεῖν

534 2372 761 2443 μητρὸς,
801 2371 958 2425 τοῦτο
981 2371 1089 2442 γάρ
1114 2372 1215 2442 τῆς
1241 2371 1477 2441 φύσεως,
1510 2372 1646 2427 ἀλλά
1669 2372 1731 2426 τὸ
1764 2373 1961 2445 θρέψαι
2005 2392 2110 2446 μη-

530 2450 690 2520 τρὸς,
717 2448 875 2502 τοῦτο
914 2447 1022 2520 γὰρ
1052 2449 1152 2519 τῆς
1185 2449 1584 2521 προαιρέσεως·
1620 2452 1729 2504 Καὶ
1768 2453 1855 2505 ἵνα
1893 2452 2107 2524 μάθῃς,

529 2529 612 2580 ὅτι
635 2528 696 2579 ού
721 2527 782 2581 τὸ
800 2529 981 2581 τεκεῖν
1004 2528 1149 2579 ποιεῖ
1176 2526 1408 2597 μητέρα,
1430 2526 1566 2580 ἀλλά
1595 2529 1655 2582 τὸ
1677 2529 1875 2601 θρέψαι
1906 2532 2106 2598 καλῶς,

529 2607 762 2660 ἄκουσον
793 2604 886 2658 τοῦ
920 2604 1133 2657 Παύλου
1168 2605 1560 2673 στεφανοῦντος
1591 2608 1690 2678 τὴν
1724 2610 1899 2679 χήραν
1931 2611 1991 2663 ού
2022 2612 2110 2664 διὰ

530 2684 623 2737 τὸν
650 2684 829 2749 τόκον,
859 2682 996 2737 ἀλλά
1023 2682 1110 2735 διὰ
1145 2682 1243 2753 τὴν
1275 2685 1481 2754 τροφὴν
1506 2685 1614 2738 τῶν
1647 2687 1895 2740 παιδίων.
1928 2690 2110 2742 Εἰπὼν

531 2762 669 2833 γὰρ,
710 2763 874 2830 Χήρα
916 2760 1334 2829 καταλεγέσθω
1364 2762 1451 2831 μὴ
1490 2763 1745 2818 ἔλαττον
1784 2764 1937 2819 ἐτῶν
1974 2767 2113 2836 ἑξή-

532 2858 719 2896 κοντα
747 2840 1044 2910 γεγονυῖα,
1073 2840 1144 2892 ἐν
1171 2838 1366 2908 ἔργοις
1396 2841 1605 2907 καλοῖς
1630 2844 2110 2911 μαρτυρουμένη,

531 2919 594 2973 τὸ
628 2919 923 2988 κεφάλαιον
961 2918 1068 2972 τῶν
1114 2918 1334 2986 ἀγαθῶν
1372 2918 1551 2989 ἔργων
1592 2921 1898 2991 ἐπήγαγεν.
1945 2924 2010 2976 Τί
2055 2923 2111 2976 δὲ

533 2998 691 3053 τοῦτό
722 3000 906 3064 ἐστιν;
943 2999 1014 3051 El
1048 2998 1544 3066 ἐτεκνοτρόφησε,
1582 2999 1748 3069 φησίν
1767 3017 1781 3031 υ
1808 3002 1909 3055 οὐκ
1935 2999 2109 3067 εἷπεν,

534 3079 582 3130 εἰ
608 3076 1046 3147 ἐτεκνοποίησεν,
1077 3074 1213 3140 ἀλλ’,
1238 3076 1305 3128 Et
1334 3075 1871 3146 ἐτεκνοτρόφησεν.
1891 3081 2113 3152 Ἐννοή-

535 3172 721 3226 σωμεν
755 3156 935 3209 τοίνυν
968 3155 1019 3207 τί
1055 3153 1285 3224 πάσχειν
1331 3153 1479 3218 εἰκὸς
1507 3154 1606 3226 τὴν
1656 3160 1911 3226 γυναῖκα,
1953 3160 2008 3213 εί
2048 3176 2113 3229 γε

534 3238 771 3303 γυναῖκα
799 3234 880 3288 δεῖ
916 3232 1087 3305 αὐτὴν
1124 3231 1343 3300 καλεῖν,
1377 3233 1592 3305 ὁρῶσαν
1620 3233 1919 3301 δακτύλους
1953 3239 2115 3292 σπαί-

537 3328 732 3384 ροντας
784 3315 877 3367 ἐπὶ
917 3312 1027 3366 τῶν
1068 3310 1377 3382 ἀνθράκων,
1439 3313 1682 3385 κεφαλὴν
1726 3314 2112 3388 ἐξαλλομένην,

539 3393 764 3467 σιδηρᾶν
791 3395 952 3464 χεῖρα
966 3389 1401 3462 ἐπιϐαλλομένην
1423 3391 1613 3463 ἐτέρου
1639 3394 1854 3448 παιδίου
1878 3396 2113 3468 κεφαλῇ,

536 3475 634 3527 καὶ
657 3473 755 3545 τὴν
781 3472 943 3544 δοράν
968 3468 1371 3542 ἀποσύρουσαν,
1396 3470 1489 3524 καὶ
1518 3471 1610 3524 τὸν
1635 3473 1809 3528 ταῦτα
1837 3475 2115 3547 πάσχοντα

539 3554 750 3607 ἑστῶτα
772 3553 853 3605 ἔτι
875 3553 970 3606 καὶ
992 3549 1394 3620 διαλεγόμενον.
1421 3548 1545 3613 Πῶς
1572 3549 1728 3624 διῆρε
1757 3553 1968 3625 στόμα;
2000 3556 2121 3620 πῶς

540 3632 757 3702 ἐκίνησε
792 3629 1074 3699 γλῶτταν;
1128 3627 1246 3690 πῶς
1288 3627 1388 3679 οὐκ
1434 3627 1653 3705 ἀπέπτη
1696 3630 1796 3701 τῆς
1837 3634 2042 3704 σαρκὸς
2084 3636 2116 3705 ἡ

538 3711 719 3783 suum;
754 3710 912 3774 Πῶς,
948 3705 1062 3774 ἐγὼ
1101 3705 1265 3772 λέγω.
1307 3705 1420 3774 Ούχ
1469 3703 1615 3777 ἐώρα
1664 3708 1798 3778 πρὸς
1841 3703 1941 3782 τὴν
1988 3703 2114 3781 γῆν,

543 3792 677 3845 ἀλλά
718 3789 856 3860 πρὸς
899 3788 967 3841 τὰ
1009 3784 1273 3856 μέλλοντα
1316 3785 1760 3854 παρεσκευάζετο
1808 3789 2023 3843 πάντα·
2060 3790 2119 3844 ἓν

543 3870 798 3923 ἐδεδοίκει
835 3866 1028 3937 μόνον,
1068 3864 1143 3935 μὴ
1176 3862 1430 3933 φείσηται
1465 3866 1559 3916 καὶ⁵
1591 3867 1979 3940 προκαταλύσῃ
2028 3870 2119 3925 τὸν

543 3948 730 4018 ἀγῶνα
757 3949 786 3999 ὁ
811 3946 1100 4016 τύραννος,
1145 3942 1220 4014 μὴ
1246 3942 1500 4015 διασχίσῃ
1533 3942 1625 3996 τὸν
1658 3944 1818 4016 χορὸν
1845 3948 1954 4000 τῶν
1992 3966 2121 4002 παι-

543 4030 694 4088 δίων,
730 4026 804 4098 μὴ
850 4024 1074 4096 μείνωσί
1104 4038 1247 4084 τινες
1274 4022 1667 4089 ἀστεφάνωτοι.
1713 4023 1823 4076 Καὶ⁵
1851 4025 1933 4078 ὃτι
1962 4027 2120 4081 τοῦτο

543 4106 821 4173 ἐδεδοίκει,
849 4107 941 4159 τὸν
969 4104 1196 4173 ἔσχατον
1221 4104 1503 4173 μονονουχὶ
1526 4106 1646 4167 ταῖς
1674 4106 1832 4176 χερσὶ
1855 4106 2116 4175 λαϐοῦσα,

544 4188 715 4249 οὓτως
747 4189 826 4251 είς
872 4185 961 4237 τὸν
1000 4182 1203 4252 λέϐητα
1247 4181 1471 4251 ἐνῆκεν,
1507 4181 1628 4236 ἀντὶ
1674 4184 1871 4254 χειρῶν
1902 4189 1966 4255 τῇ
2012 4186 2121 4242 τῶν

545 4266 720 4335 λόγων
754 4264 891 4335 πρὸς
923 4261 1084 4316 αὑτὸν
1121 4262 1444 4332 χρησαμένη
1476 4262 1818 4333 παρακλήσει
1853 4265 1948 4318 καὶ
1981 4282 2123 4336 συμ-

548 4345 735 4416 ϐουλῇ.
776 4344 966 4414 Ἡμεῖς
999 4342 1099 4394 οὐκ
1126 4338 1397 4408 ἀκούομεν
1424 4341 1592 4412 χωρὶς
1618 4341 1910 4411 ἀλγηδόνος
1931 4345 1998 4399 τὰ
2025 4345 2123 4399 ἀλ..

543 4425 736 4496 λότρια
765 4422 913 4476 κακά
936 4464 951 4488 ,
997 4419 1222 4489 κάκείνη
1274 4418 1685 4496 ἐϐλεπερχωρὶς
1733 4421 2023 4493 ἀλγηδόνος
2054 4425 2123 4479 τὰ

544 4494 740 4557 οἰκεῖα.
787 4500 971 4554 Ταῦτα
1019 4497 1093 4568 μὴ
1139 4495 1328 4558 ἁπλῶς
1370 4494 1677 4567 ἀκούωμεν,
1730 4499 1845 4552 ἀλλ’
1894 4501 2125 4568 ἕκαστος

542 4581 651 4635 τῶν
690 4580 976 4653 ἀκροατῶν
1018 4578 1110 4630 ἐπὶ⁵
1136 4576 1244 4628 τῶν
1278 4575 1496 4627 οἰκείων
1521 4577 1954 4646 ἀναλαμϐανέτω
1994 4599 2123 4636 παι-

543 4661 670 4714 δίων
718 4660 936 4714 ἃπασαν
984 4654 1188 4725 ταύτην
1229 4655 1330 4725 τὴν
1376 4655 1686 4725 τραγῳδίαν
1717 4673 1730 4685 ·
1766 4658 2124 4715 ὑποτυπούτω

543 4740 643 4810 τὴν
668 4740 790 4808 ὄψιν
816 4740 913 4809 τὴν
936 4735 1299 4805 ποθουμένην,
1318 4733 1413 4786 καὶ
1442 4734 1510 4785 τά
1532 4735 1762 4800 φίλτατα
1786 4737 2124 4809 ὑπογράφων

547 4817 728 4886 ἐαυτῷ
750 4858 764 4881 ,
812 4820 896 4870 ἐπ’
927 4814 1108 4869 αὐτῶν
1144 4813 1610 4892 ἀναζωγραφείτω
1649 4817 1823 4870 ταῦτα
1856 4818 1924 4870 τὰ
1952 4820 2119 4892 πάθη,

546 4897 643 4950 καὶ
680 4897 799 4948 τότε
824 4896 1029 4948 εἴσεται
1063 4892 1244 4954 καλῶς
1270 4892 1379 4943 τῶν
1410 4890 1718 4969 λεγομένων
1741 4895 1840 4965 τὴν
1870 4890 2119 4966 δύναμιν·

549 4975 749 5047 μᾶλλον
775 4972 830 5027 δέ
865 4975 987 5027 οὐδὲ
1012 4973 1184 5035 οὕτως
1202 4990 1215 5005 ι
1246 4972 1315 5025 τά
1355 4972 1464 5040 γάρ
1492 4972 1590 5041 τῆς
1617 4972 1827 5041 φύσεως
1865 4976 2009 5047 πάθη
2038 4978 2125 5032 λά-

544 5074 640 5125 γος
669 5056 765 5125 μὲν
806 5052 980 5115 οὐδεὶς
1031 5051 1377 5123 παραστῆσαι
1407 5050 1717 5120 δυνήσεται,
1753 5057 1918 5125 πεῖρα
1959 5056 2015 5109 δὲ
2046 5058 2125 5111 δι-

542 5135 732 5189 δάσκει
782 5132 941 5203 μόνη.
972 5131 1241 5198 Εῦκαιρον
1274 5129 1411 5200 πρὸς
1449 5130 1663 5203 ἐκείνην
1693 5134 1866 5188 εἰπεῖν
1903 5136 1966 5188 τὸ
1992 5153 2126 5207 προ-

546 5211 774 5282 φητικὸν
809 5212 987 5262 ἐκεῖνο
1012 5209 1148 5279 μετά
1173 5210 1263 5262 τὸν
1301 5209 1563 5275 στέφανον
1593 5210 1698 5263 τῶν
1732 5212 1871 5265 ἐπτά
1897 5215 2123 5270 παίδων·

545 5292 629 5344 Σὺ
667 5292 736 5344 δὲ
780 5290 922 5343 ὡσεὶ
957 5289 1132 5343 ἐλαία
1169 5288 1553 5355 κατάκαρπος
1598 5292 1669 5343 ἐν
1715 5292 1795 5358 τῷ
1839 5294 1982 5361 οἴκῳ
2019 5298 2125 5351 τοῦ

548 5372 715 5425 Θεοῦ.
755 5371 878 5423 Ἐπὶ
912 5370 1012 5440 μὲν
1052 5366 1146 5422 οὖν
1184 5368 1296 5421 τῶν
1344 5368 1732 5439 Ὀλυμπιακῶν
1758 5373 2003 5442 ἀγώνων,
2042 5395 2125 5447 χι-

545 5448 677 5526 λίων
711 5449 973 5513 πολλάκις
1020 5447 1372 5502 εἰσελθόντων
1406 5448 1677 5517 ἀθλητῶν,
1720 5454 1800 5515 είς
1842 5453 1937 5506 ἕνα
1980 5471 2129 5526 περι-

550 5525 761 5580 ίσταται.
816 5528 976 5598 μόνον
1026 5530 1055 5581 ὁ
1108 5526 1403 5595 στέφανος’
1457 5527 1692 5582 ἐνταῦθα
1734 5531 1791 5584 δέ
1832 5532 1944 5585 ἀπὸ
1987 5525 2128 5587 ἐπτά

546 5605 795 5684 ἀθλητῶν
831 5608 970 5660 ἐπτά
1002 5609 1320 5684 στεφανίται
1357 5606 1634 5677 γεγόνασι.
1670 5608 1835 5662 Ποίαν
1861 5611 2004 5681 ἔχεις
2037 5631 2127 5684 μοι

547 5681 717 5747 δεῖξαι
748 5685 931 5755 χώραν
957 5684 1131 5748 οὔτως
1169 5683 1432 5755 εὗφορον;
1463 5686 1622 5739 ποίαν
1647 5689 1815 5757 νηδὺν
1839 5690 2011 5755 οὕτως
2036 5681 2128 5746 εὔ-

514 5792 521 5797 ι
548 5778 745 5839 ’ξοκονς
778 5764 939 5828 ποίας
977 5763 1234 5826 τοιαύτας
1278 5763 1508 5831 ὠδῖνας
1552 5765 1616 5818 Ἦ
1648 5768 1830 5839 μήτηρ
1856 5769 1964 5823 τῶν
1997 5771 2129 5825 υίῶν

552 5836 838 5916 Ζεϐεδαίου
879 5840 1194 5895 ἀποστόλων
1231 5841 1450 5905 ἐγένετο
1486 5836 1864 5916 μήτηρ,’ἀλλά
1891 5846 1986 5901 δύο
2034 5846 2131 5915 p.6-

614 5925 635 5946 ⁸
656 5913 794 5965 Idem
822 5920 944 5986 Reg.
966 5926 1052 5980 τῆς
1072 5925 1307 5983 κυήσεως.

1218 443 1274 499 S.
1318 442 1603 502 JOANNIS
1639 438 2120 503 CHRYSOSTOMI
2160 446 2481 504 ARCHIEP.
2521 440 3068 507 CONSTANTINOP'.

3680 451 3799 511 632

2204 584 2312 621 νων
2333 584 2347 599 ο
2378 566 2520 621 ἐπτά
2557 566 2615 621 δὲ
2646 568 2931 639 μάρτυρας
2960 568 3062 620 οὐκ
3086 562 3203 620 οἶδα
3233 567 3363 639 μίαν
3391 568 3799 638 ἐξενεγκοῦσαν

2202 652 2469 723 γαστέρα,
2505 652 2597 706 καὶ
2624 652 2793 723 αὐτὴν
2828 651 2989 706 πάλιν
3022 652 3414 723 προστεθεῖσαν
3442 655 3646 718 αὐτοῖς,
3683 656 3796 708 οὐκ

2202 736 2259 787 ὲν
2309 734 2598 807 προσθήκῃ
2646 737 2775 807 μιᾶς
2811 736 3088 806 μάρτυρος
3130 737 3312 806 μόνον,
3344 737 3459 790 ἀλλ’
3501 738 3559 791 ἐν
3598 736 3796 807 πολλῷ

2204 819 2489 874 πλειόνων.
2531 822 2594 876 Οί
2645 821 2746 891 μὲν
2785 819 2937 893 [627]
2968 822 3076 893 γὰρ
3108 821 3300 884 παῖδες
3329 822 3470 875 ἐπτά
3505 823 3797 894 μάρτυρες

2201 898 2344 974 ἦσαν
2381 904 2539 974 μόνον
2558 919 2571 932 ·
2605 903 2666 957 τὸ
2697 904 2755 956 δέ
2782 904 2942 975 σῶμα
2972 906 3072 975 τῆς
3105 904 3311 975 μητρὸς
3352 905 3531 959 αὐτῶν
3556 923 3798 975 προστε-

2205 986 2298 1039 θέν
2341 986 2499 1057 σῶμα
2532 986 2631 1056 μὲν
2658 982 2724 1057 ἦν
2768 987 2848 1053 ἓν,
2904 988 3196 1059 μαρτύρων
3238 988 3295 1041 δέ
3323 988 3405 1053 δὶς
3433 988 3568 1042 ἐπτά
3593 988 3796 1061 χώραν

2205 1070 2467 1140 ἐπλήρου,
2493 1071 2575 1124 ὅτι
2598 1088 2658 1123 τε
2688 1070 2811 1123 καθ’
2837 1070 3068 1125 ἕκαστον
3090 1070 3269 1124 αὐτῶν
3298 1071 3669 1143 ἐμαρτύρησε,
3694 1073 3797 1125 καὶ

2205 1155 2287 1207 ὅτι
2320 1155 2608 1219 κάκείνους
2634 1154 2910 1220 τοιούτους
2944 1156 3270 1225 εἰργάσατο,
3310 1155 3635 1227 Ἐκκλησίαν
3664 1156 3794 1209 ὁλό-

2206 1238 2407 1309 κληρον
2443 1239 2738 1309 μαρτύρων
2785 1242 2920 1309 ἡμῖν
2962 1239 3346 1309 ἀποκυήσασα.
3385 1239 3554 1292 Ἑπτά
3586 1239 3795 1303 παῖδας

2205 1323 2384 1385 ῶδινε,
2416 1323 2512 1375 καὶ
2540 1321 2730 1377 οὐδένα
2754 1322 2911 1376 ὧδινε
2942 1326 3010 1393 τῇ
3042 1325 3136 1394 γῇ,
3172 1321 3307 1377 ἀλλά
3342 1323 3549 1387 πάντας
3579 1322 3659 1394 τῷ
3700 1322 3796 1376 οὐδ

2210 1404 2392 1475 ρανῷ,
2433 1403 2632 1474 μᾶλλον
2659 1405 2715 1458 δὲ
2756 1405 2833 1474 τῷ
2872 1405 3081 1470 βασιλεῖ
3113 1404 3220 1458 τῶν
3259 1404 3526 1475 οὖρανῶν,
3566 1407 3648 1468 είς
3688 1406 3794 1476 τὴν

2211 1484 2512 1555 μέλλουσαν
2556 1488 2755 1552 αὐτοὺς
2802 1486 3047 1552 ἅπαντας
3090 1486 3452 1559 ἀποκυήσασα
3499 1482 3663 1558 ζωήν.
3734 1486 3794 1540 '0

2209 1569 2307 1638 μὲν
2337 1565 2431 1622 οὖν
2454 1568 2698 1633 διάϐολος
2724 1571 2957 1640 ἐσχάτην
2991 1572 3162 1643 αὐτὴν
3191 1567 3293 1642 ἦγε
3324 1571 3458 1642 πρὸς
3494 1571 3562 1625 τά
3592 1570 3795 1624 παλαί-

2209 1669 2393 1722 σματα
2418 1651 2507 1706 διὰ
2540 1653 2639 1724 τὴν
2676 1653 2877 1715 αἰτίαν,
2917 1654 2984 1724 ἣν
3014 1654 3183 1726 ἔφθην
3223 1653 3413 1719 εἰπὼν,
3451 1656 3537 1707 ἵνα
3568 1655 3667 1724 τῆς
3702 1652 3797 1706 δυ-

2206 1737 2428 1807 νάμεως
2456 1738 2591 1808 αὐτῇ
2624 1738 3104 1809 προαναλωθείσης
3138 1740 3195 1792 ἐν
3225 1742 3293 1810 τῇ
3327 1739 3529 1810 θεωρίᾳ
3560 1738 3669 1792 τῶν
3703 1737 3796 1807 βα-

2210 1821 2410 1885 σάνων,
2442 1820 2767 1893 εὐχείρωτος
2796 1820 3021 1894 γένηται
3055 1824 3261 1894 ἐσχάτη
3288 1822 3549 1893 δεχομένη
3575 1820 3667 1874 τὸν
3697 1820 3796 1874 ἀνα

2205 1906 2452 1960 τίπαλον.
2488 1905 2551 1959 Εἰ
2589 1906 2697 1980 γὰρ
2741 1901 2881 1978 αἷμα
2922 1904 3181 1970 πολλάκις
3222 1906 3456 1977 ὁρῶντες
3484 1904 3793 1977 καταρρέον

2206 1987 2487 2060 ἄνθρωποι
2529 1990 2833 2043 κατέπεσον
2883 1989 3399 2061 ὀλιγοψυχήσαντες,
3450 1990 3545 2043 καὶ
3591 1987 3794 2057 πολλῆς

2207 2071 2508 2143 ἐδεήθησαν
2538 2073 2946 2143 πραγματείας,
2969 2074 3112 2127 ὥστε
3136 2075 3237 2147 τὴν
3262 2073 3407 2145 ζωὴν
3430 2072 3793 2127 ἐκλείπουσαν

2208 2155 2392 2219 αὐτοῖς
2442 2156 2537 2210 καὶ
2579 2156 2674 2209 τοῦ
2726 2156 2980 2227 σώματος
3029 2157 3418 2228 ἀφιπταμένην
3463 2158 3562 2227 τὴν
3612 2155 3794 2226 ψυχὴν

2209 2241 2607 2311 ἐπαναγαγεῖνο
2666 2241 2952 2305 τοσούτους
2999 2242 3183 2312 ἐκείνη
3233 2243 3465 2312 αἵματος
3517 2239 3797 2310 βλέπουσα

2212 2324 2424 2396 ῥύακας
2460 2327 2561 2379 οὐκ
2590 2324 2650 2391 ἐξ
2689 2325 2977 2397 ἀλλοτρίας
2997 2364 3011 2389 ,
3044 2325 3159 2378 ἀλλ’
3191 2327 3256 2379 ἐκ
3283 2327 3383 2396 τῆς
3420 2323 3529 2377 τῶν
3560 2323 3794 2377 παιδίων

2212 2407 2413 2480 σαρκὸς
2458 2408 2884 2481 καταρρέοντας.
2913 2407 2966 2461 τί
3011 2408 3112 2461 ούκ
3157 2407 3225 2462 ἂν
3258 2408 3587 2477 ὑπέμεινενς
3625 2405 3796 2458 πόσον

2210 2492 2311 2545 οὐκ
2338 2490 2649 2556 ἀνεδέξατο
2678 2492 2907 2563 θόρυϐον
2939 2495 3005 2564 τῇ
3041 2492 3220 2564 ψυχῇ;
3261 2493 3319 2545 '0
3356 2491 3455 2562 μὲν
3489 2486 3579 2545 οὖν
3611 2487 3797 2542 διάϐοο

2211 2572 2321 2638 λος,
2350 2576 2488 2647 ὅπερ
2522 2574 2694 2647 ἔφθην
2730 2575 2921 2639 εἰπὼν,
2954 2574 3041 2629 διά
3070 2574 3231 2629 τοῦτο
3264 2574 3402 2645 μετὰ
3442 2575 3570 2638 τοὺς
3597 2571 3798 2634 παῖδας

2212 2657 2383 2726 αὐτὴν
2413 2658 2507 2711 ἐπὶ
2534 2660 2661 2720 τοὺς
2681 2657 2899 2727 ἀγῶνας
2924 2659 3198 2724 εἵλκυσεν,
3230 2656 3369 2710 ὥστε
3395 2653 3794 2725 ἀσθενεστέραν

2212 2740 2549 2811 ἐργάσασθαι
2568 2757 2584 2773 ο
2614 2742 2832 2809 ἐγένετο
2852 2742 2908 2794 δὲ
2939 2742 3247 2795 τούναντίον
3266 2756 3282 2772 ο
3315 2741 3514 2812 μᾶλλον
3533 2740 3642 2810 γὰρ
3663 2739 3796 2809 θαρο

2215 2824 2384 2894 ροῦσα
2414 2826 2549 2896 πρὸς
2584 2828 2711 2889 τοὺς
2743 2826 2961 2893 ἀγῶνας
3000 2826 3220 2897 ἤρχετο.
3254 2827 3412 2889 Τίνος
3453 2826 3661 2888 ἕνεκεν,
3701 2823 3796 2875 καὶ

2212 2907 2305 2961 διὰ
2334 2909 2420 2976 τίς
2461 2910 2585 2963 Ὅτι
2626 2911 2726 2963 οὐκ
2763 2911 3023 2964 ἐδεδοίκει
3058 2911 3266 2976 λοιπὸν,
3308 2909 3430 2964 οὺδέ
3478 2906 3795 2980 ἐφρόντιζεν

2216 2993 2359 3065 ὑπέρ
2388 3011 2549 3048 τινων
2592 2993 2825 3048 ἐνταῦθα
2868 2994 3432 3067 καταλιμπανομένων
3479 2994 3616 3064 αύτῇ
3667 3007 3794 3045 παι-

2212 3076 2379 3141 δίων,
2435 3079 2509 3149 μή
2557 3089 2690 3131 ποτε
2743 3078 3319 3148 καταμαλακισθέντες
3375 3074 3796 3148 ἀποστερηθῶσι

2215 3160 2322 3214 τῶν
2354 3161 2633 3230 στεφάνων
2653 3177 2668 3192 ο
2700 3160 2837 3214 ἀλλά
2868 3161 3078 3225 πάντας
3102 3162 3300 3225 αὐτοὺς
3333 3161 3522 3231 ὥσπερ
3557 3161 3637 3223 είς
3664 3159 3798 3213 ἀσυο

2214 3243 2307 3298 λον
2349 3244 2660 3316 ἀποθεμένη
2691 3246 2918 3316 ταμεῖον
2945 3243 3036 3298 τὸν
3074 3245 3324 3317 οὐρανὸν,
3362 3246 3455 3298 καὶ
3496 3244 3634 3315 πρὸς
3669 3242 3797 3306 τοὺς

2216 3327 2329 3382 ἄνω
2375 3328 2640 3398 πέμψασα
2688 3328 2985 3396 στεφάνους
3033 3328 3128 3381 καὶ
3169 3326 3240 3380 τὰ
3296 3327 3531 3396 ἀκίνητα
3577 3323 3794 3394 ἀγαθὰ,

2220 3409 2499 3482 θαρροῦσα
2534 3410 2872 3465 ἐπαπεδύετο
2902 3410 3041 3481 μετά
3072 3410 3275 3482 πολλῆς
3301 3412 3401 3481 τῆς
3430 3409 3625 3481 ἡδονῆς
3645 3426 3661 3440 ⁸
3703 3409 3796 3464 καὶ

2220 3494 2473 3566 καθάπερ
2493 3495 2741 3565 στεφάνῳ
2762 3495 2869 3549 τινὶ
2893 3495 2985 3549 τὸν
3006 3493 3445 3565 τιμαλφέστατον
3468 3493 3636 3559 λίθον,
3655 3490 3795 3561 αῦτη

2218 3578 2319 3648 τὴν
2351 3578 2527 3650 σάρκα
2563 3578 2660 3648 τὴν
2692 3578 2893 3649 ἑαυτῆς
2926 3578 3004 3649 τῷ
3036 3578 3182 3650 χορῷ
3209 3576 3320 3631 τῶν
3364 3577 3592 3632 παιδίων
3639 3579 3801 3647 ἐναρι

2225 3660 2442 3729 μόσασα
2493 3660 2629 3732 πρὸς
2681 3660 2770 3713 τὸν
2815 3659 3151 3731 ποθούμενον
3197 3662 3404 3731 Ἰησοῦν
3451 3660 3796 3731 ἀπεδήμησε,

2225 3743 2487 3814 μεγίστην
2534 3746 2667 3815 ἡμῖν
2707 3744 3083 3798 καταλιποῦσα
3126 3746 3473 3815 παράκλησιν
3514 3744 3611 3796 καὶ
3663 3759 3802 3813 συμ·

2222 3826 2442 3896 ϐουλὴν,
2472 3828 2570 3898 τὴν
2595 3827 2683 3881 διὰ
2715 3827 2824 3881 τῶν
2866 3828 3043 3899 ἔργων
3084 3830 3428 3899 παραίνεσιν,
3456 3827 3599 3881 ὥστε
3629 3829 3801 3898 ερρω-

2225 3910 2359 3981 μένῃ
2396 3913 2541 3981 ψυχῇ
2571 3912 2664 3964 καὶ
2696 3910 2886 3982 ὑψηλῷ
2913 3912 2990 3982 τῷ
3023 3914 3331 3983 φρονήματι
3375 3916 3593 3967 πάντων
3628 3927 3800 3966 καταο

2221 3995 2425 4064 τολμᾷν
2456 3995 2564 4047 τῶν
2601 3995 2811 4049 δεινῶν.
2845 3998 2943 4060 Τίς
2979 3997 3089 4068 γὰρ
3126 3998 3267 4069 ἀνὴρ
3288 4039 3302 4064 ,
3335 3999 3461 4051 ποία
3508 3998 3647 4066 γυνὴ
3670 4040 3684 4059 ,
3721 3996 3802 4056 τίς

2224 4079 2571 4149 πρεσϐύτης,
2609 4084 2760 4144 ποῖος
2785 4080 2903 4144 νέος
2945 4081 3275 4153 συγγνώμης
3312 4083 3561 4149 τεύξεται
3593 4081 3800 4142 λοιπὸν,
3851 4149 3858 4157 .

2224 4158 2258 4229 ἢ
2287 4158 2582 4227 ἀπολογίαν
2614 4159 2723 4224 ἐξει
2758 4159 3010 4225 δεδοικὼς
3038 4160 3127 4213 διά
3157 4162 3246 4214 τὸν
3269 4163 3504 4232 Χριστὸν
3528 4159 3804 4229 ἐπαγομέο

2224 4263 2349 4310 νους
2377 4246 2526 4317 αύτῷ
2556 4246 2866 4312 κινδύνους,
2911 4248 3040 4301 ὅταν
3069 4248 3206 4319 γυνὴ
3229 4290 3244 4315 ,
3294 4250 3383 4305 καὶ
3425 4248 3802 4319 γεγηρακυῖα.

2225 4329 2321 4382 καὶ
2361 4330 2632 4382 τοσούτων
2676 4329 2882 4383 παίδων
2917 4332 3119 4403 μήτηρ,
3167 4333 3260 4386 καὶ
3304 4332 3411 4402 πρὸ
3444 4333 3542 4402 τῆς
3581 4332 3803 4401 χάριτος

2225 4417 2611 4489 ἀγωνισαμένη
2632 4456 2646 4479 ,
2699 4416 3102 4487 κεκλεισμένων
3143 4417 3224 4472 ἔτι
3269 4420 3378 4474 τῶν
3426 4419 3522 4473 τοῦ
3572 4418 3802 4473 θανάτου

2228 4500 2435 4565 πυλῶν,
2466 4500 2620 4554 οὔπω
2642 4501 2739 4570 τῆς
2765 4502 3037 4573 ἁμαρτίας
3070 4503 3409 4575 σϐεσθείσης,
3431 4503 3553 4557 οὐδὲ
3578 4502 3672 4555 τοῦ
3708 4502 3806 4555 θα·-

2227 4585 2386 4638 νάτου
2408 4584 2924 4653 καταγωνισθέντος,
2955 4586 3093 4656 μετά
3117 4587 3388 4658 τοσαύτης
3414 4586 3723 4658 προθυμίας
3746 4599 3805 4637 τι

2229 4669 2324 4722 καὶ
2365 4670 2614 4740 ἀνδρείας
2647 4669 2912 4732 τοσαύτας
2942 4671 3199 4740 φαίνηται
3232 4671 3322 4725 διὰ
3366 4672 3455 4724 τὸν
3494 4670 3627 4723 Θεὸν
3666 4670 3802 4733 ὑποτ

2231 4750 2470 4821 μένουσα
2507 4752 2810 4822 τιμωρίαςς
2864 4751 3052 4806 Ταῦτα
3098 4753 3156 4806 δέ
3205 4754 3385 4808 πάντα
3435 4752 3800 4822 λογισάμενοι,

2230 4832 2324 4883 καὶ
2352 4834 2610 4899 γυναῖκες
2645 4832 2740 4884 καὶ
2767 4832 2981 4903 ἄνδρες.
3007 4834 3102 4886 καὶ
3130 4834 3240 4885 νέοι
3261 4834 3357 4886 καὶ
3382 4833 3658 4903 γέροντες,
3680 4832 3803 4893 τοὺς

2228 4908 2445 4977 ἀγῶνας
2476 4912 2566 4963 καὶ
2590 4910 2660 4963 τὰ
2694 4910 3046 4983 παλαίσματα
3071 4910 3259 4983 ὥσπερ
3288 4914 3381 4966 ἐπὶ
3409 4912 3632 4974 πίνακάς
3663 4924 3803 4971 τινος

2228 4995 2325 5065 τῆς
2349 4994 2572 5065 καρδίας
2599 4994 2756 5065 ἡμῶν
2786 4995 3230 5068 ἀπογράψαντες,
3248 4995 3475 5067 διηνεκῆ
3498 4994 3801 5066 συμϐουλὴν

2229 5079 2365 5152 πρὸς
2396 5081 2495 5151 τὴν
2534 5079 2641 5133 τῶν
2673 5078 2861 5132 δεινῶν
2901 5080 3202 5151 ὑπεροψίαν
3231 5081 3330 5150 τὴν
3364 5080 3577 5148 ἐκείνης
3610 5093 3804 5147 καρτε-

2233 5165 2354 5235 ρίαν
2388 5163 2601 5234 ἐχωμεν
2630 5165 3063 5236 ἐναποκειμένην
3092 5164 3248 5238 ἡμῶν
3274 5168 3340 5237 τῇ
3376 5164 3565 5235 ψυχῇ,
3595 5164 3684 5217 ἵνα
3723 5165 3800 5215 ἐν·

2228 5249 2403 5303 ταῦθα
2445 5251 2816 5321 μιμησάμενοι
2845 5248 2945 5321 τὴν
2969 5252 3172 5321 ἀρετὴν
3204 5248 3313 5302 τῶν
3356 5249 3529 5317 ἁγίων
3574 5246 3798 5308 τούτων,

2229 5335 2391 5387 κάκεῖ
2419 5335 2527 5387 τῶν
2570 5333 2849 5400 στεφάνων
2879 5333 3198 5404 δυνηθῶμεν
3235 5335 3421 5395 αὐτοῖς
3457 5331 3799 5401 κοινωνῆσαι,

2228 5421 2360 5489 ὅσην
2385 5419 2443 5470 ἐν
2470 5420 2585 5480 τοῖς
2611 5415 2875 5481 κινδύνοις
2905 5418 3224 5487 φιλοσοφίαν
3262 5416 3629 5483 ἐπεδείξαντο,
3681 5430 3799 5467 τοσ·

2228 5504 2401 5574 αύτην
2428 5504 2486 5556 ἐν
2519 5505 2632 5565 τοῖς
2670 5502 2886 5571 ἀλόγοις
2913 5502 3143 5556 πάθεσίν
3172 5504 3337 5573 ἡμεῖς
3361 5499 3659 5572 καρτερίαν
3688 5500 3801 5551 ἐπι·

2228 5587 2591 5657 δεικνύμενοι,
2629 5585 2810 5656 θυμῷ,
2836 5586 2931 5641 καὶ
2960 5586 3228 5658 ἐπιθυμία
3255 5586 3578 5658 χρημάτων,
3617 5580 3799 5651 σωμά-

2228 5691 2357 5735 των,
2409 5671 2569 5742 δόξης
2615 5670 2780 5740 κενῆς
2797 5709 2813 5734 ,
2867 5671 2963 5725 καὶ
3011 5670 3121 5724 τῶν
3170 5669 3345 5724 ἄλλων
3388 5668 3498 5722 τῶν
3549 5665 3800 5721 τοιούτων

2230 5760 2506 5814 ἀπάντων.
2549 5758 2613 5813 Εἰ
2643 5756 2753 5828 γὰρ
2779 5757 2884 5828 τῆς
2917 5756 3125 5812 τούτων
3155 5753 3583 5829 περιγενοίμεθα
3609 5753 3799 5823 φλογὸς

2231 5842 2483 5914 καθάπερ
2541 5843 2741 5897 ἐκεῖνοι
2809 5840 2903 5895 τοῦ
2962 5840 3171 5913 πυρὸς,
3228 5837 3571 5913 δυνησόμεθα
3614 5837 3799 5909 στῆναι
