4104 6438
360 462 456 518 621
1679 460 1767 518 DE
1807 461 2237 521 MACCABEIS.
2277 461 2318 519 1.

356 570 646 630 carniﬁces
668 615 684 643 ,
713 571 811 631 sed
834 572 1246 647 circumpositos
1265 572 1483 647 angelos
1513 591 1527 629 :
1554 573 1717 630 oblita
1742 584 1825 631 est
1852 575 1953 632 do-

358 668 506 723 lores
553 675 739 737 partus
763 706 780 733 ,
819 666 1144 738 contempsit
1186 665 1501 734 naturam’,
1551 664 1795 738 despexit
1830 679 1960 723 asta-

359 765 469 810 tem
500 772 516 809 :
546 756 789 827 deSpexit
816 797 830 821 ,
854 757 1070 827 inquam
1097 798 1112 823 ,
1143 764 1387 811 naturam
1412 797 1428 825 ,
1456 771 1575 813 rem
1597 758 1954 828 tyrannicam;

356 858 606 902 naturam
629 887 643 913 ,
674 863 795 918 qua:
823 848 910 902 vel
945 848 1084 903 feras
1130 849 1275 917 ipsas
1313 847 1527 903 vincere
1573 848 1729 903 solet.
1780 848 1959 906 Multae

359 952 597 1008 namque
621 946 780 1008 captu
807 937 1135 994 difficiliores
1164 937 1293 994 ferte
1326 938 1406 995 sic
1440 953 1624 996 amore
1649 948 1705 996 et
1732 941 1959 997 commi-

358 1031 633 1084 seratione
663 1046 790 1101 erga
818 1032 1022 1101 prolem
1049 1033 1337 1103 capiuntur
1355 1074 1371 1100 ,
1398 1048 1548 1089 suam
1577 1049 1686 1091 non
1710 1047 1958 1095 curantes

360 1120 591 1176 salutem
618 1162 634 1187 ,
669 1122 765 1177 sed
804 1123 1018 1179 incaute
1054 1124 1106 1178 in
1142 1133 1454 1180 venatorum
1491 1141 1683 1182 manus
1720 1128 1959 1185 inciden-

361 1224 447 1269 tes
479 1231 493 1269 :
527 1216 840 1286 nullumque
867 1225 950 1271 est
972 1218 1171 1272 animal
1214 1218 1287 1273 ita
1326 1217 1598 1274 inﬁrmutn
1619 1258 1639 1287 ,
1668 1228 1725 1276 ut
1750 1222 1958 1291 prolem

361 1321 470 1361 non
499 1306 786 1374 defendat;
837 1309 1041 1363 nullum
1086 1310 1159 1364 ita
1206 1318 1541 1365 mansuetum
1566 1351 1581 1378 ,
1607 1321 1668 1366 ut
1706 1314 1814 1368 fetu
1861 1329 1959 1370 suo

363 1398 613 1455 orbatum
658 1415 766 1453 non
814 1400 1071 1454 irritetur.
1103 1401 1300 1456 Verum
1347 1402 1434 1456 illa
1469 1404 1801 1475 tyrannidem
1845 1414 1956 1461 tum

360 1506 463 1560 per
503 1490 848 1546 rationabiles
898 1491 1183 1562 homines,
1225 1502 1338 1548 tum
1380 1509 1478 1566 per
1515 1495 1669 1551 bruta
1708 1498 1958 1556 animalia

361 1585 630 1639 intonsam
655 1583 900 1639 dissolvit
945 1602 962 1637 :
993 1601 1166 1657 neque
1194 1587 1369 1642 solum
1399 1604 1505 1643 non
1536 1590 1757 1647 insilivit
1781 1592 1837 1647 in
1866 1609 1957 1648 ea-

365 1687 461 1745 put
487 1678 730 1748 tyranni,
776 1694 952 1749 neque
980 1681 1140 1736 modo
1167 1681 1356 1737 faciem
1387 1682 1504 1753 ejus
1532 1699 1639 1739 non
1667 1684 1954 1754 laceravit,

361 1769 667 1841 diseerptos
708 1772 896 1828 videns
945 1776 1185 1842 catulos,
1224 1774 1322 1831 sed
1362 1784 1558 1832 tantam
1607 1779 1958 1851 philosophiae

360 1862 781 1932 magnitudinem
812 1863 1091 1928 exhibuit,
1122 1873 1181 1919 ut
1211 1864 1471 1922 immanes
1501 1867 1601 1937 ipsi
1627 1870 1795 1942 dapes
1823 1887 1961 1941 pne-

364 1964 577 2024 pararet
600 1972 615 2008 :
638 1970 702 2010 ac
719 1954 846 2010 dum
866 1957 1075 2026 priores
1094 1956 1269 2012 adhuc
1288 1959 1659 2016 cruciarentur
1677 2003 1693 2027 ,
1725 1963 1959 2034 reliquos

361 2046 430 2101 ad
459 2047 843 2117 suppliciorum
871 2049 1298 2119 experimentum
1326 2052 1632 2123 inuugeret.

432 2138 489 2191 5.
522 2137 749 2193 Audiant
767 2149 988 2206 matres,
1012 2140 1254 2196 mulieris
1275 2142 1549 2198 imitentur
1569 2144 1954 2217 fortitudinem,

360 2229 636 2299 prolisque
655 2245 895 2286 amorem
920 2249 936 2286 :
964 2233 1042 2288 sic
1071 2231 1212 2288 ﬁlios
1237 2235 1495 2289 nutriant.
1524 2236 1640 2292 Non
1668 2240 1809 2293 enim
1836 2256 1958 2295 mn-

362 2320 515 2377 lieris
542 2331 623 2376 est
652 2337 873 2392 parcre,
905 2323 958 2379 id
1001 2338 1195 2393 nempe
1220 2333 1303 2380 est
1340 2335 1575 2393 natnrm;
1605 2328 1698 2383 sed
1728 2329 1961 2387 educare

360 2414 552 2469 matris
579 2424 683 2480 est,
724 2414 778 2469 id
809 2431 1040 2486 namque
1068 2427 1152 2471 est
1182 2416 1489 2472 voluntatis.
1521 2417 1590 2474 Ut
1616 2434 1747 2475 vero
1785 2422 1961 2479 discas

358 2522 473 2563 non
496 2523 560 2562 ex
592 2515 745 2577 partu
777 2518 1002 2564 matrem
1037 2510 1178 2575 ﬁeri,
1222 2511 1319 2566 sed
1346 2527 1413 2565 cx
1451 2512 1770 2571 educatione
1795 2515 1955 2585 bona,

360 2600 487 2657 audi
515 2601 758 2671 Paulum,
788 2603 998 2657 viduam
1043 2615 1393 2660 coronantem
1417 2647 1432 2672 ,
1466 2621 1571 2662 non
1616 2608 1686 2663 ob
1712 2619 1919 2678 partum
1941 2652 1956 2677 ,

362 2692 461 2748 sed
489 2693 561 2748 ob
606 2692 978 2750 educationem
1017 2695 1307 2752 liberorum
1340 2713 1354 2748 :
1383 2712 1503 2753 eum
1531 2698 1674 2754 enim
1700 2701 1955 2769 dixisset,

372 2783 543 2838 Vidua
571 2785 789 2855 eligatur
835 2804 937 2841 non
984 2788 1153 2842 minus
1195 2805 1446 2842 annorum
1484 2793 1771 2862 sexaginta,
1817 2797 1959 2849 testi-

366 2877 598 2930 monium
628 2876 812 2932 habens
842 2879 895 2931 in
933 2877 1165 2947 operibus
1199 2878 1342 2932 bonis
1373 2880 1449 2952 (1.
1490 2880 1620 2935 Tim.
1654 2884 1710 2937 5.
1741 2884 1794 2939 9.
1829 2886 1921 2956 10)
1942 2928 1956 2948 .

362 2968 629 3023 bonorum
658 2969 895 3024 omnium
927 2980 1086 3039 caput
1112 2970 1317 3025 addidit
1349 2987 1364 3024 :
1390 2972 1657 3041 quodnam
1694 2974 1868 3029 illud?
1898 2976 1962 3032 Si

362 3058 500 3127 ﬁlios
527 3059 773 3127 educavit,
796 3058 999 3131 inquit;
1028 3076 1133 3115 non
1163 3061 1316 3128 dixit,
1340 3060 1396 3117 Si
1418 3061 1559 3116 ﬁlios
1578 3066 1817 3134 peperit;
1840 3066 1956 3133 sed,

363 3148 425 3203 Si
453 3149 588 3219 ﬁlias
614 3151 861 3205 educavit.
892 3151 1199 3222 Cogitemus
1234 3167 1378 3223 ergo,
1409 3152 1534 3223 quid
1572 3156 1858 3211 verisimile
1885 3158 1956 3213 sit

362 3257 574 3311 passam
594 3243 757 3299 fuisse
773 3245 1070 3312 mulierem,
1088 3245 1132 3301 si
1156 3254 1332 3300 tamen
1347 3246 1624 3302 mulierem
1644 3247 1766 3303 licet
1781 3249 1960 3320 appel-

362 3336 505 3402 lare,
559 3350 682 3390 cum
726 3336 932 3392 videret
974 3336 1168 3408 digitos
1229 3352 1392 3406 super
1444 3339 1627 3409 prunis
1682 3342 1952 3412 palpitan-

365 3438 470 3493 tes,
501 3438 660 3500 caput
687 3430 962 3495 exsiliens,
995 3429 1223 3485 ferream
1253 3445 1469 3487 manum
1499 3431 1768 3501 injectam,
1798 3435 1956 3503 capiti

360 3522 585 3577 alterius
611 3539 643 3578 e
685 3522 808 3578 ﬁliis
839 3522 1036 3593 pellem
1066 3521 1379 3588 detractam,
1418 3532 1476 3578 et
1515 3538 1635 3578 eum
1657 3565 1672 3591 ,
1704 3526 1793 3595 qui
1832 3526 1956 3581 talia

360 3628 557 3683 passus
580 3624 757 3683 esset,
787 3614 960 3670 adhuc
988 3623 1217 3670 stantem
1240 3625 1294 3670 et
1320 3615 1648 3686 loquentem.
1677 3616 1957 3684 Quomodo

361 3720 426 3759 os
448 3707 692 3776 aperuit?
719 3707 989 3779 quomodo
1027 3709 1262 3779 linguam
1301 3708 1509 3764 movit?
1542 3709 1810 3779 quomodo
1847 3725 1957 3766 non

363 3797 542 3853 anima
578 3814 609 3853 e
634 3814 860 3871 corpore
888 3798 1155 3855 evolavit?
1199 3798 1255 3854 Id
1300 3801 1573 3871 quomodo
1618 3800 1815 3858 factum
1862 3803 1954 3869 sit,

361 3904 465 3959 ego
492 3890 687 3945 dicam.
720 3891 834 3945 Non
861 3891 1181 3961 respiciebat
1212 3895 1263 3945 in
1295 3902 1490 3947 terram
1512 3935 1526 3960 ,
1556 3893 1650 3948 sed
1682 3893 1749 3949 ad
1780 3893 1954 3950 futura

359 3982 541 4037 omnia
567 3983 966 4053 praeparabatur
994 4001 1008 4037 :
1039 3999 1206 4038 unum
1248 3984 1619 4040 tantummodo
1648 3988 1953 4054 metuebat,

360 4089 431 4131 ne
463 4086 706 4145 parceret
747 4077 979 4147 etprius
1026 4091 1250 4147 agonem
1291 4076 1527 4132 solveret
1565 4086 1854 4149 tyrannus,
1887 4095 1957 4136 ne

359 4166 589 4221 chorum
634 4167 864 4222 ﬁliorum
908 4167 1270 4239 disjnngeret,
1319 4183 1423 4224 neu
1458 4168 1673 4238 quidam
1704 4170 1822 4227 sine
1860 4187 1957 4226 co—

358 4258 514 4312 ronis
553 4268 852 4314 manerent.
893 4259 1154 4329 Quodque
1194 4258 1325 4314 illud
1358 4260 1571 4315 timeret
1608 4259 1734 4316 hinc
1781 4262 1955 4331 palam

358 4358 468 4412 est,
501 4346 643 4417 quod
686 4357 1017 4417 postremum
1047 4349 1198 4420 quasi
1252 4349 1498 4405 manibus
1534 4360 1841 4421 correptum
1875 4353 1957 4408 in-

352 4438 549 4505 jccerit
592 4439 645 4493 in
679 4439 931 4507 lebetem,
974 4456 1071 4510 pro
1115 4439 1363 4496 manibus
1394 4440 1681 4497 verborum
1723 4457 1819 4498 usa
1855 4442 1955 4498 ad-

360 4530 669 4586 hortatione
697 4538 856 4601 atque
882 4531 1128 4587 consilio.
1170 4530 1282 4586 Nos
1309 4531 1484 4588 aliena
1518 4532 1659 4588 mala
1702 4546 1809 4588 non
1839 4534 1956 4590 sine

361 4624 550 4679 dolore
584 4624 831 4680 audimus
859 4643 873 4680 :
905 4624 999 4681 illa
1025 4640 1153 4680 vero
1194 4625 1408 4695 propria
1448 4625 1587 4680 mala
1617 4625 1735 4680 sine
1768 4625 1957 4681 dolore

358 4716 598 4773 videbat.
630 4718 755 4773 llzcc
783 4732 853 4773 ne
880 4719 1072 4773 frustra
1113 4717 1425 4782 audiamus,
1456 4718 1552 4773 sed
1592 4719 1785 4789 singuli
1804 4719 1956 4774 audi-

359 4820 537 4865 torum
566 4816 732 4866 totam
762 4810 904 4867 hanc
933 4810 1247 4881 tragoediam
1275 4809 1343 4866 de
1370 4809 1494 4865 ﬁliis
1519 4811 1630 4865 suis
1658 4811 1953 4879 accipiant;

359 4907 648 4964 atnabilem
694 4908 796 4964 sibi
842 4907 1047 4962 vultum
1092 4905 1380 4978 efﬁngant,
1425 4913 1481 4959 et
1522 4905 1621 4961 sibi
1662 4906 1954 4960 liberorum

360 4999 674 5055 carissimos
723 5007 1205 5069 reprzesentantes,
1261 4998 1315 5052 in
1366 4996 1473 5051 illis
1535 4995 1635 5051 bos
1690 4997 1957 5051 cruciatus

361 5094 543 5146 inesse
576 5092 678 5147 sibi
714 5092 1004 5163 depingant
1025 5134 1038 5157 ,
1072 5101 1128 5147 ct
1152 5100 1280 5147 tunc
1308 5090 1529 5162 pulchre
1554 5090 1819 5145 dictorum
1849 5092 1955 5146 vim

362 5185 647 5251 noverint;
677 5184 785 5239 imo
809 5199 940 5239 vero
969 5200 1037 5240 ne
1070 5184 1144 5239 ita
1170 5184 1383 5254 quidem
1418 5183 1682 5248 noverint,
1713 5184 1834 5252 quia
1863 5199 1958 5236 na-

363 5275 564 5329 turales
589 5291 855 5330 aerumnas
884 5276 1060 5330 nullus
1085 5290 1263 5330 sermo
1290 5275 1564 5330 declarare
1597 5276 1790 5343 poterit
1819 5292 1831 5328 ε
1865 5291 1957 5330 ex-

360 5367 620 5438 perientia
641 5368 751 5422 sola
789 5367 966 5423 docet.
989 5369 1299 5437 Opportune
1324 5367 1398 5421 illi
1421 5366 1650 5431 dicatur,
1676 5376 1954 5436 postquam

360 5467 569 5527 septem
598 5458 715 5527 ejus
745 5458 839 5512 filii
880 5473 1133 5512 coronam
1176 5458 1354 5526 adepti
1394 5468 1538 5523 sunt,
1590 5458 1955 5526 propheticum

368 5547 541 5603 illud:
585 5546 666 5601 Tu
712 5557 880 5605 autem
922 5550 1051 5603 sicut
1089 5547 1222 5602 oliva
1266 5546 1529 5620 fructifera
1574 5548 1627 5601 in
1671 5548 1820 5601 domo
1861 5546 1957 5602 Dei

361 5639 536 5710 ιΡιαΙ.
568 5638 659 5695 51.
685 5640 797 5712 10).
825 5640 956 5695 Nam
988 5641 1043 5696 in
1069 5640 1359 5713 Olympieis
1401 5641 1615 5711 quidem
1652 5641 1959 5696 certamini-

364 5734 487 5799 ltus,
520 5742 798 5804 postquam
844 5734 989 5790 mille
1016 5734 1241 5804 ingressi
1289 5743 1413 5789 sunt
1456 5733 1693 5800 athletae,
1728 5734 1819 5787 ttni
1845 5742 1956 5787 tan-

362 5834 476 5881 tum
504 5840 703 5881 corona
752 5827 1044 5882 tribuitur:
1094 5827 1183 5883 hic
1225 5842 1354 5884 vero
1392 5843 1459 5884 ex
1499 5836 1703 5898 septem
1742 5826 1956 5883 athletis

428 5941 448 5972 ⁸
485 5940 615 5991 Idem
638 5948 775 6003 neg.,
799 5940 1187 6005 pragmuionem.

1348 6030 1386 6054 κ

3555 460 3660 519 0‘29

2065 586 2272 648 septem
2292 575 2535 632 coronati
2557 572 2893 647 prodierunt.
2919 571 3091 646 Quem
3116 576 3248 632 mihi
3268 588 3454 647 agrum
3475 584 3659 631 ostcn-
3686 588 3711 639 ςτ

2062 667 2161 723 das
2188 668 2262 723 ita
2302 667 2574 724 feracem?
2604 684 2761 739 quem
2802 678 3012 725 uterum
3059 668 3131 723 ita
3176 667 3495 724 fecundum?
3521 683 3653 738 quos

2063 769 2251 831 partus
2275 761 2520 816 similes?
2545 762 2715 817 Mater
2744 761 2974 817 filiorum
3016 758 3260 816 Zebedzei
3291 759 3658 828 apostolorum

2061 859 2235 907 mater
2259 852 2378 918 fuit,
2410 852 2506 907 sed
2533 853 2758 908 duorum
2792 864 2996 907 tantum
3023 869 3037 907 :
3069 860 3274 923 septem
3304 860 3481 905 autem
3514 865 3657 906 mar-

2063 951 2210 1015 tyres
2254 953 2466 1001 uterum
2514 960 2678 1000 unum
2726 945 2911 1001 tulisse
2939 959 3045 999 non
3088 945 3245 1010 novi,
3277 958 3502 1014 quorum
3534 943 3650 1013 ipsa

2062 1046 2236 1092 mater
2264 1036 2332 1092 iis
2359 1038 2598 1110 martyrii
2644 1038 2789 1093 socia
2819 1038 3000 1101 fuerit,
3047 1052 3221 1107 neque
3271 1046 3521 1106 tanquam
3550 1050 3652 1090 una

2063 1126 2238 1182 solum
2267 1138 2472 1199 martyr
2499 1127 2680 1184 addita
2715 1129 2889 1195 fuerit,
2925 1128 3021 1183 sed
3047 1128 3164 1184 vice
3189 1126 3502 1182 multorum.
3532 1126 3654 1181 Filii

2063 1233 2296 1289 namque
2321 1229 2525 1290 septem
2558 1228 2765 1274 tantum
2804 1230 3070 1291 martyres
3101 1228 3275 1282 erant,
3307 1232 3501 1287 corpus
3526 1231 3655 1269 νρῐο

2062 1309 2253 1363 matris
2277 1309 2407 1378 ipsis
2435 1309 2705 1380 adjectum
2738 1325 2901 1364 unum
2930 1319 3133 1363 tantum
3161 1323 3359 1378 corpus
3386 1312 3523 1372 erat,
3556 1304 3653 1360 sed

2062 1399 2148 1455 bis
2173 1409 2381 1471 septem
2426 1411 2722 1473 martyrum
2774 1402 2951 1457 locum
2996 1401 3272 1471 implebat,
3297 1400 3422 1470 quia
3458 1398 3511 1453 in
3540 1398 3653 1452 sin-

2063 1493 2202 1563 gulis
2229 1508 2414 1549 eorum
2444 1495 2759 1566 martyrium
2788 1494 2971 1557 subiit,
3000 1502 3055 1548 et
3074 1494 3197 1563 quia
3221 1493 3344 1548 illos
3368 1492 3500 1547 tales
3528 1491 3652 1545 red-

2063 1584 2218 1639 didit.
2252 1585 2550 1641 Ecclesium
2598 1585 2753 1641 nobis
2788 1596 3081 1657 martyrum
3127 1585 3385 1654 integram
3420 1584 3648 1652 peperit.

2062 1677 2277 1748 Septem
2302 1680 2510 1750 peperit
2537 1680 2677 1735 ﬁlios
2697 1722 2710 1746 ,
2744 1679 2838 1735 sed
2872 1680 3072 1735 nullum
3101 1688 3274 1746 terrm,
3305 1694 3494 1733 omnes
3515 1677 3649 1733 caelo

2064 1773 2295 1842 peperit,
2327 1773 2435 1827 imo
2461 1774 2640 1843 potius
2666 1775 2778 1842 regi
2806 1774 3062 1829 cmlorum
3080 1817 3096 1841 ,
3126 1775 3246 1828 illos
3273 1787 3465 1827 omnes
3489 1771 3541 1825 in
3567 1769 3650 1826 fus

2065 1872 2241 1918 turam
2282 1865 2439 1920 enixa
2470 1866 2653 1920 vitam.
2691 1866 2944 1921 Diabolus
2969 1881 3097 1937 ergo
3134 1866 3281 1920 illam
3326 1873 3653 1934 postremam

2064 1954 2117 2009 in
2149 1956 2443 2011 certamina
2472 1956 2624 2012 duxit
2657 1958 2727 2012 ob
2750 1972 2967 2012 causam
2995 1973 3153 2029 supra
3181 1966 3530 2011 memoratam
3552 1996 3567 2019 ,
3596 1960 3654 2009 nt

2063 2045 2259 2100 virtute
2284 2048 2401 2116 ejus
2430 2048 2482 2102 in
2505 2047 2835 2103 cruciatuum
2867 2048 3172 2118 Spectaculo
3198 2056 3534 2119 consumpta,
3561 2063 3655 2102 ex-

2063 2146 2297 2207 pugnatu
2324 2137 2498 2194 facilis
2538 2145 2685 2194 esset
2713 2154 2834 2193 cum
2875 2138 3058 2192 ultima
3099 2139 3463 2193 adversarium
3506 2138 3654 2193 exci-

2065 2236 2235 2296 peret.
2282 2227 2415 2282 Nam
2454 2229 2497 2283 si
2529 2229 2844 2300 plerumque
2886 2230 3133 2287 homines
3173 2232 3484 2301 sanguinem
3524 2246 3652 2299 pro-

2064 2317 2320 2376 ﬂuentem
2346 2320 2591 2377 videntes
2628 2322 2793 2377 animi
2823 2322 3113 2393 deliquium
3145 2325 3285 2393 passi
3312 2331 3469 2389 sunt,
3513 2324 3656 2376 ntul-

2066 2420 2224 2483 taque
2250 2415 2527 2471 curatione
2552 2431 2687 2485 opus
2708 2416 3026 2481 habuerunt,
3051 2425 3109 2471 ut
3126 2417 3233 2471 vita
3258 2417 3368 2487 jam
3400 2416 3655 2472 deﬁciens

2066 2513 2121 2559 et
2145 2506 2323 2562 anima
2355 2524 2478 2563 mox
2517 2510 2792 2564 avolatura
2835 2519 3179 2565 revocaretur
3207 2528 3221 2564 :
3254 2519 3332 2565 tot
3362 2511 3445 2564 illa
3468 2510 3656 2564 videns

2064 2599 2339 2669 sanguinis
2368 2601 2535 2668 rivos,
2563 2618 2668 2657 non
2697 2618 2759 2657 ex
2792 2603 2986 2665 aliena,
3019 2603 3113 2658 sed
3140 2619 3209 2658 ex
3242 2603 3467 2657 ﬁliorum
3495 2618 3657 2656 carne

2065 2700 2345 2746 manantes
2366 2732 2379 2755 ,
2411 2692 2536 2761 quid
2567 2709 2671 2747 non
2702 2693 2989 2747 sustinuit?
3015 2709 3172 2764 quam
3203 2694 3657 2765 perturbationem

2067 2797 2174 2835 non
2202 2783 2382 2837 animo
2416 2785 2689 2853 suscepit?
2737 2785 2987 2841 Diabolus
3033 2786 3232 2856 itaque,
3276 2796 3331 2839 nt
3375 2786 3506 2849 dixi,
3537 2785 3658 2840 ideo

2065 2871 2211 2926 illam
2242 2884 2362 2942 post
2397 2874 2532 2931 ﬁlios
2558 2876 2609 2929 in
2651 2876 2942 2932 certamina
2993 2877 3185 2944 traxit,
3215 2886 3273 2932 ut
3309 2878 3656 2932 infirmiorem

2067 2964 2350 3033 redderet;
2384 2969 2479 3023 sed
2526 2978 2712 3023 contra
2755 2969 2948 3023 accidit
2980 2986 2993 3022 :
3025 2969 3213 3039 majori
3254 2970 3396 3024 enim
3441 2984 3559 3023 cum
3591 2969 3657 3022 fi-

2064 3056 2220 3112 ducia
2247 3059 2539 3114 certamina
2561 3060 2710 3115 adiit.
2740 3059 2847 3114 Cur
2872 3068 2927 3115 ct
2944 3075 3048 3131 qua
3082 3061 3147 3115 de
3172 3062 3371 3115 causa?
3395 3061 3527 3129 Quia
3549 3076 3656 3117 non

2066 3148 2289 3204 timebat
2316 3150 2472 3213 ultra,
2502 3166 2603 3206 nec
2631 3150 2854 3205 sollicita
2880 3159 2998 3205 erat
3016 3151 3082 3206 de
3110 3152 3233 3205 filiis
3258 3151 3571 3221 quibusdam
3600 3152 3654 3206 in

2066 3239 2168 3295 hac
2196 3241 2301 3296 vita
2324 3241 2543 3307 relictis,
2572 3258 2639 3298 ne
2661 3243 2884 3299 emolliti
2911 3244 3126 3298 coronis
3160 3245 3526 3314 privarentur;
3558 3245 3655 3300 sed

2063 3333 2187 3389 illos
2232 3348 2440 3401 omnes,
2471 3349 2569 3390 ceu
2608 3334 2662 3389 in
2700 3344 2869 3390 tutum
2916 3335 3181 3406 quoddam
3222 3337 3614 3405 receptaculum
3637 3378 3652 3400 ,

2064 3423 2118 3478 in
2151 3424 2338 3479 ctelum
2379 3424 2691 3495 deportatos
2731 3425 2934 3481 habens
2956 3467 2972 3492 ,
3000 3435 3054 3481 et
3082 3426 3148 3479 ad
3176 3440 3434 3496 supernas
3460 3427 3657 3481 missos

2063 3530 2295 3571 coronas
2319 3516 2565 3587 bonaque
2606 3516 2987 3583 immutabilis,
3019 3517 3187 3572 multa
3222 3532 3345 3571 cum
3382 3516 3572 3571 fiducia
3599 3526 3656 3571 et

2062 3609 2336 3680 voluptate
2362 3619 2635 3666 certamen
2664 3609 2814 3677 adiit,
2843 3618 2898 3665 et
2934 3624 3031 3664 ceu
3072 3609 3301 3679 lapidem
3329 3608 3653 3678 pretiosissi-

2064 3720 2211 3759 mum
2236 3719 2452 3760 coronae
2479 3703 2711 3773 cuipiam
2733 3744 2747 3768 ,
2776 3717 2992 3758 carnem
3028 3717 3180 3758 suam
3216 3701 3384 3757 choro
3423 3699 3654 3755 ﬁliorum

2061 3797 2350 3868 adaptans,
2382 3796 2450 3849 ad
2476 3795 2839 3850 desideratum
2885 3792 3068 3848 Jesum
3109 3791 3344 3863 profecta
3387 3800 3492 3858 est,
3537 3805 3652 3845 ma-

2062 3907 2224 3963 gnum
2255 3890 2409 3945 nobis
2432 3888 2739 3960 relinquens
2765 3887 3013 3942 solatium
3040 3895 3096 3941 et
3119 3885 3396 3941 consilium
3418 3926 3432 3950 ,
3458 3899 3654 3955 nempe

2062 3984 2490 4040 adhortationem
2537 3983 2788 4055 operibus
2830 3979 3055 4045 factam,
3103 3987 3161 4034 ut
3208 3978 3332 4034 forti
3375 3978 3554 4032 animo
3598 3986 3654 4033 et

2063 4077 2278 4133 sublimi
2328 4091 2488 4131 sensu
2543 4087 2812 4129 aerumnas
2864 4088 3052 4128 omnes
3102 4071 3330 4126 fidenter
3376 4070 3649 4126 adeamus.

2061 4168 2193 4237 Quis
2217 4170 2361 4225 enim
2384 4168 2467 4222 vir
2486 4208 2502 4234 ,
2529 4181 2650 4237 quae
2677 4165 2887 4230 mulier,
2919 4165 3039 4235 quis
3076 4178 3268 4228 senex,
3296 4162 3414 4233 quis
3436 4161 3653 4232 juvenis

2061 4261 2272 4316 veniam
2312 4266 2704 4329 consequetur,
2734 4266 2827 4311 aut
2851 4255 3095 4311 excusari
3137 4255 3364 4325 poterit,
3391 4253 3438 4308 si
3474 4253 3650 4307 oblata

2063 4354 2165 4409 sibi
2191 4367 2287 4423 pro
2310 4352 2528 4406 Christo
2569 4350 2803 4421 pericula
2843 4347 3192 4415 reformidet,
3221 4347 3434 4418 quando
3460 4345 3652 4400 mulier

2061 4449 2261 4514 vetula,
2286 4455 2343 4501 et
2366 4456 2444 4501 tot
2469 4445 2698 4499 ﬁliorum
2724 4454 2917 4511 mater,
2949 4451 3074 4497 ante
3100 4442 3321 4512 gratiam
3345 4438 3646 4503 decertans,

2061 4540 2257 4596 clausis
2282 4540 2458 4595 adhuc
2496 4538 2686 4609 mprtis
2718 4536 2926 4607 januis,
2957 4534 3195 4589 nondum
3228 4531 3491 4588 exstincto
3519 4544 3649 4599 pec-

2061 4642 2213 4699 cato,
2246 4646 2419 4702 neque
2443 4629 2707 4685 debellata
2735 4634 2929 4692 morte,
2959 4640 3079 4681 cum
3111 4634 3254 4678 tanta
3291 4621 3565 4676 alacritate
3597 4630 3650 4677 et

2064 4725 2372 4780 fortitudine
2412 4731 2492 4777 tot
2536 4732 2755 4793 pr0pter
2801 4720 2969 4773 Deum
3023 4716 3280 4785 supplicia
3334 4712 3652 4769 sustinuisse

2062 4819 2338 4875 cernitur?
2370 4817 2497 4872 llmc
2534 4831 2698 4887 porro
2737 4812 2915 4868 omnia
2942 4811 3238 4881 cogitantes
3259 4851 3275 4877 ,
3307 4818 3361 4864 et
3397 4807 3653 4863 mulieres

2063 4923 2116 4970 et
2139 4912 2260 4981 viri,
2291 4921 2345 4965 et
2381 4910 2606 4981 juvenes
2635 4915 2690 4963 et
2732 4919 2919 4971 senes,
2948 4916 3146 4973 agones
3188 4909 3242 4957 et
3282 4902 3573 4957 certamina
3599 4900 3650 4954 iu

2062 5007 2224 5062 corde
2269 5013 2473 5069 nostro,
2503 5017 2601 5057 ceu
2642 5001 2693 5053 in
2730 4998 2906 5053 tabula
2948 4994 3199 5066 quadam,
3249 4994 3650 5058 describentes,

2065 5114 2303 5169 perenne
2329 5096 2612 5153 consilium
2641 5092 2705 5146 ad
2734 5092 2993 5146 malorum
3021 5097 3386 5157 contemptum
3413 5087 3529 5155 ejus
3557 5100 3651 5153 pa-

2065 5191 2305 5247 tientiam
2347 5189 2399 5242 in
2446 5188 2623 5241 anima
2667 5194 2849 5237 nostra
2884 5182 3176 5252 repositam
3226 5180 3554 5235 habeamus:
3597 5187 3654 5230 ut

2064 5282 2153 5336 hic
2176 5291 2481 5335 sanctorum
2526 5278 2716 5330 horum
2748 5276 2995 5329 virtutem
3037 5273 3247 5335 imitati,
3295 5271 3403 5325 illic
3428 5283 3653 5323 corona-

2065 5392 2182 5431 rum
2219 5382 2496 5429 consortes
2529 5372 2657 5439 ipsis
2685 5385 2806 5425 esse
2830 5369 3132 5429 valeamus;
3164 5374 3413 5433 quantam
3451 5363 3522 5415 illi
3556 5378 3653 5431 pe-

2064 5467 2247 5522 riculis
2289 5462 2680 5534 pltilnSOphiam
2712 5462 3099 5518 exltihuerunt,
3126 5465 3321 5510 tantam
3363 5462 3416 5508 et
3462 5468 3559 5508 nos
3599 5455 3651 5507 in

2064 5560 2312 5614 absurdis
2354 5557 2634 5612 afl'ectibus
2679 5554 2984 5625 patientiam
3025 5549 3515 5617 continentiamque
3552 5546 3653 5600 de-

2066 5660 2449 5717 monstrantes,
2481 5651 2533 5705 in
2582 5649 2682 5713 ira,
2712 5649 2764 5702 iu
2797 5641 3227 5713 concupiscentia
3265 5640 3651 5709 pecuniarum,

2065 5759 2385 5815 corporum,
2413 5756 2565 5795 vana:
2603 5739 2786 5809 gloria:
2807 5777 2821 5801 ,
2865 5736 3196 5802 aliorumque
3224 5730 3460 5786 omnium
3506 5729 3653 5783 simi-

2065 5837 2215 5891 lium.
2258 5834 2390 5889 Nam
2435 5833 2479 5887 si
2525 5831 2718 5885 horum
2745 5820 3525 5895 ﬁammam,quemadmodum
3578 5817 3649 5871 illi

2068 5932 2279 6003 ignem,
2327 5939 2674 5998 superemus,
2730 5935 2898 5993 prope
2945 5920 3090 5992 ipsos
3136 5928 3279 5974 Stare
3322 5915 3648 5987 poterimus,
