4104 6444
503 466 610 522 6:23

493 604 793 662 eorumque
837 589 1045 648 fiducize
1095 590 1385 664 participes
1441 606 1606 648 esse:
1659 608 1817 662 quam
1873 595 2089 666 assequi

499 683 656 740 nobis
699 683 952 741 omnibus
979 687 1284 755 contingat,
1325 685 1495 755 gratia
1527 693 1583 740 et
1615 685 1941 758 benignitate
1985 689 2092 742 Do-

501 775 632 830 mini
659 777 829 830 nostri
853 776 978 831 Jesu
1005 775 1232 839 Christi,
1269 789 1364 846 per
1392 792 1552 847 quem
1573 786 1628 832 et
1650 792 1772 832 cum
1804 793 1911 847 quo
1944 775 2089 832 Patri

1244 475 1302 532 S.
1343 476 1621 533 JOANNIS
1655 477 2129 568 'CllllYSOSTOMl
2169 481 2492 540 ARCHIEP.
2532 484 3069 543 CONSTANTINOP.

3688 495 3795 550 6‘24

2195 595 2362 667 gloria
2391 613 2494 654 una
2523 615 2646 657 cum
2674 610 2861 656 sancto
2885 600 3106 672 Spiritu,
3139 616 3281 658 nunc
3305 609 3360 658 et
3388 615 3626 674 semper,
3653 614 3713 662 et
3740 607 3796 663 in

2201 691 2396 748 stecula
2415 693 2756 749 smculorum.
2780 694 2974 750 Amen.

1475 1000 1589 1074 IN
1637 1000 2099 1074 SANCTOS
2138 1000 2824 1079 MACCABIEOS.

1807 1157 2500 1200 ...ἥρω’-.-

1169 1295 1390 1345 ιοιτιμλ
1430 1296 1485 1335 Il.

585 1460 639 1518 Ι.
667 1459 858 1516 Gratus
887 1467 962 1515 est
990 1457 1307 1532 Martyribus
1347 1467 1559 1514 conatus
1599 1468 1786 1514 noster.
1813 1489 1886 1500 --
1907 1459 2108 1515 Omnes

514 1551 730 1624 quidem
765 1559 827 1608 ut
851 1560 1067 1608 sanctos
1109 1559 1376 1622 martyres
1418 1566 1522 1605 una
1572 1551 1750 1622 lingua
1795 1552 2105 1618 laudemus,

519 1645 632 1701 fieri
669 1645 893 1715 nequit;
925 1644 1022 1699 sed
1071 1643 1232 1698 etiam
1276 1643 1320 1698 si
1351 1653 1604 1700 sexcenta
1644 1645 1799 1699 nobis
1841 1661 1934 1700 ora
1985 1647 2110 1700 toti-

514 1741 747 1810 demque
776 1739 973 1811 linguae
1009 1746 1389 1809 suppeterent,
1418 1755 1601 1809 parem
1645 1748 1823 1797 tamen
1867 1740 2111 1796 laudibus

514 1833 819 1888 orationem
865 1849 970 1887 non
1014 1832 1373 1889 allerremus:
1421 1834 1670 1904 idemque
1709 1834 1840 1889 mihi
1883 1834 2119 1900 accidit,

515 1939 640 1980 cum
669 1933 876 1994 septem
900 1932 1194 1995 martyrum
1219 1925 1473 1994 praeclara
1501 1925 1637 1981 facta
1655 1935 1938 1992 contueor,
1968 1928 2111 1997 quod

517 2030 684 2070 avaro
708 2015 939 2086 cuipiam
980 2015 1221 2083 homini,
1250 2017 1340 2087 qui
1378 2015 1513 2072 fonti
1551 2017 1785 2076 assideat
1821 2032 1955 2072 auro
1993 2032 2110 2077 ma-

518 2107 689 2174 nanti,
719 2107 771 2161 in
797 2123 904 2176 quo
942 2117 1146 2178 septem
1193 2109 1304 2164 sint
1329 2109 1475 2176 tubi,
1511 2125 1574 2166 ac
1616 2118 1786 2166 totum
1828 2110 2114 2167 exhaurire

517 2209 775 2267 conetur,
832 2200 927 2256 sed
981 2201 1154 2255 multo
1211 2201 1576 2273 immensoque
1632 2203 1814 2259 labore
1869 2206 2114 2274 impenso

520 2292 707 2363 majori
754 2301 903 2363 parte
929 2293 1184 2349 derelicta
1228 2295 1466 2350 recedat.
1496 2293 1721 2350 Fontem
1761 2295 1903 2354 enim
1939 2309 2113 2365 quau-

521 2385 714 2438 tumvis
760 2385 1109 2451 exbauseris,
1159 2400 1284 2456 pars
1339 2387 1510 2456 major
1550 2395 1727 2442 tamen
1772 2387 2112 2458 relinquitur.

519 2474 657 2542 Quid
688 2475 887 2545 igitur?
913 2491 980 2531 an
1008 2478 1131 2548 quia
1162 2493 1259 2546 pro
1285 2477 1543 2548 dignitate
1570 2478 1751 2549 largiri
1783 2493 1890 2534 non
1918 2494 2115 2550 possu-

521 2582 660 2635 mus,
705 2569 1171 2625 conticcscemus?
1211 2569 1428 2625 Minime
1467 2585 1637 2626 vero:
1666 2581 1932 2642 martyres
1969 2572 2116 2627 enim

518 2670 678 2728 sunt,
705 2663 797 2733 qui
820 2664 959 2718 dona
987 2663 1320 2734 suscipiunt,
1349 2673 1403 2719 et
1425 2663 1477 2719 in
1513 2664 1716 2734 judicio
1752 2665 1821 2720 de
1851 2665 2114 2736 ejusmodi

524 2753 808 2826 largitione
857 2755 1079 2812 ferendo
1124 2763 1280 2812 suum
1321 2758 1605 2817 Dominum
1646 2758 1944 2813 imitantur.
1979 2759 2118 2827 Quid

522 2845 684 2915 igitur
726 2846 816 2901 ille
872 2845 1036 2902 facit?
1081 2847 1217 2904 Cum
1265 2849 1407 2906 dona
1451 2849 1716 2920 quispiam
1773 2851 1964 2918 offert,
2009 2867 2116 2907 non

524 2936 718 2999 oblata:
746 2937 824 2994 rei
856 2939 1301 3009 magnitudinem,
1330 2941 1425 2997 sed
1451 2942 1781 2998 alacritatem
1812 2944 1976 3004 animi
2002 2944 2119 3014 ejus

523 3028 612 3096 qui
642 3028 899 3084 obtulerit
919 3031 1200 3088 attendens
1231 3033 1509 3103 prtcm'ium
1536 3033 1844 3092 admetitur.
1874 3035 1962 3090 Sic
1991 3050 2118 3105 erga

525 3119 737 3174 viduam
768 3121 909 3176 illam
939 3137 999 3177 se
1023 3123 1190 3193 gessit
1225 3143 1237 3178 :
1269 3125 1405 3182 duos
1433 3125 1622 3182 obolos
1669 3126 1886 3185 demisit
1927 3127 2122 3183 mulier

525 3211 674 3284 (Luc.
703 3212 794 3269 2|.
824 3215 1012 3288 2-4),
1043 3225 1097 3272 et
1137 3216 1268 3285 illis,
1310 3219 1397 3288 qui
1443 3219 1608 3274 multa
1634 3219 1984 3286 demiserant,
2024 3235 2122 3276 an-

525 3307 684 3361 telata
711 3317 831 3364 est:
863 3323 968 3364 non
999 3311 1140 3366 enim
1169 3311 1408 3381 pecunire
1435 3312 1776 3382 paucitatem,
1819 3312 1912 3369 sed
1954 3312 2120 3368 animi

528 3400 980 3469 magnificentiam
1040 3403 1279 3473 respexit
1327 3404 1509 3460 Deus:
1555 3404 1696 3461 oboli
1736 3404 1844 3460 duo
1898 3405 2124 3474 pecunia

528 3486 741 3568 (Μήτι),
770 3494 864 3547 sed
893 3495 1107 3552 talentis
1132 3495 1250 3550 auri
1287 3495 1561 3554 sexcentis
1602 3498 1888 3567 pretiosior
1910 3497 2122 3553 animus

525 3598 660 3644 erat.
689 3588 959 3646 Audacter
995 3588 1157 3659 igitur
1183 3588 1252 3644 ad
1279 3587 1599 3646 laudandum
1629 3588 2038 3660 aggrediamur,
2068 3598 2125 3645 et

532 3682 676 3752 quod
705 3681 820 3742 heri
849 3681 1078 3751 egimus,
1107 3681 1160 3738 id
1205 3695 1347 3738 nunc
1371 3680 1552 3745 etiam,
1581 3681 1625 3736 si
1655 3682 1848 3752 placet,
1880 3696 2120 3753 agamus.

530 3775 655 3830 lleri
683 3772 950 3844 siquidem
980 3773 1033 3828 in
1061 3773 1233 3829 solius
1261 3772 1445 3828 matris
1475 3773 1663 3830 laudes
1698 3789 2005 3830 sermonem
2037 3783 2120 3831 to-

529 3876 640 3920 tum
670 3864 1047 3934 impendimus,
1071 3864 1214 3935 quod
1243 3879 1272 3918 a
1306 3864 1463 3920 nobis
1489 3864 1686 3924 factum
1712 3874 1813 3930 est,
1844 3880 1949 3920 non
1980 3867 2122 3936 quod

529 3972 648 4017 eam
677 3973 709 4014 a
757 3956 986 4014 filiorum
1033 3957 1200 4012 choro
1245 3957 1477 4013 avellere
1516 3956 1875 4024 studeremus,
1921 3959 2018 4016 sed
2067 3967 2127 4016 ut

529 4050 753 4108 tutiores
778 4050 932 4110 mltis
956 4050 1169 4110 divitias
1193 4049 1540 4110 redderemus
1566 4068 1579 4106 :
1605 4051 1748 4123 quod
1774 4052 1956 4123 utique
1982 4066 2127 4111 nunc

530 4157 745 4214 quoque
785 4154 1142 4213 pauestemus:
1201 4159 1308 4200 uno
1351 4143 1580 4202 filiorum
1628 4144 1896 4212 abducto,
1943 4144 2013 4201 de
2058 4159 2126 4200 eo

531 4250 699 4304 pauca
726 4234 968 4294 dicamus
998 4252 1012 4289 :
1043 4235 1334 4294 verendum
1364 4243 1446 4290 est
1475 4236 1619 4291 enim
1652 4252 1719 4292 ne
1747 4245 1952 4306 septem
1978 4251 2125 4290 mar-

531 4331 707 4401 tyrum
721 4328 904 4384 laudes
924 4343 1021 4388 ceu
1039 4337 1245 4397 septem
1266 4327 1481 4386 flumina
1499 4328 1781 4386 confertim
1802 4328 2126 4386 continentia

530 4439 842 4480 sermonem
883 4423 1040 4478 nobis
1079 4423 1339 4480 i-nundent
1361 4430 1419 4478 et
1445 4423 1697 4480 obruant.
1743 4422 1922 4480 Unum
1967 4423 2126 4492 igitur

532 4533 598 4574 ex
621 4517 912 4588 juvenibus
940 4530 1275 4574 assumamus
1295 4559 1309 4584 ,
1341 4533 1446 4574 non
1476 4526 1652 4574 tamen
1681 4527 1740 4573 ut
1777 4518 1919 4574 hunc
1950 4517 2124 4586 ipsum

533 4628 562 4664 a
591 4611 758 4666 choro
801 4613 1022 4666 fratrum
1057 4610 1465 4677 abstrahamus,
1494 4610 1590 4666 sed
1628 4620 1692 4666 ut
1729 4609 1982 4665 leviorem
2013 4624 2130 4664 sar—

533 4703 710 4759 cinam
745 4712 986 4760 nostram
1034 4703 1324 4758 reddamus
1371 4721 1385 4757 :
1435 4703 1697 4774 siquidem
1756 4717 1864 4758 uno
1913 4700 2129 4760 laudato

534 4797 835 4850 communis
861 4805 916 4850 et
941 4796 1061 4851 aliis
1086 4795 1192 4850 erit
1215 4810 1436 4860 corona,
1459 4795 1889 4866 quandoquidem
1915 4809 2132 4851 eorum-

535 4886 659 4941 dem
705 4896 982 4943 consortes
1018 4889 1372 4944 certaminum
1399 4888 1635 4966 fuerunt
1660 4903 1866 4943 omnes.
1914 4887 2019 4943 Sed
2051 4887 2132 4942 in-

537 4986 688 5048 geret
713 4993 772 5033 se
798 4978 952 5034 nobis
986 4981 1147 5050 plane
1176 4981 1336 5036 hodie
1368 4995 1581 5057 quoque
1609 4988 1801 5046 mater,
1831 4980 1956 5035 licet
1985 4981 2128 5034 illam

539 5087 645 5126 non
676 5071 1001 5140 attingamus
1026 5089 1038 5124 :
1069 5073 1290 5128 omnino
1326 5073 1469 5128 enim
1500 5073 1640 5127 illam
1670 5073 1838 5127 series
1866 5073 2131 5128 sermonis

537 5162 790 5230 attrahct,
822 5177 922 5218 nec
965 5163 1215 5220 deserere
1254 5179 1450 5234 pueros
1494 5165 1732 5230 poterit:
1761 5179 1884 5218 nam
1931 5181 2049 5234 quae
2077 5163 2131 5220 in

538 5259 924 5315 certaminibus
951 5273 981 5314 a
1011 5257 1198 5313 liberis
1222 5259 1336 5314 suis
1368 5273 1476 5314 non
1497 5258 1776 5324 discessit,
1805 5273 1904 5314 nec
1933 5258 1986 5313 in
2018 5257 2134 5312 lau-

540 5351 694 5408 dibus
716 5368 776 5408 se
795 5352 865 5408 ab
894 5352 974 5408 eis
998 5351 1260 5422 seiunget.

611 5445 866 5500 Postremi
902 5462 968 5500 ex
1015 5445 1256 5516 fratribus
1281 5443 1531 5498 laudatio.
1560 5472 1635 5484 ——
1659 5441 1957 5510 Quemnam
2007 5456 2136 5511 ergo

539 5553 606 5592 ex
635 5546 838 5609 septem
873 5539 1092 5594 athletis
1123 5539 1284 5593 vultis
1303 5536 1683 5592 assumamus?
1708 5553 1835 5592 num
1867 5536 2130 5606 primum,

540 5630 622 5685 vel
653 5631 970 5696 secundum,
998 5631 1082 5686 vel
1105 5631 1341 5696 tertium,
1369 5629 1452 5685 vel
1476 5627 1843 5700 postremum?
1868 5627 1980 5684 [mo
2010 5643 2137 5684 vero

544 5721 725 5777 utullus
760 5723 903 5778 inter
941 5737 1038 5778 eos
1065 5731 1150 5780 est
1195 5731 1501 5793 postremus
1534 5737 1548 5775 :
1593 5721 1792 5778 chorus
1835 5723 1977 5776 enim
2029 5729 2134 5786 est,

542 5814 697 5872 chori
719 5831 847 5872 vero
873 5831 1044 5888 neque
1074 5817 1394 5888 principium
1419 5830 1595 5887 neque
1619 5815 1739 5870 finis
1763 5823 2018 5886 apparet;
2044 5814 2138 5870 sed

543 5923 601 5968 ut
622 5900 812 5968 melius
832 5911 1200 5981 designemus,
1224 5926 1384 5982 quem
1404 5909 1708 5979 laudamus,
1732 5908 1962 5965 dicimus
1980 5915 2138 5966 tetale

2217 1293 2587 1354 postremum:
2635 1294 2762 1340 sunt
2805 1283 2948 1338 enim
2989 1299 3242 1354 germana
3287 1285 3590 1355 similiaque
3628 1296 3773 1342 certa

2212 1379 2379 1444 mina,
2409 1387 2465 1432 et
2492 1386 2719 1446 cognata
2752 1377 2890 1432 inter
2926 1391 2986 1432 se
3027 1387 3172 1432 recte
3203 1376 3337 1432 facta
3365 1394 3379 1429 :
3408 1377 3498 1433 ubi
3536 1394 3670 1434 vero
3710 1395 3803 1434 co—

2211 1471 2394 1538 gnatio
2417 1477 2565 1523 recte
2592 1467 2852 1522 factortun
2888 1476 2972 1523 est
2991 1509 3004 1532 ,
3039 1483 3144 1524 non
3172 1468 3242 1523 ibi
3270 1470 3473 1538 primus
3501 1479 3583 1525 est
3601 1480 3695 1526 aut
3720 1486 3804 1526 se-

2212 1561 2441 1618 cundus.
2505 1562 2881 1618 Assumamus-
2916 1562 3075 1632 igitur
3135 1573 3296 1618 aetate
3361 1573 3698 1634 postremum
3753 1575 3804 1622 et

2215 1653 2583 1723 magnitudine
2631 1653 2797 1708 animi
2840 1669 3104 1720 com-vum,
3152 1670 3252 1710 nec
3299 1655 3556 1711 fratribus
3605 1665 3804 1712 tantum

2216 1761 2488 1812 coaevum,
2522 1746 2614 1802 sed
2645 1747 2742 1816 ipsi
2775 1747 2936 1802 etiam
2968 1747 3104 1804 seni.
3137 1748 3298 1804 Solus
3323 1763 3392 1804 cx
3422 1748 3682 1804 fratribus
3724 1750 3808 1805 hic

2216 1839 2424 1895 solutus
2443 1839 2510 1895 ad
2544 1847 2810 1896 tormenta
2831 1838 3126 1896 ducebatur
3150 1856 3165 1894 :
3193 1857 3299 1895 non
3322 1842 3465 1897 enim
3493 1843 3806 1898 carnificum

2217 1947 2408 1990 manus
2456 1933 2822 2002 exspectavit,
2867 1931 2962 1987 sed
3007 1932 3219 1987 illorum
3274 1932 3649 1988 crudelitatem
3693 1931 3805 1988 ala-

2217 2025 2408 2084 critate
2455 2025 2618 2082 animi
2667 2025 2958 2095 prmvenit,
3009 2034 3064 2080 et
3111 2025 3318 2080 solutus
3367 2025 3684 2080 ducebatur.
3735 2025 3810 2079 Ae

2219 2118 2443 2172 fratrum
2476 2117 2692 2188 quidem
2722 2118 2926 2174 nullum
2973 2117 3160 2172 habuit
3195 2127 3550 2188 spectatorem
3583 2135 3601 2172 :
3629 2132 3808 2172 ornnes

2220 2209 2363 2265 enim
2383 2209 2596 2268 fuerant
2618 2209 2729 2280 jam
2755 2219 2929 2265 morte
2948 2209 3176 2275 sublati;
3204 2210 3297 2265 sed
3327 2209 3640 2279 prteclarius
3665 2209 3810 2264 thea-

2219 2309 2383 2369 trum,
2436 2317 2595 2372 quam
2639 2302 2858 2366 fratres,
2903 2301 3094 2356 habuit
3137 2302 3324 2356 oculos
3370 2301 3579 2356 matris.
3628 2300 3812 2357 Nonne

2220 2395 2464 2452 dicebam
2492 2393 2668 2460 vobis,
2701 2394 2842 2464 quod
2872 2394 2996 2449 licet
3016 2408 3121 2448 non
3150 2393 3491 2449 studentibus
3508 2392 3669 2448 nobis
3693 2408 3808 2447 em-

2221 2487 2352 2542 nino
2397 2501 2520 2543 sese
2560 2487 2720 2542 etiam
2769 2495 2943 2542 mater
2981 2486 3225 2556 ingeret?
3269 2485 3414 2540 Ecce
3459 2485 3607 2539 illam
3651 2484 3810 2540 series

2221 2581 2490 2636 sermonis
2534 2579 2849 2638 introduxit.
2895 2579 3006 2634 lloe
3046 2593 3176 2634 vero
3205 2578 3472 2634 theatrum
3500 2576 3640 2634 adeo
3680 2591 3810 2646 pra:-

2221 2673 2425 2728 clarum
2454 2680 2573 2728 erat
2593 2683 2646 2728 et
2669 2687 2942 2742 magnum,
2974 2680 3033 2727 ut
3046 2671 3235 2740 ipsum
3254 2670 3568 2740 angelorum
3593 2678 3806 2733 ctutum,

2223 2767 2335 2821 imo
2379 2781 2509 2821 vero
2563 2765 2754 2820 fratres
2799 2773 3132 2832 spectatores
3179 2762 3434 2826 haberet,
3482 2776 3594 2816 non
3631 2760 3738 2830 jam
3780 2773 3809 2812 ι

2224 2868 2388 2924 terra,
2411 2857 2506 2913 sed
2527 2872 2557 2912 e
2574 2857 2738 2911 cadis.
2759 2855 3013 2913 Coronati
3030 2855 3194 2922 enim,
3219 2864 3274 2909 ut
3298 2855 3350 2909 in
3384 2853 3679 2926 Olympicis
3700 2867 3812 2908 cer-

2224 2949 2513 3005 taminibus
2550 2947 2782 3017 jndiccs,
2811 2946 3195 3011 considebant,
3223 2959 3330 3000 non
3359 2954 3418 3000 ut
3456 2944 3809 3000 certaminum

2219 3043 2422 3114 judicio
2449 3049 2764 3111 prmessent,
2787 3055 2972 3094 verum
2996 3047 3053 3093 ut
3077 3039 3332 3094 victorem
3361 3035 3426 3091 ad
3451 3033 3808 3106 accipiendam

2224 3151 2480 3192 coronam
2527 3136 2834 3190 incitarent.
2865 3133 3054 3187 Stabat
3093 3131 3253 3202 igitur
3291 3130 3528 3193 solutus,
3561 3141 3620 3184 et
3646 3127 3809 3198 philo-

2227 3229 2431 3298 sophia:
2457 3228 2615 3298 plena
2659 3227 2938 3295 proferens
2981 3225 3186 3282 verba:
3219 3221 3482 3291 siquidem
3533 3230 3809 3290 tyrannum

2225 3323 2473 3378 Studebat
2501 3321 2569 3378 ad
2611 3321 2864 3391 pietatem
2903 3333 3052 3373 suam
3095 3315 3408 3380 traducere;
3436 3329 3559 3369 cum
3604 3326 3728 3368 vero
3763 3309 3809 3364 id

2227 3418 2448 3477 minime
2463 3415 2742 3486 potuisset,
2773 3411 2912 3484 quod
2934 3426 3151 3466 suarum
3171 3410 3400 3479 partium
3428 3415 3546 3462 erat
3565 3406 3812 3473 deinceps

2227 3509 2496 3581 praestitit,
2525 3507 2788 3577 supplicio
2814 3505 3048 3574 scipsum
3078 3501 3344 3572 exposuit.
3375 3501 3548 3568 Atque
3591 3498 3681 3552 ille
3705 3493 3812 3564 qui-

2227 3603 2350 3660 dem
2372 3618 2492 3658 cum
2515 3601 2689 3656 :etatis
2708 3599 2877 3670 gratia
2902 3595 3280 3658 miserabatur,
3303 3593 3388 3647 hic
3403 3607 3530 3647 vero
3549 3591 3698 3645 illum
3716 3588 3811 3641 im—

2227 3696 2444 3768 pietatis
2468 3708 2630 3749 causa
2657 3691 2927 3753 deﬂebat;
2958 3705 3067 3744 non
3099 3687 3243 3744 enim
3269 3685 3454 3741 eadem
3487 3684 3705 3754 respicit
3736 3692 3811 3752 ty—

2228 3803 2430 3844 rannus
2480 3794 2538 3841 et
2573 3795 2818 3856 martyr:
2862 3798 2984 3837 nam
3030 3783 3244 3850 utrique
3282 3788 3406 3833 Sunt
3440 3775 3606 3831 iidem
3649 3773 3808 3836 oculi,

2231 3895 2417 3937 verum
2457 3879 2668 3944 carnis,
2699 3876 2821 3932 fidei
2859 3890 2990 3932 vero
3038 3873 3180 3929 oculi
3221 3889 3327 3927 non
3372 3871 3564 3934 iidem;
3597 3868 3692 3924 sed
3731 3865 3812 3920 ille

2229 3973 2449 4044 quidem
2491 3979 2813 4042 priesentcm
2863 3970 3026 4023 vitam
3069 3965 3419 4036 respiciebat,
3450 3962 3537 4017 hic
3565 3977 3692 4018 vero
3733 3973 3813 4014 rev

2231 4064 2491 4135 spiciebat
2520 4061 2776 4127 futuram,
2811 4060 2878 4115 ad
2905 4076 3064 4131 quam
3101 4067 3218 4113 erat
3253 4057 3562 4112 evolaturus
3587 4070 3606 4110 :
3633 4063 3810 4124 tyran-

2231 4172 2334 4212 nus
2363 4156 2580 4227 quidem
2608 4154 2909 4224 sartagines
2937 4151 3175 4214 videbat,
3206 4158 3262 4203 at
3287 4148 3590 4219 gehennam
3620 4151 3814 4214 martyr

2234 4249 2472 4315 videbat,
2507 4248 2559 4301 iu
2589 4262 2750 4315 quam
2781 4259 2839 4298 se
2867 4243 3161 4311 iniecturus
3187 4250 3302 4296 erat
3330 4249 3609 4311 tyrannus.

2301 4342 2510 4413 Confert
2541 4339 2943 4394 Maccabwerum
2981 4353 3137 4390 unum
3164 4351 3278 4389 cum
3305 4333 3475 4387 Isaac.
3504 4362 3575 4373 —
3594 4327 3740 4399 Quod
3772 4324 3812 4380 si

2233 4437 2379 4491 Isaac
2405 4433 2701 4494 laudamus,
2728 4429 2870 4500 quod
2913 4443 2944 4482 a
2985 4438 3136 4498 patre
3175 4427 3382 4480 vinctus
3411 4432 3467 4478 et
3494 4419 3813 4491 compedium

2232 4530 2299 4584 ab
2325 4526 2478 4582 altari
2525 4540 2628 4578 non
2668 4521 2952 4578 recesserit
3001 4519 3204 4590 (lienes.
3248 4514 3364 4590 99.),
3407 4529 3504 4568 nec
3551 4513 3812 4567 admotum

2234 4636 2458 4676 cernens
2475 4618 2706 4688 gladium
2731 4614 2997 4678 resilierit,
3018 4611 3184 4665 multo
3201 4609 3284 4663 hic
3305 4607 3508 4678 :equius
3533 4601 3814 4660 laudandus

2234 4724 2336 4779 cst,
2366 4729 2472 4784 quo
2501 4713 2710 4766 vinctus
2737 4725 2842 4763 non
2872 4708 2959 4771 sit,
2999 4719 3174 4774 neque
3215 4701 3544 4756 vinculorum
3590 4692 3812 4752 necessi-

2237 4817 2343 4862 tate
2369 4783 2672 4875 indiguerit.
2715 4816 2886 4870 neque
2914 4799 3222 4853 carnilicum
3255 4807 3444 4846 manus
3485 4783 3812 4859 exspectarit,

2237 4899 2330 4955 sed
2368 4899 2480 4967 ipse
2505 4896 2605 4950 sibi
2631 4905 2684 4950 et
2709 4893 2959 4955 victimte,
2992 4897 3046 4943 et
3070 4885 3380 4950 sacerdotis,
3421 4891 3476 4938 et
3503 4880 3684 4936 altaris
3708 4877 3815 4931 loco

2238 4992 2418 5047 fuerit.
2447 4990 2576 5045 Cum
2625 4987 2767 5042 enim
2813 4984 3166 5052 undequaque
3207 4973 3688 5044 circumspexisset,
3728 4977 3815 5020 nec

2239 5086 2403 5140 ullum
2434 5098 2500 5138 ex
2532 5080 2783 5135 fratribus
2825 5076 3014 5130 adesse
3055 5071 3296 5134 vidisset,
3329 5065 3670 5123 conturbatus
3694 5065 3772 5114 est
3799 5070 3811 5106 :

2240 5191 2299 5237 ut
2325 5187 2634 5251 properaret
2654 5176 2902 5231 incitatus
2927 5178 3028 5234 est,
3059 5178 3112 5224 et
3127 5175 3522 5235 assequemur,
3555 5173 3664 5215 nea
3694 5167 3815 5224 prat-

2241 5277 2386 5332 claro
2413 5275 2504 5327 illo
2537 5270 2701 5325 choro
2741 5271 3099 5335 separaretur.
3141 5259 3266 5314 Ideo
3304 5253 3611 5310 carnificum
3643 5255 3815 5302 manus

2242 5387 2348 5426 non
2370 5362 2697 5436 exspectavit
2726 5379 2738 5413 :
2768 5357 3026 5428 siquidem
3053 5350 3264 5424 tyranni
3291 5345 3626 5404 clementiam
3658 5336 3812 5436 refot-

2243 5433 2499 5526 midabat,
2555 5466 2621 5512 ne
2670 5455 2805 5509 forte
2845 5451 3010 5521 ipsius
3056 5447 3305 5501 misertus
3357 5454 3480 5494 eum
3523 5451 3552 5490 a
3581 5433 3816 5489 societate

2244 5525 2771 5610 fratrumavellcret
2824 5561 2840 5598 :
2890 5549 3168 5612 propterea
3223 5531 3554 5604 prmveniens
3599 5525 3812 5612 scipsum

2246 5608 2464 5704 immani
2512 5643 2652 5697 illius
2704 5608 3016 5692 humanitati
3063 5626 3355 5701 prteripuit.
3415 5619 3622 5676 Etenim
3664 5608 3812 5711 millia

2246 5749 2431 5801 erant,
2471 5751 2592 5805 qure
2649 5743 2930 5804 tyrannum
2976 5734 3196 5793 possent
3245 5717 3517 5774 inﬂectere
3545 5699 3813 5805 {juvenilis

2247 5843 2398 5895 aetas,
2431 5803 2510 5884 tot
2535 5803 2757 5881 fratrum
2789 5819 3132 5890 supplicium.
3157 5810 3300 5885 quod
3327 5807 3414 5862 vel
3456 5805 3524 5860 ad
3553 5803 3704 5856 feram
3732 5805 3814 5895 ct-

2251 5894 2546 5980 satiandam
2581 5924 2761 5989 posset
2787 5911 3053 5975 sufficere,
3079 5903 3290 5962 tametsi
3330 5899 3419 5956 ille
3448 5901 3702 5952 salut-atus
3720 5894 3806 5938 no.1
