4104 6438
291 458 403 513 625

287 568 521 641 πλησίον
548 567 756 643 αὐτῶν,
785 572 879 623 καὶ
909 569 1008 640 τῆς
1034 571 1204 641 αὐτῆς
1238 573 1532 641 μετασχεῖν
1562 569 1715 643 [69.8]
1743 574 1884 641 παῤ-

289 649 524 722 ρησίας·
572 642 640 719 ἦς
686 648 898 717 γένοιτο
939 648 1148 711 πάντας
1177 652 1325 719 ἡμᾶς
1367 642 1669 719 ἐπιτυχεῖν,
1700 650 1885 721 χάριτι

290 729 391 784 καὶ
424 727 810 801 φιλανθρωπίᾳ
838 725 931 778 τοῦ
962 728 1167 799 Κυρίου
1196 728 1356 799 ἡμῶν
1392 728 1565 797 Ἰησοῦ
1605 728 1844 799 Χριστοῦ
1868 768 1882 791 ,

1593 453 1681 507 DE
1722 451 1951 508 ΜΔΕοΑ
1963 449 2162 507 ΒΑῑιδ.
2204 448 2268 505 ll.

3468 448 3572 502 626

1992 570 2059 622 δι’
2107 563 2169 624 οὗ
2215 571 2311 624 καὶ
2362 570 2478 641 μεθ’
2512 560 2573 622 οὗ
2621 567 2699 639 τῷ
2748 568 2924 638 Πατρὶ
2962 564 3120 631 δόξα,
3167 566 3282 637 ἅμα
3322 565 3397 637 τῷ
3440 566 3578 635 ἀγίῳ

1995 648 2294 721 Πνεύματι,
2342 648 2437 701 νῦν
2480 649 2577 701 καὶ
2623 648 2746 713 ἀεὶ,
2795 648 2891 701 καὶ
2936 648 3017 713 εἰς
3059 647 3183 709 τοὺς
3222 644 3423 711 αἰῶνας
3470 645 3578 699 τῶν

1995 728 2228 782 αἰώνων.
2265 730 2323 780 ’Δ
2331 729 2459 799 μήν.

2533 975 2879 986 __—————._.

1031 1210 1203 1296 ΕΙΣ
1240 1207 1531 1295 ΤΟΥΣ
1575 1206 1985 1295 ΛΓΙΟΥΣ
2025 1211 2861 1300 ΜΛΚΚΑΒΛΙΟΥΣ.

918 1692 1152 1760 Ὀμιλία
1186 1692 1268 1755 β’.

374 1788 445 1835 α’.
470 1781 749 1840 "Aram/ca;
782 1775 882 1846 μὲν
907 1771 999 1828 οὖν
1023 1775 1367 1845 ἐγκωμιάσαι
1392 1776 1516 1837 τοὺς
1540 1774 1726 1841 ἁγίους
1755 1774 1890 1845 μάρ-

300 1881 478 1938 τυρας
519 1863 579 1916 οὐ
606 1860 830 1915 δυνατὸν
863 1861 963 1930 μιᾷ
986 1858 1223 1930 γλώττῃ.
1256 1859 1390 1911 ἀλλὰ
1420 1859 1524 1912 xiv
1566 1860 1735 1930 μυρία
1771 1860 1892 1912 στό-

307 1967 457 2019 ματα
491 1948 703 2018 ἔχωμεν
725 1945 820 1998 καὶ
849 1943 1097 2012 γλώττας
1137 1942 1426 2006 τοσαύτας,
1454 1942 1759 2012 λειπόμεθα
1791 1943 1899 1996 τῶν

306 2031 603 2101 ἐγκωμίων
623 2046 637 2059 ·
663 2029 756 2082 καὶ
788 2025 985 2080 ταὺτδν
1013 2027 1211 2096 πάσχω
1235 2028 1370 2098 πρὸς
1403 2025 1472 2078 τὰ
1498 2026 1901 2099 κατορθώματα

305 2115 422 2166 τῶν
458 2113 597 2166 ἑπτὰ
637 2112 931 2182 μαρτύρων
967 2110 1133 2183 ὀρῶν,
1162 2104 1273 2163 οἷον
1309 2111 1374 2163 ἂν
1405 2111 1451 2161 εί
1494 2109 1903 2181 φιλοχρήματος

306 2198 631 2265 ἄνθρωπος,
670 2195 900 2258 ἐπιστάς
934 2196 1084 2264 πηγῇ
1124 2194 1326 2264 ῥεούσῃ
1361 2193 1562 2264 χρυσον
1606 2194 1746 2247 ἐτττά
1784 2196 1904 2247 στό-

313 2298 467 2353 ματα
497 2279 728 2351 ἐχούσῃ,
767 2278 949 2330 πᾶσαν
996 2277 1095 2347 μὲν
1138 2276 1310 2347 αὐτὴν
1336 2276 1663 2347 ἐξαντλῆσαι
1698 2278 1905 2347 ἐπιχει-

313 2366 439 2435 ροίη
460 2406 475 2430 ,
514 2363 654 2434 μετά
687 2362 744 2416 δὲ
772 2361 866 2415 τδν
892 2361 1059 2414 πολὺν
1094 2361 1187 2414 καὶ
1215 2359 1422 2429 ἄφατον
1454 2361 1615 2414 πόνον
1656 2361 1717 2413 τὸ
1746 2360 1907 2413 πλέον

311 2450 478 2516 ἀφεὶς
522 2446 767 2501 ἀπέλθοι.
800 2444 998 2515 Πηγῆς
1025 2444 1135 2515 γὰρ
1172 2445 1297 2498 ὅσον
1341 2443 1409 2499 ἂν
1444 2444 1781 2517 ἐξαντλήσῃς
1804 2489 1819 2508 ,
1848 2444 1910 2497 τὸ

312 2532 484 2585 πλέον
525 2530 902 2584 ἀπολείπεται.
959 2528 1021 2581 Τί
1063 2525 1189 2597 οὗν;
1232 2529 1420 2599 ἐπειδὴ
1463 2529 1533 2581 τά
1580 2530 1700 2582 κατ’
1754 2528 1911 2592 ἀξίαν

313 2616 650 2683 εἰσενεγκεῖν
710 2614 773 2667 οὐ
834 2612 1154 2682 δυνάμεθα,
1224 2616 1560 2684 σιγήσομεν;
1617 2613 1906 2683 Οὐδαμῶς.

314 2698 616 2770 Μάρτυρες
647 2697 756 2768 γάρ
786 2698 925 2750 είσιν
953 2698 1002 2749 οί
1036 2697 1104 2749 τά
1158 2696 1308 2769 δῶρα
1345 2697 1650 2767 δεχόμενοι,
1687 2700 1783 2751 καὶ
1818 2698 1911 2751 τὸν

317 2782 532 2835 ἑαυτῶν
559 2781 838 2852 Δεσπότην
867 2779 1164 2851 μιμοῦνται,
1190 2781 1247 2833 ἐν
1272 2783 1339 2851 τῇ
1372 2780 1553 2852 κρίσει
1598 2782 1701 2851 τῆς
1727 2780 1911 2835 τοιαύ-

317 2884 421 2937 της
465 2865 803 2936 φιλοτιμίας.
855 2864 981 2926 Πῶς
1021 2863 1080 2916 δὲ
1123 2864 1332 2927 ἐκεῖνος
1380 2866 1553 2927 ποιεῖ;
1602 2864 1773 2918 ’Όταν
1828 2882 1914 2928 τις

324 2948 672 3021 προσενέγκῃ
706 2948 888 3020 δῶρα,
925 2948 985 3001 οὐ
1011 2947 1089 3018 τῷ
1121 2948 1345 3019 μεγέθει
1387 2947 1482 3001 τοῦ
1521 2948 1915 3020 προσενεχθέν-

320 3049 450 3098 τος,
484 3030 621 3085 ἀλλά
664 3033 733 3102 τῇ
774 3029 1055 3102 προθυμίᾳ
1092 3031 1185 3084 τοῦ
1223 3032 1693 3102 προσενέγκαντος
1741 3051 1914 3103 προσ-

323 3115 467 3185 έχων
519 3116 711 3185 μετρεῖ
737 3113 837 3185 τὴν
865 3114 1157 3169 ἀντίδοσιν.
1190 3113 1378 3179 Οὕτως
1412 3116 1669 3187 ἐποίησεν
1699 3117 1793 3169 ἐπὶ
1817 3119 1915 3187 τῆς

321 3202 502 3270 χήρας
529 3199 782 3270 ἐκείνης·
827 3197 920 3251 δύο
948 3197 1251 3253 κατέϐαλεν
1287 3198 1509 3264 ὀϐολοὺς
1542 3202 1575 3272 ὴ
1621 3200 1791 3271 γυνὴ,
1823 3202 1918 3254 καὶ

323 3281 671 3355 προετιμήθη
702 3281 811 3335 τῶν
835 3282 1006 3335 πολλά
1038 3282 1529 3352 καταϐεϐληκότων
1552 3299 1563 3309 ο
1594 3284 1656 3335 οὐ
1681 3286 1788 3354 γὰρ
1819 3283 1918 3352 τὴν

325 3368 624 3439 ὀλιγότητα
654 3367 763 3421 τῶν
799 3367 1121 3438 χρημάτων,
1152 3365 1290 3420 ἀλλὰ
1314 3367 1413 3438 τὴν
1444 3367 1792 3421 πολυτέλειαν
1821 3369 1919 3439 τῆς

326 3449 556 3525 γνώμης
586 3447 726 3504 είδεν
762 3451 791 3503 6
829 3451 961 3514 Θεός
982 3467 996 3481 ·
1029 3450 1122 3503 δύο
1151 3449 1331 3503 ὀϐολοὶ
1358 3449 1427 3504 τά
1456 3451 1739 3522 χρήματα,
1783 3452 1921 3506 ἀλλὰ

330 3536 546 3607 μυρίων
572 3535 777 3607 χρυσοῦ
806 3536 1086 3590 ταλάντων
1114 3535 1420 3607 τιμιωτέρα
1448 3538 1480 3607 ἡ
1505 3535 1724 3608 γνώμη.
1742 3536 1920 3604 100-

333 3618 478 3689 μεθα
504 3617 569 3688 δὴ
600 3617 709 3671 τῶν
749 3619 1043 3690 ἐγκωμίων
1085 3618 1448 3691 θαρροῦντες,
1496 3621 1591 3674 καὶ
1626 3622 1764 3692 ὅπερ
1797 3622 1922 3692 χθὲς

329 3702 697 3772 ἐποιήσαμεν,
715 3701 874 3755 τοῦτο
895 3703 946 3755 εί
967 3702 1117 3756 δοκεῖ
1148 3702 1389 3771 γενέσθω
1411 3704 1506 3757 καὶ
1533 3702 1629 3758 νῦν
1648 3720 1662 3734 ·
1693 3705 1786 3757 καὶ
1813 3704 1923 3776 γὰρ

330 3784 465 3854 χθὲς
496 3783 595 3856 τὴν
639 3785 854 3855 μητέρα
903 3785 1274 3850 ἀπολαϐόντες
1306 3790 1474 3857 μόνην
1505 3790 1586 3852 είς
1622 3789 1793 3860 αὐτὴν
1833 3790 1925 3844 τὸν

332 3867 495 3934 λόγον
521 3866 912 3937 ἀνηλώσαμεν·
947 3868 1241 3940 ἐποιοῦμεν
1270 3870 1324 3923 δὲ
1369 3870 1530 3925 τοῦτο
1562 3874 1664 3925 οὐκ
1694 3875 1923 3945 ἀποσχί-

335 3968 433 4003 σαι
467 3948 781 4020 βουλόμενοι
829 3952 926 4005 τοῦ
959 3952 1123 4024 χοροῦ
1172 3953 1279 4007 τῶν
1325 3952 1545 4009 παίδων
1574 3958 1767 4029 αὐτὴν,
1808 3960 1926 4013 ἀλλ’

336 4032 743 4105 ἀσφαλέστερον
766 4035 899 4105 ἡμῖν
920 4039 1332 4091 κατασκευάσαι
1358 4038 1451 4091 τὸν
1480 4038 1709 4094 πλοῦτον
1727 4057 1741 4071 ·
1769 4042 1928 4095 τοῦτο

334 4116 403 4185 δὴ
432 4118 530 4171 καὶ
566 4116 663 4171 νῦν
696 4120 1043 4189 ποιήσωμεν·
1071 4120 1167 4174 ’ένα
1199 4120 1311 4175 τῶν
1338 4121 1545 4175 παίδων
1570 4123 1930 4179 ἀποσπάσαν-

335 4220 453 4268 τες,
510 4204 591 4268 εἰς
629 4203 793 4257 αὐτὸν
836 4205 994 4273 ὀλίγα
1038 4206 1323 4277 εἴπωμεν·
1370 4206 1489 4271 δέος
1532 4207 1642 4279 γὰρ
1684 4209 1757 4280 μή
1799 4226 1930 4263 ποτε

337 4286 595 4359 καθάπερ
645 4286 789 4341 ἐπτά
845 4291 1119 4361 ποταμοὶ,
1170 4292 1220 4344 οί
1264 4290 1376 4345 τῶν
1438 4292 1579 4346 ἐπτά
1637 4293 1932 4365 μαρτύρων

338 4373 559 4425 ἔπαινοι
600 4371 947 4436 συνελθόντες
972 4373 1172 4444 ἀθρόον
1210 4374 1302 4429 τὸν
1339 4374 1499 4443 λόγον
1536 4377 1671 4446 ήμῖν
1706 4376 1932 4429 ἐπικλύ-

344 4470 535 4507 σωσιν.
560 4452 770 4507 Οὐκοῦν
795 4453 892 4508 ἕνα
918 4454 1027 4507 τῶν
1055 4456 1357 4510 νεανίσκων
1386 4457 1776 4529 ἀπολάϐωμεν,
1814 4460 1935 4514 οὐδὲ

340 4538 536 4592 τοῦτον
568 4537 960 4608 ἀποσχίζοντες
992 4539 1087 4592 τοῦ
1132 4538 1297 4611 χοροῦ
1343 4540 1452 4593 τῶν
1480 4541 1726 4610 ἀδελφῶν
1745 4583 1759 4606 ,
1799 4543 1937 4596 ἀλλά

343 4622 553 4691 κοῦφον
596 4625 727 4695 ἡμῖν
775 4623 1057 4687 ποιοῦντες
1106 4625 1169 4678 τὸ
1207 4625 1461 4696 φορτίον·
1510 4627 1608 4681 καὶ
1660 4626 1770 4698 γάρ
1816 4628 1938 4690 ἐνὸς

344 4708 774 4777 ἐπαινουμένου,
824 4708 998 4772 κοινὸς
1065 4709 1161 4761 καὶ
1212 4710 1321 4763 τῶν
1370 4710 1547 4764 ἄλλων
1593 4713 1621 4764 6
1676 4713 1937 4781 στέφανος

346 4792 503 4845 ἔσται
525 4832 539 4853 ,
574 4792 697 4844 ἐπεὶ
729 4794 823 4847 καὶ
866 4792 975 4845 τῶν
1006 4792 1184 4846 ἄθλων
1214 4793 1324 4846 τῶν
1356 4794 1539 4849 αὐτῶν
1572 4794 1940 4866 ἐκοινώνησαν

349 4877 612 4938 ἅπαντες.
652 4876 875 4939 Πάντως
920 4876 977 4929 δὲ
1015 4877 1461 4931 ἐπεισελεύσεται
1506 4880 1638 4949 ἡμῖν
1677 4880 1709 4949 ή
1756 4880 1940 4951 μήτηρ

350 4960 447 5012 καὶ
479 4961 718 5029 σήμερον
740 4997 754 5021 ,
786 4957 889 5011 κᾶν
927 4957 1000 5028 μὴ
1030 4959 1200 5030 αὐτῆς
1232 4958 1567 5030 ἁπτώμεθα·
1604 4961 1637 5030 ή
1669 4961 1777 5029 γὰρ
1807 4962 1939 5014 ἀκο-

347 5042 542 5095 λουθία
587 5041 758 5112 αὐτὴν
795 5040 905 5093 τῶν
932 5042 1106 5110 λόγων
1146 5041 1514 5095 ἐπισπάσεται
1553 5042 1806 5107 πάντως,
1846 5044 1943 5096 καὶ

350 5128 458 5181 οὐκ
487 5125 736 5191 ἀνέξεται
762 5125 980 5195 ἀφεῖναι
1014 5125 1083 5179 τά
1115 5125 1305 5180 παιδία
1323 5142 1338 5157 ·
1362 5127 1412 5179 εί
1437 5125 1548 5196 γὰρ
1576 5129 1633 5180 ἐν
1659 5128 1771 5190 τοῖς
1799 5127 1942 5196 ἀγῶο

354 5226 444 5263 σιν
466 5209 566 5261 οὐκ
587 5207 801 5277 ἀπέστη
829 5207 940 5260 τῶν
972 5207 1235 5277 ἐκγόνων,
1262 5208 1383 5261 οὐδὲ
1412 5209 1469 5261 ἐν
1500 5209 1613 5272 τοῖς
1641 5209 1941 5280 ἐγκωμίοις

355 5291 542 5346 αὐτῶν
565 5290 845 5358 ἀφέξεται.

432 5375 569 5428 Τίνα
587 5370 680 5428 οὖν
700 5373 953 5444 βούλεσθε
973 5374 1079 5427 τῶν
1101 5374 1244 5428 ἐτττά
1273 5374 1637 5445 ἀπολάϐωμεν
1661 5373 1939 5445 ἀθλητῶν;

357 5459 514 5531 Ἀρα
540 5458 631 5511 τὸν
660 5457 898 5529 πρῶτον,
939 5459 971 5528 ἢ
1007 5459 1098 5514 τὸν
1132 5458 1406 5527 δεύτερον,
1456 5457 1488 5527 ἢ
1538 5458 1629 5509 τὸν
1663 5458 1868 5528 τρίτον,
1909 5458 1942 5527 ἢ

355 5544 455 5599 τὸν
488 5541 717 5612 ἔσχατον
742 5557 757 5605 ;
794 5538 943 5610 [(529]
975 5540 1191 5593 Μᾶλλον
1219 5540 1276 5593 δέ
1295 5539 1473 5601 οὐδεὶς
1495 5541 1552 5591 ἐν
1579 5539 1763 5602 αὐτοῖς
1792 5539 1947 5609 ἐσχα-

360 5642 479 5690 τος·
512 5624 671 5696 χορὸς
694 5624 803 5694 γάρ
836 5622 974 5684 ἐστι,
1007 5622 1168 5693 χοροῦ
1201 5623 1257 5676 δὲ
1284 5621 1406 5675 οὔτε
1442 5621 1607 5693 ἀρχὴ,
1639 5621 1764 5674 οὔτε
1794 5622 1947 5686 τέλος

362 5709 648 5781 φαίνεται·
710 5705 826 5758 ἀλλ’
876 5705 964 5757 ἵνα
1016 5705 1438 5777 γνωριμώτερον
1482 5707 1798 5775 ποιήσωμεν
1855 5705 1948 5758 τὸν

363 5788 777 5858 ἐπαινούμενον,
795 5787 886 5839 τὸν
907 5785 1132 5855 ἔσχατον
1154 5790 1220 5858 τῇ
1240 5787 1424 5860 ἡλικία
1448 5787 1700 5856 λέγομεν.
1721 5787 1949 5855 Ἀδελφά

369 5873 484 5942 γὰρ
509 5870 579 5925 τὰ
607 5868 978 5938 παλαίσματα,
1011 5872 1106 5923 καὶ
1146 5870 1382 5941 συγγενῆ
1420 5871 1489 5924 τά
1515 5869 1939 5941 κατορθώματα·

649 5971 925 6029 ΡΑἸιιυι..
974 5969 1090 6027 (in.
1135 5965 1203 6027 L.

2001 1691 2127 1745 ἕνοα
2157 1693 2213 1747 δέ
2241 1696 2274 1767 ή
2307 1698 2599 1767 συγγένεια
2621 1697 3085 1769 κατορθωμάτων,
3104 1698 3203 1751 οὐκ
3232 1695 3349 1750 ἐστι
3373 1697 3589 1769 πρῶτος

2001 1776 2096 1829 καὶ
2128 1777 2401 1852 δεύτερος.
2445 1781 2837 1851 Ἀπολάϐωμεν
2870 1777 2963 1834 οὖν
2996 1780 3085 1833 τὸν
3119 1779 3346 1851 ἔσχατον
3376 1784 3440 1852 τῇ
3473 1782 3589 1853 ήλι-

2000 1859 2096 1930 κία
2119 1861 2211 1914 καὶ
2233 1864 2473 1934 ὁμήλικα
2497 1863 2576 1935 τῷ
2604 1868 2937 1936 φρονήματι,
2955 1864 3017 1916 οὐ
3042 1866 3153 1928 τοῖς
3180 1864 3432 1934 ἀδελφοῖς
3454 1866 3594 1936 631.23-

2001 1942 2129 1996 λικα
2152 1944 2333 2015 μόνον,
2360 1946 2499 2000 ἀλλά
2533 1948 2628 2000 καὶ
2657 1946 2806 2017 αὐτῴ
2838 1946 2916 2017 τῷ
2947 1947 3187 2018 γέροντι.
3225 1943 3395 2013 Οὗτος
3434 1949 3594 2018 μόνος

2002 2026 2111 2079 τῶν
2134 2028 2380 2098 ἀδελφῶν
2413 2029 2704 2101 λελυμένος
2733 2031 2898 2102 ³ήγετο
2918 2032 3053 2101 πρὸς
3076 2029 3145 2083 τὰ
3175 2029 3591 2103 βασανιστήρια·

2004 2112 2065 2165 οὑ
2091 2112 2201 2183 γὰρ
2225 2114 2476 2185 ἀνέμεινε
2503 2114 2601 2178 τὰς
2630 2115 2739 2167 τῶν
2773 2114 2985 2184 δημίων
3013 2117 3207 2185 χεῖρας
3228 2131 3242 2144 ·
3281 2115 3421 2168 ἀλλά
3458 2134 3595 2187 προο

2006 2194 2165 2249 έλαϐε
2186 2198 2252 2268 τῇ
2283 2197 2461 2269 οἰκεία
2490 2197 2770 2269 προθυμία
2804 2198 2904 2269 τὴν
2934 2198 3159 2251 ἐκείνων
3193 2198 3477 2269 ὠμότητα,
3503 2200 3597 2252 καὶ

2005 2280 2300 2351 λελυμένος
2341 2282 2525 2350 ἤγετο.
2556 2282 2666 2335 Καὶ
2695 2281 2803 2334 τῶν
2845 2282 2944 2353 μὲν
2977 2280 3222 2351 ἀδελφῶν
3255 2283 3451 2336 οὐδένα
3483 2278 3598 2353 εἶχε

2009 2363 2242 2435 θεατήν·
2301 2364 2501 2429 πάντες
2549 2364 2660 2437 γὰρ
2717 2361 2859 2436 ἦσαν
2911 2364 3327 2430 τελειωθέντες·
3376 2362 3489 2435 εἶχε
3540 2365 3597 2419 δὲ

2011 2447 2335 2519 σεμνότερον
2364 2448 2473 2502 τῶν
2506 2448 2751 2519 ἀδελφῶν
2799 2448 3045 2517 θέατρον.
3085 2448 3211 2512 τοὺς
3251 2449 3350 2519 τῆς
3392 2446 3600 2520 μητρὸς

2009 2529 2342 2602 ὀφθαλμούς.
2384 2530 2501 2586 Οὐκ
2529 2530 2716 2600 ἔλεγον
2750 2531 2902 2602 ὑμῖν,
2928 2531 3009 2584 ὅτι
3042 2531 3135 2584 καὶ
3168 2531 3242 2602 μὴ
3276 2529 3601 2593 σπουδαζόν-

2010 2631 2118 2667 των
2148 2614 2305 2684 ήμῶν
2331 2614 2775 2668 ἐπεισελεύσεται
2807 2614 2956 2684 καὶὴ
2985 2614 3170 2685 μήτηρ
3202 2611 3601 2677 πάντως;Ίδοὺ

2012 2696 2191 2750 τοίνυν
2214 2699 2513 2768 εἰσήγαγεν
2542 2698 2764 2769 αὖτὴνή
2790 2697 3084 2750 ἀκολουθία
3110 2696 3205 2749 τοῦ
3236 2694 3604 2765 λόγου.Τοῦτο

2012 2781 2068 2834 δέ
2099 2781 2160 2834 τὸ
2196 2780 2424 2853 θέατρον
2462 2780 2608 2835 οὕτω
2644 2781 2843 2853 σεμνὸν
2870 2776 2937 2852 ἦν
2973 2781 3070 2835 καὶ
3117 2780 3295 2851 μέγα,
3329 2780 3471 2834 ὥστε
3510 2779 3604 2832 καὶ

2015 2864 2181 2919 αὑτὸν
2223 2865 2332 2918 τῶν
2370 2865 2620 2934 ἀγγέλων
2650 2863 2740 2918 τὸν
2778 2864 2969 2934 δῆμον,
3005 2864 3205 2935 μᾶλλον
3247 2863 3305 2918 δέ
3348 2864 3442 2918 καί¹
3478 2864 3606 2927 τοὺς

2017 2947 2282 3018 ἀδελφοὺς
2306 2945 2453 3019 εἶχεν
2472 2948 2634 3002 αὐτὸν
2656 2947 2986 3019 θεωμένους,
3005 2948 3104 2999 οὐκ
3127 2946 3207 2999 ἔτι
3228 2946 3336 3000 ἀπὸ
3356 2947 3457 3017 τῆς
3477 2947 3603 3015 γῆς,

2019 3032 2134 3086 ἀλλ’
2157 3034 2221 3085 ἐκ
2243 3031 2350 3086 τῶν
2379 3034 2647 3103 οὐρανῶν.
2677 3032 3146 3102 Ἐστεφανωμένοι
3175 3032 3282 3103 γάρ
3317 3031 3604 3103 ἐκάθηντο,

2019 3114 2273 3185 καθάπερ
2305 3117 2362 3168 ἐν
2400 3118 2513 3179 τοῖς
2556 3114 2953 3185 Ὀλυμπιακοῖς
2984 3115 3192 3183 ἀγῶσιν
3234 3117 3282 3167 cl
3328 3114 3605 3177 δικασταὶ,

2019 3197 2140 3268 οὐχὶ
2187 3196 2469 3269 κρίνοντες
2494 3200 2608 3260 τοῖς
2637 3197 3038 3268 παλαίσμασιν,
3069 3197 3206 3252 ἀλλὰ
3236 3198 3327 3250 τὸν
3354 3197 3610 3266 “ww!”

2019 3297 2119 3350 την
2151 3281 2498 3350 ἐπειγόμενοι
2531 3280 2737 3335 λαϐεῖν,
2773 3280 3033 3352 Είστήκει
3074 3281 3255 3335 τοίνυν
3293 3281 3605 3352 λελυμένος,

2021 3364 2115 3418 καὶ
2142 3363 2514 3433 φθεγγόμενος
2551 3364 2776 3435 ῥήματα
2810 3363 3127 3432 φιλοσοφίας
3158 3365 3428 3435 γέμοντα·
3455 3364 3611 3419 ἐϐού-

2020 3448 2144 3501 λετο
2182 3447 2281 3517 μὲν
2314 3447 2422 3518 γάρ
2454 3448 2795 3519 μεταστῆσαι
2823 3448 2913 3501 τὸν
2943 3447 3208 3519 τύραννον
3235 3449 3370 3519 πρὸς
3403 3448 3502 3519 τὴν
3530 3452 3611 3503 οἰ-

2022 3531 2175 3585 κείαν
2199 3530 2511 3583 εὐσέϐειαν·
2537 3530 2612 3593 ὡς
2645 3529 2701 3582 δὲ
2728 3531 2828 3583 οὐκ
2859 3530 3069 3601 ἴσχυσε,
3099 3532 3160 3585 τὸ
3193 3532 3389 3585 ἐαυτοῦ
3425 3532 3610 3587 λοιπὸν

2024 3612 2299 3684 ἐποίησεν,
2357 3613 2621 3679 ἐξέδωκεν
2669 3614 2862 3667 ἐαυτὸν
2921 3616 2987 3685 τῇ
3033 3614 3297 3686 τιμωρίᾳ.
3343 3617 3610 3679 Κάκεῖνος

2029 3697 2129 3768 μὲν
2156 3694 2416 3768 ᾤκτειρεν
2443 3696 2606 3749 αὑτὶν
2644 3696 2745 3765 τῆς
2774 3696 3007 3769 ήλικίας,
3041 3694 3197 3761 οὗτος
3226 3698 3281 3750 δὲ
3312 3698 3612 3770 ἐδάκρυσεν

2026 3780 2187 3833 αὑτὸν
2212 3781 2312 3851 τῆς
2334 3779 2587 3844 ἀσεϐείας
2608 3796 2622 3810 ·
2654 3781 2713 3833 οὐ
2739 3781 2847 3851 γὰρ
2874 3781 2945 3835 τὰ
2967 3781 3107 3835 αὺτά
3136 3780 3325 3852 βλέπει
3354 3783 3383 3835 6
3410 3782 3613 3853 τύραν-

2026 3882 2117 3927 νος
2162 3863 2258 3918 καὶ¹
2308 3866 2336 3917 ὁ
2392 3864 2631 3935 μάρτυς·
2675 3864 3009 3937 ἀμφοτέροις
3063 3866 3160 3936 μὲν
3209 3867 3318 3936 γὰρ
3359 3866 3409 3918 οἱ
3459 3866 3614 3918 αὐτοὶ

2027 3946 2317 4018 ὀφθαλμοὶ,
2335 3947 2472 4001 ἀλλὰ
2498 3948 2601 4017 τῆς
2630 3948 2832 4017 σαρκός
2849 3966 2863 3980 ·
2884 3950 2934 4002 οί
2955 3948 3012 4001 δὲ
3038 3949 3135 4020 τῆς
3156 3949 3391 4011 πίστεως
3416 3948 3516 4001 οὐκ
3534 3947 3615 4001 ἔτι

2028 4034 2077 4085 οἱ
2099 4031 2252 4085 αὐτοί
2271 4047 2283 4060 ·
2305 4030 2420 4083 ἀλλ’
2445 4034 2653 4093 ἐκεῖνος
2672 4032 2772 4099 μὲν
2797 4031 2993 4085 ἔϐλεπε
3014 4032 3112 4103 τὴν
3143 4033 3425 4105 παροῦσαν
3445 4030 3615 4104 ζωὴν,

2029 4108 2183 4175 οὗτος
2207 4113 2264 4166 δὲ
2295 4112 2488 4165 ἐϐλεπε
2512 4112 2608 4184 τὴν
2633 4115 2953 4186 μέλλουσαν,
2980 4114 3117 4184 πρὸς
3145 4116 3210 4185 ἣν
3234 4114 3458 4185 ἔμελλεν
3492 4116 3615 4169 ἀνα-

2035 4197 2338 4269 πτήσεσθαι
2359 4215 2370 4227 ·
2414 4197 2512 4251 καὶ
2546 4200 2574 4250 6
2604 4199 2703 4269 μὲν
2749 4198 3014 4270 τύραννος
3044 4197 3194 4270 ἐώρα
3226 4201 3461 4271 τήγανα.
3489 4201 3518 4252 6
3558 4199 3615 4252 δὲ

2040 4281 2248 4350 μάρτυς
2293 4278 2440 4350 ἐώρα
2481 4280 2579 4351 τὴν
2616 4281 2864 4349 γέενναν,
2908 4283 2990 4345 είς
3035 4281 3101 4353 ἣν
3152 4281 3378 4354 ἔμελλεν
3426 4282 3617 4336 ἑαυτὸν

2036 4361 2291 4433 ἐμϐαλεῖν
2318 4364 2346 4416 6
2382 4362 2664 4435 τύραννος.

2109 4446 2171 4497 El
2203 4445 2259 4498 δὲ
2284 4445 2377 4501 τὸν
2412 4447 2599 4500 Ἰσαάκ
2632 4446 3015 4521 θαυμάζομεν,
3049 4450 3131 4503 ὅτι
3164 4449 3338 4513 δεθεὶς
3382 4447 3488 4502 ὑπὸ
3524 4449 3617 4501 τοῦ

2039 4528 2245 4599 πατρὸς
2271 4529 2367 4582 καὶ
2408 4530 2830 4600 συμποδισθεὶς,
2862 4533 2962 4585 οὐκ
2997 4532 3227 4604 ἐξήλατο
3268 4531 3361 4585 τοῦ
3409 4530 3619 4600 βωμοῦ,

2039 4612 2160 4664 οὐδὲ
2188 4613 2512 4683 ἐσκίρτησεν
2542 4613 2687 4684 ὀρῶν
2717 4614 2993 4687 μάχαιραν
3022 4615 3403 4687 ἐπαγομένην·
3440 4615 3622 4684 πολλῷ

2045 4695 2246 4767 μᾶλλον
2285 4696 2475 4748 τοῦτον
2502 4696 2807 4766 θαυμάζειν
2842 4699 2949 4771 χρὴ
2974 4738 2989 4759 ,
3027 4698 3110 4752 ὅτι
3152 4699 3253 4752 οὐκ
3288 4698 3469 4770 ἐδέθη,
3501 4700 3621 4752 οὐδὲ

2041 4778 2140 4847 τῆς
2182 4778 2292 4831 ἀπὸ
2336 4777 2447 4830 τῶν
2496 4775 2711 4848 δεσμῶν
2749 4779 2993 4851 ἀνάγκης
3041 4781 3229 4852 χρείαν
3273 4782 3452 4853 ἔσχεν,
3500 4783 3621 4835 οὐδὲ

2043 4860 2293 4931 ἀνέμεινε
2318 4859 2418 4924 τὰς
2450 4864 2638 4931 χεῖρας
2665 4862 2774 4914 τῶν
2818 4862 3030 4933 δημίων
3050 4905 3065 4924 ,
3102 4864 3218 4917 ἀλλ’
3252 4866 3413 4929 αὐτὸς
3444 4865 3626 4935 ἐαυτῷ

2046 4944 2140 4997 καὶ
2170 4943 2317 5013 θῦμα
2348 4944 2441 4996 καὶ
2474 4944 2652 5013 ἱερεὺς
2679 4945 2772 4997 καὶ
2806 4944 3190 5017 θυσιαστήριον
3213 4950 3421 5017 γέγονε.
3458 4951 3623 5019 Περι-

2050 5030 2331 5097 σκοπήσας
2369 5028 2476 5098 γὰρ
2502 5027 2706 5098 κύκλῳ,
2738 5029 2833 5082 καὶ
2874 5028 2997 5084 ἰδὼν
3026 5032 3215 5086 οὐδένα
3242 5032 3349 5086 τῶν
3378 5033 3624 5101 ἀδελφῶν

2050 5112 2297 5181 παρόντα
2330 5110 2671 5180 ἐθορυϐήθη,
2710 5112 2946 5183 ἠπείχθη
2985 5114 3217 5168 σπεῦσαι
3262 5117 3356 5169 καὶ
3387 5116 3624 5168 καταλα-

2050 5196 2185 5260 ϐεῖν,
2218 5192 2357 5246 ὥστε
2404 5193 2478 5263 μὴ
2521 5194 2922 5266 ἀποσχισθῆναι
2954 5196 3047 5249 τοῦ
3096 5199 3260 5261 κριλοῦ
3310 5199 3502 5252 τούτου
3536 5216 3624 5268 χο⁴

2051 5280 2168 5352 ροῦ.
2196 5278 2294 5332 Διὰ
2323 5277 2479 5330 τοῦτο
2497 5278 2597 5330 οὐκ
2625 5278 2877 5349 ἀδέμεινε
2905 5279 3005 5343 τὰς
3025 5280 3133 5333 τῶν
3161 5282 3376 5353 δημίων
3402 5284 3621 5351 χεῖρας·

2050 5362 2297 5431 ἐφοϐεῖτο
2319 5361 2427 5430 γὰρ
2456 5359 2552 5429 τὴν
2581 5361 2747 5429 φειδῶ
2771 5362 2866 5416 τοῦ
2894 5363 3181 5432 τυράννου,
3216 5365 3287 5434 μή
3312 5380 3440 5415 ποτε
3464 5362 3625 5415 αὐτὸν

2051 5445 2387 5514 κατελεήσας
2426 5441 2709 5515 ἐξαρπάση
2750 5446 2847 5516 τῆς
2880 5445 3168 5508 κοινωνίας
3207 5446 3315 5497 τῶν
3344 5445 3623 5514 ἀδελφῶν·

2052 5531 2141 5584 διὰ
2168 5528 2323 5582 τοῦτο
2346 5526 2631 5598 προλαϐὼν
2673 5529 2865 5581 ἑαυτὸν
2890 5528 3164 5600 ἐξήρπασε
3192 5528 3291 5599 τῆς
3317 5527 3628 5599 φιλανθρωο

2056 5614 2186 5675 πίας
2224 5611 2323 5681 τῆς
2365 5609 2665 5680 ἀνημέρου.
2703 5612 2815 5663 Καὶ
2848 5610 2953 5682 γάρ
2986 5611 3156 5664 πολλά
3193 5608 3261 5682 ἦν
3306 5611 3468 5665 ἱκανά
3514 5614 3630 5664 ἐπι·

2056 5695 2271 5765 κάμψαι
2317 5691 2413 5746 τὸν
2464 5691 2754 5761 τύραννον,
2802 5693 2901 5763 τῆς
2949 5693 3167 5762 ἡλικίας
3212 5693 3275 5747 τὸ
3324 5694 3475 5754 νέον,
3520 5693 3632 5746 τῶν

2058 5776 2301 5846 ἀδελφῶν
2345 5774 2456 5827 τῶν
2506 5775 2775 5828 τοσούτων
2822 5778 2856 5848 ή
2906 5777 3165 5847 τιμωρία,
3219 5780 3252 5850 ή
3303 5779 3397 5832 καὶ
3442 5778 3631 5851 θηρίον

2060 5864 2217 5931 ἱκανὴ
2250 5861 2470 5937 κορέσαι
2498 5860 2631 5927 (ἀλλ’
2661 5862 2867 5918 ἐκεῖνος
2900 5861 3000 5914 οὐκ
3026 5862 3387 5935 ἐκορέννυτο),
3412 5863 3445 5929 ἡ
3472 5859 3634 5914 πολιά

3201 5946 3275 6007 1ἷι
