4104 6470
259 478 375 533 ῦξῖ)

262 606 391 657 est;
420 590 643 646 canities
680 589 888 654 matris,
918 587 1166 658 quodque
1208 584 1622 657 przceedentium
1662 584 1867 656 suppli-

264 685 415 737 cium
448 681 578 736 nihil
606 681 940 751 profecisset.

342 772 399 827 2.
436 773 561 828 lla‘c
596 771 777 827 omnia
809 786 992 826 secum
1024 777 1203 825 mente
1229 783 1452 825 versans
1474 769 1788 825 adolescens
1812 770 1866 825 in

265 866 595 937 supplicium
622 865 860 936 seipsum
900 865 1139 931 immisit,
1168 880 1233 920 ex
1260 880 1367 934 quo
1395 863 1633 935 effugere
1663 879 1769 920 non
1800 865 1869 918 li-

266 960 454 1025 cebat,
480 968 536 1015 et
576 968 846 1028 tamquam
887 956 941 1012 in
982 957 1197 1013 laticum
1222 956 1534 1026 frigidorum
1574 953 1771 1011 fontem
1814 955 1869 1010 in

271 1051 482 1107 lebetes
513 1065 753 1121 praeceps
796 1049 1097 1115 desiliebat,
1144 1047 1387 1104 divinum
1435 1047 1706 1103 lavacrum
1754 1049 1872 1104 illos

270 1128 590 1199 existimans
632 1151 685 1196 et
734 1140 1074 1210 baptismum.
1120 1139 1269 1195 Sicut
1307 1138 1451 1195 enim
1500 1137 1746 1194 homines
1782 1139 1872 1209 qui

273 1244 527 1300 uruntur,
556 1232 762 1303 seipsos
808 1232 861 1286 in
915 1231 1087 1287 laeum
1139 1229 1450 1301 frigidarum
1480 1244 1735 1300 aquarum
1774 1230 1877 1284 im-

274 1327 516 1391 mittunt,
544 1326 622 1381 sie
649 1326 736 1382 ille
770 1325 992 1382 fratrum
1018 1325 1288 1381 desiderio
1314 1325 1561 1399 incensus
1602 1325 1653 1379 in
1685 1340 1871 1379 eorum

280 1420 604 1488 supplicium
636 1434 695 1473 se
723 1417 960 1471 immisit.

356 1510 647 1582 Ampfiﬁcat
687 1519 734 1564 et
776 1509 951 1562 laudat
981 1526 1277 1580 generosum
1303 1508 1481 1563 matris
1509 1509 1752 1562 quintum.
1783 1506 1876 1563 Si-

280 1601 569 1656 militudine
607 1621 640 1658 a
660 1601 867 1672 scapqu
894 1601 1049 1654 ducta
1091 1617 1195 1654 rem
1221 1600 1878 1669 illustraL—Adjtingebat

277 1707 336 1750 et
362 1693 787 1750 cohortationcm
832 1702 1036 1757 mater,
1079 1707 1184 1748 non
1213 1692 1355 1763 quod
1398 1691 1487 1746 ille
1511 1690 1878 1745 cohortatione

283 1784 565 1855 indigeret,
606 1783 700 1838 sed
749 1790 806 1838 ut
847 1797 1034 1837 rursus
1077 1781 1314 1838 mulieris
1352 1780 1716 1837 fortitudinem
1759 1779 1877 1834 ani-

285 1876 610 1932 madvertas.
633 1874 836 1930 Nullius
864 1876 1004 1930 enim
1032 1884 1235 1946 septem
1267 1874 1553 1931 liberorum
1576 1888 1736 1929 causa
1767 1887 1879 1927 ma-

283 1979 442 2024 temo
461 1967 650 2024 affectu
670 1977 937 2023 commota
958 1978 1038 2024 est
1059 1986 1073 2023 :
1097 1968 1204 2022 imo
1224 1982 1351 2022 vero
1373 1967 1428 2022 in
1451 1967 1672 2038 singulis
1687 1966 1879 2021 affectu

286 2070 533 2116 materno
555 2068 819 2116 commota
846 2067 964 2115 est:
991 2074 1099 2116 non
1125 2060 1269 2115 enim
1293 2058 1427 2114 dixit
1453 2057 1593 2128 apud
1619 2073 1716 2115 se:
1744 2058 1880 2127 Quid

285 2154 393 2208 hoc
422 2152 634 2208 tandem
670 2153 747 2207 rei
779 2153 898 2207 est?
923 2151 1175 2222 abreptus
1205 2159 1289 2206 est
1317 2150 1449 2206 mihi
1494 2150 1721 2205 filiorum
1749 2151 1883 2206 eho-

284 2262 401 2311 rus,
432 2247 515 2302 hic
543 2246 828 2303 derelictus
851 2255 930 2302 est
956 2246 1145 2303 solus:
1190 2246 1244 2301 in
1285 2246 1386 2301 hoc
1426 2260 1527 2315 ego
1562 2245 1630 2301 de
1658 2245 1884 2300 orbitate

286 2340 590 2410 periclitor;
624 2340 743 2410 quis
766 2356 853 2396 me
879 2341 932 2395 in
970 2350 1237 2410 posterum
1262 2339 1375 2394 alet
1400 2340 1454 2394 in
1483 2346 1790 2402 senectute,
1839 2338 1884 2393 si

288 2434 381 2490 hic
406 2433 635 2491 abierit?
674 2450 779 2491 non
823 2432 1136 2505 enimmihi
1179 2433 1451 2488 dimidiam
1495 2441 1702 2503 partem
1732 2431 1887 2487 exhi-

286 2524 473 2581 buisse
500 2527 631 2580 satis
649 2534 785 2592 erat,
815 2535 907 2580 ant
930 2525 974 2580 si
1005 2525 1179 2580 minus
1210 2534 1411 2595 partem
1435 2524 1730 2582 dimidiam.
1756 2524 1886 2577 duas

285 2626 494 2688 partes,
523 2616 626 2673 nisi
653 2625 708 2672 et
734 2632 856 2673 eum
882 2617 972 2688 qui
1001 2616 1129 2671 mihi
1172 2616 1320 2671 solus
1349 2614 1413 2669 ad
1441 2615 1730 2670 senectutis
1753 2629 1886 2669 eon-

284 2708 608 2764 solationem
654 2707 946 2764 derelictus
992 2718 1094 2775 est,
1142 2707 1315 2778 ipsum
1344 2709 1504 2763 etiam
1532 2722 1722 2762 rursus
1756 2706 1889 2777 adji-

286 2802 472 2858 ciam?
496 2801 636 2858 Nihil
681 2802 869 2857 horum
902 2800 1034 2856 dixit
1059 2810 1152 2855 aut
1177 2799 1446 2869 cogitavit,
1475 2798 1570 2854 sed
1590 2799 1741 2869 quasi
1770 2814 1886 2852 ma-

286 2894 451 2950 nibus
466 2891 834 2949 cohortatione
848 2893 1134 2949 verborum
1164 2893 1216 2947 in
1240 2893 1404 2948 altum
1427 2892 1693 2947 sublatum
1717 2892 1884 2947 filium

286 2985 346 3038 in
394 2984 626 3040 lebetem
654 2985 889 3040 immisit.
920 2985 1088 3039 Deum
1120 2984 1361 3050 laudans,
1392 2984 1532 3055 quod
1566 2993 1732 3039 totum
1761 3001 1890 3039 ven-

290 3076 392 3130 tris
418 3075 503 3130 sui
551 3074 781 3131 fructum
826 3085 1192 3145 acceptasset,
1233 3076 1544 3146 nullumque
1571 3078 1886 3146 respuisset,

291 3184 480 3222 verum
509 3169 689 3223 omnia
713 3184 778 3224 ex
799 3168 994 3225 arbore
1020 3183 1177 3237 poma
1202 3168 1591 3238 decerpsisset:
1616 3169 1687 3224 ita
1714 3178 1772 3224 ut
1794 3185 1889 3224 au-

289 3261 482 3315 dacter
509 3260 688 3316 dicere
712 3260 911 3331 possim
936 3261 1183 3330 graviora
1224 3258 1347 3315 filiis
1379 3273 1499 3315 eam
1526 3273 1647 3316 esse
1678 3273 1891 3328 perpes-

287 3368 432 3408 sam.
465 3352 597 3408 Nam
625 3354 731 3408 illis
776 3352 990 3423 quidem
1034 3367 1156 3423 pars
1185 3351 1358 3422 major
1400 3351 1602 3409 doloris
1630 3360 1685 3408 et
1724 3352 1889 3408 animi

291 3445 583 3515 deliquium
613 3443 1017 3511 succidebatur;
1051 3444 1167 3500 haec
1191 3458 1319 3500 vero
1346 3444 1549 3516 integra
1588 3453 1768 3501 mente
1806 3445 1893 3515 ju-

287 3536 545 3606 dicioque
595 3537 765 3592 illarso
820 3537 1083 3594 veriorem
1123 3552 1332 3605 eorum,
1383 3552 1501 3607 quae
1542 3538 1889 3610 gerebantur,

290 3642 512 3681 sensum
541 3627 612 3682 ob
651 3638 895 3683 naturam
939 3628 1203 3699 capiebat.
1250 3629 1329 3684 Ac
1355 3629 1536 3685 videre
1560 3637 1676 3685 erat
1714 3631 1891 3701 ignem

293 3720 561 3790 triplicem
591 3739 605 3776 :
637 3736 795 3791 quem
829 3722 917 3778 ille
953 3730 1214 3795 tyrannus
1239 3723 1587 3792 accendebat,
1611 3740 1769 3796 quem
1793 3740 1891 3781 ex-

285 3812 496 3868 citabat
507 3821 716 3879 natura,
732 3830 893 3884 quem
908 3814 1139 3885 Spiritus
1150 3823 1364 3871 sanctus
1379 3815 1759 3871 inflammabat.
1777 3816 1891 3873 Non

294 3904 465 3959 talem
502 3903 824 3976 Babylonius
869 3916 1126 3977 tyrannus
1176 3907 1264 3963 ille
1311 3906 1584 3964 fornacem
1623 3908 1889 3976 accendit,

286 3994 760 4067 (Dan.5),qualem
779 3996 933 4051 matri
949 3996 1218 4053 fornacem
1238 3997 1324 4053 hic
1341 4009 1596 4068 tyrannus
1612 3999 1887 4054 accendit:

294 4103 422 4141 nam
480 4086 589 4142 illic
638 4088 849 4157 quidem
905 4089 1040 4158 ignis
1083 4088 1255 4146 fomes
1305 4099 1421 4146 erat
1466 4090 1721 4160 naphtha,
1778 4092 1888 4161 pix,

288 4190 510 4248 stuppa,
542 4188 901 4246 sarmentum;
933 4178 1018 4235 hic
1047 4196 1175 4236 vero
1203 4190 1412 4247 natura,
1439 4181 1654 4236 dolores
1688 4191 1888 4251 partus,

292 4270 590 4323 liberorum
643 4285 815 4338 amor,
861 4286 1145 4340 puerorum
1185 4271 1492 4326 concordia.
1542 4271 1657 4326 Non
1698 4272 1767 4327 ita
1816 4273 1891 4328 illi

288 4361 535 4429 iacentes
561 4362 609 4414 in
644 4363 762 4432 igne
789 4363 1101 4430 urebantur,
1134 4373 1294 4433 atque
1325 4362 1439 4420 haec
1464 4364 1535 4419 ob
1555 4380 1793 4420 amorem
1824 4366 1891 4421 li-

291 4454 549 4507 berorum
582 4454 854 4520 urebatur,
885 4454 981 4510 sed
1012 4454 1082 4509 ob
1117 4455 1370 4525 pietatem
1402 4456 1681 4522 vincebat;
1710 4467 1766 4512 et
1794 4472 1891 4511 na-

295 4556 417 4598 tura
445 4560 565 4599 cum
593 4546 760 4614 gratia
802 4548 1088 4617 pugnabat,
1120 4559 1173 4603 et
1201 4549 1477 4605 victoriam
1507 4550 1677 4621 gratia
1707 4566 1895 4621 repor-

290 4635 447 4688 tahat
471 4649 487 4690 :
517 4636 705 4707 religio
734 4647 1032 4692 maternum
1059 4638 1305 4695 allectum
1332 4642 1638 4712 superabat,
1671 4652 1726 4697 et
1754 4642 1892 4713 ignis

291 4731 477 4799 ignem
502 4729 771 4799 vincebat,
799 4732 1091 4801 spiritualis
1117 4735 1433 4800 naturalem,
1467 4750 1625 4805 quem
1654 4735 1892 4791 crudeli«

296 4831 384 4874 tas
431 4821 639 4890 tyranni
666 4821 1036 4877 succenderat.
1086 4824 1151 4878 Et
1184 4823 1322 4880 sicut
1354 4826 1592 4880 marinos
1619 4826 1891 4896 scopulus,

293 4914 388 4984 qni
436 4914 691 4970 fluctuum
749 4916 995 4972 incursus
1033 4918 1249 4987 excipit,
1295 4920 1409 4988 ipse
1451 4918 1665 4988 quidem
1712 4927 1893 4974 manet

296 5006 611 5072 immobilis,
644 5007 761 5063 illos
788 5016 964 5062 autem
1016 5010 1067 5063 in
1113 5025 1358 5079 Spumant
1408 5009 1700 5065 dissolutos
1740 5008 1894 5065 facile

295 5099 437 5152 tollit
470 5116 483 5153 :
508 5099 585 5153 sic
615 5100 758 5155 illius
778 5115 988 5171 quoque
1015 5101 1253 5156 mulieris
1276 5117 1370 5157 eor
1400 5112 1668 5171 tamquam
1699 5117 1893 5171 scopu-

295 5191 385 5246 lus
411 5190 649 5246 marinus
689 5191 882 5248 fluctus
911 5193 1179 5262 excipiens
1207 5194 1452 5248 dolorum
1491 5195 1754 5257 incursus,
1780 5194 1893 5262 ipsa

290 5281 513 5352 quidem
545 5284 742 5340 mansit
784 5285 1025 5352 immota,
1075 5285 1169 5339 sed
1213 5285 1457 5340 incursus
1504 5286 1623 5339 illos
1650 5284 1803 5338 firma
1841 5289 1897 5337 et

294 5373 654 5447 philosophia:
683 5374 835 5446 plena
857 5386 1035 5431 mente
1060 5376 1321 5432 dissolvit.
1350 5376 1646 5432 Ostendere
1670 5387 1896 5446 tyranno

288 5465 656 5521 contendebat
697 5481 758 5522 se
782 5483 908 5523 vere
932 5477 1158 5523 matrem
1206 5469 1415 5524 illorum
1438 5483 1578 5536 esse,
1609 5484 1732 5523 vere
1760 5468 1897 5523 filios

1552 475 1640 530 ΒΕ
1680 474 2108 531 ΜΛΟΟᾹΒΣΕΙΞ.
2155 478 2242 533 lli.

3462 488 3570 542 6:6

1975 592 2092 648 illos
2116 607 2242 648 suos
2273 607 2393 649 esse
2437 593 2718 665 genmnoc,
2751 609 2853 649 non
2888 606 3103 667 prepter
3141 606 3344 653 natura:
3366 614 3569 669 cogna-

1972 686 2198 750 tionem,
2242 684 2337 741 sed
2379 695 2598 756 propter
2618 686 2826 742 virtutis
2853 691 3287 746 communionem
3324 710 3337 747 :
3378 706 3482 746 non
3514 707 3573 745 se

1974 776 2150 846 ignem
2199 785 2609 847 tormentorum,
2658 779 2752 835 sed
2801 779 2970 837 facem
3010 782 3301 852 nuptialem
3346 797 3571 839 cernere

1974 866 2352 923 arbitrabatur.
2389 867 2507 924 Non
2549 869 2621 924 ita
2667 880 2858 936 mater,
2905 884 3025 943 quae
3065 873 3203 929 filios
3253 872 3319 929 ad
3360 874 3573 944 nuptias

1975 967 2221 1025 exornat,
2269 958 2502 1028 lmtatur,
2535 968 2594 1014 ut
2625 960 2733 1029 illa,
2772 978 2893 1017 cum
2932 973 3180 1020 cerneret
3218 968 3572 1029 excruciatos,

1976 1049 2274 1120 gaudebat;
2303 1058 2357 1106 et
2382 1052 2534 1122 quasi
2571 1052 2715 1109 hunc
2762 1054 2899 1110 stola
2937 1057 3172 1126 Sponsali
3201 1057 3463 1125 amiciret,
3497 1058 3573 1114 illi

1976 1156 2207 1197 coronas
2234 1151 2492 1210 necterct,
2524 1144 2677 1200 alteri
2720 1146 2985 1205 thalamos
3031 1148 3297 1220 nuptiales
3322 1149 3576 1221 erigeret,

1980 1238 2049 1292 ita
2080 1237 2221 1293 hunc
2250 1238 2316 1294 ad
2346 1239 2569 1309 lebetes,
2598 1240 2747 1295 illum
2792 1242 2858 1296 ad
2903 1245 3201 1315 sartagines
3247 1255 3575 1308 currentem,

1979 1331 2140 1383 alium
2187 1331 2362 1399 capite
2408 1339 2709 1387 truncatum
2757 1349 2877 1387 eum
2921 1344 3206 1403 cerneret,
3255 1335 3577 1391 exsultabat.

1978 1421 2169 1478 Omnia
2195 1432 2305 1477 tum
2333 1421 2482 1479 fumo
2508 1424 2803 1494 nidoreque
2831 1425 3217 1493 redundabant,
3248 1443 3310 1482 ac
3332 1427 3580 1482 sensibus

1981 1514 2230 1569 omnibus
2276 1514 2476 1570 liberos
2518 1529 2646 1570 suos
2673 1516 3041 1585 experimento
3070 1518 3452 1588 cognoscebat,
3486 1532 3582 1587 per

1982 1605 2167 1661 oculos
2197 1620 2292 1661 eos
2327 1605 2560 1673 intuens,
2587 1621 2682 1676 per
2705 1622 2865 1663 aures
2901 1608 3062 1663 verba
3089 1608 3407 1673 exaudiens,
3452 1609 3581 1678 ipsis

1983 1698 2201 1753 naribus
2246 1695 2449 1751 fumum
2491 1697 2639 1752 illum
2671 1697 2909 1753 carnium
2950 1714 3168 1755 suavem
3209 1708 3268 1754 et
3309 1700 3581 1754 insuavem

1982 1788 2299 1857 excipiens:
2338 1788 2616 1843 insuavem
2659 1789 2874 1860 quidem
2917 1789 3242 1856 infidelibus,
3294 1791 3407 1845 Deo
3458 1805 3585 1845 vero

1982 1880 2193 1951 ipsique
2217 1879 2458 1935 omnium
2485 1880 2865 1937 suavissimum
2889 1898 2903 1949 ;
2936 1881 3138 1937 fumum
3180 1882 3353 1948 illum,
3376 1883 3465 1953 qni
3497 1897 3586 1935 ae-

1985 1987 2099 2026 rem
2127 1971 2342 2042 quidem
2375 1970 2577 2039 infecit,
2612 1973 2852 2029 mulieris
2878 1982 3057 2030 autem
3102 1985 3342 2031 mentem
3365 1989 3470 2028 non
3502 1974 3586 2028 in-

1987 2060 2131 2116 fecit.
2159 2061 2345 2117 Stabat
2373 2063 2515 2117 enim
2544 2073 2798 2118 constans
2818 2074 2870 2120 et
2900 2063 3207 2132 immobilis,
3236 2065 3437 2131 omnia,
3467 2080 3588 2135 quae

1986 2153 2330 2225 gerebantur,
2376 2154 2640 2224 patienter
2670 2154 2867 2212 ferens.
2897 2155 3003 2212 Sed
3031 2156 3139 2226 jam
3169 2165 3377 2227 tempus
3402 2165 3506 2223 est,
3533 2166 3588 2211 nt

1988 2244 2151 2299 fluent
2181 2245 2390 2300 dicendi
2439 2244 2721 2311 faciamus,
2751 2263 2857 2318 quo
2887 2248 3130 2318 pluribus
3169 2248 3243 2304 illi
3282 2247 3527 2303 laudibus
3555 2264 3587 2302 a

1983 2336 2260 2390 communi
2287 2336 2506 2392 doctore
2526 2335 2603 2410 (a)
2631 2339 2989 2393 cmnulentur.

2066 2427 2281 2484 Horatia
2321 2431 2603 2485 ατΙιοι-ιαιὶο
2633 2430 2702 2485 ad
2738 2431 3064 2486 imitationem
3088 2432 3285 2486 matris.
3321 2461 3397 2473 —
3430 2432 3581 2487 lianc

1993 2522 2270 2577 imitentur
2292 2530 2491 2594 patres,
2523 2524 2845 2578 aemulentur
2862 2533 3059 2579 matres
3082 2568 3097 2592 ,
3125 2531 3180 2580 et
3201 2524 3456 2579 mulieres
3484 2565 3501 2591 ,
3528 2533 3584 2578 et

1990 2614 2128 2680 viri;
2156 2615 2247 2686 qui
2279 2616 2331 2669 in
2363 2615 2666 2686 virginitate
2713 2617 2918 2684 vivont,
2965 2625 3019 2672 et
3065 2617 3155 2688 qui
3189 2617 3361 2672 saccis
3405 2616 3586 2671 amicti

1992 2715 2138 2772 sunt,
2187 2717 2243 2762 et
2294 2708 2385 2778 qui
2415 2708 2693 2779 torquibus
2734 2709 2984 2764 exornati
3016 2726 3029 2763 :
3061 2710 3402 2780 quantumvis
3443 2709 3586 2765 enim

1993 2809 2264 2854 austeram
2310 2799 2570 2855 fuerimus
2601 2801 2762 2855 vitam
2815 2801 3053 2872 amplexi
3094 2811 3147 2857 et
3172 2800 3588 2872 philosophiam,

1995 2893 2236 2949 mulieris
2275 2893 2613 2964 philosophia
2642 2894 2980 2950 tolerantiam
3026 2902 3265 2949 nostram
3296 2894 3583 2949 antecedit.

1992 2983 2181 3040 Nullus
2213 2985 2375 3055 igitur
2398 3001 2605 3051 eorum,
2640 2985 2730 3056 qni
2756 2985 2822 3039 ad
2850 2999 3114 3040 summam
3142 2984 3504 3039 fortitudinem
3524 2999 3589 3039 ac

1995 3078 2305 3146 patientiam
2331 3077 2690 3146 pervenerint,
2711 3077 2984 3148 indignum
3007 3079 3272 3133 existimet
3293 3077 3589 3142 confectam

1994 3169 2147 3224 senio
2169 3169 2449 3224 mulierem
2481 3170 2581 3225 sibi
2615 3170 2924 3240 magistram
2952 3168 3257 3225 adsciscere
3285 3185 3300 3233 ;
3350 3168 3446 3224 scd
3476 3184 3591 3222 om-

2011 3276 2113 3316 nes
2137 3261 2293 3316 sinml
2321 3276 2556 3324 oremus,
2587 3263 2677 3332 qui
2703 3262 2862 3317 urbes
2889 3262 3119 3316 incolitis
3135 3271 3192 3317 et
3216 3260 3305 3332 qui
3328 3261 3381 3315 in
3401 3261 3590 3315 deser-

1997 3354 2066 3408 tis
2090 3354 2376 3410 versamini
2405 3372 2420 3419 ;
2474 3355 2564 3424 qui
2594 3354 2951 3425 virginitatem
2999 3356 3192 3420 colitis,
3236 3362 3292 3410 et
3316 3356 3404 3425 qui
3429 3356 3590 3411 castis

1994 3446 2195 3516 nuptiis
2225 3446 2500 3516 refulgetis
2528 3446 2649 3517 ;qui
2678 3447 2858 3501 steeuli
2891 3446 3048 3519 hujus
3074 3462 3162 3503 res
3188 3462 3374 3503 omnes
3396 3462 3589 3518 asper-

1998 3538 2218 3602 namini,
2254 3546 2306 3591 et
2336 3552 2533 3607 corpus
2553 3538 2893 3592 crucifixistis
2926 3556 2940 3593 :
2967 3547 3023 3593 ut
3046 3538 3235 3594 eodem
3266 3554 3426 3594 cursu
3450 3554 3582 3593 con-

1997 3627 2140 3684 fecto
2186 3627 2434 3683 fiduciam
2482 3628 2727 3683 eamdem
2775 3645 2936 3699 quam
2968 3629 3081 3700 ipsa
3134 3628 3495 3692 obtineamus,
3526 3644 3589 3684 ac

1999 3734 2165 3789 prope
2186 3721 2354 3789 ipsam
2377 3719 2430 3773 in
2461 3718 2548 3774 die
2576 3720 2662 3774 illa
2687 3720 3045 3776 consistamus
3068 3762 3084 3789 ,
3112 3728 3311 3777 sanctte
3336 3721 3584 3791 precibus

1997 3810 2117 3867 freti
2147 3810 2368 3882 ejusque
2414 3810 2728 3877 liberorum,
2758 3822 2812 3867 et
2839 3812 3099 3880 Eleazari,
3135 3812 3224 3883 qui
3253 3812 3477 3867 ehormn
3509 3810 3578 3866 il-

1998 3903 2108 3957 lum
2147 3903 2404 3972 explevit,
2435 3902 2609 3973 magni
2634 3904 2989 3973 generosique
3017 3903 3185 3964 senis,
3210 3904 3297 3974 qui
3329 3902 3583 3958 adaman-

2000 3994 2167 4048 tinum
2195 3993 2432 4048 animum
2461 3993 2514 4048 in
2549 3993 2789 4048 adversis
2818 4010 2926 4064 pne
2966 4009 3027 4049 se
3073 3994 3211 4049 tulit.
3246 3993 3299 4049 Id
3329 4009 3458 4049 vero
3487 4008 3588 4064 po-

2002 4084 2228 4140 terimus
2257 4085 2492 4155 assequi,
2524 4085 2570 4140 si
2593 4101 2693 4139 una
2710 4099 2832 4140 cum
2859 4086 3057 4141 sanctis
3082 4086 3290 4142 illorum
3324 4086 3590 4155 precibus,

1998 4178 2161 4232 etiam
2196 4193 2316 4247 qum
2369 4184 2675 4232 nostrarum
2703 4184 2831 4231 sunt
2861 4177 3091 4245 partium
3121 4176 3463 4232 conferamus
3494 4217 3509 4240 ,
3539 4188 3593 4229 et
3636 4200 3644 4245 ε

1996 4279 2122 4326 ante
2167 4271 2300 4324 bella
2345 4285 2610 4340 casusque
2644 4270 2900 4325 adversos
2929 4270 3079 4340 pacis
3106 4278 3353 4339 tempore
3379 4277 3593 4341 pertur-
3639 4265 3656 4336 ζ

2000 4363 2242 4418 bationcs
2285 4378 2404 4431 qua:
2440 4362 2509 4415 in‘
2535 4361 2688 4416 nobis
2718 4371 2843 4416 sunt
2881 4361 3182 4426 vincamus,
3205 4361 3591 4430 incompositos

2000 4451 2182 4508 carnis
2209 4440 2438 4506 insnltus
2466 4466 2893 4521 compeseamus,
2920 4452 3287 4522 suggillemus,
3315 4458 3372 4505 et
3398 4452 3447 4503 in
3479 4465 3594 4502 ser-

1997 4544 2223 4599 vitutem
2254 4557 2449 4612 corpus
2485 4542 2807 4613 redigamus.
2853 4542 2944 4598 Sic
2966 4543 3109 4597 enim
3153 4543 3262 4607 fiet,
3298 4552 3352 4593 nt
3389 4540 3502 4595 sive
3529 4541 3581 4593 in

1999 4649 2130 4706 pace
2157 4636 2318 4689 vitam
2350 4635 2707 4699 traducamus,
2743 4634 3049 4704 splendidas
3076 4632 3478 4705 gymnasiorum
3499 4647 3590 4686 co-

2000 4743 2161 4782 ronas
2185 4728 2557 4792 obtineamus;
2586 4728 2719 4790 sive,
2749 4736 2807 4781 ut
2850 4726 2991 4781 idem
3016 4737 3287 4781 certamen
3312 4725 3595 4790 obeamus,

2000 4820 2234 4891 benigno
2284 4820 2396 4875 Deo
2431 4820 2603 4875 visum
2634 4818 2816 4885 fuerit,
2848 4819 2900 4873 in
2927 4833 3144 4873 arenam
3176 4818 3344 4888 parati
3368 4819 3597 4873 descen-

1998 4911 2205 4978 damus,
2237 4921 2290 4967 et
2319 4912 2555 4968 czclc‘stia
2583 4913 2719 4969 bona
2745 4927 3138 4982 consequamur
3166 4927 3179 4964 :
3208 4926 3330 4980 qum
3359 4926 3458 4964 nos
3479 4925 3596 4966 Olli-

2000 5020 2096 5060 nes
2140 5013 2196 5059 ut
2215 5005 2573 5071 obtineamus,
2596 5004 2913 5074 faxitgratia
2937 5014 2992 5059 et
3038 5004 3337 5074 benignitas
3385 5003 3598 5059 Domini

2000 5095 2171 5149 nostri
2204 5095 2329 5150 Jesu
2351 5095 2572 5158 Christi,
2600 5110 2695 5164 per
2716 5109 2878 5164 quem
2905 5103 2961 5148 et
2979 5109 3102 5148 eum
3127 5108 3234 5165 quo
3252 5093 3390 5149 Patri
3407 5094 3596 5164 gloria,

2002 5185 2176 5240 honor
2198 5195 2252 5240 et
2282 5186 2586 5255 imperium,
2612 5201 2714 5239 una
2745 5200 2865 5239 cum
2893 5195 3081 5240 sancto
3118 5186 3340 5255 Spiritu,
3370 5200 3512 5238 nunc
3540 5194 3595 5238 et

2002 5292 2238 5349 semper,
2265 5287 2321 5335 et
2345 5279 2397 5332 in
2429 5277 2621 5331 saecula
2653 5276 2999 5333 saeculorum.
3022 5278 3218 5332 Amen.

2002 5454 2016 5471 ⁶
2066 5473 2145 5539 (a)
2178 5482 2246 5525 De
2262 5457 2484 5524 l-‘lavia'no
2502 5473 2735 5536 loquitur.

1264 5631 1375 5703 ΙΝ
1424 5631 1889 5706 SANCTOS
1932 5629 2299 5705 MACCA
2312 5629 2628 5705 B/EOS.

1740 5771 2163 5826 «ευσεβ

914 5885 1129 5924 ιιολιιιιιι
1168 5885 1248 5926 ΙΙΙ.

370 5966 523 6020 Senis
547 5963 784 6019 Πακιατί
812 5964 985 6017 {audes
1014 5962 1251 6029 explicat.
1284 5993 1350 6002 -
1380 5959 1516 6017 Cum
1547 5970 1596 6017 ct
1631 5960 1884 6030 martyri-

2007 5867 2104 5922 bus
2128 5866 2362 5922 debitam
2402 5882 2624 5937 operum
2651 5861 3198 5926 commendationem,
3225 5868 3279 5914 et
3323 5857 3594 5911 redactam

2006 5961 2056 6016 in
2088 5962 2359 6029 angustias
2381 5957 2771 6013 multitudinem
2797 5953 2972 6024 video,
3003 5969 3088 6011 me
3120 5953 3275 6026 piget.
3302 5952 3582 6018 Quocirca,
