4104 6448
636 430 739 486 637

611 537 652 587 si
707 536 776 598 ita
832 535 1065 603 videtur,
1110 538 1416 597 doctrinam
1462 541 1515 597 in
1548 544 1829 612 praesentia
1870 543 2200 614 differamus,

612 625 809 680 imitari
840 641 967 682 vero
993 637 1283 700 martyrum
1328 630 1697 690 fortitudinem
1729 635 2056 692 studeamus.
2090 638 2206 694 Pri-

616 731 735 771 mus
759 732 889 789 crgo
919 718 1071 775 nobis
1102 720 1390 778 Eleazarus
1410 725 1591 780 senior
1614 727 1667 781 in
1696 728 1929 783 medium
1959 730 2201 801 prodeat,

614 807 817 862 initium
849 810 1224 878 certaminum,
1257 815 1498 887 martyrii
1541 817 1969 888 fundamentum,
2004 823 2206 879 stadio-

614 914 728 953 rum
754 898 940 969 janua,
969 900 1298 960 fortitudinis
1340 906 1611 978 princeps,
1644 911 1941 968 tolerantia:
1968 931 2205 984 przecur-

616 1003 730 1058 sor,
759 990 845 1045 illa
867 994 1090 1049 canities
1112 993 1492 1066 juvenesccns,
1516 999 1845 1059 Testamenti
1871 1007 2062 1062 veteris
2092 1022 2210 1078 pro-

617 1091 900 1154 tomartyr,
925 1086 1285 1156 apostolorum
1317 1090 1575 1163 principis
1606 1093 1750 1150 Petri
1779 1095 1970 1169 imago.
2006 1099 2209 1156 Defecit

615 1183 666 1226 et
698 1173 978 1229 blandiens
1000 1187 1052 1231 et
1079 1178 1241 1249 virgis
1267 1181 1481 1239 credens
1509 1184 1868 1255 adversarius,
1894 1205 1995 1246 nec
2024 1198 2201 1246 tamen

614 1264 917 1320 declamare
952 1267 1176 1336 destitit,
1209 1272 1299 1341 qui
1323 1274 1601 1344 suppliciis
1622 1276 2004 1336 divexabalur:
2034 1283 2208 1339 stabat

613 1358 794 1411 senior
821 1376 928 1429 pne
958 1362 1118 1416 nimia
1153 1374 1388 1422 tremens
1430 1377 1747 1438 senectute;
1791 1374 2013 1430 sedebat
2035 1377 2207 1433 minas

614 1464 676 1502 ac
720 1451 923 1506 ert-dem
969 1454 1231 1511 anhelans
1282 1467 1537 1529 tyrannus
1565 1471 1659 1529 ;et
1683 1465 1772 1534 qui
1806 1467 2088 1531 tremebat,
2120 1485 2209 1526 vc-

614 1553 768 1610 getus
795 1545 922 1600 abiit
949 1561 964 1611 ;
997 1549 1087 1618 qui
1115 1547 1325 1606 ﬂorenti
1353 1561 1510 1609 {etate
1540 1555 1870 1626 lasciviebat,
1895 1560 2069 1617 victus
2087 1563 2210 1619 abs-

614 1634 778 1689 cessit
808 1653 822 1689 :
868 1639 1044 1692 stabat
1078 1641 1301 1697 canities
1325 1646 1649 1715 excruciata,
1678 1648 1941 1720 judicium
1984 1669 2208 1711 excree—

616 1725 707 1780 bat
734 1742 855 1782 cum
900 1732 1220 1788 auctoritate
1254 1735 1509 1804 juventus
1556 1739 1796 1809 ell‘erata,
1827 1751 1882 1799 et
1930 1746 2208 1803 victoriam

615 1818 843 1874 canities
887 1824 1214 1891 reportabat.
1242 1823 1287 1881 Ο
1314 1843 1509 1884 novum
1545 1846 1717 1901 genus
1738 1834 1976 1891 victoriae
2001 1838 2014 1891 !
2040 1847 2208 1895 totum

618 1911 776 1965 simul
805 1915 1099 1970 exercitum
1142 1920 1365 1989 sagittas
1391 1938 1520 1979 areu
1547 1927 1850 1985 mittentem
1878 1946 2043 1989 senex
2074 1951 2211 1993 unus

616 2004 925 2062 vulneratus
956 2008 1008 2063 ir.
1036 2009 1210 2081 fugam
1241 2017 1526 2072 convertit.
1560 2018 1675 2076 Non
1704 2023 1907 2092 patitur
1931 2041 2018 2082 me
2041 2027 2109 2084 ad
2124 2028 2215 2099 ju-

615 2108 810 2148 venum
839 2096 1206 2157 fortitudinem
1228 2105 1452 2176 gradum
1484 2108 1663 2168 facere
1683 2117 2037 2174 certaminum
2066 2096 2213 2177 senis

620 2188 959 2259 miraculum,
988 2194 1083 2250 sed
1111 2206 1288 2256 tamen
1317 2217 1540 2260 necesse
1567 2215 1669 2274 est,
1701 2216 1759 2263 ut
1783 2210 1850 2265 ad
1877 2226 1971 2267 eos
1996 2212 2102 2268 vim
2126 2215 2212 2270 af-

614 2280 850 2342 ferentes
876 2286 967 2343 isti
995 2304 1282 2362 pergamus
1312 2313 1326 2350 :
1360 2307 1570 2354 nanret
1596 2300 1671 2357 illi
1702 2305 1992 2372 prteclaros
2016 2307 2087 2364 de
2131 2317 2213 2381 ty-

614 2390 784 2432 ranno
813 2379 1118 2451 triumphos
1144 2396 1373 2457 egerunt
1397 2406 1412 2444 :
1437 2406 1543 2446 non
1572 2393 1717 2448 enim
1754 2395 1937 2452 debuit
1959 2379 2213 2468 juventus

614 2468 794 2522 minus
843 2471 1133 2542 intrepida,
1187 2492 1348 2547 quam
1400 2482 1625 2539 canities
1669 2499 1951 2557 apparere.
1992 2488 2211 2560 Septem

522 2558 530 2621 ί
611 2559 774 2629 igitur
801 2563 997 2620 deinde
1019 2567 1244 2635 juvenes
1264 2586 1386 2627 cum
1414 2584 1637 2634 strenue
1661 2577 2028 2652 dimicassent,
2058 2600 2214 2641 coro-

616 2652 723 2705 nati
755 2663 902 2719 sunt,
948 2657 1040 2725 qui
1080 2673 1147 2713 ex
1178 2675 1285 2717 uno
1316 2673 1502 2722 ventre
1529 2667 1582 2722 in
1630 2670 1800 2726 aciem
1832 2689 1990 2729 unam
2020 2691 2212 2733 cucur-

613 2753 812 2798 rcrant.
860 2745 916 2801 Si
945 2749 1017 2804 ita
1058 2751 1288 2821 videtur,
1325 2755 1487 2812 ﬁnem
1535 2759 1726 2817 faciam
1762 2764 1997 2834 dicendi,
2039 2784 2073 2824 ο
2100 2769 2215 2826 for-

614 2833 744 2889 tium
773 2848 1065 2910 martyrum
1105 2842 1274 2900 fortes
1300 2848 1588 2907 saltatores
1621 2855 1635 2906 !
1682 2853 1811 2921 Sed,
1843 2866 1902 2912 ut
1944 2858 2209 2931 dicebam,

612 2938 821 2998 septem
874 2931 1068 2990 deinde
1116 2940 1357 2995 coronati
1399 2951 1526 2998 sunt
1561 2944 1807 3015 juvenes,
1858 2951 1950 3020 qui
1985 2966 2053 3007 ex
2105 2970 2212 3011 uno

614 3033 802 3077 ventre
846 3025 898 3080 in
938 3028 1112 3085 aciem
1145 3046 1304 3088 unam
1331 3048 1723 3106 cucurrerant,
1773 3058 1875 3097 una
1926 3056 2208 3114 parentum

613 3118 967 3184 germanitate
993 3130 1046 3176 et
1075 3125 1315 3182 moribus
1338 3132 1603 3198 exornati,
1630 3133 1772 3191 alius
1803 3147 1925 3205 post
1968 3140 2133 3196 alium
2156 3143 2212 3199 in

614 3218 887 3266 certamen
921 3213 1307 3287 irrumpebant.
1341 3219 1496 3278 Nunc
1522 3223 1652 3279 mihi
1679 3226 1746 3282 de
1781 3229 1954 3295 vobis,
1983 3247 2015 3288 o
2046 3249 2211 3304 gene-

615 3302 747 3369 rosi,
798 3308 1165 3375 evangelicum
1219 3309 1352 3367 illud
1399 3313 1600 3372 dictum
1646 3302 2069 3378 memorandum
2105 3333 2210 3395 est,

613 3394 800 3450 Beatus
845 3409 1009 3453 venter
1043 3403 1131 3473 qui
1176 3419 1262 3459 vos
1304 3411 1542 3477 portavit,
1590 3419 1636 3464 et
1670 3410 1827 3467 ubera
1868 3431 1982 3482 quia
2008 3418 2214 3475 auxisti:

615 3486 767 3555 (Luc.
804 3491 890 3545 ll.
914 3491 1029 3564 27).
1063 3494 1290 3561 Quando
1315 3509 1494 3556 autem
1537 3502 1764 3560 uberum
1794 3521 1858 3562 ac
1884 3508 2085 3566 ventris
2112 3510 2213 3568 fcci

614 3581 961 3651 tneutionem,
1011 3595 1220 3656 tempus
1267 3599 1369 3653 est.
1421 3601 1480 3647 ut
1527 3594 1596 3649 ad
1628 3594 1845 3654 fortium
1888 3597 2208 3658 bellatorum

614 3679 880 3728 transeam
913 3686 1136 3732 matrem
1171 3722 1185 3745 ,
1214 3697 1333 3753 qua:
1360 3684 1413 3738 in
1444 3701 1552 3741 uno
1578 3689 1777 3759 saepius
1808 3706 2036 3764 corpore
2065 3711 2209 3752 mor-

1371 424 1430 484 S.
1464 427 1741 487 JOANNIS
1772 429 2250 489 CllltYSOSTOMl
2291 435 2609 493 ARClllEl'.
2640 438 3177 500 CONSTANTINOP.
3801 456 3888 514 623

2314 560 2401 606 tua
2423 561 2527 619 cst,
2559 554 2643 609 vel
2673 555 2849 625 potius
2872 572 3018 628 srepe
3040 568 3264 614 mactata
3294 570 3394 628 est,
3423 572 3473 618 et
3507 580 3578 620 ne
3610 569 3773 624 semel
3788 574 3886 640 qui-

2311 641 2434 698 dem
2462 643 2726 715 indoluit,
2756 646 2822 701 ad
2853 648 3026 715 illam,
3058 649 3298 721 inquam,
3331 653 3719 713 iuvulneratam
3748 661 3885 718 simul

2313 744 2369 790 et
2416 736 2599 792 multis
2650 740 2959 796 vulneribus
3001 745 3259 799 sauciam.
3283 745 3397 801 Non
3426 747 3496 803 ita
3533 749 3678 804 illam
3709 753 3887 821 primus

2314 825 2601 883 liberorum
2631 831 2995 899 perturbabat,
3028 848 3148 889 cum
3178 835 3245 890 ad
3272 851 3459 893 necem
3492 839 3806 909 traheretur,
3833 854 3882 898 ut

2311 920 2601 988 secundus,
2629 923 2717 992 qui
2743 925 3033 979 certamina
3056 941 3161 981 nou
3188 928 3454 998 attigerat,
3478 938 3683 985 metum
3709 932 3881 989 affere-

2311 1010 2405 1067 bat
2436 1029 2449 1066 :
2479 1026 2583 1066 non
2612 1012 2683 1066 ita
2709 1012 2930 1068 secundi
2963 1031 3148 1071 rursus
3174 1017 3420 1072 interitus
3449 1021 3814 1090 contristabat,
3837 1033 3886 1078 ut

2314 1104 2454 1158 tertii
2483 1102 2574 1156 ﬁlii
2598 1104 2700 1157 vita
2730 1105 2981 1169 terrebat,
3004 1107 3155 1177 cujus
3179 1108 3356 1164 adhuc
3369 1122 3488 1166 erat
3515 1110 3640 1166 linis
3660 1113 3883 1183 ignotus:

2313 1194 2586 1266 pcrexigui
2621 1196 2775 1265 pretii
2819 1205 2937 1251 erat
2980 1198 3054 1253 illi
3107 1207 3162 1254 et
3202 1201 3412 1266 tertius,
3441 1210 3497 1255 et
3519 1210 3739 1272 quartus
3767 1204 3885 1259 ﬁlius

2309 1286 2602 1356 jugulatus,
2653 1301 2777 1342 cum
2823 1287 3056 1345 nondum
3103 1299 3249 1346 esset
3294 1292 3513 1362 quintus
3543 1295 3747 1350 occisus
3786 1312 3885 1351 :ne

2315 1378 2449 1433 sexti
2477 1379 2690 1449 quidem
2717 1395 2874 1435 casus
2903 1380 3290 1452 pliil080pbiam
3318 1383 3437 1454 ejus
3461 1387 3731 1455 superavit
3758 1405 3771 1442 :
3812 1403 3885 1441 rc-

2315 1472 2490 1527 stabat
2533 1472 2785 1542 deinceps
2832 1473 3047 1528 ultimus
3090 1474 3159 1529 ad
3197 1475 3489 1530 certamina
3523 1477 3793 1548 septimus,
3812 1479 3885 1549 qui

2315 1576 2610 1637 martyrum
2638 1563 2897 1620 citharam
2940 1575 3147 1637 septem
3188 1566 3514 1623 chordarum
3558 1569 3883 1639 complerct'.

2314 1656 2455 1723 Quid
2483 1656 2688 1726 igitur?
2714 1671 2781 1709 an
2807 1671 2924 1712 eam
2954 1666 3088 1711 aetas
3134 1657 3415 1713 immatura
3444 1658 3638 1714 ﬂexit?
3663 1675 3727 1714 an
3752 1661 3883 1714 indo-

2317 1748 2433 1816 luit,
2465 1763 2587 1804 cum
2618 1747 2717 1805 has
2757 1757 2961 1804 natura:
3006 1749 3258 1819 reliquias
3310 1751 3507 1806 auferri
3541 1751 3779 1808 videret?
3804 1753 3880 1807 llla

2317 1851 2466 1898 certe
2493 1856 2716 1912 puerum
2747 1840 2815 1896 ad
2837 1850 3069 1897 mortem
3097 1844 3342 1913 urgebat,
3371 1844 3413 1898 si
3439 1844 3621 1898 minus
3647 1843 3881 1908 manibus,

2318 1933 2558 1990 consiliis
2586 1943 2784 1989 tamen.
2831 1932 2911 1988 Ne
2938 1948 3277 2001 coronarum,
3302 1949 3335 1988 o
3381 1933 3480 2001 ﬁli,
3512 1951 3781 1990 numerum
3801 1936 3883 1989 im-

2317 2027 2527 2082 minuas
2555 2044 2568 2080 :
2598 2034 2717 2081 esto
2758 2024 3028 2092 fratribus,
3060 2033 3119 2080 ut
3150 2035 3351 2095 partus,
3379 2026 3545 2081 etiam
3568 2028 3742 2082 socius
3767 2035 3885 2081 recte

2317 2118 2578 2175 factorum
2636 2135 2652 2173 :
2707 2117 2917 2173 imitare
2964 2118 3233 2171 actionum
3284 2120 3666 2174 communione
3713 2128 3885 2172 natura:

2318 2211 2752 2268 communionem
2777 2226 2792 2277 ;
2822 2208 3046 2265 ostende
3091 2216 3144 2264 te
3179 2223 3393 2275 eorum,
3415 2210 3509 2279 qui
3540 2209 3748 2264 mactati
3766 2217 3884 2275 sunt,

2318 2306 2482 2362 etiam
2524 2305 2578 2361 in
2621 2302 2884 2373 agonibus
2920 2301 3161 2358 fratrem.
3190 2300 3467 2372 Septimus
3508 2302 3639 2358 mihi
3667 2317 3697 2357 a
3720 2311 3880 2357 natura

2319 2408 2476 2454 natus
2518 2411 2578 2453 es
2623 2396 2802 2460 ﬁlius,‘
2834 2394 3094 2464 septimus
3140 2393 3271 2448 mihi
3310 2393 3378 2448 ab
3424 2394 3596 2449 animi
3644 2394 3887 2465 proposito

2318 2500 2523 2565 martyr
2547 2503 2777 2546 exorere
2807 2506 2821 2541 :
2850 2503 2918 2544 ne
2945 2486 3167 2553 efﬁcias,
3210 2500 3244 2541 o
3274 2484 3370 2553 ﬁli,
3398 2495 3457 2540 ut
3488 2483 3885 2583 liberorum

2319 2584 2442 2639 dem
2467 2589 2696 2654 septem,
2727 2594 2819 2637 sex
2849 2594 2978 2635 vero
3006 2587 3300 2649 martyrum
3332 2585 3509 2633 mater
3528 2576 3779 2647 appeller.
3806 2573 3886 2629 Ubi

2320 2693 2463 2733 nunc
2491 2718 2508 2744 ,
2550 2688 2756 2747 quasso,
2790 2681 2917 2729 sunt
2956 2672 3069 2736 illi,
3097 2671 3186 2741 qui
3232 2684 3300 2725 ne
3325 2670 3676 2766 pecuni-arum
3704 2665 3884 2766 quidem

2319 2770 2618 2825 oblationes
2648 2766 2759 2822 Deo
2804 2762 3144 2835 largiuntur?
3173 2762 3392 2831 Septem
3424 2760 3592 2817 hodie
3617 2770 3812 2814 teneros
3833 2756 3886 2809 li-
3936 2825 3946 2835 1

2320 2861 2480 2918 heros
2507 2860 2573 2915 ad
2596 2859 2878 2915 Dominum
2906 2865 3077 2912 mater
3090 2853 3331 2917 adduxit,
3359 2868 3460 2908 nec
3480 2852 3766 2924 obtorpuit,
3785 2861 3882 2903 cum

2324 2952 2647 3011 sacriﬁcium
2676 2965 2710 3007 e
2734 2949 3027 3005 visceribus
3065 2947 3177 3003 suis
3216 2945 3436 3001 offerret
3467 2962 3482 2999 :
3527 2953 3585 2999 at
3611 2942 3752 2998 multi
3780 2954 3885 3010 pau-

2321 3063 2508 3105 corum
2550 3045 2829 3101 obolorum
2855 3042 3015 3098 nobis
3044 3040 3311 3096 interdum
3342 3038 3670 3094 oblationem
3698 3030 3883 3091 sordide

2321 3139 2627 3198 conferunt.
2656 3137 2765 3191 Nos
2797 3145 2976 3191 autem
3005 3134 3115 3189 Deo
3137 3142 3192 3188 et
3235 3132 3538 3186 animorum
3578 3138 3632 3184 et
3662 3124 3883 3199 pecunia-

2321 3248 2438 3289 rum
2468 3241 2524 3288 et
2545 3242 2830 3299 corporum
2858 3226 3182 3281 oblationem
3204 3223 3517 3289 offeramus,
3539 3220 3794 3316 Christum
3812 3229 3885 3316 su-

2328 3343 2421 3399 per
2447 3325 2629 3380 omnia
2676 3319 3067 3384 collaudantes,
3101 3317 3187 3373 cui
3233 3316 3400 3387 gloria
3453 3324 3512 3370 et
3560 3311 3883 3383 imperiumin

2319 3422 2518 3478 satcula
2547 3416 2886 3475 saeculorum.
2916 3414 3109 3469 Amen.

2388 3645 2401 3675 ¹
2445 3648 2496 3691 ιιι
2521 3635 2711 3690 Montef.
2733 3636 2936 3700 legitur,
2960 3631 3202 3684 citharam
3240 3633 3422 3680 mutam
3464 3624 3735 3689 compleret,
3755 3620 3884 3671 minus

2321 3713 2479 3755 recte.

1427 4059 1608 4116 EDIT.
1650 4061 1716 4117 Β.
1759 4063 1820 4119 Ρ.
1862 4063 2226 4120 MlCllAELlS
2265 4064 2586 4132 LEQUIEN,
2639 4064 2699 4118 P.
2741 4062 2869 4126 584.
2900 4059 2942 4114 Τ
3010 4059 3050 4113 Ι.

1767 4202 1862 4276 6.
1921 4204 2239 4298 Soauuis
2296 4203 2771 4298 Qbrysostomi

1981 4377 2048 4422 IN
2090 4378 2477 4424 MACCABEOS
2487 4404 2502 4420 .

689 4496 1046 4566 Imperatoriae
1071 4514 1339 4571 expressae
1362 4502 1543 4575 ligurre
1574 4519 1679 4560 non
1726 4519 1858 4561 auro
1881 4513 2084 4561 tantum
2113 4515 2207 4563 aut

617 4597 856 4659 argento,
880 4591 1050 4648 aliave
1065 4594 1295 4664 pretiosa
1317 4597 1536 4651 materia
1553 4597 1815 4666 fulgentes
1835 4597 2208 4666 reperiuntur;

622 4695 803 4737 verum
831 4682 991 4738 etiam
1015 4683 1069 4739 in
1090 4700 1200 4742 iere
1237 4685 1543 4743 fabrefacta:
1571 4687 1798 4743 formam
1820 4691 2065 4744 eamdem
2110 4691 2212 4745 im-

621 4785 859 4839 pressam
892 4775 1108 4832 habent.
1133 4780 1306 4850 Atque
1334 4781 1573 4836 materia:
1591 4780 1880 4837 discrimen
1912 4782 2043 4837 nihil
2083 4782 2216 4837 ima-

620 4861 756 4933 ginis
781 4864 948 4923 ofﬁcit
998 4867 1265 4939 dignitati,
1301 4886 1474 4944 neque
1499 4886 1567 4929 ex
1594 4886 1660 4929 eo
1686 4872 1830 4945 quod
1861 4873 1953 4930 illa
1994 4873 2216 4945 majoris

2315 4506 2469 4578 pretii
2508 4503 2733 4563 materia
2780 4509 3013 4567 constet,
3068 4499 3308 4565 alterius.
3339 4512 3462 4593 αυξτ)
3491 4510 3556 4552 ex
3604 4486 3882 4593 ign?bi.l.ig':f

2322 4598 2568 4656 confecta
2605 4597 2693 4660 sit,
2737 4595 2966 4666 pretium
3005 4592 3261 4647 minuitur
3293 4609 3305 4644 :
3337 4588 3433 4644 sed
3459 4599 3645 4643 omnes
3669 4577 3882 4673 similiter

2325 4687 2668 4744 commendat
2729 4683 3071 4755 Imperatoris
3099 4683 3308 4745 forma;
3331 4679 3552 4749 ipsaque
3587 4690 3662 4771 ei

2324 4779 2630 4837 conditione
2652 4776 2786 4832 nihil
2828 4775 3126 4841 imminuta,
3159 4771 3298 4829 illius
3325 4769 3557 4841 pretium
3580 4762 3751 4826 efﬁcit,
3785 4763 3882 4824 qui!

2323 4873 2443 4942 ejus
2466 4869 2666 4941 excipit
2701 4866 3010 4940 imaginem.

2051 5308 2543 5332 κομ-
