4104 6436
258 344 373 399 ϐἓῖ

256 462 330 515 τὸ
358 461 535 533 παρὸν
583 464 939 537 ὑπερθώμεθα
966 507 980 531 ,
1013 469 1297 539 μιμεῖσθαι
1347 469 1404 524 δὲ
1444 468 1835 540 σπουδάζωμεν

256 544 375 596 τῶν
397 545 686 618 μαρτύρων
709 549 801 602 τὸν
824 551 994 604 τόνον.
1018 552 1227 606 Οὐκοῦν
1252 551 1465 624 πρῶτος
1490 553 1622 622 ἡμῖν
1651 551 1836 607 Ἐλεά-

256 625 432 697 ζαρος
455 629 483 680 6
510 630 821 704 πρεσϐύτης
846 635 926 697 είς
968 633 1132 704 μέσον
1179 635 1379 706 ἡκέτω,
1407 638 1441 705 ἡ
1472 635 1583 688 τῶν
1612 634 1838 703 ἀγώνων

255 710 433 781 ἀρχὴ,
458 712 487 764 6
521 712 623 782 τῆς
658 717 961 787 μαρτυρίας
1004 717 1272 788 θεμέλιος,
1296 717 1407 771 τῶν
1430 718 1772 788 σκαμμάτων
1803 720 1837 789 ἡ

256 792 428 866 θύρα,
456 793 556 866 τῆς
576 796 827 869 ἀνδρείας
847 802 876 853 6
895 799 1156 871 ἀρχηγὸς,
1185 800 1286 872 τῆς
1308 801 1601 874 καρτερίας
1639 803 1668 855 6
1707 802 1840 874 πρό-

253 877 482 950 δρομος,
506 882 539 952 ή
570 882 836 948 νεάζουσα
862 884 1039 953 πολιὰ,
1062 888 1091 939 6
1111 886 1210 957 τῆς
1234 886 1477 949 Παλαιᾶς
1507 886 1838 959 πρωτόμαρ-

254 979 380 1029 τυς,
413 965 446 1032 ἡ
476 965 682 1037 Πέτρου
712 966 808 1021 τοῦ
839 968 1136 1039 κορυφαίου
1159 967 1268 1023 τῶν
1290 969 1603 1023 ἀποστόλων
1638 969 1801 1026 εἰκών
1820 982 1834 997 ⁸

256 1045 439 1115 ἔκαμε
468 1046 777 1103 κολακεύων
805 1051 899 1105 καὶ
932 1050 1213 1122 μαστιγῶν
1232 1052 1260 1105 6
1298 1051 1576 1122 πολέμιος,
1611 1052 1706 1106 καὶ
1739 1053 1841 1106 οὐκ

254 1127 542 1182 ἐπαύσατο
563 1131 873 1203 ῥητορεύων
898 1135 925 1186 6
947 1133 1306 1206 κολαζόμενος
1328 1151 1341 1163 ·
1362 1136 1603 1206 εἱστήκει
1622 1135 1839 1206 τρέμων

253 1212 288 1264 6
321 1212 637 1286 πρεσϐύτης
657 1215 760 1269 61:6
782 1218 877 1272 τοῦ
910 1219 1118 1289 γήρως,
1152 1218 1385 1289 ἐκάθητο
1416 1220 1472 1272 δὲ
1498 1218 1728 1289 ἀπειλῆς
1748 1219 1841 1272 καὶ

257 1296 429 1363 φόνου
456 1296 634 1350 πνέων
660 1301 688 1351 6
715 1298 999 1372 τύραννος,
1033 1302 1129 1354 καὶ
1156 1303 1184 1354 6
1221 1301 1322 1371 μὲν
1349 1300 1568 1373 τρέμων
1597 1300 1840 1371 ἀπῆλθεν

256 1380 547 1450 ἀκμάζων,
582 1383 611 1436 ὁ
634 1383 690 1436 δὲ
717 1386 964 1456 σφριγῶν
996 1385 1206 1457 ἀπῆλθε
1248 1386 1629 1457 νενικημένος
1662 1385 1841 1457 εἰστήο

256 1480 350 1516 κει
383 1465 544 1519 πολιά
575 1467 1031 1541 καταξαινομένη,
1089 1470 1305 1535 ἐδίκαζε
1343 1469 1401 1523 δὲ
1458 1468 1648 1539 νεότης
1707 1467 1843 1541 μετά

255 1545 550 1612 αὐθεντίας
571 1549 928 1623 ἀγριουμένη,
946 1555 1042 1607 καὶ
1060 1556 1126 1624 τῇ
1150 1552 1311 1626 πολιᾷ
1331 1552 1401 1607 τὰ
1425 1551 1529 1623 τῆς
1552 1553 1709 1621 νίκης
1730 1552 1844 1620 ἐγί-

256 1644 407 1684 νετο.
422 1631 485 1683 Ὠ
503 1632 702 1702 τρόπον
717 1637 1046 1707 νικητηρίων
1061 1635 1247 1691 καινοῦ
1265 1653 1278 1667 ·
1295 1635 1425 1707 ὅλην
1442 1635 1580 1707 όμοῦ
1599 1633 1842 1700 τοξεύου-

259 1732 367 1768 σαν
403 1718 659 1786 στρατιὰν
698 1720 1035 1792 τυπτόμενος
1082 1716 1166 1784 εἷς
1209 1720 1477 1792 ἐτρέψατο
1497 1719 1696 1791 γέρων.
1726 1720 1840 1774 Οὐκ

259 1800 333 1869 ἐᾷ
364 1816 430 1869 με
459 1800 595 1873 πρὸς
621 1802 720 1872 τὴν
746 1803 855 1857 τῶν
886 1804 1021 1859 νέων
1051 1804 1301 1877 ἀνδρείαν
1329 1803 1438 1858 τῶν
1467 1802 1562 1857 τοῦ
1589 1803 1842 1874 γέροντος

258 1882 443 1935 ἄθλων
472 1884 814 1954 μεταϐαίνειν
835 1887 897 1941 τὺ
917 1887 1102 1960 θαῦμα
1121 1906 1135 1921 ·
1168 1887 1463 1961 πορευτέον
1504 1888 1548 1941 δ’
1578 1883 1671 1940 οὖν
1692 1888 1843 1958 ὅμως

260 1965 399 2033 ἡμῖν
447 1967 535 2020 ἐπ’
585 1969 780 2035 αὐτοὺς
808 1970 994 2026 τοῦτον
1035 1971 1426 2043 βιασαμένους·
1462 1968 1691 2041 λαμπρά
1732 1969 1842 2040 γάρ

257 2048 362 2101 καὶ
393 2052 522 2123 παρ’
556 2052 783 2118 ἐκείνοις
833 2054 979 2109 κατά
1032 2055 1119 2108 τοῦ
1153 2055 1417 2127 τυράννου
1446 2053 1517 2108 τὰ.
1565 2054 1801 2126 τρόπαια
1823 2068 1837 2081 ·

256 2131 326 2185 οὐ
362 2132 470 2204 γὰρ
500 2133 693 2205 ἔμελλε
739 2136 931 2200 πολιᾶς
962 2138 1152 2210 νεότης
1196 2137 1610 2210 ἀτολμηροτέρα
1656 2139 1842 2205 φανεί-

259 2214 410 2270 σθαι.
456 2216 629 2271 Ἐπτά
654 2219 785 2288 γοῦν
836 2220 1033 2292 ἑφεξῆς
1066 2214 1444 2293 ἀριστεύοντές
1468 2220 1843 2290 ἐστεφάνωντο

255 2296 374 2353 νέοι
399 2299 465 2353 ἐκ
491 2302 621 2371 μιᾶς
643 2303 879 2373 γαστρὸς
910 2307 990 2369 είς
1019 2305 1148 2377 μίαν
1175 2305 1475 2377 δραμόντες
1515 2304 1839 2376 παράταξιν.

256 2381 327 2433 El
355 2382 523 2447 δοκεῖ,
580 2385 883 2440 καταπαύω
905 2387 996 2442 τὸν
1045 2387 1224 2458 λόγον,
1277 2387 1511 2460 ἰσχυρῶν
1549 2387 1842 2460 μαρτύρων

259 2468 476 2536 ἰσχυροὶ
503 2471 773 2540 χορευταί,
816 2471 976 2538 Ἀλλ’,
1006 2473 1143 2544 ὅπερ
1198 2472 1403 2544 ἔλεγον,
1452 2474 1593 2528 ἐτττά
1645 2472 1844 2543 ἐφεξῆς

256 2550 640 2620 ἀριστεύοντες
669 2554 1042 2624 ἐστεφάνωντο
1099 2556 1198 2611 νέοι
1232 2558 1298 2610 ὲκ
1335 2557 1463 2627 μιᾶς
1491 2556 1729 2627 γαστρὸς
1763 2556 1842 2617 εἰς

262 2632 397 2702 μίαν
425 2634 725 2707 δραμόντες
774 2638 1107 2712 παράταξιν,
1152 2642 1253 2711 μιᾷ
1295 2639 1465 2706 γόνων
1523 2639 1844 2710 ἀδελφότητι

260 2715 360 2771 καὶ
391 2718 576 2797 τρόπῳ
599 2722 1019 2794 κεκοσμημένοι,
1043 2722 1200 2785 ἄλλος
1230 2726 1316 2777 ἐπ’
1333 2723 1477 2794 ἄλλῳ
1500 2726 1615 2787 τοῖς
1637 2723 1843 2792 ἀγῶσιν

259 2799 569 2870 ἐμϐάλλων.
626 2802 741 2858 Νῦν
795 2822 883 2877 μοι
936 2808 1035 2877 τῆς
1067 2807 1430 2877 εὐαγγελικῆς
1483 2806 1701 2878 ἐκείνης
1757 2807 1842 2875 ἐφ’

262 2882 416 2953 ὑμῖν,
439 2878 484 2940 ὧ
521 2890 779 2954 γενναῖοι,
823 2890 1222 2961 μνημονευτέον
1258 2891 1474 2961 φωνῆς·
1529 2890 1803 2958 Μακαρία
1827 2931 1841 2954 ,

262 2967 451 3037 φησὶν,
484 2969 524 3037 ἠ
548 2970 745 3024 κοιλία
778 2973 810 3040 ἡ
838 2973 1214 3038 ,βαστάσασα
1238 2974 1394 3044 ὑμᾶς
1416 3013 1430 3040 ,
1472 2974 1573 3028 καὶ
1595 2974 1840 3043 μαστοὶ»

264 3050 376 3118 οὓς
397 3052 754 3121 ἐθηλάσατε.
808 3057 960 3110 Ἐπεὶ
990 3058 1045 3111 δὲ
1072 3059 1293 3129 μαστῶν
1313 3060 1407 3113 καὶ
1444 3057 1652 3121 κοιλίας
1677 3059 1846 3129 ἐμνή-

264 3134 424 3208 σθην,
454 3136 574 3209 ὥρα
595 3142 693 3210 ’μοι
720 3141 813 3195 καὶ
839 3142 975 3214 πρὸς
998 3142 1096 3214 τὴν
1114 3142 1221 3197 τῶν
1249 3142 1517 3214 ἀριστέων
1547 3142 1844 3197 διαϐαίνειν

270 3221 485 3295 μητέρα
532 3223 630 3296 τὴν
655 3226 714 3280 ὲν
752 3227 832 3282 ἐνὶ
881 3227 1094 3299 σώματι
1125 3228 1385 3293 πολλάκις
1428 3227 1805 3282 ἀποθανοῦσαν
1827 3244 1843 3261 ’

1548 351 1632 408 DE
1670 354 2111 415 ΜΑΕΟΛΒίΕΙδ.
2153 355 2238 412 ΙΙΙ.

3418 357 3521 413 0‘28

1944 473 2143 543 μᾶλλον
2179 473 2236 527 δὲ
2259 469 2357 541 τὴν
2407 472 2666 534 πολλάκις
2694 471 3011 539 σφαγετσαν,
3067 470 3163 524 καὶ
3206 470 3340 542 μηδὲ
3375 471 3524 537 ἅπαξ

1939 556 2255 627 ἀλγήσασαν
2273 572 2287 586 ⁸
2314 557 2415 628 τὴν
2444 556 2686 628 ἄτρωτον
2715 554 2850 623 ὁμοῦ
2884 555 2978 607 καὶ
3003 552 3369 625 πολύτρωτον.
3408 556 3522 607 Οὐκ

1938 639 2234 711 ἐτάραττεν
2255 640 2425 710 αὐτὴν
2451 640 2480 692 6
2508 637 2723 710 πρῶτος
2748 637 3037 707 ἑλκόμενος
3063 638 3142 701 είς
3166 637 3396 692 θάνατον
3414 637 3524 692 τῶν

1940 722 2169 786 παίδων,
2209 722 2285 787 ὡς
2314 723 2343 774 6
2371 721 2624 793 δεύτερος
2659 720 2885 791 μηδέπω
2912 720 3024 773 τῶν
3056 719 3283 788 ἀγώνων
3304 720 3523 792 ἁψάμε-

1938 824 2028 870 νος
2050 805 2233 860 ὲπτόει
2249 823 2261 835 ·
2286 806 2387 861 οὑκ
2408 805 2596 860 ἐλύπει
2624 803 2721 857 τοῦ
2753 805 3008 875 δευτέρου
3031 804 3194 858 πάλιν
3213 806 3247 876 ἡ
3273 804 3520 876 τελευτὴ,

1939 888 2015 952 ὡς
2047 890 2081 960 ἡ
2108 888 2200 943 τοῦ
2224 889 2408 960 τρίτου
2435 889 2625 951 παιδὸς
2644 888 2831 956 ἐφόϐει
2863 888 2978 959 ζωὴ
3010 888 3070 940 τὸ
3097 888 3272 960 πέρας
3299 889 3524 956 ἀγνοού-

1942 989 2101 1043 μενον
2122 972 2321 1043 ἔχουσα
2337 990 2350 1004 ο
2381 973 2574 1044 μικρὸς
2598 968 2665 1043 ἦν
2689 971 2825 1042 αὐτῇ
2852 972 2948 1025 καὶ
2969 971 3153 1042 τρίτος
3191 971 3285 1024 καὶ
3328 970 3525 1041 τέταρ-

1938 1071 2029 1118 τος
2054 1055 2529 1126 ἀποσφαττόμενος
2555 1056 2704 1122 παῖς,
2729 1054 2823 1107 τοῦ
2855 1054 3109 1125 πέμπτου
3161 1056 3326 1127 μήπω
3356 1071 3524 1123 πεφο-

1938 1139 2198 1210 νευμένου
2224 1157 2239 1172 ·
2267 1139 2387 1193 οὐδὲ
2413 1138 2506 1193 τοῦ
2534 1139 2694 1193 ἕκτου
2730 1139 2792 1191 τὸ
2824 1138 3025 1211 πτῶμα
3055 1139 3154 1209 τὴν
3205 1139 3523 1209 φιλοσοφίαν

1942 1222 2190 1293 ἐνίκησεν
2210 1240 2224 1254 ·
2256 1222 2415 1293 ἔμενε
2435 1221 2619 1287 λοιπόν
2646 1222 2953 1286 τελευταῖος
2995 1222 3131 1294 πρὸς
3152 1224 3280 1287 τοὺς
3306 1223 3524 1291 ἀγῶνας

1941 1306 1969 1359 6
2001 1305 2227 1376 ἕϐδομος
2247 1307 2274 1356 6
2298 1306 2397 1375 τὴν
2419 1305 2795 1375 έπτάφθογγον
2821 1304 2930 1359 τῶν
2958 1306 3249 1377 μαρτύρων
3276 1306 3526 1377 συμπλη-

1944 1388 2122 1462 ρώσας
2148 1387 2401 1459 κιθάραν.
2426 1387 2490 1440 Τί
2529 1384 2661 1454 οῦν;
2695 1388 3030 1460 ἐπεκάμφθη
3065 1390 3141 1461 τῷ
3180 1391 3277 1459 τῆς
3308 1390 3525 1461 ἡλικίας

1940 1471 2126 1542 ἀώρῳ,
2152 1472 2460 1542 συνήλγησε
2482 1470 2589 1525 κᾶν
2609 1471 2690 1541 τῷ
2715 1471 2952 1543 λειψάνῳ
2974 1472 3077 1543 τῆς
3099 1472 3344 1542 φύσεως;
3377 1473 3524 1543 Ain“;

1945 1556 2042 1628 μὲν
2061 1550 2155 1609 οὖν
2177 1556 2240 1608 τὸ
2261 1555 2471 1610 παιδίον
2503 1556 2641 1627 πρὸς
2662 1556 2755 1610 τὸν
2788 1556 3020 1611 θάνατον
3060 1555 3210 1618 ὤθει,
3242 1559 3290 1609 εί
3322 1556 3417 1610 καὶ
3450 1556 3525 1627 μὴ

1940 1643 2062 1705 ταῖς
2093 1641 2302 1712 χερσὶν,
2350 1640 2486 1694 ἀλλά
2545 1642 2665 1704 ταῖς
2724 1640 3074 1711 συμϐουλαῖς.
3118 1641 3211 1712 Μὴ
3241 1641 3518 1712 διακόψῃς,

1942 1724 2096 1794 φησὶ,
2144 1723 2252 1776 τῶν
2303 1724 2601 1793 στεφάνων,
2639 1717 2683 1776 ὦ
2709 1724 2920 1786 τέκνον,
2942 1723 3033 1777 τὸν
3053 1724 3285 1796 ἀριθμόν
3309 1741 3322 1756 ·
3366 1724 3526 1792 γενοῦ

1945 1807 2083 1877 μετά
2111 1805 2220 1861 τῶν
2248 1805 2453 1860 ὠδίνων
2479 1806 2573 1860 καὶ
2601 1806 2709 1861 τῶν
2739 1807 3179 1878 κατορθωμάτων
3219 1809 3331 1871 τοῖς
3376 1806 3528 1860 ἀδελ-

1943 1893 2063 1960 φοῖς
2093 1891 2346 1954 κοινωνός
2365 1908 2378 1923 ·
2417 1891 2658 1962 μίμησαι
2689 1891 2789 1963 τὴν
2820 1891 3106 1945 κοινωνίαν
3158 1890 3258 1961 τῆς
3312 1888 3528 1960 φύσεως

1941 1976 2007 2046 τῇ
2033 1973 2289 2046 κοινωνίᾳ
2318 1976 2418 2046 τῆς
2450 1974 2703 2046 πράξεως
2722 1992 2736 2007 '
2773 1975 2944 2042 δεῖξον
2970 1974 3163 2029 σαυτὸν
3189 1974 3299 2027 τῶν
3330 1977 3432 2045 ἁνῃ
3443 1991 3533 2045 ρη-

1946 2058 2122 2130 μένων
2151 2058 2244 2111 καὶ
2267 2060 2325 2111 ὲν
2361 2060 2475 2122 τοῖς
2497 2059 2818 2130 σκάμμασιν
2856 2059 3105 2128 ἀδελφόν.
3137 2058 3404 2129 Ἔϐδομός
3441 2075 3529 2127 μοι

1942 2146 2071 2208 παῖς
2095 2142 2321 2214 ὲτέχθης
2354 2142 2507 2215 παρά
2529 2144 2628 2215 τῆς
2660 2143 2897 2214 φύσεως,
2933 2143 3163 2213 ἕϐδομός
3195 2160 3284 2213 μοι
3320 2141 3532 2214 μάρτυς

1943 2227 2102 2297 γενοῦ
2135 2226 2289 2298 παρά
2323 2227 2426 2297 τῆς
2470 2226 2871 2301 προαιρέσεως·
2909 2226 2982 2297 μή
3013 2243 3079 2297 με
3105 2225 3316 2297 δείξῃς,
3357 2219 3401 2276 ὦ
3442 2225 3532 2276 τέ-

1942 2330 2091 2377 κνον,
2123 2312 2328 2365 παίδων
2363 2328 2429 2382 με
2458 2310 2621 2375 ὲπτά,
2664 2309 2959 2381 μαρτύρων
2984 2309 3041 2362 δὲ
3094 2307 3153 2375 ἒξ
3187 2308 3530 2378 καλουμένην

1948 2396 2176 2469 μητέρα.
2210 2395 2321 2452 Ποῦ
2354 2413 2443 2466 μοι
2459 2394 2554 2449 νῦν
2579 2395 2629 2447 οἱ
2660 2394 2812 2467 [655]
2845 2393 2979 2465 μηδὲ
3009 2393 3106 2456 τὰς
3132 2395 3197 2446 ἐκ
3229 2392 3531 2463 χρημάτων

1942 2480 2022 2551 τῷ
2059 2478 2178 2550 Θεῷ
2204 2478 2520 2550 προσφορὰς
2550 2476 3047 2549 προσκομίζοντεςς
3090 2477 3266 2529 Ἐπτά
3310 2475 3391 2546 τῷ
3430 2478 3529 2528 Δε-

1945 2564 2117 2635 σπότῃ
2154 2564 2392 2635 σήμερον
2429 2562 2625 2626 παῖδας
2662 2561 2905 2624 ἁπαλοὺς
2953 2561 3273 2632 προσήγαγε
3322 2562 3527 2631 μήτηρ.

1943 2647 2037 2700 καὶ
2055 2647 2154 2700 οὐκ
2186 2646 2487 2717 ὲνάρκησεν
2509 2649 2571 2699 ὲκ
2597 2645 2704 2698 τῶν
2732 2645 3057 2715 σπλάγχνων
3085 2644 3274 2698 θυσίαν
3294 2644 3533 2716 προσφέ-

1946 2748 2114 2802 ρουσα
2131 2748 2144 2762 ·
2178 2728 2364 2782 πολλοὶ
2382 2729 2439 2782 δὲ
2468 2731 2600 2800 ἡμῖν
2627 2729 2723 2783 καὶ
2751 2728 2881 2801 περὶ
2909 2728 3114 2783 ὀϐολῶν
3142 2731 3200 2782 ὲν
3232 2727 3409 2800 καιρῷ
3444 2746 3537 2798 μι-

1945 2815 2332 2888 κρολογοῦνται
2360 2813 2757 2886 προσκομιδήν.
2809 2813 2950 2868 Ἀλλ’
2986 2817 3148 2886 ἡμεῖς
3174 2815 3252 2886 τῷ
3295 2812 3414 2884 Θεῷ
3441 2813 3535 2866 καὶ

1943 2899 2132 2971 ψυχῶν
2184 2900 2279 2954 καὶ
2330 2898 2632 2970 χρημάτων
2683 2899 2778 2951 καὶ
2826 2898 3098 2969 σωμάτων
3157 2896 3535 2969 προσκομιδὴν

1949 2985 2411 3056 προσαγάγωμεν,
2461 2984 2553 3036 ἐπὶ
2609 2984 2742 3036 πᾶσι
2768 2981 3084 3051 δοξάζοντες
3118 2981 3375 3053 Χριστὸν,
3410 2973 3455 3048 ᾧ
3501 2981 3536 3049 ή

1949 3070 2077 3135 δόξα
2126 3071 2220 3124 καὶ
2261 3070 2322 3123 τὸ
2363 3069 2563 3141 κράτος
2607 3070 2688 3132 εἰς
2736 3069 2863 3133 τοὺς
2898 3067 3106 3134 αἰῶνας
3143 3066 3254 3121 τῶν
3299 3064 3532 3121 αἰώνων.

1963 3154 2154 3225 Ἀμήν.

794 3732 1022 3821 ΤΟΥ
1057 3728 1397 3821 ΑΓΙΟΥ
1433 3732 1936 3820 ΙΩΑΝΝΟΥ
1973 3731 2202 3820 ΤΟΥ
2238 3727 3097 3820 ΧΡΥΣΟΣΤΟΜΟΥ.

1501 3925 1600 3991 Εἷς
1637 3924 1778 3993 τοὺς
1808 3926 2245 3992 Μακκαεαίους.

340 4082 424 4138 Τά
448 4082 558 4140 τῶν
594 4082 886 4155 βασιλικῶν
940 4082 1316 4156 ὲκτυπώματα
1372 4085 1738 4155 χαρακτήρων
1783 4082 1846 4136 οὐ

1945 4085 2315 4155 χαρακτῆρος,
2348 4083 2468 4137 οὐδὲ
2489 4084 2753 4157 ἀμϐλύνει
2775 4083 2872 4156 τὴν
2907 4082 3014 4139 ἀπὸ
3047 4085 3156 4138 τῶν
3205 4083 3526 4156 κρειττόνων

267 4168 434 4239 μόνον
457 4169 517 4221 ὲν
549 4167 735 4241 χρυσῷ
778 4168 874 4225 καὶ
914 4168 1142 4240 ἀργύρῳ
1185 4168 1277 4223 καὶ
1323 4170 1445 4232 ταῖς
1494 4167 1851 4238 τιμιωτέραις
1944 4170 2110 4241 τιμὴν
2135 4170 2167 4239 ἡ
2193 4169 2294 4239 τῆς
2329 4168 2613 4233 ἐλάττονος
2659 4168 2880 4241 μετοχὴ,
2931 4166 3071 4222 ἀλλὰ
3103 4169 3282 4234 πάσας
3320 4170 3527 4240 ὁμοίως

266 4252 427 4316 ὕλαις
454 4251 604 4324 εὖροι
629 4270 714 4316 τις
734 4251 803 4306 ἂν
827 4251 1221 4323 διαλάμποντα,
1254 4252 1370 4307 ἀλλ’
1392 4254 1492 4324 ἤδη
1521 4253 1615 4306 καὶ
1640 4253 1700 4304 ὲν
1729 4251 1851 4321 χαλ-

265 4336 353 4409 κῷ
379 4337 478 4408 τὴν
503 4336 674 4409 αὐτὴν
701 4335 848 4390 ἔστιν
882 4336 1009 4390 ἰδεῖν
1030 4336 1442 4408 χαραττομένην
1474 4337 1710 4408 μορφήν.
1740 4335 1852 4389 Καὶ
1947 4337 2339 4409 ἐλαττούμενος
2411 4337 2749 4410 τιμιωτέραν
2813 4336 2909 4410 τὴν

1945 4255 1974 4308 ό
1999 4252 2276 4324 βασιλικὸς
2299 4249 2467 4315 τύπος
2514 4251 2787 4323 σεμνύνει,
2818 4251 2912 4306 καὶ
2944 4251 3094 4307 οὐδὲν
3123 4252 3231 4306 ἀπὸ
3262 4253 3361 4324 τῆς
3392 4252 3523 4323 ὕλης

2995 4333 3293 4408 δεχομένην
3357 4337 3521 4407 ἐργά-

268 4423 304 4492 ίι
335 4418 573 4493 διαφορά
608 4417 717 4474 τῶν
745 4418 885 4475 ὑλῶν
913 4420 974 4472 οὐ
1010 4418 1327 4491 λυμαίνεται
1352 4419 1430 4493 τῷ
1458 4419 1731 4491 ἀξιώματι
1756 4417 1850 4472 τοῦ
1948 4422 2120 4489 ζεται.
