4104 6434
372 347 481 406 ῦίθ

1457 332 1542 388 DE
1580 331 1681 386 SS.
1723 325 2018 384 BEllNlCE
2060 323 2143 379 ΕΤ
2185 318 2561 378 PROSDOCE.

3529 311 3632 369 050

373 471 3625 534 Μ

577 647 978 715 BEBNICEN
1021 642 1124 707 ET
1166 639 1639 707 PROSDOCEN
1681 635 2054 698 VIRGINES
2096 634 2201 697 ET
2242 630 2684 695 DOMNINAM
2727 629 3078 692 MATREM
3120 627 3427 691 EARUM.

375 826 588 888 fuisse,
620 836 729 876 nan
769 825 948 874 autem
987 819 1040 873 in
1072 818 1161 874 die
1191 810 1552 870 Exaltationis
1589 808 1648 865 S.
1676 806 1888 867 Crucis,
1916 820 2038 875 quae
2057 802 2428 874 Chrysostomi
2462 809 2705 871 tempore
2738 798 2980 855 nondum
3009 797 3407 855 celebrabatur.
3436 798 3624 870 Longe

370 916 680 975 consultius
711 912 1149 985 Martyrologium
1184 908 1489 963 Romanum
1518 902 1716 957 festum
1743 899 1844 953 SS.
1877 897 2174 968 Martyrum
2209 894 2493 950 Domninte
2524 904 2578 949 et
2608 893 2878 948 sociarum
2909 890 3466 985 ad_l_5_._§prilis_diem
3495 908 3630 948 eon—

372 1009 590 1078 signat,
620 1004 748 1058 licet
776 1003 829 1057 in
852 981 967 1057 hoc
996 981 1221 1071 peccare
1262 995 1528 1057 videatur,
1561 989 1708 1062 quod
1743 987 2066 1043 Domninam
2098 985 2361 1056 virginem
2393 992 2579 1048 vocet,
2613 999 2736 1054 quae
2767 992 2942 1037 mater
2974 981 3125 1052 [ϐω]
3151 991 3268 1037 erat
3301 983 3552 1039 Bernices
3579 992 3634 1039 et

374 1075 675 1154 Prosdoces
717 1093 1006 1164 virginum.
1034 1090 1113 1144 Ex
1144 1089 1249 1144 hoc
1289 1095 1471 1143 autem
1513 1082 1742 1139 Romani
1786 1079 2152 1151 Martyrologii
2196 1078 2409 1132 calculo
2450 1091 2653 1132 annum
2692 1091 2801 1146 quo
2829 1085 2942 1130 tum
2984 1075 3102 1131 hinc
3135 1086 3448 1130 sanctarum
3483 1092 3635 1131 mar-

373 1204 579 1259 tyrum,
605 1196 718 1241 tum
743 1185 832 1239 illa
854 1183 921 1239 de
947 1182 1123 1239 Cruce
1150 1178 1376 1235 homilia
1403 1177 1586 1233 habita
1606 1184 1707 1242 est,
1736 1172 2003 1243 expiscari
2033 1186 2193 1242 posse
2214 1170 2494 1259 videmur;
2516 1183 2712 1238 nempe
2740 1168 2866 1259 392,
2885 1183 2995 1259 quo
3024 1165 3231 1222 Pascha
3258 1166 3637 1259 celebrabatur

370 1256 463 1335 die
493 1276 749 1332 vicesima
797 1282 992 1330 octava
1033 1271 1235 1338 Martii,
1283 1278 1338 1326 et
1375 1274 1774 1336 consequenter
1812 1263 2141 1317 Parasceves
2181 1259 2270 1321 die
2323 1258 2582 1313 vicesima
2630 1267 2785 1313 sexta
2823 1256 3069 1327 ejusdem
3102 1256 3307 1311 mensis
3338 1274 3349 1309 :
3383 1270 3413 1311 a
3450 1271 3557 1327 qua
3586 1260 3632 1312 si

371 1385 662 1427 numerum
693 1369 882 1433 ducas,
924 1367 1182 1424 vicesima
1224 1365 1341 1422 dies
1366 1362 1567 1419 incidet
1595 1361 1649 1415 in
1682 1359 1948 1414 decimam
1996 1366 2249 1426 quartam
2281 1355 2502 1424 Aprilis.
2539 1354 2592 1408 ln
2639 1354 2745 1409 hoc
2768 1353 2935 1420 igitur
2967 1353 3178 1408 calculo
3220 1352 3499 1415 standum,
3533 1357 3638 1410 etsi

374 1483 487 1524 non
539 1467 658 1522 sine
690 1465 926 1536 quodam
972 1461 1229 1533 scrupulo
1265 1478 1280 1516 :
1315 1475 1472 1524 nam,
1507 1465 1566 1512 ut
1597 1456 1833 1512 diximus
1881 1454 1933 1507 in
1976 1448 2183 1507 Mouito
2208 1451 2274 1505 ad
2302 1449 2567 1505 l-lomilias
2598 1458 2785 1505 contra
2821 1446 3071 1512 .ludaaos,
3113 1447 3310 1503 tabulae
3347 1448 3641 1506 Paschales

373 1579 498 1637 quae
523 1572 650 1619 sunt
682 1561 1075 1632 posterioribus
1105 1558 1318 1615 sit-culis
1343 1554 1703 1616 concinnatae,
1726 1567 1852 1607 cum
1888 1550 2162 1606 veteribus
2189 1547 2391 1603 tabulis
2415 1562 2522 1601 non
2542 1544 2877 1600 concordare
2899 1541 3061 1599 facile
3089 1550 3339 1613 possunt.

449 1658 831 1727 lnterpretatio
863 1658 1053 1713 Latina
1076 1664 1158 1711 est
1179 1651 1476 1709 Frontonis
1512 1647 1715 1702 Ducazi.

357 1775 3655 1810 Μ

1237 1856 1419 1941 wDE
1465 1847 1939 1939 SANCTIS
1980 1839 2740 1928 MARTYRIBUS

445 2012 719 2057 BERNICB
763 2013 843 2057 ET
885 2013 1208 2059 pnosoocs
1249 2010 1641 2068 vmemuws,
1687 2009 1768 2053 ET
1810 2002 2101 2051 DOMNINA
2147 2000 2367 2045 mres
2411 1999 2670 2054 sanun,
2716 1996 2985 2041 ιιοιίιιιΑ
3033 1996 3430 2040 PANEGYRICA
3476 1980 3580 2049 (α).

1835 2112 2208 2172 NW

432 2232 458 2286 l
524 2229 766 2285 Nondum
799 2228 965 2298 elapsi
999 2236 1123 2282 sunt
1147 2227 1265 2283 dies
1285 2226 1492 2298 viginti,
1519 2239 1585 2281 ex
1614 2237 1721 2295 quo
1743 2232 1949 2275 memo-

353 2325 491 2378 riam
518 2321 704 2378 Crucis
730 2321 1138 2385 celebravimus,
1168 2327 1223 2376 et
1247 2334 1373 2376 ecce
1403 2326 1698 2389 martyrum
1746 2326 1955 2369 memo-

353 2415 492 2470 riam
529 2413 884 2469 celebramus.
917 2412 1101 2479 Vides,
1154 2421 1211 2467 nt
1258 2412 1406 2468 celer
1430 2409 1619 2465 mortis
1655 2406 1851 2465 Christi
1882 2405 1953 2461 sit

354 2505 606 2561 fruetus?
648 2515 872 2576 propter
913 2504 1058 2559 illam
1096 2519 1251 2560 ovem
1277 2502 1533 2574 jugulatae
1577 2508 1702 2555 sunt
1746 2497 1830 2552 ha:
1858 2495 1950 2567 ju-

351 2612 560 2662 venere,
602 2608 823 2668 propter
870 2596 1022 2651 illum
1068 2611 1264 2667 agnum
1320 2594 1403 2650 huc
1430 2593 1684 2659 victimae,
1728 2597 1953 2661 propter

354 2691 488 2747 illud
508 2689 828 2746 sacriﬁcium
855 2688 941 2745 ha:
965 2689 1267 2745 oblationes
1296 2705 1310 2743 :
1342 2686 1580 2742 nondum
1609 2685 1797 2756 viginti
1838 2683 1949 2738 ela-

352 2785 436 2856 psi
464 2793 590 2840 sunt
611 2784 748 2851 dies,
775 2794 832 2841 et
877 2784 1057 2840 subito
1099 2783 1301 2854 lignum
1333 2783 1513 2839 crucis
1537 2780 1798 2852 praeclara
1822 2793 1950 2849 ger-

353 2879 499 2935 mina
545 2885 838 2949 martyrum
878 2877 1198 2949 germinavit
1232 2894 1245 2930 :
1280 2875 1394 2930 haec
1443 2873 1588 2929 enim
1635 2880 1763 2928 sunt
1806 2869 1950 2925 illius

354 2970 546 3026 mortis
565 2985 748 3040 opera.
768 2968 906 3024 Vide
932 2968 1095 3040 igitur
1113 2982 1323 3033 eorum,
1349 2980 1470 3037 quae
1494 2975 1605 3020 tum
1631 2963 1774 3019 dicta
1801 2971 1947 3028 sunt,

352 3060 609 3130 Operibus
666 3060 797 3133 ipsis
833 3060 1126 3115 exhibitam
1181 3059 1344 3115 hodie
1405 3056 1948 3113 demonstrationem.

352 3155 489 3211 Tum
519 3153 760 3210 dicebam
791 3170 805 3210 :
843 3152 1086 3208 Contrivit
1108 3161 1281 3223 portas
1304 3166 1482 3219 terens,
1508 3159 1554 3205 et
1577 3159 1736 3204 vectes
1761 3149 1951 3218 ferreos

353 3247 604 3318 confregit
646 3243 1099 3317 (Psal.il)6.lli)
1134 3260 1150 3298 :
1191 3242 1308 3299 bare
1353 3242 1605 3313 operibus
1652 3239 1811 3296 hodie
1856 3239 1952 3294 de-

352 3347 743 3395 monstrantur.
769 3336 880 3393 Nisi
903 3338 1045 3394 euim
1069 3346 1248 3407 portas
1268 3351 1439 3392 aereas
1453 3334 1816 3400 contrivisset,
1844 3331 1950 3387 illis

350 3430 550 3487 clausis
570 3430 824 3486 mulieres
852 3438 959 3485 tam
991 3428 1150 3485 facile
1178 3426 1388 3499 ingredi
1410 3443 1555 3481 ausre
1600 3441 1706 3480 non
1727 3432 1906 3482 esseut
1931 3439 1944 3476 :

351 3523 457 3586 nisi
494 3520 727 3577 ferreum
755 3529 960 3578 vectem
982 3519 1355 3591 confregisset,
1388 3533 1494 3573 non
1519 3516 1820 3589 potuissent
1848 3516 1951 3568 vir-

348 3618 508 3688 gines
534 3615 705 3687 ipsum
746 3615 959 3671 auferre
999 3631 1014 3672 :
1058 3613 1159 3669 nisi
1202 3612 1444 3668 inutilem
1469 3624 1740 3668 carcerem
1770 3608 1950 3665 reddi-

351 3713 554 3778 disset,
587 3726 691 3766 non
743 3717 890 3764 tanta
936 3724 1058 3764 cum
1106 3706 1433 3762 confidentia
1474 3714 1740 3776 martyres
1766 3710 1951 3756 essent

351 3804 627 3875 ingressae.
675 3802 996 3858 Benedictus
1041 3801 1201 3868 Deus,
1231 3799 1427 3854 mulier
1472 3797 1540 3853 ad
1598 3804 1825 3852 mortem
1867 3802 1951 3849 est

351 3893 655 3963 intrepida;
702 3893 916 3961 mulier,
962 3909 1084 3965 qua:
1109 3902 1338 3949 mortem
1356 3892 1408 3947 in
1433 3899 1678 3945 naturam
1707 3895 1947 3944 nostram

351 3967 573 4055 invexit,
624 3988 902 4059 antiquum
937 3986 1137 4043 diaboli
1178 3987 1389 4052 telttm,
1450 3985 1554 4039 hoc
1591 3984 1788 4040 diaboli
1840 3984 1945 4038 vim

352 4082 678 4154 prostravit;
707 4083 978 4137 infirmum
1010 4082 1281 4137 vasculum
1312 4089 1368 4137 ct
1402 4079 1611 4151 injuriis
1632 4077 1945 4143 obnoxium,

351 4177 516 4233 telum
561 4176 756 4232 factum
791 4184 875 4231 est
927 4176 1332 4246 insuperabile:
1391 4174 1647 4229 mulieres
1689 4173 1948 4227 adversiis

348 4278 582 4325 mortem
629 4267 862 4324 audaces
908 4280 1070 4323 sunt:
1106 4269 1227 4340 quis
1266 4284 1374 4323 non
1401 4266 1782 4337 obstupescit?
1812 4266 1948 4320 Erua

349 4363 572 4419 bescant
599 4362 845 4433 gentiles,
888 4361 1162 4432 pudefiant
1206 4360 1396 4429 Judzci,
1427 4362 1519 4432 qui
1566 4360 1945 4416 resurrectioui

346 4453 550 4511 Christi
581 4470 689 4509 non
716 4455 959 4510 credunt.
984 4454 1138 4523 Quod
1159 4455 1327 4521 enim,
1357 4468 1562 4525 qumso,
1591 4451 1764 4522 majus
1790 4466 1947 4522 argu-

348 4555 593 4603 mentum
644 4546 1058 4603 resurrectionis
1099 4547 1320 4617 quaaris,
1374 4561 1494 4602 cum
1537 4552 1741 4600 tantam
1763 4543 1946 4598 videas

348 4655 530 4696 rerum
556 4639 750 4696 factam
775 4639 1131 4695 mutationem
1154 4639 1179 4693 't
1204 4639 1454 4693 Mulieres
1479 4637 1547 4693 ad
1574 4646 1800 4693 mortem
1823 4644 1946 4690 sunt

346 4731 648 4801 intrepida),
668 4746 781 4786 rem
803 4747 923 4802 quae
946 4731 1032 4787 vel
1053 4731 1253 4786 sanctis
1277 4730 1407 4788 viris
1427 4739 1582 4786 antea
1599 4727 1944 4786 formidabilis

345 4831 466 4878 crat
493 4831 549 4878 et
577 4821 869 4880 horrenda.

424 4915 681 4985 Quantum
701 4917 1082 4985 reformidarint
1110 4925 1321 4970 mortem
1343 4915 1465 4971 olim
1486 4923 1767 4971 veteres.—-
1790 4914 1945 4970 Disce

344 5008 541 5077 igitur,
605 5015 808 5078 quanto
860 5017 1004 5063 esset
1057 5009 1186 5064 olim
1250 5008 1470 5076 timori,
1514 5017 1608 5074 ut,
1663 5023 1784 5062 cum
1831 5011 1941 5078 jam

344 5110 604 5169 quantmn
637 5101 706 5154 sit
738 5100 1083 5172 despicabilis
1122 5102 1341 5172 videris,
1384 5104 1550 5159 Deum
1590 5103 1777 5159 laudes
1821 5120 1942 5158 mu-

345 5190 565 5245 tationis
604 5200 877 5247 auctorem
911 5210 925 5248 :
959 5193 1106 5250 disce
1134 5203 1330 5265 quanta
1360 5196 1440 5249 vis
1460 5195 1576 5265 ejus
1604 5196 1751 5266 prius
1776 5213 1836 5253 es
1867 5206 1936 5262 ct,

345 5294 423 5347 ut,
451 5297 573 5336 cum
620 5290 817 5351 quanta
860 5284 930 5339 sit
980 5300 1123 5340 nunc
1170 5284 1454 5342 infirmitas
1512 5287 1629 5355 ejus
1664 5288 1940 5355 didiceris,

345 5373 565 5428 (Ihristo
589 5376 790 5446 gratias
826 5391 976 5447 agas,
1005 5377 1096 5448 qui
1123 5394 1242 5433 eam
1277 5395 1499 5450 prorsus
1522 5382 1814 5435 enervarit.
1847 5382 1942 5435 Ni—

347 5463 423 5518 hil
451 5464 541 5519 illa
572 5466 840 5522 robustius
869 5468 995 5522 olim
1021 5477 1159 5536 erat,
1182 5470 1479 5539 carissime,
1523 5471 1763 5543 nihilque
1788 5473 1942 5528 nobis

349 5550 662 5612 imbecillius
691 5574 706 5623 ;
726 5557 839 5627 jam
869 5573 995 5616 vero
1023 5560 1152 5616 nihil
1177 5570 1261 5617 est
1308 5562 1394 5618 illa
1424 5564 1761 5633 imbecillius,
1785 5565 1943 5622 nihil-

416 5713 491 5776 (α)
524 5715 699 5767 t‘ollata
717 5729 824 5766 cum
846 5716 1018 5770 codice
1044 5722 1192 5784 Regio
1216 5721 1356 5773 23W.

2058 2221 2162 2276 que
2190 2204 2343 2260 nobis
2382 2203 2674 2259 robustius.
2711 2203 2891 2265 Vides.
2925 2211 2983 2258 ut
3012 2202 3211 2273 optima
3253 2203 3324 2258 sit
3373 2206 3502 2259 facta
3545 2221 3663 2259 mu-

2057 2295 2223 2351 talio?
2241 2305 2298 2349 ut
2323 2295 2539 2350 robuSta
2561 2295 2772 2350 infirma
2795 2294 3109 2363 reddiderit,
3134 2305 3186 2349 et
3209 2294 3419 2350 infirma
3444 2297 3662 2351 robusta

2056 2387 2198 2443 Deus
2223 2386 2478 2459 effecerit,
2524 2402 2632 2458 quo
2655 2402 2805 2443 suam
2859 2388 3012 2442 nobis
3080 2388 3347 2458 utrimque
3373 2390 3663 2458 potentiam

2056 2481 2397 2537 declararet?
2428 2481 2806 2536 Verumtamen
2850 2496 2917 2535 ne
2972 2480 3085 2535 haec
3137 2481 3404 2535 affirmare
3452 2489 3657 2536 tantum

2056 2574 2261 2642 videar,
2282 2574 2793 2631 demonstrationem
2838 2575 2999 2630 etiam
3030 2574 3336 2646 adjungam.
3369 2577 3464 2641 Ae,
3496 2579 3540 2631 si
3584 2576 3662 2630 vi-

2055 2667 2235 2733 detur,
2270 2668 2500 2739 primum
2549 2668 2681 2724 illud
2715 2669 3106 2737 ostendamus,
3160 2685 3265 2740 quo
3311 2679 3464 2738 pacto
3514 2669 3663 2727 illaut

2053 2768 2215 2815 antea
2241 2759 2654 2816 reformidarent
2678 2775 2784 2816 non
2804 2770 3116 2831 peccatores
3146 2761 3327 2826 modo,
3359 2761 3455 2817 sed
3478 2774 3526 2815 et
3558 2761 3658 2814 itu-

2054 2851 2230 2907 mines
2250 2853 2443 2918 sancti,
2471 2852 2562 2924 qui
2589 2853 2812 2909 multam
2839 2853 2978 2924 apud
3009 2854 3174 2909 Deum
3218 2853 3465 2910 fiduciam
3498 2855 3662 2911 habe-

2056 2943 2207 3013 bant,
2237 2945 2329 3016 qui
2352 2954 2500 3002 recte
2547 2946 2701 3002 factis
2728 2946 3095 3015 abundabant,
3126 2963 3451 3020 omnemque
3485 2949 3656 3005 virtu-

2056 3042 2167 3091 tem
2205 3037 2510 3108 attigerant.
2544 3038 2670 3093 llmc
2696 3049 2874 3093 autem
2903 3040 3151 3108 ostendo,
3199 3055 3305 3093 non
3357 3050 3413 3094 ut
3442 3048 3661 3095 sanctos

2053 3126 2494 3195 condemnemus,
2525 3128 2620 3183 sed
2641 3138 2698 3183 ut
2716 3128 2806 3183 Dei
2839 3130 3129 3199 potentiam
3168 3130 3472 3185 efferamus.
3510 3131 3661 3187 [Tndo

2055 3219 2218 3290 igitur
2237 3220 2848 3276 constatformidabilem
2865 3230 3022 3277 antea
3043 3222 3230 3277 mortis
3247 3224 3447 3277 larvam
3471 3223 3653 3289 fuisse,

2053 3320 2385 3383 cunctosque
2413 3313 2557 3367 illam
2589 3312 2864 3369 horruisse
2888 3325 2942 3369 et
2968 3314 3295 3371 tremuisse?
3323 3315 3401 3369 Ex
3427 3316 3657 3386 patriar-

2053 3404 2154 3459 cha
2202 3406 2395 3477 primo.
2444 3406 2749 3462 Patriarcha
2794 3408 2938 3463 enim
2984 3409 3276 3475 Abraham,
3302 3408 3502 3480 justus,
3559 3411 3649 3464 Dei

2053 3498 2279 3564 amicus,
2299 3501 2388 3570 qui
2417 3501 2640 3570 patriam
2663 3501 2977 3572 reliquerat,
3002 3503 3091 3573 qui
3119 3501 3356 3569 domum,
3377 3512 3653 3573 cognatos,

2053 3590 2289 3658 amicos,
2336 3599 2392 3647 et
2417 3601 2710 3661 praesentes
2752 3608 2841 3648 res
2880 3608 3069 3648 omnes
3117 3593 3187 3648 ob
3218 3594 3308 3649 Dei
3343 3594 3651 3650 mandatum

2053 3693 2470 3754 contempserat,
2502 3687 2573 3740 ita
2605 3685 2873 3742 metuebat
2898 3700 2962 3743 ac
2984 3684 3372 3741 reformidahat
3402 3696 3652 3751 mortem,

2054 3782 2111 3828 ut
2142 3773 2194 3828 in
2223 3774 2512 3847 Egyptum
2556 3775 2894 3848 ingressurus
2943 3777 3059 3832 bzec
3088 3777 3241 3831 uxori
3288 3791 3400 3832 sua:
3427 3777 3648 3843 diceret,

2052 3863 2192 3920 Novi
2232 3869 2369 3938 quod
2418 3868 2635 3939 pulchra
2661 3869 2732 3923 sis
2752 3869 2953 3924 mulier.
2982 3868 3097 3923 Erit
3122 3869 3279 3941 igitur
3298 3887 3411 3923 cum
3442 3870 3655 3924 viderint

2052 3967 2100 4012 te
2137 3956 2394 4028 (Egyptii,
2443 3970 2489 4013 te
2526 3960 2732 4030 quidem
2758 3959 3046 4026 servabunt,
3092 3977 3171 4014 me
3198 3977 3315 4015 vero
3350 3961 3654 4029 iuterﬁrient

2054 4048 2207 4120 (Gen.
2240 4050 2328 4104 12.
2355 4051 2442 4105 Η.
2473 4050 2602 4123 12).
2632 4050 2771 4119 Quid
2797 4052 2995 4122 igitur?
3025 4051 3141 4117 Dic,
3174 4051 3336 4107 Soror
3355 4053 3493 4107 illius
3518 4070 3650 4114 sum,

2049 4150 2106 4194 ut
2130 4140 2251 4195 bene
2274 4142 2340 4195 sit
2367 4142 2489 4196 mihi
2537 4154 2745 4214 propter
2766 4154 2833 4210 te,
2863 4152 2911 4198 et
2937 4144 3063 4199 vivet
3107 4145 3279 4198 anima
3317 4162 3428 4198 mea
3448 4158 3653 4217 praptcr

2049 4231 2127 4303 te(
2158 4230 2299 4288 Ibid.
2330 4234 2402 4289 15
2449 4234 2490 4304 ).
2523 4234 2663 4301 Quid
2694 4235 2796 4289 hoc
2832 4234 2914 4290 rei
2939 4244 3042 4302 est,
3075 4251 3109 4291 0
3155 4245 3338 4291 sancte
3367 4245 3525 4307 atque
3556 4253 3650 4306 pa-

2050 4326 2286 4381 triarcha
2312 4326 2335 4379 ?
2363 4342 2463 4396 pro
2508 4326 2676 4383 nihilo
2705 4327 2895 4397 habes,
2923 4336 2983 4383 ut
3008 4330 3161 4384 uxori
3192 4337 3435 4398 stuprum
3461 4327 3652 4382 affera—

2051 4429 2162 4489 tur,
2196 4430 2255 4475 ut
2285 4432 2434 4477 torus
2482 4423 2730 4488 laedatur,
2762 4430 2822 4478 ut
2862 4423 3169 4494 conjugium
3208 4422 3479 4477 violetur?
3509 4424 3649 4476 itane

2050 4514 2264 4570 tandem
2314 4528 2543 4571 mortem
2589 4516 2904 4572 reformidas
2924 4517 2948 4569 ἰ
2968 4516 3151 4587 Neque
3172 4532 3299 4572 vero
3326 4525 3527 4571 tantum
3551 4532 3647 4587 pro

2049 4607 2219 4661 nihilo
2246 4606 2433 4675 habes,
2459 4608 2555 4663 sed
2588 4617 2643 4663 et
2668 4623 2793 4663 cum
2830 4623 2997 4664 uxore
3021 4608 3204 4664 dolum
3235 4608 3426 4675 nectis,
3454 4623 3519 4663 ac
3538 4618 3651 4665 stu-

2052 4700 2133 4769 pri
2163 4700 2394 4755 fahulam
2421 4716 2542 4754 cum
2576 4715 2638 4755 ea
2664 4700 2907 4763 simulas,
2931 4714 3257 4770 omnemque
3286 4700 3382 4755 das
3402 4714 3645 4770 operam,

2050 4800 2109 4847 ut
2137 4808 2254 4859 rex,
2279 4792 2407 4847 dum
2456 4791 2780 4849 adulterium
2809 4793 3136 4864 aggreditur,
3179 4793 3346 4851 latere
3371 4796 3563 4866 possit,
3594 4807 3651 4851 et

2049 4886 2228 4942 ablato
2269 4885 2513 4958 conjugis
2556 4887 2775 4944 nomine
2821 4901 3108 4959 personam
3140 4888 3217 4943 illi
3260 4888 3469 4944 sororis
3511 4889 3642 4943 ada-

2047 4980 2247 5050 ptasti?
2271 4981 2468 5036 Verum
2492 4982 2676 5051 timeo,
2701 4996 2769 5037 ne
2795 4981 2921 5037 dum
2936 4982 3124 5038 mortis
3144 4983 3463 5040 imminuere
3489 4983 3647 5037 virtu-

2049 5084 2152 5130 tem
2175 5075 2472 5140 studemus,
2496 5076 2699 5144 justum
2725 5091 2980 5133 accusare
3007 5078 3285 5134 videamur
3318 5094 3335 5145 ;
3381 5079 3642 5149 quamob-

2045 5182 2160 5225 rem
2193 5177 2476 5239 utrumque
2505 5169 2740 5225 conabor
2784 5170 3063 5240 perlicere,
3091 5180 3150 5228 ut
3176 5181 3230 5228 et
3268 5171 3631 5227 infirmitatem
3686 5196 3689 5199 λ

2047 5259 2237 5313 mortis
2280 5260 2584 5324 ostendam,
2634 5269 2688 5316 et
2739 5261 2808 5316 ab
2860 5262 2964 5318 hoe
3017 5263 3443 5319 criminationem
3496 5262 3643 5316 illam

2046 5349 2329 5420 depellam.
2350 5350 2453 5407 Sed
2472 5366 2648 5421 opera:
2667 5354 2896 5424 pretium
2915 5363 3014 5419 est,
3033 5355 3179 5425 prius
3197 5363 3253 5408 ut
3269 5368 3389 5408 eum
3406 5353 3647 5409 timuisse

2045 5456 2275 5499 mortem
2305 5441 2756 5511 demonstremus,
2808 5461 2872 5502 ac
2899 5446 3093 5503 deinde
3127 5461 3157 5501 a
3196 5444 3422 5500 crimine
3472 5445 3644 5501 viudio

2045 5550 2249 5591 cemus.
2286 5535 2570 5591 Videamus
2610 5552 2740 5607 ergo
2781 5553 2941 5608 quam
2988 5537 3380 5593 intolerabilem
3419 5552 3483 5592 ac
3521 5553 3638 5592 mo-

2050 5630 2239 5686 lestam
2270 5645 2381 5684 rem
2412 5645 2607 5701 passus
2634 5631 2705 5686 sit
2734 5648 2747 5684 :
2778 5647 2899 5686 nam
2931 5644 3150 5686 uxorem
3177 5645 3402 5687 cernere
3427 5642 3616 5687 constu

2049 5731 2252 5793 pratam
2269 5721 2595 5780 etadultcrio
2613 5724 2864 5795 pollutam
2879 5723 3088 5789 intueri,
3105 5726 3373 5780 sexcentis
3386 5712 3644 5780 mortibus
