  <div class='ocr_page' id='page_1' title='image "/cluster/home/n/w/nwhite01/storage/ocr_20150623/50:no.2:pt.2/coo.31924054869494/227.png"; bbox 0 0 4104 6484; ppageno 0'>
   <div class='ocr_carea' id='block_1_1' title="bbox 498 334 3836 396">
    <p class='ocr_par' dir='ltr' id='par_1_1' title="bbox 498 334 3836 396">
     <span class='ocr_line' id='line_1_1' title="bbox 498 334 3836 396; baseline 0.001 -8"><span class='ocrx_word' id='word_1_1' title='bbox 498 336 591 391; x_wconf 57' lang='lat' dir='ltr'><strong>tibi</strong></span> <span class='ocrx_word' id='word_1_2' title='bbox 1248 335 1304 391; x_wconf 89' lang='lat' dir='ltr'><strong>S.</strong></span> <span class='ocrx_word' id='word_1_3' title='bbox 1344 334 1621 391; x_wconf 70' lang='lat' dir='ltr'><strong>JOANNIS</strong></span> <span class='ocrx_word' id='word_1_4' title='bbox 1661 335 2135 392; x_wconf 74' lang='lat' dir='ltr'><strong>CllllYSOSTOMl</strong></span> <span class='ocrx_word' id='word_1_5' title='bbox 2177 336 2496 394; x_wconf 78' lang='lat' dir='ltr'><strong>ARClllEP.</strong></span> <span class='ocrx_word' id='word_1_6' title='bbox 2541 338 3073 396; x_wconf 70' lang='lat' dir='ltr'><strong>CONSTANTlNOI’.</strong></span> <span class='ocrx_word' id='word_1_7' title='bbox 3737 339 3836 395; x_wconf 74' lang='lat'><strong>63‘!</strong></span> 
     </span>
    </p>
   </div>
   <div class='ocr_carea' id='block_1_2' title="bbox 495 446 2087 522">
    <p class='ocr_par' dir='ltr' id='par_1_2' title="bbox 495 446 2087 522">
     <span class='ocr_line' id='line_1_2' title="bbox 495 446 2087 522; baseline 0.003 -20"><span class='ocrx_word' id='word_1_8' title='bbox 495 458 573 502; x_wconf 86' lang='lat' dir='ltr'><strong>est</strong></span> <span class='ocrx_word' id='word_1_9' title='bbox 605 446 1009 503; x_wconf 75' lang='lat' dir='ltr'><strong>intolerabilius.</strong></span> <span class='ocrx_word' id='word_1_10' title='bbox 1033 447 1169 516; x_wconf 89' lang='lat' dir='ltr'><strong>Quid</strong></span> <span class='ocrx_word' id='word_1_11' title='bbox 1195 449 1314 504; x_wconf 91' lang='lat' dir='ltr'><strong>dico</strong></span> <span class='ocrx_word' id='word_1_12' title='bbox 1335 450 1597 507; x_wconf 89' lang='lat' dir='ltr'><strong>adulterio</strong></span> <span class='ocrx_word' id='word_1_13' title='bbox 1619 451 1874 522; x_wconf 88' lang='lat' dir='ltr'><strong>pollutam</strong></span> <span class='ocrx_word' id='word_1_14' title='bbox 1895 453 1917 504; x_wconf 85' lang='lat' dir='ltr'><strong>&#39;t</strong></span> <span class='ocrx_word' id='word_1_15' title='bbox 1943 467 1989 506; x_wconf 84' lang='lat' dir='ltr'><strong>SI</strong></span> <span class='ocrx_word' id='word_1_16' title='bbox 2006 452 2087 506; x_wconf 87' lang='lat' dir='ltr'><strong>vel</strong></span> 
     </span>
    </p>
   </div>
   <div class='ocr_carea' id='block_1_3' title="bbox 495 539 2088 615">
    <p class='ocr_par' dir='ltr' id='par_1_3' title="bbox 495 539 2088 615">
     <span class='ocr_line' id='line_1_3' title="bbox 495 539 2088 615; baseline 0.004 -23"><span class='ocrx_word' id='word_1_17' title='bbox 495 539 669 595; x_wconf 88' lang='lat' dir='ltr'><strong>tenuis</strong></span> <span class='ocrx_word' id='word_1_18' title='bbox 695 539 762 596; x_wconf 93' lang='lat' dir='ltr'><strong>de</strong></span> <span class='ocrx_word' id='word_1_19' title='bbox 788 541 902 610; x_wconf 92' lang='lat' dir='ltr'><strong>ipsa</strong></span> <span class='ocrx_word' id='word_1_20' title='bbox 945 541 1262 611; x_wconf 87' lang='lat' dir='ltr'><strong>suspicionis</strong></span> <span class='ocrx_word' id='word_1_21' title='bbox 1287 543 1536 613; x_wconf 77' lang='lat' dir='ltr'><strong>cogitatio</strong></span> <span class='ocrx_word' id='word_1_22' title='bbox 1562 552 1797 599; x_wconf 90' lang='lat' dir='ltr'><strong>mentem</strong></span> <span class='ocrx_word' id='word_1_23' title='bbox 1817 544 2088 615; x_wconf 82' lang='lat' dir='ltr'><strong>occupet&#39;,</strong></span> 
     </span>
    </p>
   </div>
   <div class='ocr_carea' id='block_1_4' title="bbox 494 631 2093 692">
    <p class='ocr_par' dir='ltr' id='par_1_4' title="bbox 494 631 2093 692">
     <span class='ocr_line' id='line_1_4' title="bbox 494 631 2093 692; baseline 0.003 -6"><span class='ocrx_word' id='word_1_24' title='bbox 494 631 687 687; x_wconf 87' lang='lat' dir='ltr'><strong>acerba</strong></span> <span class='ocrx_word' id='word_1_25' title='bbox 718 632 792 688; x_wconf 92' lang='lat' dir='ltr'><strong>illi</strong></span> <span class='ocrx_word' id='word_1_26' title='bbox 819 633 926 688; x_wconf 87' lang='lat' dir='ltr'><strong>vita</strong></span> <span class='ocrx_word' id='word_1_27' title='bbox 951 635 1126 691; x_wconf 90' lang='lat' dir='ltr'><strong>omnis</strong></span> <span class='ocrx_word' id='word_1_28' title='bbox 1156 645 1210 690; x_wconf 90' lang='lat' dir='ltr'><strong>et</strong></span> <span class='ocrx_word' id='word_1_29' title='bbox 1251 636 1472 690; x_wconf 90' lang='lat' dir='ltr'><strong>minime</strong></span> <span class='ocrx_word' id='word_1_30' title='bbox 1499 635 1672 692; x_wconf 87' lang='lat' dir='ltr'><strong>vitalis</strong></span> <span class='ocrx_word' id='word_1_31' title='bbox 1708 636 1965 692; x_wconf 90' lang='lat' dir='ltr'><strong>redditur.</strong></span> <span class='ocrx_word' id='word_1_32' title='bbox 1999 636 2093 691; x_wconf 84' lang='lat' dir='ltr'><strong>Et-</strong></span> 
     </span>
    </p>
   </div>
   <div class='ocr_carea' id='block_1_5' title="bbox 495 726 2090 801">
    <p class='ocr_par' dir='ltr' id='par_1_5' title="bbox 495 726 2090 801">
     <span class='ocr_line' id='line_1_5' title="bbox 495 726 2090 801; baseline 0.002 -21"><span class='ocrx_word' id='word_1_33' title='bbox 495 727 639 780; x_wconf 92' lang='lat' dir='ltr'><strong>enim</strong></span> <span class='ocrx_word' id='word_1_34' title='bbox 671 726 808 796; x_wconf 84' lang='lat' dir='ltr'><strong>ignis</strong></span> <span class='ocrx_word' id='word_1_35' title='bbox 836 726 909 781; x_wconf 90' lang='lat' dir='ltr'><strong>illi</strong></span> <span class='ocrx_word' id='word_1_36' title='bbox 941 727 1154 798; x_wconf 91' lang='lat' dir='ltr'><strong>quidam</strong></span> <span class='ocrx_word' id='word_1_37' title='bbox 1184 736 1239 783; x_wconf 90' lang='lat' dir='ltr'><strong>et</strong></span> <span class='ocrx_word' id='word_1_38' title='bbox 1281 727 1534 783; x_wconf 89' lang='lat' dir='ltr'><strong>indomita</strong></span> <span class='ocrx_word' id='word_1_39' title='bbox 1570 729 1784 784; x_wconf 85' lang='lat' dir='ltr'><strong>flamma</strong></span> <span class='ocrx_word' id='word_1_40' title='bbox 1812 729 2090 801; x_wconf 69' lang='lat' dir='ltr'><strong>zelotypize</strong></span> 
     </span>
    </p>
   </div>
   <div class='ocr_carea' id='block_1_6' title="bbox 495 819 2088 892">
    <p class='ocr_par' dir='ltr' id='par_1_6' title="bbox 495 819 2088 892">
     <span class='ocr_line' id='line_1_6' title="bbox 495 819 2088 892; baseline 0.004 -20"><span class='ocrx_word' id='word_1_41' title='bbox 495 819 933 890; x_wconf 87' lang='lat' dir='ltr'><strong>morbus;cujus</strong></span> <span class='ocrx_word' id='word_1_42' title='bbox 979 822 1305 892; x_wconf 85' lang='lat' dir='ltr'><strong>tyrannicam</strong></span> <span class='ocrx_word' id='word_1_43' title='bbox 1360 831 1414 877; x_wconf 91' lang='lat' dir='ltr'><strong>ct</strong></span> <span class='ocrx_word' id='word_1_44' title='bbox 1469 822 1830 879; x_wconf 89' lang='lat' dir='ltr'><strong>inevitabilem</strong></span> <span class='ocrx_word' id='word_1_45' title='bbox 1860 824 1965 878; x_wconf 92' lang='lat' dir='ltr'><strong>vim</strong></span> <span class='ocrx_word' id='word_1_46' title='bbox 1995 822 2088 879; x_wconf 90' lang='lat' dir='ltr'><strong>de-</strong></span> 
     </span>
    </p>
   </div>
   <div class='ocr_carea' id='block_1_7' title="bbox 495 910 2092 981">
    <p class='ocr_par' dir='ltr' id='par_1_7' title="bbox 495 910 2092 981">
     <span class='ocr_line' id='line_1_7' title="bbox 495 910 2092 981; baseline 0.004 -17"><span class='ocrx_word' id='word_1_47' title='bbox 495 910 707 965; x_wconf 88' lang='lat' dir='ltr'><strong>clarans</strong></span> <span class='ocrx_word' id='word_1_48' title='bbox 750 912 1012 981; x_wconf 90' lang='lat' dir='ltr'><strong>quispiam</strong></span> <span class='ocrx_word' id='word_1_49' title='bbox 1041 912 1295 971; x_wconf 83' lang='lat' dir='ltr'><strong>dicebat:</strong></span> <span class='ocrx_word' id='word_1_50' title='bbox 1331 913 1520 969; x_wconf 75' lang='lat' dir='ltr'><strong>Plenus</strong></span> <span class='ocrx_word' id='word_1_51' title='bbox 1560 916 1693 969; x_wconf 85' lang='lat' dir='ltr'><strong>enim</strong></span> <span class='ocrx_word' id='word_1_52' title='bbox 1744 916 1855 970; x_wconf 80' lang='lat' dir='ltr'><strong>zelo</strong></span> <span class='ocrx_word' id='word_1_53' title='bbox 1890 916 2092 970; x_wconf 74' lang='lat' dir='ltr'><strong>animus</strong></span> 
     </span>
    </p>
   </div>
   <div class='ocr_carea' id='block_1_8' title="bbox 494 1002 2093 1078">
    <p class='ocr_par' dir='ltr' id='par_1_8' title="bbox 494 1002 2093 1078">
     <span class='ocr_line' id='line_1_8' title="bbox 494 1002 2093 1078; baseline 0.007 -26"><span class='ocrx_word' id='word_1_54' title='bbox 494 1003 585 1054; x_wconf 79' lang='lat' dir='ltr'><strong>uiri</strong></span> <span class='ocrx_word' id='word_1_55' title='bbox 611 1002 723 1072; x_wconf 74' lang='lat' dir='ltr'><strong>ejus</strong></span> <span class='ocrx_word' id='word_1_56' title='bbox 749 1019 851 1057; x_wconf 88' lang='lat' dir='ltr'><strong>non</strong></span> <span class='ocrx_word' id='word_1_57' title='bbox 863 1005 1185 1058; x_wconf 86' lang='lat' dir='ltr'><strong>commutabit</strong></span> <span class='ocrx_word' id='word_1_58' title='bbox 1215 1005 1322 1060; x_wconf 83' lang='lat' dir='ltr'><strong>ulla</strong></span> <span class='ocrx_word' id='word_1_59' title='bbox 1345 1007 1688 1076; x_wconf 77' lang='lat' dir='ltr'><strong>redemptione</strong></span> <span class='ocrx_word' id='word_1_60' title='bbox 1712 1008 1910 1076; x_wconf 85' lang='lat' dir='ltr'><strong>odium,</strong></span> <span class='ocrx_word' id='word_1_61' title='bbox 1934 1024 2093 1078; x_wconf 88' lang='lat' dir='ltr'><strong>neque</strong></span> 
     </span>
    </p>
   </div>
   <div class='ocr_carea' id='block_1_9' title="bbox 495 1096 2091 1172">
    <p class='ocr_par' dir='ltr' id='par_1_9' title="bbox 495 1096 2091 1172">
     <span class='ocr_line' id='line_1_9' title="bbox 495 1096 2091 1172; baseline 0.006 -26"><span class='ocrx_word' id='word_1_62' title='bbox 495 1096 728 1160; x_wconf 83' lang='lat' dir='ltr'><strong>parcetin</strong></span> <span class='ocrx_word' id='word_1_63' title='bbox 753 1097 835 1150; x_wconf 86' lang='lat' dir='ltr'><strong>die</strong></span> <span class='ocrx_word' id='word_1_64' title='bbox 853 1097 1050 1162; x_wconf 76' lang='lat' dir='ltr'><strong>iudicii,</strong></span> <span class='ocrx_word' id='word_1_65' title='bbox 1069 1114 1225 1167; x_wconf 84' lang='lat' dir='ltr'><strong>neque</strong></span> <span class='ocrx_word' id='word_1_66' title='bbox 1239 1098 1539 1155; x_wconf 70' lang='lat' dir='ltr'><strong>dissolvetur</strong></span> <span class='ocrx_word' id='word_1_67' title='bbox 1559 1101 1730 1155; x_wconf 73' lang='lat' dir='ltr'><strong>multis</strong></span> <span class='ocrx_word' id='word_1_68' title='bbox 1744 1100 1889 1155; x_wconf 75' lang='lat' dir='ltr'><strong>donis</strong></span> <span class='ocrx_word' id='word_1_69' title='bbox 1905 1100 2091 1172; x_wconf 82' lang='lat' dir='ltr'><strong>(Prov.</strong></span> 
     </span>
    </p>
   </div>
   <div class='ocr_carea' id='block_1_10' title="bbox 494 1188 2093 1266">
    <p class='ocr_par' dir='ltr' id='par_1_10' title="bbox 494 1188 2093 1266">
     <span class='ocr_line' id='line_1_10' title="bbox 494 1188 2093 1266; baseline 0.004 -24"><span class='ocrx_word' id='word_1_70' title='bbox 494 1188 548 1242; x_wconf 82' lang='lat'><strong>6.</strong></span> <span class='ocrx_word' id='word_1_71' title='bbox 579 1189 665 1244; x_wconf 69' lang='lat'><strong>54.</strong></span> <span class='ocrx_word' id='word_1_72' title='bbox 702 1190 846 1260; x_wconf 75' lang='lat'><strong>35);</strong></span> <span class='ocrx_word' id='word_1_73' title='bbox 878 1199 933 1245; x_wconf 86' lang='lat' dir='ltr'><strong>et</strong></span> <span class='ocrx_word' id='word_1_74' title='bbox 963 1191 1087 1246; x_wconf 86' lang='lat' dir='ltr'><strong>alibi</strong></span> <span class='ocrx_word' id='word_1_75' title='bbox 1144 1207 1331 1248; x_wconf 87' lang='lat' dir='ltr'><strong>rursus</strong></span> <span class='ocrx_word' id='word_1_76' title='bbox 1366 1211 1380 1248; x_wconf 92' lang='lat'><strong>:</strong></span> <span class='ocrx_word' id='word_1_77' title='bbox 1435 1193 1611 1248; x_wconf 74' lang='lat' dir='ltr'><strong>Durus</strong></span> <span class='ocrx_word' id='word_1_78' title='bbox 1653 1203 1707 1248; x_wconf 88' lang='lat' dir='ltr'><strong>ut</strong></span> <span class='ocrx_word' id='word_1_79' title='bbox 1744 1196 1973 1266; x_wconf 74' lang='lat' dir='ltr'><strong>infernus</strong></span> <span class='ocrx_word' id='word_1_80' title='bbox 2019 1204 2093 1249; x_wconf 75' lang='lat' dir='ltr'><strong>est</strong></span> 
     </span>
    </p>
   </div>
   <div class='ocr_carea' id='block_1_11' title="bbox 495 1280 2090 1357">
    <p class='ocr_par' dir='ltr' id='par_1_11' title="bbox 495 1280 2090 1357">
     <span class='ocr_line' id='line_1_11' title="bbox 495 1280 2090 1357; baseline 0.005 -23"><span class='ocrx_word' id='word_1_81' title='bbox 495 1281 672 1351; x_wconf 71' lang='grc' dir='ltr'>ιειιιδ(</span> <span class='ocrx_word' id='word_1_82' title='bbox 699 1280 846 1336; x_wconf 84' lang='lat' dir='ltr'><strong>Cant.</strong></span> <span class='ocrx_word' id='word_1_83' title='bbox 881 1282 933 1338; x_wconf 91' lang='lat'><strong>8.</strong></span> <span class='ocrx_word' id='word_1_84' title='bbox 970 1283 1071 1354; x_wconf 86' lang='lat'><strong>6).</strong></span> <span class='ocrx_word' id='word_1_85' title='bbox 1101 1283 1254 1340; x_wconf 90' lang='lat' dir='ltr'><strong>Sicut</strong></span> <span class='ocrx_word' id='word_1_86' title='bbox 1276 1285 1419 1340; x_wconf 93' lang='lat' dir='ltr'><strong>enim</strong></span> <span class='ocrx_word' id='word_1_87' title='bbox 1469 1300 1576 1341; x_wconf 91' lang='lat' dir='ltr'><strong>non</strong></span> <span class='ocrx_word' id='word_1_88' title='bbox 1622 1296 1796 1357; x_wconf 86' lang='lat' dir='ltr'><strong>potest</strong></span> <span class='ocrx_word' id='word_1_89' title='bbox 1825 1287 2090 1351; x_wconf 89' lang='lat' dir='ltr'><strong>infernus,</strong></span> 
     </span>
    </p>
   </div>
   <div class='ocr_carea' id='block_1_12' title="bbox 495 1372 2092 1452">
    <p class='ocr_par' dir='ltr' id='par_1_12' title="bbox 495 1372 2092 1452">
     <span class='ocr_line' id='line_1_12' title="bbox 495 1372 2092 1452; baseline 0.007 -28"><span class='ocrx_word' id='word_1_90' title='bbox 495 1372 689 1442; x_wconf 86' lang='lat' dir='ltr'><strong>inquit,</strong></span> <span class='ocrx_word' id='word_1_91' title='bbox 717 1374 957 1442; x_wconf 88' lang='lat' dir='ltr'><strong>pecuniis</strong></span> <span class='ocrx_word' id='word_1_92' title='bbox 983 1376 1148 1442; x_wconf 88' lang='lat' dir='ltr'><strong>llecti,</strong></span> <span class='ocrx_word' id='word_1_93' title='bbox 1199 1376 1279 1432; x_wconf 89' lang='lat' dir='ltr'><strong>sic</strong></span> <span class='ocrx_word' id='word_1_94' title='bbox 1304 1392 1480 1448; x_wconf 90' lang='lat' dir='ltr'><strong>neque</strong></span> <span class='ocrx_word' id='word_1_95' title='bbox 1509 1378 1556 1433; x_wconf 94' lang='lat' dir='ltr'><strong>is</strong></span> <span class='ocrx_word' id='word_1_96' title='bbox 1583 1379 1672 1449; x_wconf 85' lang='lat' dir='ltr'><strong>qui</strong></span> <span class='ocrx_word' id='word_1_97' title='bbox 1703 1381 1966 1452; x_wconf 83' lang='lat' dir='ltr'><strong>zelotypia</strong></span> <span class='ocrx_word' id='word_1_98' title='bbox 2011 1382 2092 1434; x_wconf 86' lang='lat' dir='ltr'><strong>la-</strong></span> 
     </span>
    </p>
   </div>
   <div class='ocr_carea' id='block_1_13' title="bbox 493 1463 2090 1542">
    <p class='ocr_par' dir='ltr' id='par_1_13' title="bbox 493 1463 2090 1542">
     <span class='ocr_line' id='line_1_13' title="bbox 493 1463 2090 1542; baseline 0.006 -25"><span class='ocrx_word' id='word_1_99' title='bbox 493 1463 673 1531; x_wconf 84' lang='lat' dir='ltr'><strong>horat,</strong></span> <span class='ocrx_word' id='word_1_100' title='bbox 711 1464 866 1521; x_wconf 89' lang='lat' dir='ltr'><strong>leniri</strong></span> <span class='ocrx_word' id='word_1_101' title='bbox 888 1474 1052 1536; x_wconf 88' lang='lat' dir='ltr'><strong>atque</strong></span> <span class='ocrx_word' id='word_1_102' title='bbox 1078 1467 1296 1537; x_wconf 87' lang='lat' dir='ltr'><strong>placari.</strong></span> <span class='ocrx_word' id='word_1_103' title='bbox 1326 1469 1477 1524; x_wconf 83' lang='lat' dir='ltr'><strong>Multi</strong></span> <span class='ocrx_word' id='word_1_104' title='bbox 1499 1470 1681 1542; x_wconf 85' lang='lat' dir='ltr'><strong>utique</strong></span> <span class='ocrx_word' id='word_1_105' title='bbox 1705 1487 1850 1542; x_wconf 64' lang='lat' dir='ltr'><strong>saepe</strong></span> <span class='ocrx_word' id='word_1_106' title='bbox 1877 1477 1978 1528; x_wconf 89' lang='lat' dir='ltr'><strong>vita</strong></span> <span class='ocrx_word' id='word_1_107' title='bbox 1998 1488 2090 1527; x_wconf 89' lang='lat' dir='ltr'><strong>sua</strong></span> 
     </span>
    </p>
   </div>
   <div class='ocr_carea' id='block_1_14' title="bbox 493 1554 2094 1626">
    <p class='ocr_par' dir='ltr' id='par_1_14' title="bbox 493 1554 2094 1626">
     <span class='ocr_line' id='line_1_14' title="bbox 493 1554 2094 1626; baseline 0.007 -18"><span class='ocrx_word' id='word_1_108' title='bbox 493 1554 724 1611; x_wconf 86' lang='lat' dir='ltr'><strong>libenter</strong></span> <span class='ocrx_word' id='word_1_109' title='bbox 749 1556 1132 1626; x_wconf 84' lang='lat' dir='ltr'><strong>redemissem,</strong></span> <span class='ocrx_word' id='word_1_110' title='bbox 1173 1567 1233 1614; x_wconf 88' lang='lat' dir='ltr'><strong>ut</strong></span> <span class='ocrx_word' id='word_1_111' title='bbox 1260 1559 1562 1616; x_wconf 90' lang='lat' dir='ltr'><strong>adulterum</strong></span> <span class='ocrx_word' id='word_1_112' title='bbox 1593 1562 1897 1620; x_wconf 82' lang='lat' dir='ltr'><strong>invenirent</strong></span> <span class='ocrx_word' id='word_1_113' title='bbox 1925 1583 1939 1619; x_wconf 91' lang='lat'><strong>:</strong></span> <span class='ocrx_word' id='word_1_114' title='bbox 1967 1579 2094 1620; x_wconf 83' lang='lat' dir='ltr'><strong>san-</strong></span> 
     </span>
    </p>
   </div>
   <div class='ocr_carea' id='block_1_15' title="bbox 493 1647 2091 1728">
    <p class='ocr_par' dir='ltr' id='par_1_15' title="bbox 493 1647 2091 1728">
     <span class='ocr_line' id='line_1_15' title="bbox 493 1647 2091 1728; baseline 0.007 -29"><span class='ocrx_word' id='word_1_115' title='bbox 493 1647 710 1716; x_wconf 83' lang='lat' dir='ltr'><strong>guinem</strong></span> <span class='ocrx_word' id='word_1_116' title='bbox 755 1648 930 1720; x_wconf 90' lang='lat' dir='ltr'><strong>ipsum</strong></span> <span class='ocrx_word' id='word_1_117' title='bbox 974 1651 1075 1705; x_wconf 93' lang='lat' dir='ltr'><strong>viri</strong></span> <span class='ocrx_word' id='word_1_118' title='bbox 1128 1651 1266 1722; x_wconf 88' lang='lat' dir='ltr'><strong>ejus,</strong></span> <span class='ocrx_word' id='word_1_119' title='bbox 1317 1654 1407 1724; x_wconf 89' lang='lat' dir='ltr'><strong>qui</strong></span> <span class='ocrx_word' id='word_1_120' title='bbox 1443 1670 1664 1710; x_wconf 88' lang='lat' dir='ltr'><strong>uxorem</strong></span> <span class='ocrx_word' id='word_1_121' title='bbox 1695 1668 2091 1728; x_wconf 83' lang='lat' dir='ltr'><strong>consmprarat,</strong></span> 
     </span>
    </p>
   </div>
   <div class='ocr_carea' id='block_1_16' title="bbox 497 1739 2096 1819">
    <p class='ocr_par' dir='ltr' id='par_1_16' title="bbox 497 1739 2096 1819">
     <span class='ocr_line' id='line_1_16' title="bbox 497 1739 2096 1819; baseline 0.01 -29"><span class='ocrx_word' id='word_1_122' title='bbox 497 1739 841 1806; x_wconf 90' lang='lat' dir='ltr'><strong>perlubcnler</strong></span> <span class='ocrx_word' id='word_1_123' title='bbox 878 1739 1278 1812; x_wconf 90' lang='lat' dir='ltr'><strong>degustassent,</strong></span> <span class='ocrx_word' id='word_1_124' title='bbox 1329 1753 1384 1800; x_wconf 90' lang='lat' dir='ltr'><strong>et</strong></span> <span class='ocrx_word' id='word_1_125' title='bbox 1411 1747 1612 1815; x_wconf 64' lang='lat' dir='ltr'><strong>qumvis</strong></span> <span class='ocrx_word' id='word_1_126' title='bbox 1659 1757 1754 1803; x_wconf 90' lang='lat' dir='ltr'><strong>aut</strong></span> <span class='ocrx_word' id='word_1_127' title='bbox 1796 1763 1956 1819; x_wconf 87' lang='lat' dir='ltr'><strong>agere</strong></span> <span class='ocrx_word' id='word_1_128' title='bbox 2002 1759 2096 1806; x_wconf 85' lang='lat' dir='ltr'><strong>aut</strong></span> 
     </span>
    </p>
   </div>
   <div class='ocr_carea' id='block_1_17' title="bbox 498 1828 2095 1905">
    <p class='ocr_par' dir='ltr' id='par_1_17' title="bbox 498 1828 2095 1905">
     <span class='ocr_line' id='line_1_17' title="bbox 498 1828 2095 1905; baseline 0.011 -24"><span class='ocrx_word' id='word_1_129' title='bbox 498 1828 608 1897; x_wconf 91' lang='lat' dir='ltr'><strong>pati</strong></span> <span class='ocrx_word' id='word_1_130' title='bbox 637 1829 754 1900; x_wconf 88' lang='lat' dir='ltr'><strong>ejus</strong></span> <span class='ocrx_word' id='word_1_131' title='bbox 779 1831 854 1886; x_wconf 87' lang='lat' dir='ltr'><strong>rei</strong></span> <span class='ocrx_word' id='word_1_132' title='bbox 881 1846 1042 1888; x_wconf 89' lang='lat' dir='ltr'><strong>causa</strong></span> <span class='ocrx_word' id='word_1_133' title='bbox 1067 1836 1304 1891; x_wconf 88' lang='lat' dir='ltr'><strong>contenti</strong></span> <span class='ocrx_word' id='word_1_134' title='bbox 1328 1835 1584 1905; x_wconf 81' lang='lat' dir='ltr'><strong>fuissent;</strong></span> <span class='ocrx_word' id='word_1_135' title='bbox 1613 1840 1709 1895; x_wconf 89' lang='lat' dir='ltr'><strong>sed</strong></span> <span class='ocrx_word' id='word_1_136' title='bbox 1737 1839 1878 1896; x_wconf 91' lang='lat' dir='ltr'><strong>hunc</strong></span> <span class='ocrx_word' id='word_1_137' title='bbox 1902 1841 2095 1899; x_wconf 91' lang='lat' dir='ltr'><strong>nihilo-</strong></span> 
     </span>
    </p>
   </div>
   <div class='ocr_carea' id='block_1_18' title="bbox 497 1920 2093 1994">
    <p class='ocr_par' dir='ltr' id='par_1_18' title="bbox 497 1920 2093 1994">
     <span class='ocr_line' id='line_1_18' title="bbox 497 1920 2093 1994; baseline 0.012 -21"><span class='ocrx_word' id='word_1_138' title='bbox 497 1920 674 1975; x_wconf 88' lang='lat' dir='ltr'><strong>minus</strong></span> <span class='ocrx_word' id='word_1_139' title='bbox 721 1923 1111 1980; x_wconf 89' lang='lat' dir='ltr'><strong>intolerandum</strong></span> <span class='ocrx_word' id='word_1_140' title='bbox 1162 1929 1444 1994; x_wconf 89' lang='lat' dir='ltr'><strong>morbum,</strong></span> <span class='ocrx_word' id='word_1_141' title='bbox 1501 1929 1643 1986; x_wconf 89' lang='lat' dir='ltr'><strong>hunc</strong></span> <span class='ocrx_word' id='word_1_142' title='bbox 1693 1933 1988 1989; x_wconf 84' lang='lat' dir='ltr'><strong>violentum</strong></span> <span class='ocrx_word' id='word_1_143' title='bbox 2039 1946 2093 1992; x_wconf 88' lang='lat' dir='ltr'><strong>et</strong></span> 
     </span>
    </p>
   </div>
   <div class='ocr_carea' id='block_1_19' title="bbox 497 2012 2092 2094">
    <p class='ocr_par' dir='ltr' id='par_1_19' title="bbox 497 2012 2092 2094">
     <span class='ocr_line' id='line_1_19' title="bbox 497 2012 2092 2094; baseline 0.012 -30"><span class='ocrx_word' id='word_1_144' title='bbox 497 2012 886 2081; x_wconf 89' lang='lat' dir='ltr'><strong>implacabilem</strong></span> <span class='ocrx_word' id='word_1_145' title='bbox 931 2018 1108 2086; x_wconf 92' lang='lat' dir='ltr'><strong>justus</strong></span> <span class='ocrx_word' id='word_1_146' title='bbox 1156 2021 1540 2088; x_wconf 87' lang='lat' dir='ltr'><strong>patientissime</strong></span> <span class='ocrx_word' id='word_1_147' title='bbox 1584 2023 1850 2094; x_wconf 80' lang='lat' dir='ltr'><strong>toleravit;</strong></span> <span class='ocrx_word' id='word_1_148' title='bbox 1881 2035 1934 2082; x_wconf 91' lang='lat' dir='ltr'><strong>et</strong></span> <span class='ocrx_word' id='word_1_149' title='bbox 1977 2037 2092 2082; x_wconf 88' lang='lat' dir='ltr'><strong>stu-</strong></span> 
     </span>
    </p>
   </div>
   <div class='ocr_carea' id='block_1_20' title="bbox 496 2107 2094 2179">
    <p class='ocr_par' dir='ltr' id='par_1_20' title="bbox 496 2107 2094 2179">
     <span class='ocr_line' id='line_1_20' title="bbox 496 2107 2094 2179; baseline 0.013 -23"><span class='ocrx_word' id='word_1_150' title='bbox 496 2118 650 2172; x_wconf 92' lang='lat' dir='ltr'><strong>prum</strong></span> <span class='ocrx_word' id='word_1_151' title='bbox 703 2107 886 2160; x_wconf 80' lang='lat' dir='ltr'><strong>uxoris</strong></span> <span class='ocrx_word' id='word_1_152' title='bbox 925 2124 1038 2179; x_wconf 72' lang='lat' dir='ltr'><strong>prce</strong></span> <span class='ocrx_word' id='word_1_153' title='bbox 1081 2110 1247 2173; x_wconf 83' lang='lat' dir='ltr'><strong>nimio</strong></span> <span class='ocrx_word' id='word_1_154' title='bbox 1288 2114 1474 2169; x_wconf 86' lang='lat' dir='ltr'><strong>mortis</strong></span> <span class='ocrx_word' id='word_1_155' title='bbox 1521 2123 1574 2172; x_wconf 92' lang='lat' dir='ltr'><strong>et</strong></span> <span class='ocrx_word' id='word_1_156' title='bbox 1614 2117 1858 2174; x_wconf 90' lang='lat' dir='ltr'><strong>interitus</strong></span> <span class='ocrx_word' id='word_1_157' title='bbox 1903 2119 2094 2178; x_wconf 79' lang='lat' dir='ltr'><strong>timore</strong></span> 
     </span>
    </p>
   </div>
   <div class='ocr_carea' id='block_1_21' title="bbox 495 2198 839 2267">
    <p class='ocr_par' dir='ltr' id='par_1_21' title="bbox 495 2198 839 2267">
     <span class='ocr_line' id='line_1_21' title="bbox 495 2198 839 2267; baseline 0.009 -17"><span class='ocrx_word' id='word_1_158' title='bbox 495 2198 839 2267; x_wconf 85' lang='lat' dir='ltr'><strong>contempsit.</strong></span> 
     </span>
    </p>
   </div>
   <div class='ocr_carea' id='block_1_22' title="bbox 564 2287 2095 2377">
    <p class='ocr_par' dir='ltr' id='par_1_22' title="bbox 564 2287 2095 2377">
     <span class='ocr_line' id='line_1_22' title="bbox 564 2287 2095 2377; baseline 0.016 -37"><span class='ocrx_word' id='word_1_159' title='bbox 564 2287 620 2341; x_wconf 75' lang='lat'><strong>9..</strong></span> <span class='ocrx_word' id='word_1_160' title='bbox 661 2289 939 2347; x_wconf 78' lang='lat' dir='ltr'><strong>Abra/tami</strong></span> <span class='ocrx_word' id='word_1_161' title='bbox 961 2295 1221 2367; x_wconf 86' lang='lat' dir='ltr'><strong>apologia.</strong></span> <span class='ocrx_word' id='word_1_162' title='bbox 1248 2328 1319 2338; x_wconf 98' lang='lat'><em>—</em></span> <span class='ocrx_word' id='word_1_163' title='bbox 1344 2299 1571 2357; x_wconf 87' lang='lat' dir='ltr'><strong>Mortem</strong></span> <span class='ocrx_word' id='word_1_164' title='bbox 1596 2302 1745 2360; x_wconf 90' lang='lat' dir='ltr'><strong>illum</strong></span> <span class='ocrx_word' id='word_1_165' title='bbox 1775 2319 1904 2376; x_wconf 81' lang='lat' dir='ltr'><strong>ergo</strong></span> <span class='ocrx_word' id='word_1_166' title='bbox 1928 2305 2095 2377; x_wconf 85' lang='lat' dir='ltr'><strong>liquet</strong></span> 
     </span>
    </p>
   </div>
   <div class='ocr_carea' id='block_1_23' title="bbox 495 2379 2094 2462">
    <p class='ocr_par' dir='ltr' id='par_1_23' title="bbox 495 2379 2094 2462">
     <span class='ocr_line' id='line_1_23' title="bbox 495 2379 2094 2462; baseline 0.014 -30"><span class='ocrx_word' id='word_1_167' title='bbox 495 2394 561 2433; x_wconf 82' lang='lat' dir='ltr'><strong>ex</strong></span> <span class='ocrx_word' id='word_1_168' title='bbox 592 2379 696 2436; x_wconf 92' lang='lat' dir='ltr'><strong>hoc</strong></span> <span class='ocrx_word' id='word_1_169' title='bbox 727 2382 966 2440; x_wconf 90' lang='lat' dir='ltr'><strong>timuisse</strong></span> <span class='ocrx_word' id='word_1_170' title='bbox 991 2403 1004 2440; x_wconf 89' lang='lat'><strong>:</strong></span> <span class='ocrx_word' id='word_1_171' title='bbox 1031 2386 1143 2457; x_wconf 92' lang='lat' dir='ltr'><strong>jam</strong></span> <span class='ocrx_word' id='word_1_172' title='bbox 1173 2405 1300 2446; x_wconf 91' lang='lat' dir='ltr'><strong>vero</strong></span> <span class='ocrx_word' id='word_1_173' title='bbox 1327 2400 1536 2461; x_wconf 88' lang='lat' dir='ltr'><strong>tempus</strong></span> <span class='ocrx_word' id='word_1_174' title='bbox 1563 2405 1670 2462; x_wconf 85' lang='lat' dir='ltr'><strong>est,</strong></span> <span class='ocrx_word' id='word_1_175' title='bbox 1696 2405 1752 2451; x_wconf 92' lang='lat' dir='ltr'><strong>ut</strong></span> <span class='ocrx_word' id='word_1_176' title='bbox 1775 2411 1898 2452; x_wconf 91' lang='lat' dir='ltr'><strong>eum</strong></span> <span class='ocrx_word' id='word_1_177' title='bbox 1929 2413 1958 2453; x_wconf 92' lang='lat' dir='ltr'><strong>a</strong></span> <span class='ocrx_word' id='word_1_178' title='bbox 1987 2399 2094 2454; x_wconf 83' lang='lat' dir='ltr'><strong>cri-</strong></span> 
     </span>
    </p>
   </div>
   <div class='ocr_carea' id='block_1_24' title="bbox 492 2471 2088 2561">
    <p class='ocr_par' dir='ltr' id='par_1_24' title="bbox 492 2471 2088 2561">
     <span class='ocr_line' id='line_1_24' title="bbox 492 2471 2088 2561; baseline 0.013 -36"><span class='ocrx_word' id='word_1_179' title='bbox 492 2471 638 2526; x_wconf 90' lang='lat' dir='ltr'><strong>mine</strong></span> <span class='ocrx_word' id='word_1_180' title='bbox 659 2481 713 2528; x_wconf 89' lang='lat' dir='ltr'><strong>et</strong></span> <span class='ocrx_word' id='word_1_181' title='bbox 753 2477 1115 2545; x_wconf 85' lang='lat' dir='ltr'><strong>accusatione,</strong></span> <span class='ocrx_word' id='word_1_182' title='bbox 1159 2496 1279 2552; x_wconf 85' lang='lat' dir='ltr'><strong>quae</strong></span> <span class='ocrx_word' id='word_1_183' title='bbox 1311 2482 1436 2539; x_wconf 89' lang='lat' dir='ltr'><strong>hinc</strong></span> <span class='ocrx_word' id='word_1_184' title='bbox 1480 2487 1739 2552; x_wconf 85' lang='lat' dir='ltr'><strong>exoritur,</strong></span> <span class='ocrx_word' id='word_1_185' title='bbox 1771 2488 2088 2561; x_wconf 89' lang='lat' dir='ltr'><strong>liberemus,</strong></span> 
     </span>
    </p>
   </div>
   <div class='ocr_carea' id='block_1_25' title="bbox 491 2564 2092 2650">
    <p class='ocr_par' dir='ltr' id='par_1_25' title="bbox 491 2564 2092 2650">
     <span class='ocr_line' id='line_1_25' title="bbox 491 2564 2092 2650; baseline 0.014 -32"><span class='ocrx_word' id='word_1_186' title='bbox 491 2564 536 2618; x_wconf 89' lang='lat' dir='ltr'><strong>si</strong></span> <span class='ocrx_word' id='word_1_187' title='bbox 569 2565 714 2634; x_wconf 92' lang='lat' dir='ltr'><strong>prius</strong></span> <span class='ocrx_word' id='word_1_188' title='bbox 745 2567 912 2637; x_wconf 89' lang='lat' dir='ltr'><strong>ipsam</strong></span> <span class='ocrx_word' id='word_1_189' title='bbox 939 2573 1334 2630; x_wconf 88' lang='lat' dir='ltr'><strong>accusationem</strong></span> <span class='ocrx_word' id='word_1_190' title='bbox 1363 2581 1806 2648; x_wconf 74' lang='lat' dir='ltr'><strong>expresserimus.</strong></span> <span class='ocrx_word' id='word_1_191' title='bbox 1835 2583 2092 2650; x_wconf 59' lang='lat' dir='ltr'><strong>Quaenam</strong></span> 
     </span>
    </p>
   </div>
   <div class='ocr_carea' id='block_1_26' title="bbox 493 2658 2096 2744">
    <p class='ocr_par' dir='ltr' id='par_1_26' title="bbox 493 2658 2096 2744">
     <span class='ocr_line' id='line_1_26' title="bbox 493 2658 2096 2744; baseline 0.014 -34"><span class='ocrx_word' id='word_1_192' title='bbox 493 2658 656 2728; x_wconf 79' lang='lat' dir='ltr'><strong>igitur</strong></span> <span class='ocrx_word' id='word_1_193' title='bbox 707 2659 800 2716; x_wconf 91' lang='lat' dir='ltr'><strong>illa</strong></span> <span class='ocrx_word' id='word_1_194' title='bbox 833 2664 1060 2740; x_wconf 67' lang='lat' dir='ltr'><strong>tandem</strong></span> <span class='ocrx_word' id='word_1_195' title='bbox 1112 2675 1196 2722; x_wconf 90' lang='lat' dir='ltr'><strong>est</strong></span> <span class='ocrx_word' id='word_1_196' title='bbox 1245 2670 1558 2726; x_wconf 81' lang='lat' dir='ltr'><strong>accusatio?</strong></span> <span class='ocrx_word' id='word_1_197' title='bbox 1589 2671 1900 2744; x_wconf 88' lang='lat' dir='ltr'><strong>Oportebat,</strong></span> <span class='ocrx_word' id='word_1_198' title='bbox 1949 2676 2096 2733; x_wconf 87' lang='lat' dir='ltr'><strong>dicet</strong></span> 
     </span>
    </p>
   </div>
   <div class='ocr_carea' id='block_1_27' title="bbox 493 2750 2094 2836">
    <p class='ocr_par' dir='ltr' id='par_1_27' title="bbox 493 2750 2094 2836">
     <span class='ocr_line' id='line_1_27' title="bbox 493 2750 2094 2836; baseline 0.015 -34"><span class='ocrx_word' id='word_1_199' title='bbox 493 2750 710 2821; x_wconf 86' lang='lat' dir='ltr'><strong>aliquis,</strong></span> <span class='ocrx_word' id='word_1_200' title='bbox 739 2763 792 2808; x_wconf 92' lang='lat' dir='ltr'><strong>ut</strong></span> <span class='ocrx_word' id='word_1_201' title='bbox 827 2764 1054 2812; x_wconf 91' lang='lat' dir='ltr'><strong>mortem</strong></span> <span class='ocrx_word' id='word_1_202' title='bbox 1077 2771 1360 2828; x_wconf 89' lang='lat' dir='ltr'><strong>oppeteret</strong></span> <span class='ocrx_word' id='word_1_203' title='bbox 1386 2763 1581 2832; x_wconf 88' lang='lat' dir='ltr'><strong>potius,</strong></span> <span class='ocrx_word' id='word_1_204' title='bbox 1608 2780 1766 2836; x_wconf 89' lang='lat' dir='ltr'><strong>quam</strong></span> <span class='ocrx_word' id='word_1_205' title='bbox 1799 2779 1853 2822; x_wconf 88' lang='lat' dir='ltr'><strong>ut</strong></span> <span class='ocrx_word' id='word_1_206' title='bbox 1872 2777 2094 2824; x_wconf 86' lang='lat' dir='ltr'><strong>constu-</strong></span> 
     </span>
    </p>
   </div>
   <div class='ocr_carea' id='block_1_28' title="bbox 497 2845 2095 2934">
    <p class='ocr_par' dir='ltr' id='par_1_28' title="bbox 497 2845 2095 2934">
     <span class='ocr_line' id='line_1_28' title="bbox 497 2845 2095 2934; baseline 0.017 -39"><span class='ocrx_word' id='word_1_207' title='bbox 497 2845 640 2911; x_wconf 85' lang='lat' dir='ltr'><strong>prari</strong></span> <span class='ocrx_word' id='word_1_208' title='bbox 674 2861 894 2902; x_wconf 88' lang='lat' dir='ltr'><strong>uxorem</strong></span> <span class='ocrx_word' id='word_1_209' title='bbox 928 2865 1024 2919; x_wconf 92' lang='lat' dir='ltr'><strong>pro</strong></span> <span class='ocrx_word' id='word_1_210' title='bbox 1055 2851 1225 2908; x_wconf 86' lang='lat' dir='ltr'><strong>nihilo</strong></span> <span class='ocrx_word' id='word_1_211' title='bbox 1271 2855 1532 2912; x_wconf 87' lang='lat' dir='ltr'><strong>haberet:</strong></span> <span class='ocrx_word' id='word_1_212' title='bbox 1562 2867 1616 2914; x_wconf 89' lang='lat' dir='ltr'><strong>et</strong></span> <span class='ocrx_word' id='word_1_213' title='bbox 1645 2859 1747 2917; x_wconf 90' lang='lat' dir='ltr'><strong>hoc</strong></span> <span class='ocrx_word' id='word_1_214' title='bbox 1794 2872 1899 2930; x_wconf 89' lang='lat' dir='ltr'><strong>est,</strong></span> <span class='ocrx_word' id='word_1_215' title='bbox 1949 2864 2095 2934; x_wconf 89' lang='lat' dir='ltr'><strong>quod</strong></span> 
     </span>
    </p>
   </div>
   <div class='ocr_carea' id='block_1_29' title="bbox 494 2933 2093 3017">
    <p class='ocr_par' dir='ltr' id='par_1_29' title="bbox 494 2933 2093 3017">
     <span class='ocr_line' id='line_1_29' title="bbox 494 2933 2093 3017; baseline 0.016 -30"><span class='ocrx_word' id='word_1_216' title='bbox 494 2933 570 2987; x_wconf 88' lang='lat' dir='ltr'><strong>illi</strong></span> <span class='ocrx_word' id='word_1_217' title='bbox 602 2935 815 2991; x_wconf 88' lang='lat' dir='ltr'><strong>crimini</strong></span> <span class='ocrx_word' id='word_1_218' title='bbox 840 2951 1055 2996; x_wconf 81' lang='lat' dir='ltr'><strong>vertunt</strong></span> <span class='ocrx_word' id='word_1_219' title='bbox 1082 2944 1320 3014; x_wconf 90' lang='lat' dir='ltr'><strong>quidam,</strong></span> <span class='ocrx_word' id='word_1_220' title='bbox 1345 2947 1489 3017; x_wconf 90' lang='lat' dir='ltr'><strong>quod</strong></span> <span class='ocrx_word' id='word_1_221' title='bbox 1512 2949 1676 3006; x_wconf 90' lang='lat' dir='ltr'><strong>vitam</strong></span> <span class='ocrx_word' id='word_1_222' title='bbox 1702 2966 1853 3008; x_wconf 89' lang='lat' dir='ltr'><strong>suam</strong></span> <span class='ocrx_word' id='word_1_223' title='bbox 1871 2933 2093 3014; x_wconf 84' lang='lat' dir='ltr'><strong>servare</strong></span> 
     </span>
    </p>
   </div>
   <div class='ocr_carea' id='block_1_30' title="bbox 496 3027 2096 3119">
    <p class='ocr_par' dir='ltr' id='par_1_30' title="bbox 496 3027 2096 3119">
     <span class='ocr_line' id='line_1_30' title="bbox 496 3027 2096 3119; baseline 0.017 -40"><span class='ocrx_word' id='word_1_224' title='bbox 496 3027 766 3095; x_wconf 90' lang='lat' dir='ltr'><strong>maluerit,</strong></span> <span class='ocrx_word' id='word_1_225' title='bbox 799 3045 959 3101; x_wconf 91' lang='lat' dir='ltr'><strong>quam</strong></span> <span class='ocrx_word' id='word_1_226' title='bbox 1005 3036 1250 3109; x_wconf 90' lang='lat' dir='ltr'><strong>conjugis</strong></span> <span class='ocrx_word' id='word_1_227' title='bbox 1280 3042 1603 3098; x_wconf 85' lang='lat' dir='ltr'><strong>castitatem.</strong></span> <span class='ocrx_word' id='word_1_228' title='bbox 1627 3043 1765 3113; x_wconf 86' lang='lat' dir='ltr'><strong>Quid</strong></span> <span class='ocrx_word' id='word_1_229' title='bbox 1785 3046 1908 3103; x_wconf 87' lang='lat' dir='ltr'><strong>ais?</strong></span> <span class='ocrx_word' id='word_1_230' title='bbox 1935 3063 2096 3119; x_wconf 83' lang='lat' dir='ltr'><strong>opor-</strong></span> 
     </span>
    </p>
   </div>
   <div class='ocr_carea' id='block_1_31' title="bbox 500 3121 2095 3210">
    <p class='ocr_par' dir='ltr' id='par_1_31' title="bbox 500 3121 2095 3210">
     <span class='ocr_line' id='line_1_31' title="bbox 500 3121 2095 3210; baseline 0.015 -36"><span class='ocrx_word' id='word_1_231' title='bbox 500 3121 645 3177; x_wconf 88' lang='lat' dir='ltr'><strong>tebat</strong></span> <span class='ocrx_word' id='word_1_232' title='bbox 676 3125 848 3192; x_wconf 87' lang='lat' dir='ltr'><strong>ipsum</strong></span> <span class='ocrx_word' id='word_1_233' title='bbox 896 3129 1030 3182; x_wconf 87' lang='lat' dir='ltr'><strong>mori</strong></span> <span class='ocrx_word' id='word_1_234' title='bbox 1062 3131 1258 3198; x_wconf 90' lang='lat' dir='ltr'><strong>potius,</strong></span> <span class='ocrx_word' id='word_1_235' title='bbox 1293 3149 1454 3204; x_wconf 91' lang='lat' dir='ltr'><strong>quam</strong></span> <span class='ocrx_word' id='word_1_236' title='bbox 1483 3143 1540 3190; x_wconf 91' lang='lat' dir='ltr'><strong>ut</strong></span> <span class='ocrx_word' id='word_1_237' title='bbox 1592 3140 1930 3210; x_wconf 90' lang='lat' dir='ltr'><strong>constuprari</strong></span> <span class='ocrx_word' id='word_1_238' title='bbox 1960 3156 2095 3197; x_wconf 85' lang='lat' dir='ltr'><strong>uxo-</strong></span> 
     </span>
    </p>
   </div>
   <div class='ocr_carea' id='block_1_32' title="bbox 496 3219 2094 3303">
    <p class='ocr_par' dir='ltr' id='par_1_32' title="bbox 496 3219 2094 3303">
     <span class='ocr_line' id='line_1_32' title="bbox 496 3219 2094 3303; baseline 0.016 -37"><span class='ocrx_word' id='word_1_239' title='bbox 496 3229 610 3268; x_wconf 88' lang='lat' dir='ltr'><strong>rem</strong></span> <span class='ocrx_word' id='word_1_240' title='bbox 646 3233 742 3286; x_wconf 88' lang='lat' dir='ltr'><strong>pro</strong></span> <span class='ocrx_word' id='word_1_241' title='bbox 769 3219 938 3275; x_wconf 85' lang='lat' dir='ltr'><strong>nihilo</strong></span> <span class='ocrx_word' id='word_1_242' title='bbox 961 3222 1228 3280; x_wconf 88' lang='lat' dir='ltr'><strong>haberet?</strong></span> <span class='ocrx_word' id='word_1_243' title='bbox 1260 3225 1398 3295; x_wconf 84' lang='lat' dir='ltr'><strong>Quid</strong></span> <span class='ocrx_word' id='word_1_244' title='bbox 1429 3244 1559 3286; x_wconf 91' lang='lat' dir='ltr'><strong>vero</strong></span> <span class='ocrx_word' id='word_1_245' title='bbox 1587 3231 1717 3288; x_wconf 87' lang='lat' dir='ltr'><strong>illud</strong></span> <span class='ocrx_word' id='word_1_246' title='bbox 1735 3233 2094 3303; x_wconf 77' lang='lat' dir='ltr'><strong>profecisset?</strong></span> 
     </span>
    </p>
   </div>
   <div class='ocr_carea' id='block_1_33' title="bbox 496 3310 2094 3397">
    <p class='ocr_par' dir='ltr' id='par_1_33' title="bbox 496 3310 2094 3397">
     <span class='ocr_line' id='line_1_33' title="bbox 496 3310 2094 3397; baseline 0.017 -38"><span class='ocrx_word' id='word_1_247' title='bbox 496 3323 620 3361; x_wconf 87' lang='lat' dir='ltr'><strong>nam</strong></span> <span class='ocrx_word' id='word_1_248' title='bbox 652 3310 696 3364; x_wconf 91' lang='lat' dir='ltr'><strong>si</strong></span> <span class='ocrx_word' id='word_1_249' title='bbox 719 3312 933 3381; x_wconf 79' lang='lat' dir='ltr'><strong>quidem</strong></span> <span class='ocrx_word' id='word_1_250' title='bbox 968 3327 1141 3373; x_wconf 90' lang='lat' dir='ltr'><strong>morte</strong></span> <span class='ocrx_word' id='word_1_251' title='bbox 1183 3333 1276 3374; x_wconf 88' lang='lat' dir='ltr'><strong>sua</strong></span> <span class='ocrx_word' id='word_1_252' title='bbox 1322 3323 1604 3394; x_wconf 90' lang='lat' dir='ltr'><strong>conjugem</strong></span> <span class='ocrx_word' id='word_1_253' title='bbox 1635 3340 1666 3380; x_wconf 92' lang='lat' dir='ltr'><strong>a</strong></span> <span class='ocrx_word' id='word_1_254' title='bbox 1692 3335 1880 3397; x_wconf 85' lang='lat' dir='ltr'><strong>stupro</strong></span> <span class='ocrx_word' id='word_1_255' title='bbox 1905 3328 2094 3386; x_wconf 85' lang='lat' dir='ltr'><strong>fuisset</strong></span> 
     </span>
    </p>
   </div>
   <div class='ocr_carea' id='block_1_34' title="bbox 495 3410 2094 3481">
    <p class='ocr_par' dir='ltr' id='par_1_34' title="bbox 495 3410 2094 3481">
     <span class='ocr_line' id='line_1_34' title="bbox 495 3410 2094 3481; baseline 0.017 -30"><span class='ocrx_word' id='word_1_256' title='bbox 495 3410 861 3470; x_wconf 81' lang='lat' dir='ltr'><strong>exempturus,</strong></span> <span class='ocrx_word' id='word_1_257' title='bbox 892 3416 1040 3462; x_wconf 89' lang='lat' dir='ltr'><strong>recte</strong></span> <span class='ocrx_word' id='word_1_258' title='bbox 1068 3411 1166 3465; x_wconf 90' lang='lat' dir='ltr'><strong>ista</strong></span> <span class='ocrx_word' id='word_1_259' title='bbox 1197 3411 1486 3481; x_wconf 86' lang='lat' dir='ltr'><strong>diceretis;</strong></span> <span class='ocrx_word' id='word_1_260' title='bbox 1526 3416 1610 3471; x_wconf 92' lang='lat' dir='ltr'><strong>sin</strong></span> <span class='ocrx_word' id='word_1_261' title='bbox 1638 3426 1816 3474; x_wconf 88' lang='lat' dir='ltr'><strong>autem</strong></span> <span class='ocrx_word' id='word_1_262' title='bbox 1855 3422 2094 3477; x_wconf 90' lang='lat' dir='ltr'><strong>moriens</strong></span> 
     </span>
    </p>
   </div>
   <div class='ocr_carea' id='block_1_35' title="bbox 495 3491 2093 3587">
    <p class='ocr_par' dir='ltr' id='par_1_35' title="bbox 495 3491 2093 3587">
     <span class='ocr_line' id='line_1_35' title="bbox 495 3491 2093 3587; baseline 0.018 -44"><span class='ocrx_word' id='word_1_263' title='bbox 495 3491 625 3545; x_wconf 88' lang='lat' dir='ltr'><strong>nihil</strong></span> <span class='ocrx_word' id='word_1_264' title='bbox 653 3497 804 3550; x_wconf 77' lang='lat' dir='ltr'><strong>uxori</strong></span> <span class='ocrx_word' id='word_1_265' title='bbox 833 3499 1105 3570; x_wconf 88' lang='lat' dir='ltr'><strong>proderat,</strong></span> <span class='ocrx_word' id='word_1_266' title='bbox 1147 3513 1206 3559; x_wconf 91' lang='lat' dir='ltr'><strong>ut</strong></span> <span class='ocrx_word' id='word_1_267' title='bbox 1231 3521 1348 3560; x_wconf 90' lang='lat' dir='ltr'><strong>eam</strong></span> <span class='ocrx_word' id='word_1_268' title='bbox 1391 3523 1420 3562; x_wconf 92' lang='lat' dir='ltr'><strong>a</strong></span> <span class='ocrx_word' id='word_1_269' title='bbox 1459 3517 1647 3582; x_wconf 88' lang='lat' dir='ltr'><strong>stupro</strong></span> <span class='ocrx_word' id='word_1_270' title='bbox 1677 3511 1952 3582; x_wconf 85' lang='lat' dir='ltr'><strong>liberaret,</strong></span> <span class='ocrx_word' id='word_1_271' title='bbox 1989 3531 2093 3587; x_wconf 87' lang='lat' dir='ltr'><strong>qua</strong></span> 
     </span>
    </p>
   </div>
   <div class='ocr_carea' id='block_1_36' title="bbox 494 3583 2094 3676">
    <p class='ocr_par' dir='ltr' id='par_1_36' title="bbox 494 3583 2094 3676">
     <span class='ocr_line' id='line_1_36' title="bbox 494 3583 2094 3676; baseline 0.019 -41"><span class='ocrx_word' id='word_1_272' title='bbox 494 3583 732 3641; x_wconf 85' lang='lat' dir='ltr'><strong>decausa</strong></span> <span class='ocrx_word' id='word_1_273' title='bbox 757 3599 957 3647; x_wconf 85' lang='lat' dir='ltr'><strong>temere</strong></span> <span class='ocrx_word' id='word_1_274' title='bbox 982 3605 1033 3650; x_wconf 90' lang='lat' dir='ltr'><strong>et</strong></span> <span class='ocrx_word' id='word_1_275' title='bbox 1065 3595 1366 3654; x_wconf 89' lang='lat' dir='ltr'><strong>inconsulto</strong></span> <span class='ocrx_word' id='word_1_276' title='bbox 1381 3601 1605 3658; x_wconf 83' lang='lat' dir='ltr'><strong>salutem</strong></span> <span class='ocrx_word' id='word_1_277' title='bbox 1629 3620 1780 3660; x_wconf 88' lang='lat' dir='ltr'><strong>suam</strong></span> <span class='ocrx_word' id='word_1_278' title='bbox 1805 3583 2094 3676; x_wconf 79' lang='lat' dir='ltr'><strong>proderet?</strong></span> 
     </span>
    </p>
   </div>
   <div class='ocr_carea' id='block_1_37' title="bbox 495 3674 2092 3768">
    <p class='ocr_par' dir='ltr' id='par_1_37' title="bbox 495 3674 2092 3768">
     <span class='ocr_line' id='line_1_37' title="bbox 495 3674 2092 3768; baseline 0.019 -41"><span class='ocrx_word' id='word_1_279' title='bbox 495 3674 627 3730; x_wconf 85' lang='lat' dir='ltr'><strong>Nam</strong></span> <span class='ocrx_word' id='word_1_280' title='bbox 652 3689 706 3732; x_wconf 93' lang='lat' dir='ltr'><strong>ut</strong></span> <span class='ocrx_word' id='word_1_281' title='bbox 735 3679 1024 3754; x_wconf 80' lang='lat' dir='ltr'><strong>intelligas,</strong></span> <span class='ocrx_word' id='word_1_282' title='bbox 1050 3703 1116 3742; x_wconf 92' lang='lat' dir='ltr'><strong>ne</strong></span> <span class='ocrx_word' id='word_1_283' title='bbox 1143 3702 1314 3746; x_wconf 90' lang='lat' dir='ltr'><strong>morte</strong></span> <span class='ocrx_word' id='word_1_284' title='bbox 1335 3693 1552 3760; x_wconf 89' lang='lat' dir='ltr'><strong>quidem</strong></span> <span class='ocrx_word' id='word_1_285' title='bbox 1570 3711 1665 3751; x_wconf 89' lang='lat' dir='ltr'><strong>sua</strong></span> <span class='ocrx_word' id='word_1_286' title='bbox 1680 3674 1920 3768; x_wconf 36' lang='lat' dir='ltr'><strong>potu—isse</strong></span> <span class='ocrx_word' id='word_1_287' title='bbox 1941 3701 2092 3757; x_wconf 88' lang='lat' dir='ltr'><strong>illum</strong></span> 
     </span>
    </p>
   </div>
   <div class='ocr_carea' id='block_1_38' title="bbox 495 3771 2094 3858">
    <p class='ocr_par' dir='ltr' id='par_1_38' title="bbox 495 3771 2094 3858">
     <span class='ocr_line' id='line_1_38' title="bbox 495 3771 2094 3858; baseline 0.018 -35"><span class='ocrx_word' id='word_1_288' title='bbox 495 3783 614 3823; x_wconf 88' lang='lat' dir='ltr'><strong>eam</strong></span> <span class='ocrx_word' id='word_1_289' title='bbox 661 3771 728 3825; x_wconf 90' lang='lat' dir='ltr'><strong>ab</strong></span> <span class='ocrx_word' id='word_1_290' title='bbox 771 3774 1036 3832; x_wconf 89' lang='lat' dir='ltr'><strong>adulterio</strong></span> <span class='ocrx_word' id='word_1_291' title='bbox 1080 3779 1328 3850; x_wconf 84' lang='lat' dir='ltr'><strong>liberare,</strong></span> <span class='ocrx_word' id='word_1_292' title='bbox 1355 3787 1476 3840; x_wconf 81' lang='lat' dir='ltr'><strong>audi</strong></span> <span class='ocrx_word' id='word_1_293' title='bbox 1509 3789 1634 3858; x_wconf 91' lang='lat' dir='ltr'><strong>quid</strong></span> <span class='ocrx_word' id='word_1_294' title='bbox 1675 3790 1818 3848; x_wconf 89' lang='lat' dir='ltr'><strong>dicat</strong></span> <span class='ocrx_word' id='word_1_295' title='bbox 1851 3811 1863 3848; x_wconf 91' lang='lat'><strong>:</strong></span> <span class='ocrx_word' id='word_1_296' title='bbox 1903 3793 1970 3846; x_wconf 81' lang='lat' dir='ltr'><strong>Et</strong></span> <span class='ocrx_word' id='word_1_297' title='bbox 1998 3799 2094 3850; x_wconf 87' lang='lat' dir='ltr'><strong>erit</strong></span> 
     </span>
    </p>
   </div>
   <div class='ocr_carea' id='block_1_39' title="bbox 495 3865 2092 3954">
    <p class='ocr_par' dir='ltr' id='par_1_39' title="bbox 495 3865 2092 3954">
     <span class='ocr_line' id='line_1_39' title="bbox 495 3865 2092 3954; baseline 0.018 -41"><span class='ocrx_word' id='word_1_298' title='bbox 495 3877 615 3954; x_wconf 81' lang='lat' dir='ltr'><strong>cum</strong></span> <span class='ocrx_word' id='word_1_299' title='bbox 646 3865 860 3920; x_wconf 81' lang='lat' dir='ltr'><strong>viderint</strong></span> <span class='ocrx_word' id='word_1_300' title='bbox 891 3878 937 3923; x_wconf 89' lang='lat' dir='ltr'><strong>te</strong></span> <span class='ocrx_word' id='word_1_301' title='bbox 961 3869 1224 3943; x_wconf 72' lang='lat' dir='ltr'><strong>Ai&#39;gyptii,</strong></span> <span class='ocrx_word' id='word_1_302' title='bbox 1259 3886 1305 3930; x_wconf 90' lang='lat' dir='ltr'><strong>te</strong></span> <span class='ocrx_word' id='word_1_303' title='bbox 1332 3878 1534 3947; x_wconf 86' lang='lat' dir='ltr'><strong>quidem</strong></span> <span class='ocrx_word' id='word_1_304' title='bbox 1563 3884 1847 3954; x_wconf 77' lang='lat' dir='ltr'><strong>servabunt,</strong></span> <span class='ocrx_word' id='word_1_305' title='bbox 1876 3902 1953 3940; x_wconf 89' lang='lat' dir='ltr'><strong>me</strong></span> <span class='ocrx_word' id='word_1_306' title='bbox 1978 3902 2092 3941; x_wconf 80' lang='lat' dir='ltr'><strong>vero</strong></span> 
     </span>
    </p>
   </div>
   <div class='ocr_carea' id='block_1_40' title="bbox 494 3953 2094 4044">
    <p class='ocr_par' dir='ltr' id='par_1_40' title="bbox 494 3953 2094 4044">
     <span class='ocr_line' id='line_1_40' title="bbox 494 3953 2094 4044; baseline 0.018 -39"><span class='ocrx_word' id='word_1_307' title='bbox 494 3953 792 4020; x_wconf 78' lang='lat' dir='ltr'><strong>interﬁciant</strong></span> <span class='ocrx_word' id='word_1_308' title='bbox 820 3958 838 4027; x_wconf 96' lang='lat'>(</span> <span class='ocrx_word' id='word_1_309' title='bbox 863 3958 991 4016; x_wconf 86' lang='lat' dir='ltr'><strong>Gen.</strong></span> <span class='ocrx_word' id='word_1_310' title='bbox 1027 3961 1112 4017; x_wconf 78' lang='grc'><strong>12.</strong></span> <span class='ocrx_word' id='word_1_311' title='bbox 1143 3964 1264 4037; x_wconf 77' lang='grc'>12).</span> <span class='ocrx_word' id='word_1_312' title='bbox 1297 3967 1552 4026; x_wconf 85' lang='lat' dir='ltr'><strong>Futurum</strong></span> <span class='ocrx_word' id='word_1_313' title='bbox 1574 3953 1882 4044; x_wconf 83' lang='lat' dir='ltr'><strong>igitttrerat,</strong></span> <span class='ocrx_word' id='word_1_314' title='bbox 1917 3979 2094 4034; x_wconf 89' lang='lat' dir='ltr'><strong>utduo</strong></span> 
     </span>
    </p>
   </div>
   <div class='ocr_carea' id='block_1_41' title="bbox 495 4045 2092 4133">
    <p class='ocr_par' dir='ltr' id='par_1_41' title="bbox 495 4045 2092 4133">
     <span class='ocr_line' id='line_1_41' title="bbox 495 4045 2092 4133; baseline 0.019 -37"><span class='ocrx_word' id='word_1_315' title='bbox 495 4045 699 4101; x_wconf 88' lang='lat' dir='ltr'><strong>scelera</strong></span> <span class='ocrx_word' id='word_1_316' title='bbox 730 4061 1087 4119; x_wconf 82' lang='lat' dir='ltr'><strong>patrarentur,</strong></span> <span class='ocrx_word' id='word_1_317' title='bbox 1112 4057 1455 4127; x_wconf 87' lang='lat' dir='ltr'><strong>adulterium,</strong></span> <span class='ocrx_word' id='word_1_318' title='bbox 1484 4067 1754 4133; x_wconf 67' lang='lat' dir='ltr'><strong>etcmdes;</strong></span> <span class='ocrx_word' id='word_1_319' title='bbox 1783 4081 2092 4127; x_wconf 83' lang='lat' dir='ltr'><strong>eratantem</strong></span> 
     </span>
    </p>
   </div>
   <div class='ocr_carea' id='block_1_42' title="bbox 497 4137 2092 4219">
    <p class='ocr_par' dir='ltr' id='par_1_42' title="bbox 497 4137 2092 4219">
     <span class='ocr_line' id='line_1_42' title="bbox 497 4137 2092 4219; baseline 0.019 -31"><span class='ocrx_word' id='word_1_320' title='bbox 497 4137 793 4204; x_wconf 75' lang='lat' dir='ltr'><strong>prudentia:</strong></span> <span class='ocrx_word' id='word_1_321' title='bbox 820 4159 926 4199; x_wconf 93' lang='lat' dir='ltr'><strong>non</strong></span> <span class='ocrx_word' id='word_1_322' title='bbox 951 4147 1186 4217; x_wconf 87' lang='lat' dir='ltr'><strong>vulgaris</strong></span> <span class='ocrx_word' id='word_1_323' title='bbox 1229 4167 1295 4207; x_wconf 91' lang='lat' dir='ltr'><strong>ex</strong></span> <span class='ocrx_word' id='word_1_324' title='bbox 1324 4153 1533 4211; x_wconf 90' lang='lat' dir='ltr'><strong>duobus</strong></span> <span class='ocrx_word' id='word_1_325' title='bbox 1578 4158 1692 4214; x_wconf 91' lang='lat' dir='ltr'><strong>istis</strong></span> <span class='ocrx_word' id='word_1_326' title='bbox 1722 4175 1884 4216; x_wconf 90' lang='lat' dir='ltr'><strong>unum</strong></span> <span class='ocrx_word' id='word_1_327' title='bbox 1927 4163 2092 4219; x_wconf 88' lang='lat' dir='ltr'><strong>lucri-</strong></span> 
     </span>
    </p>
   </div>
   <div class='ocr_carea' id='block_1_43' title="bbox 498 4229 2091 4318">
    <p class='ocr_par' dir='ltr' id='par_1_43' title="bbox 498 4229 2091 4318">
     <span class='ocr_line' id='line_1_43' title="bbox 498 4229 2091 4318; baseline 0.02 -37"><span class='ocrx_word' id='word_1_328' title='bbox 498 4229 693 4287; x_wconf 79' lang='lat' dir='ltr'><strong>facere.</strong></span> <span class='ocrx_word' id='word_1_329' title='bbox 721 4233 854 4289; x_wconf 90' lang='lat' dir='ltr'><strong>Nam</strong></span> <span class='ocrx_word' id='word_1_330' title='bbox 881 4238 926 4293; x_wconf 90' lang='lat' dir='ltr'><strong>si</strong></span> <span class='ocrx_word' id='word_1_331' title='bbox 953 4240 1168 4310; x_wconf 91' lang='lat' dir='ltr'><strong>quidem</strong></span> <span class='ocrx_word' id='word_1_332' title='bbox 1198 4248 1438 4316; x_wconf 80' lang='lat' dir='ltr'><strong>exposita</strong></span> <span class='ocrx_word' id='word_1_333' title='bbox 1461 4251 1567 4306; x_wconf 87' lang='lat' dir='ltr'><strong>vita</strong></span> <span class='ocrx_word' id='word_1_334' title='bbox 1589 4266 1705 4318; x_wconf 88' lang='lat' dir='ltr'><strong>sua,</strong></span> <span class='ocrx_word' id='word_1_335' title='bbox 1740 4270 1924 4311; x_wconf 90' lang='lat' dir='ltr'><strong>rursus</strong></span> <span class='ocrx_word' id='word_1_336' title='bbox 1949 4259 2091 4313; x_wconf 90' lang='lat' dir='ltr'><strong>enim</strong></span> 
     </span>
    </p>
   </div>
   <div class='ocr_carea' id='block_1_44' title="bbox 495 4323 2094 4417">
    <p class='ocr_par' dir='ltr' id='par_1_44' title="bbox 495 4323 2094 4417">
     <span class='ocr_line' id='line_1_44' title="bbox 495 4323 2094 4417; baseline 0.021 -41"><span class='ocrx_word' id='word_1_337' title='bbox 495 4323 638 4380; x_wconf 84' lang='lat' dir='ltr'><strong>idem</strong></span> <span class='ocrx_word' id='word_1_338' title='bbox 661 4326 855 4399; x_wconf 90' lang='lat' dir='ltr'><strong>dicam,</strong></span> <span class='ocrx_word' id='word_1_339' title='bbox 876 4333 1196 4395; x_wconf 90' lang='lat' dir='ltr'><strong>liberaturus</strong></span> <span class='ocrx_word' id='word_1_340' title='bbox 1219 4354 1338 4396; x_wconf 90' lang='lat' dir='ltr'><strong>eam</strong></span> <span class='ocrx_word' id='word_1_341' title='bbox 1364 4357 1395 4397; x_wconf 93' lang='lat' dir='ltr'><strong>a</strong></span> <span class='ocrx_word' id='word_1_342' title='bbox 1423 4353 1610 4415; x_wconf 89' lang='lat' dir='ltr'><strong>stupro</strong></span> <span class='ocrx_word' id='word_1_343' title='bbox 1626 4347 1828 4417; x_wconf 88' lang='lat' dir='ltr'><strong>fuisset,</strong></span> <span class='ocrx_word' id='word_1_344' title='bbox 1846 4361 1898 4407; x_wconf 89' lang='lat' dir='ltr'><strong>et</strong></span> <span class='ocrx_word' id='word_1_345' title='bbox 1914 4353 2094 4409; x_wconf 91' lang='lat' dir='ltr'><strong>occiso</strong></span> 
     </span>
    </p>
   </div>
   <div class='ocr_carea' id='block_1_45' title="bbox 490 4419 2090 4512">
    <p class='ocr_par' dir='ltr' id='par_1_45' title="bbox 490 4419 2090 4512">
     <span class='ocr_line' id='line_1_45' title="bbox 490 4419 2090 4512; baseline 0.018 -41"><span class='ocrx_word' id='word_1_346' title='bbox 490 4419 658 4488; x_wconf 85' lang='lat' dir='ltr'><strong>justo,</strong></span> <span class='ocrx_word' id='word_1_347' title='bbox 686 4421 875 4479; x_wconf 89' lang='lat' dir='ltr'><strong>Saram</strong></span> <span class='ocrx_word' id='word_1_348' title='bbox 902 4425 978 4481; x_wconf 92' lang='lat' dir='ltr'><strong>illi</strong></span> <span class='ocrx_word' id='word_1_349' title='bbox 1003 4443 1108 4484; x_wconf 93' lang='lat' dir='ltr'><strong>non</strong></span> <span class='ocrx_word' id='word_1_350' title='bbox 1131 4432 1455 4502; x_wconf 87' lang='lat' dir='ltr'><strong>attigissent,</strong></span> <span class='ocrx_word' id='word_1_351' title='bbox 1480 4447 1628 4494; x_wconf 92' lang='lat' dir='ltr'><strong>recte</strong></span> <span class='ocrx_word' id='word_1_352' title='bbox 1656 4454 1975 4512; x_wconf 82' lang='lat' dir='ltr'><strong>accusares;</strong></span> <span class='ocrx_word' id='word_1_353' title='bbox 2008 4446 2090 4500; x_wconf 91' lang='lat' dir='ltr'><strong>sin</strong></span> 
     </span>
    </p>
   </div>
   <div class='ocr_carea' id='block_1_46' title="bbox 492 4525 2088 4608">
    <p class='ocr_par' dir='ltr' id='par_1_46' title="bbox 492 4525 2088 4608">
     <span class='ocr_line' id='line_1_46' title="bbox 492 4525 2088 4608; baseline 0.018 -39"><span class='ocrx_word' id='word_1_354' title='bbox 492 4525 676 4572; x_wconf 90' lang='lat' dir='ltr'><strong>autem</strong></span> <span class='ocrx_word' id='word_1_355' title='bbox 709 4535 775 4575; x_wconf 90' lang='lat' dir='ltr'><strong>eo</strong></span> <span class='ocrx_word' id='word_1_356' title='bbox 817 4532 996 4578; x_wconf 90' lang='lat' dir='ltr'><strong>morte</strong></span> <span class='ocrx_word' id='word_1_357' title='bbox 1043 4526 1256 4582; x_wconf 90' lang='lat' dir='ltr'><strong>sublato</strong></span> <span class='ocrx_word' id='word_1_358' title='bbox 1286 4531 1400 4600; x_wconf 83' lang='lat' dir='ltr'><strong>pari</strong></span> <span class='ocrx_word' id='word_1_359' title='bbox 1441 4535 1650 4591; x_wconf 90' lang='lat' dir='ltr'><strong>ratione</strong></span> <span class='ocrx_word' id='word_1_360' title='bbox 1679 4537 1915 4594; x_wconf 85' lang='lat' dir='ltr'><strong>futurum</strong></span> <span class='ocrx_word' id='word_1_361' title='bbox 1951 4552 2088 4608; x_wconf 88' lang='lat' dir='ltr'><strong>erat,</strong></span> 
     </span>
    </p>
   </div>
   <div class='ocr_carea' id='block_1_47' title="bbox 493 4622 2088 4701">
    <p class='ocr_par' dir='ltr' id='par_1_47' title="bbox 493 4622 2088 4701">
     <span class='ocr_line' id='line_1_47' title="bbox 493 4622 2088 4701; baseline 0.016 -36"><span class='ocrx_word' id='word_1_362' title='bbox 493 4622 553 4666; x_wconf 91' lang='lat' dir='ltr'><strong>ut</strong></span> <span class='ocrx_word' id='word_1_363' title='bbox 621 4624 960 4685; x_wconf 90' lang='lat' dir='ltr'><strong>stupraretur</strong></span> <span class='ocrx_word' id='word_1_364' title='bbox 985 4635 1136 4688; x_wconf 90' lang='lat' dir='ltr'><strong>uxor,</strong></span> <span class='ocrx_word' id='word_1_365' title='bbox 1164 4638 1266 4693; x_wconf 92' lang='lat' dir='ltr'><strong>qua</strong></span> <span class='ocrx_word' id='word_1_366' title='bbox 1305 4625 1373 4681; x_wconf 90' lang='lat' dir='ltr'><strong>de</strong></span> <span class='ocrx_word' id='word_1_367' title='bbox 1402 4642 1563 4684; x_wconf 89' lang='lat' dir='ltr'><strong>causa</strong></span> <span class='ocrx_word' id='word_1_368' title='bbox 1591 4630 1794 4701; x_wconf 89' lang='lat' dir='ltr'><strong>justum</strong></span> <span class='ocrx_word' id='word_1_369' title='bbox 1843 4649 2088 4701; x_wconf 90' lang='lat' dir='ltr'><strong>accusas,</strong></span> 
     </span>
    </p>
   </div>
   <div class='ocr_carea' id='block_1_48' title="bbox 492 4706 2092 4790">
    <p class='ocr_par' dir='ltr' id='par_1_48' title="bbox 492 4706 2092 4790">
     <span class='ocr_line' id='line_1_48' title="bbox 492 4706 2092 4790; baseline 0.016 -32"><span class='ocrx_word' id='word_1_370' title='bbox 492 4706 637 4774; x_wconf 80' lang='lat' dir='ltr'><strong>quod</strong></span> <span class='ocrx_word' id='word_1_371' title='bbox 667 4725 788 4763; x_wconf 91' lang='lat' dir='ltr'><strong>cum</strong></span> <span class='ocrx_word' id='word_1_372' title='bbox 821 4711 930 4767; x_wconf 92' lang='lat' dir='ltr'><strong>duo</strong></span> <span class='ocrx_word' id='word_1_373' title='bbox 973 4724 1230 4772; x_wconf 79' lang='lat' dir='ltr'><strong>eventura</strong></span> <span class='ocrx_word' id='word_1_374' title='bbox 1282 4719 1420 4775; x_wconf 91' lang='lat' dir='ltr'><strong>mala</strong></span> <span class='ocrx_word' id='word_1_375' title='bbox 1450 4733 1654 4790; x_wconf 89' lang='lat' dir='ltr'><strong>essent,</strong></span> <span class='ocrx_word' id='word_1_376' title='bbox 1682 4725 2002 4781; x_wconf 85' lang='lat' dir='ltr'><strong>adulterium</strong></span> <span class='ocrx_word' id='word_1_377' title='bbox 2030 4745 2092 4783; x_wconf 89' lang='lat' dir='ltr'><strong>ac</strong></span> 
     </span>
    </p>
   </div>
   <div class='ocr_carea' id='block_1_49' title="bbox 494 4797 2090 4884">
    <p class='ocr_par' dir='ltr' id='par_1_49' title="bbox 494 4797 2090 4884">
     <span class='ocr_line' id='line_1_49' title="bbox 494 4797 2090 4884; baseline 0.016 -35"><span class='ocrx_word' id='word_1_378' title='bbox 494 4797 694 4862; x_wconf 75' lang='lat' dir='ltr'><strong>cardes,</strong></span> <span class='ocrx_word' id='word_1_379' title='bbox 725 4801 950 4859; x_wconf 89' lang='lat' dir='ltr'><strong>alterum</strong></span> <span class='ocrx_word' id='word_1_380' title='bbox 975 4807 1237 4877; x_wconf 88' lang='lat' dir='ltr'><strong>sapientia</strong></span> <span class='ocrx_word' id='word_1_381' title='bbox 1268 4824 1362 4865; x_wconf 88' lang='lat' dir='ltr'><strong>sua</strong></span> <span class='ocrx_word' id='word_1_382' title='bbox 1391 4813 1750 4884; x_wconf 91' lang='lat' dir='ltr'><strong>impediverit,</strong></span> <span class='ocrx_word' id='word_1_383' title='bbox 1781 4818 1980 4873; x_wconf 65' lang='lat' dir='ltr'><strong>caedem</strong></span> <span class='ocrx_word' id='word_1_384' title='bbox 2005 4819 2090 4874; x_wconf 87' lang='lat' dir='ltr'><strong>ni-</strong></span> 
     </span>
    </p>
   </div>
   <div class='ocr_carea' id='block_1_50' title="bbox 495 4889 2090 4969">
    <p class='ocr_par' dir='ltr' id='par_1_50' title="bbox 495 4889 2090 4969">
     <span class='ocr_line' id='line_1_50' title="bbox 495 4889 2090 4969; baseline 0.017 -29"><span class='ocrx_word' id='word_1_385' title='bbox 495 4889 738 4945; x_wconf 85' lang='lat' dir='ltr'><strong>mirum?</strong></span> <span class='ocrx_word' id='word_1_386' title='bbox 768 4893 935 4965; x_wconf 89' lang='lat' dir='ltr'><strong>Hujus</strong></span> <span class='ocrx_word' id='word_1_387' title='bbox 982 4899 1182 4969; x_wconf 89' lang='lat' dir='ltr'><strong>quippe</strong></span> <span class='ocrx_word' id='word_1_388' title='bbox 1229 4903 1307 4957; x_wconf 90' lang='lat' dir='ltr'><strong>rei</strong></span> <span class='ocrx_word' id='word_1_389' title='bbox 1337 4917 1497 4959; x_wconf 87' lang='lat' dir='ltr'><strong>causa</strong></span> <span class='ocrx_word' id='word_1_390' title='bbox 1523 4905 1725 4962; x_wconf 89' lang='lat' dir='ltr'><strong>laudari</strong></span> <span class='ocrx_word' id='word_1_391' title='bbox 1753 4910 1915 4964; x_wconf 88' lang='lat' dir='ltr'><strong>etiam</strong></span> <span class='ocrx_word' id='word_1_392' title='bbox 1970 4926 2090 4966; x_wconf 91' lang='lat' dir='ltr'><strong>eum</strong></span> 
     </span>
    </p>
   </div>
   <div class='ocr_carea' id='block_1_51' title="bbox 494 4985 2092 5076">
    <p class='ocr_par' dir='ltr' id='par_1_51' title="bbox 494 4985 2092 5076">
     <span class='ocr_line' id='line_1_51' title="bbox 494 4985 2092 5076; baseline 0.016 -40"><span class='ocrx_word' id='word_1_393' title='bbox 494 4985 800 5054; x_wconf 89' lang='lat' dir='ltr'><strong>oportebat,</strong></span> <span class='ocrx_word' id='word_1_394' title='bbox 824 4990 965 5059; x_wconf 89' lang='lat' dir='ltr'><strong>quod</strong></span> <span class='ocrx_word' id='word_1_395' title='bbox 993 4993 1240 5050; x_wconf 88' lang='lat' dir='ltr'><strong>adulterii</strong></span> <span class='ocrx_word' id='word_1_396' title='bbox 1292 5012 1507 5052; x_wconf 90' lang='lat' dir='ltr'><strong>manum</strong></span> <span class='ocrx_word' id='word_1_397' title='bbox 1553 5014 1740 5069; x_wconf 89' lang='lat' dir='ltr'><strong>puram</strong></span> <span class='ocrx_word' id='word_1_398' title='bbox 1771 5018 1800 5058; x_wconf 91' lang='lat' dir='ltr'><strong>a</strong></span> <span class='ocrx_word' id='word_1_399' title='bbox 1831 5007 2092 5076; x_wconf 86' lang='lat' dir='ltr'><strong>sanguine</strong></span> 
     </span>
    </p>
   </div>
   <div class='ocr_carea' id='block_1_52' title="bbox 495 5081 2090 5168">
    <p class='ocr_par' dir='ltr' id='par_1_52' title="bbox 495 5081 2090 5168">
     <span class='ocr_line' id='line_1_52' title="bbox 495 5081 2090 5168; baseline 0.014 -38"><span class='ocrx_word' id='word_1_400' title='bbox 495 5081 855 5134; x_wconf 88' lang='lat' dir='ltr'><strong>conservarit.</strong></span> <span class='ocrx_word' id='word_1_401' title='bbox 885 5081 1001 5138; x_wconf 90' lang='lat' dir='ltr'><strong>Non</strong></span> <span class='ocrx_word' id='word_1_402' title='bbox 1047 5086 1188 5141; x_wconf 92' lang='lat' dir='ltr'><strong>enim</strong></span> <span class='ocrx_word' id='word_1_403' title='bbox 1213 5088 1393 5145; x_wconf 89' lang='lat' dir='ltr'><strong>dicere</strong></span> <span class='ocrx_word' id='word_1_404' title='bbox 1420 5090 1550 5146; x_wconf 91' lang='lat' dir='ltr'><strong>illud</strong></span> <span class='ocrx_word' id='word_1_405' title='bbox 1581 5101 1750 5160; x_wconf 87' lang='lat' dir='ltr'><strong>potes,</strong></span> <span class='ocrx_word' id='word_1_406' title='bbox 1776 5110 1916 5161; x_wconf 89' lang='lat' dir='ltr'><strong>eam,</strong></span> <span class='ocrx_word' id='word_1_407' title='bbox 1947 5097 2090 5168; x_wconf 89' lang='lat' dir='ltr'><strong>quod</strong></span> 
     </span>
    </p>
   </div>
   <div class='ocr_carea' id='block_1_53' title="bbox 495 5169 2092 5260">
    <p class='ocr_par' dir='ltr' id='par_1_53' title="bbox 495 5169 2092 5260">
     <span class='ocr_line' id='line_1_53' title="bbox 495 5169 2092 5260; baseline 0.014 -39"><span class='ocrx_word' id='word_1_408' title='bbox 495 5169 698 5225; x_wconf 75' lang='lat' dir='ltr'><strong>dixerit</strong></span> <span class='ocrx_word' id='word_1_409' title='bbox 726 5188 786 5228; x_wconf 90' lang='lat' dir='ltr'><strong>se</strong></span> <span class='ocrx_word' id='word_1_410' title='bbox 813 5187 1056 5232; x_wconf 90' lang='lat' dir='ltr'><strong>sororem</strong></span> <span class='ocrx_word' id='word_1_411' title='bbox 1086 5179 1227 5236; x_wconf 92' lang='lat' dir='ltr'><strong>illius</strong></span> <span class='ocrx_word' id='word_1_412' title='bbox 1253 5197 1392 5249; x_wconf 89' lang='lat' dir='ltr'><strong>esse,</strong></span> <span class='ocrx_word' id='word_1_413' title='bbox 1426 5182 1528 5240; x_wconf 93' lang='lat' dir='ltr'><strong>hoc</strong></span> <span class='ocrx_word' id='word_1_414' title='bbox 1547 5185 1661 5255; x_wconf 91' lang='lat' dir='ltr'><strong>ipso</strong></span> <span class='ocrx_word' id='word_1_415' title='bbox 1686 5185 1996 5260; x_wconf 66' lang='lat' dir='ltr'><strong>Egyptium</strong></span> <span class='ocrx_word' id='word_1_416' title='bbox 2024 5189 2092 5244; x_wconf 87' lang='lat' dir='ltr'><strong>ad</strong></span> 
     </span>
    </p>
   </div>
   <div class='ocr_carea' id='block_1_54' title="bbox 494 5266 2092 5352">
    <p class='ocr_par' dir='ltr' id='par_1_54' title="bbox 494 5266 2092 5352">
     <span class='ocr_line' id='line_1_54' title="bbox 494 5266 2092 5352; baseline 0.014 -38"><span class='ocrx_word' id='word_1_417' title='bbox 494 5270 738 5333; x_wconf 84' lang='lat' dir='ltr'><strong>stuprum</strong></span> <span class='ocrx_word' id='word_1_418' title='bbox 763 5266 1020 5324; x_wconf 82' lang='lat' dir='ltr'><strong>invitasse</strong></span> <span class='ocrx_word' id='word_1_419' title='bbox 1055 5289 1069 5326; x_wconf 87' lang='lat'>:</span> <span class='ocrx_word' id='word_1_420' title='bbox 1101 5271 1225 5328; x_wconf 92' lang='lat' dir='ltr'><strong>licet</strong></span> <span class='ocrx_word' id='word_1_421' title='bbox 1263 5276 1406 5330; x_wconf 91' lang='lat' dir='ltr'><strong>enim</strong></span> <span class='ocrx_word' id='word_1_422' title='bbox 1451 5275 1675 5334; x_wconf 81' lang='lat' dir='ltr'><strong>dixisset</strong></span> <span class='ocrx_word' id='word_1_423' title='bbox 1703 5295 1926 5336; x_wconf 88' lang='lat' dir='ltr'><strong>uxorem</strong></span> <span class='ocrx_word' id='word_1_424' title='bbox 1974 5281 2092 5352; x_wconf 87' lang='lat' dir='ltr'><strong>ejus</strong></span> 
     </span>
    </p>
   </div>
   <div class='ocr_carea' id='block_1_55' title="bbox 494 5359 2092 5444">
    <p class='ocr_par' dir='ltr' id='par_1_55' title="bbox 494 5359 2092 5444">
     <span class='ocr_line' id='line_1_55' title="bbox 494 5359 2092 5444; baseline 0.014 -36"><span class='ocrx_word' id='word_1_425' title='bbox 494 5369 554 5409; x_wconf 90' lang='lat' dir='ltr'><strong>se</strong></span> <span class='ocrx_word' id='word_1_426' title='bbox 584 5371 728 5425; x_wconf 87' lang='lat' dir='ltr'><strong>esse,</strong></span> <span class='ocrx_word' id='word_1_427' title='bbox 755 5375 824 5416; x_wconf 91' lang='lat' dir='ltr'><strong>ne</strong></span> <span class='ocrx_word' id='word_1_428' title='bbox 854 5359 933 5416; x_wconf 93' lang='lat' dir='ltr'><strong>sic</strong></span> <span class='ocrx_word' id='word_1_429' title='bbox 961 5363 1178 5433; x_wconf 88' lang='lat' dir='ltr'><strong>quidem</strong></span> <span class='ocrx_word' id='word_1_430' title='bbox 1213 5377 1330 5422; x_wconf 90' lang='lat' dir='ltr'><strong>erat</strong></span> <span class='ocrx_word' id='word_1_431' title='bbox 1358 5368 1726 5426; x_wconf 90' lang='lat' dir='ltr'><strong>abscessurus.</strong></span> <span class='ocrx_word' id='word_1_432' title='bbox 1753 5373 1820 5427; x_wconf 87' lang='lat' dir='ltr'><strong>Et</strong></span> <span class='ocrx_word' id='word_1_433' title='bbox 1847 5373 1948 5430; x_wconf 89' lang='lat' dir='ltr'><strong>hoc</strong></span> <span class='ocrx_word' id='word_1_434' title='bbox 1977 5375 2092 5444; x_wconf 83' lang='lat' dir='ltr'><strong>ipse</strong></span> 
     </span>
    </p>
   </div>
   <div class='ocr_carea' id='block_1_56' title="bbox 415 5449 2094 5540">
    <p class='ocr_par' dir='ltr' id='par_1_56' title="bbox 415 5449 2094 5540">
     <span class='ocr_line' id='line_1_56' title="bbox 415 5449 2094 5540; baseline 0.012 -37"><span class='ocrx_word' id='word_1_435' title='bbox 415 5472 418 5473; x_wconf 50' lang='grc' dir='ltr'><em>ν</em></span> <span class='ocrx_word' id='word_1_436' title='bbox 487 5449 812 5525; x_wconf 83' lang='lat' dir='ltr'><strong>declaravit,</strong></span> <span class='ocrx_word' id='word_1_437' title='bbox 845 5472 966 5512; x_wconf 91' lang='lat' dir='ltr'><strong>cum</strong></span> <span class='ocrx_word' id='word_1_438' title='bbox 995 5459 1147 5525; x_wconf 80' lang='lat' dir='ltr'><strong>dixit,</strong></span> <span class='ocrx_word' id='word_1_439' title='bbox 1172 5462 1234 5516; x_wconf 93' lang='lat' dir='ltr'><strong>Si</strong></span> <span class='ocrx_word' id='word_1_440' title='bbox 1257 5463 1471 5517; x_wconf 83' lang='lat' dir='ltr'><strong>viderint</strong></span> <span class='ocrx_word' id='word_1_441' title='bbox 1501 5473 1568 5531; x_wconf 88' lang='lat' dir='ltr'><strong>te,</strong></span> <span class='ocrx_word' id='word_1_442' title='bbox 1596 5466 1782 5534; x_wconf 81' lang='lat' dir='ltr'><strong>dicent,</strong></span> <span class='ocrx_word' id='word_1_443' title='bbox 1820 5467 1964 5522; x_wconf 75' lang='lat' dir='ltr'><strong>Uxor</strong></span> <span class='ocrx_word' id='word_1_444' title='bbox 1984 5471 2094 5540; x_wconf 76' lang='lat' dir='ltr'><strong>ejus</strong></span> 
     </span>
    </p>
   </div>
   <div class='ocr_carea' id='block_1_57' title="bbox 495 5545 2090 5629">
    <p class='ocr_par' dir='ltr' id='par_1_57' title="bbox 495 5545 2090 5629">
     <span class='ocr_line' id='line_1_57' title="bbox 495 5545 2090 5629; baseline 0.011 -31"><span class='ocrx_word' id='word_1_445' title='bbox 495 5551 570 5598; x_wconf 69' lang='lat' dir='ltr'><strong>est</strong></span> <span class='ocrx_word' id='word_1_446' title='bbox 607 5545 738 5615; x_wconf 68' lang='lat' dir='ltr'><strong>haec,</strong></span> <span class='ocrx_word' id='word_1_447' title='bbox 767 5556 812 5602; x_wconf 84' lang='lat' dir='ltr'><strong>et</strong></span> <span class='ocrx_word' id='word_1_448' title='bbox 841 5551 1143 5620; x_wconf 82' lang='lat' dir='ltr'><strong>interﬁcient</strong></span> <span class='ocrx_word' id='word_1_449' title='bbox 1171 5571 1250 5608; x_wconf 89' lang='lat' dir='ltr'><strong>me</strong></span> <span class='ocrx_word' id='word_1_450' title='bbox 1273 5571 1291 5620; x_wconf 87' lang='lat'><strong>;</strong></span> <span class='ocrx_word' id='word_1_451' title='bbox 1319 5565 1364 5609; x_wconf 87' lang='lat' dir='ltr'><strong>te</strong></span> <span class='ocrx_word' id='word_1_452' title='bbox 1392 5566 1560 5610; x_wconf 82' lang='lat' dir='ltr'><strong>autent</strong></span> <span class='ocrx_word' id='word_1_453' title='bbox 1587 5560 1875 5612; x_wconf 77' lang='lat' dir='ltr'><strong>servabunt.</strong></span> <span class='ocrx_word' id='word_1_454' title='bbox 1907 5559 2090 5629; x_wconf 88' lang='lat' dir='ltr'><strong>Itaque</strong></span> 
     </span>
    </p>
   </div>
   <div class='ocr_carea' id='block_1_58' title="bbox 499 5637 2092 5716">
    <p class='ocr_par' dir='ltr' id='par_1_58' title="bbox 499 5637 2092 5716">
     <span class='ocr_line' id='line_1_58' title="bbox 499 5637 2092 5716; baseline 0.01 -26"><span class='ocrx_word' id='word_1_455' title='bbox 499 5637 543 5691; x_wconf 91' lang='lat' dir='ltr'><strong>si</strong></span> <span class='ocrx_word' id='word_1_456' title='bbox 572 5638 796 5697; x_wconf 84' lang='lat' dir='ltr'><strong>dixisset</strong></span> <span class='ocrx_word' id='word_1_457' title='bbox 829 5659 1054 5699; x_wconf 91' lang='lat' dir='ltr'><strong>uxorem</strong></span> <span class='ocrx_word' id='word_1_458' title='bbox 1106 5647 1274 5716; x_wconf 88' lang='lat' dir='ltr'><strong>ipsius</strong></span> <span class='ocrx_word' id='word_1_459' title='bbox 1311 5662 1371 5703; x_wconf 88' lang='lat' dir='ltr'><strong>se</strong></span> <span class='ocrx_word' id='word_1_460' title='bbox 1416 5664 1560 5716; x_wconf 82' lang='lat' dir='ltr'><strong>esse,</strong></span> <span class='ocrx_word' id='word_1_461' title='bbox 1606 5661 1660 5705; x_wconf 91' lang='lat' dir='ltr'><strong>et</strong></span> <span class='ocrx_word' id='word_1_462' title='bbox 1688 5651 2012 5705; x_wconf 89' lang='lat' dir='ltr'><strong>adulterium</strong></span> <span class='ocrx_word' id='word_1_463' title='bbox 2038 5660 2092 5706; x_wconf 91' lang='lat' dir='ltr'><strong>et</strong></span> 
     </span>
    </p>
   </div>
   <div class='ocr_carea' id='block_1_59' title="bbox 564 5751 2092 5828">
    <p class='ocr_par' dir='ltr' id='par_1_59' title="bbox 564 5751 2092 5828">
     <span class='ocr_line' id='line_1_59' title="bbox 564 5751 2092 5828; baseline 0.009 -27"><span class='ocrx_word' id='word_1_464' title='bbox 617 5751 778 5828; x_wconf 42' lang='lat' dir='ltr'><strong>savii...</strong></span> <span class='ocrx_word' id='word_1_465' title='bbox 803 5755 970 5828; x_wconf 70' lang='lat' dir='ltr'><strong>siquis</strong></span> <span class='ocrx_word' id='word_1_466' title='bbox 989 5759 1059 5809; x_wconf 76' lang='lat' dir='ltr'><strong>rei</strong></span> <span class='ocrx_word' id='word_1_467' title='bbox 1084 5767 1268 5812; x_wconf 71' lang='lat' dir='ltr'><strong>tenuat:</strong></span> <span class='ocrx_word' id='word_1_468' title='bbox 1291 5763 1351 5813; x_wconf 83' lang='lat' dir='ltr'><strong>de</strong></span> <span class='ocrx_word' id='word_1_469' title='bbox 1371 5775 1522 5815; x_wconf 70' lang='lat' dir='ltr'><strong>mare</strong></span> <span class='ocrx_word' id='word_1_470' title='bbox 1541 5764 1824 5828; x_wconf 75' lang='lat' dir='ltr'><strong>suspicionis</strong></span> <span class='ocrx_word' id='word_1_471' title='bbox 1844 5765 2092 5828; x_wconf 77' lang='lat' dir='ltr'><strong>cogitatio-</strong></span> 
     </span>
    </p>
   </div>
   <div class='ocr_carea' id='block_1_60' title="bbox 498 5823 884 5878">
    <p class='ocr_par' dir='ltr' id='par_1_60' title="bbox 498 5823 884 5878">
     <span class='ocr_line' id='line_1_60' title="bbox 498 5823 884 5878; baseline 0.013 -16"><span class='ocrx_word' id='word_1_472' title='bbox 498 5823 606 5862; x_wconf 79' lang='lat' dir='ltr'><strong>nem</strong></span> <span class='ocrx_word' id='word_1_473' title='bbox 630 5823 884 5878; x_wconf 74' lang='lat' dir='ltr'><strong>certetputt.</strong></span> 
     </span>
    </p>
   </div>
   <div class='ocr_carea' id='block_1_61' title="bbox 2203 451 3838 523">
    <p class='ocr_par' dir='ltr' id='par_1_61' title="bbox 2203 451 3838 523">
     <span class='ocr_line' id='line_1_61' title="bbox 2203 451 3838 523; baseline 0.003 -17"><span class='ocrx_word' id='word_1_474' title='bbox 2203 451 2378 508; x_wconf 61' lang='lat' dir='ltr'><strong>caades</strong></span> <span class='ocrx_word' id='word_1_475' title='bbox 2403 463 2606 523; x_wconf 90' lang='lat' dir='ltr'><strong>patrata</strong></span> <span class='ocrx_word' id='word_1_476' title='bbox 2626 455 2854 512; x_wconf 80' lang='lat' dir='ltr'><strong>fuissent</strong></span> <span class='ocrx_word' id='word_1_477' title='bbox 2878 473 2894 521; x_wconf 94' lang='lat'><strong>;</strong></span> <span class='ocrx_word' id='word_1_478' title='bbox 2917 455 2962 510; x_wconf 88' lang='lat' dir='ltr'><strong>si</strong></span> <span class='ocrx_word' id='word_1_479' title='bbox 2980 469 3108 511; x_wconf 89' lang='lat' dir='ltr'><strong>vero</strong></span> <span class='ocrx_word' id='word_1_480' title='bbox 3134 454 3377 510; x_wconf 75' lang='lat' dir='ltr'><strong>dixisset</strong></span> <span class='ocrx_word' id='word_1_481' title='bbox 3405 469 3704 512; x_wconf 83' lang='lat' dir='ltr'><strong>sororem.</strong></span> <span class='ocrx_word' id='word_1_482' title='bbox 3735 471 3838 511; x_wconf 70' lang='lat' dir='ltr'><strong>ce-</strong></span> 
     </span>
    </p>
   </div>
   <div class='ocr_carea' id='block_1_62' title="bbox 2198 542 3836 614">
    <p class='ocr_par' dir='ltr' id='par_1_62' title="bbox 2198 542 3836 614">
     <span class='ocr_line' id='line_1_62' title="bbox 2198 542 3836 614; baseline 0.004 -17"><span class='ocrx_word' id='word_1_483' title='bbox 2198 542 2293 597; x_wconf 89' lang='lat' dir='ltr'><strong>des</strong></span> <span class='ocrx_word' id='word_1_484' title='bbox 2331 544 2582 614; x_wconf 84' lang='lat' dir='ltr'><strong>impedita</strong></span> <span class='ocrx_word' id='word_1_485' title='bbox 2627 558 2770 602; x_wconf 84' lang='lat' dir='ltr'><strong>esset</strong></span> <span class='ocrx_word' id='word_1_486' title='bbox 2801 564 2815 601; x_wconf 91' lang='lat'><strong>:</strong></span> <span class='ocrx_word' id='word_1_487' title='bbox 2847 547 3003 602; x_wconf 85' lang='lat' dir='ltr'><strong>vides</strong></span> <span class='ocrx_word' id='word_1_488' title='bbox 3042 556 3102 602; x_wconf 91' lang='lat' dir='ltr'><strong>ut</strong></span> <span class='ocrx_word' id='word_1_489' title='bbox 3146 546 3590 603; x_wconf 83' lang='lat' dir='ltr'><strong>imminentibus</strong></span> <span class='ocrx_word' id='word_1_490' title='bbox 3621 547 3836 604; x_wconf 78' lang='lat' dir='ltr'><strong>duobus</strong></span> 
     </span>
    </p>
   </div>
   <div class='ocr_carea' id='block_1_63' title="bbox 2197 634 3349 708">
    <p class='ocr_par' dir='ltr' id='par_1_63' title="bbox 2197 634 3349 708">
     <span class='ocr_line' id='line_1_63' title="bbox 2197 634 3349 708; baseline 0.004 -21"><span class='ocrx_word' id='word_1_491' title='bbox 2197 634 2354 688; x_wconf 85' lang='lat' dir='ltr'><strong>malis</strong></span> <span class='ocrx_word' id='word_1_492' title='bbox 2377 635 2608 692; x_wconf 90' lang='lat' dir='ltr'><strong>alterum</strong></span> <span class='ocrx_word' id='word_1_493' title='bbox 2635 637 2894 708; x_wconf 86' lang='lat' dir='ltr'><strong>sapientia</strong></span> <span class='ocrx_word' id='word_1_494' title='bbox 2921 653 3016 692; x_wconf 89' lang='lat' dir='ltr'><strong>sua</strong></span> <span class='ocrx_word' id='word_1_495' title='bbox 3042 637 3349 694; x_wconf 88' lang='lat' dir='ltr'><strong>sustulerit.</strong></span> 
     </span>
    </p>
   </div>
   <div class='ocr_carea' id='block_1_64' title="bbox 2271 726 3839 802">
    <p class='ocr_par' dir='ltr' id='par_1_64' title="bbox 2271 726 3839 802">
     <span class='ocr_line' id='line_1_64' title="bbox 2271 726 3839 802; baseline 0.002 -22"><span class='ocrx_word' id='word_1_496' title='bbox 2271 726 2434 781; x_wconf 79' lang='lat' dir='ltr'><strong>Alteri</strong></span> <span class='ocrx_word' id='word_1_497' title='bbox 2483 729 2700 783; x_wconf 85' lang='lat' dir='ltr'><strong>occurrit</strong></span> <span class='ocrx_word' id='word_1_498' title='bbox 2753 729 3041 801; x_wconf 86' lang='lat' dir='ltr'><strong>objectioni.</strong></span> <span class='ocrx_word' id='word_1_499' title='bbox 3075 759 3148 771; x_wconf 93' lang='lat'><strong>-—</strong></span> <span class='ocrx_word' id='word_1_500' title='bbox 3179 730 3352 785; x_wconf 75' lang='lat' dir='ltr'><strong>Visne</strong></span> <span class='ocrx_word' id='word_1_501' title='bbox 3414 729 3681 799; x_wconf 86' lang='lat' dir='ltr'><strong>discere,</strong></span> <span class='ocrx_word' id='word_1_502' title='bbox 3736 748 3839 802; x_wconf 88' lang='lat' dir='ltr'><strong>qtto</strong></span> 
     </span>
    </p>
   </div>
   <div class='ocr_carea' id='block_1_65' title="bbox 2199 819 3839 892">
    <p class='ocr_par' dir='ltr' id='par_1_65' title="bbox 2199 819 3839 892">
     <span class='ocr_line' id='line_1_65' title="bbox 2199 819 3839 892; baseline 0.001 -19"><span class='ocrx_word' id='word_1_503' title='bbox 2199 828 2353 890; x_wconf 92' lang='lat' dir='ltr'><strong>pacto</strong></span> <span class='ocrx_word' id='word_1_504' title='bbox 2371 819 2532 876; x_wconf 87' lang='lat' dir='ltr'><strong>etiam</strong></span> <span class='ocrx_word' id='word_1_505' title='bbox 2560 819 2804 876; x_wconf 88' lang='lat' dir='ltr'><strong>adulterii</strong></span> <span class='ocrx_word' id='word_1_506' title='bbox 2844 822 3083 889; x_wconf 90' lang='lat' dir='ltr'><strong>crimen,</strong></span> <span class='ocrx_word' id='word_1_507' title='bbox 3124 831 3400 892; x_wconf 89' lang='lat' dir='ltr'><strong>quantum</strong></span> <span class='ocrx_word' id='word_1_508' title='bbox 3430 822 3492 877; x_wconf 89' lang='lat' dir='ltr'><strong>in</strong></span> <span class='ocrx_word' id='word_1_509' title='bbox 3537 823 3661 891; x_wconf 89' lang='lat' dir='ltr'><strong>ejus</strong></span> <span class='ocrx_word' id='word_1_510' title='bbox 3693 831 3839 892; x_wconf 75' lang='lat' dir='ltr'><strong>pulc-</strong></span> 
     </span>
    </p>
   </div>
   <div class='ocr_carea' id='block_1_66' title="bbox 2199 914 3832 983">
    <p class='ocr_par' dir='ltr' id='par_1_66' title="bbox 2199 914 3832 983">
     <span class='ocr_line' id='line_1_66' title="bbox 2199 914 3832 983; baseline 0 -14"><span class='ocrx_word' id='word_1_511' title='bbox 2199 922 2337 970; x_wconf 88' lang='lat' dir='ltr'><strong>state</strong></span> <span class='ocrx_word' id='word_1_512' title='bbox 2381 915 2543 970; x_wconf 92' lang='lat' dir='ltr'><strong>situm</strong></span> <span class='ocrx_word' id='word_1_513' title='bbox 2587 924 2704 980; x_wconf 89' lang='lat' dir='ltr'><strong>est,</strong></span> <span class='ocrx_word' id='word_1_514' title='bbox 2757 931 2945 971; x_wconf 89' lang='lat' dir='ltr'><strong>rursus</strong></span> <span class='ocrx_word' id='word_1_515' title='bbox 2985 916 3294 980; x_wconf 90' lang='lat' dir='ltr'><strong>imminuat,</strong></span> <span class='ocrx_word' id='word_1_516' title='bbox 3331 924 3398 969; x_wconf 90' lang='lat' dir='ltr'><strong>nt</strong></span> <span class='ocrx_word' id='word_1_517' title='bbox 3428 930 3504 969; x_wconf 88' lang='lat' dir='ltr'><strong>ne</strong></span> <span class='ocrx_word' id='word_1_518' title='bbox 3533 914 3832 983; x_wconf 83' lang='lat' dir='ltr'><strong>perfectum</strong></span> 
     </span>
    </p>
   </div>
   <div class='ocr_carea' id='block_1_67' title="bbox 2198 1006 3833 1077">
    <p class='ocr_par' dir='ltr' id='par_1_67' title="bbox 2198 1006 3833 1077">
     <span class='ocr_line' id='line_1_67' title="bbox 2198 1006 3833 1077; baseline -0.001 -15"><span class='ocrx_word' id='word_1_519' title='bbox 2198 1006 2413 1077; x_wconf 92' lang='lat' dir='ltr'><strong>quidem</strong></span> <span class='ocrx_word' id='word_1_520' title='bbox 2453 1007 2752 1062; x_wconf 88' lang='lat' dir='ltr'><strong>adulterum</strong></span> <span class='ocrx_word' id='word_1_521' title='bbox 2793 1023 2917 1062; x_wconf 87' lang='lat' dir='ltr'><strong>eum</strong></span> <span class='ocrx_word' id='word_1_522' title='bbox 2960 1022 3082 1062; x_wconf 87' lang='lat' dir='ltr'><strong>esse</strong></span> <span class='ocrx_word' id='word_1_523' title='bbox 3125 1008 3463 1077; x_wconf 87' lang='lat' dir='ltr'><strong>permittat:</strong></span> <span class='ocrx_word' id='word_1_524' title='bbox 3498 1007 3634 1060; x_wconf 84' lang='lat' dir='ltr'><strong>audi</strong></span> <span class='ocrx_word' id='word_1_525' title='bbox 3677 1008 3833 1060; x_wconf 84' lang='lat' dir='ltr'><strong>verba</strong></span> 
     </span>
    </p>
   </div>
   <div class='ocr_carea' id='block_1_68' title="bbox 2200 1085 3892 1169">
    <p class='ocr_par' dir='ltr' id='par_1_68' title="bbox 2200 1085 3892 1169">
     <span class='ocr_line' id='line_1_68' title="bbox 2200 1085 3892 1169; baseline 0 -17"><span class='ocrx_word' id='word_1_526' title='bbox 2200 1097 2312 1168; x_wconf 91' lang='lat' dir='ltr'><strong>ipsa</strong></span> <span class='ocrx_word' id='word_1_527' title='bbox 2341 1112 2526 1153; x_wconf 89' lang='lat' dir='ltr'><strong>rursus</strong></span> <span class='ocrx_word' id='word_1_528' title='bbox 2553 1107 2774 1154; x_wconf 87' lang='lat' dir='ltr'><strong>attente.</strong></span> <span class='ocrx_word' id='word_1_529' title='bbox 2815 1098 2951 1164; x_wconf 85' lang='lat' dir='ltr'><strong>Die,</strong></span> <span class='ocrx_word' id='word_1_530' title='bbox 3003 1098 3204 1169; x_wconf 91' lang='lat' dir='ltr'><strong>inquit,</strong></span> <span class='ocrx_word' id='word_1_531' title='bbox 3259 1097 3446 1153; x_wconf 87' lang='lat' dir='ltr'><strong>Soror</strong></span> <span class='ocrx_word' id='word_1_532' title='bbox 3497 1097 3653 1153; x_wconf 73' lang='lat' dir='ltr'><strong>illius</strong></span> <span class='ocrx_word' id='word_1_533' title='bbox 3701 1114 3828 1152; x_wconf 75' lang='lat' dir='ltr'><strong>sum.</strong></span> <span class='ocrx_word' id='word_1_534' title='bbox 3865 1085 3892 1160; x_wconf 64' lang='grc' dir='ltr'><strong>’ξ</strong></span> 
     </span>
    </p>
   </div>
   <div class='ocr_carea' id='block_1_69' title="bbox 2198 1187 3828 1260">
    <p class='ocr_par' dir='ltr' id='par_1_69' title="bbox 2198 1187 3828 1260">
     <span class='ocr_line' id='line_1_69' title="bbox 2198 1187 3828 1260; baseline 0.002 -18"><span class='ocrx_word' id='word_1_535' title='bbox 2198 1187 2336 1256; x_wconf 84' lang='lat' dir='ltr'><strong>Quid</strong></span> <span class='ocrx_word' id='word_1_536' title='bbox 2365 1189 2471 1243; x_wconf 83' lang='lat' dir='ltr'><strong>ait?</strong></span> <span class='ocrx_word' id='word_1_537' title='bbox 2496 1188 2596 1256; x_wconf 89' lang='lat' dir='ltr'><strong>Qui</strong></span> <span class='ocrx_word' id='word_1_538' title='bbox 2617 1204 2860 1245; x_wconf 89' lang='lat' dir='ltr'><strong>sororem</strong></span> <span class='ocrx_word' id='word_1_539' title='bbox 2887 1190 3076 1259; x_wconf 87' lang='lat' dir='ltr'><strong>accipit</strong></span> <span class='ocrx_word' id='word_1_540' title='bbox 3097 1231 3110 1255; x_wconf 92' lang='lat'><strong>,</strong></span> <span class='ocrx_word' id='word_1_541' title='bbox 3139 1204 3245 1244; x_wconf 92' lang='lat' dir='ltr'><strong>non</strong></span> <span class='ocrx_word' id='word_1_542' title='bbox 3285 1189 3414 1260; x_wconf 90' lang='lat' dir='ltr'><strong>jam</strong></span> <span class='ocrx_word' id='word_1_543' title='bbox 3458 1190 3686 1245; x_wconf 85' lang='lat' dir='ltr'><strong>adulter</strong></span> <span class='ocrx_word' id='word_1_544' title='bbox 3715 1198 3828 1245; x_wconf 89' lang='lat' dir='ltr'><strong>est:</strong></span> 
     </span>
    </p>
   </div>
   <div class='ocr_carea' id='block_1_70' title="bbox 2198 1280 3829 1351">
    <p class='ocr_par' dir='ltr' id='par_1_70' title="bbox 2198 1280 3829 1351">
     <span class='ocr_line' id='line_1_70' title="bbox 2198 1280 3829 1351; baseline 0.002 -16"><span class='ocrx_word' id='word_1_545' title='bbox 2198 1280 2406 1335; x_wconf 87' lang='lat' dir='ltr'><strong>adulter</strong></span> <span class='ocrx_word' id='word_1_546' title='bbox 2454 1280 2596 1336; x_wconf 88' lang='lat' dir='ltr'><strong>enim</strong></span> <span class='ocrx_word' id='word_1_547' title='bbox 2644 1280 2712 1336; x_wconf 84' lang='lat' dir='ltr'><strong>ab</strong></span> <span class='ocrx_word' id='word_1_548' title='bbox 2755 1280 2919 1335; x_wconf 86' lang='lat' dir='ltr'><strong>animi</strong></span> <span class='ocrx_word' id='word_1_549' title='bbox 2968 1281 3242 1351; x_wconf 88' lang='lat' dir='ltr'><strong>proposito</strong></span> <span class='ocrx_word' id='word_1_550' title='bbox 3283 1280 3616 1350; x_wconf 87' lang='lat' dir='ltr'><strong>judicatur;</strong></span> <span class='ocrx_word' id='word_1_551' title='bbox 3669 1280 3829 1338; x_wconf 81' lang='lat' dir='ltr'><strong>Judas</strong></span> 
     </span>
    </p>
   </div>
   <div class='ocr_carea' id='block_1_71' title="bbox 2199 1372 3832 1444">
    <p class='ocr_par' dir='ltr' id='par_1_71' title="bbox 2199 1372 3832 1444">
     <span class='ocr_line' id='line_1_71' title="bbox 2199 1372 3832 1444; baseline -0.001 -16"><span class='ocrx_word' id='word_1_552' title='bbox 2199 1373 2394 1444; x_wconf 90' lang='lat' dir='ltr'><strong>quippe</strong></span> <span class='ocrx_word' id='word_1_553' title='bbox 2445 1389 2566 1428; x_wconf 92' lang='lat' dir='ltr'><strong>cum</strong></span> <span class='ocrx_word' id='word_1_554' title='bbox 2617 1374 2682 1428; x_wconf 90' lang='lat' dir='ltr'><strong>ad</strong></span> <span class='ocrx_word' id='word_1_555' title='bbox 2724 1389 2913 1429; x_wconf 90' lang='lat' dir='ltr'><strong>nurum</strong></span> <span class='ocrx_word' id='word_1_556' title='bbox 2945 1388 3095 1428; x_wconf 90' lang='lat' dir='ltr'><strong>suam</strong></span> <span class='ocrx_word' id='word_1_557' title='bbox 3124 1372 3371 1428; x_wconf 86' lang='lat' dir='ltr'><strong>Thamar</strong></span> <span class='ocrx_word' id='word_1_558' title='bbox 3405 1373 3794 1442; x_wconf 75' lang='lat' dir='ltr'><strong>ingrederetur</strong></span> <span class='ocrx_word' id='word_1_559' title='bbox 3819 1418 3832 1441; x_wconf 89' lang='lat'><strong>,</strong></span> 
     </span>
    </p>
   </div>
   <div class='ocr_carea' id='block_1_72' title="bbox 2201 1465 3828 1539">
    <p class='ocr_par' dir='ltr' id='par_1_72' title="bbox 2201 1465 3828 1539">
     <span class='ocr_line' id='line_1_72' title="bbox 2201 1465 3828 1539; baseline 0 -19"><span class='ocrx_word' id='word_1_560' title='bbox 2201 1481 2306 1521; x_wconf 92' lang='lat' dir='ltr'><strong>non</strong></span> <span class='ocrx_word' id='word_1_561' title='bbox 2353 1465 2563 1521; x_wconf 90' lang='lat' dir='ltr'><strong>adulter</strong></span> <span class='ocrx_word' id='word_1_562' title='bbox 2603 1465 2944 1536; x_wconf 84' lang='lat' dir='ltr'><strong>judicabatur</strong></span> <span class='ocrx_word' id='word_1_563' title='bbox 2993 1465 3155 1539; x_wconf 79' lang='lat' dir='ltr'><strong>(Gen.</strong></span> <span class='ocrx_word' id='word_1_564' title='bbox 3203 1467 3295 1522; x_wconf 80' lang='lat'><strong>58.</strong></span> <span class='ocrx_word' id='word_1_565' title='bbox 3350 1467 3468 1539; x_wconf 74' lang='grc'><strong>15)</strong></span> <span class='ocrx_word' id='word_1_566' title='bbox 3501 1485 3517 1522; x_wconf 91' lang='lat'><strong>:</strong></span> <span class='ocrx_word' id='word_1_567' title='bbox 3545 1483 3656 1521; x_wconf 85' lang='lat' dir='ltr'><strong>non</strong></span> <span class='ocrx_word' id='word_1_568' title='bbox 3687 1468 3828 1521; x_wconf 87' lang='lat' dir='ltr'><strong>enim</strong></span> 
     </span>
    </p>
   </div>
   <div class='ocr_carea' id='block_1_73' title="bbox 2200 1559 3825 1632">
    <p class='ocr_par' dir='ltr' id='par_1_73' title="bbox 2200 1559 3825 1632">
     <span class='ocr_line' id='line_1_73' title="bbox 2200 1559 3825 1632; baseline 0.001 -19"><span class='ocrx_word' id='word_1_569' title='bbox 2200 1567 2470 1628; x_wconf 87' lang='lat' dir='ltr'><strong>tamquam</strong></span> <span class='ocrx_word' id='word_1_570' title='bbox 2499 1559 2566 1616; x_wconf 90' lang='lat' dir='ltr'><strong>ad</strong></span> <span class='ocrx_word' id='word_1_571' title='bbox 2591 1576 2782 1615; x_wconf 91' lang='lat' dir='ltr'><strong>nurum</strong></span> <span class='ocrx_word' id='word_1_572' title='bbox 2803 1603 2818 1628; x_wconf 92' lang='lat'><strong>,</strong></span> <span class='ocrx_word' id='word_1_573' title='bbox 2854 1560 2948 1616; x_wconf 87' lang='lat' dir='ltr'><strong>sed</strong></span> <span class='ocrx_word' id='word_1_574' title='bbox 2979 1570 3246 1632; x_wconf 88' lang='lat' dir='ltr'><strong>tamquam</strong></span> <span class='ocrx_word' id='word_1_575' title='bbox 3274 1560 3350 1617; x_wconf 89' lang='lat' dir='ltr'><strong>ad</strong></span> <span class='ocrx_word' id='word_1_576' title='bbox 3385 1561 3683 1617; x_wconf 87' lang='lat' dir='ltr'><strong>mulierem</strong></span> <span class='ocrx_word' id='word_1_577' title='bbox 3714 1577 3825 1616; x_wconf 84' lang='lat' dir='ltr'><strong>me-</strong></span> 
     </span>
    </p>
   </div>
   <div class='ocr_carea' id='block_1_74' title="bbox 2200 1650 3822 1724">
    <p class='ocr_par' dir='ltr' id='par_1_74' title="bbox 2200 1650 3822 1724">
     <span class='ocr_line' id='line_1_74' title="bbox 2200 1650 3822 1724; baseline 0.002 -19"><span class='ocrx_word' id='word_1_578' title='bbox 2200 1650 2448 1705; x_wconf 88' lang='lat' dir='ltr'><strong>retricem</strong></span> <span class='ocrx_word' id='word_1_579' title='bbox 2475 1651 2890 1722; x_wconf 87' lang='lat' dir='ltr'><strong>ingrediebatur.</strong></span> <span class='ocrx_word' id='word_1_580' title='bbox 2918 1652 3007 1708; x_wconf 89' lang='lat' dir='ltr'><strong>Sic</strong></span> <span class='ocrx_word' id='word_1_581' title='bbox 3029 1653 3189 1708; x_wconf 88' lang='lat' dir='ltr'><strong>etiam</strong></span> <span class='ocrx_word' id='word_1_582' title='bbox 3214 1651 3322 1708; x_wconf 90' lang='lat' dir='ltr'><strong>hoc</strong></span> <span class='ocrx_word' id='word_1_583' title='bbox 3349 1652 3482 1708; x_wconf 87' lang='lat' dir='ltr'><strong>loco</strong></span> <span class='ocrx_word' id='word_1_584' title='bbox 3511 1653 3822 1724; x_wconf 67' lang='lat' dir='ltr'><strong>Egyptius,</strong></span> 
     </span>
    </p>
   </div>
   <div class='ocr_carea' id='block_1_75' title="bbox 2201 1742 3821 1814">
    <p class='ocr_par' dir='ltr' id='par_1_75' title="bbox 2201 1742 3821 1814">
     <span class='ocr_line' id='line_1_75' title="bbox 2201 1742 3821 1814; baseline 0.001 -18"><span class='ocrx_word' id='word_1_585' title='bbox 2201 1742 2292 1810; x_wconf 90' lang='lat' dir='ltr'><strong>qui</strong></span> <span class='ocrx_word' id='word_1_586' title='bbox 2321 1758 2438 1798; x_wconf 89' lang='lat' dir='ltr'><strong>eam</strong></span> <span class='ocrx_word' id='word_1_587' title='bbox 2466 1751 2582 1798; x_wconf 89' lang='lat' dir='ltr'><strong>erat</strong></span> <span class='ocrx_word' id='word_1_588' title='bbox 2608 1754 2924 1814; x_wconf 88' lang='lat' dir='ltr'><strong>accepturus</strong></span> <span class='ocrx_word' id='word_1_589' title='bbox 2943 1783 2960 1811; x_wconf 90' lang='lat'><strong>,</strong></span> <span class='ocrx_word' id='word_1_590' title='bbox 3015 1760 3120 1800; x_wconf 92' lang='lat' dir='ltr'><strong>non</strong></span> <span class='ocrx_word' id='word_1_591' title='bbox 3150 1753 3208 1799; x_wconf 89' lang='lat' dir='ltr'><strong>ut</strong></span> <span class='ocrx_word' id='word_1_592' title='bbox 3228 1759 3472 1800; x_wconf 79' lang='lat' dir='ltr'><strong>uxorem</strong></span> <span class='ocrx_word' id='word_1_593' title='bbox 3508 1745 3821 1812; x_wconf 87' lang='lat' dir='ltr'><strong>Abraham,</strong></span> 
     </span>
    </p>
   </div>
   <div class='ocr_carea' id='block_1_76' title="bbox 2199 1833 3820 1906">
    <p class='ocr_par' dir='ltr' id='par_1_76' title="bbox 2199 1833 3820 1906">
     <span class='ocr_line' id='line_1_76' title="bbox 2199 1833 3820 1906; baseline 0.001 -18"><span class='ocrx_word' id='word_1_594' title='bbox 2199 1833 2295 1888; x_wconf 90' lang='lat' dir='ltr'><strong>sed</strong></span> <span class='ocrx_word' id='word_1_595' title='bbox 2343 1845 2398 1889; x_wconf 90' lang='lat' dir='ltr'><strong>ut</strong></span> <span class='ocrx_word' id='word_1_596' title='bbox 2445 1849 2722 1903; x_wconf 88' lang='lat' dir='ltr'><strong>sororem,</strong></span> <span class='ocrx_word' id='word_1_597' title='bbox 2762 1834 3083 1906; x_wconf 88' lang='lat' dir='ltr'><strong>judicandus</strong></span> <span class='ocrx_word' id='word_1_598' title='bbox 3124 1836 3340 1892; x_wconf 90' lang='lat' dir='ltr'><strong>adulter</strong></span> <span class='ocrx_word' id='word_1_599' title='bbox 3393 1853 3510 1892; x_wconf 91' lang='lat' dir='ltr'><strong>non</strong></span> <span class='ocrx_word' id='word_1_600' title='bbox 3541 1845 3682 1892; x_wconf 89' lang='lat' dir='ltr'><strong>erat.</strong></span> <span class='ocrx_word' id='word_1_601' title='bbox 3722 1837 3820 1893; x_wconf 82' lang='lat' dir='ltr'><strong>Sed</strong></span> 
     </span>
    </p>
   </div>
   <div class='ocr_carea' id='block_1_77' title="bbox 2199 1926 3820 2001">
    <p class='ocr_par' dir='ltr' id='par_1_77' title="bbox 2199 1926 3820 2001">
     <span class='ocr_line' id='line_1_77' title="bbox 2199 1926 3820 2001; baseline 0.002 -20"><span class='ocrx_word' id='word_1_602' title='bbox 2199 1927 2325 1998; x_wconf 91' lang='lat' dir='ltr'><strong>quid</strong></span> <span class='ocrx_word' id='word_1_603' title='bbox 2353 1926 2455 1984; x_wconf 93' lang='lat' dir='ltr'><strong>hoc</strong></span> <span class='ocrx_word' id='word_1_604' title='bbox 2478 1927 2544 1984; x_wconf 90' lang='lat' dir='ltr'><strong>ad</strong></span> <span class='ocrx_word' id='word_1_605' title='bbox 2574 1929 2842 1983; x_wconf 85' lang='lat' dir='ltr'><strong>Abraham</strong></span> <span class='ocrx_word' id='word_1_606' title='bbox 2864 1971 2880 1997; x_wconf 92' lang='lat'><strong>,</strong></span> <span class='ocrx_word' id='word_1_607' title='bbox 2911 1929 3053 1984; x_wconf 88' lang='lat' dir='ltr'><strong>dicet</strong></span> <span class='ocrx_word' id='word_1_608' title='bbox 3090 1928 3322 2000; x_wconf 89' lang='lat' dir='ltr'><strong>aliquis,</strong></span> <span class='ocrx_word' id='word_1_609' title='bbox 3367 1930 3467 2000; x_wconf 89' lang='lat' dir='ltr'><strong>qui</strong></span> <span class='ocrx_word' id='word_1_610' title='bbox 3511 1931 3686 2001; x_wconf 87' lang='lat' dir='ltr'><strong>probe</strong></span> <span class='ocrx_word' id='word_1_611' title='bbox 3730 1946 3820 1984; x_wconf 90' lang='lat' dir='ltr'><strong>no-</strong></span> 
     </span>
    </p>
   </div>
   <div class='ocr_carea' id='block_1_78' title="bbox 2198 2021 3820 2092">
    <p class='ocr_par' dir='ltr' id='par_1_78' title="bbox 2198 2021 3820 2092">
     <span class='ocr_line' id='line_1_78' title="bbox 2198 2021 3820 2092; baseline 0.001 -19"><span class='ocrx_word' id='word_1_612' title='bbox 2198 2029 2345 2076; x_wconf 88' lang='lat' dir='ltr'><strong>verat</strong></span> <span class='ocrx_word' id='word_1_613' title='bbox 2375 2035 2437 2076; x_wconf 88' lang='lat' dir='ltr'><strong>se</strong></span> <span class='ocrx_word' id='word_1_614' title='bbox 2461 2021 2742 2092; x_wconf 84' lang='lat' dir='ltr'><strong>conjugem</strong></span> <span class='ocrx_word' id='word_1_615' title='bbox 2781 2036 2932 2076; x_wconf 83' lang='lat' dir='ltr'><strong>suam</strong></span> <span class='ocrx_word' id='word_1_616' title='bbox 2963 2030 3016 2077; x_wconf 92' lang='lat' dir='ltr'><strong>et</strong></span> <span class='ocrx_word' id='word_1_617' title='bbox 3046 2037 3151 2076; x_wconf 91' lang='lat' dir='ltr'><strong>non</strong></span> <span class='ocrx_word' id='word_1_618' title='bbox 3202 2037 3463 2078; x_wconf 90' lang='lat' dir='ltr'><strong>sororem</strong></span> <span class='ocrx_word' id='word_1_619' title='bbox 3513 2026 3820 2092; x_wconf 84' lang='lat' dir='ltr'><strong>exponere?</strong></span> 
     </span>
    </p>
   </div>
   <div class='ocr_carea' id='block_1_79' title="bbox 2196 2111 3816 2184">
    <p class='ocr_par' dir='ltr' id='par_1_79' title="bbox 2196 2111 3816 2184">
     <span class='ocr_line' id='line_1_79' title="bbox 2196 2111 3816 2184; baseline 0.002 -17"><span class='ocrx_word' id='word_1_620' title='bbox 2196 2111 2357 2183; x_wconf 80' lang='lat' dir='ltr'><strong>Atqui</strong></span> <span class='ocrx_word' id='word_1_621' title='bbox 2386 2126 2455 2168; x_wconf 91' lang='lat' dir='ltr'><strong>ne</strong></span> <span class='ocrx_word' id='word_1_622' title='bbox 2478 2113 2581 2168; x_wconf 90' lang='lat' dir='ltr'><strong>hoc</strong></span> <span class='ocrx_word' id='word_1_623' title='bbox 2606 2113 2818 2184; x_wconf 89' lang='lat' dir='ltr'><strong>quidem</strong></span> <span class='ocrx_word' id='word_1_624' title='bbox 2845 2113 2998 2169; x_wconf 88' lang='lat' dir='ltr'><strong>istius</strong></span> <span class='ocrx_word' id='word_1_625' title='bbox 3022 2122 3105 2170; x_wconf 85' lang='lat' dir='ltr'><strong>est</strong></span> <span class='ocrx_word' id='word_1_626' title='bbox 3131 2115 3365 2170; x_wconf 90' lang='lat' dir='ltr'><strong>crimen.</strong></span> <span class='ocrx_word' id='word_1_627' title='bbox 3395 2115 3456 2172; x_wconf 92' lang='lat' dir='ltr'><strong>Si</strong></span> <span class='ocrx_word' id='word_1_628' title='bbox 3486 2117 3636 2172; x_wconf 89' lang='lat' dir='ltr'><strong>enim</strong></span> <span class='ocrx_word' id='word_1_629' title='bbox 3657 2157 3674 2182; x_wconf 92' lang='lat'><strong>,</strong></span> <span class='ocrx_word' id='word_1_630' title='bbox 3701 2131 3816 2170; x_wconf 89' lang='lat' dir='ltr'><strong>cum</strong></span> 
     </span>
    </p>
   </div>
   <div class='ocr_carea' id='block_1_80' title="bbox 2199 2203 3814 2278">
    <p class='ocr_par' dir='ltr' id='par_1_80' title="bbox 2199 2203 3814 2278">
     <span class='ocr_line' id='line_1_80' title="bbox 2199 2203 3814 2278; baseline 0.002 -20"><span class='ocrx_word' id='word_1_631' title='bbox 2199 2218 2418 2260; x_wconf 88' lang='lat' dir='ltr'><strong>uxorem</strong></span> <span class='ocrx_word' id='word_1_632' title='bbox 2459 2203 2578 2274; x_wconf 88' lang='lat' dir='ltr'><strong>ejus</strong></span> <span class='ocrx_word' id='word_1_633' title='bbox 2631 2219 2754 2260; x_wconf 88' lang='lat' dir='ltr'><strong>esse</strong></span> <span class='ocrx_word' id='word_1_634' title='bbox 2794 2205 3120 2273; x_wconf 86' lang='lat' dir='ltr'><strong>audivisset,</strong></span> <span class='ocrx_word' id='word_1_635' title='bbox 3164 2206 3267 2261; x_wconf 92' lang='lat' dir='ltr'><strong>sibi</strong></span> <span class='ocrx_word' id='word_1_636' title='bbox 3324 2216 3739 2278; x_wconf 86' lang='lat' dir='ltr'><strong>temperaturus</strong></span> <span class='ocrx_word' id='word_1_637' title='bbox 3787 2225 3814 2262; x_wconf 89' lang='lat' dir='ltr'><strong>a</strong></span> 
     </span>
    </p>
   </div>
   <div class='ocr_carea' id='block_1_81' title="bbox 2197 2298 3812 2370">
    <p class='ocr_par' dir='ltr' id='par_1_81' title="bbox 2197 2298 3812 2370">
     <span class='ocr_line' id='line_1_81' title="bbox 2197 2298 3812 2370; baseline 0.002 -17"><span class='ocrx_word' id='word_1_638' title='bbox 2197 2306 2384 2368; x_wconf 91' lang='lat' dir='ltr'><strong>stupro</strong></span> <span class='ocrx_word' id='word_1_639' title='bbox 2429 2298 2648 2368; x_wconf 89' lang='lat' dir='ltr'><strong>fuisset,</strong></span> <span class='ocrx_word' id='word_1_640' title='bbox 2676 2311 2819 2356; x_wconf 88' lang='lat' dir='ltr'><strong>recte</strong></span> <span class='ocrx_word' id='word_1_641' title='bbox 2839 2300 3042 2370; x_wconf 90' lang='lat' dir='ltr'><strong>justum</strong></span> <span class='ocrx_word' id='word_1_642' title='bbox 3069 2301 3483 2368; x_wconf 86' lang='lat' dir='ltr'><strong>criminareris;</strong></span> <span class='ocrx_word' id='word_1_643' title='bbox 3529 2303 3614 2358; x_wconf 89' lang='lat' dir='ltr'><strong>sin</strong></span> <span class='ocrx_word' id='word_1_644' title='bbox 3641 2310 3812 2357; x_wconf 86' lang='lat' dir='ltr'><strong>autem</strong></span> 
     </span>
    </p>
   </div>
   <div class='ocr_carea' id='block_1_82' title="bbox 2198 2390 3809 2460">
    <p class='ocr_par' dir='ltr' id='par_1_82' title="bbox 2198 2390 3809 2460">
     <span class='ocr_line' id='line_1_82' title="bbox 2198 2390 3809 2460; baseline 0 -14"><span class='ocrx_word' id='word_1_645' title='bbox 2198 2390 2348 2446; x_wconf 70' lang='lat' dir='ltr'><strong>Sara:</strong></span> <span class='ocrx_word' id='word_1_646' title='bbox 2396 2392 2529 2447; x_wconf 91' lang='lat' dir='ltr'><strong>nihil</strong></span> <span class='ocrx_word' id='word_1_647' title='bbox 2557 2393 2822 2448; x_wconf 90' lang='lat' dir='ltr'><strong>commodi</strong></span> <span class='ocrx_word' id='word_1_648' title='bbox 2853 2394 3036 2448; x_wconf 81' lang='lat' dir='ltr'><strong>uxoris</strong></span> <span class='ocrx_word' id='word_1_649' title='bbox 3077 2408 3272 2450; x_wconf 90' lang='lat' dir='ltr'><strong>nomen</strong></span> <span class='ocrx_word' id='word_1_650' title='bbox 3322 2404 3447 2451; x_wconf 89' lang='lat' dir='ltr'><strong>erat</strong></span> <span class='ocrx_word' id='word_1_651' title='bbox 3490 2395 3809 2460; x_wconf 91' lang='lat' dir='ltr'><strong>allaturum,</strong></span> 
     </span>
    </p>
   </div>
   <div class='ocr_carea' id='block_1_83' title="bbox 2199 2486 3808 2559">
    <p class='ocr_par' dir='ltr' id='par_1_83' title="bbox 2199 2486 3808 2559">
     <span class='ocr_line' id='line_1_83' title="bbox 2199 2486 3808 2559; baseline 0 -19"><span class='ocrx_word' id='word_1_652' title='bbox 2199 2494 2256 2541; x_wconf 90' lang='lat' dir='ltr'><strong>ut</strong></span> <span class='ocrx_word' id='word_1_653' title='bbox 2297 2494 2540 2557; x_wconf 87' lang='lat' dir='ltr'><strong>stuprum</strong></span> <span class='ocrx_word' id='word_1_654' title='bbox 2576 2501 2605 2540; x_wconf 93' lang='lat' dir='ltr'><strong>a</strong></span> <span class='ocrx_word' id='word_1_655' title='bbox 2645 2501 2704 2542; x_wconf 89' lang='lat' dir='ltr'><strong>se</strong></span> <span class='ocrx_word' id='word_1_656' title='bbox 2731 2486 3045 2558; x_wconf 85' lang='lat' dir='ltr'><strong>depelleret,</strong></span> <span class='ocrx_word' id='word_1_657' title='bbox 3079 2497 3235 2557; x_wconf 92' lang='lat' dir='ltr'><strong>prout</strong></span> <span class='ocrx_word' id='word_1_658' title='bbox 3263 2487 3383 2558; x_wconf 89' lang='lat' dir='ltr'><strong>ipse</strong></span> <span class='ocrx_word' id='word_1_659' title='bbox 3411 2503 3636 2559; x_wconf 91' lang='lat' dir='ltr'><strong>quoque</strong></span> <span class='ocrx_word' id='word_1_660' title='bbox 3663 2487 3808 2554; x_wconf 87' lang='lat' dir='ltr'><strong>dixit,</strong></span> 
     </span>
    </p>
   </div>
   <div class='ocr_carea' id='block_1_84' title="bbox 2197 2575 3811 2647">
    <p class='ocr_par' dir='ltr' id='par_1_84' title="bbox 2197 2575 3811 2647">
     <span class='ocr_line' id='line_1_84' title="bbox 2197 2575 3811 2647; baseline -0.001 -15"><span class='ocrx_word' id='word_1_661' title='bbox 2197 2577 2414 2645; x_wconf 85' lang='lat' dir='ltr'><strong>Dicent,</strong></span> <span class='ocrx_word' id='word_1_662' title='bbox 2465 2575 2609 2634; x_wconf 71' lang='lat' dir='ltr'><strong>Uxor</strong></span> <span class='ocrx_word' id='word_1_663' title='bbox 2661 2579 2770 2647; x_wconf 76' lang='lat' dir='ltr'><strong>ejus</strong></span> <span class='ocrx_word' id='word_1_664' title='bbox 2803 2591 2876 2634; x_wconf 75' lang='lat' dir='ltr'><strong>est</strong></span> <span class='ocrx_word' id='word_1_665' title='bbox 2927 2579 3054 2646; x_wconf 69' lang='lat' dir='ltr'><strong>haec,</strong></span> <span class='ocrx_word' id='word_1_666' title='bbox 3105 2589 3152 2635; x_wconf 90' lang='lat' dir='ltr'><strong>et</strong></span> <span class='ocrx_word' id='word_1_667' title='bbox 3201 2581 3484 2634; x_wconf 73' lang='lat' dir='ltr'><strong>servabunt</strong></span> <span class='ocrx_word' id='word_1_668' title='bbox 3530 2589 3580 2634; x_wconf 89' lang='lat' dir='ltr'><strong>te</strong></span> <span class='ocrx_word' id='word_1_669' title='bbox 3609 2579 3811 2633; x_wconf 89' lang='lat' dir='ltr'><strong>:multo</strong></span> 
     </span>
    </p>
   </div>
   <div class='ocr_carea' id='block_1_85' title="bbox 2197 2672 3806 2743">
    <p class='ocr_par' dir='ltr' id='par_1_85' title="bbox 2197 2672 3806 2743">
     <span class='ocr_line' id='line_1_85' title="bbox 2197 2672 3806 2743; baseline -0.003 -16"><span class='ocrx_word' id='word_1_670' title='bbox 2197 2672 2403 2743; x_wconf 72' lang='lat' dir='ltr'><strong>:equius</strong></span> <span class='ocrx_word' id='word_1_671' title='bbox 2425 2680 2542 2738; x_wconf 89' lang='lat' dir='ltr'><strong>est,</strong></span> <span class='ocrx_word' id='word_1_672' title='bbox 2575 2681 2633 2726; x_wconf 91' lang='lat' dir='ltr'><strong>ut</strong></span> <span class='ocrx_word' id='word_1_673' title='bbox 2646 2673 2849 2742; x_wconf 84' lang='lat' dir='ltr'><strong>justum</strong></span> <span class='ocrx_word' id='word_1_674' title='bbox 2891 2672 3200 2739; x_wconf 89' lang='lat' dir='ltr'><strong>laudemus,</strong></span> <span class='ocrx_word' id='word_1_675' title='bbox 3230 2673 3323 2743; x_wconf 91' lang='lat' dir='ltr'><strong>qui</strong></span> <span class='ocrx_word' id='word_1_676' title='bbox 3367 2673 3422 2728; x_wconf 92' lang='lat' dir='ltr'><strong>in</strong></span> <span class='ocrx_word' id='word_1_677' title='bbox 3455 2681 3604 2726; x_wconf 89' lang='lat' dir='ltr'><strong>tanta</strong></span> <span class='ocrx_word' id='word_1_678' title='bbox 3637 2685 3806 2726; x_wconf 86' lang='lat' dir='ltr'><strong>rerum</strong></span> 
     </span>
    </p>
   </div>
   <div class='ocr_carea' id='block_1_86' title="bbox 2197 2763 3807 2836">
    <p class='ocr_par' dir='ltr' id='par_1_86' title="bbox 2197 2763 3807 2836">
     <span class='ocr_line' id='line_1_86' title="bbox 2197 2763 3807 2836; baseline -0.004 -15"><span class='ocrx_word' id='word_1_679' title='bbox 2197 2763 2514 2821; x_wconf 83' lang='lat' dir='ltr'><strong>difficultate</strong></span> <span class='ocrx_word' id='word_1_680' title='bbox 2565 2765 2802 2835; x_wconf 90' lang='lat' dir='ltr'><strong>potuerit</strong></span> <span class='ocrx_word' id='word_1_681' title='bbox 2839 2774 2893 2820; x_wconf 86' lang='lat' dir='ltr'><strong>et</strong></span> <span class='ocrx_word' id='word_1_682' title='bbox 2933 2764 3242 2836; x_wconf 71' lang='lat' dir='ltr'><strong>.Egyptium</strong></span> <span class='ocrx_word' id='word_1_683' title='bbox 3275 2779 3478 2834; x_wconf 90' lang='lat' dir='ltr'><strong>purum</strong></span> <span class='ocrx_word' id='word_1_684' title='bbox 3503 2779 3534 2818; x_wconf 90' lang='lat' dir='ltr'><strong>a</strong></span> <span class='ocrx_word' id='word_1_685' title='bbox 3556 2763 3807 2831; x_wconf 85' lang='lat' dir='ltr'><strong>sanguine</strong></span> 
     </span>
    </p>
   </div>
   <div class='ocr_carea' id='block_1_87' title="bbox 2198 2853 3802 2928">
    <p class='ocr_par' dir='ltr' id='par_1_87' title="bbox 2198 2853 3802 2928">
     <span class='ocr_line' id='line_1_87' title="bbox 2198 2853 3802 2928; baseline -0.004 -16"><span class='ocrx_word' id='word_1_686' title='bbox 2198 2871 2552 2924; x_wconf 86' lang='lat' dir='ltr'><strong>conservare,</strong></span> <span class='ocrx_word' id='word_1_687' title='bbox 2604 2865 2658 2913; x_wconf 88' lang='lat' dir='ltr'><strong>et</strong></span> <span class='ocrx_word' id='word_1_688' title='bbox 2705 2867 2962 2928; x_wconf 90' lang='lat' dir='ltr'><strong>quantum</strong></span> <span class='ocrx_word' id='word_1_689' title='bbox 3001 2856 3055 2912; x_wconf 93' lang='lat' dir='ltr'><strong>in</strong></span> <span class='ocrx_word' id='word_1_690' title='bbox 3084 2870 3144 2912; x_wconf 89' lang='lat' dir='ltr'><strong>se</strong></span> <span class='ocrx_word' id='word_1_691' title='bbox 3179 2857 3345 2912; x_wconf 90' lang='lat' dir='ltr'><strong>situm</strong></span> <span class='ocrx_word' id='word_1_692' title='bbox 3375 2865 3538 2923; x_wconf 90' lang='lat' dir='ltr'><strong>erat,</strong></span> <span class='ocrx_word' id='word_1_693' title='bbox 3565 2853 3802 2910; x_wconf 87' lang='lat' dir='ltr'><strong>adulterii</strong></span> 
     </span>
    </p>
   </div>
   <div class='ocr_carea' id='block_1_88' title="bbox 2199 2950 2688 3006">
    <p class='ocr_par' dir='ltr' id='par_1_88' title="bbox 2199 2950 2688 3006">
     <span class='ocr_line' id='line_1_88' title="bbox 2199 2950 2688 3006; baseline -0.008 0"><span class='ocrx_word' id='word_1_694' title='bbox 2199 2950 2402 3006; x_wconf 89' lang='lat' dir='ltr'><strong>crimen</strong></span> <span class='ocrx_word' id='word_1_695' title='bbox 2428 2952 2688 3006; x_wconf 87' lang='lat' dir='ltr'><strong>minuere.</strong></span> 
     </span>
    </p>
   </div>
   <div class='ocr_carea' id='block_1_89' title="bbox 2269 3040 3800 3117">
    <p class='ocr_par' dir='ltr' id='par_1_89' title="bbox 2269 3040 3800 3117">
     <span class='ocr_line' id='line_1_89' title="bbox 2269 3040 3800 3117; baseline -0.005 -19"><span class='ocrx_word' id='word_1_696' title='bbox 2269 3043 2478 3117; x_wconf 86' lang='lat' dir='ltr'><strong>Duplici</strong></span> <span class='ocrx_word' id='word_1_697' title='bbox 2512 3041 2743 3114; x_wconf 68' lang='lat' dir='ltr'><strong>exemplo</strong></span> <span class='ocrx_word' id='word_1_698' title='bbox 2764 3041 2945 3097; x_wconf 80' lang='lat' dir='ltr'><strong>Jacobi</strong></span> <span class='ocrx_word' id='word_1_699' title='bbox 2967 3050 3019 3096; x_wconf 86' lang='lat' dir='ltr'><strong>et</strong></span> <span class='ocrx_word' id='word_1_700' title='bbox 3066 3040 3234 3097; x_wconf 71' lang='lat' dir='ltr'><strong>Melite</strong></span> <span class='ocrx_word' id='word_1_701' title='bbox 3265 3041 3457 3113; x_wconf 83' lang='lat' dir='ltr'><strong>probat</strong></span> <span class='ocrx_word' id='word_1_702' title='bbox 3496 3049 3684 3096; x_wconf 80' lang='lat' dir='ltr'><strong>veteres</strong></span> <span class='ocrx_word' id='word_1_703' title='bbox 3706 3053 3800 3090; x_wconf 87' lang='lat' dir='ltr'><strong>me-</strong></span> 
     </span>
    </p>
   </div>
   <div class='ocr_carea' id='block_1_90' title="bbox 2197 3129 3801 3204">
    <p class='ocr_par' dir='ltr' id='par_1_90' title="bbox 2197 3129 3801 3204">
     <span class='ocr_line' id='line_1_90' title="bbox 2197 3129 3801 3204; baseline -0.005 -14"><span class='ocrx_word' id='word_1_704' title='bbox 2197 3135 2348 3203; x_wconf 71' lang='lat' dir='ltr'><strong>tuisse</strong></span> <span class='ocrx_word' id='word_1_705' title='bbox 2390 3134 2925 3191; x_wconf 68' lang='lat' dir='ltr'><strong>mortem—Restat</strong></span> <span class='ocrx_word' id='word_1_706' title='bbox 2969 3141 3029 3188; x_wconf 90' lang='lat' dir='ltr'><strong>ut</strong></span> <span class='ocrx_word' id='word_1_707' title='bbox 3079 3132 3147 3188; x_wconf 92' lang='lat' dir='ltr'><strong>ad</strong></span> <span class='ocrx_word' id='word_1_708' title='bbox 3187 3133 3304 3203; x_wconf 87' lang='lat' dir='ltr'><strong>ejus</strong></span> <span class='ocrx_word' id='word_1_709' title='bbox 3349 3141 3610 3204; x_wconf 90' lang='lat' dir='ltr'><strong>nepotem</strong></span> <span class='ocrx_word' id='word_1_710' title='bbox 3647 3129 3801 3185; x_wconf 84' lang='lat' dir='ltr'><strong>Jacob</strong></span> 
     </span>
    </p>
   </div>
   <div class='ocr_carea' id='block_1_91' title="bbox 2196 3226 3796 3298">
    <p class='ocr_par' dir='ltr' id='par_1_91' title="bbox 2196 3226 3796 3298">
     <span class='ocr_line' id='line_1_91' title="bbox 2196 3226 3796 3298; baseline -0.004 -15"><span class='ocrx_word' id='word_1_711' title='bbox 2196 3228 2494 3283; x_wconf 86' lang='lat' dir='ltr'><strong>orationem</strong></span> <span class='ocrx_word' id='word_1_712' title='bbox 2533 3227 2872 3282; x_wconf 91' lang='lat' dir='ltr'><strong>traducamus</strong></span> <span class='ocrx_word' id='word_1_713' title='bbox 2893 3267 2908 3293; x_wconf 92' lang='lat'><strong>,</strong></span> <span class='ocrx_word' id='word_1_714' title='bbox 2951 3235 3010 3282; x_wconf 88' lang='lat' dir='ltr'><strong>ut</strong></span> <span class='ocrx_word' id='word_1_715' title='bbox 3038 3226 3184 3281; x_wconf 92' lang='lat' dir='ltr'><strong>illum</strong></span> <span class='ocrx_word' id='word_1_716' title='bbox 3215 3242 3438 3298; x_wconf 88' lang='lat' dir='ltr'><strong>quoque</strong></span> <span class='ocrx_word' id='word_1_717' title='bbox 3474 3241 3662 3281; x_wconf 89' lang='lat' dir='ltr'><strong>necem</strong></span> <span class='ocrx_word' id='word_1_718' title='bbox 3689 3239 3796 3277; x_wconf 87' lang='lat' dir='ltr'><strong>me-</strong></span> 
     </span>
    </p>
   </div>
   <div class='ocr_carea' id='block_1_92' title="bbox 2199 3317 3796 3390">
    <p class='ocr_par' dir='ltr' id='par_1_92' title="bbox 2199 3317 3796 3390">
     <span class='ocr_line' id='line_1_92' title="bbox 2199 3317 3796 3390; baseline -0.007 -15"><span class='ocrx_word' id='word_1_719' title='bbox 2199 3329 2436 3376; x_wconf 88' lang='lat' dir='ltr'><strong>tuentem</strong></span> <span class='ocrx_word' id='word_1_720' title='bbox 2465 3333 2528 3375; x_wconf 91' lang='lat' dir='ltr'><strong>ac</strong></span> <span class='ocrx_word' id='word_1_721' title='bbox 2558 3327 2876 3376; x_wconf 89' lang='lat' dir='ltr'><strong>trementem</strong></span> <span class='ocrx_word' id='word_1_722' title='bbox 2904 3319 3085 3378; x_wconf 75' lang='lat' dir='ltr'><strong>videas</strong></span> <span class='ocrx_word' id='word_1_723' title='bbox 3107 3318 3384 3373; x_wconf 90' lang='lat' dir='ltr'><strong>hominem</strong></span> <span class='ocrx_word' id='word_1_724' title='bbox 3408 3360 3423 3384; x_wconf 93' lang='lat'><strong>,</strong></span> <span class='ocrx_word' id='word_1_725' title='bbox 3456 3319 3547 3390; x_wconf 91' lang='lat' dir='ltr'><strong>qui</strong></span> <span class='ocrx_word' id='word_1_726' title='bbox 3581 3333 3608 3370; x_wconf 86' lang='lat' dir='ltr'><strong>a</strong></span> <span class='ocrx_word' id='word_1_727' title='bbox 3638 3317 3796 3386; x_wconf 84' lang='lat' dir='ltr'><strong>prima</strong></span> 
     </span>
    </p>
   </div>
   <div class='ocr_carea' id='block_1_93' title="bbox 2193 3408 3794 3495">
    <p class='ocr_par' dir='ltr' id='par_1_93' title="bbox 2193 3408 3794 3495">
     <span class='ocr_line' id='line_1_93' title="bbox 2193 3408 3794 3495; baseline -0.005 -29"><span class='ocrx_word' id='word_1_728' title='bbox 2193 3411 2488 3495; x_wconf 41' lang='lat' dir='ltr'><strong>jamgetate</strong></span> <span class='ocrx_word' id='word_1_729' title='bbox 2513 3410 2911 3482; x_wconf 89' lang='lat' dir='ltr'><strong>philosophiam</strong></span> <span class='ocrx_word' id='word_1_730' title='bbox 2950 3410 3297 3480; x_wconf 86' lang='lat' dir='ltr'><strong>apostolicam</strong></span> <span class='ocrx_word' id='word_1_731' title='bbox 3328 3426 3444 3480; x_wconf 84' lang='lat' dir='ltr'><strong>prae</strong></span> <span class='ocrx_word' id='word_1_732' title='bbox 3489 3424 3552 3464; x_wconf 85' lang='lat' dir='ltr'><strong>se</strong></span> <span class='ocrx_word' id='word_1_733' title='bbox 3592 3408 3794 3462; x_wconf 82' lang='lat' dir='ltr'><strong>tulerat.</strong></span> 
     </span>
    </p>
   </div>
   <div class='ocr_carea' id='block_1_94' title="bbox 2198 3499 3795 3574">
    <p class='ocr_par' dir='ltr' id='par_1_94' title="bbox 2198 3499 3795 3574">
     <span class='ocr_line' id='line_1_94' title="bbox 2198 3499 3795 3574; baseline -0.001 -14"><span class='ocrx_word' id='word_1_734' title='bbox 2198 3503 2392 3560; x_wconf 88' lang='lat' dir='ltr'><strong>Paulus</strong></span> <span class='ocrx_word' id='word_1_735' title='bbox 2427 3505 2570 3559; x_wconf 89' lang='lat' dir='ltr'><strong>enim</strong></span> <span class='ocrx_word' id='word_1_736' title='bbox 2613 3502 2892 3574; x_wconf 91' lang='lat' dir='ltr'><strong>discipulis</strong></span> <span class='ocrx_word' id='word_1_737' title='bbox 2939 3503 2994 3558; x_wconf 91' lang='lat' dir='ltr'><strong>in</strong></span> <span class='ocrx_word' id='word_1_738' title='bbox 3041 3502 3158 3557; x_wconf 70' lang='lat' dir='ltr'><strong>hazc</strong></span> <span class='ocrx_word' id='word_1_739' title='bbox 3206 3502 3372 3557; x_wconf 92' lang='lat' dir='ltr'><strong>verba</strong></span> <span class='ocrx_word' id='word_1_740' title='bbox 3417 3499 3795 3570; x_wconf 70' lang='lat' dir='ltr'><strong>prcecipiebat:</strong></span> 
     </span>
    </p>
   </div>
   <div class='ocr_carea' id='block_1_95' title="bbox 2199 3587 3795 3665">
    <p class='ocr_par' dir='ltr' id='par_1_95' title="bbox 2199 3587 3795 3665">
     <span class='ocr_line' id='line_1_95' title="bbox 2199 3587 3795 3665; baseline -0.008 -15"><span class='ocrx_word' id='word_1_741' title='bbox 2199 3595 2456 3650; x_wconf 74' lang='lat' dir='ltr'><strong>Habentes</strong></span> <span class='ocrx_word' id='word_1_742' title='bbox 2479 3596 2742 3662; x_wconf 85' lang='lat' dir='ltr'><strong>alimenta,</strong></span> <span class='ocrx_word' id='word_1_743' title='bbox 2775 3603 2822 3648; x_wconf 83' lang='lat' dir='ltr'><strong>et</strong></span> <span class='ocrx_word' id='word_1_744' title='bbox 2859 3594 3040 3664; x_wconf 74' lang='lat' dir='ltr'><strong>quibus</strong></span> <span class='ocrx_word' id='word_1_745' title='bbox 3079 3603 3330 3665; x_wconf 87' lang='lat' dir='ltr'><strong>tegamur,</strong></span> <span class='ocrx_word' id='word_1_746' title='bbox 3359 3593 3443 3647; x_wconf 74' lang='lat' dir='ltr'><strong>his</strong></span> <span class='ocrx_word' id='word_1_747' title='bbox 3467 3589 3687 3646; x_wconf 84' lang='lat' dir='ltr'><strong>contenti</strong></span> <span class='ocrx_word' id='word_1_748' title='bbox 3707 3587 3795 3640; x_wconf 86' lang='lat' dir='ltr'><strong>eri-</strong></span> 
     </span>
    </p>
   </div>
   <div class='ocr_carea' id='block_1_96' title="bbox 2197 3681 3795 3762">
    <p class='ocr_par' dir='ltr' id='par_1_96' title="bbox 2197 3681 3795 3762">
     <span class='ocr_line' id='line_1_96' title="bbox 2197 3681 3795 3762; baseline -0.009 -17"><span class='ocrx_word' id='word_1_749' title='bbox 2197 3706 2309 3744; x_wconf 83' lang='lat' dir='ltr'><strong>mus</strong></span> <span class='ocrx_word' id='word_1_750' title='bbox 2340 3690 2427 3762; x_wconf 83' lang='lat' dir='ltr'><strong>(l.</strong></span> <span class='ocrx_word' id='word_1_751' title='bbox 2463 3687 2595 3743; x_wconf 88' lang='lat' dir='ltr'><strong>Tim.</strong></span> <span class='ocrx_word' id='word_1_752' title='bbox 2634 3686 2688 3743; x_wconf 90' lang='lat'><strong>6.</strong></span> <span class='ocrx_word' id='word_1_753' title='bbox 2735 3687 2812 3759; x_wconf 88' lang='lat'><strong>8)</strong></span> <span class='ocrx_word' id='word_1_754' title='bbox 2850 3704 2864 3740; x_wconf 87' lang='lat'><strong>:</strong></span> <span class='ocrx_word' id='word_1_755' title='bbox 2895 3686 2999 3742; x_wconf 89' lang='lat' dir='ltr'><strong>hoc</strong></span> <span class='ocrx_word' id='word_1_756' title='bbox 3041 3695 3098 3740; x_wconf 91' lang='lat' dir='ltr'><strong>et</strong></span> <span class='ocrx_word' id='word_1_757' title='bbox 3133 3686 3232 3741; x_wconf 90' lang='lat' dir='ltr'><strong>iste</strong></span> <span class='ocrx_word' id='word_1_758' title='bbox 3264 3683 3576 3754; x_wconf 89' lang='lat' dir='ltr'><strong>postulabat</strong></span> <span class='ocrx_word' id='word_1_759' title='bbox 3628 3697 3657 3734; x_wconf 91' lang='lat' dir='ltr'><strong>a</strong></span> <span class='ocrx_word' id='word_1_760' title='bbox 3695 3681 3795 3734; x_wconf 90' lang='lat' dir='ltr'><strong>Deo</strong></span> 
     </span>
    </p>
   </div>
   <div class='ocr_carea' id='block_1_97' title="bbox 2198 3772 3789 3846">
    <p class='ocr_par' dir='ltr' id='par_1_97' title="bbox 2198 3772 3789 3846">
     <span class='ocr_line' id='line_1_97' title="bbox 2198 3772 3789 3846; baseline -0.011 -9"><span class='ocrx_word' id='word_1_761' title='bbox 2198 3782 2382 3837; x_wconf 91' lang='lat' dir='ltr'><strong>dicens</strong></span> <span class='ocrx_word' id='word_1_762' title='bbox 2406 3799 2418 3834; x_wconf 87' lang='lat'>:</span> <span class='ocrx_word' id='word_1_763' title='bbox 2441 3778 2502 3835; x_wconf 88' lang='lat' dir='ltr'><strong>Si</strong></span> <span class='ocrx_word' id='word_1_764' title='bbox 2524 3779 2718 3834; x_wconf 83' lang='lat' dir='ltr'><strong>dederit</strong></span> <span class='ocrx_word' id='word_1_765' title='bbox 2743 3778 2867 3832; x_wconf 82' lang='lat' dir='ltr'><strong>mihi</strong></span> <span class='ocrx_word' id='word_1_766' title='bbox 2891 3775 3146 3832; x_wconf 75' lang='lat' dir='ltr'><strong>Dominus</strong></span> <span class='ocrx_word' id='word_1_767' title='bbox 3173 3793 3359 3846; x_wconf 85' lang='lat' dir='ltr'><strong>panem</strong></span> <span class='ocrx_word' id='word_1_768' title='bbox 3384 3776 3454 3830; x_wconf 86' lang='lat' dir='ltr'><strong>ad</strong></span> <span class='ocrx_word' id='word_1_769' title='bbox 3485 3772 3789 3831; x_wconf 79' lang='lat' dir='ltr'><strong>vescendum,</strong></span> 
     </span>
    </p>
   </div>
   <div class='ocr_carea' id='block_1_98' title="bbox 2198 3863 3789 3942">
    <p class='ocr_par' dir='ltr' id='par_1_98' title="bbox 2198 3863 3789 3942">
     <span class='ocr_line' id='line_1_98' title="bbox 2198 3863 3789 3942; baseline -0.01 -12"><span class='ocrx_word' id='word_1_770' title='bbox 2198 3885 2245 3930; x_wconf 83' lang='lat' dir='ltr'><strong>et</strong></span> <span class='ocrx_word' id='word_1_771' title='bbox 2275 3875 2617 3929; x_wconf 82' lang='lat' dir='ltr'><strong>vestimentum</strong></span> <span class='ocrx_word' id='word_1_772' title='bbox 2640 3874 2709 3928; x_wconf 87' lang='lat' dir='ltr'><strong>ad</strong></span> <span class='ocrx_word' id='word_1_773' title='bbox 2733 3872 3078 3940; x_wconf 86' lang='lat' dir='ltr'><strong>induendum,</strong></span> <span class='ocrx_word' id='word_1_774' title='bbox 3117 3871 3297 3942; x_wconf 60' lang='lat' dir='ltr'><strong>adﬁcit</strong></span> <span class='ocrx_word' id='word_1_775' title='bbox 3337 3871 3487 3926; x_wconf 82' lang='lat' dir='ltr'><strong>nobis</strong></span> <span class='ocrx_word' id='word_1_776' title='bbox 3521 3866 3680 3942; x_wconf 83' lang='lat' dir='ltr'><strong>(Gen.</strong></span> <span class='ocrx_word' id='word_1_777' title='bbox 3705 3863 3789 3916; x_wconf 77' lang='lat'><strong>9.8.</strong></span> 
     </span>
    </p>
   </div>
   <div class='ocr_carea' id='block_1_99' title="bbox 2197 3955 3788 4038">
    <p class='ocr_par' dir='ltr' id='par_1_99' title="bbox 2197 3955 3788 4038">
     <span class='ocr_line' id='line_1_99' title="bbox 2197 3955 3788 4038; baseline -0.009 -17"><span class='ocrx_word' id='word_1_778' title='bbox 2197 3967 2268 4024; x_wconf 69' lang='lat'><strong>20</strong></span> <span class='ocrx_word' id='word_1_779' title='bbox 2288 3967 2328 4038; x_wconf 92' lang='lat'><strong>).</strong></span> <span class='ocrx_word' id='word_1_780' title='bbox 2360 3966 2467 4022; x_wconf 92' lang='lat' dir='ltr'><strong>Sed</strong></span> <span class='ocrx_word' id='word_1_781' title='bbox 2493 3976 2548 4022; x_wconf 88' lang='lat' dir='ltr'><strong>ct</strong></span> <span class='ocrx_word' id='word_1_782' title='bbox 2586 3966 2700 4036; x_wconf 90' lang='lat' dir='ltr'><strong>ipse</strong></span> <span class='ocrx_word' id='word_1_783' title='bbox 2731 3975 2929 4032; x_wconf 88' lang='lat' dir='ltr'><strong>tamen,</strong></span> <span class='ocrx_word' id='word_1_784' title='bbox 2975 3966 3066 4035; x_wconf 90' lang='lat' dir='ltr'><strong>qui</strong></span> <span class='ocrx_word' id='word_1_785' title='bbox 3116 3964 3244 4020; x_wconf 90' lang='lat' dir='ltr'><strong>nihil</strong></span> <span class='ocrx_word' id='word_1_786' title='bbox 3277 3974 3477 4034; x_wconf 71' lang='lat' dir='ltr'><strong>prmter</strong></span> <span class='ocrx_word' id='word_1_787' title='bbox 3502 3955 3788 4016; x_wconf 67' lang='lat' dir='ltr'><strong>necessaria</strong></span> 
     </span>
    </p>
   </div>
   <div class='ocr_carea' id='block_1_100' title="bbox 2197 4053 3791 4132">
    <p class='ocr_par' dir='ltr' id='par_1_100' title="bbox 2197 4053 3791 4132">
     <span class='ocr_line' id='line_1_100' title="bbox 2197 4053 3791 4132; baseline -0.011 -15"><span class='ocrx_word' id='word_1_788' title='bbox 2197 4060 2486 4132; x_wconf 63' lang='lat' dir='ltr'><strong>quaerebat,</strong></span> <span class='ocrx_word' id='word_1_789' title='bbox 2528 4061 2617 4131; x_wconf 88' lang='lat' dir='ltr'><strong>qui</strong></span> <span class='ocrx_word' id='word_1_790' title='bbox 2655 4060 2876 4114; x_wconf 92' lang='lat' dir='ltr'><strong>domum</strong></span> <span class='ocrx_word' id='word_1_791' title='bbox 2900 4060 3225 4130; x_wconf 87' lang='lat' dir='ltr'><strong>neglexerat,</strong></span> <span class='ocrx_word' id='word_1_792' title='bbox 3277 4061 3369 4128; x_wconf 90' lang='lat' dir='ltr'><strong>qui</strong></span> <span class='ocrx_word' id='word_1_793' title='bbox 3401 4053 3791 4113; x_wconf 87' lang='lat' dir='ltr'><strong>benedictiones</strong></span> 
     </span>
    </p>
   </div>
   <div class='ocr_carea' id='block_1_101' title="bbox 2197 4150 3785 4224">
    <p class='ocr_par' dir='ltr' id='par_1_101' title="bbox 2197 4150 3785 4224">
     <span class='ocr_line' id='line_1_101' title="bbox 2197 4150 3785 4224; baseline -0.006 -16"><span class='ocrx_word' id='word_1_794' title='bbox 2197 4163 2482 4224; x_wconf 83' lang='lat' dir='ltr'><strong>acceperat</strong></span> <span class='ocrx_word' id='word_1_795' title='bbox 2509 4195 2524 4221; x_wconf 94' lang='lat'><strong>,</strong></span> <span class='ocrx_word' id='word_1_796' title='bbox 2555 4153 2642 4224; x_wconf 91' lang='lat' dir='ltr'><strong>qui</strong></span> <span class='ocrx_word' id='word_1_797' title='bbox 2671 4153 2826 4208; x_wconf 89' lang='lat' dir='ltr'><strong>matri</strong></span> <span class='ocrx_word' id='word_1_798' title='bbox 2866 4162 3136 4222; x_wconf 88' lang='lat' dir='ltr'><strong>paruerat,</strong></span> <span class='ocrx_word' id='word_1_799' title='bbox 3164 4153 3252 4222; x_wconf 92' lang='lat' dir='ltr'><strong>qui</strong></span> <span class='ocrx_word' id='word_1_800' title='bbox 3294 4152 3406 4208; x_wconf 92' lang='lat' dir='ltr'><strong>Deo</strong></span> <span class='ocrx_word' id='word_1_801' title='bbox 3432 4150 3636 4206; x_wconf 90' lang='lat' dir='ltr'><strong>amicus</strong></span> <span class='ocrx_word' id='word_1_802' title='bbox 3659 4154 3785 4206; x_wconf 85' lang='lat' dir='ltr'><strong>erat,</strong></span> 
     </span>
    </p>
   </div>
   <div class='ocr_carea' id='block_1_102' title="bbox 2199 4237 3789 4317">
    <p class='ocr_par' dir='ltr' id='par_1_102' title="bbox 2199 4237 3789 4317">
     <span class='ocr_line' id='line_1_102' title="bbox 2199 4237 3789 4317; baseline -0.006 -16"><span class='ocrx_word' id='word_1_803' title='bbox 2199 4248 2290 4317; x_wconf 85' lang='lat' dir='ltr'><strong>qui</strong></span> <span class='ocrx_word' id='word_1_804' title='bbox 2330 4263 2423 4317; x_wconf 86' lang='lat' dir='ltr'><strong>per</strong></span> <span class='ocrx_word' id='word_1_805' title='bbox 2463 4245 2780 4316; x_wconf 85' lang='lat' dir='ltr'><strong>sapientiam</strong></span> <span class='ocrx_word' id='word_1_806' title='bbox 2823 4254 3027 4300; x_wconf 76' lang='lat' dir='ltr'><strong>natura:</strong></span> <span class='ocrx_word' id='word_1_807' title='bbox 3067 4245 3172 4300; x_wconf 91' lang='lat' dir='ltr'><strong>vim</strong></span> <span class='ocrx_word' id='word_1_808' title='bbox 3201 4245 3458 4300; x_wconf 90' lang='lat' dir='ltr'><strong>attulerat</strong></span> <span class='ocrx_word' id='word_1_809' title='bbox 3510 4237 3789 4315; x_wconf 84' lang='lat' dir='ltr'><strong>(posterior</strong></span> 
     </span>
    </p>
   </div>
   <div class='ocr_carea' id='block_1_103' title="bbox 2198 4336 3786 4412">
    <p class='ocr_par' dir='ltr' id='par_1_103' title="bbox 2198 4336 3786 4412">
     <span class='ocr_line' id='line_1_103' title="bbox 2198 4336 3786 4412; baseline -0.006 -17"><span class='ocrx_word' id='word_1_810' title='bbox 2198 4341 2393 4412; x_wconf 84' lang='lat' dir='ltr'><strong>quippe</strong></span> <span class='ocrx_word' id='word_1_811' title='bbox 2420 4348 2606 4394; x_wconf 91' lang='lat' dir='ltr'><strong>natura</strong></span> <span class='ocrx_word' id='word_1_812' title='bbox 2636 4354 2758 4394; x_wconf 90' lang='lat' dir='ltr'><strong>cum</strong></span> <span class='ocrx_word' id='word_1_813' title='bbox 2801 4347 2974 4403; x_wconf 90' lang='lat' dir='ltr'><strong>esset,</strong></span> <span class='ocrx_word' id='word_1_814' title='bbox 3014 4339 3478 4396; x_wconf 89' lang='lat' dir='ltr'><strong>benedictionibus</strong></span> <span class='ocrx_word' id='word_1_815' title='bbox 3505 4336 3649 4406; x_wconf 89' lang='lat' dir='ltr'><strong>prior</strong></span> <span class='ocrx_word' id='word_1_816' title='bbox 3674 4346 3786 4387; x_wconf 80' lang='lat' dir='ltr'><strong>eva-</strong></span> 
     </span>
    </p>
   </div>
   <div class='ocr_carea' id='block_1_104' title="bbox 2196 4422 3782 4503">
    <p class='ocr_par' dir='ltr' id='par_1_104' title="bbox 2196 4422 3782 4503">
     <span class='ocr_line' id='line_1_104' title="bbox 2196 4422 3782 4503; baseline -0.007 -16"><span class='ocrx_word' id='word_1_817' title='bbox 2196 4432 2309 4503; x_wconf 90' lang='lat' dir='ltr'><strong>sit),</strong></span> <span class='ocrx_word' id='word_1_818' title='bbox 2331 4431 2420 4500; x_wconf 89' lang='lat' dir='ltr'><strong>qui</strong></span> <span class='ocrx_word' id='word_1_819' title='bbox 2447 4441 2552 4485; x_wconf 84' lang='lat' dir='ltr'><strong>tam</strong></span> <span class='ocrx_word' id='word_1_820' title='bbox 2577 4431 2743 4486; x_wconf 91' lang='lat' dir='ltr'><strong>multa</strong></span> <span class='ocrx_word' id='word_1_821' title='bbox 2771 4439 3035 4501; x_wconf 86' lang='lat' dir='ltr'><strong>potuerat,</strong></span> <span class='ocrx_word' id='word_1_822' title='bbox 3059 4432 3148 4502; x_wconf 90' lang='lat' dir='ltr'><strong>qui</strong></span> <span class='ocrx_word' id='word_1_823' title='bbox 3179 4440 3378 4486; x_wconf 91' lang='lat' dir='ltr'><strong>tantam</strong></span> <span class='ocrx_word' id='word_1_824' title='bbox 3407 4422 3782 4501; x_wconf 86' lang='lat' dir='ltr'><strong>philosophiam</strong></span> 
     </span>
    </p>
   </div>
   <div class='ocr_carea' id='block_1_105' title="bbox 2198 4523 3781 4594">
    <p class='ocr_par' dir='ltr' id='par_1_105' title="bbox 2198 4523 3781 4594">
     <span class='ocr_line' id='line_1_105' title="bbox 2198 4523 3781 4594; baseline -0.008 -16"><span class='ocrx_word' id='word_1_825' title='bbox 2198 4533 2504 4593; x_wconf 88' lang='lat' dir='ltr'><strong>tantamque</strong></span> <span class='ocrx_word' id='word_1_826' title='bbox 2527 4523 2778 4593; x_wconf 88' lang='lat' dir='ltr'><strong>pietatem</strong></span> <span class='ocrx_word' id='word_1_827' title='bbox 2809 4538 2918 4594; x_wconf 65' lang='lat' dir='ltr'><strong>prae</strong></span> <span class='ocrx_word' id='word_1_828' title='bbox 2941 4537 2999 4578; x_wconf 90' lang='lat' dir='ltr'><strong>se</strong></span> <span class='ocrx_word' id='word_1_829' title='bbox 3025 4523 3238 4593; x_wconf 87' lang='lat' dir='ltr'><strong>tulerat,</strong></span> <span class='ocrx_word' id='word_1_830' title='bbox 3260 4533 3382 4594; x_wconf 93' lang='lat' dir='ltr'><strong>post</strong></span> <span class='ocrx_word' id='word_1_831' title='bbox 3408 4529 3657 4579; x_wconf 75' lang='lat' dir='ltr'><strong>sexcenta</strong></span> <span class='ocrx_word' id='word_1_832' title='bbox 3677 4529 3781 4569; x_wconf 84' lang='lat' dir='ltr'><strong>cer-</strong></span> 
     </span>
    </p>
   </div>
   <div class='ocr_carea' id='block_1_106' title="bbox 2199 4611 3781 4688">
    <p class='ocr_par' dir='ltr' id='par_1_106' title="bbox 2199 4611 3781 4688">
     <span class='ocr_line' id='line_1_106' title="bbox 2199 4611 3781 4688; baseline -0.008 -16"><span class='ocrx_word' id='word_1_833' title='bbox 2199 4618 2418 4684; x_wconf 90' lang='lat' dir='ltr'><strong>tamina,</strong></span> <span class='ocrx_word' id='word_1_834' title='bbox 2462 4625 2581 4686; x_wconf 92' lang='lat' dir='ltr'><strong>post</strong></span> <span class='ocrx_word' id='word_1_835' title='bbox 2609 4623 2892 4672; x_wconf 87' lang='lat' dir='ltr'><strong>sexcentos</strong></span> <span class='ocrx_word' id='word_1_836' title='bbox 2921 4631 3140 4688; x_wconf 85' lang='lat' dir='ltr'><strong>agones,</strong></span> <span class='ocrx_word' id='word_1_837' title='bbox 3176 4628 3297 4686; x_wconf 88' lang='lat' dir='ltr'><strong>post</strong></span> <span class='ocrx_word' id='word_1_838' title='bbox 3321 4623 3601 4672; x_wconf 84' lang='lat' dir='ltr'><strong>sexeentas</strong></span> <span class='ocrx_word' id='word_1_839' title='bbox 3626 4611 3781 4664; x_wconf 88' lang='lat' dir='ltr'><strong>luctas</strong></span> 
     </span>
    </p>
   </div>
   <div class='ocr_carea' id='block_1_107' title="bbox 2195 4712 3777 4785">
    <p class='ocr_par' dir='ltr' id='par_1_107' title="bbox 2195 4712 3777 4785">
     <span class='ocr_line' id='line_1_107' title="bbox 2195 4712 3777 4785; baseline -0.009 -16"><span class='ocrx_word' id='word_1_840' title='bbox 2195 4723 2248 4769; x_wconf 93' lang='lat' dir='ltr'><strong>ct</strong></span> <span class='ocrx_word' id='word_1_841' title='bbox 2275 4713 2532 4785; x_wconf 87' lang='lat' dir='ltr'><strong>plurimas</strong></span> <span class='ocrx_word' id='word_1_842' title='bbox 2564 4712 2682 4768; x_wconf 90' lang='lat' dir='ltr'><strong>illas</strong></span> <span class='ocrx_word' id='word_1_843' title='bbox 2709 4727 2958 4780; x_wconf 91' lang='lat' dir='ltr'><strong>coronas,</strong></span> <span class='ocrx_word' id='word_1_844' title='bbox 2987 4727 3108 4768; x_wconf 91' lang='lat' dir='ltr'><strong>cum</strong></span> <span class='ocrx_word' id='word_1_845' title='bbox 3138 4712 3189 4767; x_wconf 93' lang='lat' dir='ltr'><strong>in</strong></span> <span class='ocrx_word' id='word_1_846' title='bbox 3220 4712 3446 4782; x_wconf 90' lang='lat' dir='ltr'><strong>patriam</strong></span> <span class='ocrx_word' id='word_1_847' title='bbox 3491 4713 3777 4764; x_wconf 78' lang='lat' dir='ltr'><strong>revertere-</strong></span> 
     </span>
    </p>
   </div>
   <div class='ocr_carea' id='block_1_108' title="bbox 2198 4803 3771 4874">
    <p class='ocr_par' dir='ltr' id='par_1_108' title="bbox 2198 4803 3771 4874">
     <span class='ocr_line' id='line_1_108' title="bbox 2198 4803 3771 4874; baseline -0.008 -14"><span class='ocrx_word' id='word_1_848' title='bbox 2198 4814 2302 4874; x_wconf 91' lang='lat' dir='ltr'><strong>tur,</strong></span> <span class='ocrx_word' id='word_1_849' title='bbox 2329 4815 2385 4861; x_wconf 92' lang='lat' dir='ltr'><strong>et</strong></span> <span class='ocrx_word' id='word_1_850' title='bbox 2410 4819 2732 4861; x_wconf 90' lang='lat' dir='ltr'><strong>occursurus</strong></span> <span class='ocrx_word' id='word_1_851' title='bbox 2761 4803 2908 4860; x_wconf 87' lang='lat' dir='ltr'><strong>fratri</strong></span> <span class='ocrx_word' id='word_1_852' title='bbox 2937 4813 3100 4872; x_wconf 86' lang='lat' dir='ltr'><strong>esset,</strong></span> <span class='ocrx_word' id='word_1_853' title='bbox 3129 4804 3280 4873; x_wconf 89' lang='lat' dir='ltr'><strong>quasi</strong></span> <span class='ocrx_word' id='word_1_854' title='bbox 3311 4803 3542 4858; x_wconf 90' lang='lat' dir='ltr'><strong>belluam</strong></span> <span class='ocrx_word' id='word_1_855' title='bbox 3565 4808 3771 4861; x_wconf 51' lang='lat' dir='ltr'><strong>conspc&#39;</strong></span> 
     </span>
    </p>
   </div>
   <div class='ocr_carea' id='block_1_109' title="bbox 2197 4883 3775 4968">
    <p class='ocr_par' dir='ltr' id='par_1_109' title="bbox 2197 4883 3775 4968">
     <span class='ocr_line' id='line_1_109' title="bbox 2197 4883 3775 4968; baseline -0.008 -16"><span class='ocrx_word' id='word_1_856' title='bbox 2197 4909 2402 4962; x_wconf 84' lang='lat' dir='ltr'><strong>cturus,</strong></span> <span class='ocrx_word' id='word_1_857' title='bbox 2432 4897 2654 4968; x_wconf 79' lang='lat' dir='ltr'><strong>ejusque</strong></span> <span class='ocrx_word' id='word_1_858' title='bbox 2684 4895 3101 4966; x_wconf 84' lang='lat' dir='ltr'><strong>indignationem</strong></span> <span class='ocrx_word' id='word_1_859' title='bbox 3135 4895 3540 4965; x_wconf 69' lang='lat' dir='ltr'><strong>pertimescvns,</strong></span> <span class='ocrx_word' id='word_1_860' title='bbox 3571 4883 3775 4953; x_wconf 71' lang='lat' dir='ltr'><strong>supple</strong></span> 
     </span>
    </p>
   </div>
   <div class='ocr_carea' id='block_1_110' title="bbox 2199 4975 3774 5057">
    <p class='ocr_par' dir='ltr' id='par_1_110' title="bbox 2199 4975 3774 5057">
     <span class='ocr_line' id='line_1_110' title="bbox 2199 4975 3774 5057; baseline -0.005 -15"><span class='ocrx_word' id='word_1_861' title='bbox 2199 4989 2306 5042; x_wconf 86' lang='lat' dir='ltr'><strong>Deo</strong></span> <span class='ocrx_word' id='word_1_862' title='bbox 2354 4989 2410 5043; x_wconf 87' lang='lat' dir='ltr'><strong>fit</strong></span> <span class='ocrx_word' id='word_1_863' title='bbox 2461 4999 2513 5044; x_wconf 88' lang='lat' dir='ltr'><strong>et</strong></span> <span class='ocrx_word' id='word_1_864' title='bbox 2541 4999 2677 5050; x_wconf 85' lang='lat' dir='ltr'><strong>orat.</strong></span> <span class='ocrx_word' id='word_1_865' title='bbox 2712 4989 2850 5042; x_wconf 82' lang='lat' dir='ltr'><strong>Erue</strong></span> <span class='ocrx_word' id='word_1_866' title='bbox 2891 5005 2970 5041; x_wconf 91' lang='lat' dir='ltr'><strong>me</strong></span> <span class='ocrx_word' id='word_1_867' title='bbox 2995 4989 3057 5041; x_wconf 84' lang='lat' dir='ltr'><strong>de</strong></span> <span class='ocrx_word' id='word_1_868' title='bbox 3101 5003 3254 5040; x_wconf 86' lang='lat' dir='ltr'><strong>manu</strong></span> <span class='ocrx_word' id='word_1_869' title='bbox 3293 4987 3467 5057; x_wconf 77' lang='lat' dir='ltr'><strong>fratris</strong></span> <span class='ocrx_word' id='word_1_870' title='bbox 3497 4981 3589 5036; x_wconf 86' lang='lat' dir='ltr'><strong>mei</strong></span> <span class='ocrx_word' id='word_1_871' title='bbox 3616 4975 3774 5034; x_wconf 70' lang='grc' dir='ltr'><strong>Εδηέὶο</strong></span> 
     </span>
    </p>
   </div>
   <div class='ocr_carea' id='block_1_111' title="bbox 2195 5077 3772 5152">
    <p class='ocr_par' dir='ltr' id='par_1_111' title="bbox 2195 5077 3772 5152">
     <span class='ocr_line' id='line_1_111' title="bbox 2195 5077 3772 5152; baseline -0.004 -18"><span class='ocrx_word' id='word_1_872' title='bbox 2195 5083 2434 5151; x_wconf 83' lang='lat' dir='ltr'><strong>quoniam</strong></span> <span class='ocrx_word' id='word_1_873' title='bbox 2462 5101 2572 5136; x_wconf 85' lang='lat' dir='ltr'><strong>eum</strong></span> <span class='ocrx_word' id='word_1_874' title='bbox 2610 5085 2758 5136; x_wconf 87' lang='lat' dir='ltr'><strong>timeo</strong></span> <span class='ocrx_word' id='word_1_875' title='bbox 2782 5098 2892 5152; x_wconf 81' lang='lat' dir='ltr'><strong>ego,</strong></span> <span class='ocrx_word' id='word_1_876' title='bbox 2925 5100 2988 5136; x_wconf 89' lang='lat' dir='ltr'><strong>ne</strong></span> <span class='ocrx_word' id='word_1_877' title='bbox 3014 5082 3145 5152; x_wconf 78' lang='lat' dir='ltr'><strong>forte</strong></span> <span class='ocrx_word' id='word_1_878' title='bbox 3171 5082 3375 5135; x_wconf 83' lang='lat' dir='ltr'><strong>veniens</strong></span> <span class='ocrx_word' id='word_1_879' title='bbox 3402 5077 3641 5151; x_wconf 79' lang='lat' dir='ltr'><strong>percutiat</strong></span> <span class='ocrx_word' id='word_1_880' title='bbox 3675 5083 3772 5128; x_wconf 67' lang='lat' dir='ltr'><strong>me.</strong></span> 
     </span>
    </p>
   </div>
   <div class='ocr_carea' id='block_1_112' title="bbox 2195 5159 3773 5244">
    <p class='ocr_par' dir='ltr' id='par_1_112' title="bbox 2195 5159 3773 5244">
     <span class='ocr_line' id='line_1_112' title="bbox 2195 5159 3773 5244; baseline -0.012 -17"><span class='ocrx_word' id='word_1_881' title='bbox 2195 5182 2241 5227; x_wconf 85' lang='lat' dir='ltr'><strong>et</strong></span> <span class='ocrx_word' id='word_1_882' title='bbox 2289 5181 2498 5227; x_wconf 87' lang='lat' dir='ltr'><strong>matrem</strong></span> <span class='ocrx_word' id='word_1_883' title='bbox 2536 5191 2690 5244; x_wconf 77' lang='lat' dir='ltr'><strong>super</strong></span> <span class='ocrx_word' id='word_1_884' title='bbox 2733 5174 2866 5243; x_wconf 79' lang='lat' dir='ltr'><strong>ﬁlios</strong></span> <span class='ocrx_word' id='word_1_885' title='bbox 2911 5171 3071 5244; x_wconf 84' lang='lat' dir='ltr'><strong>(Gen.</strong></span> <span class='ocrx_word' id='word_1_886' title='bbox 3126 5173 3213 5229; x_wconf 73' lang='lat'><strong>52.</strong></span> <span class='ocrx_word' id='word_1_887' title='bbox 3269 5173 3387 5244; x_wconf 83' lang='lat' dir='ltr'><strong>ll).</strong></span> <span class='ocrx_word' id='word_1_888' title='bbox 3417 5171 3575 5225; x_wconf 84' lang='lat' dir='ltr'><strong>Vides</strong></span> <span class='ocrx_word' id='word_1_889' title='bbox 3619 5172 3670 5216; x_wconf 90' lang='lat' dir='ltr'><strong>ut</strong></span> <span class='ocrx_word' id='word_1_890' title='bbox 3697 5159 3773 5212; x_wconf 84' lang='lat' dir='ltr'><strong>hic</strong></span> 
     </span>
    </p>
   </div>
   <div class='ocr_carea' id='block_1_113' title="bbox 2195 5261 3774 5336">
    <p class='ocr_par' dir='ltr' id='par_1_113' title="bbox 2195 5261 3774 5336">
     <span class='ocr_line' id='line_1_113' title="bbox 2195 5261 3774 5336; baseline -0.004 -18"><span class='ocrx_word' id='word_1_891' title='bbox 2195 5280 2407 5335; x_wconf 90' lang='lat' dir='ltr'><strong>quoque</strong></span> <span class='ocrx_word' id='word_1_892' title='bbox 2457 5278 2685 5320; x_wconf 88' lang='lat' dir='ltr'><strong>mortem</strong></span> <span class='ocrx_word' id='word_1_893' title='bbox 2730 5264 3113 5336; x_wconf 79' lang='lat' dir='ltr'><strong>pertimescat?</strong></span> <span class='ocrx_word' id='word_1_894' title='bbox 3156 5273 3212 5319; x_wconf 91' lang='lat' dir='ltr'><strong>ut</strong></span> <span class='ocrx_word' id='word_1_895' title='bbox 3249 5272 3478 5329; x_wconf 88' lang='lat' dir='ltr'><strong>tremat,</strong></span> <span class='ocrx_word' id='word_1_896' title='bbox 3524 5261 3774 5321; x_wconf 75' lang='lat' dir='ltr'><strong>Deumun</strong></span> 
     </span>
    </p>
   </div>
   <div class='ocr_carea' id='block_1_114' title="bbox 2199 5344 3769 5428">
    <p class='ocr_par' dir='ltr' id='par_1_114' title="bbox 2199 5344 3769 5428">
     <span class='ocr_line' id='line_1_114' title="bbox 2199 5344 3769 5428; baseline -0.008 -16"><span class='ocrx_word' id='word_1_897' title='bbox 2199 5359 2341 5412; x_wconf 90' lang='lat' dir='ltr'><strong>illius</strong></span> <span class='ocrx_word' id='word_1_898' title='bbox 2367 5373 2527 5412; x_wconf 87' lang='lat' dir='ltr'><strong>causa</strong></span> <span class='ocrx_word' id='word_1_899' title='bbox 2557 5360 2842 5428; x_wconf 79' lang='lat' dir='ltr'><strong>precetur?</strong></span> <span class='ocrx_word' id='word_1_900' title='bbox 2884 5358 3045 5414; x_wconf 86' lang='lat' dir='ltr'><strong>Visne</strong></span> <span class='ocrx_word' id='word_1_901' title='bbox 3073 5359 3350 5416; x_wconf 91' lang='lat' dir='ltr'><strong>ostendam</strong></span> <span class='ocrx_word' id='word_1_902' title='bbox 3381 5367 3434 5414; x_wconf 90' lang='lat' dir='ltr'><strong>et</strong></span> <span class='ocrx_word' id='word_1_903' title='bbox 3461 5357 3672 5411; x_wconf 91' lang='lat' dir='ltr'><strong>alterum</strong></span> <span class='ocrx_word' id='word_1_904' title='bbox 3697 5344 3769 5397; x_wconf 76' lang='lat' dir='ltr'><strong>vi-</strong></span> 
     </span>
    </p>
   </div>
   <div class='ocr_carea' id='block_1_115' title="bbox 2197 5441 3769 5518">
    <p class='ocr_par' dir='ltr' id='par_1_115' title="bbox 2197 5441 3769 5518">
     <span class='ocr_line' id='line_1_115' title="bbox 2197 5441 3769 5518; baseline -0.006 -15"><span class='ocrx_word' id='word_1_905' title='bbox 2197 5465 2314 5504; x_wconf 91' lang='lat' dir='ltr'><strong>rum</strong></span> <span class='ocrx_word' id='word_1_906' title='bbox 2346 5464 2594 5518; x_wconf 83' lang='lat' dir='ltr'><strong>magnum</strong></span> <span class='ocrx_word' id='word_1_907' title='bbox 2618 5449 2720 5505; x_wconf 91' lang='lat' dir='ltr'><strong>hoc</strong></span> <span class='ocrx_word' id='word_1_908' title='bbox 2740 5450 2931 5507; x_wconf 89' lang='lat' dir='ltr'><strong>eodem</strong></span> <span class='ocrx_word' id='word_1_909' title='bbox 2955 5450 3114 5506; x_wconf 91' lang='lat' dir='ltr'><strong>modo</strong></span> <span class='ocrx_word' id='word_1_910' title='bbox 3136 5467 3317 5506; x_wconf 85' lang='lat' dir='ltr'><strong>rursus</strong></span> <span class='ocrx_word' id='word_1_911' title='bbox 3339 5443 3616 5506; x_wconf 69' lang='lat' dir='ltr'><strong>allectum?</strong></span> <span class='ocrx_word' id='word_1_912' title='bbox 3641 5441 3769 5494; x_wconf 79' lang='lat' dir='ltr'><strong>Pone</strong></span> 
     </span>
    </p>
   </div>
   <div class='ocr_carea' id='block_1_116' title="bbox 2199 5528 3765 5608">
    <p class='ocr_par' dir='ltr' id='par_1_116' title="bbox 2199 5528 3765 5608">
     <span class='ocr_line' id='line_1_116' title="bbox 2199 5528 3765 5608; baseline -0.01 -14"><span class='ocrx_word' id='word_1_913' title='bbox 2199 5541 2291 5594; x_wconf 90' lang='lat' dir='ltr'><strong>tibi</strong></span> <span class='ocrx_word' id='word_1_914' title='bbox 2345 5550 2470 5596; x_wconf 91' lang='lat' dir='ltr'><strong>ante</strong></span> <span class='ocrx_word' id='word_1_915' title='bbox 2496 5541 2683 5595; x_wconf 92' lang='lat' dir='ltr'><strong>oculos</strong></span> <span class='ocrx_word' id='word_1_916' title='bbox 2709 5542 2937 5608; x_wconf 84' lang='lat' dir='ltr'><strong>Heliam,</strong></span> <span class='ocrx_word' id='word_1_917' title='bbox 2982 5542 3216 5598; x_wconf 89' lang='lat' dir='ltr'><strong>animam</strong></span> <span class='ocrx_word' id='word_1_918' title='bbox 3247 5541 3314 5596; x_wconf 89' lang='lat' dir='ltr'><strong>ad</strong></span> <span class='ocrx_word' id='word_1_919' title='bbox 3368 5541 3550 5596; x_wconf 63' lang='lat' dir='ltr'><strong>callum</strong></span> <span class='ocrx_word' id='word_1_920' title='bbox 3586 5528 3765 5604; x_wconf 90' lang='lat' dir='ltr'><strong>pertin-</strong></span> 
     </span>
    </p>
   </div>
   <div class='ocr_carea' id='block_1_117' title="bbox 2195 5625 3763 5721">
    <p class='ocr_par' dir='ltr' id='par_1_117' title="bbox 2195 5625 3763 5721">
     <span class='ocr_line' id='line_1_117' title="bbox 2195 5625 3763 5721; baseline -0.012 -28"><span class='ocrx_word' id='word_1_921' title='bbox 2195 5649 2408 5709; x_wconf 82' lang='lat' dir='ltr'><strong>gentcm</strong></span> <span class='ocrx_word' id='word_1_922' title='bbox 2457 5655 2519 5694; x_wconf 90' lang='lat' dir='ltr'><strong>ac</strong></span> <span class='ocrx_word' id='word_1_923' title='bbox 2567 5640 2798 5694; x_wconf 76' lang='lat' dir='ltr'><strong>divinam</strong></span> <span class='ocrx_word' id='word_1_924' title='bbox 2835 5641 2968 5695; x_wconf 88' lang='lat' dir='ltr'><strong>:ille</strong></span> <span class='ocrx_word' id='word_1_925' title='bbox 3022 5641 3161 5694; x_wconf 91' lang='lat' dir='ltr'><strong>enim</strong></span> <span class='ocrx_word' id='word_1_926' title='bbox 3190 5643 3276 5710; x_wconf 91' lang='lat' dir='ltr'><strong>qui</strong></span> <span class='ocrx_word' id='word_1_927' title='bbox 3325 5639 3510 5694; x_wconf 75' lang='lat' dir='ltr'><strong>ca~lutn</strong></span> <span class='ocrx_word' id='word_1_928' title='bbox 3561 5625 3763 5721; x_wconf 63' lang='lat' dir='ltr'><strong>clausitf</strong></span> 
     </span>
    </p>
   </div>
   <div class='ocr_carea' id='block_1_118' title="bbox 2199 5726 3760 5802">
    <p class='ocr_par' dir='ltr' id='par_1_118' title="bbox 2199 5726 3760 5802">
     <span class='ocr_line' id='line_1_118' title="bbox 2199 5726 3760 5802; baseline -0.002 -18"><span class='ocrx_word' id='word_1_929' title='bbox 2199 5746 2492 5801; x_wconf 89' lang='lat' dir='ltr'><strong>rursusque</strong></span> <span class='ocrx_word' id='word_1_930' title='bbox 2519 5733 2798 5795; x_wconf 87' lang='lat' dir='ltr'><strong>reseravit,</strong></span> <span class='ocrx_word' id='word_1_931' title='bbox 2828 5733 2914 5801; x_wconf 92' lang='lat' dir='ltr'><strong>qui</strong></span> <span class='ocrx_word' id='word_1_932' title='bbox 2953 5732 3185 5801; x_wconf 88' lang='lat' dir='ltr'><strong>desuper</strong></span> <span class='ocrx_word' id='word_1_933' title='bbox 3228 5735 3400 5802; x_wconf 84' lang='lat' dir='ltr'><strong>ignem</strong></span> <span class='ocrx_word' id='word_1_934' title='bbox 3445 5726 3656 5796; x_wconf 88' lang='lat' dir='ltr'><strong>dejccit,</strong></span> <span class='ocrx_word' id='word_1_935' title='bbox 3685 5727 3760 5781; x_wconf 78' lang='grc' dir='ltr'><strong>(1⁸η</strong></span> 
     </span>
    </p>
   </div>
   <div class='ocr_carea' id='block_1_119' title="bbox 2207 5805 3761 5896">
    <p class='ocr_par' dir='ltr' id='par_1_119' title="bbox 2207 5805 3761 5896">
     <span class='ocr_line' id='line_1_119' title="bbox 2207 5805 3761 5896; baseline -0.005 -20"><span class='ocrx_word' id='word_1_936' title='bbox 2207 5823 2448 5878; x_wconf 86' lang='lat' dir='ltr'><strong>mirabile</strong></span> <span class='ocrx_word' id='word_1_937' title='bbox 2493 5825 2814 5880; x_wconf 80' lang='lat' dir='ltr'><strong>sacrificium</strong></span> <span class='ocrx_word' id='word_1_938' title='bbox 2866 5825 2993 5880; x_wconf 88' lang='lat' dir='ltr'><strong>illud</strong></span> <span class='ocrx_word' id='word_1_939' title='bbox 3023 5825 3245 5894; x_wconf 89' lang='lat' dir='ltr'><strong>obtulit,</strong></span> <span class='ocrx_word' id='word_1_940' title='bbox 3279 5827 3367 5896; x_wconf 88' lang='lat' dir='ltr'><strong>qui</strong></span> <span class='ocrx_word' id='word_1_941' title='bbox 3401 5837 3492 5896; x_wconf 88' lang='lat' dir='ltr'><strong>pro</strong></span> <span class='ocrx_word' id='word_1_942' title='bbox 3531 5819 3631 5873; x_wconf 80' lang='lat' dir='ltr'><strong>Deo</strong></span> <span class='ocrx_word' id='word_1_943' title='bbox 3664 5805 3761 5862; x_wconf 71' lang='grc' dir='ltr'>κείω</span> 
     </span>
    </p>
   </div>
  </div>
