4104 6456
433 325 528 382 831
1471 337 1559 394 DE
1599 337 1700 395 SS.
1744 337 2001 395 BERNCJ

2108 342 2168 397 γι*
2206 348 2594 411 νιιοεῡοαι.

432 442 681 497 θανάτων
709 442 1108 516 ἀφορητότερον
1160 446 1295 502 ἐστι.
1340 448 1450 502 Καὶ
1472 449 1526 503 τί
1570 450 1718 519 λέγω
1759 467 1994 522 μοιχευο-

433 527 635 598 μένην;
666 527 769 580 κᾶν
793 528 956 599 ψιλήν
980 544 1103 582 τινα
1130 528 1339 584 ἔννοιαν
1382 530 1619 601 ὑποψίας
1661 534 1789 603 περὶ
1831 534 2005 604 αὐτῆς

428 614 488 665 ἐν
529 614 595 684 τῇ
642 611 787 684 ψυχῇ
820 613 1103 683 κέκτηται,
1134 613 1364 679 ἀϐίωτος
1407 628 1434 657 ι
1475 617 1503 669 6
1532 614 1642 686 βίος
1680 617 1828 688 αὐτῷ
1857 619 2005 683 ἄπας

427 697 658 764 γίνεται.
689 695 805 767 Πῦρ
837 695 944 767 γάρ
976 694 1126 766 αὐτῷ
1156 697 1252 750 καὶ
1291 697 1424 768 φλόξ
1455 701 1602 754 ἐστιν
1652 700 2002 769 άκαταγώνι-

429 795 553 842 στος
584 778 646 832 τὸ
682 779 782 849 τῆς
827 778 1158 850 ζηλοτυπίας
1195 780 1396 846 πάθος·
1430 783 1522 836 καὶ
1574 781 1637 837 τὸ
1680 783 2003 856 τυραννικὸν

426 861 593 917 αὐτοῦ
654 865 751 917 καὶ
803 864 1175 936 ἀπαραίτητον
1211 865 1387 937 δηλῶν
1413 884 1498 932 τις
1549 867 1733 937 ἑλεγε”
1764 867 2004 935 Μεστὸς

426 951 539 1017 γὰρ
577 947 759 1016 (ﬁla?)
783 947 968 1018 θυμὸς
993 948 1214 1017 ἀνδρὸς
1241 948 1429 1018 αὐτῆς
1447 967 1463 984 ο
1498 952 1609 1005 οὐκ
1638 949 2004 1015 ἀνταλλάξε-

327 1086 333 1091 .
427 1048 523 1086 ται
558 1031 808 1099 οὐδενὸς
833 1033 1055 1102 λύτρον
1083 1032 1199 1102 τὴν
1216 1033 1458 1102 ἔχθραν,
1498 1032 1641 1087 οὐδὲ
1668 1032 1754 1102 μὴ
1794 1034 2001 1103 Sosian-

426 1131 520 1168 ται
548 1114 618 1168 ἐν
655 1114 847 1185 ἡμέρᾳ
887 1115 1160 1185 κρίσεως,
1201 1116 1329 1170 οὐδ’
1355 1118 1427 1169 ού
1453 1117 1539 1185 μὴ
1570 1115 1826 1184 διαλυθῇ
1852 1120 2003 1169 πολ-

424 1198 555 1254 λῶν
574 1197 793 1267 δώρων.
828 1201 939 1254 Καὶ
968 1200 1131 1255 πάλιν
1163 1199 1394 1271 ἀλλαχοῦ
1422 1216 1434 1230 ·
1458 1201 1730 1267 Σκληρός
1750 1200 1829 1266 ὡς
1853 1200 2003 1267 ᾅδης

426 1281 636 1350 ζῆλος·
655 1282 843 1355 ὥσπερ
871 1282 981 1354 γὰρ
1002 1284 1103 1338 οὐκ
1134 1283 1269 1350 ἔστι,
1299 1284 1453 1355 φησὶ,
1480 1287 1572 1338 τὸν
1593 1283 1726 1354 ᾅδην
1754 1286 1856 1354 χρέ
1869 1300 2002 1353 μασι

425 1367 634 1431 πεῖσαι,
666 1363 836 1431 οὕτως
857 1366 978 1420 οὐδὲ
1009 1366 1101 1421 τὸν
1142 1367 1551 1438 ζηλοτυποῦντα
1599 1366 2004 1438 παραμυθήσα-
2030 1406 2033 1407 ν

426 1448 554 1503 σθαι
581 1449 676 1503 καὶ
704 1449 1057 1514 καταλλάξαι.
1105 1449 1298 1503 Πολλοὶ
1326 1451 1460 1519 γοῦν
1496 1449 1755 1514 πολλάκις
1788 1450 1881 1503 καὶ
1904 1449 2003 1521 τὴν

422 1530 602 1603 ψυχὴν
635 1533 947 1604 προήκαντο
982 1533 1082 1605 τὴν
1116 1533 1345 1599 ὲαυτῶν,
1369 1533 1511 1587 ὥστε
1543 1533 1635 1587 τὸν
1676 1533 1860 1604 μοιχὸν
1907 1533 2003 1586 εὑ-

426 1618 543 1686 ρεῖν
563 1631 577 1644 ·
628 1616 723 1669 καὶ
770 1614 866 1669 τοῦ
896 1616 1127 1687 αἵματος
1163 1615 1221 1668 δὲ
1252 1614 1419 1669 αὑτοῦ
1450 1617 1623 1686 ἡδέως
1669 1615 1734 1670 ἂν
1765 1616 2004 1685 ἀπογεύ-

427 1715 614 1753 σαιντο
643 1699 738 1753 τοῦ
775 1698 873 1771 τὴν
901 1701 1135 1769 γυναῖκα
1155 1699 1442 1770 ὐϐρικότος
1470 1699 1679 1769 ἀνδρὸς,
1705 1701 1799 1752 καὶ
1826 1701 2005 1754 πάντα

421 1780 491 1834 ἂν
520 1780 727 1835 ἕλοιντο
782 1783 878 1836 καὶ
933 1783 1158 1853 ποιῆσαι
1188 1783 1283 1837 καὶ
1318 1782 1511 1837 παθεῖν
1540 1782 1628 1837 διὰ
1665 1781 1822 1836 τοῦτο
1847 1801 1860 1813 ·
1887 1782 2002 1835 ἀλλ’

422 1863 576 1934 ὅμως
609 1864 768 1918 τοῦτο
794 1864 856 1918 τὸ
886 1864 1162 1940 ἀφόρητον
1192 1865 1385 1931 πάθος,
1417 1864 1578 1919 τοῦτο
1594 1866 1654 1919 τὸ
1679 1866 2002 1936 τυραννικὸν

424 1950 524 2003 καί
545 1949 920 2021 ἀπαραίτητον
950 1950 1243 2021 ὑπέμεινεν
1276 1953 1304 2004 6
1342 1951 1547 2014 δίκαιος
1587 1950 1727 2020 μετά
1760 1949 2004 2014 πλείονος

425 2031 732 2103 ὑπερϐολῆς
758 2071 773 2095 ,
819 2034 915 2087 καὶ
952 2035 1184 2105 περιορᾷ
1229 2033 1329 2105 τὴν
1359 2036 1596 2101 γυναῖκα
1634 2032 2002 2104 ὑϐριζομένην

420 2115 515 2170 διὰ
544 2116 636 2169 τὸν
661 2116 825 2186 φόϐον
860 2117 954 2170 τοῦ
985 2116 1216 2172 θανάτου
1247 2117 1463 2188 καὶτῆς
1490 2116 1771 2186 τελευτῆς.

498 2199 564 2269 β’.
589 2201 711 2252 Ὅτι
728 2200 825 2269 μὲν
856 2194 948 2254 οὖν
964 2200 1218 2254 ἐδεδοίκει
1243 2200 1335 2253 τὸν
1365 2199 1593 2255 θάνατον
1612 2200 1677 2252 ἐκ
1703 2198 1891 2253 τούτου
1907 2197 2002 2269 δῆ-

420 2283 517 2337 λον
539 2300 553 2315 ⁸
589 2283 707 2355 ὥρα
729 2283 787 2338 δὲ
817 2284 1003 2338 λοιπὸν
1034 2284 1198 2338 αὐτὸν
1236 2284 1544 2351 ἀπαλλάξαι
1569 2283 1679 2336 τῶν
1726 2282 2004 2353 ἐγκλημάδ

424 2366 577 2440 [656]
618 2385 725 2421 των
755 2368 968 2438 καὶτῆς
993 2369 1329 2441 κατηγορίας
1354 2369 1451 2439 τῆς
1472 2368 1564 2421 ἐπὶ
1586 2366 1780 2437 τούτῳ,
1803 2367 2002 2437 πρότε-

425 2470 519 2524 ρον
551 2452 721 2523 αὐτὴν
754 2452 976 2505 εἰπόντα
1004 2452 1101 2523 τὴν
1136 2452 1487 2523 κατηγορίαν.
1516 2451 1614 2515 Τίς
1649 2445 1742 2503 οῦν
1775 2451 1922 2502 ἐστιν
1965 2450 1999 2519 ἡ

422 2535 768 2607 κατηγορία;
804 2530 973 2599 Ἔδει,
1016 2536 1201 2608 φησὶν,
1244 2536 1407 2590 αὐτὸν
1441 2534 1732 2590 ἀποθανεῖν
1779 2533 2000 2604 μᾶλλον,

421 2620 458 2689 ἢ
494 2620 755 2688 περιιδεῖν
822 2619 923 2690 τὴν
973 2621 1209 2688 γυναῖκα
1262 2617 1662 2692 ὑϐριζομένην·
1711 2618 1806 2670 καὶ⁹
1845 2615 2003 2670 τοῦτό

422 2704 574 2756 ἐστιν
617 2702 646 2755 ὃ
696 2702 1061 2773 κατηγοροῦσί
1110 2717 1284 2766 τινεςο
1336 2702 1418 2756 ὃτι
1462 2700 1639 2755 εἵλετο
1674 2699 1873 2771 μᾶλλον
1902 2699 2003 2769 τὴν

420 2784 619 2839 ἑαυτοῦ
645 2785 904 2839 διασῶσαι
928 2785 1094 2857 ζωὴν,
1127 2784 1161 2856 ἢ
1191 2786 1288 2857 τὴν
1313 2782 1667 2855 σωφροσύνην
1690 2784 1788 2853 τῆς
1814 2797 1993 2850 γυναιο

422 2869 541 2934 κός.
577 2869 642 2923 Τί
669 2869 879 2939 λέγεις;
908 2869 1014 2923 ἔδει
1057 2869 1256 2940 μᾶλλον
1293 2868 1454 2922 αὐτὸν
1490 2867 1805 2929 ἀποθανεῖν,
1842 2864 2002 2938 ἦτὴν

421 2955 654 3022 γυναῖκα
680 2953 940 3024 περιιδεῖν
967 2951 1327 3022 ὑϐριζομένην
1347 2969 1361 3017 ;
1384 2951 1496 3005 Καὶ
1521 2949 1576 3003 τί
1601 2949 1762 3004 πλέον
1788 2950 2001 3018 ἐγίγνε-

422 3053 519 3101 το;
558 3038 607 3090 εί
643 3036 740 3108 μὲν
776 3036 886 3107 γάρ
914 3035 1138 3100 ἔμελλεν
1166 3034 1525 3105 ἀποθνήσκων
1551 3033 1882 3104 ἐξαρπάζειν
1904 3032 2002 3111 τὴν

423 3122 659 3188 γυναῖκα
679 3120 780 3191 τῆς
808 3120 1039 3193 ὕϐρεως,
1073 3118 1254 3181 καλῶς
1281 3117 1451 3171 ταῦτά
1478 3133 1613 3186 φατε
1634 3133 1647 3146 ·
1691 3117 1739 3168 εἰ
1776 3115 1832 3168 δὲ
1863 3109 2002 3168 ἀπο-

425 3202 601 3256 θανὼν
623 3203 772 3258 οὐδὲν
793 3201 995 3272 ὠφελεῖ
1016 3201 1115 3273 τὴν
1136 3203 1369 3270 γυναῖκα
1395 3200 1531 3271 πρὸς
1550 3201 1648 3270 τὴν
1670 3200 1771 3269 τῆς
1792 3199 2002 3270 ὕϐρεως

421 3285 765 3358 ἀπαλλαγὴν,
800 3286 945 3349 τίνος
972 3285 1157 3339 ἕνεκεν
1186 3284 1310 3355 είκῆ
1338 3285 1434 3337 καὶ
1462 3281 1649 3344 ἁπλῶς
1676 3282 1774 3353 τὴν
1810 3279 2001 3334 ἑαυτοῦ

423 3370 715 3441 προδίδωσι
749 3371 1056 3441 σωτηρίαν;
1086 3369 1204 3423 Ἵνα
1236 3367 1345 3438 γάρ
1373 3365 1573 3437 μάθῃς,
1597 3366 1679 3419 ὅτι
1717 3364 1838 3417 οὐδὲ
1866 3365 2003 3416 ἀπο-

423 3452 603 3508 θανὼν
626 3452 848 3524 ἔμελλεν
871 3444 1201 3524 ἐξαρπάζειν
1227 3448 1396 3521 αὐτὴν
1420 3450 1522 3520 τῆς
1552 3449 1814 3518 μοιχείας,
1839 3448 2002 3502 ἀκου-

423 3556 518 3591 σον
554 3538 607 3591 τί
647 3554 810 3608 φηςι-ι’
846 3536 954 3591 Καὶ
983 3536 1152 3589 ἔσται
1180 3535 1260 3601 ὡς
1298 3532 1375 3587 ἄν
1401 3547 1475 3588 σε
1508 3533 1720 3587 ἴδωσιν
1743 3536 1797 3586 οὶ
1824 3531 2000 3601 Αἰγύ-

421 3637 603 3681 ⁶πίτιοι,
634 3621 711 3674 σὲ
737 3619 853 3689 μὲν
876 3618 1391 3687 περιποιήσωνται,
1415 3615 1518 3685 ἐμὲ
1546 3615 1615 3670 δὲ
1638 3613 2003 3670 ἀποκτενοῦ-

421 3721 511 3759 σι.
550 3703 655 3756 Δύο
686 3702 864 3756 τοίνυν
890 3701 1082 3772 ἔμελλε
1103 3699 1347 3769 γίνεσθαι
1365 3700 1392 3739 b
1420 3699 1617 3761 ἄτοπα,
1652 3696 1886 3769 μοιχεία,
1907 3696 2002 3749 καὶ

423 3790 615 3857 φόνος
652 3788 715 3841 οὐ
758 3785 858 3857 τῆς
898 3784 1165 3856 τυχούσης
1189 3784 1247 3839 δέ
1284 3780 1353 3854 ἦν
1380 3782 1644 3846 συνέσεως
1677 3782 1742 3835 ἐκ
1770 3780 1878 3833 τῶν
1910 3779 2002 3832 δύο

420 3875 629 3927 τούτων
662 3871 719 3924 ἓν
759 3870 888 3938 γοῦν
923 3869 1197 3938 κερδᾶναι.
1233 3870 1296 3922 Εἰ
1331 3868 1429 3939 μὲν
1454 3870 1565 3940 γάρ
1590 3867 1782 3940 ἔμελλε
1817 3865 2002 3936 (πάλιν

423 3956 532 4027 γάρ
563 3956 623 4009 τὸ
647 3954 780 4008 αὐτὸ
808 3952 940 4026 ἐρῶ)
970 3953 1067 4024 τὴν
1103 3952 1278 4025 ψυχὴν
1301 3952 1516 4015 ἐπιδοὺς
1547 3953 1646 4022 τὴν
1672 3950 1864 4005 ἐαυτοῦ
1895 3951 2001 4003 ἀπ-

423 4039 710 4092 αλλάττειν
755 4036 967 4108 ἐκείνην
1011 4036 1112 4107 τῆς
1160 4035 1391 4107 ὕϐρεως,
1437 4036 1532 4089 καὶ
1581 4034 2001 4095 ἀποκτείναντες

422 4124 622 4177 ὲκ;ῖνοι
652 4120 742 4173 τὸν
777 4120 980 4174 δίκαιον
1011 4120 1112 4190 τῆς
1151 4119 1366 4191 Σάῤῥας
1398 4119 1498 4189 οὐχ
1523 4118 1777 4187 ἥπτοντο,
1819 4115 2002 4180 καλῶς

424 4204 699 4266 ἐνεκάλεις
721 4217 733 4231 ’
758 4204 806 4256 εί
825 4202 882 4256 δὲ
911 4202 1006 4257 καὶ
1034 4201 1394 4266 ἀποθανόντος
1418 4198 1601 4264 αὐτοῦ,
1622 4199 1821 4270 ὁμοίως
1843 4197 2002 4268 ἔμελ·

422 4290 516 4343 λεν
547 4285 864 4362 ὑϐρίζεσθαι
887 4288 920 4357 ἡ
950 4284 1108 4356 γυνὴ,
1133 4284 1276 4348 τίνος
1306 4284 1490 4338 ἕνεκεν
1516 4283 1610 4337 τοῦ
1635 4282 1841 4337 δικαίου
1868 4299 2001 4336 κατ-

424 4374 668 4446 ηγορεῖς,
700 4372 847 4438 ὅς’γε
877 4370 971 4424 δύο
1000 4368 1302 4441 μελλόντων
1332 4368 1647 4440 συμϐαίνειν
1670 4366 1859 4421 δεινῶν
1883 4383 2001 4438 μοι-

425 4458 579 4530 χείας
610 4456 705 4509 καὶ
725 4453 908 4523 φόνου,
945 4452 1171 4524 θάτερον
1202 4451 1289 4504 διὰ
1312 4452 1416 4521 τῆς
1456 4449 1621 4505 αὐτοῦ
1671 4450 1862 4521 σοφίας
1904 4452 2000 4503 ἐκ-

421 4541 622 4608 ώλυσε,
648 4537 710 4591 τὸ
734 4538 837 4606 τῆς
875 4534 1227 4605 ἀνδροφονίας
1251 4534 1394 4604 λέγω
1418 4551 1433 4599 ;
1474 4534 1645 4605 ’Υπὲρ
1671 4535 1781 4606 γὰρ
1806 4534 1999 4589 τούτου

425 4626 522 4679 καὶ
548 4620 888 4676 ἐπαινεῖσθαι
912 4619 1075 4673 αὐτὸν
1100 4619 1228 4684 ἔδει,
1256 4618 1339 4672 ὅτι
1364 4617 1610 4690 καθαρὰν
1629 4619 1893 4690 ἐτήρησεν
1913 4618 2001 4672 αῖ-

428 4724 598 4780 ματος
618 4705 716 4776 τὴν
738 4705 832 4758 τοῦ
865 4702 1051 4776 μοιχοῦ
1080 4704 1255 4773 χεῖρα.
1285 4701 1421 4756 Οὐδὲ
1446 4701 1556 4772 γὰρ
1583 4704 1757 4755 ἐκεῖνο
1774 4700 1840 4754 ἂν
1858 4701 2001 4772 ἔχοις

422 4793 623 4855 εἰπεῖν,
656 4789 739 4843 ὅτι
774 4786 852 4859 τῷ
889 4788 1060 4840 εἰπεῖν
1090 4785 1281 4857 αὐτὴν,
1310 4786 1392 4839 ὅτι
1422 4785 1624 4856 ἀδελφὴ
1664 4784 1830 4839 αὐτοῦ
1861 4787 1997 4855 εἰμι,

419 4873 601 4944 τούτῳ
644 4870 995 4925 ἐπεσπάσατο
1038 4869 1130 4924 τὸν
1176 4868 1473 4937 Αίγύπτιον
1505 4868 1641 4939 πρὸς
1670 4866 1768 4938 τὴν
1806 4866 1995 4938 ὕϐριν·

425 4961 522 5014 καὶ
562 4957 672 5030 γὰρ
714 4958 763 5011 εἰ
796 4953 968 5022 εἶπεν,
1002 4955 1084 5008 ὅτι
1121 4953 1259 5023 γυνὴ
1300 4951 1464 5006 αὐτοῦ
1504 4952 1641 5022 ειμι,
1671 4951 1792 5005 οὐδὲ
1827 4951 2000 5017 οὕτως

424 5042 649 5113 ἔμελλεν
677 5036 1080 5110 ἀποστήσεσθαι
1098 5054 1112 5068 ο
1141 5035 1414 5091 καὶτοῦτο
1435 5035 1702 5106 ἐδήλωσεν
1729 5035 1893 5100 αὐτὸς
1919 5037 1999 5089 εί-

426 5124 544 5178 πών
562 5142 576 5156 ·
619 5124 713 5188 Ὠς
743 5122 849 5176 ἐὰν
880 5120 1052 5174 Ζδωσί
1079 5134 1173 5182 σε,
1201 5118 1593 5187 ἐροῦσιν,“οτι
1631 5119 1788 5188 γυνὴ
1814 5118 2002 5173 αὐτοῦ

424 5209 601 5276 αὕτη,
625 5206 726 5260 καὶ
754 5202 1159 5259 ἀποκτενοῦσί
1175 5219 1272 5272 με,
1295 5205 1371 5255 σὲ
1393 5202 1462 5255 δὲ
1490 5203 1997 5269 περιποιήσονται.

428 5293 593 5345 Ὥστε
617 5288 878 5359 εἰπούσης
909 5288 1031 5358 μὲν,
1061 5280 1141 5341 ὅτι
1173 5286 1309 5357 γυνὴ
1343 5287 1507 5341 αὐτοῦ
1544 5283 1631 5358 ἦν,
1660 5287 1755 5341 καὶ
1786 5288 2003 5358 μοιχεία

427 5377 523 5431 καλ.
549 5375 708 5445 φόνος
731 5374 977 5443 ἐγίγνετο
995 5387 1009 5402 ⁸
1043 5371 1301 5442 εἰπούσης
1329 5370 1407 5435 δὲ,
1442 5371 1524 5424 ὅτι
1561 5371 1784 5443 ἀδελφὴ,
1818 5370 1880 5423 τὸ
1905 5370 2000 5424 τοῦ

490 5582 510 5607 ⁸
533 5583 688 5635 Savil.
725 5584 851 5645 ἐντῇ
891 5585 1018 5645 ψυχῇ
1048 5582 1197 5645 ,λάϐοι
1236 5581 1580 5645 τις,γάϐίωτος.
1614 5579 1738 5645 Ibid.
1774 5580 1923 5632 Savil.
1948 5587 2003 5632 et

432 5646 552 5708 Rm.
573 5647 698 5701 ἄπας
726 5641 1123 5708 γεγέᾶιψὲαίίΜοι
1151 5641 1302 5693 Savil.
1330 5644 1380 5691 in
1420 5656 1571 5705 marg.
1598 5644 1709 5705 φλόξ
1734 5644 1862 5692 ἐστιν
1881 5646 2001 5694 ἀκα-

427 5707 706 5763 τάσϐεστος.
794 5707 799 5708 ⁷

488 5768 519 5809 b
538 5770 687 5817 Savil.
716 5767 763 5817 in
786 5771 923 5818 ιριιιι
947 5767 1201 5823 τίκτεσθαι,
1229 5766 1275 5816 in
1301 5778 1450 5829 marg.
1473 5765 1696 5829 γίνεσθαι,
1730 5773 1780 5821 ul
1807 5766 1907 5817 alii.

3579 362 3683 420 63.2

2112 458 2276 526 φόνου
2306 460 2644 522 διεκωλύετο.
2663 470 2825 541 Ὁρᾷς
2857 473 2974 537 πῶς
3003 472 3093 526 δύο
3127 474 3423 545 μελλόντων
3452 479 3682 541 συμϐαί-

2109 567 2222 607 νειν
2245 554 2453 625 δεινῶν,
2481 559 2710 634 θάτερον
2742 563 2830 617 διὰ
2861 566 2957 637 τῆς
2989 566 3155 620 αὐτοῦ
3186 568 3380 637 σοφίας
3411 570 3622 636 ἀνεῖλες

2179 642 2367 699 Βούλει
2398 650 2609 718 μαθεῖν,
2647 652 2762 717 πῶς
2805 656 2898 708 καὶ
2937 656 3035 726 τῆς
3070 657 3313 728 μοιχείας
3336 660 3397 712 τὸ
3432 660 3683 732 ἔγκλημα

2109 735 2252 788 κατὰ
2281 737 2511 810 δύναμιν
2542 743 2641 814 τὴν
2679 745 2873 799 ἑαυτοῦ
2922 748 3080 802 πάλιν
3111 740 3494 819 ὑποτέμνεται,
3539 751 3682 805 ὥστε

2112 826 2248 897 μηδὲ
2278 832 2463 902 μοιχὸν
2499 835 2660 889 αὐτὸν
2692 837 3100 911 ἀπηρτισμένον
3132 842 3349 912 ἀφεῖναι
3392 843 3681 912 γενέσθαις

2113 920 2376 976 Ἀκουσον
2406 924 2584 980 αὐτῶν
2607 927 2768 983 πάλιν
2796 930 3041 1002 ἀκριϐῶς
3061 931 3169 986 τῶν
3192 934 3451 1005 ῥημάτων
3468 953 3482 967 ο
3508 936 3680 998 Εὶπὲ,

2109 1009 2292 1079 φησὶν,
2316 1012 2406 1068 ὅτι
2431 1014 2663 1086 ἀδελφὴ
2685 1022 2871 1075 αὐτοῦ
2898 1025 3036 1092 ειμι.
3055 1025 3121 1077 Τί
3148 1025 3327 1094 λέγει;
3365 1027 3421 1079 Ὁ
3450 1026 3686 1097 ἀδελφὴν

2107 1099 2396 1172 λαμϐάνων
2447 1107 2543 1160 οὐκ
2598 1109 2711 1163 ἔστι
2746 1114 2965 1183 μοιχός’
3001 1116 3030 1169 6
3058 1116 3167 1188 γάρ
3201 1117 3384 1189 μοιχὸς
3425 1117 3533 1177 ἀπὸ
3581 1120 3684 1189 τῆς

2109 1192 2483 1265 προαιρέσεως
2529 1197 2799 1269 κρίνεταιο
2846 1203 2970 1255 ἐπεὶ
3002 1203 3097 1258 κα)⁸
3124 1206 3153 1258 6
3187 1204 3390 1268 Ἰούδας
3419 1206 3555 1276 πρὸς
3584 1206 3683 1274 τὴν

2112 1281 2333 1353 νύμφην
2372 1286 2471 1356 τὴν
2500 1288 2690 1342 ἑαυτοῦ
2725 1290 2980 1346 εἰσελθὼν
3007 1293 3105 1365 τὴν
3129 1294 3349 1367 Θάμαρ,
3394 1296 3496 1350 οὐκ
3541 1295 3682 1368 ἐκρί·

2108 1388 2229 1426 νετο
2261 1376 2450 1446 μοιχός
2469 1394 2481 1407 ·
2512 1379 2574 1432 οὐ
2607 1379 2716 1450 γὰρ
2747 1381 2823 1445 ὡς
2861 1384 2997 1454 πρὸς
3024 1384 3264 1457 νύμφην,
3298 1386 3412 1439 ἀλλ’
3444 1386 3519 1451 ὡς
3547 1387 3684 1458 πρὸς

2109 1468 2314 1541 πόρνην
2353 1471 2571 1542 εἰσῆλθε
2602 1477 2855 1542 γυναῖκα.
2885 1477 3039 1531 Οὕτω
3069 1479 3164 1533 καὶ
3193 1479 3426 1534 ἐνταῦθα
3457 1482 3485 1533 6
3514 1478 3685 1547 Αίγύ-

2110 1579 2266 1626 πτιος
2302 1563 2513 1633 μέλλων
2546 1566 2719 1639 αὐτὴν
2753 1567 3051 1639 λαμϐάνειν
3084 1570 3181 1641 οὐχ
3212 1571 3288 1635 ὡς
3312 1573 3546 1640 γυναῖκα
3587 1571 3684 1626 τοῦ

2122 1653 2390 1726 Ἀϐραάμ,
2418 1656 2533 1710 ἀλλ’
2553 1658 2628 1722 ὡς
2656 1660 2910 1733 ἀδελφὴν,
2934 1663 3034 1737 οὐκ
3064 1662 3255 1734 ἔμελλε
3284 1664 3467 1735 μοιχὸς
3501 1663 3683 1735 κρίνε-

2110 1743 2252 1800 σθαι.
2290 1747 2354 1799 Τί
2383 1745 2476 1803 οῦν
2502 1751 2659 1803 τοῦτο
2685 1751 2821 1823 πρὸς
2864 1754 2956 1807 τὸν
2990 1754 3260 1826 Ἀϐραὰμ,
3289 1755 3443 1825 φησι,
3472 1753 3562 1807 τὸν
3606 1756 3682 1807 εἱ-

2108 1833 2255 1901 δότα,
2286 1836 2369 1890 ὅτι
2394 1843 2627 1906 γυναῖκα
2654 1841 2752 1913 τὴν
2776 1842 2970 1897 ἑαυτοῦ
2999 1844 3251 1910 ἐξεδίδου,
3278 1846 3372 1899 καὶ
3402 1845 3500 1899 οὐκ
3526 1845 3682 1899 ἀδελ-

2110 1927 2248 1997 φήν;
2293 1927 2429 1982 Ἀλλ’
2453 1930 2573 1984 οὐδὲ
2611 1932 2769 1986 τοῦτο
2801 1933 3052 2006 ἔγκλημα
3082 1933 3293 1989 τούτου.
3321 1935 3384 1989 Εἰ
3433 1935 3531 2005 μὲν
3573 1934 3685 2005 γάρ

2108 2018 2331 2089 ἔμελλεν
2362 2020 2620 2089 ἀκούσας,
2654 2025 2734 2078 ὅτι
2780 2024 2918 2098 γυνὴ
2962 2025 3124 2080 αὐτοῦ
3173 2028 3339 2094 ἐστιν,
3391 2025 3685 2096 ἀφέξεσθαι

2106 2109 2207 2179 τῆς
2247 2110 2477 2183 ὕϐρεως,
2507 2113 2687 2179 καλῶς
2719 2116 2996 2182 ἐνεκάλεις
3018 2118 3097 2189 τῷ
3120 2118 3313 2190 δικαίῳ
3331 2137 3344 2148 ·
3370 2121 3420 2172 εἰ
3447 2119 3504 2172 δὲ
3532 2118 3685 2171 οὐδὲν
3709 2110 3716 2118 ’

2108 2200 2298 2272 ἔμελλε
2329 2203 2388 2256 τὸ
2413 2204 2583 2276 ὄνομα
2603 2207 2702 2278 τῆς
2717 2212 2972 2277 γυναικὸς
2995 2210 3397 2281 προστήσεσθαι
3421 2212 3520 2281 τῆς
3541 2212 3683 2281 Σάῥ-

2110 2296 2208 2365 ῥας
2236 2296 2315 2359 εἰς
2340 2296 2402 2350 τὸ
2425 2297 2523 2369 τὴν
2545 2297 2702 2372 ὕϐριν
2722 2302 3186 2373 ἀποκρούσασθαι,
3212 2302 3361 2375 [657]
3386 2301 3565 2366 καθὼς
3589 2303 3684 2355 καὶ

2108 2389 2267 2453 αὐτός
2305 2407 2500 2461 φησιν,
2534 2393 2615 2446 ὅτι
2662 2393 2926 2465 Ἑροῦσιν,
2961 2395 3043 2448 ὅτι
3069 2394 3237 2462 Γυνὴ
3285 2394 3470 2449 αὑτοῦ
3517 2391 3691 2445 ἐστιν

2107 2478 2279 2548 αὕτη,
2308 2480 2406 2534 καὶ
2445 2481 2939 2550 περιποιήσογται
2977 2498 3071 2547 σε,
3100 2480 3276 2553 πολλῷ
3313 2482 3510 2555 μᾶλλον
3548 2481 3681 2535 θαυ-

2111 2569 2305 2641 μάζειν
2328 2572 2417 2626 τὸν
2440 2573 2646 2627 δίκαιον
2674 2574 2779 2646 χρὴ
2809 2577 2866 2629 ἐν
2889 2576 3123 2646 τοσαύτῃ
3148 2575 3470 2646 πράγματος
3490 2574 3683 2628 δυσκορ

2107 2662 2198 2734 λίᾳ
2218 2662 2509 2734 δυνηθέντα
2534 2666 2626 2718 καλ⁵
2651 2667 2896 2738 αἱμάτων
2923 2666 3163 2739 καθαρὸν
3199 2668 3438 2737 τηρῆσαι
3469 2665 3560 2718 τὸν
3583 2666 3682 2718 Λί-

2108 2753 2356 2823 γύπτιον,
2395 2756 2488 2811 καὶ
2527 2760 2604 2823 εἰς
2633 2758 2861 2829 δύναμιν
2888 2758 2985 2832 τὴν
3011 2758 3204 2813 ἐαυτοῦ
3230 2758 3290 2813 τὸ
3317 2758 3566 2829 ἔγκλημα
3584 2757 3682 2827 τῆς

2110 2841 2320 2915 ὕϐρεως
2349 2846 2872 2917 παραμυθήσασθαι.

2182 2932 2438 3002 Ἄγωμεν
2479 2933 2544 3004 δὴ
2578 2933 2763 2988 λοιπὸν
2787 2934 2879 2988 τὸν
2906 2934 3061 3005 λόγον
3091 2934 3184 2989 καὶ
3221 2934 3314 2988 ἐπὶ
3343 2934 3434 2989 τὸν
3461 2932 3683 3003 ἔκγονον

2109 3022 2272 3076 αὐτοῦ
2324 3022 2415 3077 τὸν
2447 3023 2670 3078 Ἰακώϐ·
2706 3027 2798 3079 καὶ
2849 3025 2969 3096 ὕψει
3008 3026 3258 3081 κάκεῖνον
3283 3025 3557 3080 δεδοικότα
3588 3023 3685 3077 καὶ

2107 3116 2376 3188 τρέμοντα
2405 3114 2503 3187 τὴν
2529 3115 2805 3187 τελευτὴν,
2822 3115 3105 3187 ἄνθρωπον
3129 3118 3195 3171 ἐκ
3216 3115 3440 3188 πρώτης
3466 3115 3683 3187 ἡλικίας

2108 3205 2468 3276 ἀποστολικὴν
2488 3205 2892 3277 ἐπιδειξάμενον
2913 3206 3326 3276 φιλοσοφίαν.Ὃ
3345 3207 3452 3277 γὰρ
3472 3206 3684 3269 Παῦλος

2107 3298 2220 3359 τοῖς
2249 3296 2518 3368 μαθηταῖς
2557 3296 2866 3367 ἐνομοθέτει
2904 3297 3076 3366 λέγων
3096 3315 3112 3330 σ
3150 3299 3432 3367 Ἔχοντες
3461 3298 3687 3367 τροφὰς

2108 3389 2208 3441 καὶ
2253 3388 2654 3455 σκεπάσματα
2693 3390 2926 3453 τούτοις
2967 3390 3484 3458 ἀρκεσθησόμεθα,
3523 3389 3683 3442 τοῦτο

2107 3480 2203 3534 καὶ
2225 3474 2379 3543 οὕτος
2405 3481 2573 3552 ᾔτησε
2605 3480 2756 3551 παρά
2783 3479 2875 3533 τοῦ
2911 3480 3043 3534 Θεοῦ
3076 3479 3245 3534 εἰπών
3263 3499 3278 3513 ο
3309 3483 3409 3534 Ἂν
3432 3479 3552 3550 δῴη
3578 3500 3682 3551 μοι

2109 3571 2322 3638 Κύριος
2357 3570 2541 3638 ἄρτον
2572 3569 2785 3640 φαγεῖν
2829 3569 2927 3624 καὶ
2961 3569 3190 3639 ἱμάτιον
3234 3573 3679 3641 περιϐαλέσθαι,

2107 3660 2281 3729 ἀρκεῖ
2298 3662 2460 3730 ἡμῖν.
2479 3660 2617 3713 Ἀλλ’
2642 3661 2789 3732 ὅμως
2828 3662 2922 3715 καὶ
2956 3656 3107 3724 οὗτος
3137 3663 3165 3714 6
3191 3661 3356 3733 μηδὲν
3388 3662 3547 3715 πλέον
3579 3663 3679 3734 τῆς

2106 3754 2294 3828 χρείας
2323 3752 2522 3824 ζητῶν,
2549 3755 2578 3806 6
2603 3752 2702 3823 τῆς
2733 3752 2908 3815 οἰκίας
2940 3751 3231 3822 ὑπεριδὼν,
3261 3754 3289 3805 6
3310 3751 3407 3815 τὰς
3435 3752 3683 3821 εὐλογίας

2107 3845 2308 3913 λαϐὼν,
2338 3847 2367 3899 6
2394 3847 2460 3918 τῇ
2498 3845 2666 3916 μητρὶ
2711 3843 2973 3909 πεισθεὶς,
3004 3847 3031 3899 6
3060 3843 3135 3916 τῷ
3166 3842 3285 3914 Θεῷ
3326 3843 3498 3915 φίλος,
3540 3845 3567 3896 6
3593 3843 3685 3898 διὰ

2106 3938 2205 4009 τῆς
2233 3937 2424 4009 σοφίας
2452 3937 2778 4009 βιασάμενος
2823 3938 2922 4009 τὴν
2952 3935 3113 4008 φύσιν
3144 3938 3162 4006 (
3185 3936 3435 4007 δεύτερος
3459 3936 3568 4008 γὰρ
3601 3935 3682 3989 ὢν

2106 4034 2172 4104 τῇ
2207 4032 2388 4101 φύσει,
2411 4031 2674 4104 πρότερος
2697 4031 2888 4100 γέγονε
2910 4033 3031 4094 ταῖς
3049 4028 3362 4100 εὐλογίαις),
3385 4031 3413 4083 6
3443 4029 3684 4084 τοσαῦτα

2105 4124 2373 4195 δυνηθεὶς,
2409 4123 2439 4177 6
2479 4123 2718 4178 τοσαῦτα
2749 4123 3136 4194 φιλοσοφήσας,
3167 4123 3195 4175 6
3223 4121 3491 4193 τοσαύτην
3525 4120 3681 4174 εὐσέ-

2107 4215 2260 4270 ϐειαν
2286 4214 2712 4286 ἐπιδειξάμενος,
2742 4214 2879 4285 μετά
2902 4215 3028 4278 τοὺς
3052 4214 3275 4287 μυρίους
3301 4213 3516 4277 ἄθλους,
3542 4212 3681 4283 μετά

2105 4308 2177 4361 τὰ
2232 4307 2400 4384 μυρία
2443 4307 2763 4378 σκάμματα,
2807 4305 2946 4378 μετά
2993 4305 3063 4360 τά
3108 4306 3277 4378 μυρία
3327 4306 3682 4376 παλαίσματα

2107 4401 2202 4456 καὶ
2223 4401 2347 4467 τοὺς
2375 4400 2599 4464 πολλοὺς
2620 4401 2917 4469 στεφάνους
2940 4399 3201 4463 ἐκείνους,
3218 4399 3309 4451 ἐπὶ
3329 4398 3426 4468 τὴν
3448 4396 3682 4468 πατρίδα

2106 4492 2364 4557 ἐπανιὼν,
2402 4493 2495 4548 καὶ
2525 4492 2732 4562 μέλλων
2760 4491 3103 4556 ἐντεύξεσθαι
3130 4489 3207 4561 τῷ
3234 4488 3466 4558 ἀδελφῷ,
3510 4489 3681 4542 καθά-

2107 4604 2214 4658 περ
2258 4585 2443 4657 θηρίον
2488 4585 2711 4654 6ψεσθαι
2766 4582 2995 4654 μέλλων,
3025 4582 3119 4635 καὶ
3149 4580 3478 4649 φοϐούμενος
3515 4578 3679 4633 αὐτοῦ

2105 4681 2204 4753 τὴν
2237 4679 2621 4753 μνησικακίαν,
2658 4677 2986 4749 προσπίπτει
3025 4674 3103 4745 τῷ
3137 4672 3277 4744 Θεῷ,
3305 4673 3400 4727 καὶ
3427 4689 3681 4743 παρακα-

2106 4771 2213 4825 λεῖ·
2252 4769 2495 4836 Ἐξελοῦ
2518 4787 2596 4839 με
2615 4769 2683 4824 ἐκ
2707 4770 2906 4838 χειρὸς
2927 4763 3112 4823 Ἡσαῦ
3128 4764 3233 4820 τοῦ
3256 4765 3522 4834 ἀδελφοῦ
3536 4782 3679 4832 μου,

2106 4860 2303 4931 λέγων,
2340 4860 2431 4914 ὅτι
2476 4859 2767 4930 φοϐοῦμαι
2806 4858 2922 4929 ἐγὼ
2953 4856 3158 4917 αὑτὸν,
3187 4855 3271 4925 μή
3312 4869 3456 4910 ποτε
3490 4855 3684 4910 ἐλθὼν

2106 4950 2344 5020 πατάξῃ
2363 4967 2458 5022 με,
2494 4950 2592 5005 καὶ
2614 4949 2841 5021 μητέρα
2862 4949 2959 5002 ἐπὶ
2991 4946 3243 5013 τέκνοις.
3271 4942 3423 5010 Εἶδες
3448 4946 3563 5008 πῶς
3589 4945 3682 4997 καὶ

2107 5041 2260 5109 οὗτος
2290 5044 2545 5099 ἐδεδοίκει
2593 5044 2685 5098 τὸν
2737 5043 3001 5107 θάνατον;
3044 5039 3162 5103 πῶς
3211 5039 3426 5111 τρέμει,
3460 5039 3554 5092 καὶ
3590 5036 3682 5090 τὸν

2107 5139 2242 5193 Θεὸν
2289 5137 2597 5209 παρακαλεῖ
2639 5135 2768 5207 περὶ
2814 5133 3039 5198 τούτου;
3075 5131 3262 5187 Βούλει
3292 5149 3373 5185 σοι
3402 5129 3558 5193 δείξω
3588 5126 3681 5180 καὶ

2107 5230 2295 5300 ’ἐτερον
2325 5228 2497 5298 μέγαν
2519 5225 2802 5297 ἄνθρωπον
2828 5223 2890 5278 τὸ
2910 5223 3042 5279 αὐτὸ
3064 5222 3224 5277 τοῦτο
3248 5217 3554 5274 πεπονθότα
3586 5216 3684 5268 πά·
3780 5212 3787 5217 ’

2107 5318 2220 5383 λιν;
2265 5316 2544 5387 Ἐννόησον
2591 5314 2681 5367 τὸν
2714 5312 2918 5378 Ἠλίαν,
2963 5312 3065 5383 τὴν
3111 5310 3458 5381 οὐρανομήκη
3505 5303 3682 5374 ψυχὴν

2109 5406 2205 5459 καὶ
2249 5404 2424 5457 θείαν·
2455 5403 2661 5464 ἐκεῖνος
2690 5400 2798 5471 γὰρ
2845 5402 2875 5454 6
2921 5398 3014 5452 τὸν
3057 5395 3283 5469 οὐρανὸν
3311 5393 3553 5455 κλείσας,
3589 5391 3683 5445 καὶ

2109 5494 2272 5549 πάλιν
2297 5492 2536 5559 ἀνοίξας,
2571 5493 2601 5545 6
2627 5492 2687 5544 τὸ
2726 5491 2838 5562 πῦρ
2871 5489 3077 5543 ἀνωθεν
3118 5483 3482 5553 κατενεγκὼν,
3512 5484 3541 5535 6
3581 5479 3683 5551 τὴν

2111 5583 2427 5654 θαυμαστὴν
2454 5583 2647 5636 θυσίαν
2674 5579 3072 5651 προσενεγκὼν,
3099 5578 3128 5631 6
3156 5574 3405 5644 ζηλώσας
3431 5573 3566 5641 ὑπὲρ
3589 5575 3686 5628 τοῦ

2109 5671 2267 5735 Θεοῦ,
2296 5672 2499 5734 ἐκεῖνος
2529 5673 2557 5724 ὀ
2586 5672 2643 5723 ἐν
2667 5667 2880 5736 σώματι
2910 5661 3233 5734 ἀνθρωπίνῳ
3262 5660 3549 5732 ἀγγελικδν
3571 5662 3684 5712 ἐπι-

2111 5759 2419 5829 δειξάμενος
2455 5760 2588 5829 βίον,
2616 5759 2643 5811 6
2672 5756 2770 5826 τῆς
2812 5752 3061 5824 μηλωτῆς
3094 5752 3254 5806 πλέον
3283 5751 3421 5808 ἔχων
3453 5748 3625 5804 οὐδὲν.
3655 5750 3683 5800 6
