4104 6492
483 497 718 562 exarsit;
767 497 875 562 ille,
919 498 1007 566 qui
1039 497 1091 552 in
1138 512 1362 569 corpore
1387 497 1620 554 humano
1673 500 1966 570 angelicam
1995 501 2076 555 vi-

485 599 597 644 tam
624 588 883 656 exhibuit,
913 590 1001 660 qui
1031 598 1225 660 pra-ter
1261 591 1472 645 ovinam
1496 593 1688 662 pellcm
1717 594 1846 648 nihil
1877 594 2082 661 habuit,

486 681 577 751 qui
629 681 794 736 rebus
838 682 1084 736 omnibus
1131 682 1378 738 humanis
1422 684 1667 753 superior
1713 687 1900 751 evasit,
1951 686 2086 741 adeo

485 782 718 848 mortem
745 776 933 828 metuit
960 789 1022 829 ac
1043 775 1372 838 reformidat,
1397 785 1454 830 ut
1476 787 1592 846 post
1618 777 1704 831 illa
1733 787 1941 843 cuncta,
1968 788 2088 848 post

485 865 678 920 celum
722 875 777 920 et
820 865 1163 933 sacrificium,
1203 876 1322 936 post
1365 868 1620 934 meloten,
1680 868 1980 936 desertum,
2031 879 2087 924 et

486 957 880 1028 philosophiam
901 967 1208 1028 tantamque
1239 959 1506 1024 fiduciam,
1538 961 1694 1014 vilem
1717 961 2084 1015 mulierculam

488 1050 854 1119 pertimescat,
906 1060 963 1106 et
1015 1051 1215 1115 idcirco
1273 1051 1458 1122 fugiat.
1526 1052 1656 1107 Nam
1713 1053 1834 1122 quia
1881 1054 2086 1108 dixerat

485 1143 697 1199 Jezabel
730 1161 744 1198 :
780 1143 905 1198 ch
925 1145 1116 1216 faciant
1143 1145 1266 1198 mihi
1305 1147 1396 1212 dii,
1421 1155 1467 1199 et
1493 1146 1600 1200 ha'c
1620 1146 1830 1213 addant,
1851 1147 1948 1200 nisi
1973 1163 2086 1201 cras

485 1240 712 1290 animam
737 1246 878 1291 tuam
913 1255 1127 1310 posuero
1171 1240 1299 1293 sicut
1325 1241 1552 1294 animant
1589 1242 1737 1295 unius
1757 1258 1819 1294 ea:
1846 1242 1968 1306 illis,
1999 1244 2088 1311 qui

485 1332 673 1384 mortui
707 1340 824 1385 sunt
851 1347 870 1384 :
910 1332 1076 1385 timuit
1123 1331 1333 1401 Helias,
1385 1334 1595 1404 inquit,
1644 1343 1690 1388 et
1736 1333 1864 1404 fugit
1911 1333 2088 1388 itinere

485 1422 683 1475 dierum
708 1423 1048 1494 quadraginta
1077 1423 1164 1494 (3.
1193 1423 1316 1494 Reg.
1353 1425 1438 1480 19.
1471 1425 1525 1478 2.
1557 1426 1589 1478 ὅ
1609 1425 1650 1496 ).

560 1516 613 1570 5.
651 1515 807 1570 Vides
835 1525 890 1569 ut
919 1531 1067 1571 mors
1105 1516 1174 1571 sit
1201 1517 1492 1572 terribilis?
1515 1518 1796 1572 Dominum
1820 1531 1948 1588 ergo
1972 1516 2086 1571 lau-

485 1605 695 1671 demus,
716 1605 855 1677 quod
878 1623 997 1662 curn
1020 1608 1269 1663 terribilis
1291 1617 1433 1664 esset
1453 1609 1750 1679 prophetis,
1775 1617 2086 1678 contemptu

486 1696 698 1752 facilem
726 1698 1038 1754 mulieribus
1078 1699 1387 1755 reddiderit.
1438 1700 1617 1756 Helias
1661 1709 1886 1756 mortem
1913 1699 2085 1770 fugie-

485 1788 596 1853 bat,
625 1790 878 1844 mulieres
905 1789 972 1844 ad
1017 1801 1244 1846 mortem
1274 1792 1651 1862 confugiebant
1687 1811 1700 1847 :
1733 1792 1821 1845 ille
1841 1807 1872 1846 a
1911 1800 2086 1847 morte

483 1880 694 1947 resiliit,
727 1880 843 1935 ista:
891 1891 1122 1937 mortem
1151 1891 1275 1936 sunt
1317 1892 1656 1938 consectatae.
1700 1883 1860 1938 Vides
1888 1893 2085 1954 quanta

483 1983 707 2042 repente
727 1971 866 2028 facta
900 1974 970 2029 sit
997 1976 1254 2030 mutatio?
1298 1975 1567 2030 Abraham
1598 1983 1653 2030 et
1683 1976 1860 2030 Helias
1901 1990 2086 2030 necem

483 2064 868 2134 reformidant,
913 2068 1166 2123 muhcres
1216 2077 1393 2124 autem
1440 2071 1592 2139 quasi
1643 2070 1808 2124 lutum
1861 2068 2086 2139 pedibus

484 2157 600 2211 suis
625 2167 852 2212 mortem
892 2159 1293 2215 conculcarunt.
1324 2160 1704 2215 Verumtamen
1735 2177 1804 2215 ne
1830 2161 1948 2216 illos
1969 2161 2086 2231 qui-

483 2246 608 2303 dem
635 2258 848 2304 sanctos
877 2264 1218 2318 accusemus;
1251 2267 1357 2306 non
1390 2252 1625 2323 ipsorum
1668 2260 1750 2306 est
1773 2253 1961 2322 culpa;
1992 2267 2085 2307 na-

486 2348 623 2394 tura:
664 2339 998 2397 imbecillitas
1025 2351 1160 2412 erat,
1189 2359 1295 2398 non
1313 2343 1516 2399 crimen
1546 2344 1755 2400 arbitrii
1779 2363 1793 2400 :
1826 2345 2084 2400 formida-

485 2431 648 2487 bilem
702 2447 822 2487 esse
865 2442 972 2487 tum
1023 2434 1280 2504 temporis
1325 2435 1466 2491 Deus
1497 2445 1722 2491 mortem
1749 2437 1979 2505 volebat,
2026 2445 2086 2492 ut

483 2527 668 2595 gratia:
691 2535 876 2595 postea
921 2527 1229 2597 magnitudo
1270 2527 1660 2596 innotesceret;
1694 2528 2084 2584 formidabilem

487 2619 632 2671 illam
661 2618 826 2671 voluit
849 2632 969 2673 esse
1001 2636 1014 2672 :
1039 2619 1354 2690 supplicium
1391 2620 1532 2674 enim
1562 2630 1678 2674 erat
1709 2637 1721 2674 :
1751 2619 1949 2676 idcirco
1969 2620 2083 2676 dis-

485 2711 621 2765 solvi
669 2711 915 2781 supplicii
958 2712 1134 2766 minas
1178 2713 1365 2777 noluit,
1423 2727 1490 2767 ne
1535 2713 1809 2783 segniores
1841 2713 2086 2770 homines

491 2813 675 2873 postea
719 2803 1095 2866 redderentur.
1121 2803 1351 2871 Maneat,
1380 2804 1568 2875 inquit,
1595 2804 1662 2859 ad
1683 2820 1778 2860 eos
1806 2806 2086 2862 terrendos

491 2893 928 2964 coercendosque
953 2896 1216 2950 sententia
1249 2913 1262 2950 :
1296 2896 1396 2950 erit
1416 2896 1579 2962 enim,
1602 2897 1951 2966 erittempus,
1979 2913 2086 2967 quo

486 2992 543 3034 et
584 2990 728 3033 metu
762 2980 865 3034 isto
888 2980 1286 3047 liberabuntur;
1317 2980 1459 3050 quod
1482 2982 1666 3052 utique
1711 2982 1922 3037 accidit.
1977 2981 2086 3037 Nos

484 3073 684 3143 quippe
705 3072 956 3127 liberatos
981 3074 1049 3128 ab
1078 3089 1144 3128 eo
1172 3072 1339 3129 fuisse
1366 3074 1467 3129 hoc
1495 3085 1638 3130 metu
1664 3074 1937 3131 declarant
1961 3090 2084 3130 cum

486 3177 754 3240 martyres
798 3177 908 3222 tum
939 3177 1065 3223 ante
1095 3179 1360 3239 martyres
1403 3169 1622 3224 Paulus.
1655 3169 1863 3224 Audisti
1898 3169 1950 3223 in
1977 3168 2084 3224 γε.

486 3258 589 3312 teri
621 3258 964 3313 Testamento
990 3257 1259 3313 dicentem
1291 3258 1594 3324 Abraham,
1645 3257 1713 3312 Te
1741 3259 1944 3330 quidem
1981 3275 2088 3313 ser-

485 3349 706 3416 vabunt,
751 3367 831 3405 me
873 3365 988 3403 vero
1030 3350 1329 3419 interﬁcient
1379 3348 1546 3421 (Cen.
1582 3348 1669 3403 12.
1719 3347 1861 3420 l2)?
1891 3349 2086 3403 audisti

486 3442 658 3498 JacUb
686 3442 952 3497 dicentem
978 3483 994 3510 ,
1025 3441 1164 3496 Erue
1197 3459 1276 3495 me
1302 3442 1365 3496 de
1401 3458 1554 3496 manu
1592 3441 1733 3496 Esau
1755 3443 1929 3512 fratris
1954 3443 2085 3511 mei,

485 3537 727 3608 quoniam
755 3553 870 3590 cum
914 3538 1062 3590 timeo
1097 3553 1187 3608 ego
1228 3534 1393 3609 (Gen.
1423 3535 1512 3590 52.
1545 3537 1605 3590 11
1632 3535 1690 3607 )?

559 3625 734 3699 Longe
753 3628 855 3680 alia
879 3637 950 3681 est
979 3629 1197 3681 conditio
1237 3628 1678 3694 Christianorum;
1707 3625 1907 3682 'Psalmi
1935 3643 2088 3681 cane-

487 3722 674 3774 bantur
699 3722 751 3774 in
783 3737 953 3775 eorum
985 3721 1556 3795 funeribus.—Vidisti
1602 3722 1804 3776 lleliam
1846 3721 2089 3776 mulieris

487 3813 660 3868 minas
688 3813 876 3868 mortis
923 3828 1080 3868 causa
1127 3813 1462 3883 fugientem?
1497 3814 1634 3868 Audi
1661 3814 1928 3885 quomodo
1951 3814 2087 3870 Pau-

488 3907 571 3960 lus
598 3921 721 3976 erga
751 3922 864 3961 rem
884 3906 1040 3960 istam
1066 3907 1134 3960 sit
1161 3906 1402 3970 allectus,
1431 3923 1498 3960 an
1520 3906 1910 3964 formidabilem
1938 3908 2088 3964 illam

486 4005 706 4052 censeat
732 4007 789 4052 ut
819 3998 920 4064 illi;
953 4013 1082 4051 num
1125 4013 1188 4053 ea
1223 3997 1536 4053 imminente
1581 3997 1821 4053 tristctur
1862 4013 1925 4053 ac
1969 4013 2088 4054 me-

488 4099 625 4145 tuat.
656 4091 770 4145 lino
796 4105 923 4146 vero
949 4106 980 4146 e
1009 4092 1298 4158 contrario,
1330 4106 1443 4146 rem
1467 4106 1587 4147 esse
1619 4092 1910 4162 optabilem
1940 4092 2088 4147 arbi-

487 4191 660 4238 tratur
707 4201 720 4237 :
776 4192 1058 4254 propterea
1099 4183 1260 4251 dicit,
1314 4182 1539 4238 Dissolvi
1590 4200 1672 4238 me
1731 4193 1777 4238 et
1820 4200 1926 4239 esse
1972 4201 2090 4238 eum

486 4272 688 4328 Christo
729 4275 889 4328 multo
930 4275 1109 4339 melius
1139 4274 1410 4347 (Philipp.
1445 4277 1497 4332 1.
1525 4275 1649 4347 25).
1678 4276 1788 4331 Illis
1835 4276 2091 4332 formida-

488 4367 618 4435 bile,
647 4368 768 4422 huic
796 4368 1023 4436 melius;
1054 4369 1162 4424 illis
1187 4369 1568 4439 injucundum,
1600 4369 1724 4425 huic
1744 4369 2039 4439 jucundum
2071 4389 2086 4425 :

487 4473 555 4513 ac
575 4460 765 4513 merito
785 4459 913 4515 'sane
942 4478 956 4514 :
981 4461 1106 4515 olim
1131 4462 1272 4516 enim
1300 4461 1367 4515 ad
1397 4462 1661 4516 infernum
1688 4477 1834 4517 mors
1860 4462 2091 4518 deduce-

487 4551 600 4616 bat,
625 4567 765 4607 nunc
794 4562 973 4608 autem
1001 4553 1068 4608 ad
1107 4553 1378 4610 Christum
1406 4572 1550 4611 mors
1577 4555 1886 4611 transmittit
1913 4573 1926 4609 :
1959 4572 2090 4628 qua-

489 4655 706 4717 propter
729 4646 893 4702 Jacob
913 4646 1127 4716 quidem
1173 4648 1268 4715 ait,
1295 4645 1570 4703 Deducelis
1597 4658 1895 4703 senectutem
1926 4665 2090 4703 meam

487 4755 601 4792 cum
633 4740 837 4793 tristitia
885 4739 954 4792 ad
983 4741 1174 4809 inferos
1203 4739 1220 4809 (
1245 4739 1372 4794 Cen.
1418 4741 1508 4795 42.
1565 4737 1702 4812 58);
1742 4742 1938 4797 Paulus
1963 4757 2090 4796 vero

489 4831 722 4899 diccbat,
753 4832 975 4887 Dissolvi
1020 4843 1064 4888 et
1094 4851 1211 4888 cum
1242 4833 1441 4888 Christo
1468 4852 1573 4889 esse
1603 4853 1680 4891 me
1721 4837 1880 4890 multo
1910 4837 2089 4890 melius

490 4923 768 4998 (Philipp.
827 4928 878 4982 1.
935 4926 1063 5000 25).
1112 4927 1239 4983 Haec
1280 4944 1441 4998 porro
1478 4929 1708 4994 diccbat,
1739 4946 1845 4985 non
1873 4941 1928 4985 ut
1955 4931 2092 4985 hanc

489 5023 652 5077 vitam
681 5023 980 5090 damnaret,
1009 5024 1148 5079 absit
1181 5042 1194 5078 :
1235 5039 1518 5079 caveamus
1540 5025 1703 5090 enim,
1730 5041 1795 5079 ne
1825 5025 2090 5080 haereticis

488 5132 672 5170 ansam
701 5117 1034 5187 pra-beamus
1059 5134 1072 5184 ;
1103 5133 1274 5188 neque
1295 5117 1436 5188 quod
1461 5133 1578 5173 eam
1605 5127 1871 5188 tamquam
1895 5118 2088 5172 malam

489 5207 718 5277 fugeret,
751 5207 845 5262 sed
873 5208 1014 5278 quod
1046 5207 1300 5277 futuram,
1351 5217 1409 5263 ut
1435 5209 1736 5274 meliorem,
1791 5216 2087 5278 exoptaret.

491 5303 604 5356 Non
651 5302 793 5358 enim
837 5301 970 5357 dixit
1020 5302 1238 5357 dissolvi
1291 5311 1345 5357 et
1387 5318 1507 5357 esse
1553 5317 1675 5358 cum
1719 5303 1935 5356 Christo
1988 5302 2090 5356 bo-

487 5411 615 5449 num
673 5409 793 5450 esse
836 5394 1169 5464 simpliciter,
1219 5396 1313 5450 sed
1369 5394 1561 5450 melius
1606 5394 1844 5450 :melius
1870 5408 2090 5462 compa-

491 5487 699 5540 ratione
744 5485 867 5541 boni
898 5486 1125 5556 alicujus
1173 5486 1384 5542 dicitur.
1433 5486 1890 5554 Quemadmodum
1947 5486 2090 5540 enim

489 5595 612 5635 cum
652 5581 746 5643 ait,
791 5579 888 5647 Qui
916 5582 1235 5636 matrimonio
1270 5581 1465 5651 jungit,
1488 5581 1610 5636 bene
1650 5581 1808 5652 facit;
1849 5580 1935 5649 qui
1976 5596 2092 5634 vero

496 5689 599 5727 non
629 5674 830 5746 jungit,
862 5674 1040 5728 melius
1069 5675 1190 5747 facit
1220 5674 1309 5746 (1.
1342 5673 1460 5728 Cor.
1494 5674 1546 5728 7.
1571 5674 1710 5744 58),
1737 5673 1935 5729 bonum
1967 5673 2092 5743 qui-

494 5770 614 5822 dem
643 5783 764 5824 esse
793 5769 1188 5824 matrimonium
1216 5768 1483 5836 ostendit,
1528 5779 1582 5824 at
1625 5769 1900 5824 meliorem
1932 5769 2092 5838 virgi-

495 5863 713 5918 nitatem
745 5879 757 5916 :
789 5862 859 5918 ita
890 5862 1142 5919 nimirum
1185 5872 1236 5919 et
1267 5862 1370 5922 hoc
1400 5847 1539 5932 loco,
1573 5863 1719 5918 Bona
1741 5862 1954 5934 quidem
1983 5863 2087 5919 vita

1597 384 1684 441 DE
1723 379 1818 442 SS.
1861 385 2160 441 BERNlCE
2205 385 2290 442 ET
2323 387 2694 444 PRCSDOCE.

3684 400 3788 456 634

2195 515 2450 570 prarsens,
2481 502 2667 572 inquit,
2693 503 2857 557 multa
2887 521 3012 561 vero
3037 507 3222 562 melior
3241 518 3322 563 est
3357 506 3551 564 futura.
3583 511 3789 570 Rursus

2192 591 2314 645 alibi
2341 593 2454 662 pari
2488 595 2692 648 ratione
2717 595 3138 665 philosophatur,
3173 608 3225 652 et
3255 599 3327 653 ait
3353 616 3367 653 :
3398 599 3504 655 Sed
3538 613 3583 655 et
3612 603 3654 656 si
3689 605 3785 657 im-

2192 683 2354 736 ntolor
2377 701 2532 753 supra
2553 687 2880 755 sacriﬁcium,
2901 699 2946 742 et
2968 689 3257 758 obsequium
3284 692 3404 759 ﬁdei
3430 704 3626 760 vesti-te,
3656 714 3784 765 gauv

2191 775 2284 826 deo
2323 783 2370 828 et
2418 777 2744 846 cungratulor
2795 778 3023 832 omnibus
3048 781 3184 833 vobis
3209 796 3226 834 :
3255 781 3481 852 idipsum
3529 796 3698 838 autent
3739 796 3789 841 e3

2191 880 2278 918 vos
2312 867 2558 935 gaudete,
2607 878 2654 920 et
2681 871 3106 939 congratulamini
3138 870 3402 943 (Philipp.
3449 875 3504 928 2.
3538 877 3624 930 17.
3663 877 3760 948 18)

2191 955 2326 1022 Quid
2350 958 2467 1011 ais?
2493 959 2740 1026 moreris,
2770 974 2803 1014 ο
2833 961 3009 1027 Paule,
3037 971 3087 1017 et
3116 963 3180 1017 ad
3213 965 3524 1021 societatem
3549 968 3789 1038 volupta-

2193 1046 2258 1099 tis
2279 1046 2520 1103 homines
2547 1048 2816 1104 advocas?
2867 1052 2994 1121 quid
3038 1052 3130 1106 tibi
3175 1069 3357 1124 quaeso
3395 1057 3626 1112 accidit?
3673 1059 3787 1112 Non

2191 1140 2440 1210 equidem
2490 1143 2726 1208 morior,
2783 1144 2987 1213 inquit,
3042 1145 3135 1200 sed
3187 1147 3254 1200 ad
3298 1148 3574 1203 meliorem
3628 1151 3789 1206 vitam

2193 1241 2424 1288 transeo.
2480 1233 2548 1289 Ut
2606 1234 2765 1305 igitur
2820 1235 3065 1290 homines
3118 1239 3484 1307 magistratum
3546 1240 3791 1296 ineuntes

2193 1326 2455 1395 plurimos
2501 1326 2699 1380 Iustitia:
2762 1328 2861 1382 sibi
2917 1329 3092 1382 socios
3139 1345 3202 1382 ac
3247 1331 3532 1400 participes
3584 1331 3790 1386 futuros

2192 1427 2473 1473 accersunt
2516 1437 2530 1475 :
2575 1419 2652 1474 sic
2679 1429 2730 1473 et
2761 1420 2955 1475 Paulus
2979 1421 3046 1476 ad
3076 1431 3301 1477 mortem
3335 1438 3561 1494 pergens
3611 1425 3789 1494 gaudii

2191 1511 2273 1563 sui
2299 1519 2576 1564 consortes
2605 1509 2812 1563 futuros
2839 1511 3081 1566 vocabat.
3115 1513 3208 1566 Est
3237 1512 3377 1567 enim
3409 1529 3555 1568 mors
3578 1515 3790 1584 requies

2191 1600 2459 1672 qumdam,
2514 1600 2755 1655 laborum
2800 1600 2941 1668 finis,
2983 1601 3341 1673 sudorumque
3381 1605 3660 1659 retributio
3685 1646 3699 1672 ,
3726 1619 3788 1659 ac

2192 1695 2545 1750 certaminum
2579 1693 2855 1763 priemium
2886 1703 2940 1748 et
2965 1708 3186 1749 corona.
3219 1695 3345 1751 Ideo
3377 1697 3637 1766 principio
3659 1697 3783 1766 qui-

2191 1786 2313 1842 dem
2343 1801 2506 1855 super
2527 1795 2766 1841 mortuos
2789 1787 3034 1856 planctus
3059 1787 3272 1857 quidam
3304 1796 3359 1842 et
3379 1786 3790 1843 lamentationes

2193 1879 2419 1942 fiebant;
2466 1893 2608 1933 nunc
2645 1887 2821 1933 autem
2869 1879 3059 1948 psalmi
3108 1888 3161 1933 et
3203 1890 3391 1934 cantus
3438 1881 3786 1951 hymnorum.

2191 1970 2482 2027 Fleverunt
2511 1971 2668 2041 igitur
2710 1971 2874 2026 Jacob
2899 1970 3249 2043 quadraginta
3275 1972 3484 2039 diebus,
3513 1972 3785 2028 fleverunt

2191 2078 2244 2123 et
2274 2067 2512 2141 Moysem
2543 2069 2763 2125 totidem
2790 2070 2921 2124 alias
2947 2068 3120 2123 Judtei
3177 2077 3230 2124 et
3279 2069 3619 2138 planxerunt,
3651 2083 3788 2139 quo-

2192 2162 2334 2216 niam
2365 2176 2516 2216 mors
2561 2171 2672 2216 tum
2723 2161 2980 2231 temporis
3024 2177 3168 2215 mors
3195 2170 3310 2214 erat
3339 2178 3353 2215 :
3395 2162 3503 2229 jam
3528 2176 3655 2214 vero
3684 2175 3789 2214 non

2193 2252 2284 2320 ita,
2313 2252 2407 2307 sed
2438 2251 2621 2324 hymni
2645 2262 2788 2318 sunt,
2823 2264 3006 2321 preces
3027 2259 3080 2304 et
3108 2251 3318 2320 psalmi,
3341 2265 3461 2320 quae
3477 2249 3656 2304 omnia
3689 2265 3788 2304 vo-

2191 2345 2450 2416 luptatem
2479 2345 2531 2399 in
2563 2359 2624 2399 ea
2676 2360 2734 2398 re
2772 2358 2892 2398 esse
2918 2342 3229 2397 declarant:
3261 2342 3449 2411 psalmi
3479 2344 3619 2395 enim
3653 2341 3790 2394 hila-

2191 2439 2267 2494 ris
2297 2439 2456 2493 anitni
2491 2438 2700 2508 signum
2731 2445 2856 2492 sunt
2891 2453 2904 2492 :
2931 2434 3106 2507 aliqua
3134 2436 3265 2488 enim
3291 2443 3366 2487 est
3391 2434 3560 2486 animo
3591 2433 3702 2504 quis
3736 2433 3791 2486 in

2189 2532 2367 2588 vobis?
2391 2531 2579 2604 psallat
2613 2530 2806 2599 (Iacob
2875 2532 2928 2586 5.
2964 2530 3092 2600 15).
3124 2527 3384 2597 Quoniam
3411 2527 3569 2598 igitur
3596 2526 3779 2580 laetitia

2191 2624 2481 2692 afﬂuimus,
2510 2623 2707 2678 idcirco
2735 2623 2971 2693 psalmos
3006 2636 3167 2691 super
3193 2629 3432 2675 mortuos
3464 2618 3741 2689 psallimus
3763 2659 3778 2684 ,

2192 2716 2283 2786 qui
2335 2729 2435 2770 nos
2487 2713 2870 2779 cohortantur,
2914 2721 2971 2767 ut
3026 2722 3252 2767 mortem
3307 2725 3416 2765 non
3482 2711 3787 2764 timeamus.

2190 2805 2489 2863 Convertere
2513 2807 2688 2872 enim,
2717 2805 2911 2874 inquit,
2945 2805 3116 2856 anima
3146 2819 3273 2868 utea,
3307 2803 3358 2856 in
3388 2802 3606 2873 requiem
3629 2811 3788 2866 tuam,

2191 2900 2313 2969 quia
2342 2898 2594 2952 Dominus
2619 2896 2859 2965 benefeeit
2884 2895 2973 2948 tibi
3012 2893 3188 2966 (Psal.
3216 2894 3339 2948 114.
3368 2894 3396 2946 7
3416 2891 3457 2965 ).
3487 2891 3648 2947 Vides
3694 2891 3791 2946 be~

2192 2990 2440 3046 neﬁcium
2481 3003 2601 3044 esse
2630 2996 2858 3042 mortem
2889 3001 2951 3042 ac
2979 2986 3258 3056 requiem?
3283 2985 3374 3054 qui
3414 2985 3555 3038 enim
3584 2985 3791 3054 ingres-

2191 3097 2285 3139 sus
2311 3082 2466 3138 estin
2511 3081 2752 3152 requiem
2792 3079 2961 3145 illam,
2987 3079 3055 3132 ab
3083 3077 3338 3148 Operibus
3365 3077 3476 3131 suis
3507 3075 3788 3146 requievit,

2195 3186 2303 3233 uta
2334 3176 2565 3248 propriis
2603 3175 2767 3228 Deus.

2263 3269 2318 3323 4.
2348 3268 2427 3321 Ac
2450 3265 2516 3320 de
2540 3273 2714 3320 morte
2733 3263 2946 3334 quidem
2971 3260 3232 3317 hactenus
3265 3278 3279 3315 :
3314 3276 3411 3332 age
3454 3275 3597 3315 nunc
3639 3258 3792 3314 dein-

2192 3371 2321 3427 ceps
2345 3371 2443 3411 nos
2467 3356 2533 3411 ad
2555 3366 2848 3426 martyrum
2879 3353 3067 3408 laudes
3092 3361 3488 3418 convertamus,
3532 3353 3634 3406 nisi
3659 3351 3794 3406 forte

2191 3449 2310 3509 sitis
2335 3447 2600 3504 audiendo
2630 3447 2824 3502 defessi
2861 3464 2875 3500 ε
2916 3460 3037 3500 nam
3065 3457 3118 3500 et
3144 3446 3260 3500 haec
3301 3445 3581 3500 occasione
3623 3445 3796 3498 laudis

2195 3549 2492 3612 martyrum
2533 3539 2679 3594 dicta
2709 3548 2865 3604 sunt;
2899 3538 3057 3607 paulo
3089 3553 3218 3591 vero
3241 3537 3400 3590 altius
3446 3551 3625 3606 operm
3671 3551 3794 3604 pre-

2197 3635 2332 3688 tium
2386 3642 2471 3689 est
2534 3632 2895 3688 narrationem
2953 3629 3244 3684 ordiamur.
3293 3629 3496 3683 Bellqu
3533 3627 3794 3682 adversus

2195 3726 2491 3782 Ecclesiam
2533 3740 2698 3795 grave
2736 3722 3004 3794 quondatn
3048 3724 3333 3777 excitatum
3374 3729 3477 3788 est,
3530 3721 3791 3776 bellorum

2194 3820 2433 3875 omnium
2463 3818 2837 3890 gravissimum
2863 3834 2876 3870 :
2909 3816 3104 3886 duplex
3137 3816 3278 3870 enim
3300 3826 3414 3870 erat
3439 3815 3541 3870 hoc
3570 3814 3790 3880 bellum,

2196 3926 2361 3966 unum
2395 3909 2613 3981 quidem
2667 3909 2846 3976 intus,
2895 3908 3121 3962 alterum
3171 3921 3298 3962 vero
3344 3905 3475 3960 foris
3500 3913 3788 3960 exortum:

2196 4003 2299 4059 hoc
2325 4018 2356 4057 a
2378 4001 2706 4068 domesticis,
2740 3999 2865 4054 illud
2890 4000 2957 4054 ab
2987 3998 3266 4064 hostibus;
3293 4014 3458 4052 unum
3487 3998 3554 4053 ab
3581 3998 3792 4062 alienis,

2195 4111 2226 4149 a
2248 4093 2598 4150 familiaribus
2627 4092 2830 4146 illatqu
2861 4091 3109 4145 alterum.

2266 4183 2466 4239 Bellum
2482 4183 2623 4237 civile
2642 4194 2684 4236 et
2704 4182 2994 4236 intestinum
3012 4191 3214 4235 externo
3251 4179 3597 4250 periculosius.
3617 4177 3798 4233 Simile

2197 4277 2261 4331 ab
2290 4275 2522 4329 incendio
2547 4284 2793 4328 nocturno
2822 4283 3179 4343 sumptum.—
3200 4272 3268 4325 Et
3297 4285 3421 4325 vero
3443 4271 3566 4324 licet
3595 4269 3798 4323 bellum

2196 4369 2425 4439 simplex
2468 4366 2678 4433 fuisset,
2731 4365 3068 4420 intolerabile
3131 4364 3330 4418 malum
3386 4361 3797 4429 exstitisset;ac

2197 4464 2323 4520 licet
2347 4465 2586 4520 exterius
2637 4472 2844 4520 tantum
2877 4463 3184 4533 ingruisset,
3211 4461 3399 4530 ingens
3432 4457 3795 4512 calamitatum

2197 4557 2508 4628 magnitudo
2551 4557 2740 4612 fuisset
2765 4572 2942 4611 :nune
2967 4565 3145 4609 autem
3182 4553 3378 4622 duplex
3408 4557 3524 4606 erat
3563 4549 3702 4613 hoc;
3743 4560 3798 4604 et

2197 4653 2339 4724 quod
2370 4667 2401 4707 a
2450 4651 2779 4715 domesticis,
2832 4649 3000 4703 multo
3051 4647 3263 4718 gravius
3314 4653 3430 4708 est,
3463 4657 3622 4711 quam
3653 4641 3797 4711 quod

2197 4745 2265 4800 ab
2303 4745 2543 4800 externis
2607 4743 2788 4797 Facile
2825 4755 3055 4810 namque
3083 4739 3235 4792 nobis
3263 4737 3330 4790 ab
3356 4751 3421 4791 eo
3444 4749 3642 4790 cavere
3665 4751 3792 4804 pos—-

2197 4852 2418 4904 sumus,
2450 4835 2540 4906 qui
2589 4850 2649 4890 se
2705 4834 2976 4888 inimicum
3030 4830 3374 4902 profiteatur;
3417 4841 3470 4883 at
3507 4844 3668 4894 cum,
3709 4830 3796 4898 qui

2197 4932 2298 4986 sibi
2352 4930 2510 4984 amici
2557 4929 2760 4983 larvam
2815 4925 3004 4990 induit,
3059 4939 3165 4978 non
3222 4915 3380 4976 aiiter
3429 4933 3607 4976 autem
3641 4930 3798 4990 atque

2199 5023 2448 5077 inimicus
2491 5021 2713 5075 affectus
2739 5026 2842 5085 est,
2877 5018 3017 5072 haud
3068 5017 3220 5074 facile
3245 5029 3438 5084 capere
3474 5013 3677 5068 insidiis
3705 5028 3798 5080 po-

2202 5128 2300 5171 tes.
2351 5116 2556 5185 Duplex
2599 5128 2728 5183 ergo
2770 5125 2882 5166 tum
2930 5111 3128 5166 bellant
3165 5118 3302 5175 erat,
3363 5108 3466 5162 hoc
3512 5107 3690 5171 civile,
3727 5107 3790 5160 il-

2199 5209 2288 5264 lud
2333 5208 2401 5262 ab
2444 5208 2678 5263 externis
2721 5205 2969 5270 irruens;
3023 5204 3106 5258 vel
3138 5204 3336 5274 potius,
3395 5201 3440 5255 si
3495 5214 3679 5254 verum
3712 5198 3795 5251 di-

2197 5300 2425 5356 cendum
2458 5299 2568 5364 sit,
2618 5298 2777 5353 civile
2821 5296 2924 5352 fuit
2959 5306 3248 5366 utrumque
3277 5294 3497 5348 bellum.
3527 5291 3657 5344 Nam
3707 5292 3803 5358 (μί

2199 5392 2497 5449 forinsecus
2527 5392 2864 5458 invadebant,
2884 5390 3113 5462 judices,
3134 5389 3475 5458 magism-atus
3495 5393 3548 5438 et
3574 5383 3796 5448 milites,

2200 5504 2306 5545 non
2356 5488 2670 5559 alienigena:
2717 5488 2934 5559 quidam
2964 5495 3138 5552 erant,
3177 5495 3268 5540 aut
3313 5481 3559 5548 barbari,
3602 5489 3694 5535 aut
3733 5496 3794 5534 ex

2202 5585 2307 5639 alio
2363 5583 2593 5654 quodam
2634 5583 2864 5652 imperio
2912 5594 3164 5652 regnove,
3215 5577 3309 5633 sed
3355 5577 3444 5646 qui
3482 5575 3670 5630 iisdem
3725 5575 3801 5627 le-

2200 5677 2354 5748 gibus
2374 5678 2712 5748 regebantnr,
2739 5674 2980 5730 eamdem
3008 5672 3230 5744 patriam
3257 5671 3526 5738 colebant,
3557 5668 3796 5739 ejusdem

2203 5769 2489 5840 participes
2533 5779 2686 5824 erant
2737 5765 3062 5836 reipublicae.
3092 5764 3222 5819 Erat
3251 5764 3411 5835 igitur
3435 5763 3590 5819 civile
3610 5804 3626 5830 ,
3653 5762 3795 5832 quod

2206 5879 2234 5916 a
2260 5862 2528 5933 judicibus
2558 5862 2882 5919 inferebatur
2956 5860 3048 5916 scd
3083 5875 3298 5933 gravuts
3343 5857 3487 5930 quod
3529 5873 3556 5910 a
3602 5870 3794 5927 cogna-
