4104 6434
441 297 544 355 635

439 412 523 475 lia,
580 430 778 473 novum
808 437 874 480 ac
901 428 1234 496 inopinatum
1272 434 1545 505 multaque
1578 438 1882 497 redundans
1913 458 2035 499 cru-

438 503 678 564 delitate.
724 510 856 567 Nam
897 525 953 570 et
979 532 1009 571 a
1060 518 1310 577 fratribus
1342 503 1692 584 tradebantur
1721 529 1935 600 fratres,
1981 545 2034 592 et

437 612 467 651 a
512 604 755 670 patrihus
797 606 970 677 liberi,
1023 620 1077 666 et
1122 627 1150 665 a
1197 616 1402 671 maritis
1449 635 1678 686 uxoocs;
1717 625 1894 679 omnia
1945 641 2036 681 co-

438 695 708 761 gnationis
745 697 863 766 jura
917 704 1387 775 conculcahantur,
1433 725 1497 765 ac
1525 720 1666 767 totus
1690 715 1835 771 orbis
1866 726 2035 773 terra-

437 799 558 841 cum
612 788 1042 862 subvertehatur,
1082 811 1182 852 nec
1230 799 1369 855 ullus
1420 811 1528 856 tum
1565 805 1730 859 ullum
1770 822 2034 876 agnosce-

437 872 565 929 bat:
598 876 841 934 diabolus
868 884 1010 940 enim
1050 887 1306 958 majorem
1359 892 1410 947 in
1462 896 1680 951 modum
1709 872 2030 956 dominaba-

439 971 546 1018 tur.
599 966 654 1022 In
704 970 797 1025 illo
836 972 1016 1045 itaque
1061 980 1287 1035 tumultu
1328 998 1393 1039 ac
1423 984 1563 1041 bello
1589 989 1846 1047 mulieres
1890 992 2028 1064 istm,

439 1053 485 1106 si
528 1057 741 1126 quidem
771 1063 1025 1120 mulieres
1062 1070 1392 1139 appellandae
1417 1086 1561 1143 sunt,
1594 1079 1792 1151 quippe
1821 1099 1940 1153 qua:
1977 1053 2030 1140 in

435 1149 683 1206 muliebri
722 1168 949 1226 corpore
996 1160 1175 1218 viriles
1220 1165 1429 1222 animos
1488 1169 1867 1241 exhibuerint,
1924 1177 2031 1233 imo

435 1254 568 1296 vero
622 1259 728 1299 non
761 1248 944 1304 viriles
986 1259 1191 1308 tantum
1215 1257 1447 1326 animos,
1474 1261 1570 1316 sed
1595 1276 1836 1320 naturam
1862 1267 2030 1337 ipsam

435 1346 804 1408 supergressa:
834 1341 943 1395 sint
961 1382 975 1407 ,
998 1353 1053 1398 et
1077 1359 1199 1400 cum
1230 1348 1512 1406 virtutibus
1535 1353 1868 1426 incorporeis
1898 1374 2030 1415 con-

441 1427 711 1485 tenderint
740 1448 754 1486 :
787 1432 905 1489 ista:
950 1451 1080 1507 ergo
1115 1440 1368 1496 mulieres
1392 1445 1576 1500 relicta
1635 1450 1765 1505 urbe
1786 1491 1801 1516 ,
1832 1451 2027 1523 domo,

432 1534 496 1573 ac
562 1522 875 1594 propinquis
924 1541 1149 1599 peregre
1198 1534 1636 1604 commigrarunt.
1681 1540 1816 1595 Cum
1885 1522 2026 1599 enim

430 1610 700 1682 Christus,
745 1616 992 1685 aiebant,
1065 1625 1461 1691 contemnitur,
1514 1629 1645 1685 nihil
1702 1634 1856 1690 nobis
1912 1646 2030 1693 esto

430 1706 745 1775 pretiosum,
767 1724 939 1781 neque
961 1715 1355 1774 necessitudine
1378 1720 1753 1791 conjunctum:
1778 1739 2029 1799 propter-

429 1810 492 1849 ea
544 1797 745 1865 relictis
798 1801 1046 1858 omnibus
1101 1815 1228 1862 sunt
1272 1824 1523 1879 egressae.
1579 1814 1649 1869 Et
1704 1819 1841 1874 sicut
1878 1797 2025 1877 ﬁcum

429 1889 607 1946 media
652 1903 809 1949 nocte
850 1893 1043 1953 domus
1081 1897 1414 1970 incenditur,
1464 1906 1553 1974 qui
1596 1906 1742 1963 intus
1788 1911 2025 1970 dormie-

439 1979 585 2048 bant,
622 1982 712 2037 ubi
758 1986 1041 2042 tumultum
1069 1989 1357 2056 audierint,
1383 1995 1488 2049 cito
1512 2011 1542 2051 e
1565 2001 1747 2055 stratis
1774 2004 2029 2060 exsilien-

431 2080 514 2126 tes
566 2088 599 2129 e
625 2075 887 2131 vestibulo
918 2077 1106 2135 domus
1135 2085 1370 2152 evolant,
1402 2103 1577 2158 neque
1603 2107 1786 2149 secum
1811 2110 2023 2167 eorum,

433 2177 554 2232 qua:
582 2164 726 2220 intus
764 2176 907 2234 sunt,
936 2170 1227 2243 quidquam
1275 2175 1555 2246 auferunt;
1588 2182 1641 2236 id
1690 2185 1835 2242 enim
1861 2164 2023 2245 unum

429 2255 667 2325 student,
722 2269 780 2315 ut
805 2275 837 2316 e
866 2262 1080 2320 flamma
1109 2281 1263 2322 suum
1293 2283 1488 2340 corpus
1514 2273 1775 2345 eripiant,
1805 2286 1861 2334 et
1888 2281 2025 2352 ignis

428 2361 643 2403 cursum
672 2365 864 2422 magna
891 2354 1164 2412 celeritate
1188 2372 1521 2429 grassantem
1549 2369 1880 2435 prazveniant
1905 2390 1917 2427 :
1946 2374 2024 2431 sic

427 2447 479 2493 et
529 2440 645 2496 istze
700 2444 952 2501 nimirum
1002 2459 1246 2519 egerunt.
1274 2452 1409 2508 Cum
1450 2456 1594 2512 enim
1641 2469 1810 2516 totum
1838 2465 2023 2521 orbem

427 2536 693 2586 terrarum
720 2532 1106 2593 inflammatum
1134 2540 1424 2613 vidissent,
1461 2547 1745 2606 confestim
1776 2569 1844 2609 ex
1875 2555 2024 2611 urbis

428 2621 687 2680 vestibulo
710 2626 1027 2684 exsilierunt
1061 2640 1118 2686 et
1171 2634 1472 2704 evolarunt,
1505 2638 1558 2694 id
1587 2655 1749 2697 unum
1770 2660 2021 2715 qureret;-

430 2723 531 2779 tes,
561 2723 620 2770 ut
669 2718 862 2774 animae
913 2735 1026 2778 suae
1066 2723 1292 2781 salutem
1325 2742 1523 2787 sartam
1561 2744 1755 2793 tectam
1794 2754 2022 2797 conser-

422 2815 633 2862 varent.
683 2808 818 2865 Tum
865 2813 1008 2868 enim
1033 2826 1150 2871 erat
1179 2818 1482 2877 incendium
1510 2823 1786 2897 infestum,
1813 2840 1868 2887 et
1893 2848 2022 2903 pro-

420 2895 604 2955 funda:
652 2903 884 2959 tenebra:
908 2905 1349 2978 dominabantur,
1389 2916 1625 2974 tenebra:
1645 2895 1921 2981 nocturnis
1948 2926 2022 2981 is-

424 2990 494 3044 tis
521 2990 693 3047 multo
733 2995 1017 3053 tetriores:
1046 3011 1376 3074 quapropter
1420 3017 1670 3081 tanquam
1698 3014 1753 3068 in
1782 3017 2020 3074 tenebris

421 3079 626 3138 amicos
650 3098 757 3139 non
780 3097 1041 3145 noverant
1059 3092 1240 3161 amici,
1278 3104 1333 3151 et
1355 3079 1551 3156 uxores
1579 3103 1677 3158 viri
1700 3106 2016 3175 prodebant;

420 3185 703 3248 propterea
755 3196 878 3239 cum
920 3184 1165 3245 inimicos
1189 3193 1531 3259 praeteribant
1550 3236 1567 3265 ,
1600 3206 1713 3253 tum
1737 3201 1940 3258 amicos
1964 3211 2020 3259 et

426 3268 751 3329 domesticos
767 3275 1097 3349 impetebant
1119 3300 1133 3337 :
1152 3294 1473 3343 nocturnum
1496 3291 1763 3361 quoddam
1793 3305 1909 3351 erat
1933 3297 2017 3352 in-

418 3361 615 3422 festum
632 3369 897 3438 praelium,
914 3381 968 3429 et
987 3373 1185 3446 ingenti
1206 3379 1433 3436 tumultu
1448 3393 1638 3439 cuncta
1652 3385 2013 3455 replebantur.

491 3457 598 3516 SS.
630 3458 882 3535 Martyres
910 3468 1128 3537 patriam
1148 3469 1678 3543 relinquam—Tum
1710 3477 1873 3549 igitur
1901 3480 2016 3537 ista:

420 3552 604 3608 relicta
642 3555 813 3625 patria
859 3571 1225 3629 excesserunt,
1270 3573 1326 3619 et
1366 3566 1722 3634 patriarcham
1745 3570 2013 3628 Abraham

419 3643 641 3703 imitata:
670 3659 822 3718 sunt,
856 3650 923 3706 ad
947 3667 1107 3722 quem
1133 3654 1334 3712 dictum
1360 3665 1444 3714 est
1472 3677 1486 3713 :
1516 3658 1772 3731 Egredere
1795 3664 1859 3718 de
1881 3674 2016 3720 terra

419 3748 506 3791 tua
529 3749 577 3794 et
618 3740 685 3796 de
729 3746 1026 3814 cognatione
1071 3757 1160 3802 tua
1190 3749 1343 3820 (Cen.
1376 3751 1462 3806 12.
1498 3754 1574 3825 1.)
1604 3772 1618 3809 :
1643 3771 1767 3811 nam
1818 3767 1874 3813 et
1916 3758 2015 3817 has

419 3834 850 3903 persequutionis
873 3844 1082 3909 tempus
1111 3840 1177 3895 ad
1227 3841 1330 3898 hoc
1359 3842 1657 3913 incitabat,
1682 3855 1741 3903 ut
1775 3848 1843 3905 de
1870 3861 2012 3907 terra

417 3920 591 3992 deque
644 3927 963 3994 cognatione
1013 3930 1243 4001 exirent,
1274 3942 1332 3989 ut
1360 3935 1434 3991 ita
1473 3935 1663 3992 cadum
1710 3938 2006 4001 hereditate

406 4016 778 4083 possiderent.
827 4021 1214 4093 Egrediebatur
1250 4027 1414 4098 igitur
1456 4044 1525 4086 ex
1571 4031 1776 4091 sedibus
1814 4039 2011 4096 mulier

416 4105 551 4163 duas
595 4124 777 4166 secum
821 4113 959 4171 filias
998 4116 1240 4187 habens;
1272 4130 1329 4177 at
1367 4132 1420 4179 tu
1468 4139 1537 4179 ne
1577 4133 1778 4184 temere
1792 4134 2016 4199 praeer-

415 4215 545 4266 eas,
603 4216 726 4257 cum
770 4207 1069 4267 excessisse
1110 4212 1365 4269 mulieres
1416 4215 1710 4274 liberaliter
1758 4221 2009 4280 educatae

416 4290 591 4360 audis,
637 4309 739 4350 nec
776 4297 1010 4354 ferendis
1051 4301 1315 4372 ejusmodi
1345 4307 1499 4363 malis
1524 4310 1887 4378 assuefactas;
1915 4315 2012 4371 sed

418 4385 821 4461 animo_versa,
867 4402 1126 4462 quantum
1177 4397 1311 4455 illud
1361 4402 1561 4457 malum
1605 4416 1768 4472 esset,
1797 4408 2011 4477 quantis

415 4491 505 4531 res
538 4478 627 4535 illa
667 4480 1068 4544 difficultatibus
1086 4488 1462 4562 circumsepta.
1495 4492 1553 4548 Si
1582 4495 1725 4550 enim
1762 4496 2009 4556 homines

415 4568 507 4637 qui
553 4571 874 4651 mediocrem
908 4581 1388 4650 peregrinationem
1412 4586 1727 4657 suscipiunt,
1773 4605 1895 4647 cum
1912 4590 2049 4661 ju-“*

417 4669 596 4716 menta
625 4677 932 4739 suppetant,
950 4670 1178 4728 ministri
1199 4690 1306 4730 non
1327 4674 1526 4744 desint,
1555 4679 1794 4748 periculo
1820 4691 2009 4738 vacent

414 4752 624 4818 itinera,
652 4770 773 4815 cum
805 4776 969 4831 penes
997 4778 1091 4821 eos
1118 4774 1354 4836 potestas
1398 4770 1468 4824 sit
1507 4770 1784 4836 redeundi,
1815 4774 2008 4832 multas

414 4846 764 4916 experiuntur
788 4856 1080 4926 molestias,
1113 4861 1311 4917 multas
1331 4862 1575 4919 miserias
1600 4867 2004 4935 perpetiuntur:

415 4940 502 4995 ubi
528 4941 722 4997 mulier
761 4954 816 4999 et
843 4947 1096 5018 virgines,
1131 4955 1348 5022 penuria
1373 4954 1763 5025 miniStrorum,
1792 4968 1847 5014 et
1870 4961 2006 5014 ami-

411 5047 596 5088 corum
643 5035 893 5104 proditio,
926 5044 1204 5110 tumultus,
1236 5056 1292 5103 et
1343 5047 1692 5118 perturbatio,
1720 5058 2003 5122 metusque

411 5124 785 5198 intolerabilis,
818 5130 1028 5190 diversa
1076 5137 1128 5190 in
1160 5138 1265 5193 illis
1293 5140 1549 5209 pericula,
1597 5143 1664 5199 de
1689 5143 1865 5200 anima
1887 5144 2001 5202 dis-

409 5218 636 5286 crimen,
688 5230 742 5278 et
775 5222 1147 5297 undecumque
1193 5228 1404 5298 hostes;
1435 5248 1555 5304 quae
1590 5236 1803 5292 tandem
1825 5237 2000 5293 oratio

409 5310 692 5368 mulierum
712 5315 1026 5385 certamina,
1059 5317 1447 5388 fortitudinem,
1487 5329 1997 5396 magnanimitatem,

413 5401 569 5457 fidem
608 5406 911 5475 exprimere
957 5410 1190 5479 poterit?
1218 5411 1351 5468 Nam
1403 5414 1449 5469 si
1493 5431 1707 5487 egressa
1734 5420 1848 5475 sola
1880 5435 1998 5476 ma-

411 5501 497 5549 ter
523 5506 685 5563 esset,
710 5513 817 5554 non
836 5499 909 5555 ita
935 5501 1328 5561 intolerandum
1349 5518 1621 5564 certamen
1642 5509 1863 5579 fuisset;
1887 5513 1998 5583 jam

412 5601 541 5640 vero
566 5602 686 5642 cum
717 5599 771 5644 et
818 5590 957 5649 ﬁlias
1008 5594 1318 5663 deduceret,
1376 5608 1429 5654 ct
1481 5600 1615 5655 duas
1643 5601 1896 5672 virgines,
1925 5604 1997 5660 ita

414 5675 609 5745 duplex
636 5679 858 5736 timendi
884 5687 1117 5754 occasio,
1163 5690 1439 5761 multaque
1470 5691 1843 5749 sollicitudinis
1883 5707 2000 5752 erat

413 5770 648 5824 accessio
669 5788 681 5823 :
702 5782 902 5841 quanto
919 5776 1057 5833 cnim
1077 5781 1247 5851 major
1261 5785 1711 5854 possessio,tauto
1730 5786 1992 5845 difficilior

1113 315 1170 373 S.
1212 318 1490 379 JOANNIS
1527 324 2008 388 CllRYSOSTOlli
2048 331 2364 395 ARClllEP.
2408 345 2939 413 CONSTANTINOP.

3629 380 3731 435 630

2139 465 2221 508 est
2249 458 2509 514 custodia.
2561 461 2943 534 Egrediebatur
2966 488 3094 545 ergo
3125 478 3352 549 virgines
3386 485 3610 556 habens,
3636 510 3733 551 nec

2136 544 2339 604 habens
2365 553 2556 621 quibus
2583 558 2633 612 in
2663 559 2907 627 thalamis
2927 581 3017 623 eas
3041 572 3371 631 occultaret:
3402 586 3610 639 tametsi
3655 589 3720 642 in-

2138 637 2376 710 telligitis
2422 643 2719 718 thalamos;
2763 661 3271 733 gynmcea,januas,
3319 682 3517 739 vectes,
3550 689 3733 732 custo-

2135 728 2251 799 des,
2299 737 2688 809 procuhitorcs,
2736 748 2981 816 ancillas,
3019 757 3272 825 nutrices,
3306 775 3369 815 ac
3418 766 3605 822 matris
3649 786 3731 825 as-

2135 822 2462 894 siduitatem,
2510 839 2564 886 et
2616 836 2786 903 patris
2833 842 3222 908 providentiam
3260 822 3599 926 multamque
3633 876 3732 929 pa-

2135 926 2345 973 rentqu
2393 936 2576 978 curam
2603 925 2866 997 adhiberi,
2909 940 2967 988 ut
2994 935 3306 1008 virginitatis
3337 942 3435 1000 flos
3455 925 3729 1006 custodia-

2136 1017 2252 1078 tur,
2303 1023 2357 1068 ct
2385 1016 2471 1070 vix
2505 1017 2573 1072 ita
2621 1019 2940 1081 incolumem
2971 1035 3315 1090 conservari:
3344 1047 3397 1093 at
3439 1042 3526 1095 illa
3581 1048 3728 1101 omni

2132 1115 2245 1160 erat
2276 1111 2516 1167 custodia
2546 1113 2827 1185 destituta;
2855 1136 2962 1191 quo
3010 1124 3168 1194 igitur
3192 1139 3347 1198 pacto
3374 1143 3583 1203 poterat
3613 1138 3730 1195 illas

2137 1200 2312 1254 tueri?
2367 1202 2686 1262 Divinarum
2729 1211 2937 1268 scilicet
2966 1215 3139 1286 legum
3187 1200 3449 1279 custodia.
3483 1226 3597 1284 Non
3628 1229 3728 1285 ha-

2134 1289 2293 1347 bebat
2336 1293 2554 1352 domum
2578 1339 2593 1364 ,
2622 1315 2725 1370 qua
2770 1304 3151 1376 obvallaretur,
3192 1311 3259 1366 ad
3292 1324 3559 1383 potentem
3610 1338 3727 1376 ma-

2132 1400 2258 1438 num
2293 1388 2559 1458 habebat,
2610 1407 2715 1463 qua
2746 1393 2814 1451 de
2866 1397 3001 1453 caalo
3051 1413 3459 1475 protegeretur:
3495 1427 3600 1466 non
3632 1412 3725 1468 ha-

2131 1477 2292 1534 bebat
2333 1481 2584 1551 januam,
2631 1501 2807 1557 neque
2844 1499 3051 1547 vectem
3076 1534 3093 1561 ,
3137 1497 3233 1550 sed
3263 1514 3442 1555 veram
3499 1502 3723 1563 habebat

2126 1573 2344 1645 januam
2390 1592 2510 1647 qua:
2563 1577 2783 1635 insidias
2821 1580 2978 1654 longe
3020 1599 3247 1643 arceret.
3280 1589 3343 1645 Et
3370 1595 3718 1663 quemadmo-

2129 1667 2256 1723 dum
2300 1670 2354 1724 in
2419 1670 2611 1727 mediis
2670 1673 2916 1734 Sodomis
2971 1679 3315 1739 obsidebatur
3361 1690 3574 1758 quidem
3623 1693 3726 1747 Lot

2130 1760 2324 1817 domus
2370 1762 2609 1835 (Gem-9.
2644 1767 2732 1824 10.
2763 1778 2921 1843 sqq.),
2953 1782 3009 1829 at
3046 1775 3175 1832 nihil
3226 1780 3348 1835 mali
3393 1784 3714 1853 patiebatur,

2131 1855 2327 1926 quippe
2356 1872 2477 1928 qua:
2528 1861 2747 1932 angelos
2795 1865 2938 1921 intus
2978 1866 3201 1926 haberet
3232 1887 3248 1924 :
3286 1874 3365 1928 sic
3393 1876 3642 1933 nimirum
3669 1892 3723 1937 et

2127 1958 2393 2020 martyres
2447 1951 2585 2016 istm,
2640 1954 2781 2012 inter
2833 1958 3139 2018 Sodomitas
3179 1976 3509 2039 cunctosque
3540 1971 3722 2030 hostes

2125 2043 2431 2101 constituta:
2474 2055 2634 2119 atque
2687 2049 2923 2122 undique
2956 2055 3359 2125 circumsessae,
3412 2063 3541 2117 nihil
3596 2068 3721 2121 mali

2127 2135 2487 2205 patiebantur,
2515 2138 2713 2211 quippe
2739 2158 2859 2213 qua}
2883 2143 3167 2202 Dominum
3192 2152 3500 2221 angelorum
3527 2156 3576 2209 in
3604 2160 3721 2212 ani-

2126 2228 2229 2283 mis
2264 2230 2376 2286 suis
2417 2230 2745 2290 habitautem
2790 2237 3079 2308 haberent;
3127 2251 3182 2296 et
3209 2244 3259 2298 in
3301 2246 3571 2303 desertum
3619 2252 3721 2308 iter

2124 2319 2316 2376 delatae
2338 2322 2470 2378 nihil
2500 2325 2857 2396 patiebantur,
2889 2331 3009 2399 quia
3038 2333 3140 2388 iter
3167 2334 3454 2407 habebant,
3480 2342 3620 2411 quod
3652 2344 3719 2398 ad

2124 2412 2316 2466 cadum
2355 2414 2497 2486 ipsas
2546 2416 2857 2475 deduceret.
2910 2424 3248 2495 Quapropter
3296 2428 3347 2482 in
3382 2438 3528 2485 tanto
3555 2433 3717 2501 bello,

2127 2507 2352 2561 tumultu
2377 2549 2392 2575 ,
2451 2523 2515 2564 ac
2558 2509 2807 2570 fluctibus
2848 2514 3225 2587 deprehensae,
3268 2536 3388 2577 cum
3429 2527 3721 2583 securitate

2125 2599 2446 2657 incedebant
2475 2620 2490 2659 :
2518 2614 2573 2658 et
2599 2605 2743 2676 quod
2767 2621 2898 2663 sane
2925 2610 3151 2677 mirum,
3181 2627 3277 2682 per
3318 2616 3525 2671 medios
3564 2621 3720 2690 lupus

2124 2704 2254 2746 oves
2298 2692 2665 2761 ducebantur;
2709 2713 2807 2770 per
2856 2700 3065 2759 medios
3104 2703 3290 2761 leones
3318 2721 3469 2778 agnae
3497 2726 3720 2781 progre-

2123 2781 2428 2854 diehautur,
2457 2803 2557 2844 nec
2600 2787 2719 2847 illas
2746 2793 3025 2864 quisquam
3067 2796 3281 2855 lascivis
3324 2802 3495 2857 oculis
3540 2803 3717 2860 intue-

2124 2872 2316 2930 batur:
2347 2877 2441 2932 sed
2473 2880 2613 2934 sicut
2637 2881 2943 2940 Sodomitas
2959 2885 3111 2956 juxta
3137 2887 3357 2959 januam
3383 2901 3586 2949 stantes
3605 2896 3717 2950 adi-

2125 2975 2238 3021 tum
2284 2984 2508 3027 cernere
2538 2988 2646 3028 non
2675 2973 2886 3033 sinebat
2930 2978 3092 3048 Deus,
3124 2981 3205 3037 sic
3229 2993 3284 3038 et
3327 2985 3567 3040 omnium
3592 2996 3717 3043 tunc

2122 3060 2309 3118 oculos
2358 3067 2667 3135 exczecavit,
2700 3084 2771 3125 ne
2810 3070 3047 3141 virginea
3076 3088 3302 3144 corpora
3340 3078 3714 3147 proderentur.

2190 3157 2246 3213 5.
2277 3154 2525 3214 Edessam
2550 3163 2842 3232 perueniunt
2862 3163 3039 3219 urbem
3065 3165 3465 3239 Μεδοροιαηιῑω.
3491 3199 3562 3211 ——
3581 3171 3712 3228 Per-

2118 3261 2250 3323 gunt
2281 3250 2439 3326 igitur
2455 3254 2521 3310 ad
2551 3256 2768 3325 urbem,
2812 3256 3073 3315 Edessam
3111 3264 3359 3329 nomine,
3384 3264 3570 3320 urbem
3594 3282 3717 3336 per-

2121 3347 2307 3402 multis
2334 3349 2684 3419 agrestiorem
2711 3350 2952 3421 quidem,
2983 3352 3080 3409 sed
3109 3354 3309 3425 pietate
3336 3357 3716 3427 insigniorem:

2118 3439 2244 3510 quid
2270 3440 2412 3496 enim
2437 3456 2503 3497 ex
2530 3441 2619 3497 illa
2646 3443 2781 3499 urbe
2808 3459 2961 3515 aeque
2987 3447 3327 3503 commodum
3350 3452 3714 3520 censuissent,

2117 3543 2278 3605 atque
2352 3543 2411 3590 ut
2480 3536 2534 3591 in
2589 3545 2735 3592 tanta
2789 3540 3022 3609 procella
3075 3530 3374 3614 perfugium
3432 3547 3713 3601 nancisce-

2118 3635 2306 3681 rentur
2327 3668 2343 3693 ,
2398 3636 2455 3684 et
2499 3628 2553 3684 in
2585 3630 2677 3685 tali
2731 3639 3047 3702 tempcsmte
3073 3646 3285 3705 portum
3318 3635 3617 3692 haberent?
3650 3640 3716 3693 Et

2118 3719 2331 3788 excepit
2359 3719 2547 3775 civitas
2577 3722 2908 3793 peregrinas,
2944 3726 3253 3796 peregrinas
3278 3727 3494 3798 quidem
3529 3739 3706 3792 torrat.

2116 3807 2263 3865 cives
2308 3819 2487 3866 autem
2531 3813 2821 3879 cazlorum,
2860 3826 3249 3889 exceptumque
3284 3819 3584 3890 depositum
3611 3836 3708 3875 cn-

2116 3902 2356 3960 stodivit.
2384 3903 2552 3961 Nemo
2577 3914 2754 3963 autem
2778 3908 3031 3964 mulieres
3066 3910 3442 3967 imbecillitatis
3470 3923 3706 3980 accuset,

2115 3997 2258 4067 quod
2288 3996 2519 4070 fugerint
2548 4013 2564 4054 :
2597 4012 2924 4073 praeceptum
2963 4003 3107 4058 enim
3147 4003 3480 4061 Dominicum
3521 4006 3704 4076 imple-

2114 4093 2265 4162 bant,
2296 4093 2439 4166 quod
2490 4093 2563 4149 ita
2604 4111 2663 4151 se
2705 4093 2904 4163 habet,
2953 4095 3080 4151 Cum
3124 4110 3480 4168 persequentur
3508 4116 3612 4163 vos,
3644 4114 3710 4152 ex

2114 4187 2316 4241 civitate
2361 4186 2461 4242 ista
2513 4187 2673 4259 fugite
2698 4187 2753 4241 in
2791 4188 2947 4243 aliam
2975 4187 2995 4258 (
3020 4187 3210 4243 Matth.
3242 4190 3329 4245 10.
3360 4189 3432 4246 25
3458 4191 3516 4260 );
3563 4190 3704 4261 quod

2113 4291 2168 4336 et
2193 4281 2309 4337 ista:
2333 4296 2455 4336 cum
2496 4281 2789 4338 audiissent
2811 4321 2828 4347 ,
2859 4279 3156 4353 fugerunt‘,
3182 4290 3237 4337 et
3267 4298 3368 4337 una
3423 4282 3530 4338 illis
3570 4282 3706 4337 inte-

2113 4373 2214 4427 rim
2239 4388 2438 4429 corona
2481 4372 2828 4428 nectebatur:
2858 4389 3105 4445 quaenam
3150 4374 3241 4431 illa
3283 4374 3497 4431 tandem
3525 4374 3702 4431 ?0m-

2111 4465 2258 4519 nium
2288 4465 2496 4521 scilicet
2534 4465 2880 4536 prmsentium
2931 4480 3111 4521 rerum
3163 4475 3545 4538 contemptus:
3573 4467 3701 4533 Qui-

2113 4575 2323 4630 cumque
2343 4557 2483 4614 enim
2506 4557 2760 4630 reliquerit
2788 4561 2995 4629 fratres,
3027 4568 3073 4613 et
3101 4575 3320 4622 sorores,
3351 4569 3440 4614 aut
3459 4561 3698 4631 patriam,

2110 4660 2199 4704 aut
2226 4650 2435 4703 domum
2461 4690 2477 4715 ,
2509 4659 2596 4702 aut
2616 4649 2805 4704 amicos
2824 4691 2838 4715 ,
2866 4658 2955 4703 aut
2984 4659 3224 4721 cognatos
3248 4690 3262 4712 ,
3297 4651 3591 4721 centuplum
3618 4667 3702 4705 ac-

2108 4742 2291 4813 cipiat,
2320 4741 2511 4813 inquit,
2557 4751 2604 4796 et
2652 4743 2805 4795 vitam
2834 4751 3074 4796 wternam
3099 4739 3389 4813 possidebit
3409 4741 3584 4814 (Matt.
3614 4744 3698 4798 l9.

2106 4833 2177 4889 29
2196 4833 2237 4903 ).
2268 4834 2337 4889 Et
2363 4842 2516 4890 erant
2541 4832 2612 4890 ibi
2635 4831 2906 4889 Christum
2946 4831 3203 4887 habentes
3222 4833 3659 4890 contubernalem
3684 4853 3697 4888 :

2106 4928 2151 4982 si
2178 4927 2321 4983 enim
2343 4925 2428 4981 ubi
2459 4925 2707 4981 suntduo
2732 4924 2811 4979 vel
2841 4932 2949 4980 tres
2969 4924 3295 4995 congregati,
3329 4925 3380 4978 in
3412 4941 3596 4980 eorum
3619 4936 3703 4980 est

2107 5019 2285 5074 medio
2336 5017 2771 5089 (Matt.18.‘20);
2806 5017 2896 5073 ubi
2945 5033 3050 5073 non
3103 5030 3442 5089 congregata:
3496 5030 3696 5074 tantum

2105 5123 2258 5169 erant
2282 5155 2297 5179 ,
2346 5112 2441 5168 sed
2493 5122 2548 5168 et
2603 5119 2821 5183 propter
2848 5126 3042 5168 nomen
3070 5111 3186 5182 ejus
3222 5112 3436 5167 exsules
3461 5154 3477 5179 ,
3522 5129 3698 5167 nonne

2104 5205 2270 5260 multo
2316 5205 2508 5275 potiori
2531 5204 2655 5274 jure
2700 5203 2867 5274 ipsius
2913 5204 3167 5259 auxilium
3214 5205 3697 5274 promcrebantnr?
3767 5283 3774 5291 .

2104 5296 2234 5352 Cum
2262 5295 2424 5367 igitur
2445 5296 2554 5352 illic
2579 5295 2832 5351 mulieres
2861 5306 3220 5361 versarentur,
3266 5297 3466 5353 nefaria
3505 5297 3689 5352 confe-

2102 5388 2227 5445 stim
2280 5388 2455 5444 edicta
2480 5405 2909 5460 quoquoversum
2959 5392 3456 5446 transmittebantur
3482 5434 3499 5458 ,
3528 5392 3691 5446 multa

2104 5481 2388 5554 tyrannide
2409 5497 2472 5538 ac
2504 5481 2782 5537 barbarica
2810 5482 3123 5538 crudelitate
3143 5483 3336 5539 referta
3361 5502 3384 5556 ,z
3411 5487 3691 5556 propinqui

2101 5572 2244 5627 cnim
2272 5573 2616 5645 proliinquos,
2650 5572 2837 5644 inquit,
2873 5574 3117 5641 prodant,
3151 5576 3327 5631 mariti
3356 5592 3568 5645 uxores,
3600 5592 3692 5648 pa-

2101 5674 2209 5722 tres
2228 5666 2444 5735 liberos,
2467 5667 2616 5723 liberi
2637 5675 2833 5736 patres,
2860 5668 3049 5724 fratres
3064 5665 3271 5735 fratres,
3287 5671 3441 5725 amici
3471 5671 3686 5728 amicos.

2173 5803 2189 5834 ί
2225 5804 2362 5855 savil.
2384 5804 2433 5854 in
2457 5817 2632 5869 marg,
2664 5805 2793 5869 quod
2813 5811 2860 5858 et
2880 5804 2986 5858 ista:
3006 5817 3116 5856 cum
3136 5804 3428 5870 implessent,
3449 5807 3681 5871 fugerunt.
