4104 6448
438 405 544 461 655

437 523 623 585 τέκνα,
649 523 739 575 καὶ
762 522 950 592 ἄνδρες
974 524 1255 590 γυναῖκας,
1280 523 1373 576 καί¹
1407 524 1580 576 πάντα
1611 521 1678 576 τὰ
1699 522 1797 592 τῆς
1832 538 2022 591 συγγε-

436 606 585 668 νείας
608 607 859 658 ἐπατεῖτο
882 606 1085 671 δίκαια,
1107 606 1201 658 καὶ
1224 606 1376 659 πᾶσα
1398 605 1432 676 ή
1454 605 1749 676 οἰκουμένη
1785 604 2022 658 ἀνάστα-

434 708 528 753 τος
560 684 650 760 ἦν,
675 689 770 743 καὶ
792 689 967 753 οὐδεὶς
1002 689 1192 742 οὐδένα
1214 688 1337 742 τότε
1373 689 1740 758 ἐπεγίνωσκεν
1762 705 1777 720 ·
1802 688 2025 761 ἐκράτει

436 772 546 844 γὰρ
574 775 601 826 ὁ
624 770 871 835 διάϐολος
904 771 1042 842 μετὰ
1072 772 1271 844 πολλῆς
1298 773 1396 842 τῆς
1423 772 1748 844 ὑπερϐολῆς.
1768 773 1855 825 Ἐν
1884 772 2026 826 ἐκεί-

436 875 515 927 νῳ
564 856 746 910 τοίνυν
794 854 874 926 τῷ
923 855 1138 927 θορύϐῳ
1178 856 1273 910 καὶ
1315 856 1394 927 τῷ
1426 857 1650 928 πολέμῳ
1677 858 1733 910 αἰ
1768 859 2026 925 γυναῖκες

438 936 623 1004 αὗται,
658 940 713 993 εί
736 957 798 1010 γε
827 942 1088 1008 γυναῖκας
1116 940 1287 1004 αὐτὰς
1325 941 1433 1013 χρὴ
1468 940 1655 995 καλεῖν
1675 956 1688 971 ⁸
1720 942 1813 994 καὶ
1836 940 1945 1011 γὰρ
1966 941 2025 994 ἐν

438 1027 738 1097 γυναικείῳ
797 1025 1011 1097 σώματι
1075 1026 1294 1097 ἀνδρῶν
1353 1026 1694 1094 ἐπεδείξαντο
1750 1027 2021 1098 φρόνημα,

441 1113 643 1183 μᾶλλον
688 1111 745 1165 δὲ
793 1111 895 1164 οὐκ
939 1110 1153 1182 ἀνδρῶν
1182 1111 1526 1179 ἐπεδείξαντο
1555 1111 1810 1184 φρόνημα
1842 1113 2020 1182 μόνον,

438 1197 575 1251 ἀλλά
601 1196 693 1251 καὶ
718 1195 889 1268 αὐτὴν
920 1195 1267 1267 ὑπερέϐησαν
1298 1196 1400 1267 τὴν
1429 1194 1610 1265 φύσιν,
1642 1197 1738 1249 καὶ
1764 1196 1899 1267 πρὸς
1925 1195 2025 1260 τὰς

439 1281 770 1350 ἀσωμάτους
800 1279 1060 1350 δυνάμεις
1086 1279 1183 1351 τήν
1214 1280 1447 1349 ἅμιλλαν
1482 1280 1665 1334 ἔθεντο
1683 1299 1695 1310 ·
1724 1276 1884 1335 αὗται
1911 1282 2023 1335 τοί-

437 1384 533 1419 νυν
571 1368 627 1419 αἰ
656 1367 914 1434 γυναῖκες
947 1367 1166 1435 ἀφεῖσαι
1195 1365 1345 1421 πόλιν
1375 1367 1468 1419 καὶ
1501 1368 1677 1419 οἰκίαν
1706 1367 1798 1420 καί
1830 1384 2024 1436 συγγε-

437 1453 550 1513 νεῖς
605 1450 742 1521 πρδς
786 1451 887 1521 τὴν
934 1448 1220 1520 ἀλλοτρίαν
1270 1448 1650 1519 μετετάξαντο.
1679 1447 1850 1504 ’Όταν
1890 1450 2021 1521 γὰρ,

439 1538 625 1606 φησὶν,
654 1539 682 1590 ό
710 1536 945 1608 Χριστὸς
966 1534 1321 1606 ἀτιμάζηται,
1348 1535 1510 1607 μηδὲν
1536 1537 1667 1606 ἡμῖν
1692 1535 1830 1589 ἐστω
1843 1536 2022 1607 τίμιον

442 1621 579 1691 μηδέ
610 1621 935 1689 ἀναγκαῖονο
965 1619 1054 1673 διὰ
1086 1619 1243 1672 τοῦτο
1285 1618 1463 1672 πάντα
1507 1619 1728 1687 ἀφεῖσαι
1779 1619 2018 1690 ἐξῆλθον.

439 1706 552 1758 Καὶ
587 1703 835 1774 καθάπερ
865 1704 1043 1767 οἰκίας
1081 1704 1140 1757 ἐν
1175 1702 1312 1774 μέσῃ
1346 1703 1502 1758 νυκτὶ
1548 1702 2017 1774 πυρπολουμένης,

435 1790 487 1839 οἱ
532 1787 888 1850 καθεύδοντες
920 1785 1098 1849 ἔνδον,
1141 1786 1362 1839 ἐπειδὰν
1394 1785 1686 1838 αἴσθωνται
1722 1784 1818 1838 τοῦ
1858 1785 2018 1856 θορύ-

437 1871 557 1933 ϐου,
593 1871 803 1941 ταχέως
835 1870 1179 1941 ἐξαλλόμενοι
1230 1869 1330 1939 τῆς
1381 1868 1568 1939 κλίνης
1604 1869 1881 1938 ἐκπηδῶσι
1911 1869 2020 1923 τῶν

437 1954 727 2025 προθύρων
760 1955 861 2024 τῆς
887 1954 1084 2017 οἰκίας,
1116 1952 1265 2006 οὐδὲν
1307 1953 1415 2005 τῶν
1452 1952 1599 2006 ἔνδον
1631 1952 1885 2016 λαϐόντες
1909 1969 1924 1984 ο
1961 1952 2020 2007 ἓν

437 2041 548 2111 γάρ
589 2038 746 2109 μόνον
791 2037 1204 2100 σπουδάζουσιν,
1237 2036 1386 2099 ὅπως
1421 2037 1482 2089 τὸ
1527 2037 1688 2105 σῶμα
1720 2037 1783 2091 τὸ
1811 2038 2018 2092 ἑαυτῶν

437 2122 899 2192 προεξαρπάσωσι
924 2122 1022 2192 τῆς
1055 2120 1269 2187 φλογὸς,
1302 2121 1396 2173 καὶ
1427 2119 1517 2172 τὸν
1542 2118 1690 2191 [640]
1724 2120 1817 2174 τοῦ
1848 2122 2019 2192 πυρὸς

437 2206 687 2276 φθάσωσι
712 2206 910 2276 δρόμον
934 2205 1072 2275 μετά
1099 2203 1296 2275 πολλῆς
1323 2204 1547 2258 ἐπιόντα
1564 2205 1664 2274 τῆς
1684 2204 1984 2276 ταχύτητος
2001 2223 2014 2237 ”

436 2289 581 2341 οὓτω
606 2288 668 2359 δὴ
697 2288 791 2342 καὶ
823 2280 983 2342 αὗται
1017 2286 1302 2358 ἐποίησαν.
1320 2285 1547 2341 Ἰδοῦσαι
1574 2287 1683 2359 γὰρ
1710 2289 1808 2359 τὴν
1841 2290 2020 2343 οἰκου-

440 2372 611 2441 μένην
661 2371 880 2425 ἆπασαν
924 2366 1390 2441 ἐμπυριζομένην,
1423 2369 1624 2433 εὐθέως
1657 2372 2015 2442 ἐξεπήδησαν,
2052 2430 2057 2433 ,

439 2455 534 2508 καὶ
561 2454 817 2526 ἐξήλαντο
836 2452 943 2507 τῶν
969 2453 1139 2525 προθύ
1150 2470 1254 2524 ρων
1280 2455 1378 2523 τῆς
1404 2452 1629 2517 πόλεως,
1657 2452 1715 2506 ἐν
1744 2454 1902 2525 μόνον
1923 2454 2020 2527 ζη-

435 2538 651 2600 τοῦσαι,
687 2538 784 2608 τὴν
816 2537 1089 2609 σωτηρίαν
1125 2536 1227 2607 τῆς
1256 2535 1465 2590 ἑαυτῶν
1488 2537 1667 2607 ψυχῆς
1703 2540 1865 2591 παντί
1891 2540 2019 2609 τρό-

438 2640 527 2693 πῳ
554 2621 894 2690 διαφυλάξαι.
920 2621 1030 2674 Καὶ
1062 2620 1170 2691 γὰρ
1195 2619 1521 2692 ἐμπρησμὸς
1545 2620 1667 2673 τότε
1696 2621 1930 2691 χαλεπὸς
1948 2617 2016 2693 ἦν

439 2706 538 2759 καὶ
569 2705 757 2768 σκότος
785 2703 1007 2774 ἐκράτει
1039 2702 1191 2772 βαθὺ,
1228 2702 1420 2766 σκότος
1443 2702 1535 2755 τοῦ
1560 2704 1875 2776 νυκτερινοῦ
1902 2704 2018 2758 τούο

436 2805 533 2842 του
571 2786 1001 2856 ζοφωδέστερον·
1032 2786 1125 2839 καὶ
1155 2783 1244 2837 διὰ
1270 2785 1426 2838 τοῦτο
1459 2785 1709 2858 καθάπερ
1744 2790 1802 2839 ἐν
1841 2787 2016 2858 σκότῳ

436 2874 565 2934 τοὺς
593 2870 778 2938 φίλους
802 2870 1030 2939 ἠγνόουν
1055 2869 1104 2921 οἰ
1128 2867 1295 2937 φίλοι,
1326 2866 1423 2920 καὶ
1442 2867 1633 2937 ἄνδρες
1660 2869 2017 2939 παρεδίδοσαν

436 2957 727 3023 γυναῖκας·
760 2953 849 3006 διὰ
880 2952 1037 3006 τοῦτο
1079 2952 1207 3015 τοὺς
1243 2952 1340 3021 μὲν
1376 2951 1604 3022 ἐχθροὺς
1654 2952 2014 3023 παρέτρεχον,

435 3040 550 3100 τοῖς
578 3036 637 3089 δέ
672 3035 846 3103 φίλοις
878 3035 972 3089 καί
1003 3035 1114 3097 τοῖς
1144 3034 1362 3096 οἰκείοις
1392 3035 1885 3106 προσερρήγνυντο,
1922 3036 2018 3089 καὶ

436 3121 779 3192 νυκτομαχία
807 3138 890 3183 τις
930 3115 998 3190 ἦν
1027 3117 1257 3189 χαλεπὴ,
1298 3119 1393 3171 καὶ
1426 3117 1622 3171 πολλοῦ
1671 3119 1900 3190 θορύϐου
1948 3121 2015 3174 τὰ

438 3207 736 3277 πράγματα
766 3204 857 3273 ἕγε
866 3221 947 3274 με.

512 3290 642 3342 Τότε
684 3288 864 3341 τοίνυν
906 3284 1129 3357 ἐξῆλθον
1172 3278 1330 3339 αὗται
1364 3283 1462 3354 τὴν
1493 3284 1726 3355 πατρίδα
1770 3285 2012 3355 ἀφεῖσαι,

436 3373 535 3424 καὶ
578 3372 668 3423 τὸν
713 3370 1059 3441 πατριάρχην
1102 3367 1412 3435 ζηλώσασαι
1444 3366 1536 3420 τὸν
1570 3366 1842 3437 Ἀϐραὰμ,
1878 3368 2016 3439 πρὸς

435 3455 499 3507 ὃν
540 3453 755 3525 εἴρητο·
794 3452 1048 3517 Ἔξελθε
1088 3452 1157 3505 ἐκ
1192 3450 1302 3518 τῆς
1344 3449 1457 3519 γῆς
1487 3463 1625 3514 σου,
1667 3449 1766 3503 καί
1797 3450 1867 3503 ἐκ
1906 3451 2016 3518 τῆς

437 3539 796 3608 συγγενείας
819 3552 955 3592 σου.
982 3536 1093 3590 Καὶ
1113 3535 1221 3605 γὰρ
1245 3535 1337 3588 καὶ
1358 3534 1581 3597 ταύταις
1606 3535 1634 3587 ό
1658 3533 1752 3586 τοῦ
1775 3533 2015 3603 διωγμοῦ

438 3621 633 3692 καιρὸς
657 3620 828 3675 ταῦτα
857 3617 1108 3690 παρῄνει,
1135 3616 1371 3682 ἐξελθεῖν
1394 3619 1457 3669 ἐκ
1476 3616 1577 3685 τῆς
1597 3616 1699 3686 γῆς
1722 3617 1812 3669 καὶ
1832 3618 1895 3669 ἐκ
1916 3620 2017 3681 τῆς

440 3703 781 3771 συγγενείας,
812 3702 954 3755 ὥστε
1001 3700 1409 3772 κληρονομῆσαι
1451 3700 1540 3753 τὸν
1574 3700 1818 3771 οὐρανόν.
1839 3699 2018 3770 Ἐξῄει

440 3788 621 3841 τοίνυν
656 3789 721 3839 ἐκ
753 3787 849 3856 τῆς
882 3785 1056 3848 οἰκίας
1084 3787 1118 3857 ή
1152 3784 1288 3855 γυνὴ
1324 3784 1417 3837 δύο
1452 3784 1570 3855 μεθ’
1596 3786 1792 3854 ἑαυτῆς
1820 3783 2018 3854 ἔχουσα

442 3872 771 3941 θυγατέρας.
802 3871 873 3923 Σὺ
921 3868 979 3921 δὲ
1026 3868 1101 3939 μὴ
1139 3868 1503 3942 παραδράμῃς
1548 3869 1735 3932 ἁπλῶς
1779 3870 2015 3934 ἀκούων,

440 3958 524 4009 ὅτι
554 3954 777 4025 ἐξῆλθον
810 3955 1068 4021 γυναῖκες
1104 3951 1426 4022 ἐλευθερίως
1469 3954 1883 4026 ἀνατραφεῖσαι,
1915 3971 2019 4025 μη-

440 4040 631 4092 δέποτε
678 4040 871 4103 πεῖραν
909 4035 1168 4089 λαϐοῦσαι
1211 4035 1318 4089 τῶν
1369 4034 1556 4089 δεινῶν
1600 4037 1840 4103 τούτων,
1881 4037 2018 4091 ἀλλά
2080 4078 2088 4086 .

440 4122 756 4188 ἁναλόγισαι
784 4122 850 4190 τῇ
890 4118 1099 4189 διανοίᾳ.
1139 4119 1261 4172 ὅσον
1297 4114 1367 4190 ἦν
1415 4118 1475 4171 τὸ
1518 4119 1708 4184 κακὸν,
1739 4121 1870 4192 ὅσην
1903 4121 2015 4191 ἔχει

440 4207 500 4259 τὸ
535 4207 767 4276 πρᾶγμα
804 4201 1110 4257 δυσκολίαν.
1149 4202 1212 4254 Εἰ
1250 4201 1359 4274 γὰρ
1402 4201 1679 4273 ἄνθρωποι
1706 4202 2017 4275 σύμμετρον

441 4290 749 4360 ἀποδημίαν
780 4288 1138 4358 στελλόμενοι,
1174 4285 1480 4354 ὑποζυγίων
1507 4286 1882 4357 εὐποροῦντες,
1902 4287 2018 4341 δια-

442 4373 633 4436 κόνους
680 4373 913 4442 ἐχόντες,
958 4369 1095 4440 μετά
1134 4367 1317 4432 ἀδείας
1366 4367 1659 4432 ὁδεύοντες,
1691 4368 1870 4439 κύριοι
1918 4370 2019 4439 τῆς

443 4457 704 4510 ἐπανόδου
742 4454 915 4518 ὅντες,
951 4451 1161 4505 πολλῶν
1190 4452 1533 4509 αἰσθάνονται
1564 4451 1674 4506 τῶν
1702 4452 2014 4524 μοχθηρῶν,

444 4539 645 4609 πολλὴν
691 4536 1022 4607 ὑπομένουσι
1069 4535 1474 4604 ταλαιπωρίανο
1519 4536 1654 4589 ὅπου
1700 4536 1861 4606 γυνὴ,
1924 4537 2020 4589 καὶ

444 4622 726 4694 παρθένοι,
758 4620 853 4674 καὶ
879 4619 1141 4673 διακόνων
1162 4619 1384 4690 ἐρημία,
1415 4618 1511 4672 καὶ
1538 4618 1708 4687 φίλων
1738 4619 2015 4690 προδοσία,

446 4708 539 4762 καὶ
586 4704 832 4777 θόρυϐος,
864 4704 959 4757 καὶ
1004 4701 1237 4773 ταραχὴ,
1269 4702 1362 4757 καὶ
1395 4702 1560 4771 φόϐος
1587 4701 1879 4773 ἀφόρητος,
1928 4704 2021 4757 καὶ

447 4789 685 4852 κίνδυνος
711 4791 768 4841 ἐν
801 4789 994 4850 αὐταῖς
1032 4785 1295 4849 ποικίλος,
1332 4787 1427 4838 καὶ
1461 4784 1590 4857 περὶ
1616 4785 1792 4856 ψυχῆς
1825 4787 1854 4839 ὁ
1894 4787 2020 4858 δρό-

449 4890 569 4945 μος,
597 4872 691 4924 καὶ
742 4867 1076 4940 παντάχοθεν
1132 4867 1182 4920 οἱ
1227 4866 1498 4938 πολέμιοι,
1548 4870 1701 4931 ποῖος
1745 4867 1901 4937 λόγος
1950 4869 2021 4923 τὰ

446 4957 802 5027 ἀγωνίσματα
847 4953 954 5008 τῶν
1001 4950 1272 5022 γυναικῶν
1319 4949 1665 5021 παραστῆσαι
1710 4950 2017 5023 δυνήσεται,

444 5042 544 5113 τὴν
573 5038 843 5111 ἀνδρείαν,
876 5038 974 5107 τὴν
1002 5032 1421 5113 μεγαλοψυχίαν,
1449 5032 1546 5104 τὴν
1579 5034 1788 5099 πίστιν;
1821 5036 1882 5087 Εἰ
1910 5036 2020 5105 γὰρ

449 5111 585 5196 μόνη
614 5120 854 5196 ἐξῆλθενΔ
883 5118 1292 5196 ήιμήτηρηούιε
1315 5111 1382 5186 ἦν
1428 5117 1522 5196 καὶ
1545 5116 1719 5196 οὕτως
1748 5116 2021 5196 ἀφόρητος

445 5186 476 5247 ὅ
520 5186 718 5261 ἀγών-⁷
748 5190 868 5243 νυνὶ
896 5186 961 5242 δὲ’
987 5186 1091 5241 καῖ
1125 5186 1225 5250 τὰς
1268 5186 1574 5257 θυγατέρας
1622 5186 1876 5257 ἐπήγετο,
1916 5186 2022 5241 καὶ

445 5277 649 5337 ταύτας
669 5273 971 5345 παρθένους
991 5286 1005 5301 ο
1027 5269 1169 5323 ὥστε
1186 5282 1211 5310 ι
1234 5269 1396 5339 διπλῆ
1420 5270 1453 5338 ή
1480 5268 1710 5337 ἀγωνία,
1733 5268 1827 5321 καί¹
1849 5269 2019 5341 πολλὴ

445 5362 547 5430 τῆς
571 5358 850 5431 φροντίδος
875 5358 909 5428 ή
936 5353 1221 5426 προσθήκη
1243 5369 1255 5381 ·
1280 5353 1389 5422 ὅσῳ
1417 5352 1527 5422 γὰρ
1553 5352 1696 5421 μέγα
1722 5352 1784 5405 τὸ
1810 5352 2018 5423 κτῆμα,

446 5443 685 5508 τοσούτῳ
725 5437 1103 5507 δυσκολωτέρα
1144 5438 1178 5508 ή
1209 5434 1639 5506 φυλακή.Ἐξῄει
1671 5435 1847 5488 τοίνυν
1886 5454 2023 5508 παρ-

450 5528 637 5589 θένους
661 5523 878 5595 ἔχουσα,
908 5521 1002 5576 καὶ
1028 5521 1129 5574 οὐκ
1152 5520 1352 5591 ἔχουσα
1379 5519 1725 5592 κατακρύψαι
1760 5519 1929 5585 αὐτὰς
1960 5522 2019 5574 ἐν

492 5703 521 5732 ⁸
555 5701 710 5753 Ὥστε
731 5700 873 5749 deest
896 5702 945 5748 in
964 5698 1100 5761 ξων
1144 5705 1197 5761 ει
1216 5698 1462 5761 Reg.,sed
1483 5712 1580 5748 non
1601 5712 2017 5761 superxacaneum

446 5776 560 5813 osse
588 5763 798 5811 videtur.
826 5788 883 5798 —
912 5776 929 5806 ι
961 5760 1145 5808 Eadem
1170 5759 1254 5808 lin.
1293 5759 1575 5820 écripcimns
1601 5759 1710 5808 cuin
1746 5762 1894 5809 Savul.
1938 5764 2018 5810 καὶ

448 5827 621 5878 ταύτας
642 5825 801 5885 παραὶ,
822 5823 901 5870 ubi
925 5822 1086 5869 Μυιιιί.
1115 5824 1308 5880 Ιοιζοὶγιι
1329 5824 1409 5876 τὰς
1430 5822 1511 5869 δύο
1530 5824 1669 5885 παρθ.
1702 5841 1727 5866 ιι
1758 5825 1887 5870 Enn.

1530 406 1617 460 DE
1658 404 1761 462 SS.
1802 405 2103 462 BERNICE
2142 407 2229 463 ET
2270 407 2656 469 PROSDOCE.

3608 426 3714 483 656

2132 520 2427 595 θαλάμοις*
2462 527 2638 581 καίτοι
2663 526 2797 588 ἴστε,
2821 529 2904 582 ὅτι
2935 530 3030 584 καὶ
3056 530 3287 602 θάλαμοι
3319 533 3409 587 καὶ
3436 553 3704 606 γυναικωι

2126 614 2340 679 νίτιδες,
2391 617 2487 670 καὶ
2536 618 2719 691 θύραι,
2766 620 2861 674 καὶ
2911 624 3121 694 μοχλοὶ,
3171 628 3266 681 καὶ
3308 627 3566 697 φύλακες,
3615 633 3707 685 καὶ

2126 707 2497 778 προφύλακες,
2529 711 2625 764 καὶ
2660 711 3061 783 θεραπαινίδες,
3094 718 3189 771 καὶ
3216 718 3443 790 τιθηνοὶ,
3481 721 3579 776 καὶ
3612 740 3708 794 μη.

2123 798 2250 869 τρδς
2279 802 2595 873 προσεδρία,
2626 805 2721 857 καὶ
2744 806 2950 878 πατρὸς
2975 810 3223 881 πρόνοια,
3247 812 3343 865 καὶ
3367 812 3534 886 πολλὴ
3559 816 3709 888 παρά

2122 890 2230 944 τῶν
2264 893 2465 961 γονέων
2493 895 2779 967 ἐπιμέλεια
2806 899 3037 967 γίνεται,
3069 901 3210 956 ὥστε
3235 904 3708 977 διατηρηθῆναιτδ

2123 981 2221 1051 τῆς
2270 984 2568 1054 παρθενίας
2613 987 2795 1054 ἄνθος,
2831 991 2923 1044 καὶ
2976 993 3127 1064 μόλις
3159 994 3303 1050 οὕτω
3341 996 3664 1063 διασώζεται
3690 1016 3704 1030 ο

2124 1075 2307 1147 ἐκείνη
2336 1077 2391 1130 δέ
2416 1078 2594 1149 πάσης
2615 1080 2819 1153 ταύτης
2835 1084 2932 1154 τῆς
2957 1084 3206 1157 φυλακῆς
3233 1088 3438 1160 ἔρημος
3458 1086 3526 1161 ἦν
3545 1107 3558 1120 ⁸
3588 1091 3707 1154 πῶς

2122 1162 2215 1219 οὖν
2241 1168 2410 1232 αὐτὰς
2434 1169 2697 1225 διασῶσαι
2731 1169 2905 1244 εἷχενς
2953 1177 3046 1230 Ἐκ
3076 1179 3175 1249 τῆς
3208 1180 3315 1233 τῶν
3351 1181 3510 1235 θείων
3527 1183 3709 1253 νόμων

2125 1257 2392 1329 φυλακῆς.
2424 1262 2538 1314 Οὐκ
2586 1259 2700 1333 εἶχε
2734 1267 2934 1336 στέγην
2964 1270 3412 1339 περιϐάλλουσαν.
3446 1273 3563 1326 ἀλλ’
3592 1274 3706 1345 εἶχε

2123 1350 2221 1422 τὴν
2248 1353 2517 1423 κραταιὰν
2547 1359 2704 1428 χεῖρα
2737 1359 2942 1413 ἄνωθεν
2970 1362 3277 1417 σκέπουσαν
3296 1381 3308 1394 °
3336 1366 3436 1418 οὐκ
3464 1362 3578 1437 εἶχε
3618 1368 3708 1421 θύ-

2124 1461 2226 1515 ραν
2248 1445 2368 1498 οὐδέ
2398 1447 2617 1517 μοχλὸν,
2648 1449 2762 1501 ἀλλ’
2798 1446 2910 1519 εἶχε
2938 1452 3037 1522 τὴν
3076 1454 3336 1525 ἀληθινὴν
3368 1455 3539 1528 θύραν
3571 1460 3706 1511 ἀπο-

2121 1536 2466 1607 τειχίζουσαν
2508 1540 2607 1610 τὴν
2655 1542 2965 1613 ἐπιϐουλήν.
2998 1544 3106 1596 Καὶ
3145 1545 3397 1618 καθάπερ
3427 1550 3484 1601 ἐν
3518 1549 3705 1620 μέσοις

2120 1631 2234 1692 τοῖς
2258 1629 2513 1700 Σοδόμοις
2542 1632 2912 1703 ἐπολιορκεῖτο
2946 1635 3043 1705 μὲν
3075 1638 3107 1706 ἡ
3145 1638 3237 1690 τοῦ
3269 1638 3391 1691 Λὼτ
3424 1642 3588 1705 οἰκία,
3614 1643 3705 1694 οὐ-

2120 1718 2206 1772 δὲν
2231 1719 2286 1771 δὲ
2312 1720 2516 1791 ἔπασχε
2547 1722 2718 1775 δεινόν
2739 1739 2751 1751 ⁸
2782 1724 3046 1792 ἀγγέλους
3071 1726 3141 1794 γὰ
3150 1745 3180 1797 ρ
3203 1724 3346 1797 εἶχεν
3364 1729 3537 1783 ἕνδον⁶
3562 1732 3704 1787 οῦτω

2119 1809 2183 1881 δὴ
2220 1811 2313 1864 καί
2347 1813 2400 1864 αἱ
2432 1813 2707 1885 μάρτυρες
2733 1809 2891 1868 αὗται
2924 1818 3125 1886 μεταξὺ
3161 1819 3405 1890 Σοδόμων
3446 1823 3541 1875 καὶ
3570 1823 3704 1877 πάν-

2119 1917 2227 1954 των
2256 1902 2362 1955 τῶν
2392 1903 2665 1975 πολεμίων
2694 1902 2870 1974 οὖσαι,
2894 1909 2986 1962 καὶ
3013 1909 3470 1982 πολιορκούμεναι
3502 1933 3705 1968 πανταο

2118 1992 2295 2062 χόθεν,
2334 1995 2488 2049 οὐδὲν
2520 1996 2759 2068 ἔπασχον
2787 1998 2958 2054 δεινόν
2981 2017 2995 2034 ο
3026 2001 3117 2053 τὸν
3149 2000 3301 2075 [6M]
3331 2004 3442 2075 γὰρ
3470 2005 3576 2058 τῶν
3608 2006 3705 2073 ἀγ-

2118 2085 2291 2153 γέλων
2331 2088 2608 2159 Δεσπότην
2640 2085 2786 2161 εἶχον
2826 2095 2885 2146 ἐν
2930 2094 3053 2157 ταῖς
3082 2095 3262 2149 αὐτῶν
3311 2097 3562 2151 οἰκοῦντα
3604 2098 3705 2167 ψυ-

2118 2181 2274 2247 χαῖςσ
2325 2183 2418 2231 καὶ
2465 2181 2546 2243 εἰς
2593 2181 2692 2250 τὴν
2737 2183 2855 2238 ὁδὸν
2896 2183 3148 2239 ἐλθοῦσαι
3177 2185 3277 2258 τὴν
3304 2187 3512 2259 ἔρημον
3552 2191 3705 2243 οὐδὲν

2117 2267 2345 2320 ἐπαθον·
2377 2263 2523 2339 εἶχον
2542 2270 2649 2341 γάρ
2680 2272 2781 2342 τὴν
2805 2271 3063 2344 ἀληθινὴν
3094 2273 3211 2326 ὁδὸν
3237 2274 3335 2345 τὴν
3371 2276 3508 2343 πρὸς
3535 2277 3705 2348 οὐρα-

2115 2359 2205 2412 νὸν
2238 2358 2407 2423 αὐτὰς
2451 2360 2710 2429 ἄγουσαν.
2750 2361 2849 2415 Διά
2877 2361 3036 2415 τοῦτο
3081 2364 3138 2415 ἐν
3185 2364 3426 2436 τοσούτῳ
3456 2366 3703 2438 πολέμῳ,

2117 2452 2212 2504 καὶ
2238 2451 2470 2522 θορύϐῳ,
2514 2453 2607 2505 καί
2642 2455 2880 2524 κύμασιν
2919 2456 3330 2527 ἀπειλημμέναι
3360 2458 3497 2527 μετά
3529 2460 3706 2527 ἀσφα-

2116 2541 2263 2606 λείας
2285 2543 2527 2608 ἐϐάδιζον
2546 2562 2559 2575 ·
2593 2545 2684 2598 καὶ
2716 2546 2779 2599 τὸ
2810 2546 3147 2617 θαυμαστὸν,
3175 2549 3256 2601 ὅτι
3278 2548 3367 2601 διὰ
3393 2548 3501 2602 τῶν
3522 2549 3704 2604 λύκων

2114 2634 2184 2687 τὰ
2217 2636 2465 2707 πρόϐατα
2498 2638 2678 2707 ήγετο,
2707 2638 2796 2691 διὰ
2825 2639 2933 2692 τῶν
2959 2639 3189 2693 λεόντων
3217 2640 3273 2692 αἱ
3307 2641 3542 2711 ἀμνάδες
3568 2642 3706 2712 ἐχώ-

2117 2743 2267 2796 ρουν,
2309 2727 2403 2781 καὶ
2438 2728 2611 2792 οὐδεὶς
2641 2731 2811 2793 αὐτὰς
2849 2726 2986 2782 εἶδεν
3020 2732 3343 2795 ἀκολάστοις
3377 2733 3699 2805 ὀφθαλμοῖς,

2116 2816 2231 2868 ἀλλ’
2254 2816 2442 2886 ῶσπερ
2468 2821 2593 2881 τοὺς
2624 2819 2919 2888 Σοδομίτας
2945 2821 3109 2889 ἐγγὺς
3140 2821 3240 2891 τῆς
3271 2821 3443 2892 θύρας
3476 2825 3701 2895 ἑστηκό-

2115 2926 2212 2972 τας
2244 2909 2343 2962 οὐκ
2365 2910 2515 2980 ἠφίει
2547 2910 2644 2981 τὴν
2674 2912 2878 2966 εἴσοδον
2903 2915 3035 2985 όρᾷν
3062 2915 3090 2965 ό
3116 2913 3270 2979 Θεὸς,
3296 2915 3439 2969 οῦτω
3462 2917 3558 2971 καί⁵
3579 2917 3700 2970 τότε

2114 2997 2211 3061 τὰς
2250 3000 2467 3052 πάντων
2503 3000 2812 3069 ἐτύφλωσεν
2856 3003 3029 3072 ὄψεις,
3073 3003 3215 3058 ὥστε
3251 3006 3327 3077 μὴ
3376 3008 3702 3078 προδοθῆναι

2116 3088 2187 3141 τά
2226 3088 2532 3160 παρθενικά
2568 3089 2816 3160 σώματα.

2185 3189 2245 3235 ε’.
2267 3182 2594 3254 Πορεύονται
2612 3184 2787 3238 τοίνυν
2804 3185 2884 3247 εἰς
2902 3183 3057 3238 πόλιν
3080 3186 3342 3240 Ἔδεσσαν
3359 3186 3659 3258 λεγομένην
3683 3230 3700 3256 ,

2116 3275 2268 3328 πόλιν
2301 3276 2700 3346 ἀγροικοτέραν
2741 3276 2840 3346 μὲν
2885 3276 2994 3330 τῶν
3025 3275 3257 3339 πολλῶν,
3306 3276 3701 3348 εὐσεϐεστέραν

2112 3367 2169 3421 δέ
2189 3383 2202 3396 ’
2234 3367 2287 3420 τί
2314 3367 2423 3438 γὰρ
2449 3366 2664 3437 ἐκείνης
2690 3369 2789 3438 τῆς
2824 3367 3032 3432 πόλεως
3056 3369 3168 3421 ἴσον
3190 3362 3330 3422 εἰναι
3359 3368 3615 3439 ἐνόμισαν
3643 3372 3703 3422 ἐν

2113 3456 2353 3525 τοσούτῳ
2383 3457 2660 3528 κλυδωνίῳ
2691 3460 3015 3530 καταφυγὴν
3043 3461 3245 3532 εὑρεῖν,
3276 3460 3370 3515 καί⁵
3390 3462 3447 3514 ἐν
3476 3462 3701 3530 τοιούτῳ

2115 3550 2345 3621 χειμῶνι
2381 3550 2577 3621 λιμένα
2608 3550 2787 3621 ἔχειν;
2812 3551 2922 3603 Καὶ
2951 3550 3168 3619 δέχεται
3202 3552 3234 3621 ή
3281 3552 3438 3614 πόλις
3485 3552 3584 3615 τὰς
3617 3552 3702 3616 ξέο

2115 3659 2231 3706 νας,
2259 3641 2415 3706 ξένας
2444 3642 2542 3712 μὲν
2597 3641 2698 3711 τῆς
2724 3641 2850 3711 γῆς,
2902 3641 3181 3706 πολίτιδας
3209 3642 3264 3695 δὲ
3287 3641 3393 3696 τῶν
3420 3642 3665 3713 οὐρανῶν
3682 3660 3696 3674 ο

2118 3733 2210 3787 καί⁵
2232 3732 2499 3805 δεξαμένη
2526 3732 2625 3804 τὴν
2647 3732 3122 3805 παρακαταθήκην
3173 3732 3492 3801 ἐφύλαττεν.
3537 3733 3700 3787 Ἀλλὰ

2121 3826 2308 3897 μηδεὶς
2329 3825 2436 3879 τῶν
2461 3824 2734 3893 γυναικῶν
2760 3823 3047 3879 ἀσθένειαν
3078 3826 3598 3894 καταγιγνωσκέτω,
3617 3827 3697 3879 ὅτι

2117 3917 2316 3986 ἔφυγον
2339 3934 2353 3949 ο
2381 3917 2709 3990 πρόσταγμα
2744 3916 2850 3988 γὰρ
2873 3917 3143 3987 ἐπλήρουν
3175 3916 3491 3970 δεσποτικὸν
3518 3918 3578 3971 τὸ
3605 3917 3697 3969 λέ-

2116 4025 2212 4077 γον
2233 4024 2247 4038 ⁸
2290 4008 2469 4062 Ὅταν
2494 4008 2603 4078 γὰρ
2622 4006 2918 4060 διώκωσιν
2945 4006 3118 4076 ὑμᾶς,
3147 4007 3332 4078 φησὶν,
3357 4008 3426 4062 ἐκ
3458 4007 3569 4076 τῆς
3592 4008 3698 4061 πό-

2116 4102 2268 4162 λεως
2292 4098 2534 4164 ταύτης,
2569 4098 2820 4166 φεύγετε
2855 4099 2939 4163 εἰς
2973 4095 3089 4164 τὴν
3134 4096 3377 4165 ἑτέραν·
3422 4097 3557 4169 ὅπερ
3605 4099 3699 4151 καὶ

2120 4184 2280 4243 αὗται
2301 4189 2605 4242 ἀκούσασαι
2636 4188 2837 4257 ἔφυγον
2859 4187 2908 4252 δ,
2934 4188 3029 4241 καὶ
3054 4187 3192 4251 τέως
3212 4183 3293 4252 εἷς
3320 4189 3508 4251 αὐταῖς
3537 4190 3699 4242 ἐπλέ-

2122 4298 2247 4335 κετο
2284 4280 2545 4347 στέφανος
2569 4294 2582 4307 ·
2613 4280 2765 4343 ποῖος
2797 4278 2863 4350 δὴ
2892 4273 3080 4346 οὗτος;
3129 4279 3188 4332 '0
3216 4279 3317 4349 τῆς
3349 4279 3458 4333 τῶν
3498 4280 3699 4351 παρόν-

2118 4386 2227 4422 των
2255 4370 2508 4422 άπάντων
2534 4369 2853 4441 ὑπεροψίας.
2883 4370 3092 4436 ’Ὀστις
3120 4368 3229 4441 γὰρ
3257 4369 3488 4439 ἀφῆκεν
3520 4370 3698 4424 ἁδελ-

2120 4461 2274 4530 φςὺς
2300 4461 2399 4514 καὶ
2428 4460 2717 4530 ἀδελφὰς,
2736 4460 2775 4530 ἢ
2800 4461 3077 4529 πατρίδα,
3094 4462 3132 4530 ἢ
3148 4462 3365 4525 οἰκίαν,
3395 4462 3433 4529 ἣ
3456 4461 3693 4529 φίλους,

2120 4553 2158 4621 ἢ
2187 4550 2522 4621 συγγενεῖς,
2549 4552 3150 4605 ἑκατονταπλασίονα
3194 4550 3484 4619 λήψεται,
3542 4553 3694 4621 φησί,

2121 4641 2220 4694 καὶ
2246 4637 2399 4707 ζωὴν
2437 4638 2679 4695 αἰώνιον
2714 4642 3189 4709 κληρονομήσει.
3244 4641 3354 4694 Καὶ
3402 4637 3543 4713 ἦσαν
3582 4646 3700 4696 ἐκεῖ

2121 4732 2210 4785 τὸν
2244 4730 2479 4801 Χριστὸν
2513 4728 2733 4800 ἔχουσαι
2791 4729 3057 4784 σύνοικον.
3111 4731 3174 4785 Εἰ
3216 4733 3325 4804 γὰρ
3371 4734 3504 4786 ὅπου
3532 4735 3625 4788 δύο
3661 4737 3695 4806 ἢ

2120 4824 2269 4893 τρεῖς
2299 4820 2405 4873 εἰσι
2451 4818 2799 4889 συνηγμένοι,
2854 4820 2913 4871 ἐν
2944 4819 3093 4888 μέσῳ
3133 4818 3315 4873 αὐτῶν
3364 4822 3534 4887 ἐστιν,
3563 4823 3696 4876 ὅπου

2120 4915 2240 4985 οὐχὶ
2273 4912 2607 4983 συνηγμέναι
2635 4908 2777 4983 ἦσαν
2810 4910 2990 4980 μόνον,
3019 4911 3157 4966 ἀλλά
3215 4912 3306 4966 καὶ
3337 4912 3427 4966 διά
3442 4914 3503 4967 τὸ
3527 4914 3698 4984 ὄνομα

2121 5005 2284 5061 αὐτοῦ
2317 5003 2637 5074 φεύγουσαι,
2665 5002 2781 5065 πῶς
2808 5001 2870 5053 οὐ
2901 5001 3100 5071 μᾶλλον
3130 5002 3294 5056 αὐτοῦ
3316 5004 3415 5076 τὴν
3446 5003 3697 5076 βοήθειαν

2122 5097 2469 5164 ἐπεσπῶντο;
2502 5098 2648 5149 Ἐκεῖ
2666 5094 2845 5151 τοίνυν
2873 5094 3268 5168 διατριϐουσῶν
3284 5098 3393 5150 τῶν
3422 5098 3696 5165 γυναικῶν

2122 5190 2381 5260 ἐξαίφνης
2397 5187 2751 5258 ἐπιτάγματα
2772 5187 2986 5259 πονηρά
3015 5188 3289 5259 πανταχοῦ
3315 5188 3695 5259 κατεπέμπετο

2123 5282 2323 5353 πολλῆς
2350 5280 2589 5351 γέμοντα
2616 5280 2931 5350 τυραννίδος
2980 5281 3074 5333 καί
3112 5281 3391 5351 ὠμότητος
3434 5279 3695 5350 βαρϐαρι-

2123 5375 2255 5445 κῆςσ
2291 5375 2340 5427 οἱ
2373 5375 2483 5446 γὰρ
2526 5376 2716 5427 οἰκεῖοι
2768 5373 2897 5437 τοὺς
2947 5373 3180 5434 οἰκείους
3229 5371 3694 5442 παραδιδότωσαν,

2124 5467 2310 5538 φησὶν,
2334 5468 2524 5538 ἄνδρες
2553 5466 2653 5529 τὰς
2680 5468 2960 5535 γυναῖκας,
2987 5464 3221 5533 πατέρες
3244 5463 3313 5516 τά
3331 5462 3694 5526 τέκνα,τέκνα

2120 5562 2250 5623 τοὺς
2272 5560 2536 5630 πατέρας,
2564 5558 2783 5627 ἀδελφοὶ
2804 5558 2928 5620 τοὺς
2951 5553 3245 5624 ἀδελφοὺς,
3280 5553 3424 5622 φίλοι
3453 5555 3581 5619 τοὺς
3607 5556 3696 5625 φί-

2184 5819 2213 5859 b
2231 5819 2379 5868 Savil.
2407 5818 2456 5866 in
2480 5831 2615 5881 marg
2645 5819 2758 5882 ὅπερ
2780 5818 2835 5876 δὴ
2858 5817 2971 5866 αὐτὸ
2996 5817 3075 5865 καὶ
3093 5817 3358 5881 πληροῦται
3383 5820 3487 5867 τότε
3511 5818 3691 5878 ἔφυγον.
