4104 6480
388 447 499 500 σεε-ι

385 560 476 613 Tu
535 572 661 613 vero
693 557 820 613 mihi
849 558 950 613 hoc
976 556 1093 611 loco
1123 555 1406 610 verborum
1431 552 1629 609 Christi
1671 551 1984 617 recordare,

386 653 616 721 ejusque
646 651 1044 720 przedictiouem
1063 647 1330 707 admirare
1355 665 1367 700 :
1389 646 1648 717 siquidem
1672 654 1861 700 cuncta
1891 645 1990 700 ista

388 742 663 812 quondam
716 742 1055 812 prardixerat.
1112 738 1297 794 Tradat
1342 738 1520 805 enim,
1576 737 1783 807 inquit,
1831 740 1990 807 frater

385 840 606 905 [mtrem
635 878 651 904 ,
683 847 728 888 el
786 846 929 905 pater
957 836 1155 904 ﬁlium,
1201 843 1244 888 et
1270 834 1530 904 insurgent
1558 834 1654 902 ﬁlii
1677 833 1730 887 in
1757 842 1990 902 parentes

385 928 406 997 (
439 927 624 982 Matth.
655 928 742 982 10.
769 924 884 989 21).
909 927 1042 981 Tum
1066 941 1195 981 vero
1221 925 1308 980 illa
1337 935 1556 994 propter
1582 925 1696 980 btec
1725 925 1822 979 tria
1848 939 1986 994 prte-

383 1019 605 1074 dicebat
644 1034 657 1072 :
692 1018 924 1088 primum
956 1016 1170 1087 quidem
1198 1058 1214 1085 ,
1261 1027 1319 1071 ut
1368 1015 1484 1087 ejus
1511 1017 1761 1071 virtutem
1795 1031 1987 1071 nosca-

383 1127 531 1175 mus,
563 1127 790 1181 eumquc
812 1126 993 1165 verum
1024 1126 1143 1166 esse
1174 1111 1363 1178 Deum,
1392 1110 1478 1179 qui
1508 1124 1569 1164 ea
1601 1124 1718 1180 qum
1750 1109 1986 1164 nondum

381 1203 732 1274 contigerint,
762 1202 929 1257 multo
957 1210 1082 1257 aute
1109 1202 1417 1273 praevide'it.
1450 1200 1520 1257 Ut
1546 1202 1690 1255 enim
1723 1201 1985 1270 intelligas

390 1309 523 1348 eum
553 1302 829 1363 propterea
860 1308 946 1349 res
993 1293 1192 1348 futuras
1225 1292 1538 1363 praedixisse
1561 1333 1577 1359 ,
1606 1292 1778 1363 ipsum
1805 1292 1988 1348 dicen-

385 1397 499 1442 tem
526 1387 648 1441 audi
679 1405 690 1439 :
731 1386 1007 1456 Propterea
1050 1388 1157 1442 hara
1187 1387 1295 1442 dixi
1331 1387 1467 1441 vobis
1504 1388 1645 1457 prius
1670 1404 1822 1458 quam
1834 1388 1981 1457 ﬁant,

382 1489 445 1531 ut
470 1497 582 1533 cum
610 1483 745 1552 facta
766 1481 975 1551 fuerint,
1007 1480 1244 1547 credatis,
1283 1480 1402 1551 quia
1431 1496 1523 1551 ego
1554 1478 1982 1550 sum(Joan.14.

380 1573 460 1627 29
482 1574 523 1642 ).
555 1572 754 1629 Deinde
784 1588 913 1629 vero
945 1589 1010 1628 ne
1036 1574 1158 1642 quis
1191 1572 1618 1628 adversariorum
1650 1571 1767 1625 haec
1796 1586 1862 1627 eo
1888 1586 1982 1627 ne-

380 1665 617 1727 sciente,
647 1665 732 1719 vel
762 1664 831 1721 ob
861 1665 1278 1720 imbecillitatem
1310 1664 1518 1720 sinente
1541 1664 1653 1719 fieri
1679 1664 1858 1730 dicat;
1889 1664 1979 1735 qui

380 1757 530 1808 enim
558 1756 726 1810 multo
756 1764 878 1811 ante
924 1755 1207 1826 praevidit,
1258 1756 1431 1826 potuit
1458 1755 1618 1811 etiam
1668 1754 1928 1825 impedire
1961 1771 1978 1811 :

382 1865 492 1902 non
522 1847 793 1916 impedivit
827 1859 1005 1903 autem
1036 1889 1051 1913 ,
1080 1855 1139 1901 ut
1168 1845 1360 1902 fierent
1387 1846 1706 1917 insigniores
1736 1860 1976 1903 coronae.

382 1940 499 1994 llac
536 1941 602 1995 de
623 1956 781 1995 causa
815 1941 1058 2010 prmdixit
1107 1939 1267 2007 lucc;
1313 1939 1408 1995 sed
1447 1939 1516 1995 ob
1567 1939 1723 1993 aliam
1765 1954 1980 2010 quoque

383 2031 597 2085 tertiam
642 2032 1032 2101 praenuntiavit.
1064 2031 1320 2099 Quzenam
1348 2032 1560 2086 tandem
1594 2030 1721 2085 illa?
1752 2030 1818 2087 Ut
1845 2029 1978 2086 faciq

379 2122 491 2176 lius
527 2130 796 2177 certamen
837 2122 902 2176 iis
937 2121 1206 2191 redderet,
1232 2122 1321 2193 qui
1350 2122 1402 2176 in
1434 2120 1605 2176 stadio
1646 2131 1928 2177 versantur
1960 2140 1974 2177 :

379 2227 509 2265 nam
530 2229 648 2281 qua:
698 2213 1063 2285 inexspectata
1113 2223 1239 2269 sunt
1277 2214 1413 2268 mala
1444 2255 1460 2281 ,
1489 2229 1840 2284 quacumque
1889 2214 1975 2270 illa

381 2304 600 2360 tandem
651 2305 760 2363 sint
809 2309 990 2379 gravia
1029 2317 1082 2363 et
1133 2307 1464 2363 intoleranda
1520 2307 1806 2373 videntur;
1857 2323 1977 2378 qua:

386 2406 515 2450 vero
547 2401 937 2468 pmstiilarntir,
966 2409 1021 2455 et
1049 2399 1114 2455 ad
1155 2414 1274 2470 qua:
1301 2414 1399 2454 nos
1424 2399 1732 2469 excipienda
1755 2415 1975 2469 compa-

378 2505 607 2558 ramus,
639 2491 777 2547 levia
822 2490 1103 2561 faciliaque
1146 2490 1460 2546 redduntur.
1504 2490 1605 2557 Qui
1651 2500 1761 2545 tum
1800 2491 1977 2562 itaque

376 2588 507 2642 talia
542 2581 867 2640 mandabant
895 2582 1206 2647 adversarii,
1249 2597 1369 2637 cum
1410 2597 1562 2637 suam
1607 2581 1973 2637 crudelitatem

374 2672 768 2734 declarabant,
812 2682 922 2727 tum
965 2671 1262 2743 prophetiae
1302 2672 1501 2727 Christi
1543 2674 1843 2728 nescientes
1891 2682 1973 2728 te-

373 2772 689 2824 stimonium
712 2765 979 2829 dicebant,
1005 2776 1058 2820 et
1080 2764 1270 2820 fratres
1287 2764 1675 2819 tradebantura
1699 2763 1969 2832 fratribus,

375 2872 436 2919 ct
463 2880 491 2918 a
516 2864 753 2934 patribus
792 2858 884 2913 filii
912 2900 926 2924 ,
954 2859 1162 2929 sibique
1201 2860 1296 2929 ipsi
1324 2868 1511 2913 natura
1542 2858 1739 2914 bellum
1773 2857 1972 2913 infere-

372 2958 472 3013 bat
508 2975 520 3010 :
553 2957 607 3011 in
635 2958 865 3026 seipsam
910 2952 1155 3022 cognatio
1189 2950 1550 3017 scindebatur,
1596 2964 1783 3004 omnes
1829 2950 1973 3019 leges

372 3048 614 3103 funditus
636 3045 1036 3108 evertebantur,
1058 3042 1236 3095 omnia
1266 3040 1494 3095 tumultu
1516 3039 1745 3110 quodam
1775 3047 1830 3095 et
1851 3055 1974 3109 per-

373 3142 679 3197 turbatione
705 3138 1068 3211 replebantur,
1100 3145 1153 3190 et
1187 3150 1217 3188 a
1246 3134 1580 3189 daemonibus
1620 3132 1813 3188 domus
1859 3141 1970 3187 tum

373 3246 609 3306 cognato
636 3233 892 3304 sanguine
919 3227 1343 3299 complebantur.
1372 3225 1504 3281 Nam
1532 3226 1621 3296 qui
1664 3225 1828 3278 ﬁlium
1858 3233 1968 3279 tra-

372 3329 513 3384 didit
535 3338 704 3398 pater,
730 3325 947 3381 omnino
982 3321 1145 3380 etiam
1188 3318 1450 3390 jugulavit
1479 3335 1492 3372 :
1524 3318 1645 3372 licet
1690 3316 1832 3370 enim
1869 3330 1969 3370 en-

372 3435 491 3475 sem
514 3435 618 3473 non
646 3417 952 3488 impulerit,
995 3424 1168 3484 neque
1209 3410 1426 3466 dextera
1457 3407 1658 3464 caedem
1708 3407 1967 3478 patrarit,

374 3521 559 3565 tamen
581 3508 742 3563 animi
764 3506 1021 3564 sententia
1050 3518 1164 3559 rem
1193 3516 1406 3556 omnem
1435 3500 1638 3570 peregit
1664 3518 1677 3554 :
1710 3513 1833 3552 nam
1879 3498 1967 3568 qui

322 3607 331 3613 ’
373 3601 678 3673 percussori
724 3599 995 3655 hominem
1025 3594 1326 3653 necandum
1357 3593 1590 3657 tradidit,
1623 3591 1969 3648 homicidium

376 3692 497 3761 ipse
524 3690 810 3746 commisit.
852 3688 1162 3744 Efficiamus
1197 3685 1375 3757 igitur,
1401 3693 1461 3741 ut
1485 3684 1682 3740 liberos
1722 3699 1851 3739 suos
1879 3697 1972 3739 oc-

380 3781 587 3845 cidant,
620 3781 833 3837 aiebant
861 3780 1172 3843 dmmones;
1217 3776 1505 3833 reddamus
1546 3776 1680 3831 filios
1711 3791 1807 3846 per
1848 3791 1972 3846 pro-

375 3873 636 3928 ditionem
679 3871 1013 3943 parricidas:
1061 3871 1196 3926 tales
1236 3869 1379 3925 enim
1420 3868 1549 3924 olim
1592 3868 1696 3923 illis
1739 3868 1969 3924 victimae

378 3963 814 4030 immolabantur,
845 3977 899 4019 et
931 3972 1108 4032 patres
1131 3961 1271 4017 filios
1302 3960 1626 4015 mactabant.
1658 3962 1831 4030 Atque
1852 3959 1969 4015 haec

380 4054 641 4125 propheta
692 4053 953 4109 clamabat
987 4053 1173 4108 dicens
1197 4094 1213 4117 ,
1242 4050 1640 4105 Immolauerunt
1661 4050 1798 4119 ﬁlios
1825 4067 1965 4117 suos,

376 4157 427 4200 et
455 4148 590 4215 [ilius
619 4163 735 4201 suas
766 4146 1028 4199 dwmoniis
1062 4143 1233 4215 (Psal.
1276 4142 1396 4199 l05.
1427 4143 1492 4197 57
1524 4139 1544 4214 )
1580 4159 1593 4195 :
1626 4151 1679 4196 et
1705 4141 1967 4211 ejusmodi

377 4237 690 4305 sanguinem
714 4236 981 4290 sitiebant.

458 4330 886 4400 Edictojubcnmr
907 4328 1287 4399 parentcaﬂlios
1303 4324 1821 4397 deferre—Quando
1840 4339 1967 4395 ergo

378 4420 730 4474 exsecrabilia
774 4421 870 4473 ista
910 4429 964 4472 et
1011 4417 1365 4471 abominanda
1414 4417 1672 4472 sacrificia
1723 4413 1968 4469 Christus

381 4510 717 4574 inhibuerat,
753 4524 1010 4562 renovare
1059 4522 1241 4561 rursus
1280 4506 1367 4560 illa
1399 4506 1830 4571 contendebant;
1870 4521 1964 4560 ve—

380 4620 499 4657 rum
552 4603 884 4671 impudenter
933 4599 1259 4670 quidemet
1306 4609 1489 4668 aperte
1532 4599 1754 4662 dicere,
1804 4598 1967 4654 Filios

378 4704 588 4747 vestros
621 4700 866 4756 mactate,
897 4707 1001 4745 non
1024 4691 1328 4745 audebant:
1357 4691 1531 4745 nullus
1553 4692 1694 4746 enim
1718 4691 1823 4744 illis
1854 4707 1968 4744 mn-

378 4799 495 4838 rcm
524 4783 775 4853 gessisset
804 4800 816 4835 :
843 4782 936 4836 sed
958 4781 1058 4836 alia
1092 4783 1297 4836 ratione
1334 4782 1566 4836 edictum
1605 4783 1923 4837 concinnant
1946 4824 1961 4846 ,

377 4890 445 4929 ac
474 4873 640 4943 legem
677 4873 1147 4929 comminiscuntur
1178 4890 1193 4926 :
1223 4888 1317 4943 per
1340 4873 1550 4942 judices
1586 4874 1880 4943 imperant,
1911 4884 1968 4928 ut

381 4977 634 5035 parentes
665 4967 799 5022 fdios
854 4967 1083 5038 prodant.
1133 4986 1148 5024 :
1179 4967 1309 5020 nihil
1341 4967 1482 5021 enim
1534 4966 1717 5022 noétra
1748 4968 1969 5022 interest

377 5060 492 5111 sive
538 5066 733 5112 mactet
776 5059 934 5127 quis,
983 5059 1094 5113 sive
1141 5057 1479 5112 mactandum
1538 5056 1701 5112 lilium
1748 5058 1964 5112 tradat:

382 5165 504 5203 nam
534 5159 588 5204 et
614 5148 701 5204 hie
729 5158 784 5204 ct
828 5150 917 5207 ille
965 5151 1254 5207 liberorum
1285 5160 1368 5207 est
1411 5150 1741 5207 interfector.
1773 5151 1968 5205 Videre

379 5243 542 5311 igitur
567 5253 684 5296 erat
722 5241 1012 5311 parricidas
1038 5284 1054 5310 ,
1098 5243 1384 5299 liberorum
1413 5242 1783 5298 interfectores
1807 5284 1822 5308 ,
1856 5240 1966 5297 fra-

381 5331 635 5398 tricidas;
685 5334 938 5389 tumultus
993 5349 1057 5389 ac
1109 5335 1528 5405 perturbationis
1581 5337 1760 5389 omnia
1810 5334 1965 5404 plena

378 5431 535 5476 erant
565 5439 579 5475 :
612 5432 667 5476 at
693 5423 942 5480 mulieres
966 5424 1075 5480 alta
1116 5425 1496 5496 tranquillitate
1519 5425 1830 5481 fruebantur
1855 5442 1869 5478 :
1897 5426 1969 5479 si-

379 5511 595 5579 quidem
627 5511 859 5584 undique
883 5515 1000 5571 illas
1028 5530 1152 5586 spes
1179 5516 1476 5571 futurorum
1507 5516 1799 5583 muniebat,
1831 5531 1967 5587 quo-

383 5604 524 5655 niam
569 5610 624 5658 et
652 5617 874 5675 peregre
901 5620 1021 5659 eum
1066 5605 1364 5677 degerent,
1415 5621 1640 5678 peregre
1675 5620 1780 5661 non
1809 5606 1968 5676 degeo

381 5692 512 5747 bant
542 5710 557 5746 :
592 5710 775 5749 veram
803 5697 944 5751 enim
974 5700 1197 5767 patriam
1241 5699 1398 5754 fidem
1441 5699 1749 5767 habebant,
1782 5699 1968 5756 civita-

383 5794 489 5836 tem
514 5784 782 5853 propriam
806 5786 1089 5844 habebant
1118 5791 1527 5855 confessionem,
1554 5799 1742 5845 etcum
1771 5791 1968 5860 optima

376 5890 475 5944 Spe
498 5879 788 5941 alerentur,
810 5879 969 5931 nullis
998 5879 1155 5934 rebus
1180 5882 1528 5949 prresentihus
1552 5880 1918 5936 adiciebantur
1951 5900 1966 5936 :

1510 439 1595 493 DE
1634 436 1730 493 SS.
1775 432 2069 491 BERNICE
2113 432 2201 489 ET
2239 431 2610 492 PROSDOCE.

3593 440 3697 499 638

2103 546 2283 604 futura
2315 564 2546 622 namque
2573 548 2744 606 solum
2774 551 3104 623 spectabant.
3136 552 3247 608 lloc
3286 552 3443 624 igitur
3475 554 3528 610 in
3554 566 3695 613 statu

2098 656 2217 696 cum
2240 658 2325 698 res
2347 654 2549 708 essent,
2598 643 2650 698 in
2694 643 2834 699 illam
2865 644 3052 701 urbem
3079 646 3295 703 advenit
3337 657 3490 721 pater
3515 651 3694 705 militi-

2096 734 2198 790 bus
2233 735 2299 790 ad
2329 735 2642 807 capiendam
2685 738 2919 807 praedam
2958 740 3185 811 stipatus
3215 759 3229 796 :
3260 739 3476 798 advenit
3502 754 3650 814 pater
3678 782 3701 810 ,

2097 832 2151 878 et
2179 825 2432 892 maritus;
2464 826 2689 882 filiarum
2720 827 2936 898 quidem
2962 838 3135 900 pater,
3166 833 3349 888 uxoris
3377 843 3554 887 autem
3579 849 3698 887 mai

2097 914 2231 969 ritus
2258 932 2270 968 :
2301 916 2567 985 siquidem
2599 928 2804 988 patrem
2838 929 2930 974 aut
2962 921 3214 976 maritum
3255 938 3376 978 eum
3433 925 3695 995 appellari

2094 1008 2459 1078 Oportet,qui
2511 1008 2770 1078 ejusmodi
2808 1010 2860 1065 in
2913 1011 3072 1066 rebus
3118 1014 3474 1070 ministerium
3530 1031 3686 1071 suum

2095 1095 2447 1165 impenderet.
2499 1102 2568 1155 At
2611 1100 2756 1156 enim
2788 1116 3068 1171 parcamus
3097 1104 3169 1158 illi
3200 1147 3214 1170 ,
3260 1114 3518 1176 quantum
3577 1109 3692 1164 fieri

2092 1198 2288 1256 potest,
2324 1190 2755 1261 quandoquidem
2811 1203 2961 1263 pater
3001 1205 3333 1266 martyrum,
3366 1209 3421 1253 et
3463 1202 3687 1255 maritus

2093 1280 2346 1351 martyris
2391 1283 2488 1336 fuit
2520 1299 2534 1345 ;
2569 1299 2741 1354 neque
2770 1281 3011 1340 dolorem
3041 1288 3277 1344 vulneris
3308 1290 3425 1360 ejus
3449 1293 3692 1347 crimini-

2091 1371 2192 1425 bus
2230 1373 2425 1427 nostris
2451 1390 2759 1446 augeamus.

2163 1463 2214 1519 6.
2253 1464 2331 1521 Tu
2360 1483 2486 1523 vero
2518 1468 2647 1523 mihi
2678 1470 2961 1526 mulierum
2992 1474 3326 1542 prudentiam
3351 1476 3634 1535 considera
3663 1493 3686 1538 τ

2088 1572 2211 1612 cum
2252 1559 2394 1614 enim
2439 1560 2748 1632 fugiendum
2797 1572 2932 1630 erat,
2972 1563 3267 1637 fugerunt:
3300 1584 3420 1624 cum
3455 1570 3688 1629 ineunda

2089 1660 2242 1705 erant
2281 1654 2605 1721 certamina,
2634 1655 3024 1725 constiterunt,
3052 1667 3104 1714 et
3131 1674 3314 1716 amore
3339 1661 3537 1719 Christi
3565 1665 3686 1720 vin-

2087 1749 2191 1796 ctrc
2242 1743 2649 1814 sequebantur:
2681 1755 2739 1802 ut
2791 1747 2933 1802 enim
2986 1751 3306 1806 tentatioues
3352 1755 3687 1811 accersenda:

2087 1847 2194 1888 non
2238 1844 2398 1902 sunt,
2440 1835 2513 1890 ita
2561 1851 2682 1892 cum
2722 1837 3041 1895 advenerint
3071 1840 3456 1898 decertandum
3485 1854 3600 1910 est,
3630 1858 3688 1901 ut

2086 1922 2211 1980 inde
2239 1934 2438 1982 nostra:
2467 1926 2731 1996 lenitatis,
2761 1929 2886 1984 hinc
2911 1939 3109 1985 nostrae
3149 1930 3478 1990 fortitudinis
3506 1937 3687 2006 specie

2085 2031 2210 2072 men
2240 2017 2494 2086 edamus;
2538 2018 2590 2074 id
2625 2019 2768 2089 quod
2809 2030 2864 2076 et
2901 2021 3006 2076 ill-.e
3049 2032 3159 2077 tum
3190 2020 3434 2079 fecerunt
3472 2035 3569 2081 :et
3595 2043 3685 2082 re-

2084 2123 2254 2163 versa:
2282 2117 2442 2177 sunt,
2483 2124 2546 2165 ac
2572 2109 2935 2166 decertaruut.
2979 2112 3192 2167 Etenim
3235 2124 3476 2184 apertum
3510 2115 3690 2174 fuerat

2084 2199 2352 2268 stadium,
2397 2210 2452 2257 et
2489 2202 2555 2256 ad
2599 2203 2893 2257 certamina
2932 2215 3142 2275 tempus
3183 2205 3471 2275 invitabat;
3514 2224 3689 2280 genus

2084 2299 2261 2346 autem
2289 2294 2476 2364 agouis
2505 2292 2601 2349 fuit
2627 2295 2910 2364 ejusmodi.

2158 2380 2479 2453 Hierapolim
2507 2387 2833 2456 perveniunt,
2879 2385 3052 2461 urbem
3099 2388 3235 2443 Asia:
3262 2391 3490 2447 minoris.
3524 2394 3683 2449 Chri-

2082 2483 2158 2528 sto
2186 2478 2367 2531 comite
2390 2495 2444 2532 se
2471 2479 2524 2532 in
2553 2480 2744 2549 ﬂumen
2774 2481 3068 2552 projiciuul.
3110 2481 3429 2553 Baptismum
3450 2488 3679 2560 appellat

2082 2580 2293 2623 mortem
2332 2571 2385 2624 in
2429 2573 2673 2643 martyrio
2710 2574 2916 2628 obitum.
2964 2605 3038 2615 -—
3075 2574 3350 2633 Venerunt
3392 2581 3443 2633 in
3488 2582 3678 2638 urbem

2084 2659 2406 2732 Hierapolim
2439 2663 2678 2733 nomine,
2724 2665 2953 2735 indeque
2980 2682 3106 2722 vere
3141 2668 3205 2722 ad
3248 2684 3455 2726 sacram
3493 2675 3679 2731 urbem

2082 2756 2173 2810 tali
2206 2758 2448 2813 machina
2486 2760 2760 2816 subvecta:
2794 2761 3168 2819 ascenderunt.
3205 2762 3351 2817 Viam
3381 2765 3550 2834 illam,
3578 2783 3687 2838 qua

2082 2847 2321 2903 redibant
2348 2890 2364 2915 ,
2406 2849 2599 2907 fluvius
2644 2850 3038 2921 prmterlluebat
3077 2854 3212 2908 clam
3254 2855 3509 2913 militibus
3535 2901 3549 2924 ,
3591 2863 3681 2930 qui

2079 2940 2364 3010 prandium
2394 2942 2677 2998 sumebant
2705 2953 2756 2999 et
2785 2943 3188 3000 inebriabantur
3216 2964 3229 2999 :
3253 2958 3373 3002 sunt
3406 2949 3566 3004 etiam
3590 2952 3679 3022 qui

2079 3029 2256 3086 dicant
2285 3032 2501 3088 conscio
2540 3043 2594 3089 et
2621 3034 2867 3105 adjutore
2904 3044 3058 3106 patre
3099 3038 3219 3093 illas
3260 3053 3384 3094 usas
3418 3054 3540 3096 esse
3565 3084 3580 3109 ,
3625 3050 3683 3098 ut

2085 3122 2282 3177 milites
2323 3123 2608 3193 fallerent,
2638 3125 2782 3195 quod
2808 3134 2861 3182 et
2889 3127 3053 3182 credo
3087 3145 3103 3182 :
3132 3128 3370 3204 fortassis
3394 3130 3536 3184 enim
3580 3131 3683 3189 hoc

2080 3212 2204 3267 ideo
2245 3214 2372 3269 fecit
2394 3256 2410 3281 ,
2456 3223 2514 3270 ut
2552 3217 2744 3286 exigua
2772 3219 2960 3273 saltem
2988 3219 3335 3275 excusatione
3361 3221 3678 3291 proditionis

2078 3304 2238 3375 hujus
2261 3306 2431 3376 gratia
2460 3306 2511 3360 in
2543 3307 2629 3362 die
2649 3308 2834 3377 judicii
2861 3308 3017 3364 saluti
3040 3326 3150 3365 sua:
3181 3313 3507 3381 provideret,
3536 3316 3679 3385 quod

2078 3409 2296 3463 operam
2324 3397 2714 3465 commodarit,
2748 3408 2803 3454 et
2827 3399 3125 3469 adjuverit,
3163 3411 3324 3472 atque
3362 3403 3428 3458 ad
3475 3416 3678 3478 marty-

2077 3487 2216 3542 rium
2257 3488 2550 3545 faciliorem
2578 3506 2793 3547 cursum
2833 3493 3126 3549 reddiderit
3155 3513 3167 3525 ·
3199 3496 3289 3551 illo
3316 3497 3476 3568 igitur
3499 3500 3554 3554 in
3582 3517 3679 3556 an-
3710 3508 3715 3513 ‘

2076 3582 2262 3636 xilium
2293 3583 2480 3650 ascito,
2514 3594 2713 3639 etcum
2741 3586 2857 3655 ejus
2883 3601 3043 3656 opera
3073 3589 3270 3644 milites
3294 3606 3549 3648 amovere
3579 3610 3676 3663 po-

2078 3673 2325 3737 tuissent,
2374 3674 2425 3727 in
2477 3674 2712 3731 medium
2761 3676 2961 3731 ﬂumen
3013 3678 3266 3750 ingressae
3310 3690 3453 3745 sunt,
3509 3697 3679 3754 seque

2078 3765 2220 3834 ipsas
2247 3765 2299 3820 in
2327 3767 2414 3821 illa
2446 3766 2642 3824 fluenta
2672 3768 3023 3826 demiserunt.
3062 3770 3300 3841 Ingressa
3330 3782 3411 3827 est
3436 3788 3555 3828 cum
3583 3792 3677 3845 ge-

2077 3856 2238 3911 minis
2268 3857 2478 3914 ﬁliabus
2513 3867 2683 3915 mater
2715 3876 2729 3913 :
2761 3860 2981 3915 audiant
3018 3871 3071 3917 et
3097 3873 3298 3919 matres
3326 3874 3379 3919 et
3408 3865 3673 3937 virgines,

2078 3947 2163 4003 ha:
2199 3950 2412 4019 quidem
2457 3952 2536 4007 sic
2565 3953 2826 4009 matribus
2866 3962 3118 4022 parcant,
3144 3955 3248 4011 illa:
3273 3973 3401 4012 vero
3426 3958 3565 4015 filias
3597 3962 3677 4016 sic

2078 4043 2384 4107 instituant,
2410 4045 2479 4100 ila
2505 4045 2704 4102 liberos
2724 4046 2965 4117 diligant.
2990 4047 3230 4119 lngressa
3253 4059 3334 4105 est
3358 4050 3535 4122 itaque
3560 4069 3675 4109 me-

2075 4135 2161 4188 dia
2193 4144 2364 4191 mater
2391 4138 2656 4208 utrimque
2691 4137 2827 4192 ﬁlias
2853 4152 3036 4194 secum
3077 4139 3312 4207 habens;
3342 4158 3462 4213 qua:
3499 4145 3675 4200 virum

2075 4224 2306 4282 trahebat
2338 4227 2393 4283 in
2419 4229 2596 4284 medio
2622 4229 2962 4301 innuptarum
2993 4248 3007 4283 :
3038 4242 3259 4302 eratque
3292 4233 3345 4288 in
3374 4234 3552 4294 medio
3577 4237 3679 4292 vir-

2073 4319 2311 4389 ginitatis
2334 4320 2751 4387 matrimonium,
2776 4333 2831 4378 et
2858 4322 3092 4392 ipsarum
3123 4324 3175 4379 in
3205 4324 3379 4381 medio
3404 4326 3671 4385 Christus.

2076 4409 2226 4466 Sicut
2255 4411 2417 4480 igitur
2451 4411 2603 4466 radix
2629 4413 2838 4468 arboris
2863 4412 3004 4469 binis
3034 4415 3332 4471 stolonibus
3403 4414 3675 4488 utrimque

2074 4506 2341 4559 stantibus
2368 4506 2595 4570 vallata,
2635 4505 2713 4561 sic
2744 4507 3012 4579 utrimque
3046 4508 3200 4564 beata
3250 4509 3335 4563 illa
3376 4511 3675 4581 virginibus

2074 4598 2268 4668 stipata
2315 4598 2581 4664 intrabat,
2623 4607 2677 4655 et
2721 4599 2773 4653 in
2820 4614 2985 4670 aquas
3024 4600 3141 4654 illas
3175 4600 3450 4669 mittebat,
3495 4602 3677 4674 itaque

2073 4700 2200 4747 sunt
2220 4691 2514 4758 sull'ocatze,
2536 4692 2617 4747 vel
2643 4706 2784 4747 novo
2806 4692 2979 4761 potius
3000 4701 3055 4747 et
3079 4691 3333 4747 inusitato
3355 4693 3676 4763 baptismate

2078 4785 2376 4855 baptizatze.
2409 4786 2485 4839 Ac
2528 4784 2571 4838 si
2616 4798 2773 4840 nosse
2802 4784 2936 4839 velis
2971 4784 3171 4841 clarum
3212 4785 3346 4841 illud
3386 4785 3551 4843 fuisse
3577 4788 3674 4844 ba-

2074 4882 2267 4949 ptisma
2298 4879 2440 4949 quod
2464 4887 2672 4950 gestum
2694 4888 2796 4944 est,
2821 4879 2942 4935 audi
2966 4880 3233 4949 quomodo
3255 4893 3484 4939 mortem
3515 4898 3671 4940 suam

2075 4972 2335 5042 baptisma
2363 4971 2605 5030 Christus
2633 4973 2864 5043 appellet
2893 4991 2905 5027 :
2936 4972 3073 5028 filios
3092 4974 3234 5028 enim
3265 4976 3543 5046 alloquens
3572 4977 3677 5034 Ζε-

2076 5065 2277 5132 bellici,
2334 5064 2554 5121 Calicem
2616 5066 2819 5136 quidem
2870 5082 3036 5120 meum
3083 5066 3291 5134 bibetis,
3351 5070 3560 5140 inquit,
3625 5081 3676 5125 et

2075 5157 2322 5226 baptismo
2346 5200 2361 5221 ,
2418 5175 2521 5227 quo
2573 5174 2667 5229 ego
2715 5157 2983 5227 baptizor,
3038 5157 3421 5230 baptizabimini
3465 5160 3676 5230 (Marc.
3722 5185 3731 5219 ς

2078 5248 2164 5302 10.
2197 5248 2316 5318 38).
2368 5249 2485 5315 Quo
2530 5264 2658 5302 vero
2689 5247 2952 5317 baptismo
2983 5248 3280 5320 baptizatus
3316 5258 3398 5305 est
3427 5249 3673 5306 Christus
3742 5230 3754 5241 κ

2075 5347 2195 5407 post
2241 5339 2463 5407 Joannis
2495 5338 2838 5407 baptismum,
2886 5341 2988 5393 nisi
3039 5351 3210 5394 morte
3241 5354 3303 5392 ac
3357 5354 3517 5411 cruce
3550 5340 3575 5392 ?
3605 5340 3673 5396 [ι

2074 5428 2233 5499 igitur
2269 5428 2499 5484 .lacobus
2541 5444 2646 5483 non
2687 5430 2828 5484 cruci
2872 5428 3082 5495 affixus,
3141 5429 3232 5482 sed
3284 5429 3457 5497 capite
3517 5439 3669 5484 trun-

2074 5528 2223 5576 catus
2271 5534 2419 5583 ense,
2471 5520 2737 5588 baptismo
2779 5522 3075 5590 baptizatus
3111 5528 3193 5574 est
3231 5520 3426 5574 Christi
3458 5537 3473 5574 :
3511 5522 3588 5577 sic
3617 5533 3685 5579 et-

2074 5611 2199 5666 ista:
2219 5612 2341 5666 licet
2381 5612 2649 5666 crucifixre
2688 5628 2793 5667 non
2825 5612 3058 5678 fuerint,
3104 5611 3197 5666 sed
3241 5612 3309 5667 ab
3359 5614 3512 5683 aquis
3569 5631 3667 5672 ne-

2074 5711 2240 5764 catze,
2269 5701 2470 5758 Christi
2517 5712 2642 5757 sunt
2674 5703 2989 5772 baptismate
3028 5703 3327 5772 baptizata.
3382 5704 3549 5760 Porro
3600 5707 3669 5763 il-

2074 5792 2153 5847 las
2178 5800 2349 5847 mater
2370 5793 2674 5862 baptizavit.
2702 5792 2841 5860 Quid
2866 5793 2988 5848 ais?
3014 5795 3206 5849 mulier
3236 5796 3503 5867 baptizat?
3529 5798 3671 5854 Sane

2081 5884 2293 5956 quidem
2324 5884 2729 5955 baptismatibus
2753 5884 2936 5955 ejusun
2960 5884 3013 5939 di
3035 5886 3285 5943 mulieres
3318 5890 3475 5942 etiam
3505 5888 3672 5957 bapti-
