4104 6508
402 476 506 533 6'59

395 596 550 643 zant.
586 578 1033 655 quemadmodum
1072 586 1126 632 et
1171 577 1255 631 illa
1288 577 1467 645 utique
1503 585 1554 628 ct
1582 572 1902 642 baptizavit,
1933 579 1986 624 et

394 678 648 735 sacerdos
689 684 770 729 est
810 673 985 726 facta:
1027 668 1286 739 siquidem
1323 667 1566 720 victimas
1615 664 1818 718 ratione
1846 676 1987 731 prae-

397 773 536 827 ditas
562 768 771 832 obtulit,
795 775 849 819 et
874 762 1032 817 animi
1064 760 1391 831 propositum
1423 758 1494 812 illi
1526 755 1879 809 ordinationis
1909 753 1990 808 lo-

396 884 516 923 eum
537 861 797 935 supplevit
818 857 1093 928 :qnodque
1113 856 1301 908 tuirtnu
1326 862 1426 917 est,
1447 868 1550 905 non
1572 848 1793 919 indignit
1811 847 1886 901 alt
1921 846 1989 910 ri,

401 974 516 1013 cum
547 952 893 1012 sacriﬁcaret,
916 963 1012 1002 nec
1038 946 1213 1016 lignis,
1236 960 1334 998 nec
1363 946 1501 1013 igne.
1527 959 1622 994 nec
1651 939 1823 1009 gladio
1853 937 1989 992 :ﬂu-

400 1067 518 1105 vus
538 1050 678 1105 enim
699 1047 773 1101 illi
793 1044 1027 1099 omnium
1051 1042 1168 1094 loco
1191 1039 1303 1100 luit,
1329 1048 1383 1093 et
1411 1037 1615 1100 altaris,
1635 1047 1683 1087 et
1703 1034 1991 1104 lignorum,

399 1154 448 1198 et
490 1139 685 1214 gladii,
712 1149 763 1193 et
795 1137 950 1207 ignis,
984 1143 1035 1187 et
1063 1130 1329 1194 sacrificii,
1355 1141 1406 1184 et
1438 1126 1708 1198 baptismi,
1745 1122 1994 1191 baptismi

402 1213 615 1302 quidem
638 1231 802 1285 multo
824 1223 1164 1280 evidentioris
1195 1222 1297 1277 hoc
1322 1219 1638 1288 baptismo‘.
1656 1216 1787 1270 Nam
1807 1215 1873 1269 de
1896 1213 1999 1266 huc

402 1327 613 1396 quidem
632 1325 705 1378 ait
727 1320 950 1375 Paulus:
975 1315 1315 1386 Complantati
1339 1312 1462 1385 [acti
1482 1327 1654 1365 sumus
1680 1305 1999 1362 similitudini

404 1417 576 1472 mortis
599 1418 708 1488 ejus
730 1414 905 1487 (Rom.
933 1411 987 1465 6.
1014 1409 1094 1481 δ’)
1127 1425 1140 1462 :
1176 1407 1242 1462 de
1263 1406 1528 1475 baptismo
1552 1418 1677 1457 vera
1704 1406 1997 1470 martyrum

405 1528 504 1565 non
520 1487 628 1577 jam
647 1503 980 1563 similitudini
1009 1501 1123 1570 ejus
1150 1501 1243 1565 ait,
1264 1496 1358 1553 sed
1377 1493 1696 1565 conlignrari
1720 1505 1817 1545 nos
1841 1487 1999 1543 morti

404 1606 519 1671 ejus
569 1600 824 1672 (Philipp.
862 1598 915 1651 5.
952 1594 1065 1666 10).
1108 1591 1399 1648 lnducebat
1438 1589 1616 1658 itaque
1657 1586 1796 1640 ﬁlias
1832 1594 2004 1637 mater

406 1711 510 1750 non
538 1692 688 1763 quasi
717 1692 769 1745 in
795 1688 1011 1744 ﬂuvium
1041 1684 1340 1747 inductttra,
1369 1680 1461 1735 sed
1484 1678 1635 1750 quasi
1663 1678 1715 1731 itt
1740 1675 2004 1730 thalamos

402 1782 519 1841 illas
547 1782 838 1837 drdueerct
872 1797 886 1832 :
921 1776 1207 1832 inducebat
1251 1783 1472 1843 utraque
1515 1786 1580 1826 ex
1623 1777 1772 1839 parte
1815 1775 2005 1821 tenens

407 1878 718 1943 dicensquc,
754 1872 895 1928 Ecce
916 1884 1014 1939 ego
1038 1876 1093 1923 et
1120 1865 1312 1936 puella:
1346 1878 1480 1918 mem
1498 1904 1511 1924 ,
1539 1874 1671 1932 quas
1697 1860 1845 1915 d.~dit
1875 1857 2005 1913 mibi

410 1968 551 2023 Dens
577 1964 730 2030 (lstti.
762 1962 816 2019 8.
847 1961 936 2031 18)
979 1979 992 2015 :
1023 1968 1075 2014 ttt
1106 1972 1197 2013 eas
1231 1956 1358 2011 tnibi
1388 1954 1617 2019 dedisti,
1649 1953 1740 2007 tibi
1764 1967 1863 2023 ego
1890 1951 2006 2005 illas

411 2055 756 2121 commendo,
790 2070 875 2108 res
902 2064 1049 2105 meas
1071 2059 1125 2106 et
1152 2064 1237 2104 me
1267 2048 1451 2117 ipsam.
1490 2046 1668 2116 Itaque
1690 2044 1883 2113 duplex
1911 2042 2008 2097 fuit

412 2149 652 2207 mulieris
683 2144 994 2216 martyrium
1017 2185 1031 2206 ,
1063 2144 1170 2196 imo
1196 2155 1325 2196 vero
1352 2138 1539 2210 triplex
1572 2156 1586 2191 :
1621 2152 1741 2191 nam
1775 2152 1868 2205 per
1897 2136 2007 2191 sei-

411 2256 560 2313 pSam
587 2238 776 2304 semel,
811 2251 904 2306 per
930 2234 1064 2289 ﬁlias
1092 2247 1218 2288 suas
1244 2232 1327 2287 bis
1349 2229 1664 2300 martyrium
1694 2242 1845 2298 passa
1877 2233 1961 2281 est
1987 2241 2004 2282 :

411 2343 466 2389 et
506 2328 957 2403 quemadmodum
1001 2341 1122 2381 cum
1171 2323 1401 2394 seipsam
1452 2320 1742 2375 immittere
1787 2318 2007 2381 debuit,

412 2427 572 2481 tnnlta
604 2424 679 2479 illi
703 2423 802 2477 fuit
823 2437 958 2492 opus
988 2417 1268 2475 tolerantia
1299 2433 1313 2470 :
1346 2415 1425 2471 sic
1453 2422 1507 2470 et
1537 2414 1624 2468 ubi
1655 2428 1836 2468 secum
1862 2409 2013 2481 puel-

413 2518 487 2571 las
518 2516 713 2580 traxit,
758 2513 924 2567 altera
956 2519 1101 2565 tanta
1133 2506 1359 2577 indiguit
1403 2502 1716 2567 tolerantia,
1749 2501 1857 2554 imo
1882 2513 2012 2554 vero

414 2608 580 2661 nndto
609 2603 794 2673 majori
829 2620 844 2661 :
872 2616 977 2656 non
1003 2599 1145 2655 enim
1169 2597 1303 2652 adeo
1328 2594 1580 2649 mulieres
1605 2592 1777 2648 solent
1804 2588 2010 2656 dolere,

415 2716 534 2753 cum
570 2698 699 2766 ipsa:
729 2696 1001 2750 moritura:
1028 2690 1244 2752 fuerint,
1273 2695 1331 2743 ut
1357 2701 1476 2742 cttm
1503 2682 1714 2739 illarum
1742 2681 1867 2736 ﬁlia.-
1886 2694 2013 2751 pas-

416 2807 490 2845 8n!
519 2789 621 2842 hoc
651 2786 867 2841 fuerint.
901 2783 1081 2852 ltaque
1114 2778 1345 2851 graviori
1380 2791 1475 2846 per
1499 2774 1637 2829 ﬁlias
1667 2773 1782 2828 bmc
1812 2778 2016 2841 marty-

418 2883 500 2936 rio
527 2879 760 2934 crnciata
787 2885 888 2936 est,
912 2889 1032 2929 cum
1061 2871 1127 2927 ad
1155 2866 1554 2939 reprimendam
1588 2873 1791 2918 naturae
1821 2862 1926 2915 vim
1954 2875 2015 2916 se

418 2970 671 3030 accinxit,
704 2982 824 3022 eum
851 2963 1080 3020 materni
1109 2960 1308 3015 amoris
1331 2958 1560 3013 ﬂamma:
1589 2954 1819 3017 restitit,
1851 2962 1904 3006 et
1932 2950 2019 3004 iu-

423 3063 689 3122 tolerabili
722 3064 985 3116 viseerum
1013 3052 1404 3115 conturbatitmi
1428 3062 1586 3121 atque
1615 3049 1751 3104 uteri
1780 3059 2019 3100 commo-

424 3156 577 3213 tioni.
606 3154 661 3210 Si
687 3154 827 3209 enim
858 3151 1018 3206 ﬁliam
1042 3162 1201 3204 unam
1230 3144 1491 3216 qumpiam
1522 3155 1751 3197 cernens
1778 3138 2018 3192 morien-

425 3260 531 3304 tem
557 3288 571 3309 ,
598 3244 845 3301 acerbam
877 3241 1149 3298 existimat
1172 3236 1335 3293 vitam
1363 3248 1512 3290 suam
1535 3275 1549 3299 ,
1585 3232 1699 3285 Ita-.c
1722 3230 1855 3284 duas
1882 3226 2020 3283 ﬁlias

422 3336 706 3394 confertim
733 3350 838 3389 non
861 3333 1075 3387 intuens
1096 3326 1408 3393 morientes,
1436 3324 1529 3381 sed
1550 3322 1616 3378 ad
1639 3330 1865 3376 mortem
1893 3334 2020 3390 pro-

425 3430 537 3503 pria
560 3443 720 3484 manu
750 3426 986 3491 trahens,
1011 3421 1181 3492 cogita
1203 3435 1321 3489 qua:
1348 3414 1599 3486 martyria
1631 3412 1909 3469 exhiberet
1931 3424 2018 3477 ea,

423 3501 542 3593 quae
570 3522 619 3576 id
645 3518 785 3590 quod
809 3519 968 3573 etiam
987 3514 1168 3568 auditu
1192 3508 1402 3567 cmteris
1427 3518 1506 3564 est
1536 3504 1893 3570 intolerabile,
1913 3501 2025 3556 rei-

424 3628 517 3683 psa
549 3610 831 3683 perferret.
879 3610 955 3661 Ac
980 3604 1176 3659 milites
1202 3601 1415 3672 quidem
1460 3597 1670 3668 penitus
1698 3593 1852 3649 inscii
1881 3600 2023 3646 tam-

425 3721 584 3776 quam
628 3717 812 3758 rutsus
857 3717 947 3755 eas
992 3695 1260 3767 recepturi
1307 3690 1722 3762 CXSpeClaballl,
1768 3686 1871 3740 illa:
1900 3697 2027 3739 vero

431 3813 553 3853 eum
599 3795 799 3853 Christi
850 3791 1104 3846 militibus
1145 3786 1446 3843 cmlestibus
1494 3782 1697 3854 angelis
1750 3781 1859 3850 jam
1915 3787 2026 3831 tum

428 3898 618 3955 erant;
651 3885 793 3957 quod
823 3881 1072 3939 custodes
1100 3895 1204 3934 non
1234 3876 1486 3932 videbant
1512 3917 1527 3942 ,
1560 3874 1756 3945 quippe
1779 3871 1867 3941 qui
1902 3867 2027 3923 ﬁdei

431 3981 621 4036 oculos
642 3994 746 4033 non
774 3977 1052 4031 baberent.
1081 3972 1370 4028 Enimvero
1396 3967 1465 4023 de
1488 3975 1661 4022 matre
1688 3962 1858 4034 inquit
1886 3961 2029 4017 Pau-

431 4073 517 4128 lus
540 4113 555 4138 ,
585 4068 880 4125 Saluabitur
909 4082 998 4138 per
1030 4064 1252 4134 ﬁliorum
1283 4059 1660 4132 generationem
1701 4056 1778 4124 (l.
1809 4052 1947 4107 Tim.
1972 4049 2028 4104 2.

430 4162 521 4235 15)
560 4179 574 4215 :
605 4161 694 4216 hic
738 4166 915 4213 autem
943 4156 1066 4211 ﬁliae
1093 4169 1190 4226 per
1228 4162 1455 4208 matrem
1500 4149 1661 4206 salvae
1690 4151 1817 4202 sunt
1854 4143 2030 4199 factae.

431 4257 521 4312 Sic
546 4254 799 4310 nimirum
828 4263 1018 4321 parere
1048 4256 1248 4303 matres
1275 4250 1503 4315 oportet.
1549 4241 1646 4297 Hic
1673 4240 1814 4295 enim
1847 4245 2034 4308 partus

434 4348 528 4402 illo
558 4345 721 4418 priori
755 4342 947 4398 melior
982 4350 1065 4396 est
1089 4382 1104 4407 ,
1143 4340 1197 4394 in
1229 4352 1335 4409 quo
1363 4335 1580 4391 dolores
1615 4330 1834 4404 quidem
1877 4343 2031 4383 acer-

436 4442 612 4496 biores
636 4446 781 4500 sunt,
814 4445 867 4490 at
892 4434 1062 4502 majus
1091 4433 1293 4486 lucrum
1324 4427 1638 4499 percipitur.
1665 4423 1742 4477 De
1772 4421 1879 4475 illis
1902 4434 2032 4491 par-

438 4543 523 4589 tus
542 4531 835 4593 doloribus,
859 4533 1120 4598 quotquot
1140 4530 1336 4576 matres
1357 4518 1587 4581 fuerunt,
1614 4520 1879 4568 noverunt
1897 4523 2033 4580 quos

437 4626 652 4681 dolores
671 4621 802 4678 illud
827 4622 1021 4687 inurat,
1044 4633 1164 4672 cum
1189 4615 1323 4669 ﬁlias
1349 4610 1548 4667 videris
1573 4617 1801 4662 mortem
1833 4605 2040 4660 obeun-

438 4730 551 4785 tes;
583 4728 640 4774 ut
664 4727 841 4773 autem
870 4717 983 4785 ipsa
1007 4726 1163 4766 manu
1196 4718 1284 4764 tua
1315 4704 1518 4762 caedem
1546 4709 1847 4773 perpetres,
1872 4711 2036 4769 quam

438 4826 601 4885 grave
629 4810 717 4874 sit,
745 4806 970 4879 exprimi
996 4803 1176 4858 verbis
1200 4815 1308 4855 non
1339 4803 1538 4868 potest.

510 4897 566 4951 7.
598 4894 700 4949 Cur
721 4873 972 4946 Dmitnina
989 4888 1241 4960 judicium
1262 4900 1364 4938 non
1383 4876 1764 4949 exspectaverit.
1785 4873 2039 4942 Aﬂ'ectum

443 4998 665 5045 matrum
690 5001 808 5055 erga
831 4983 965 5052 ﬁlias
986 4980 1287 5052 ampli/ient.
1314 5004 1386 5016 -—
1407 4975 1474 5029 At
1502 4972 1642 5027 enim
1664 4984 1766 5040 qua
1794 4968 1862 5023 de
1881 4981 2041 5022 causa

442 5084 497 5137 in
523 5077 781 5151 judicium
826 5089 933 5129 non
963 5073 1107 5128 venit
1156 5066 1391 5125 mulier?
1423 5063 1603 5121 Voluit
1644 5070 1769 5115 ante
1811 5073 2039 5129 pugnam

447 5185 707 5242 tropaeum
738 5166 966 5237 erigere.
996 5174 1120 5219 ante
1162 5160 1451 5217 certamina
1494 5169 1746 5210 coronam
1763 5152 2039 5230 abripere,

443 5277 569 5319 ante
615 5264 785 5317 luctas
831 5257 1050 5330 prmtnia
1096 5263 1376 5322 reportare
1407 5266 1422 5304 :
1453 5263 1559 5303 non
1590 5244 1732 5316 quod
1781 5251 2042 5297 tormenta

443 5353 833 5414 refortnidarct,
860 5348 952 5403 sed
994 5363 1060 5401 ne
1091 5346 1191 5400 illa-
1221 5341 1388 5397 oculis
1414 5340 1730 5394 lascivorum
1760 5342 2039 5405 paterent:

444 5462 551 5501 nou
583 5444 874 5509 metuebat,
925 5455 994 5495 ne
1020 5438 1138 5508 quis
1169 5434 1336 5488 latera
1388 5431 1489 5502 ipsi
1520 5428 1798 5490 effoderet,
1830 5424 1922 5480 sed
1976 5439 2046 5478 uc

444 5536 564 5605 qnis
593 5534 817 5588 ﬁliarum
843 5535 1213 5597 corrumperet
1263 5523 1642 5592 virginitatem,
1676 5519 1917 5571 timebat.
1944 5515 2044 5570 At—

449 5644 554 5699 que
601 5627 704 5682 hoc
733 5641 872 5690 eam,
929 5639 1033 5677 tum
1066 5622 1153 5675 illo
1199 5619 1362 5672 fuisse
1412 5614 1602 5666 timore
1644 5619 1964 5679 Cttrt‘cptam,
1992 5616 2047 5662 et

451 5720 648 5774 ideirco
692 5718 744 5771 itt
786 5715 1042 5783 judicium
1093 5727 1194 5764 nntt
1242 5710 1485 5761 venisse.
1537 5703 1660 5757 inde
1708 5699 2043 5754 manifestum

449 5818 551 5859 est.
606 5801 768 5856 Multo
796 5799 1066 5869 graviores
1108 5798 1159 5850 in
1207 5791 1421 5847 ﬂumine
1452 5789 1717 5843 cruciatus
1758 5784 2042 5840 toleravit:

521 5980 533 6011 ¹
560 5979 639 6036 Sic
659 5976 841 6036 legitur
865 5971 1076 6036 iusavil.
1121 5977 1171 6036 tn
1214 5965 1410 6017 Montei.
1430 6028 1438 6036 _
1458 5972 1656 6036 autem,
1681 5960 1945 6036 cedentique
1968 5972 2048 6011 res

450 6021 745 6091 sarritiri—u‘tijt
768 6021 958 6087 cisuti!
982 6042 1023 6082 et
1045 6033 1308 6093 buj'tisnuts
1332 6027 1593 6079 mdentior
1618 6026 1701 6076 Iwc
1725 6021 1978 6083 baptismo.

1111 465 1167 523 S.
1207 462 1486 521 JOANNIS
1510 457 1987 519 CllliYSOSTOMl
2020 459 2340 514 Αιιυιωςίι.
2371 460 2904 517 (ΣΟΝδΤᾹΝΤΙΝΟΡ.

3601 463 3728 517 6ιῦ

2101 571 2268 624 multo
2294 573 2435 627 enim
2467 576 2683 642 gravius
2708 585 2789 629 est
2821 587 2871 629 et
2900 572 3162 634 acerbius,
3191 581 3245 629 tit
3274 582 3399 629 ante
3424 573 3549 639 dixi,
3586 594 3731 645 pro-

2104 663 2214 733 pria
2244 664 2472 721 vistcta.
2508 665 2640 719 tilias
2684 667 2918 734 inquam.
2949 682 3109 720 manu
3157 680 3250 721 sua
3278 666 3623 736 demergere,
3658 684 3729 722 ac

2097 754 2344 809 snﬂ‘ocari
2393 771 2659 822 eernere,
2709 772 2868 825 quam
2937 756 3159 812 lacer-ari
3207 772 3422 812 carnem
3472 759 3675 813 videre
3706 800 3726 823 ,

2100 848 2381 916 multoque
2412 848 2484 902 illi
2537 850 2729 903 minori
2760 865 2896 919 opus
2921 858 3034 904 er..t
3065 848 3423 920 philosophia,
3452 866 3619 920 quam
3651 851 3727 903 ad

2102 945 2366 991 tormenta
2401 938 2697 1006 toleranda,
2748 949 2803 993 ιιι
2834 940 3127 1009 puellarum
3160 949 3344 996 tenere
3369 940 3639 997 dexteras
3667 954 3731 995 et

2100 1028 2165 1081 ad
2213 1027 2444 1083 ﬂuminis
2472 1029 2669 1083 ﬂuenta
2720 1031 3029 1099 pertrahere
3075 1044 3256 1085 secum
3289 1042 3489 1099 pOsset.
3522 1029 3732 1101 Neque

2102 1120 2243 1173 cuitu
2276 1134 2370 1188 par
2396 1120 2460 1174 ad
2492 1121 2733 1175 dolorem
2760 1121 3077 1176 iuurendunt
3106 1130 3435 1176 momentum
3461 1121 3731 1178 aﬂ'ert'ab

2103 1212 2219 1266 aliis
2261 1227 2485 1268 cernere
2528 1212 2837 1280 divexatas,
2870 1223 2922 1268 et
2969 1214 3138 1282 ipsam
3192 1216 3351 1268 morti
3401 1214 3681 1270 inservire
3708 1255 3729 1282 ,

2104 1304 2273 1373 ipsam
2305 1304 2417 1359 ﬁeri
2466 1306 2613 1359 necis
2656 1305 3047 1368 administram,
3078 1306 3245 1375 ipsam
3292 1305 3501 1360 ﬁliabus
3526 1308 3729 1361 carui-

2106 1397 2222 1452 ﬁeis
2270 1398 2413 1452 vices
2439 1397 2589 1452 obire
2622 1414 2635 1450 :
2668 1398 2760 1452 sed
2793 1397 2893 1451 hoc
2938 1399 3108 1452 multo
3155 1398 3244 1452 illo
3290 1399 3504 1468 gravius
3547 1409 3638 1453 est
3672 1409 3730 1453 et

2105 1489 2512 1546 intolerabilius.
2544 1489 2677 1546 lluic
2706 1491 2931 1545 orationi
2962 1505 3096 1545 mea:
3124 1491 3488 1546 testimonium
3515 1492 3727 1546 dicetis

2105 1597 2316 1648 omnes,
2345 1590 2608 1653 quotquot
2637 1592 2834 1637 matres
2881 1581 3073 1647 fuistis,
3101 1598 3220 1652 qua:
3269 1592 3450 1652 partus
3495 1583 3729 1640 dolores

2106 1684 2342 1745 experta:
2368 1674 2518 1743 estis,
2547 1690 2610 1730 ac
2652 1676 2790 1729 ﬁlias
2820 1677 3154 1746 suscepistis.
3185 1675 3465 1742 Quomodo
3511 1677 3731 1746 puella-

2108 1782 2225 1822 rum
2274 1766 2547 1822 dexteram
2594 1766 2860 1837 arripuit?
2888 1768 2979 1838 qui
3027 1769 3139 1823 lieri
3193 1771 3384 1838 potuit,
3419 1778 3475 1822 ut
3524 1783 3730 1823 manus

2109 1875 2216 1915 non
2244 1859 2692 1932 obtorpesceret?
2713 1861 2980 1931 quomodo
3009 1876 3114 1915 non
3148 1861 3368 1916 resoluti
3396 1871 3518 1915 sunt
3540 1862 3733 1915 nervi?

2109 1952 2377 2023 quomodo
2421 1968 2574 2009 meus
2606 1951 2673 2007 de
2703 1960 2841 2007 statu
2868 1952 3071 2021 dejecta
3121 1968 3226 2006 non
3255 1952 3381 2006 est?
3422 1953 3509 2022 qui
3545 1952 3732 2022 potuit

2110 2044 2249 2098 ratio
2292 2044 2355 2097 iis
2393 2058 2514 2113 qua:
2552 2043 2877 2113 gerebantur
2920 2043 3223 2098 inservire?
3252 2044 3532 2098 Sescentis
3572 2042 3730 2097 enim

2111 2139 2393 2195 tormentis
2417 2138 2620 2193 facinus
2643 2139 2771 2193 illud
2787 2140 3032 2194 acerbius
3052 2138 3168 2205 fuit,
3193 2154 3313 2193 cum
3330 2140 3574 2208 corporis
3604 2141 3734 2193 loco

2112 2233 2228 2301 ejus
2258 2232 2434 2285 anima
2481 2230 2915 2286 discruciarctur.
2962 2231 3157 2286 Verum
3189 2246 3466 2301 quousque
3498 2231 3725 2285 tandem

2114 2340 2179 2380 ea
2206 2324 2459 2395 persequi
2486 2324 2896 2392 contendemus,
2928 2340 3046 2395 qua:
3074 2340 3229 2379 nemo
3258 2325 3469 2395 assequi
3498 2325 3726 2395 potest?

2115 2419 2260 2473 nulla
2307 2419 2503 2489 quippe
2540 2418 2805 2490 passionis
2848 2417 3269 2489 magnitudinem
3317 2417 3490 2472 oratio
3540 2427 3734 2486 posset

2115 2511 2437 2582 exprimere,
2464 2510 2556 2566 sed
2581 2526 2640 2566 ea
2663 2511 2798 2576 sola,
2825 2527 2945 2582 qua:
2968 2521 3188 2580 experta
3217 2521 3299 2566 est
3324 2526 3387 2565 ac
3406 2511 3733 2578 decertavit,

2118 2604 2314 2659 mulier
2340 2604 2506 2668 novit,
2534 2602 2834 2672 cujustnodi
2880 2605 2987 2658 sint
3014 2604 3111 2658 ista
3144 2603 3456 2658 certamina.
3492 2602 3738 2657 Audiant

2119 2696 2220 2750 iSIa
2273 2703 2507 2759 matres,
2551 2695 2773 2748 audiant
2829 2694 3063 2765 virgines
3094 2712 3106 2748 :
3137 2702 3333 2748 matres
3381 2693 3625 2764 quidem,
3680 2702 3738 2747 ut

2120 2787 2259 2842 ﬁlias
2302 2802 2427 2843 snas
2452 2788 2530 2843 sic
2561 2787 2879 2849 instituant;
2914 2787 3151 2855 virgines
3178 2795 3376 2851 autem,
3408 2795 3466 2839 ut
3493 2785 3568 2839 ita
3611 2801 3736 2840 ma-

2124 2878 2294 2934 tribus
2322 2879 2704 2948 obsequantur.
2738 2877 2851 2932 Non
2898 2878 3039 2932 cnim
3087 2887 3292 2931 tantttm
3351 2876 3570 2931 laudare
3600 2891 3737 2932 con-

2122 2968 2269 3023 venit
2299 2979 2545 3033 matrem,
2579 2984 2698 3038 qnte
2718 2954 2724 2959 ’
2746 2968 2865 3021 talia
2908 2967 3150 3037 jusserit,
3203 2967 3297 3023 sed
3324 2975 3378 3021 et
3406 2966 3542 3022 ﬁlias
3574 2982 3732 3021 eom-

2123 3062 2399 3129 mendare,
2451 3078 2570 3132 qua:
2617 3062 2669 3116 itt
2716 3059 2979 3130 ejusmodi
3026 3061 3187 3116 rebus
3236 3060 3509 3130 paruerint
3546 3078 3561 3114 :
3596 3075 3723 3114 nam

2125 3171 2300 3227 neque
2350 3164 2519 3210 mater
2544 3153 2771 3209 vinculis
2820 3153 2965 3224 eguit
2994 3152 3059 3208 ad
3109 3151 3311 3207 hostias
3352 3151 3735 3222 victimasque,

2127 3262 2305 3319 neque
2350 3247 2594 3316 juvencae
2621 3244 2952 3309 resilierunt,
2979 3242 3073 3299 sed
3107 3244 3292 3314 mquali
3322 3245 3516 3298 mentis
3541 3243 3738 3298 alacri.

2126 3348 2237 3396 tate
2275 3347 2330 3395 et
2355 3338 2534 3393 animo
2562 3336 2754 3393 eodem
2795 3335 3037 3409 martyrii
3062 3336 3248 3407 jugum
3296 3335 3571 3390 trahentes
3597 3378 3615 3403 ,
3662 3332 3741 3390 sic

2127 3432 2348 3488 ﬂuvium
2402 3440 2527 3485 sunt
2569 3428 2849 3501 ingressae,
2880 3428 3260 3484 calceamentis
3299 3439 3449 3482 extra
3492 3426 3735 3481 ﬂuminis

2133 3524 2303 3594 ripam
2335 3520 2607 3577 derelictis
2639 3538 2653 3574 :
2683 3518 2827 3590 quod
2871 3518 2993 3574 ideo
3038 3516 3300 3585 fecerunt,
3331 3525 3388 3571 ut
3426 3514 3742 3571 custodibus

2130 3616 2262 3686 ipsis
2290 3614 2636 3669 consulerent
2661 3627 2676 3674 ;
2709 3618 2854 3666 tanta
2884 3618 3004 3665 erat
3034 3619 3338 3664 sanctarum
3370 3608 3580 3662 illarum
3616 3620 3742 3678 pro-

2133 3708 2386 3761 videntia.
2420 3704 2722 3761 Studebaut
2761 3701 2969 3757 scilicet
3010 3701 3115 3756 illis
3144 3699 3469 3755 defensionis
3498 3699 3550 3752 in
3590 3698 3737 3768 judi-

2132 3799 2216 3854 cio
2247 3813 2428 3852 ausam
2452 3796 2756 3866 relinquere
2783 3810 2799 3848 ε
2826 3808 2892 3848 ne
2917 3793 3149 3848 Crudelis
3172 3793 3259 3847 ille
3284 3805 3347 3845 ac
3372 3807 3546 3845 saivus
3563 3791 3736 3860 judcx

2134 3905 2231 3945 eos
2260 3887 2578 3958 proditionis
2608 3894 2905 3948 accusaret,
2937 3894 3032 3938 aut
3073 3881 3213 3954 quod
3247 3882 3469 3951 pecunia
3500 3884 3739 3949 corrupti

2136 3982 2391 4039 mulieres
2436 3978 2809 4043 dimisisseut;
2860 3977 3060 4031 idcirco
3098 3975 3463 4032 calceatncnta
3507 3973 3743 4042 relique-

2136 4084 2285 4142 runt,
2318 4089 2439 4144 quae
2482 4071 2709 4127 militum
2754 4070 3097 4125 conscientim
3131 4066 3568 4131 testiﬁcareutur,
3595 4062 3742 4136 quod

2139 4184 2246 4225 non
2278 4167 2384 4222 illis
2413 4164 2644 4221 consciis
2664 4205 2679 4229 ,
2706 4162 2798 4218 sed
2827 4161 3193 4233 ignorantibus
3221 4159 3272 4213 in
3304 4158 3501 4213 ﬂumen
3551 4166 3744 4228 sponte

2142 4258 2523 4330 prosiliissent.
2574 4255 2828 4310 Fortasse
2880 4269 2984 4307 non
3042 4250 3299 4306 mediocri
3351 4265 3476 4320 erga
3531 4258 3745 4302 sanctas

2142 4352 2261 4408 illas
2285 4349 2468 4406 amere
2493 4347 2773 4404 cxarsistis
2802 4363 2816 4406 ;
2849 4360 2971 4399 eum
3000 4345 3103 4399 hoc
3146 4343 3304 4414 igitur
3329 4346 3521 4398 ardore
3558 4354 3740 4396 coram

2143 4445 2381 4515 ipsarum
2409 4441 2649 4511 reliquiis
2678 4438 3042 4509 procidamns,
3078 4438 3309 4506 ipsarum
3329 4437 3576 4505 capsulas
3596 4435 3744 4490 com-

2144 4541 2442 4610 plet:tantur
2474 4554 2488 4600 ;
2522 4535 2742 4590 multam
2789 4533 2932 4588 enim
2967 4540 3191 4602 possunt
3235 4533 3483 4585 virtutem
3516 4529 3746 4600 capsula:

2146 4640 2441 4701 martyrum
2459 4626 2724 4691 obtinere,
2750 4622 3200 4693 quemadmodum
3223 4629 3277 4676 et
3297 4636 3417 4675 ossa
3447 4630 3739 4692 martyrum

2144 4722 2253 4776 vim
2282 4734 2528 4792 magnam
2566 4717 2786 4774 habent.
2812 4716 2994 4786 Neque
3020 4714 3108 4769 die
3134 4722 3336 4769 tantum
3365 4713 3522 4783 hujus
3551 4709 3746 4767 festivi-

2148 4818 2293 4882 tatis,
2331 4813 2426 4869 sed
2453 4811 2573 4867 aliis
2597 4810 2759 4865 etiam
2789 4807 2978 4864 diebus
3006 4806 3071 4861 iis
3098 4806 3451 4873 assideamus,
3474 4819 3567 4860 eas
3591 4803 3745 4858 obse-

2147 4922 2385 4973 eremus,
2417 4905 2772 4966 obtestemur,
2800 4910 2859 4956 ut
2879 4910 3119 4971 patrona:
3144 4898 3252 4953 sint
3277 4905 3507 4956 nostrae:
3532 4896 3743 4950 multam

2149 4999 2292 5054 enim
2320 4996 2563 5052 ﬁduciam
2588 4995 2833 5050 obtinent
2852 5008 2956 5046 non
2979 4991 3221 5045 viventes
3242 4989 3422 5054 modo,
3437 4988 3529 5043 sed
3548 4997 3602 5042 ct
3619 4999 3743 5040 mor-

2152 5099 2279 5154 tum;
2306 5088 2581 5157 multoque
2619 5085 2788 5156 magis
2810 5099 2931 5138 cum
2947 5092 3069 5137 sunt
3092 5091 3335 5136 mortuae.
3355 5078 3472 5135 lam
3495 5078 3634 5134 enim
3657 5075 3741 5131 sti-

2150 5193 2324 5251 gmata
2354 5179 2533 5234 ferunt
2561 5176 2790 5239 Christi;
2816 5190 2936 5229 cum
2960 5182 3135 5227 autem
3159 5173 3404 5241 stigmata
3429 5169 3541 5223 lta-c
3567 5179 3740 5222 osten-

2150 5271 2348 5336 detiut,
2373 5271 2550 5324 omnia
2581 5268 2707 5339 Regi
2734 5278 2953 5338 possunt
2984 5265 3326 5335 persuadere.
3356 5261 3578 5329 Quando
3598 5260 3741 5329 igitur

2154 5372 2297 5417 tanta
2330 5363 2435 5417 illa:
2464 5361 2656 5415 virtute
2681 5361 2902 5430 pollent,
2928 5367 3178 5427 tantaque
3198 5355 3335 5426 apttd
3358 5370 3477 5409 eum
3496 5351 3740 5412 amicitia,

2152 5471 2273 5511 cum
2296 5454 2548 5509 continua
2566 5454 2712 5507 velut
2729 5451 3039 5507 obsessione
3061 5464 3122 5503 ac
3140 5456 3394 5517 perpetua
3415 5444 3620 5498 illartttu
3637 5438 3738 5500 visi-

2155 5549 2355 5603 tatione
2391 5545 2811 5601 familiaritatem
2866 5558 2965 5598 nos
3018 5542 3230 5596 illarum
3288 5537 3738 5596 iusinuaverimus,

2156 5642 2393 5713 ipsarum
2421 5655 2581 5710 opera
2615 5638 2707 5693 Dei
2738 5635 3155 5693 miscricordiam
3188 5635 3565 5702 impetremus;
3591 5637 3737 5698 quam

2155 5736 2307 5789 nobis
2328 5732 2579 5787 omnibus
2607 5731 2816 5800 assequi
2834 5716 3126 5799 contingat,
3155 5725 3322 5795 gratia
3348 5722 3553 5777 Domini
3582 5712 3736 5774 nostri

2154 5826 2283 5882 Jesu
2308 5823 2532 5886 Christi,
2565 5838 2660 5892 per
2690 5836 2849 5891 quem
2878 5829 3077 5875 etcum
3106 5831 3212 5888 quo
3242 5814 3384 5871 Patri
3427 5811 3613 5883 gloria,
3642 5819 3734 5861 una

2156 5934 2275 5975 cum
2319 5925 2506 5972 sancto
2546 5914 2771 5985 Spiritu,
2815 5927 2955 5969 nunc
3000 5921 3054 5969 et
3101 5923 3338 5980 semper.
3377 5915 3430 5962 et
3459 5905 3510 5960 iu
3555 5896 3731 5960 sarcula

2159 6011 2494 6067 saculorum.
2522 6009 2720 6064 Amen.
