4104 6442
378 360 492 418 63.)

374 478 518 537 Ναὶ,
560 473 630 528 τά
677 471 901 528 τοιαῦτα
939 471 1289 543 βαπτίσματα
1333 474 1427 526 καὶ
1474 474 1730 541 γυναῖκες
1765 472 1957 542 βαπτίο

374 563 555 626 ζουσι,
608 557 864 630 καθάπερ
891 553 984 611 οῦν
1027 557 1122 610 καὶ
1150 557 1335 629 ἐκείνη
1369 557 1492 610 τότε
1530 559 1625 612 καὶ
1672 558 1954 621 ἐϐάπτισε,

375 645 475 698 καὶ
504 643 676 710 ἱέρεια
704 642 896 711 γέγονε
922 658 936 671 ·
965 641 1058 695 καὶ
1090 640 1199 713 γὰρ
1228 641 1442 711 θύματα
1470 643 1785 711 προσήγαγε
1817 641 1960 708 λογιη

375 728 477 788 κά,
508 726 601 779 καὶ
622 725 928 797 χειροτονία
953 725 1089 797 αὐτῇ
1126 728 1158 795 ἡ
1188 725 1506 796 προαίρεσις
1531 724 1750 793 γέγονε⁶
1780 724 1874 778 καὶ
1899 723 1959 777 τὸ

372 810 445 882 δὴ
468 810 803 880 θαυμαστὸν,
838 810 919 863 ὅτι
946 810 1047 863 οὐκ
1081 809 1273 881 ἐδεήθη
1307 808 1690 878 θυσιαστηρίου
1730 806 1956 872 θύουσα,

372 895 503 948 ούδέ
527 892 719 958 ξύλων,
754 892 875 946 οὐδὲ
910 892 1102 963 πυρὸς,
1137 892 1258 945 οὐδὲ
1299 892 1574 962 μαχαίρας
1601 910 1613 923 ·
1648 891 1824 945 πάντα
1850 890 1958 962 γὰρ

375 978 599 1047 ἐγένετο
628 978 657 1031 ὀ
687 975 952 1045 ποταμὸς,
982 976 1076 1029 καὶ
1105 975 1507 1046 θυσιαστήριον,
1556 975 1650 1029 καὶ
1679 975 1833 1042 ξύλα,
1867 976 1959 1029 καὶ

378 1063 650 1133 μάχαιρα,
674 1059 927 1130 καὶπῦρ,
961 1061 1055 1113 καὶ
1097 1058 1278 1123 θυσία,
1314 1061 1409 1113 καὶ
1437 1059 1743 1130 βάπτισμα,
1768 1059 1958 1129 βάπτι-

376 1163 497 1215 σμα
538 1142 718 1213 πολλῷ
764 1141 955 1196 τούτου
989 1154 1015 1183 ι
1051 1141 1145 1195 τοῦ
1193 1143 1564 1213 βαπτίσματος
1604 1143 1955 1214 σαφέστερον.

376 1229 520 1299 Περὶ
550 1226 647 1299 μὲν
678 1226 787 1297 γάρ
838 1224 1025 1279 τούτου
1056 1226 1189 1296 φησὶ
1236 1226 1445 1289 Παῦλος
1469 1243 1483 1258 ·
1529 1227 1831 1295 Σύμρυτοι
1865 1244 1958 1295 γε-

374 1314 642 1382 γόναμεν
669 1311 698 1351 1³
728 1307 807 1375 τῷ
833 1308 1145 1379 ὁμοιώματι
1174 1309 1279 1364 τοῦ
1302 1309 1562 1364 θανάτου
1586 1310 1770 1363 αὑτοῦ
1790 1325 1804 1340 ’
1830 1310 1958 1380 περὶ

374 1397 439 1455 δὲ
462 1396 561 1450 τοῦ
589 1394 965 1465 βαπτίσματος
986 1393 1095 1447 τῶν
1128 1393 1417 1465 μαρτύρων
1446 1392 1595 1466 [6H]
1630 1394 1729 1447 οὐκ
1763 1393 1843 1447 ἔτι
1881 1393 1958 1463 τῷ

375 1483 686 1556 ὁμοιώματι
714 1480 808 1536 τοῦ
836 1478 1068 1535 θανάτου
1093 1477 1256 1532 αὐτοῦ
1276 1476 1442 1546 λέγει,
1468 1476 1580 1531 ἀλλ’
1603 1479 1686 1532 ὅτι
1705 1494 1955 1548 συμμορ-
2004 1488 2012 1500 ·

352 1567 633 1640 ιφούμεθα
657 1564 735 1638 τῷ
758 1565 984 1635 θανάτῳ
1009 1560 1196 1617 αὐτοῦ.
1230 1561 1428 1633 Εἰσῆγε
1454 1560 1635 1616 τοίνυν
1666 1562 1766 1627 τὰς
1791 1556 1958 1630 θυγα-

375 1653 548 1726 τέρας
577 1652 612 1720 ή
645 1650 829 1721 μήτηρ
850 1687 866 1713 ,
914 1647 1014 1717 οὐχ
1056 1646 1134 1711 ὡς
1167 1646 1249 1709 εἰς
1280 1644 1521 1715 ποταμὸν
1550 1645 1816 1717 μέλλουσα
1843 1647 1956 1699 εἰσ-

377 1738 557 1804 άγειν,
582 1733 697 1788 ἀλλ’
718 1732 907 1802 ὥσπερ
930 1732 1012 1793 είς
1041 1728 1137 1793 τὰς
1168 1726 1318 1800 ἱεράς
1338 1728 1505 1791 αὑτάς
1537 1728 1815 1791 παστάδας
1847 1745 1959 1798 χει-

381 1806 741 1890 ραγωγοῦσα’
774 1815 992 1885 εἰσῆγεν
1027 1810 1366 1883 ἑκατέρωθεν
1411 1811 1712 1881 κατέχουσα
1739 1811 1832 1865 καὶ
1867 1810 1952 1863 λέ-

378 1916 553 1972 γουσα
570 1916 586 1932 '
602 1900 731 1955 ’ἰδοὺ
751 1898 864 1966 ἐγὼ
886 1897 982 1951 καὶ
1002 1896 1070 1950 τά
1091 1893 1295 1957 παιδία,
1319 1893 1354 1948 ά
1380 1894 1501 1964 ἐμοὶ
1520 1894 1717 1948 ἔδωκεν
1736 1895 1764 1947 ὀ
1784 1894 1914 1958 θεός
1940 1909 1954 1924 ·

378 1985 451 2041 σύ
485 2003 574 2057 μοι
605 1983 746 2039 αὐτὰ
772 1983 1000 2047 ἔδωκας,
1033 1980 1116 2033 σοὶ
1144 1977 1283 2032 αὐτά
1325 1978 1856 2049 παρακατατίθεμαι,
1889 1977 1959 2031 τά

377 2054 627 2140 ἐμαυτῆς
652 2068 748 2123 καὶ
770 2066 1035 2139 ἐμαυτήν.
1081 2065 1191 2119 Καὶ
1224 2061 1367 2117 οὕτω
1405 2061 1625 2117 διπλοῦν
1659 2061 1871 2130 ἐγένετο
1900 2054 1959 2114 τῦ

376 2154 485 2225 τῆς
513 2151 769 2222 γυναικὸς
801 2148 1102 2222 μαρτύριον
1124 2186 1140 2210 ,
1195 2147 1393 2218 μᾶλλον
1441 2146 1498 2200 δὲ
1540 2145 1802 2218 τριπλοῦν
1825 2162 1838 2175 υ
1871 2145 1959 2198 διὰ

382 2239 488 2308 μὲν
518 2236 626 2308 γάρ
656 2235 857 2306 ἐαυτῆς
889 2231 1058 2298 ἅπαξ,
1091 2232 1180 2287 διὰ
1199 2232 1256 2285 δὲ
1284 2230 1395 2284 τῶν
1413 2230 1507 2283 δύο
1540 2228 1854 2299 θυγατέρων
1878 2228 1960 2291 δὶς

380 2321 733 2394 ἐμαρτύρησε
748 2337 761 2350 ·
786 2320 880 2373 καλ.
901 2317 1087 2389 ῶσπερ
1108 2316 1271 2384 ἡνίκα
1285 2313 1482 2385 ἑαυτὴν
1504 2314 1722 2384 ἀφιέναι
1747 2312 1957 2383 ἔμελλε,

380 2404 585 2475 πολλῆς
608 2403 743 2474 αὐτῇ
764 2402 863 2473 τῆς
893 2400 1170 2471 ὑπομονῆς
1200 2398 1328 2456 ἔδει.
1348 2396 1488 2451 οὕτω
1516 2398 1608 2451 καὶ
1632 2397 1718 2450 ὅτε
1743 2396 1811 2448 τά
1837 2414 1961 2449 παι-

377 2490 472 2543 δία
503 2488 620 2561 μεθ’
671 2486 868 2556 ἑαυτῆς
926 2477 1145 2540 εἷλκεν.
1195 2483 1388 2553 ἐτέρας
1417 2481 1685 2551 τοσαύτης
1729 2479 1960 2551 ἔχρῃζεν

386 2572 683 2641 ὑπομονῆς,
716 2568 914 2641 μᾶλλον
944 2567 999 2621 δὲ
1028 2565 1204 2636 πολλῷ
1228 2565 1473 2628 πλείονος
1495 2582 1509 2595 ·
1553 2564 1614 2618 ού
1645 2563 1754 2635 γάρ
1786 2562 1960 2628 οὕτως

378 2655 443 2708 αἳ
477 2656 732 2722 γυναῖκες
754 2651 942 2720 ἀλγεῖν
974 2649 1249 2714 είώθασιν,
1283 2648 1504 2702 ἐπειδάν
1537 2647 1697 2702 αὐταὶ
1724 2647 1960 2718 μέλλωσι
1996 2674 2001 2677 Α

377 2737 663 2809 τελευτᾷν,
690 2737 765 2801 ὠς
781 2738 910 2790 ὅταν
939 2736 994 2789 αί
1022 2733 1322 2805 θυγατέρες
1349 2732 1526 2787 αὐτῶν
1549 2734 1708 2787 τοῦτο
1740 2733 1960 2804 πάσχω-

381 2840 493 2875 σιν.
528 2822 688 2874 Ὥστε
719 2819 977 2895 μειζόνως
997 2816 1085 2872 διά
1103 2817 1212 2871 τῶν
1233 2816 1548 2888 θυγατέρων
1576 2816 1960 2887 ἐμαρτύρησεν

379 2902 547 2973 αῦτη,
571 2902 665 2957 καὶ
694 2898 1022 2975 πρὸςάύτὴν
1045 2898 1353 2955 ἀπεδύσατο
1376 2901 1476 2970 τῆς
1498 2896 1711 2968 φύσεως
1740 2900 1837 2968 τὴν
1862 2918 1958 2953 τυ-

384 2987 628 3060 ραννίδα,
664 2987 757 3040 καὶ
789 2985 924 3056 πρὸς
943 2985 1042 3058 την
1073 2982 1246 3053 φλόγα
1276 2982 1384 3037 τῶν
1416 2983 1619 3036 ὠδίνων
1654 2982 1783 3054 ἔστη
1811 3022 1825 3045 ,
1865 2985 1960 3038 καὶ

380 3073 524 3145 πρὸς
572 3072 671 3139 τὴν
703 3070 975 3141 ἀφόρητον
1023 3068 1132 3121 τῶν
1182 3066 1508 3138 σπλάγχνων
1546 3068 1793 3139 ταραχὴν
1816 3107 1831 3130 ,
1867 3068 1960 3121 καὶ

380 3155 522 3228 πρὸς
546 3155 636 3208 τὸν
655 3154 755 3224 τῆς
792 3153 1003 3224 μήτρας
1028 3150 1274 3223 θόρυϐον.
1301 3151 1365 3205 Εἰ
1388 3150 1496 3219 γάρ
1530 3149 1805 3221 θυγατέρα
1832 3150 1959 3220 μίαν

376 3256 470 3302 τις
500 3238 945 3308 ἀποθνήσκουσαν
968 3233 1150 3305 ὁρῶσα
1182 3232 1413 3287 ἀϐίωτον
1443 3233 1659 3302 ἡγεῖται
1696 3233 1787 3285 τὸν
1821 3233 1958 3303 βίον,

376 3321 526 3399 αῦτη
564 3320 661 3384 τάς
705 3319 802 3373 δύο
836 3317 1139 3399 θυγατέρας
1175 3317 1368 3389 ἀθρόον
1395 3316 1579 3388 [αὐτῇ]
1615 3317 1735 3389 ούχλ.
1772 3316 1960 3388 ,ὁρῶσα

380 3401 858 3474 ἀποθνησκούσας,
883 3398 1018 3454 ἀλλὰ
1038 3399 1125 3453 διά
1148 3399 1248 3469 τῆς
1276 3401 1484 3463 οἰκείας
1509 3399 1691 3471 χειρὸς
1714 3399 1847 3471 πρὸς
1869 3399 1960 3451 τὸν

382 3488 616 3542 θάνατον
642 3485 893 3547 ἕλκουσα,
929 3482 1180 3553 ἐννόησον
1204 3483 1305 3536 ὅσα
1337 3482 1683 3537 ἐπεδείκνυτο
1715 3483 1781 3537 τά
1819 3500 1961 3556 μαρ·

379 3571 568 3643 τύρια,
602 3568 631 3623 δ
660 3567 793 3640 μηδέ
808 3565 1036 3621 ἀκοῦσαι
1063 3564 1270 3637 ἑτέροις
1294 3566 1548 3636 φορητὸν.
1572 3566 1661 3621 διά
1691 3567 1799 3620 τῶν
1821 3583 1961 3638 πρα-

360 3648 612 3725 ’γμάτων
642 3650 979 3723 ὑπομείνασα
1012 3648 1215 3719 ἐκείνη.
1251 3649 1314 3700 Οἱ
1358 3649 1455 3719 μὲν
1488 3644 1581 3703 οὗν
1633 3649 1960 3719 στρατιῶται

379 3739 591 3794 τούτων
614 3736 765 3790 οὐδὲν
792 3734 992 3798 εἰδότες
1014 3732 1204 3804 ’έμενον
1231 3731 1306 3795 ὠς
1334 3730 1629 3801 ληψόμενοι
1666 3733 1825 3786 πάλιν
1865 3735 1961 3787 αύ-

379 3825 505 3888 τάς,
535 3824 737 3876 ἐκεῖναι
765 3819 822 3873 δέ
846 3814 983 3890 ἦσαν
1015 3815 1153 3887 μετά
1174 3815 1281 3869 τῶν
1303 3815 1395 3869 τοῦ
1422 3816 1659 3887 Χριστοῦ
1697 3834 1972 3889 στρατιω-·

380 3906 493 3960 τῶν
527 3905 709 3958 λοιπὸν
732 3902 841 3955 τῶν
872 3899 1139 3973 οὐρανίων
1167 3898 1415 3968 ἀγγέλων
1438 3912 1452 3927 ’
1484 3899 1533 3951 οἱ
1579 3899 1635 3953 δὲ
1671 3898 1967 3972 τηροῦντες

380 3989 487 4042 οὐκ
508 3983 645 4043 εἶδον
665 4003 680 4018 ⁸
712 3985 772 4038 ού
799 3983 908 4056 γὰρ
940 3979 1085 4053 εἶχον
1113 3982 1239 4044 τοὺς
1256 3981 1355 4052 τῆς
1372 3980 1608 4044 πίστεως
1627 3980 1971 4050 ὀφθαλμούς.

392 4072 458 4124 '0
492 4069 588 4141 μὲν
615 4063 707 4122 οῦν
735 4065 943 4129 Παῦλός
966 4081 1097 4135 φησι
1118 4064 1244 4136 περὶ
1268 4063 1367 4131 τῆς
1397 4063 1622 4134 μητρδς,
1653 4064 1737 4116 ὅτι
1769 4063 1969 4129 Σωθήκ

380 4169 556 4208 σεται
585 4151 682 4206 διὰ
709 4149 819 4218 τῆς
841 4147 1223 4218 τεκνογονίας
1242 4161 1257 4176 ⁸
1292 4146 1525 4199 ἐνταῦθα
1555 4145 1612 4199 δὲ
1644 4146 1699 4199 αἱ
1734 4146 1969 4214 θυγατέ-Δ

386 4254 484 4309 ρες
512 4234 601 4289 διὰ
624 4236 722 4306 τῆς
758 4231 962 4305 μητρὸς
990 4228 1347 4309 διεσώθησαν.
1380 4228 1569 4294 υῦτως
1605 4229 1816 4283 ὠδίνειν
1854 4231 1963 4302 λ(ρῆ

381 4307 486 4382 τὰς
515 4317 776 4390 μητέρας.
803 4315 914 4369 Καὶ
934 4315 1041 4387 γάρ
1068 4307 1227 4367 αὗται
1257 4314 1313 4365 αι
1338 4312 1526 4376 ὠδῖνες
1551 4312 1660 4365 τῶν
1683 4312 1965 4384 προτέρων

385 4402 652 4474 βελτίους,
683 4398 1015 4471 πικροτέραν
1057 4396 1154 4467 μὲν
1183 4394 1396 4465 ὀδύνην,
1421 4398 1605 4467 μεῖζον
1648 4396 1703 4449 δὲ
1743 4396 1964 4467 ἔχουσαι

385 4485 598 4557 κέρδος.
634 4482 889 4535 Ἐκείνων
907 4481 1057 4534 ἴσασι
1074 4478 1183 4532 τῶν
1205 4478 1431 4542 ὠδίνων,
1446 4479 1568 4531 ὅσαι
1589 4479 1823 4551 μητέρες
1846 4479 1967 4545 ἐγέσ

383 4584 562 4631 νοντο,
606 4561 714 4619 οἷαι
760 4567 816 4618 αἱ
850 4563 1037 4627 ὠδῖνες
1080 4562 1385 4635 θυγατέρας
1428 4563 1554 4616 ἰδεῖν
1600 4562 1967 4633 ἀποθνησκού-

389 4669 488 4713 σας
509 4669 523 4683 ο
559 4651 619 4704 τὸ
645 4649 701 4703 δὲ
722 4650 815 4701 καὶ
846 4647 1017 4717 αὐτὴν
1062 4647 1354 4716 αὐτόχειρα
1379 4646 1630 4715 γενέσθαι
1675 4647 1774 4716 τῆς
1827 4664 1969 4717 σγα-π

384 4737 514 4810 γῆς,
546 4737 752 4804 ἄφατον
791 4731 901 4803 ἔχει
932 4730 1029 4802 τὴν
1074 4728 1395 4810 ὑπερϐολήν.

461 4820 525 4885 ζ’.
545 4816 704 4871 Ἀλλά
726 4812 866 4879 τίνος
888 4813 1075 4868 ἕνεκεν
1087 4814 1187 4866 ούκ
1206 4809 1369 4883 ἦλθεν
1385 4813 1464 4876 εἰς
1486 4813 1545 4866 τὸ
1556 4813 1904 4886 δικαστήριον
1930 4818 1967 4887 ἡ·

384 4904 526 4975 γυνή
550 4920 567 4969 ς
600 4900 714 4972 Πρὸ
740 4899 843 4970 τῆς
881 4899 1059 4969 μάχης
1091 4896 1357 4967 ἐϐουλήθη
1386 4894 1447 4947 τὸ
1473 4896 1736 4966 τρόπαιον
1759 4897 1966 4964 λαϐεῖν,

386 4986 499 5058 πρὸ
531 4985 642 5039 τῶν
666 4980 894 5052 ἀγώνων
947 4979 1036 5033 τὸν
1091 4979 1354 5048 στέφανον
1402 4979 1672 5049 ἁρπάσαι,
1726 4982 1833 5052 πρὸ
1858 4982 1967 5034 τῶν

388 5067 787 5140 παλαισμάτων
815 5064 1069 5131 δέξασθαι
1102 5065 1169 5116 τά
1200 5062 1445 5135 βραδεῖα,
1474 5064 1536 5117 ού
1564 5063 1831 5133 βασάνους
1878 5067 1967 5119 δε-

387 5156 624 5215 δοικυῖα,
657 5150 794 5206 ἀλλὰ
824 5148 951 5211 τοὺς
977 5146 1309 5207 ἀκολάστους
1352 5146 1461 5198 τῶν
1494 5147 1738 5200 ἀπίστων
1771 5149 1969 5217 ὀφθαλ-

392 5239 562 5312 μούς.
595 5238 693 5291 οὒκ
722 5236 989 5304 ἐφοϐεῖτο,
1029 5234 1102 5303 μή
1132 5248 1216 5293 τις
1249 5231 1386 5300 αὐτῇ
1415 5230 1637 5304 διορύξῃ
1680 5231 1781 5295 τὰς
1806 5233 1971 5285 πλευδ

390 5325 517 5397 ράς,
545 5322 658 5377 ἀλλ’
691 5319 968 5379 ἐδεδοίκει,
993 5315 1067 5387 μή
1096 5332 1178 5378 τις
1196 5313 1304 5366 τῶν
1337 5312 1652 5397 θυγατέρων
1682 5316 1972 5389 διαφθείρῃ

387 5396 490 5477 τὴν
520 5403 841 5477 παρθενίαν.
885 5401 995 5455 Καὶ
1024 5401 1106 5453 ὅτι
1130 5397 1319 5450 τοῦτον
1362 5396 1613 5450 ἐδεδοίκει
1659 5398 1751 5452 τὸν
1776 5400 1967 5469 φόϐον,

388 5476 492 5543 ούκ
514 5491 739 5548 ἐκεῖνον,
771 5485 865 5539 καὶ
885 5484 970 5537 διά
1003 5482 1161 5536 τοῦτο
1189 5482 1291 5534 οὐκ
1332 5476 1496 5550 ἦλθεν
1526 5481 1606 5544 εἰς
1627 5480 1688 5535 τὸ
1713 5481 1971 5553 δικαστηα

393 5587 532 5646 ριον,
560 5570 715 5642 δῆλον
744 5567 971 5623 ἐκεῖθεν.
999 5564 1189 5636 Πολλῷ
1213 5564 1433 5633 μείζους
1451 5562 1718 5633 βασάνους
1742 5565 1972 5636 ὑπέμει-

463 5677 485 5699 “
510 5674 592 5725 Sic
612 5688 702 5722 nos
723 5686 831 5721 cum
845 5670 1054 5731 Samio;
1074 5667 1240 5719 Monlf.
1255 5670 1335 5717 καὶ
1356 5668 1411 5717 τὸ
1431 5667 1546 5717 αὐτὸ
1559 5668 1698 5719 θυσία
1718 5668 1797 5719 καί
1823 5670 1964 5734 βάπτ.

388 5737 581 5787 τούτου.
604 5736 738 5785 Εοιτ.

456 5798 486 5841 ιι
507 5796 659 5847 Savil.
683 5804 738 5847 et
758 5797 879 5859 Reg.
904 5795 1135 5858 σύμφυτοι
1158 5792 1423 5855 ἐγενόμεθα.

677 5868 947 5943 Parnm...
996 5880 1111 5940 Gn.
1163 5878 1229 5941 L.

1450 356 1539 411 DE
1578 357 1677 414 SS.
1714 356 2007 415 BERNICE
2040 358 2129 415 ΕΤ
2172 361 2552 419 [ιιιοδοοοιι.

3541 369 3661 423 (ᾙῪ

2064 494 2152 529 νεν
2187 478 2244 532 ἐν
2272 478 2347 549 τῷ
2381 475 2611 548 ποταμῷ
2632 493 2646 507 ’
2686 477 2777 531 καὶ
2807 478 2913 551 γάρ
2968 480 3062 533 τοῦ
3116 482 3291 551 σάρκα
3328 481 3644 548 καταξαινο-

2064 562 2232 632 μένην
2270 564 2406 633 ὀρᾷν
2434 560 2626 632 πολλῷ
2673 562 3054 634 χαλεπώτερον
3105 567 3200 619 καί
3232 567 3645 641 ὀδυνηρότερον,

2060 644 2310 717 καθάπερ
2336 644 2508 716 ἔφθην
2530 644 2721 709 εἰπὼν,
2744 645 2813 699 τὰ
2842 647 3018 700 οἰκεῖα
3053 648 3336 720 σπλάγχνα
3358 689 3374 716 ,
3419 650 3518 713 τὰς
3546 650 3642 703 θυ-

2058 728 2297 801 γατέρας
2335 728 2499 797 λέγω,
2555 727 2645 783 διὰ
2683 729 2784 799 τῆς
2812 731 3039 794 ὀἰκείας
3078 734 3377 788 καταδῦσαι
3438 734 3643 806 χειρὸς,

2059 811 2153 866 καὶ
2186 812 2631 884 ἀποπνιγομένας
2662 812 2810 877 ίδεῖν,
2840 813 2934 866 καὶ
2958 812 3052 867 τοῦ
3074 815 3174 879 τάς
3208 816 3473 886 βασάνους
3501 819 3648 886 ἐνεγ-

2060 898 2177 950 κεῖν
2204 895 2382 967 πολλῷ
2418 896 2663 968 μείζονος
2695 896 2801 949 ἔδει
2825 896 2926 966 τῆς
2958 896 3278 967 φιλοσοφίας
3311 901 3473 972 αὐτῇ,
3501 901 3642 955 ὥστε

2055 980 2346 1051 δυνηθῆναι
2400 984 2694 1051 κατασχεῖν
2723 980 2822 1042 τάς
2873 979 3055 1047 δεξιάς
3096 983 3206 1036 τῶν
3253 986 3503 1051 παιδίων,
3548 990 3646 1042 καὶ

2060 1063 2559 1133 συνεφελκύσασθαι
2592 1064 2711 1132 μεθ’
2752 1065 2950 1134 ἑαυτῆς
2982 1065 3119 1137 πρὸς
3140 1067 3209 1120 τά
3248 1067 3498 1138 ῥεύματα
3546 1072 3642 1127 τοῦ

2058 1147 2325 1217 ποταμοῦ.
2359 1147 2492 1200 Οὐδὲ
2509 1146 2618 1218 γάρ
2646 1148 2759 1201 ἴσον
2796 1147 2875 1209 εἰς
2907 1147 3098 1217 ὀδύνης
3131 1148 3288 1216 λόγον
3319 1151 3409 1218 ὑφ’
3439 1154 3643 1226 ἐτέρων

2058 1230 2245 1293 κακῶς
2274 1228 2591 1299 πασχούσας
2618 1231 2771 1301 ὀρᾷν,
2810 1230 2904 1283 καὶ
2946 1232 3116 1302 αὐτὴν
3154 1232 3521 1290 διακονεῖσθαι
3565 1235 3643 1307 τῷ

2059 1312 2295 1381 θανάτῳ,
2325 1312 2497 1383 αὐτὴν
2528 1312 2801 1382 ὑπουργὸν
2828 1312 3083 1378 γενέσθαι
3126 1316 3228 1386 τῆς
3274 1317 3425 1390 [645]
3454 1319 3641 1373 τελευ-

2058 1395 2177 1466 τῆς,
2203 1394 2373 1466 αὐτὴν
2401 1394 2524 1448 ἀντὶ
2553 1394 2749 1475 δημίου
2780 1397 3119 1466 καταστῆναι
3138 1402 3258 1463 ταῖς
3281 1401 3642 1473 θυγατράσινο

2058 1478 2195 1533 ἀλλὰ
2219 1479 2398 1549 πολλῷ
2426 1477 2585 1531 τοῦτο
2608 1477 2817 1531 ἐκείνου
2850 1478 3230 1551 χαλεπώτερον
3256 1485 3350 1537 καὶ
3372 1486 3644 1557 ἁφορητό-

2056 1579 2235 1635 τερον.
2269 1564 2378 1617 Καὶ
2417 1563 2802 1634 μαρτυρήσετέ
2844 1581 2945 1633 μου
2992 1562 3071 1628 τῷ
3117 1564 3262 1636 λόγῳ
3300 1570 3473 1623 πᾶσαι
3515 1568 3653 1624 δσαιῖ

2061 1647 2295 1719 μητέρες
2318 1646 2592 1715 ἐγένεσθε,
2618 1648 2714 1700 καὶ
2745 1649 2942 1716 πεῖραν
2984 1646 3191 1703 ὠδίνων
3242 1650 3464 1706 ἐλάϐετε
3487 1695 3504 1720 ,
3546 1657 3653 1717 καὶ.

2058 1727 2364 1799 θυγατέρας
2385 1726 2675 1796 ἐσχήκατε.
2706 1727 2831 1790 Πῶς
2854 1724 3031 1798 ἥψατο
3053 1728 3151 1799 τῆς
3177 1730 3356 1798 δεξιᾶς
3380 1735 3489 1787 τῶν
3512 1753 3640 1790 παι-

2056 1812 2218 1880 δίων;
2242 1810 2360 1874 πῶς
2386 1810 2486 1864 ούκ
2511 1809 2811 1882 ἐνάρκησεν
2837 1813 2870 1883 ή
2901 1812 3056 1884 χείρ;
3090 1812 3207 1877 πῶς
3235 1816 3335 1869 οὐκ
3378 1817 3541 1890 ἐλύθη
3573 1820 3647 1873 τά

2058 1895 2251 1968 νεῦρα;
2289 1895 2406 1957 πῶς
2427 1895 2526 1948 ούκ
2550 1894 2847 1967 ἐξέστησαν
2869 1898 2925 1950 αἱ
2951 1896 3182 1967 φρένες;
3216 1899 3334 1965 πῶς
3370 1900 3589 1973 ἴσχυσεν
3614 1906 3644 1957 ὁ

2056 1978 2314 2049 λογισμὸς
2346 1977 2799 2048 ύπηρετήσασθαι
2842 1981 2956 2043 τοῖς
2986 1981 3327 2051 γινομένοις;
3393 1985 3504 2038 Καὶ
3533 1986 3643 2057 γάρ

2060 2062 2268 2134 μυρίων
2291 2060 2541 2131 βασάνων
2570 2062 2870 2134 πικρότερα
2903 2058 2968 2134 ἦν
3002 2064 3070 2118 τά
3094 2064 3377 2136 γινόμενα,
3402 2069 3524 2124 ἀντὶ
3547 2071 3641 2123 τοῦ

2059 2145 2309 2217 σώματος
2332 2145 2427 2215 τῆς
2457 2143 2636 2215 ψυχῆς
2660 2145 2796 2215 αὐτῇ
2828 2145 3262 2219 διαξαινομένης.
3284 2149 3447 2204 Ἀλλά
3479 2152 3643 2225 μέχρι

2056 2228 2201 2294 τίνος
2228 2227 2642 2298 φιλονεικοῦμεν
2663 2226 2881 2280 διώκειν
2911 2229 3180 2298 ἁκίχητα;
3208 2232 3378 2297 οὐδεὶς
3408 2236 3516 2304 γὰρ
3537 2254 3631 2290 πα.

2062 2314 2325 2385 ραστῆσαι
2359 2311 2650 2382 δυνήσεται
2679 2309 2836 2377 λόγος
2874 2310 2969 2363 τοῦ
3006 2311 3211 2377 πάθους
3254 2316 3315 2367 τὸ
3373 2317 3639 2388 μέγεθος,

2057 2394 2193 2450 ἀλλὰ
2226 2395 2361 2466 μόνη
2390 2395 2423 2464 ἡ
2461 2395 2656 2463 πεῖραν
2689 2390 2930 2446 λαϐοῦσα
2955 2395 3048 2447 καὶ
3079 2396 3463 2472 ἀγωνισαμένη
3505 2402 3641 2472 γυνὴ

2055 2476 2215 2544 οἶδεν,
2237 2480 2398 2531 ὀποῖα
2413 2475 2586 2529 ταῦτά
2605 2476 2722 2528 ἐστι
2751 2476 2819 2529 τά
2844 2476 3223 2547 παλαίσματα.
3248 2482 3432 2535 Ταῦτα
3448 2484 3643 2538 ἁκουέυ

2055 2577 2239 2615 τωσαν
2268 2559 2522 2632 μητέρες,
2548 2558 2897 2612 ἀκουέτωσαν
2950 2560 3231 2631 παρθένοι,
3277 2566 3510 2637 μητέρες
3540 2570 3641 2637 μὲν

2060 2644 2145 2699 ἵνα
2164 2643 2307 2699 οῦτω
2340 2641 2640 2696 παιδεύωσι
2667 2640 2764 2704 τάς
2806 2642 3130 2714 θυγατέρας,
3178 2646 3439 2717 παρθένοι
3464 2649 3521 2703 δὲ
3557 2650 3645 2704 ἵνα

2056 2726 2200 2782 οῦτω
2223 2726 2517 2780 πείθωνται
2539 2728 2659 2787 ταῖς
2687 2725 2976 2796 μητράσιν.
3017 2728 3091 2780 UO
3122 2727 3230 2800 γὰρ
3258 2730 3321 2801 δὴ
3358 2733 3518 2800 μόνον
3544 2734 3643 2805 τὴν

2061 2811 2274 2884 μητέρα
2302 2812 2542 2864 ἐπαινεῖν
2564 2808 2803 2880 χρὴ-’τὴν
2829 2809 3053 2863 τοιαῦτα
3098 2813 3435 2877 ἐπιτάξασαν
3455 2856 3470 2879 ,
3507 2816 3644 2870 ἀλλὰ

2058 2897 2152 2948 καὶ
2167 2895 2264 2956 τὰς
2295 2888 2945 2963 θυγατέραςθαυμάζειν,
2975 2890 3033 2946 αἶ
3063 2893 3131 2947 τά
3151 2896 3377 2949 τοιαῦτα
3403 2899 3645 2970 ὑπήκου-
3752 2890 3759 2895 ’

2061 2995 2193 3032 σαν·
2223 2976 2348 3031 οῦτε
2376 2979 2486 3049 γάρ
2527 2979 2561 3048 ἡ
2602 2977 2784 3048 μήτηρ
2827 2975 3021 3047 ἐδεήθη
3060 2977 3278 3049 δεσμῶν
3315 2980 3446 3051 πρὸς
3471 2982 3541 3035 τά
3574 2985 3648 3036 ἰε-

2020 3066 2181 3145 ηρεῖα
2204 3062 2299 3117 καλ.
2321 3062 2390 3115 τά
2426 3061 2665 3132 θύματα.
2708 3058 2833 3113 οὔτε
2873 3061 2931 3112 αἱ
2972 3060 3235 3131 δαμάλεις
3270 3064 3602 3137 ἐσκίρτησαν
3627 3104 3643 3125 ,

2057 3147 2174 3203 ἀλλ’
2205 3147 2294 3219 ἴσῃ
2318 3148 2386 3216 τῇ
2431 3144 2711 3217 προθυμίᾳ
2750 3143 2843 3196 καὶ
2867 3143 3010 3215 ψυχῇ
3052 3145 3145 3197 τὸν
3196 3146 3361 3216 ζυγὸν
3390 3148 3645 3203 ἕλκουσαι

2056 3232 2152 3285 τοῦ
2194 3229 2519 3300 μαρτυρίου,
2545 3227 2716 3290 οὕτως
2744 3228 2998 3298 εἰσῄεσαν
3044 3230 3124 3292 εἰς
3170 3229 3262 3284 τὸν
3301 3233 3546 3303 ποταμὸν
3577 3234 3645 3288 τά

2058 3314 2380 3383 ὑποδήματα
2406 3311 2510 3378 ἔξω
2531 3311 2629 3381 τῆς
2660 3309 2826 3380 ὄχθης
2857 3312 3079 3381 ἀφεῖσαι
3105 3328 3119 3342 ο
3148 3313 3307 3367 τοῦτο
3320 3314 3377 3366 δὲ
3402 3318 3642 3385 ἐποίουν,

2059 3398 2370 3469 φειδόμεναι
2422 3394 2533 3449 τῶν
2573 3392 2864 3464 φυλάκων·
2921 3394 3159 3466 τοσαύτη
3195 3397 3226 3467 ή
3271 3398 3497 3467 πρόνοια
3530 3399 3642 3451 τῶν

2060 3482 2233 3552 ἀγίων
2253 3481 2478 3535 ἐκείνων
2497 3474 2584 3550 ἦν.
2622 3476 2960 3531 Καταλιπεῖν
2994 3478 3104 3550 γὰρ
3132 3480 3318 3543 αὐτοῖς
3347 3482 3645 3551 ἀπολογίαν

2059 3563 2392 3627 ἐσπούδαζον
2434 3564 2515 3625 εἰς
2555 3560 2619 3614 τὸ
2649 3559 3022 3631 δικαστήριον,
3053 3562 3141 3614 ἵνα
3175 3561 3251 3635 μὴ
3285 3563 3313 3616 ὀ
3354 3562 3505 3634 ὠμὸς
3550 3567 3646 3620 καὶ

2061 3649 2276 3723 ἀπηνὴς
2319 3646 2581 3717 δικαστὴς
2627 3642 2839 3707 ἐκεῖνος
2892 3644 3149 3712 ἐγκαλεῖν
3187 3646 3285 3717 ἔχῃ
3335 3647 3643 3718 προδοσίαν,

2061 3734 2155 3788 καὶ
2179 3734 2262 3786 ὅτι
2295 3730 2551 3792 λαϐόντες
2581 3726 2847 3801 ἀργύριον
2866 3726 2966 3791 τάς
2996 3732 3259 3796 γυναῖκας
3278 3730 3499 3801 ἀφῆκαν
3519 3749 3532 3762 ·
3559 3733 3650 3785 διὰ

2060 3818 2219 3871 τοῦτο
2257 3813 2547 3869 κατέλιπον
2582 3811 2649 3865 τά
2696 3810 3021 3881 ὑποδήματα
3082 3815 3147 3884 τῇ
3189 3812 3384 3885 γνώμῃ
3438 3832 3648 3886 μαρτυ.

2064 3902 2262 3973 ρθὖντα
2286 3898 2394 3951 τῶν
2426 3896 2797 3968 στρατιωτῶν,
2819 3895 2901 3948 ὅτι
2932 3896 3031 3949 οὐκ
3062 3897 3280 3951 είδότων
3306 3898 3507 3957 αὐτῶν,
3533 3898 3649 3952 ἀλλ’

2062 3982 2398 4055 ἀγνοούντων
2456 3979 2592 4052 πρὸς
2632 3978 2725 4032 τὸν
2765 3978 3009 4048 ποταμὸν
3042 3980 3440 4051 ηὐτομόλησαν.
3497 3981 3652 4052 Τάχα

2062 4071 2231 4133 πολὺς
2273 4067 2400 4137 ὑμῖν
2435 4065 2651 4134 ἐγένετο
2677 4063 2840 4128 πόθος
2863 4064 2973 4117 τῶν
3007 4063 3178 4131 ἁγίων
3208 4064 3433 4118 ἐκείνων
3453 4079 3468 4095 ο
3513 4067 3654 4135 μετά

2060 4155 2252 4209 τούτου
2296 4155 2477 4208 τοίνυν
2516 4151 2609 4204 τοῦ
2652 4148 2824 4221 πυρὸς
2868 4148 3268 4219 προσπέσωμεν
3306 4146 3490 4202 αὐτῶν
3538 4150 3652 4212 τοῖς

2062 4230 2337 4307 λειψάνοις
2356 4253 2370 4267 ·
2406 4253 2470 4288 συ
2480 4234 2822 4305 μπλακῶμεν
2848 4231 3031 4286 αὐτῶν
3054 4233 3176 4295 ταῖς
3208 4231 3435 4302 θήκαις·
3466 4229 3657 4286 δύναν-

2062 4330 2152 4376 ται
2182 4320 2292 4393 γάρ
2327 4321 2422 4374 καὶ
2455 4318 2622 4389 θῆκαι
2652 4316 2946 4389 μαρτύρων
2976 4313 3179 4386 πολλὴν
3215 4314 3360 4385 ἔχειν
3396 4312 3650 4383 δύναμιν,

2064 4402 2253 4478 ῶσπερ
2290 4401 2384 4458 οῦν
2408 4400 2601 4457 καὶτὰ
2629 4401 2763 4455 ὀστᾶ
2801 4400 2910 4453 τῶν
2955 4397 3250 4468 μαρτύρων
3290 4395 3490 4466 πολλὴν
3538 4396 3653 4466 ἔχει

2064 4488 2167 4561 τὴν
2194 4489 2367 4561 ίσχύν.
2427 4489 2536 4541 Καὶ
2562 4486 2636 4557 μὴ
2678 4486 2841 4554 μόνον
2870 4485 2927 4537 ἐν
2955 4485 3021 4552 τῇ
3077 4480 3266 4551 ἡμέρᾳ
3309 4480 3411 4549 τῆς
3457 4480 3654 4550 ἑορτῆς

2064 4574 2291 4643 ταύτης,
2326 4573 2464 4627 ἀλλά
2499 4572 2590 4625 καὶ
2611 4572 2668 4623 ἐν
2692 4569 2909 4640 ἑτέραις
2936 4565 3170 4637 ἡμέραις
3196 4562 3653 4635 προσεδρεύωμεν

2067 4658 2282 4721 άίρταῖςις
2319 4654 2728 4727 παρακαλῶμεν
2761 4650 2951 4714 αὑτὰς,
2985 4648 3226 4718 ἀξιῶμεν
3248 4646 3501 4715 γενέσθαι
3531 4665 3654 4719 προ·

2069 4740 2321 4804 στάτιδας
2355 4738 2547 4810 ἡμῶν·
2589 4735 2790 4805 πολλὴν
2825 4732 2934 4802 γὰρ
2975 4731 3158 4801 ἔχουσι
3184 4730 3502 4801 παρρησίαν
3531 4732 3655 4801 οὐχι

2068 4825 2241 4889 ζῶσαι
2272 4821 2451 4894 μόνον,
2474 4818 2610 4874 ἀλλὰ
2629 4819 2722 4872 καλ.
2743 4817 3132 4887 τελευτήσασαι
3153 4830 3169 4845 ο
3191 4814 3284 4867 καὶ
3305 4812 3489 4883 πολλῷ
3527 4816 3662 4884 μᾶλ-

2068 4907 2159 4959 λον
2186 4905 2599 4975 τελευτήσασαι.
2631 4899 2748 4953 Νῦν
2781 4898 2889 4970 γάρ
2916 4898 2985 4951 τά
3016 4894 3289 4967 στίγματα
3310 4895 3536 4967 φέρουσι
3563 4898 3659 4949 τοῦ

2068 4986 2313 5061 Χριστοῦ
2330 5001 2343 5015 ⁸
2372 4987 2438 5041 τά
2458 4986 2515 5040 δὲ
2538 4985 2809 5055 στίγματα
2830 4980 3272 5051 ἐπιδεικνύμεναι
3305 4978 3499 5043 ταῦτα,
3523 4979 3656 5032 πάν·

2069 5058 2139 5127 τα
2164 5071 2419 5125 δύνανται
2453 5065 2771 5122 πεῖσαι’τόν
2815 5063 3060 5134 βασιλέα.
3116 5063 3270 5116 Ἐπεὶ
3298 5058 3393 5116 οὖν
3416 5060 3656 5132 τοσαύτη

2068 5159 2102 5227 ή
2131 5154 2359 5226 δύναμις
2393 5153 2583 5214 αύταῖς
2611 5150 2762 5220 καὶὴ
2790 5146 2945 5218 φιλία
2975 5142 3111 5217 πρὸς
3139 5145 3229 5199 τὸν
3249 5145 3403 5207 Θεὸν,
3433 5147 3499 5214 τῇ
3530 5159 3661 5227 συνα-

2071 5226 2193 5309 εχεῖ
2227 5235 2525 5308 προσεδρίᾳ.
2573 5233 2667 5286 καὶ
2694 5235 2761 5302 τῇ
2800 5231 3040 5302 διηνεκεῖ
3079 5229 3215 5301 πρὸς
3253 5227 3424 5289 αὐτάς
3470 5226 3660 5309 ἀφίξει

2072 5308 2516 5390 καταστήσαντες
2562 5317 2786 5379 ἑαυτοὺς
2818 5313 3054 5377 οἰκείους
3086 5313 3267 5366 αὐτῶν
3287 5350 3302 5375 ,
3336 5308 3657 5363 ἐπισπασώ-

2076 5405 2215 5477 μεθα
2258 5404 2325 5457 δι’
2369 5401 2549 5454 αὐτῶν
2585 5401 2683 5471 τὴν
2731 5398 2882 5470 παρά
2916 5396 3012 5451 τοῦ
3043 5395 3179 5449 Θεοῦ
3208 5392 3619 5477 φιλανθρωπίαν
3641 5409 3653 5422 ·

2072 5484 2139 5560 ἧς
2168 5489 2377 5558 γένοιτο
2403 5485 2612 5547 πάντας
2633 5485 2778 5555 ἡμᾶς
2799 5484 3097 5552 ἐπιτυχεῖν,
3132 5478 3315 5549 χάριτι
3350 5479 3443 5531 καὶ
3469 5476 3663 5560 φιλαν-

2074 5557 2290 5646 θρωπίᾳ
2307 5569 2400 5624 τοῦ
2429 5569 2636 5639 Κυρίου
2660 5568 2816 5639 ἡμῶν
2857 5564 3030 5636 Ἰησοῦ
3058 5560 3319 5646 Χριστοῦ,
3353 5557 3659 5646 μεθ’ᾼοῦτῷ

2073 5644 2248 5726 Πατρλ
2274 5657 2300 5726 ἡ
2322 5654 2470 5719 δόξα,
2502 5652 2617 5723 ἅμα
2658 5652 2735 5722 τῷ
2763 5650 2903 5720 ἁγίῳ
2954 5645 3232 5717 Πνεύματι
3261 5644 3358 5698 νῦν
3400 5644 3497 5699 καὶ
3547 5644 3665 5711 ἀεὶ,

2074 5740 2169 5794 καὶ
2198 5740 2278 5801 εἰς
2301 5738 2427 5799 τοὺς
2456 5735 2660 5799 αἰῶνας
2692 5732 2800 5787 τῶν
2825 5730 3053 5784 αἰώνων.
3099 5728 3156 5780 ’Λ
3167 5728 3296 5799 μήν.

3250 5869 3318 5926 II}
