4104 6442
366 401 471 456 (ill

368 619 578 645 m
589 619 1310 644 m~—_-—--—--———._
900 635 948 641 .-
954 634 1310 641 ...Μ-..4.

774 618 3115 644 m

1491 397 1554 450 ΙΝ
1599 396 2158 464 QUATRIDUANUM
2200 400 2555 458 LAZARITM.

445 1042 550 1106 AC
594 1040 703 1103 DE
742 990 1076 1103 gANCTIS
1110 1039 1644 1102 MARTYBIBUS
1681 1040 2087 1114 DOMNINA,
2132 1039 2479 1103 BERNlCE
2510 1041 2614 1102 ET
2646 1039 3070 1101 PROSDOCE
3116 1037 3608 1101 ADMOMTIO.

379 1461 694 1523 inaccessas
718 1461 891 1521 fuisse
930 1462 1201 1534 virgines;
1237 1457 1388 1532 quod
1413 1459 1601 1531 utique
1631 1459 1759 1517 licet
1779 1461 2008 1519 sileatur
2039 1462 2093 1517 in
2130 1461 2334 1532 priore,
2367 1458 2621 1532 congruit
2650 1466 2832 1514 tamen
2862 1445 2986 1514 cum
3015 1459 3095 1515 eis
3139 1476 3262 1530 qua:
3310 1476 3464 1515 num.
3488 1461 3519 1517 7
3564 1461 3652 1519 di-

375 1585 581 1632 cuntur
607 1596 619 1633 :
647 1577 739 1634 ubi
772 1590 1026 1648 quaerens
1061 1574 1493 1647 Chrysostomus
1521 1588 1624 1630 cur
1655 1573 1929 1630 Domnina
1966 1573 2239 1646 judicium
2269 1556 2628 1645 prurertei'it,
2660 1583 2711 1630 et
2744 1581 3039 1643 antequam
3067 1579 3194 1629 ante
3221 1572 3463 1643 judicent
3491 1575 3655 1633 siste-

374 1702 535 1749 retur
570 1708 696 1748 cum
740 1692 958 1748 filiabus
987 1705 1107 1747 sese
1141 1691 1197 1746 in
1222 1689 1423 1747 ﬂumen
1452 1689 1899 1763 praecipitaverit,
1925 1690 2217 1762 respondet
2246 1690 2301 1747 id
2335 1690 2556 1759 fecisse,
2600 1706 2673 1746 ne
2705 1688 2832 1762 quis
2864 1687 3104 1743 ﬁliarum
3149 1701 3522 1760 corrumperet
3549 1693 3660 1745 vit-

376 1816 663 1889 ginitatem
702 1833 716 1871 :
757 1831 869 1891 quo
916 1815 1164 1871 innuitur
1190 1814 1433 1886 iudicem
1470 1829 1567 1870 seu
1601 1825 1894 1888 tyranuum
1929 1814 2214 1871 Domninae
2249 1814 2468 1871 filiabus
2500 1813 2816 1889 cupiditatis
2862 1815 3052 1870 oculos
3085 1815 3383 1887 atljecisse.
3410 1814 3485 1869 De
3518 1829 3664 1869 anno

376 1933 546 2002 hujus
584 1932 781 1989 habitze
807 1932 1092 1989 concionis
1120 1932 1252 1988 nihil
1276 1931 1458 1989 adhuc
1488 1932 1759 2004 expiscari
1795 1932 2099 2004 potuimus.

452 2089 592 2144 Huic
617 2090 681 2145 de
707 2088 911 2146 sanctis
946 2088 1267 2144 mulieribus
1318 2088 1560 2144 sermoni
1588 2088 1873 2163 praemittit
1911 2089 2340 2162 Chrysnstomus
2377 2089 2661 2147 concionis
2687 2091 2981 2161 prmtcritae
3007 2091 3287 2164 reliquias,
3328 2091 3417 2145 ubi
3460 2090 3661 2162 (ιιιωεῑ-

375 2216 498 2263 tum
528 2205 703 2263 fuerat
724 2222 823 2265 cur
843 2204 1085 2267 Joannes
1113 2207 1265 2266 solus
1290 2207 1764 2280 Evangelistarum
1791 2209 1858 2266 de
1884 2208 2093 2264 Lazaro
2114 2208 2489 2279 quatriduano
2516 2209 2781 2281 loquutus
2809 2218 2998 2265 esset:
3031 2217 3323 2282 postquam
3358 2224 3484 2263 vero
3515 2222 3651 2262 cau-

377 2339 501 2383 sam
536 2322 738 2409 attulit,
762 2323 832 2381 de
878 2322 1087 2380 Lazaro
1125 2340 1236 2381 non
1267 2338 1444 2395 pauca
1478 2324 1642 2380 solito
1675 2324 1814 2396 stylo
1851 2323 2231 2395 orationisque
2263 2338 2465 2396 genere
2496 2323 2742 2380 disserit.
2778 2323 2855 2379 Ex
2886 2334 3130 2392 tempore
3177 2333 3361 2378 autem
3402 2338 3658 2392 pronun-

378 2438 518 2493 tiata
550 2437 719 2495 fuisse
748 2439 961 2495 videtur
986 2438 1103 2495 haec
1129 2439 1348 2508 concio,
1382 2446 1441 2494 ut
1474 2449 1526 2495 et
1557 2440 1679 2495 aliae
1710 2456 1818 2495 non
1844 2455 2052 2510 paucae,
2091 2456 2214 2510 qua:
2234 2440 2382 2511 paris
2416 2450 2548 2496 sunt
2579 2439 2889 2496 brevitatis.

1136 2719 1363 2728 *νυ-...ιο-
1378 2719 2249 2730 ww_-..~—u—~_i»m
2262 2723 2287 2728 -.
2300 2722 2397 2727 ...—.

1146 2941 1269 3026 IN
1313 2942 2294 3053 QUATRIDUANUM
2334 2944 2939 3051 LAZARUM,

914 3125 995 3169 nr
1037 3125 1122 3167 ne
1167 3126 1254 3169 ss.
1302 3124 1735 3183 MARTYRIBUS,
1783 3122 2098 3179 DOMNINA,
2144 3123 2419 3177 Benxrce
2465 3125 2545 3167 ur
2589 3109 2915 3171 rnbsnocu
2961 3112 3061 3186 (τι).

1714 3251 2333 3330 «meum»

440 3403 547 3460 Cur
572 3404 910 3479 Evangelist
933 3422 1031 3459 non
1046 3403 1220 3458 cadent
1236 3419 1432 3473 semper
1458 3417 1629 3457 omnes
1658 3399 1962 3455 describant.

367 3497 558 3553 Lazari
596 3499 893 3553 resurrectio
925 3495 1110 3552 Christi
1138 3495 1490 3552 ταωνείιίοηί
1527 3494 1684 3566 ﬁdem
1725 3494 1867 3569 facit.
1895 3522 1967 3534 —-

364 3587 571 3659 Nuper,
613 3588 826 3655 dilecti,
866 3588 1106 3644 floridam
1145 3587 1288 3643 reris
1331 3587 1348 3618 ¹
1387 3601 1641 3645 coronam
1684 3586 1835 3643 vobis
1875 3600 1970 3640 ue-

364 3691 609 3750 cteutes,
638 3691 693 3737 et
722 3681 845 3736 anni
894 3689 1264 3749 tempestatem
1289 3695 1391 3736 ceu
1420 3680 1470 3734 in
1502 3678 1674 3735 tabula
1704 3677 1969 3734 sermonis

364 3773 705 3828 delineantes
729 3814 744 3839 ,
788 3787 894 3827 nou
931 3771 1091 3833 modo
1122 3787 1345 3828 uentura
1375 3771 1536 3829 ramis
1566 3779 1751 3827 ornata
1772 3811 1787 3837 ,
1814 3779 1967 3840 prata

368 3866 614 3921 ﬂorentia
652 3876 703 3922 et
739 3857 917 3923 auras
943 3865 1008 3922 ad
1037 3865 1207 3922 vitam
1245 3875 1563 3945 revocantes
1584 3864 1967 3932 exhibuimus;

367 3959 469 4015 sed
498 3970 745 4017 naturam
768 3978 987 4033 quoque
1015 3971 1255 4023 nostram
1286 3962 1391 4018 hoc
1437 3971 1680 4036 tempore
1720 3977 1967 4021 resurre-

367 4052 568 4110 ctionis
593 4053 834 4125 symbolo
862 4061 1073 4110 nactam
1104 4052 1442 4110 ostendimus
1466 4070 1480 4106 ι
1500 4061 1662 4127 atque
1685 4068 1970 4125 argumen-

369 4152 486 4200 tum
551 4146 775 4215 tempori
838 4158 1139 4215 congruens
1199 4141 1569 4217 perquirentes
1598 4185 1615 4211 ,
1672 4144 1967 4203 redivivum

367 4234 632 4295 Lazarum
660 4238 995 4296 attraximus.
1031 4238 1225 4297 Verum
1257 4254 1377 4297 cum
1408 4239 1670 4309 promissa
1698 4239 1972 4313 complere

367 4342 480 4382 non
512 4320 791 4398 possemus
818 4372 837 4396 ,
877 4331 930 4388 in
961 4329 1134 4404 primo
1162 4340 1360 4390 conatu
1389 4330 1647 4389 orationis
1679 4335 1967 4391 terminum

370 4421 688 4493 posuimus;
726 4438 792 4480 ac
831 4439 954 4479 cum
981 4424 1154 4494 primo
1179 4424 1298 4480 loco
1324 4423 1759 4496 quaesivissemus
1776 4466 1793 4492 ,
1818 4440 1915 4482 cur
1938 4440 1971 4485 a

367 4513 581 4573 exeteris
606 4515 946 4586 evangelistis
976 4515 1369 4587 praetermissus
1408 4516 1662 4585 Lazarus,
1696 4531 1726 4575 a
1753 4515 1966 4579 Joanne

368 4603 490 4660 solo
518 4602 845 4663 memoratus
864 4605 1054 4665 fuisset
1076 4605 1263 4680 (Joan.
1298 4609 1357 4665 ll
1381 4605 1427 4679 ),
1451 4608 1915 4680 respondebamus
1942 4650 1962 4677 ,

369 4696 630 4768 Spiritum
655 4708 898 4755 sanctum
927 4740 943 4766 ,
982 4709 1041 4755 ut
1066 4700 1355 4756 commenti
1390 4700 1749 4772 suspicionem
1779 4702 1971 4774 praeui.-

368 4789 564 4857 deret,
604 4791 921 4869 permisisse
964 4802 1024 4847 ut
1072 4792 1414 4862 evangelista:
1458 4809 1580 4864 qua:
1608 4792 1676 4850 ad
1706 4793 1966 4855 miracula

366 4882 673 4939 Servatoris
713 4884 1047 4956 pertinerent
1088 4883 1511 4940 concordissime
1551 4884 1964 4954 describerent;

367 4988 592 5029 curasse
627 4982 804 5030 tamen
850 4976 908 5029 ut
950 4974 1085 5030 alius
1125 4974 1269 5030 aliud
1302 4974 1575 5048 quidpiam
1623 4976 1964 5047 praeteriret:

368 5064 515 5137 quod
556 5064 766 5137 signum
797 5074 940 5122 esset
981 5065 1325 5139 perspicuum
1354 5067 1499 5139 ipsos
1527 5083 1703 5143 neque
1731 5067 1926 5125 callide
1946 5111 1966 5137 .

366 5156 660 5226 deditoque
679 5172 844 5231 opera
868 5199 883 5223 ,
916 5173 1091 5213 unore
1118 5172 1386 5215 consensu
1411 5200 1427 5227 ,
1454 5174 1627 5232 neque
1651 5158 1719 5217 ad
1741 5159 1967 5232 gratiam

368 5246 660 5319 Evangelia
684 5248 969 5319 scripsisse
994 5292 1008 5315 ,
1038 5249 1107 5304 ita
1133 5257 1190 5305 ut
1210 5251 1389 5306 omnia
1415 5291 1432 5323 ,
1463 5267 1586 5309 cum
1612 5251 1883 5324 quidpiam
1913 5253 1968 5311 in

366 5335 555 5408 aliquo
583 5337 798 5394 deesSet
823 5380 840 5408 ,
894 5338 1177 5395 veritatem
1223 5340 1340 5395 sine
1365 5338 1489 5401 fuco
1509 5340 1870 5399 declararent.
1898 5346 1969 5401 At

364 5440 495 5483 cum
528 5428 643 5483 haec
673 5437 845 5484 tunca
872 5428 1029 5485 nobis
1043 5431 1174 5485 satis
1198 5440 1519 5501 pertractata
1550 5430 1766 5500 fuerint,
1799 5435 1966 5508 inspi-

367 5519 577 5576 ciamus
603 5536 850 5593 quzenam
878 5537 944 5576 ex
983 5520 1085 5578 hoc
1108 5522 1250 5579 circa
1291 5521 1556 5580 Lazarum
1588 5524 1847 5582 miraculo
1881 5526 1964 5584 di-

435 5740 457 5805 ξ
488 5736 682 5805 plontef.
709 5737 857 5805 legit,
880 5738 1026 5805 aeris,
1051 5739 1183 5805 quod
1204 5741 1470 5805 absurdum
1495 5742 1705 5796 ridetur.

436 5800 511 5861 (α)
545 5806 609 5851 Ex
627 5800 796 5852 Codice
817 5800 1187 5855 Emincnttssmu
1202 5803 1463 5857 cardinalis
1483 5807 1725 5856 Ottoboni.

2072 3395 2293 3468 scipulis
2322 3396 2522 3453 utilitas
2549 3406 2850 3468 promanet.
2900 3399 3060 3459 Multa
3091 3401 3162 3458 de
3198 3404 3447 3474 passione
3472 3422 3565 3465 sua
3590 3409 3682 3473 di,

2074 3489 2293 3560 scipulis
2319 3504 2464 3564 saepe
2481 3490 2733 3561 loquutus
2757 3490 3029 3559 Servatur,
3048 3502 3322 3565 torpentes
3356 3497 3477 3555 illos
3498 3502 3676 3556 anim-

2076 3580 2396 3643 advertebat
2428 3624 2443 3648 ,
2489 3582 2559 3639 ob
2598 3582 2758 3641 talem
2788 3585 3146 3643 narrationem
3186 3588 3491 3658 horrentes,
3516 3603 3676 3663 atque

2079 3674 2406 3735 infirmitatis
2442 3676 2620 3751 potius
2647 3717 2663 3745 ,
2687 3692 2848 3748 quam
2875 3680 3191 3737 meonomize
3214 3723 3229 3748 ,
3260 3685 3674 3752 praenuntiatum

2079 3769 2383 3840 passionem
2426 3784 2549 3843 esse
2601 3770 2939 3844 suspicantes
2963 3814 2978 3840 ,
3010 3781 3195 3845 utpote
3224 3774 3473 3832 humanis
3502 3778 3676 3837 adhuc

2077 3860 2376 3918 ratiociniis
2419 3862 2648 3932 agitatos
2696 3877 2761 3918 ac
2807 3870 3119 3923 trementes.
3165 3866 3507 3941 Quapmptcr
3552 3886 3674 3931 cum

2071 3951 2184 4024 jam
2215 3953 2438 4011 instaret
2460 3955 2724 4028 passionis
2752 3965 2980 4028 tempus,
3011 3967 3066 4014 et
3083 3958 3196 4032 jam
3211 3963 3512 4031 proximum
3534 3977 3678 4025 esset

2078 4054 2138 4103 ut
2166 4061 2297 4106 crux
2328 4046 2684 4119 deligeretur,
2727 4047 2987 4108 Lazarum
3020 4060 3291 4111 mortuum
3318 4057 3542 4113 suscitat
3570 4099 3587 4124 ,
3617 4068 3675 4115 ut

2076 4150 2241 4207 Opere
2270 4138 2561 4211 discipulos
2589 4139 2801 4207 doceat,
2832 4157 2937 4196 non
2969 4142 3294 4203 inﬁrmitatis
3319 4162 3440 4203 esse
3467 4151 3677 4221 passio-

2078 4246 2200 4288 nem
2230 4239 2286 4289 ct
2321 4246 2578 4301 crucem;
2621 4241 2680 4290 ut
2704 4234 3061 4306 praesentibus
3086 4234 3245 4293 fidem
3284 4237 3441 4295 faciat
3467 4281 3484 4309 ,
3526 4255 3586 4297 se
3623 4249 3678 4297 et

2078 4323 2238 4380 morti
2269 4323 2533 4395 imperare
2556 4366 2572 4393 ,
2595 4334 2652 4383 et
2676 4327 2907 4385 terrenis
2929 4328 3153 4387 vinculis
3179 4330 3412 4388 solutam
3439 4332 3675 4391 animam

2076 4402 2334 4473 revocare
2363 4424 2560 4488 :atque
2597 4418 2893 4475 secundum
2924 4420 3156 4490 aliquem
3202 4436 3421 4497 scopum
3450 4434 3676 4495 sponta—

2078 4520 2237 4565 neam
2266 4516 2497 4565 mortem
2546 4523 2700 4567 suam
2750 4511 3039 4581 proponit,
3080 4511 3324 4583 forteque
3369 4513 3424 4569 in
3471 4514 3676 4575 Lazaro

2077 4612 2232 4656 suam
2260 4609 2382 4669 post
2412 4600 2648 4678 triduum
2675 4602 3124 4661 resurrectionem
3150 4604 3295 4674 prius
3315 4604 3591 4677 describit,
3612 4625 3676 4667 ac

2077 4687 2145 4746 de
2186 4689 2503 4751 brevissimo
2547 4693 2638 4749 illo
2680 4705 2921 4763 tempore
2946 4708 3053 4764 quo
3074 4694 3177 4753 sub
3199 4703 3341 4753 terra
3362 4708 3675 4759 versatum:

2077 4796 2193 4847 erat
2221 4786 2516 4847 imbecilles
2540 4785 2723 4845 animo
2742 4786 3087 4847 consolatur:
3116 4796 3278 4862 atque
3312 4789 3368 4847 in
3402 4794 3584 4851 erucis
3610 4794 3677 4851 ii.

2080 4881 2226 4939 mine
2241 4879 2628 4953 discipulorum
2654 4890 2855 4939 metum
2884 4888 3183 4950 opportune
3209 4881 3388 4951 solvit,
3412 4884 3674 4959 docetque

2079 4987 2139 5028 se
2169 4972 2339 5038 illam,
2389 4986 2547 5042 quam
2577 4970 2730 5027 alteri
2756 4969 3033 5041 impertit,
3064 4971 3290 5042 gratiam
3334 4973 3435 5032 sibi
3476 4976 3575 5046 ipsi
3599 4977 3674 5031 fa-

2077 5066 2181 5122 cile
2233 5073 2636 5136 procuraturum
2692 5077 2815 5123 esse
2846 5079 2862 5121 :
2896 5063 3133 5134 ipsisque
3181 5066 3434 5137 operibus
3483 5067 3675 5131 dubios

2076 5158 2240 5216 ιιιίιιιὶ
2283 5155 2743 5224 commonefacit,
2784 5155 2947 5215 rebus
2992 5158 3163 5231 gestis
3204 5174 3390 5218 vocem
3415 5160 3671 5235 quodam-

2075 5248 2240 5307 modo
2267 5249 2548 5324 adoptans,
2573 5248 2797 5320 ipsoque
2816 5246 2958 5305 facto
2985 5250 3067 5306 sic
3086 5265 3251 5321 prope
3275 5250 3535 5322 loquens:
3567 5254 3670 5308 As-

2074 5350 2344 5413 sumptam
2414 5339 2803 5398 humanitatem
2849 5340 3025 5397 divina
3080 5341 3393 5412 operatione
3449 5357 3672 5400 vacuam

2075 5447 2363 5504 numquam
2408 5431 2642 5505 reliqui;
2675 5447 2860 5491 verum
2899 5448 3043 5490 nunc
3089 5442 3146 5488 ut
3189 5432 3351 5491 homo
3378 5474 3395 5502 ,
3441 5449 3586 5493 nunc
3617 5448 3674 5493 ut

2077 5525 2238 5592 Deus,
2260 5540 2381 5581 cum
2407 5536 2651 5583 naturam
2681 5525 3024 5583 subindieans
3052 5567 3067 5593 ,
3096 5536 3208 5583 tum
3237 5528 3554 5587 mcouomite
3598 5531 3665 5587 li-

2075 5617 2198 5676 dem
2229 5616 2431 5673 faciens
2454 5659 2469 5684 ,
2496 5617 2806 5690 decensque
2833 5618 3112 5674 humiliora
3139 5617 3206 5673 ad
3235 5617 3619 5679 humanitatem
3646 5665 3665 5693 ,

2077 5709 2386 5764 sublimiora
2415 5725 2545 5766 vero
2570 5709 2636 5767 ad
2667 5709 2998 5766 divinitatem
3029 5709 3304 5771 referenda
3329 5726 3451 5773 esse
3468 5753 3487 5783 ,
3510 5725 3669 5789 atque

2081 5816 2175 5871 per
2223 5801 2537 5872 inmqualcm
2593 5801 2731 5861 hanc
2767 5816 2989 5874 cperam
3018 5802 3493 5875 temperationem,
3535 5811 3658 5863 in.e-
