4104 6450
507 427 609 492 643

500 581 714 641 qualem
743 569 1054 620 naturarum
1084 554 1333 611 unionem
1361 552 1717 620 interpretans
1737 590 1752 617 ,
1779 563 1842 603 ac
1865 563 1962 641 per
1992 561 2091 617 po-

503 637 752 718 testatem
803 656 859 710 in
903 651 1222 724 passiones,
1268 641 1597 698 voluntarias
1648 653 1769 695 esse
1820 637 2098 709 passiones

507 766 654 810 meas
681 748 997 809 declarans;
1033 750 1090 796 ut
1138 739 1280 794 Deus
1325 751 1419 805 per
1452 731 1713 804 jejunium
1763 738 1820 784 et
1866 727 2096 784 inediam

505 839 858 915 quadraginta
906 835 1114 890 dierum
1153 837 1396 884 naturam
1441 822 1704 880 refrenari
1731 837 1746 888 ;
1775 819 2098 915 sedupostea

511 911 568 993 ut
596 936 757 1003 homo
778 927 1097 999 defatigatus
1121 921 1316 978 esurivi
1341 939 1354 974 :
1386 918 1567 988 utique
1585 915 1797 970 utDeus
1817 911 2096 968 eﬁ‘eratum

510 1040 654 1083 mare
683 1023 898 1087 sedavi;
941 1030 1003 1075 ut
1047 1017 1208 1072 homo
1250 1029 1278 1067 a
1315 1011 1530 1067 diabolo
1576 1015 1811 1062 tentatus
1844 1018 2003 1058 sum:
2039 1010 2097 1056 ut

512 1122 653 1176 Deus
682 1118 956 1173 dzemonas
985 1109 1204 1181 capuli;
1234 1115 1292 1161 ut
1323 1105 1486 1159 homo
1519 1117 1614 1172 pro
1651 1098 1956 1154 hominibus
1980 1111 2130 1180 sum‘

509 1225 761 1282 passurus
786 1226 800 1264 :
826 1221 1005 1262 verum
1032 1220 1099 1259 ne
1120 1199 1466 1271 suspicetniui
1514 1194 1564 1250 id
1603 1209 1696 1264 per
1733 1191 2094 1282 inﬁrmitatem

508 1281 751 1360 accidere
772 1343 787 1368 ,
819 1301 1126 1371 priusquam
1159 1308 1304 1348 mors
1330 1288 1616 1354 adveniat,
1648 1302 1676 1338 a
1709 1291 1882 1339 morte
1909 1281 2102 1337 deten-

509 1407 617 1452 tum
659 1395 724 1449 ad
766 1394 928 1448 vitam
967 1401 1198 1444 revoco:
1227 1398 1291 1440 ac
1334 1391 1613 1453 postquam
1662 1374 1953 1432 divinitatis
1994 1373 2100 1427 vim

505 1489 980 1558 operationemque
1001 1476 1290 1542 declaravi,
1316 1484 1444 1530 tunc
1467 1469 1808 1526 humanitatis
1824 1466 2099 1536 antiquum

505 1581 745 1636 debitum
784 1577 1032 1646 depono;
1059 1578 1338 1642 postquam
1356 1564 1565 1620 vincula
1587 1562 1744 1630 solvi,
1771 1570 1896 1615 tunc
1915 1561 2104 1614 vincu-

509 1674 572 1727 lis
597 1671 790 1740 alligor
815 1686 829 1722 :
860 1676 1021 1736 atque
1048 1664 1208 1718 rebus
1240 1659 1368 1730 ipsis
1389 1658 1720 1722 demonstro,
1755 1668 1843 1708 me
1869 1659 2105 1723 potesta-

509 1777 620 1821 tem
661 1763 862 1820 habere
907 1757 1141 1831 ponendi
1178 1755 1409 1810 animam
1459 1766 1633 1806 meam
1665 1791 1680 1816 ,
1704 1757 1758 1804 et
1785 1756 2104 1817 potestatem

511 1859 710 1912 habere
736 1856 925 1909 iterum
950 1848 1193 1908 sumendi
1226 1863 1342 1903 eam
1371 1845 1565 1917 (Joau.
1591 1842 1676 1898 lO.
1708 1843 1774 1897 18
1795 1841 1837 1912 ).
1874 1841 1996 1893 llaec
2025 1846 2107 1892 est

511 1946 812 2006 Servatoris
841 1943 1081 1999 doctrina
1107 1940 1235 2012 ipsis
1261 1937 1513 2008 operibus
1543 1934 1776 1989 exhibita
1801 1948 1815 1986 :
1842 1930 1940 1984 nisi
1962 1929 2106 1986 enim

512 2043 616 2097 hoc
644 2047 809 2105 esset,
836 2051 900 2092 ac
935 2035 1036 2091 nisi
1072 2032 1301 2104 quadam
1353 2027 1559 2084 ratione
1603 2041 1758 2082 suum
1803 2024 1853 2078 in
1901 2023 2107 2077 Lazaro

512 2133 826 2190 miraculum
872 2129 1283 2193 concinnasset,
1315 2137 1652 2194 nequaquam
1686 2119 1925 2173 nuntiata
1965 2115 2103 2180 sibi,

511 2229 639 2283 dum
670 2227 770 2281 iter
793 2231 1007 2295 ageret,
1047 2218 1232 2274 Lazari
1261 2216 1605 2272 inﬁrmitate:
1639 2211 1892 2267 Miserum
1918 2208 2062 2266 enim
2087 2248 2104 2273 ,

512 2322 605 2386 ait,
627 2333 823 2372 sorores
839 2317 948 2388 ejus
970 2312 1036 2366 ad
1061 2311 1359 2373 Dominum,
1379 2308 1620 2372 dicentes,
1645 2303 1780 2358 Ecce
1794 2320 1941 2376 quem
1965 2318 2108 2356 antas

513 2413 806 2481 inﬁrmatur
834 2405 1012 2479 (Joan.
1042 2405 1129 2459 ll.
1163 2402 1248 2475 5);
1293 2413 1626 2471 nequaquam
1654 2411 1786 2452 sane
1829 2403 1949 2466 post
1971 2410 2124 2448 nun»

512 2507 644 2560 tium
688 2499 996 2572 huiusmodi
1023 2505 1304 2552 cunctatus
1329 2501 1511 2560 esset;
1542 2490 1636 2546 sed
1657 2487 2106 2560 quemadmodum

513 2612 636 2668 erga
662 2595 1030 2652 centurionem
1067 2601 1121 2646 et
1147 2587 1616 2660 Symphceuissam
1657 2599 1717 2640 se
1745 2583 1909 2654 gessit
1939 2625 1953 2650 ,
1986 2597 2108 2637 eum

514 2692 658 2746 illius
679 2687 916 2744 absentis
949 2685 1113 2738 ﬁlium
1135 2723 1148 2748 ,
1179 2688 1237 2737 et
1267 2679 1422 2750 hujus
1451 2679 1651 2749 pariter
1682 2677 1918 2731 absentis
1947 2675 2108 2729 ﬁliam

513 2782 759 2839 sanavit:
791 2781 869 2835 sic
907 2788 962 2833 et
1010 2791 1135 2846 erga
1184 2773 1442 2829 Martham
1489 2770 1671 2826 fratris
1698 2770 1942 2824 morbum
1971 2767 2111 2822 indi-

513 2885 726 2934 cantem
769 2888 830 2929 se
871 2870 1147 2943 gessisset.
1183 2867 1334 2923 Nunc.
1359 2881 1491 2921 vero
1541 2863 1608 2920 de
1648 2863 1911 2918 industria
1940 2862 2112 2918 donec

516 2969 778 3026 moriatur
805 2970 1098 3036 exspectat,
1128 2962 1186 3016 ﬁt
1211 2950 1359 3016 mora
1386 2959 1617 3028 longior,
1645 2966 1700 3012 et
1725 2971 1790 3012 ex
1819 2955 2114 3026 providen-

515 3067 591 3119 tia
614 3061 900 3118 adventum
940 3072 1096 3114 suum
1139 3055 1320 3112 dilfert
1348 3096 1364 3123 ,
1413 3061 1472 3108 ut
1513 3052 1790 3108 victoriam
1831 3051 1898 3106 de
1939 3061 2114 3106 morte

515 3163 842 3228 reportatam
895 3151 978 3207 vel
1008 3157 1134 3205 ante
1174 3146 1364 3202 mortis
1405 3154 1679 3201 certamen
1708 3142 1986 3198 ostendat:
2011 3143 2113 3198 tri—

515 3249 724 3321 busque
745 3247 935 3302 dielms
964 3251 1232 3308 moratur,
1264 3250 1323 3296 ut
1352 3240 1539 3295 mortis
1568 3238 1765 3292 veritas
1791 3237 1966 3307 palam
1999 3236 2111 3290 ﬁat.

517 3342 718 3399 Judmis
743 3355 870 3394 vero
892 3334 1247 3409 praesentibus
1275 3331 1470 3403 aperiri
1498 3329 1800 3400 sepulcrum
1834 3328 1987 3399 jubet
2012 3370 2027 3394 ,
2059 3339 2118 3383 ut

512 3441 684 3490 testes
725 3430 967 3487 miraculi
1013 3427 1261 3484 redderet
1290 3440 1384 3481 eos
1410 3467 1423 3491 ,
1464 3423 1552 3494 qui
1591 3438 1650 3478 se
1683 3421 1985 3492 pellebant:
2020 3435 2116 3490 per

518 3527 816 3582 orationem
862 3530 1042 3577 autem
1092 3528 1145 3576 et
1193 3518 1365 3573 Patris
1417 3515 1806 3571 invocationem
1853 3513 2114 3568 Lazarum

519 3621 786 3686 suscitat,
833 3631 904 3672 ne
935 3614 1207 3670 videretur
1233 3610 1506 3666 Creatoris
1544 3608 1751 3678 legibus
1794 3622 2114 3677 repugnare.

523 3716 600 3768 Ac
628 3710 749 3766 vide
775 3707 904 3763 mihi
936 3721 1048 3761 rem
1077 3705 1233 3774 plane
1259 3699 1577 3770 stupendam
1608 3715 1623 3755 :
1654 3714 1760 3754 non
1797 3698 1968 3763 dixit,
2008 3697 2115 3752 La-

522 3818 646 3859 Zare
668 3845 682 3866 ,
703 3799 1003 3864 revivisce;
1036 3795 1130 3850 sed
1155 3793 1279 3864 quid
1302 3793 1326 3846 Τ
1351 3791 1549 3845 Lazare
1579 3832 1593 3855 ,
1625 3791 1738 3843 veni
1754 3789 1930 3862 foras(
1955 3787 2114 3842 Joan.

525 3897 613 3950 ll.
644 3891 736 3964 45)
769 3907 783 3957 ;
815 3900 873 3945 ut
899 3889 1120 3944 doceret
1151 3893 1441 3956 przesentes
1462 3925 1476 3949 ,
1503 3882 1675 3953 ipsum
1706 3898 1826 3937 esse
1853 3881 1941 3952 qui
1965 3891 2120 3937 vocat

522 4003 585 4042 ca
617 4001 738 4057 qua:
759 3999 864 4038 non
888 3990 1033 4045 sunt,
1061 3988 1118 4033 ut
1147 3993 1210 4032 ea
1230 3992 1350 4047 quin
1376 3986 1499 4030 sunt
1524 3991 1538 4040 ;
1573 3981 1631 4028 ut
1655 3973 1963 4028 ostenderet
1985 3988 2120 4042 pra:-

524 4078 768 4134 sentibus
789 4117 805 4143 ,
834 4075 1010 4145 ipsum
1033 4085 1152 4126 esse
1183 4070 1351 4124 Deum
1383 4068 1626 4122 vivorum
1652 4075 1705 4120 et
1736 4081 1842 4119 non
1873 4073 2117 4118 mortuo-

525 4187 681 4235 rum;
714 4177 773 4224 ut
812 4167 1208 4222 demonstraret
1247 4161 1484 4216 divinum
1525 4169 1852 4231 prteceptum
1897 4175 1928 4213 a
1973 4157 2121 4213 nullo

526 4279 687 4339 posse
711 4260 863 4318 obice
889 4257 1122 4323 tardari,
1143 4255 1413 4326 simulque
1443 4253 1794 4325 prwsentilms
1822 4254 1875 4306 in
1919 4266 2122 4307 memo-

524 4359 658 4414 riam
703 4359 983 4410 revocaret
1001 4365 1123 4404 eum
1155 4347 1246 4419 qui
1276 4346 1522 4402 dicebat:
1564 4342 1686 4399 Fiat
1728 4345 2122 4414 ﬁrmamentum.

529 4451 906 4522 Congregentur
918 4454 1066 4514 aqua:
1081 4443 1131 4495 in
1154 4440 1494 4495 collectionem
1516 4455 1687 4493 unam.
1713 4436 1968 4491 Germiuet
1990 4447 2124 4491 terra

530 4543 732 4596 herbam
773 4537 918 4607 freni.
951 4533 1184 4589 Educant
1223 4547 1372 4602 aqua:
1418 4531 1619 4601 reptilia
1646 4529 1932 4584 animarum
1958 4529 2127 4583 viven-

529 4636 656 4688 tium
735 4634 890 4709 (Gen.
912 4628 1033 4685 1.6.
1054 4629 1108 4682 9.
1134 4619 1571 4694 ll.2tl).Lazare,
1589 4621 1702 4674 veni
1715 4615 1860 4686 [oras
1882 4633 1902 4671 :
1949 4631 2004 4677 et
2026 4621 2127 4677 hoc

530 4726 598 4780 ad
632 4723 890 4794 majorem
936 4729 994 4777 et
1030 4719 1322 4773 ﬁrmiorem
1350 4717 1786 4771 concurrentium
1815 4714 1973 4770 ﬁdem
2008 4758 2024 4782 ,
2067 4724 2127 4769 ut

533 4816 746 4871 habitus
773 4823 828 4868 et
847 4812 1025 4866 fasciaa
1053 4819 1283 4864 mortem
1312 4805 1726 4861 testiﬁcarentur
1750 4847 1763 4869 ,
1797 4816 1954 4876 atque
1993 4807 2128 4861 obe-

534 4907 737 4966 dientia
762 4906 880 4960 sine
902 4918 1070 4968 mora,
1105 4910 1388 4970 metusque
1416 4914 1445 4953 a
1474 4900 1620 4952 nullo
1647 4899 1913 4954 cohibitus
1943 4901 2127 4954 Domi-

536 5003 711 5058 nieam
741 4996 1110 5052 auctoritatem
1139 4993 1510 5063 praedicarent.
1557 4989 1754 5044 Lazare
1781 5033 1793 5051 ,
1817 4993 1930 5045 veni
1958 4996 2130 5062 foras:

535 5106 588 5152 et
613 5091 822 5150 solutus
841 5087 1165 5157 erigebatur,
1194 5095 1247 5140 et
1281 5085 1526 5155 putridus
1553 5085 1820 5139 sentiebat
1845 5128 1859 5151 ,
1889 5095 2131 5142 mortuus

535 5184 823 5243 obediebat
849 5223 866 5249 ,
899 5179 1110 5234 vinetus
1135 5178 1423 5243 currebat,
1454 5177 1544 5247 qui
1567 5175 1866 5232 deﬂebatur
1882 5178 2128 5234 saltabat.

537 5282 646 5335 Cur
673 5277 914 5332 clamore
953 5286 1094 5326 nunc
1128 5270 1295 5324 utitur
1319 5268 1613 5324 Servatur?
1636 5269 1712 5323 ait
1737 5271 1933 5340 quippe
1962 5285 2132 5325 evan-

540 5371 729 5441 gelista
755 5382 773 5423 :
803 5364 930 5421 Hcce
959 5380 1075 5418 cum
1105 5362 1335 5425 dixisset,
1367 5377 1484 5414 voce
1502 5377 1689 5432 magna
1718 5361 1955 5415 clamavit
1978 5404 1993 5430 ,
2025 5360 2134 5415 La-

543 5481 680 5532 zare,
701 5464 812 5518 veni
845 5466 984 5535 foras
1013 5458 1210 5532 (Joan.
1241 5458 1328 5512 ll.
1361 5454 1489 5526 45).
1525 5456 1687 5510 Forte
1719 5470 1813 5525 per
1841 5457 2132 5511 clamorem

545 5559 774 5614 futuram
806 5555 1260 5612 resurrectionem
1306 5550 1691 5606 subindicavit:
1725 5564 1847 5604 nam
1881 5549 2022 5604 Tuba
2051 5566 2138 5604 ca-

553 5663 656 5718 net,
685 5652 874 5722 inquit,
906 5660 952 5704 et
973 5649 1158 5703 mortui
1186 5654 1448 5716 resurgant
1479 5644 1568 5716 (l.
1591 5643 1709 5698 Cor.
1735 5645 1829 5714 dii.
1860 5644 1972 5718 52).
2005 5643 2136 5699 Cum

546 5743 712 5798 multa
751 5742 881 5798 mihi
913 5741 981 5797 de
1005 5741 1107 5795 hoc
1135 5746 1448 5809 argumento
1479 5735 1700 5793 dicenda
1727 5745 2048 5806 suppetant,
2071 5737 2138 5792 ad

549 5836 690 5892 aliud
705 5833 1004 5908 pertrahor,
1018 5842 1071 5889 et
1082 5849 1109 5887 a
1125 5832 1368 5898 sepulcro
1380 5831 1430 5884 in
1447 5829 1748 5900 sepulcrum
1761 5829 1943 5884 venire
1955 5843 2138 5900 cogor.

624 5929 876 5996 Loquitur
915 5927 979 5982 de
1023 5925 1130 5983 SS.
1171 5921 1497 5992 Martyribus
1529 5921 1814 5992 Dontnina,
1845 5919 2056 5976 Bernice
2095 5931 2140 5976 et

1271 415 1323 473 s.
1367 411 1642 472 JOANNIS
1679 401 2156 468 cunvsosrom
2196 407 2511 464 ARClllEP.
2552 404 3079 466 CONSTANTINOP.

3706 418 3805 472 illi

2207 544 2481 601 Prosdoce.
2511 577 2583 587 -—
2607 548 2976 620 Opportunum
3003 561 3085 607 est
3111 551 3295 610 Lazari
3343 559 3652 628 sepulcrum
3680 580 3798 618 cum

2204 637 2321 690 aliis
2362 638 2620 707 sepulcris
2649 651 3017 710 comparatum
3052 660 3066 708 ;
3101 660 3272 716 neque
3315 649 3674 719 inepportuna
3698 697 3713 720 ,
3746 670 3800 710 nt

2203 727 2436 794 videtur,
2463 738 2547 783 est
2569 744 2715 784 mors
2739 732 3020 787 mulierum
3048 734 3112 788 ad
3138 735 3308 805 ipsum
3335 742 3637 810 sepulcrum
3667 747 3801 800 cele-

2207 820 2376 876 brata.
2409 822 2518 878 lllie
2545 825 2871 894 sepulcrum,
2904 837 2958 883 et
2987 829 3071 884 hic
3097 847 3309 902 quoque
3335 836 3681 904 sepulcrum;
3710 841 3800 894 scd

2207 912 2394 968 Lazari
2421 915 2723 986 sepulcrum
2745 927 2986 988 apertum
3012 922 3206 977 Christi
3230 925 3519 994 potentiam
3540 927 3798 998 declarat,

2208 1005 2490 1062 mulierum
2519 1022 2645 1061 vero
2666 1009 2972 1078 sepulcrum
3003 1012 3240 1068 clausum
3269 1024 3322 1070 et
3349 1026 3522 1072 tamen
3549 1035 3798 1089 operatus,

2206 1096 2405 1150 Christi
2435 1099 2659 1168 gratiam
2707 1101 2962 1171 praedicat
2993 1121 3007 1158 :
3042 1105 3150 1160 illic
3181 1116 3421 1163 mortuus
3451 1125 3615 1180 supra
3651 1123 3801 1168 natu-

2210 1204 2324 1243 ram
2353 1205 2421 1244 ex
2449 1192 2698 1261 sepulcro
2728 1195 2913 1262 currit,
2945 1194 3031 1251 hic
3061 1198 3314 1254 mulieres
3343 1211 3536 1270 prmter
3562 1214 3799 1262 naturam

2210 1281 2277 1336 ad
2303 1283 2548 1352 sepulcra
2573 1296 2859 1340 accurrunt
2889 1303 2903 1341 :
2938 1287 3044 1342 illic
3071 1288 3265 1345 divina:
3293 1294 3543 1362 potentiae
3573 1296 3799 1366 signum,

2211 1371 2299 1428 hic
2342 1375 2586 1444 generosi
2635 1377 2800 1432 animi
2851 1389 3221 1449 argumentum
3262 1400 3274 1435 :
3309 1383 3417 1438 illic
3461 1384 3700 1443 Lazarus
3741 1405 3800 1444 ex

2211 1469 2380 1537 portis
2417 1470 2604 1523 mortis
2645 1470 2952 1540 egreditur,
2987 1469 3073 1526 hic
3103 1472 3394 1530 femineum
3425 1492 3598 1548 genus
3630 1491 3802 1549 portas

2213 1561 2403 1614 mortis
2429 1561 2684 1616 audacter
2711 1563 2822 1617 adit
2851 1581 2864 1616 :
2891 1564 3006 1620 illic
3033 1576 3157 1636 post
3193 1577 3419 1622 mortem
3451 1573 3801 1636 resurrectio,

2213 1650 2299 1709 hic
2327 1653 2432 1707 vita
2463 1671 2476 1707 :
2509 1654 2617 1710 illic
2642 1669 2786 1710 mors
2808 1657 3069 1712 violenter
3098 1659 3364 1726 prmdatur
3382 1700 3401 1728 ,
3428 1661 3514 1718 hic
3539 1679 3686 1718 mors
3715 1680 3804 1736 pa-

2213 1746 2319 1800 lam
2343 1747 2580 1801 calcatur
2606 1766 2618 1800 :
2653 1748 2800 1802 illum
2826 1765 2973 1805 mors
2996 1761 3180 1806 mutuo
3209 1762 3487 1824 acceptum
3515 1757 3639 1812 vitae
3663 1757 3803 1812 festi-

2216 1847 2408 1894 uanter
2429 1840 2664 1894 restituit
2689 1857 2703 1907 ;
2738 1841 2846 1896 imo
2878 1843 3053 1912 potius
3072 1885 3086 1906 ,
3116 1844 3449 1916 Acceperunt,
3480 1848 3673 1920 inquit,
3698 1868 3802 1904 mu-

2214 1932 2360 1985 lieres
2389 1931 2451 1985 de
2474 1935 2837 1989 resurrectione
2862 1946 3086 1992 mortuos
3111 1955 3230 1993 suos
3263 1939 3444 2012 (Hebr.
3477 1943 3564 1998 11.
3597 1944 3708 2016 '55),
3741 1946 3802 1999 ita

2208 2021 2433 2092 jubente
2461 2023 2570 2079 Deo
2595 2041 2610 2092 ;
2653 2025 2734 2080 hae
2764 2041 2894 2082 vero
2919 2043 2985 2082 ex
3030 2037 3376 2100 lemporanca
3417 2033 3524 2088 vita
3549 2035 3621 2090 ad
3653 2041 3803 2092 vitam

2214 2125 2528 2185 perpetuam
2563 2119 2948 2186 transilieruut,
2985 2133 3156 2178 mater
3181 2131 3237 2178 et
3267 2125 3412 2192 filim,
3443 2143 3566 2197 qua:
3598 2145 3694 2184 nos
3719 2130 3808 2185 lto-

2214 2205 2302 2260 die
2324 2219 2782 2278 congregaverunt
2804 2229 2816 2264 :
2841 2223 3017 2268 mater
3038 2216 3143 2285 pia,
3167 2231 3285 2286 qua:
3305 2229 3518 2286 partum
3541 2223 3804 2285 sustinuit,

2217 2311 2268 2356 et
2298 2303 2420 2357 filim.
2450 2313 2634 2374 partus
2660 2317 2911 2376 expertes
2941 2325 2956 2361 :
2987 2319 3158 2366 mater
3176 2327 3295 2382 quae
3319 2315 3680 2384 virginitatem
3703 2318 3804 2372 sol-

2218 2396 2293 2450 vit
2321 2397 2385 2450 ad
2421 2409 2629 2467 partum
2668 2401 2954 2470 virginum,
2989 2414 3160 2458 mater
3188 2421 3308 2475 quae
3331 2408 3633 2464 castitatem
3662 2426 3809 2481 pepe-

2219 2493 2282 2546 rit
2307 2533 2322 2557 ,
2355 2501 2528 2547 mater
2556 2509 2675 2563 qum
2707 2495 3000 2550 secundum
3044 2497 3214 2567 legem
3247 2501 3547 2557 naturalem
3588 2503 3807 2573 virgines

2218 2585 2374 2639 enixa
2395 2594 2499 2640 est.
2527 2585 2626 2652 Qui
2657 2586 2757 2656 piis
2784 2587 2979 2659 ubique
3006 2589 3204 2645 bellum
3235 2591 3392 2646 infert
3423 2603 3703 2664 tyrannus,
3726 2597 3806 2665 qui

2221 2676 2494 2733 barbarica
2526 2679 2672 2734 crede
2715 2681 2767 2735 in
2805 2682 3182 2738 contribulium
3223 2687 3540 2756 sanguinem
3581 2689 3805 2758 gladium

2219 2769 2516 2836 convertit;
2559 2780 2815 2843 tyrannus
2846 2773 2936 2829 ille
2965 2775 3054 2844 qui
3099 2773 3370 2832 Christum
3397 2820 3412 2844 ,
3445 2795 3608 2848 quem
3642 2770 3810 2850 nequit

2222 2860 2424 2923 videre,
2461 2863 2836 2932 persequitur;
2870 2875 3124 2936 tyrannus
3158 2871 3245 2938 qui
3277 2884 3369 2938 per
3393 2871 3538 2926 ovile
3564 2888 3622 2926 se
3649 2885 3813 2942 pasto-

2221 2969 2334 3007 rem
2369 2954 2542 3023 ipsum
2585 2954 2885 3026 deprmdari
2930 2972 3086 3026 posse
3129 2958 3393 3027 conﬁdit;
3437 2971 3695 3033 tyrannus
3725 2964 3806 3032 qui

2221 3056 2406 3101 contra
2434 3047 2626 3102 cmlum
2652 3048 2878 3118 jaculari
2911 3058 3100 3119 tentat,
3128 3051 3217 3122 qui
3243 3051 3466 3110 dilatato
3492 3054 3692 3110 Christi
3721 3072 3800 3111 re-

2220 3153 2327 3208 gno
2367 3139 2568 3194 invidet
2605 3158 2619 3194 :
2650 3149 2908 3212 tyrannus
2937 3151 3054 3197 erat
3097 3143 3143 3198 is
3186 3143 3276 3215 qui
3321 3149 3738 3218 persequebatur
3762 3156 3809 3202 et

2221 3230 2421 3286 cmlebs
2445 3271 2460 3295 ,
2484 3231 2772 3288 inaccessae
2807 3248 2937 3289 vero
2961 3235 3198 3306 virgines
3223 3278 3237 3302 ,
3267 3252 3387 3307 quae
3419 3241 3805 3295 concertabant.

2223 3323 2470 3380 Pecuniae
2496 3325 2907 3396 diripiebantur,
2936 3329 3106 3398 patria
3135 3329 3538 3400 relinquebatur
3568 3349 3582 3386 :
3609 3347 3698 3388 eas
3724 3347 3810 3402 pu-

2224 3415 2420 3471 dicitiae
2449 3426 2503 3471 et
2541 3417 2819 3474 modestia:
2846 3429 3089 3475 amantes
3119 3419 3398 3476 trahebant
3426 3424 3625 3479 milites
3647 3466 3665 3491 ,
3703 3439 3808 3477 mu-

2227 3527 2407 3591 rorum
2453 3513 2774 3582 elfossores,
2819 3515 2906 3586 qui
2935 3515 3473 3572 Nabuchodonosor-is
3504 3518 3810 3588 imaginem,

2227 3605 2520 3660 secundum
2571 3606 2899 3678 intelligendi
2943 3610 3245 3677 rationem,
3291 3611 3518 3666 adorare
3568 3609 3812 3682 cogebant

2227 3700 2244 3767 (
2268 3696 2406 3752 Dan.
2438 3697 2531 3768 5).
2562 3699 2668 3754 Sed
2696 3699 2838 3771 quod
2881 3701 3202 3774 Babylonica
3244 3701 3432 3757 fornax
3464 3719 3590 3774 erga
3621 3712 3810 3772 marty-

2226 3803 2345 3844 rum
2369 3789 2512 3843 illam
2541 3791 2764 3846 triadem
2791 3791 2988 3860 eﬁ‘ecit,
3022 3793 3107 3849 hic
3130 3807 3342 3865 quoque
3367 3798 3612 3865 corporis
3633 3805 3685 3852 ct
3704 3793 3810 3848 ani-

2228 3895 2332 3934 mae
2360 3880 2570 3935 vincula
2602 3883 2843 3950 solvens,
2877 3884 3085 3939 animas
3110 3882 3307 3940 liberas
3333 3896 3393 3940 ut
3418 3886 3484 3941 ad
3511 3887 3699 3941 czelum
3731 3899 3813 3938 vo-

2227 3973 2401 4029 larent
2424 3973 2644 4030 dimisit.
2678 3974 2810 4032 Rem
2851 3977 3089 4048 suscepit
3113 3991 3336 4048 serpens
3376 3978 3466 4033 ille
3489 4019 3503 4043 ,
3542 3979 3629 4050 qui
3663 3977 3810 4032 Evam

2229 4065 2282 4120 in
2310 4063 2556 4135 paradiso
2579 4075 2933 4138 persequutus
2954 4079 3056 4136 est,
3081 4070 3170 4140 qui
3197 4070 3468 4138 simplices
3491 4070 3814 4126 innocentes-

2229 4175 2332 4228 que.
2354 4173 2534 4214 mores
2561 4161 2915 4218 circumvenit
2945 4178 2958 4216 :
2992 4162 3078 4216 hic
3106 4178 3226 4218 cum
3259 4161 3474 4218 ﬂuvium
3502 4168 3742 4220 cerneret
3763 4162 3809 4214 in

2230 4250 2431 4307 lavacri
2478 4252 2736 4322 piscinam
2779 4268 3014 4320 versum,
3061 4263 3116 4309 et
3153 4254 3366 4309 alveum
3407 4254 3591 4310 divino
3631 4253 3812 4324 Spiritu

2231 4341 2529 4414 perfusum,
2561 4360 2732 4415 usque
2756 4345 2822 4400 ad
2854 4345 3026 4416 ipsum
3055 4346 3272 4401 ﬂuvium
3299 4345 3484 4401 beatas
3510 4346 3629 4402 illas
3651 4358 3814 4416 perse-

2229 4449 2428 4510 quutus
2449 4480 2464 4505 ,
2496 4441 2562 4495 ab
2591 4439 2744 4510 aquis
2772 4438 2876 4494 illis
2916 4455 3037 4494 cmn
3073 4439 3198 4510 igne
3238 4440 3499 4510 spirituali
3525 4437 3814 4495 commixtis

2234 4537 2480 4608 repulsus
2520 4545 2637 4601 est;
2682 4543 2843 4604 atque
2887 4534 3078 4588 fastum
3117 4550 3272 4589 suum
3301 4535 3480 4589 animo
3508 4535 3812 4594 revolvens,

2235 4641 2479 4687 veterum
2508 4627 2872 4684 machinarum
2901 4640 3116 4681 suarum
3145 4642 3328 4682 casum
3350 4627 3662 4698 deplorabat
3691 4642 3704 4678 :
3731 4623 3814 4678 fal-

2232 4723 2387 4779 laciis
2406 4731 2740 4796 opportunas
2769 4721 3248 4792 formidolosasque
3270 4723 3398 4777 olim
3428 4724 3695 4788 mulieres,
3715 4718 3811 4790 jam

2236 4819 2492 4873 audacter
2511 4826 2699 4872 contra
2725 4825 2953 4872 mortem
2984 4815 3321 4871 decertantes
3347 4817 3616 4881 cernebat,
3646 4824 3695 4870 et
3718 4810 3815 4866 cal-

2237 4924 2485 4976 caneum,
2517 4924 2675 4979 quem
2705 4907 3051 4978 supplantare
3071 4907 3320 4975 volebat,
3347 4924 3376 4962 a
3400 4916 3538 4963 terra
3565 4908 3616 4962 in
3641 4904 3812 4961 etclam

2239 5001 2566 5057 insilientem
2590 5001 2822 5057 videbat.
2848 4999 3044 5055 Verum
3077 5011 3353 5071 postquam
3388 5011 3588 5070 tropaea
3614 5008 3816 5072 gestan—

2237 5094 2370 5148 tium
2403 5093 2683 5146 mulierum
2725 5092 2912 5146 laudes
2954 5101 3036 5146 sat
3076 5094 3386 5162 prosequuti
3426 5107 3641 5158 sumus,
3672 5099 3813 5158 atque

2241 5194 2558 5256 argumento
2585 5185 2733 5240 utilia
2765 5183 2991 5239 subinde
3018 5183 3399 5239 admiscuimus
3417 5227 3433 5253 ,
3466 5195 3716 5254 vetusque
3740 5194 3814 5234 se-

2241 5277 2485 5348 pulcrum
2527 5292 2668 5332 novo
2705 5275 2952 5345 sepulcro
2989 5276 3405 5340 exornavimus,
3448 5285 3606 5347 atque
3643 5272 3811 5328 miram

2241 5367 2690 5424 resurrectionem
2715 5383 2836 5422 cum
2869 5376 3218 5437 permanente
3242 5371 3412 5424 morte
3433 5369 3718 5439 junximus,
3739 5362 3812 5414 vi—

2245 5462 2317 5515 ris
2339 5474 2472 5515 vero
2493 5468 2653 5530 atque
2682 5459 2996 5514 mulieribus
3019 5460 3261 5530 exempla
3293 5461 3358 5516 ad
3385 5462 3628 5515 virtutem
3649 5466 3699 5514 et
3719 5454 3814 5524 pie.

2247 5562 2408 5609 tatem
2438 5552 2816 5622 proposuimus
2837 5593 2851 5616 ,
2893 5561 3173 5622 postquam
3218 5553 3482 5608 celebrem
3513 5552 3742 5610 obitum,
3766 5551 3814 5597 et

2246 5645 2601 5702 desideratam
2630 5644 3078 5700 resurrectionem
3111 5645 3466 5712 ostendimus,
3494 5644 3682 5715 gratias
3705 5649 3814 5706 aga-

2248 5753 2366 5793 mus
2388 5737 2623 5802 Christo,
2650 5737 2738 5807 qui
2763 5746 3079 5807 potestatem
3111 5735 3268 5790 habet
3295 5739 3414 5791 vilic
3440 5747 3492 5791 et
3514 5734 3719 5790 mortis:
3739 5723 3812 5779 cui

2249 5831 2418 5901 gloria
2445 5839 2500 5884 et
2527 5831 2829 5899 imperium,
2858 5845 2963 5883 una
2988 5845 3109 5885 cum
3135 5830 3290 5883 Patre
3317 5845 3370 5884 et
3395 5840 3578 5886 sancto
3604 5818 3813 5883 viviﬁco-

2254 5937 2356 5992 que
2383 5920 2605 5990 Spiritu,
2629 5922 2680 5977 in
2705 5921 2898 5978 saecula
2926 5920 3264 5977 saeculorum.
3295 5921 3484 5978 Amen.
