4104 6448
414 398 534 454 643

415 512 631 582 πότητι,
670 506 979 562 ἀνατιθέναι
1005 506 1061 561 δέ
1109 504 1176 560 τά
1221 504 1523 577 ὑψηλότερα
1546 506 1610 575 τῇ
1643 504 1877 574 θεότητι,
1910 502 2000 556 καὶ

412 594 506 649 διά
540 592 640 662 τῆς
683 590 868 645 ἀνίσου
908 590 1107 660 ταύτης
1141 588 1250 643 τῶν
1281 588 1458 659 ἔργων
1490 589 1739 659 κράσεως
1770 588 1869 658 τὴν
1913 586 2003 639 ἄν·
2037 627 2053 649 ,

417 693 535 730 ισον
558 674 668 727 τῶν
690 672 904 741 φύσεων
921 672 1113 726 ’ἐνωσιν
1135 671 1472 743 ἑρμηνεύων,
1491 671 1586 724 καὶ
1607 671 1695 724 διά
1721 671 1822 740 τῆς
1851 670 1996 724 κατά

414 758 527 812 τῶν
556 755 747 812 παθῶν
776 755 1027 822 ἐξουσίας
1054 754 1357 826 δηλοποιῶν
1383 753 1491 807 τῶν
1516 753 1703 807 παθῶν
1723 753 1785 806 10
1811 753 2002 808 αὐθαί-

362 880 375 887 -
417 859 597 917 ρετον,
637 839 937 909 ἐχαλίνωσα
967 838 1068 911 τὴν
1115 839 1277 908 φύσιν
1313 838 1388 901 ὡς
1416 836 1568 900 Θεὸς,
1603 837 1697 889 ἐπὶ
1734 836 2002 906 τεσσαρά-

416 941 580 979 κοντα
612 923 828 994 ὴμέρας
880 921 1214 991 παρατείνας
1239 922 1338 993 τὴν
1366 920 1603 984 ἀσιτίαν,
1638 919 1906 975 ἐπείνασα
1942 920 2000 974 δέ

418 1007 565 1077 μετά
592 1005 783 1069 ταῦτα,
819 1005 916 1059 καὶ
944 1002 1231 1075 ἐκοπὼθην
1268 1004 1344 1066 ὼς
1388 1003 1703 1074 ἄνθρωπος·
1755 1003 1872 1056 ἀλλ’
1919 1003 2001 1068 ὡς

412 1093 552 1156 Θεὸς
607 1090 877 1145 θάλατταν
924 1089 1204 1143 λυττῶσαν
1256 1087 1557 1159 ἐκοίμησα·
1589 1088 1888 1159 ἐπειράθην
1924 1089 2000 1152 ὡς

413 1175 705 1247 ἄνθρωπος
745 1173 850 1227 ὑπὸ
901 1170 997 1225 τοῦ
1031 1171 1298 1237 διαϐόλου,
1354 1170 1470 1224 ἀλλ’
1509 1170 1585 1234 ὡς
1632 1170 1764 1234 Θεὸς
1809 1172 1999 1224 ἐπιτά⁶

312 1284 315 1285 ν
414 1275 595 1328 γματι
630 1257 895 1328 δαίμονας
937 1254 1215 1325 ἀπήλασα·
1251 1253 1428 1325 μέλλω
1461 1253 1692 1324 πάσχειν
1722 1255 1862 1326 ὑπὲρ
1909 1255 2002 1309 ἀν-

415 1340 656 1412 θρώπων
683 1340 759 1404 ὡς
792 1338 1096 1411 ἄνθρωπος,
1128 1337 1242 1390 ἀλλ’
1270 1338 1357 1390 ἴνα
1398 1336 1474 1408 μὴ
1498 1336 1780 1402 ἀσθενείας
1797 1338 1998 1392 ὑπολά-

415 1426 553 1495 ϐητε
586 1424 646 1477 10
666 1422 969 1493 γινόμενον,
1000 1421 1104 1493 πρὸ
1126 1420 1219 1475 τοῦ
1261 1420 1491 1475 θάνατον
1522 1421 1768 1476 ἐπελθεῖν
1795 1422 1999 1477 ἀνακα-

416 1508 615 1579 λοῦμαι
645 1507 735 1561 τὸν
783 1505 888 1559 ὑπὸ
926 1504 1020 1559 τοῦ
1072 1503 1304 1558 θανάτου
1344 1502 1736 1575 κρατούμενον,
1764 1505 1859 1558 καὶ
1900 1505 1998 1577 τὴν

414 1592 522 1662 τῆς
551 1590 803 1661 θεότητος
842 1589 1124 1660 ἐνέργειαν
1178 1586 1559 1659 προμηνύσας,
1606 1588 1727 1641 τότε
1770 1589 1870 1660 τῆς
1900 1590 1997 1644 ἀν-

417 1674 770 1748 θρωπότητος
826 1672 886 1726 10
937 1672 1163 1744 ἀρχαῖον
1234 1669 1455 1742 ὄφλημα
1509 1670 1853 1736 καταϐάλλω,
1906 1675 2001 1729 καὶ

413 1758 674 1821 διαλύσας
712 1756 780 1811 τά
813 1755 1005 1825 δεσμὰ,
1064 1753 1185 1807 τότε
1237 1752 1564 1824 δεσμοῦμαι,
1621 1754 1715 1808 καί⁷
1762 1754 1846 1810 διὰ
1892 1757 2000 1810 τεῐν

415 1842 760 1912 πραγμάτων
804 1840 981 1894 αὐτῶν
1009 1835 1402 1910 [ἐπιδείκνυμι]
1460 1838 1543 1891 ὅτι
1596 1838 1841 1903 ἐξουσίαν
1890 1839 1999 1911 ἔχω

414 1926 579 1994 θῆναι
598 1922 695 1995 τὴν
723 1922 899 1994 ψυχήν
932 1939 1056 1991 μου,
1087 1921 1182 1974 καί
1204 1920 1453 1986 ἐξουσίαν
1489 1920 1596 1991 ἔχω
1626 1921 1788 1975 πάλιν
1814 1922 2000 1978 λαϐεῖν

415 2008 611 2078 αὑτήν.
650 2005 798 2078 Λῦτη
822 2004 917 2058 τοῦ
946 2004 1199 2074 Σωτῆρος
1228 2005 1262 2074 ή
1290 2001 1380 2056 διά
1406 2002 1514 2058 τῶν
1547 2006 1725 2077 ἔργων
1748 2005 2002 2062 magna.

413 2090 537 2142 λία·
572 2092 620 2142 εί
665 2088 775 2159 γὰρ
824 2087 898 2159 μὴ
932 2085 1091 2141 τοῦτο
1127 2081 1218 2157 ῆν,
1250 2085 1385 2157 μηδὲ
1411 2085 1553 2158 λόγῳ
1583 2089 1691 2141 τινὶ
1735 2089 1832 2161 τὴν
1859 2091 2001 2145 κατά

412 2174 510 2226 10v
540 2172 786 2243 Λάζαρον
817 2168 1262 2240 θαυματουργίαν
1320 2170 1657 2240 ἐταμιεύετο,
1686 2171 1785 2224 οὐκ
1814 2171 1881 2225 ἀν
1904 2172 2000 2244 δή-

414 2274 522 2311 που
558 2253 1026 2327 προαγγελθείσης
1056 2251 1206 2323 αύτῷ
1239 2252 1381 2307 κατά
1421 2253 1519 2324 τὴν
1551 2254 1669 2309 ὁδὸν
1704 2255 1806 2327 τῆς
1837 2256 2002 2310 ἀσθε-

412 2341 568 2403 νείας
592 2337 685 2393 τοῦ
713 2336 963 2409 Λαζάρου
983 2354 1007 2377 ἠ
1040 2335 1424 2391 Ἀπέστειλαν
1446 2337 1574 2408 γάρ,
1612 2339 1795 2409 φησὶν,
1826 2340 2002 2396 ἀδελ-

413 2423 525 2492 φαὶ
553 2420 739 2477 αὑτοῦ
770 2420 921 2491 πρρς
951 2419 1059 2473 τὸν
1086 2420 1306 2487 Κύριον
1329 2419 1639 2489 λέγουσαι,
1668 2419 1781 2474 Ἴδε
1812 2421 1885 2476 ὃν
1906 2441 2002 2493 φι-

410 2507 547 2573 λεῖς
570 2505 835 2561 ἀσθενεῖ·
868 2504 968 2558 οὐκ
1000 2503 1068 2558 ἂν
1100 2501 1194 2556 οὖν
1245 2520 1298 2557 τι
1343 2502 1583 2558 τοιοῦτον
1621 2506 1860 2571 ἀκούσας
1910 2510 2002 2563 ἐπὶ

416 2591 555 2649 πολὺ
600 2588 913 2655 ἀνεϐάλετο,
947 2586 1063 2641 ἀλλ’
1101 2586 1291 2657 ὥσπερ
1319 2586 1412 2640 ἐπὶ
1455 2587 1551 2641 τοῦ
1603 2589 1999 2663 ἑκατοντάρχου

411 2674 514 2725 καὶ
540 2673 637 2743 τῆς
662 2672 730 2724 Συ
741 2670 1141 2741 ροφοινικίσσης
1169 2668 1446 2740 ἐποίησεν,
1473 2670 1682 2724 καὶτοῦ
1711 2673 1809 2742 μὲν
1837 2675 2003 2729 ἀπόν-

412 2771 512 2818 τῖς
538 2755 629 2807 τὸν
656 2753 840 2818 παῖδα,
872 2752 972 2824 τῆς
1005 2752 1062 2806 δέ
1089 2751 1336 2822 ἀπούσης
1371 2753 1472 2824 τὴν
1512 2753 1785 2828 θυγατέρα
1813 2757 2005 2814 διέσω-

421 2854 545 2892 σεν·
570 2837 741 2902 οὕτως
774 2836 839 2891 άν
869 2837 964 2891 καὶ
997 2837 1089 2890 ἐπὶ
1114 2836 1214 2907 τῆς
1246 2834 1480 2907 Μάρθας
1510 2840 1639 2910 περὶ
1666 2840 1896 2911 ἀδελφοῦ
1917 2843 2005 2914 δη-

418 2921 621 2993 λούσης
648 2918 796 2993 [648]
819 2919 894 2983 ὠς
914 2918 1131 2973 ἀσθενεῖ
1156 2919 1481 2991 πεποίηκεν.
1519 2920 1634 2976 Νῦν
1655 2924 1714 2978 δὲ
1746 2925 2002 2999 ἐξεπίτη-

416 3006 512 3070 δες
544 3004 799 3075 ἀναμένει
827 3002 917 3056 τὸν
944 3002 1190 3070 θάνατον,
1238 3003 1331 3057 καὶ
1377 3003 1702 3078 ἐνδιατρίϐει
1737 3012 1770 3081 ή
1812 3011 2008 3083 παρολ-

415 3090 493 3161 κὴ
512 3101 560 3156 ι,
590 3089 686 3142 καὶ⁵
736 3087 835 3159 τὴν
862 3087 1191 3160 παρουσίαν
1241 3088 1306 3142 ἐκ
1341 3089 1595 3158 προνοίας
1635 3092 2001 3165 ὑπερτίθεται,

417 3175 508 3228 ἴνα
537 3173 635 3245 τὴν
667 3172 807 3225 κατά
835 3171 929 3225 τοῦ
959 3171 1186 3226 θανάτου
1216 3172 1373 3243 νίκην
1403 3172 1509 3244 πρὸ
1534 3174 1633 3247 τῆς
1663 3176 1749 3229 τοῦ
1774 3177 2004 3233 θανάτου

419 3256 600 3327 πάλης
643 3254 971 3325 ἐνδείξηται·
1001 3255 1095 3308 καὶ
1126 3258 1273 3326 τρεῖς
1313 3255 1412 3326 μὲν
1463 3256 1678 3330 ἡμέρας
1723 3259 2006 3333 ὑπερτίθε-

414 3358 535 3403 ται,
564 3338 701 3411 πρὸς
741 3338 960 3409 ἔλεγχον
992 3338 1095 3409 τῆς
1123 3337 1386 3411 ἀκριϐοῦς
1414 3339 1691 3413 τελευτῆς.
1736 3343 2004 3400 Ἰουδαίων

414 3425 478 3478 δὲ
506 3424 788 3494 παρόντων
816 3422 1022 3493 ἀνοίγει
1047 3423 1138 3477 τὸν
1162 3424 1354 3493 τάφον,
1383 3423 1470 3477 ῐνα
1495 3425 1745 3497 κήρυκας
1766 3427 1860 3482 τοῦ
1879 3429 2007 3483 θαύ-

424 3523 599 3579 ματος
635 3505 937 3577 ἐργάσηται
972 3506 1099 3569 τοὺς
1130 3505 1452 3572 ἐλαύνοντας
1472 3524 1486 3538 ·
1509 3508 1577 3562 δι’
1606 3510 1773 3581 εὐχῆς
1813 3512 1869 3566 δὲ
1913 3516 2006 3568 καὶ

423 3593 528 3662 τῆς
549 3591 644 3644 τοῦ
670 3589 880 3661 Πατρὺς
914 3589 1254 3658 ἐπικλήσεως
1282 3591 1485 3663 ἐγείρει
1512 3591 1604 3647 τὸν
1621 3594 1891 3667 Λάζαρον,
1920 3598 2007 3652 ἵνα

432 3675 509 3744 μὴ
541 3672 667 3745 δόξῃ
699 3674 811 3735 τοῖς
843 3671 936 3726 τοῦ
980 3671 1313 3743 δημιουργοῦ
1354 3674 1766 3732 ἀντιτάττεσθαι
1799 3680 2004 3751 νόμοις.

426 3759 542 3811 Καὶ
595 3756 757 3828 βλέπε
815 3772 904 3827 μοι
933 3757 994 3809 τὸ
1032 3756 1363 3827 παράδοξον·
1403 3760 1505 3813 οὐκ
1547 3755 1722 3828 εἶπεν,
1763 3764 2004 3836 Λάζαρε,

418 3839 714 3911 ἀνάζησον,
762 3839 897 3893 ἀλλά
941 3839 1043 3924 1i;~
1054 3839 1297 3909 Λάζαρε,
1330 3839 1507 3910 δεῦρο
1547 3843 1788 3910 ἕξω,ἴνα
1822 3848 2006 3924 διδάξῃ

415 3926 549 3987 τοὺς
570 3924 843 3995 παρόντας
873 3924 949 3987 ὡς
987 3916 1140 3987 οὗτος
1169 3925 1375 3989 ἐκεῖνος
1399 3927 1428 3977 ό
1461 3927 1643 3981 καλῶν
1678 3932 1744 3985 τά
1775 3932 1851 4004 μή
1878 3916 2008 3990 δντά

415 4008 499 4072 ὡς
519 4007 667 4071 ὄντα,
698 4007 785 4061 ἵνα
815 4006 966 4077 δείξῃ
998 4009 1112 4070 τοῖς
1154 4006 1422 4079 παροῦσιν
1453 4009 1530 4071 ὡς
1552 4007 1723 4078 οὗτος.
1747 4017 1955 4082 ἐκεῖνος
1978 4020 2008 4072 0

416 4091 554 4153 θεὸς
575 4090 792 4155 ζώντων
823 4090 920 4145 καὶ
948 4091 1007 4173 ού
1042 4091 1272 4163 νεκρῶν,
1308 4092 1394 4146 ἵνα
1423 4093 1482 4145 ἐν
1518 4098 1696 4167 καιρῷ
1739 4099 1799 4152 τὸ
1829 4101 2007 4173 ἀπαρ-

424 4173 752 4243 εμπόδιστον
816 4173 908 4227 τοῦ
967 4172 1112 4227 θείου
1170 4177 1594 4248 προστάγματος
1647 4172 2003 4255 ἐπιδείξηται,

418 4258 519 4338 καὶ
544 4256 828 4338 ἀναμνήσῃ
842 4258 970 4320 τοὺς
993 4257 1364 4327 περιεστῶτας
1384 4260 1479 4313 τοῦ
1507 4261 1759 4331 λέγοντος
1778 4283 1791 4296 ο
1820 4269 2009 4338 Γενη-

357 4386 363 4393 .
416 4337 580 4405 θήτω
615 4337 945 4408 στερέωμα·
974 4341 1338 4408 Συναχὼἧτω
1387 4342 1460 4396 τὰ
1509 4344 1696 4399 ὕδατα
1727 4350 1813 4415 εὶς
1867 4337 2011 4406 συν-

416 4420 662 4492 αγωγὴν
676 4423 843 4492 μίαν·
871 4423 1285 4490 Βλαστησάτω
1306 4427 1344 4494 ἡ
1362 4424 1438 4495 γῆ
1465 4428 1739 4500 βοτάνην
1765 4435 2004 4502 χόρτου·

436 4503 799 4575 Ἐξαγαγέτω
823 4506 895 4558 τὰ
924 4505 1114 4560 ὕδατα
1143 4505 1362 4575 ἑρπετὰ
1384 4509 1603 4579 ψυχῶν
1623 4510 1825 4575 ζωσῶν
1845 4533 1859 4548 ο
1894 4521 2009 4575 Ad-

418 4587 578 4656 ζαρε,
603 4586 779 4656 δεῦρο
807 4586 925 4652 ἐξω
943 4604 958 4618 ·
994 4588 1087 4642 καὶ
1115 4590 1272 4644 τοῦτο
1297 4592 1433 4663 πρὸς
1457 4593 1628 4663 μείζω
1665 4598 1760 4651 καὶ¹
1792 4599 2006 4669 βεϐαιο-

416 4670 587 4741 τέραν
610 4669 786 4723 πίστιν
815 4670 924 4723 τῶν
948 4672 1386 4744 συνδραμόντων,
1421 4675 1507 4730 ἴνα
1535 4678 1568 4749 ἡ
1602 4678 1700 4748 μὲν
1729 4681 1886 4755 στολὴ
1914 4687 2008 4741 καὶ⁴

418 4754 493 4807 τά
521 4752 694 4822 δεσμά
715 4755 781 4824 τῇ
804 4755 1084 4825 νεκρότητι
1120 4759 1470 4830 μαρτυρήσῃ·
1507 4761 1539 4831 ἡ
1572 4761 1629 4814 δέ
1646 4752 2007 4835 ἀνυπέρθετος

420 4837 664 4923 ὑπακοή,
696 4838 790 4890 καὶ
838 4837 1299 4923 όῌάνεμπάδιστος
1328 4840 1494 4910 φόϐος
1539 4843 1639 4913 τὴν
1683 4845 2006 4923 δεσποτικὴν

417 4920 707 4976 αὐθεντίαν
740 4919 971 4992 κηρύξῃ.
1003 4919 1244 4989 Λάζαρε,
1275 4921 1451 4992 δεῦρο
1480 4925 1627 4991 ἔξω·
1669 4932 1761 4984 καὶ
1781 4932 1809 4985 0
1829 4919 2006 4988 διαλε-

418 5005 650 5074 λυμένος
715 5004 979 5075 ὠρθοῦτο,
1022 5005 1117 5059 καὶ
1154 5008 1182 5059 0
1231 5007 1486 5080 σεσηπὼς
1525 5011 1818 5083 ᾐσθάνετο·
1852 5019 1880 5071 0
1919 5037 2007 5072 νε-

422 5089 559 5173 κρδς
594 5088 890 5173 ὑπήκουεν,
915 5087 1009 5141 καὶ
1111 5088 1395 5173 δεσμώτης
1437 5092 1677 5166 ἔτρεχεν.
1710 5099 1806 5152 καὶ
1828 5103 1855 5154 0
1876 5100 2008 5173 θρη.

422 5170 684 5255 νούμενος
709 5171 958 5255 ἐσκίρτα.
984 5171 1084 5224 Διά
1104 5173 1157 5225 τί
1193 5172 1250 5226 δὲ
1280 5179 1499 5249 κραυγῇ
1550 5179 1818 5251 κέχρηται
1871 5170 2008 5255 πρδς

419 5253 487 5307 τὸ
516 5253 688 5336 παρὸν
711 5253 740 5304 0
763 5254 981 5336 Σωτήρ;
1014 5257 1178 5326 φησὶν
1197 5257 1306 5329 γάρ
1328 5261 1355 5313 0
1380 5261 1792 5336 εὐαγγελιστὴς,
1817 5253 2007 5324 Ταῦτα

419 5335 639 5421 εἰπὼν,
850 5337 1082 5421 μεγάλῃ
1133 5340 1523 5412 ἐκραύγασεν,
1564 5335 1806 5418 Λάζαρε,
1831 5349 2008 5421 δεῦρο

421 5418 565 5504 ἔξω,
597 5419 707 5472 Καὶ
729 5419 821 5504 διά
842 5420 945 5491 τῆς
974 5421 1102 5493 βοῆς
1126 5423 1267 5495 τάχα
1296 5425 1394 5498 τὴν
1422 5428 1720 5498 μέλλουσαν
1767 5418 2008 5504 προϋπο-

419 5502 681 5586 τυπώσας
730 5503 1058 5558 ἀνάστασιν·
1101 5508 1394 5562 Σαλπίσει
1421 5510 1550 5583 γάρ,
1590 5516 1775 5586 φησὶν,
1815 5502 1917 5583 καὶ
1953 5523 2008 5574 οι

421 5585 627 5654 νεκροὶ
669 5587 1142 5656 ἀναστήσονται.
1187 5589 1364 5645 Πολλὰ
1394 5593 1473 5647 ἐτι
1503 5585 1661 5666 ἐχωνί
1682 5598 1881 5667 λέγειν,
1914 5603 2007 5667 ἐπὶ

419 5669 523 5758 τὴν
567 5669 1226 5758 πρρκειμένην-ύπόθεσιν
1255 5672 1506 5758 ἕλκομαι,
1531 5663 1657 5745 ⁷’καί
1692 5663 1800 5749 ἀπὶ)
1832 5663 2004 5758 τάφου

421 5752 564 5826 πρὸς
592 5752 762 5823 τάφον
789 5770 854 5825 με
883 5754 1056 5807 ἐλθεῖν
1082 5756 1480 5830 ἀναγκάζομαι.
1916 5752 1938 5767 κ

487 5895 515 5924 ¹
542 5891 702 5945 Malim
726 5893 898 5958 legere
919 5900 973 5960 τῇ
999 5896 1229 5961 uagam.
1268 5897 1400 5948 Emr.

1530 396 1602 453 IN
1636 389 2183 458 QUATRIDUANUM
2218 393 2572 453 LAZARUM.

3573 401 3687 457 διε

2179 503 2448 576 Εὔκαιρος
2487 507 2543 560 δὲ
2570 505 2677 579 ἄρα
2718 506 2811 560 καὶ
2836 509 2863 560 ό
2889 508 2981 562 τοῦ
3025 508 3273 581 Λαζάρου
3299 510 3465 579 τάφος
3491 512 3683 580 τάφοις

2104 585 2414 651 ἐξετασθείς
2430 606 2443 618 ·
2478 591 2578 645 οὐκ
2607 592 2854 662 ἄκαιρος,
2881 591 2957 655 ὡς
2979 592 3172 657 ἔοικεν,
3199 594 3296 647 καὶ
3317 594 3347 646 0
3369 594 3475 648 τῶν
3491 612 3684 664 γυναι-

2104 671 2216 726 κῶν
2243 671 2469 737 θάνατος
2502 675 2588 727 ἐπ’
2616 675 2778 728 αὑτὸν
2804 675 2899 727 τὸν
2934 675 3104 744 τάφον
3134 675 3545 748 ἐορταζόμενος.
3580 678 3686 732 Τά-

2106 770 2205 823 φος
2238 757 2374 821 ἐκεῖ,
2392 758 2484 810 καὶ
2504 758 2673 826 τάφος
2702 757 2969 812 ἐνταῦθα·
2998 758 3112 812 ἀλλ’
3130 760 3158 812 0
3190 759 3397 829 μὲν.τοῦ
3428 760 3682 829 Λαζάρου

2102 837 2270 906 τάφος
2304 840 2649 911 ἀνοιγόμενος
2674 841 2770 911 τὴν
2792 841 2886 895 τοῦ
2927 840 3165 913 Χριστοῦ
3191 841 3418 913 δύναμιν
3461 843 3686 913 ἐμφανί-

2102 917 2206 983 ζει,
2230 921 2329 976 όδέ
2356 922 2467 976 τῶν
2497 923 2771 991 γυναικῶν
2796 916 2967 993 τάφος
2996 925 3381 996 κεκλεισμένος
3414 925 3507 978 καὶ
3534 927 3685 995 ἐνερ-

2102 1004 2214 1071 γῶν
2238 1006 2340 1076 τὴν
2371 1006 2463 1060 τοῦ
2508 1007 2761 1078 Σωτῆρος
2806 1008 2968 1078 χάριν
3005 1007 3265 1079 κηρύττει
3286 1024 3299 1037 ·
3335 1008 3452 1061 ἐκεῖ
3491 1007 3683 1077 νεκρὸς

2102 1088 2242 1158 ὑπὲρ
2272 1092 2434 1159 φύσιν
2462 1090 2555 1142 τὸν
2601 1091 2773 1159 τάφον
2810 1089 3109 1161 ἐκτρέχων,
3152 1088 3387 1144 ἐνταῦθα
3427 1092 3682 1157 γυναῖκες

2101 1172 2254 1243 παρὰ
2301 1172 2463 1242 φύσιν
2496 1176 2610 1238 τοῖς
2647 1175 2838 1242 τάφοις
2887 1174 3344 1245 προστρέχουσιν·
3388 1174 3505 1227 ἐκεῖ
3533 1172 3684 1238 θείας

2098 1254 2380 1326 δυνάμεως
2422 1260 2668 1328 σημεῖον,
2712 1257 2946 1311 ἐνταῦθα
2994 1256 3366 1330 προαιρέσεως
3418 1256 3679 1326 γενναίας

2101 1340 2400 1410 τεκμήριον
2422 1356 2436 1370 ·
2496 1340 2654 1392 ἐκεῖι)
2692 1338 3052 1412 Λάζαρος.....
3076 1339 3174 1402 τὰς
3208 1339 3303 1393 τοῦ
3336 1340 3680 1395 θανάτου.....

2101 1421 2383 1491 εύθάρσως
2410 1422 2728 1475 ἐπίσταται·
2766 1424 2882 1475 ἐκεῖ
2911 1422 3050 1493 μετά
3071 1422 3161 1474 τὸν
3196 1421 3428 1476 θάνατον
3449 1423 3683 1476 ἀναϐίωο

2103 1521 2208 1568 σις,
2231 1504 2322 1558 καὶ
2358 1504 2593 1558 ἐνταῦθα
2621 1504 2766 1577 ζωή·
2800 1506 2917 1559 ἐκεῖ
2949 1505 3177 1569 θάνατος
3200 1505 3384 1575 βιαίως
3431 1504 3685 1577 λῃστεύε-

2099 1604 2208 1653 ται,
2237 1587 2473 1641 ἐνταῦθα
2523 1589 2755 1653 θάνατος
2800 1587 3081 1660 προδήλως
3107 1590 3387 1642 πατεῖται·
3426 1589 3631 1644 ἐκεῖνον
3654 1590 3684 1642 0

2102 1671 2330 1735 θάνατος
2359 1670 2606 1735 δανείσας
2647 1670 2727 1743 τῷ
2772 1671 2872 1742 βίῳ
2907 1670 3068 1726 πάλιν
3102 1670 3192 1726 διὰ
3218 1669 3312 1724 τοῦ
3341 1670 3538 1741 τάχους
3593 1672 3693 1725 άνε

2058 1754 2066 1761 ’
2104 1754 2294 1810 ἐλαϐεν
2319 1765 2342 1795 ο
2363 1770 2376 1785 ⁸
2436 1754 2635 1827 μᾶλλον
2660 1754 2738 1821 δέ,
2779 1756 2965 1827 φησὶν,
2993 1756 3257 1809 Ἔλαϐον
3297 1754 3575 1825 γυναῖκες
3619 1755 3688 1821 ἐξ

2101 1837 2498 1905 ἀναστάσεως
2520 1838 2664 1907 τοὺς
2692 1838 2945 1908 νεκροὺς
2979 1835 3199 1901 αὐτῶν,
3229 1835 3386 1891 τοῦτο
3429 1837 3563 1891 Θεοῦ
3599 1855 3691 1892 κε-

2101 1921 2416 1988 λεύσαντος·
2440 1917 2600 1977 αὗται
2619 1923 2678 1977 δέ
2706 1923 2814 1977 ἀπὸ
2837 1922 3176 1994 προσκαίρου
3202 1921 3349 1993 ζωῆς
3373 1923 3510 1991 πρὸς
3538 1921 3687 1994 ζωὴν

2100 2004 2851 2081 ἀπέραντονμετεπήδησαν,
2894 2008 3080 2080 μήτηρ
3123 2007 3216 2060 καὶ
3263 2005 3584 2079 θυγατέρες,
3627 2009 3684 2061 αἱ

2060 2158 2063 2161 _
2103 2091 2341 2163 σήμερον
2364 2092 2511 2162 ήμάς
2543 2088 2999 2161 συναθροίσασαι·
3037 2093 3218 2162 μήτηρ
3259 2088 3492 2157 εὐσεϐὴς
3526 2089 3689 2145 ὠδῖνα

2102 2173 2500 2242 ύπενεγκοῦσα,
2531 2171 2830 2243 θυγατέρες
2860 2171 3064 2226 ὠδίνων
3112 2171 3459 2244 ἀπείραστοι,
3508 2173 3691 2244 μήτηρ

2103 2254 2309 2310 λύσασα
2335 2254 2488 2329 [649]
2527 2255 2824 2324 παρθενίαν
2871 2257 2952 2319 είς
2994 2258 3208 2324 γένεσιν
3254 2254 3554 2326 παρθένων,
3586 2254 3692 2325 μή-

2102 2357 2207 2412 τηρ
2258 2341 2480 2409 ἁγνείας
2530 2339 2790 2404 ὼδίνασα,
2842 2341 3027 2412 μήτηρ
3071 2340 3214 2394 κατά
3257 2339 3483 2410 φυσικὸν
3526 2339 3694 2409 νόμον

2105 2422 2409 2495 παρθένους
2454 2423 2786 2492 γεννήσασα.
2821 2422 2879 2476 '0
2925 2421 3203 2493 πανταχοῦ
3247 2424 3360 2485 τοῖς
3407 2419 3685 2474 εύσεϐέσιν

2104 2507 2519 2580 ἐπιστρατεύων
2565 2507 2847 2579 τύραννος,
2896 2508 2925 2561 0
2965 2506 3072 2560 τῶν
3120 2505 3470 2578 βαρϐαρικῶν
3515 2504 3692 2573 φόνων

2104 2590 2243 2662 πρὸς
2269 2591 2331 2644 10
2381 2588 2645 2660 ἐμφύλιον
2692 2583 2834 2659 αἷμα
2884 2590 3269 2660 μεταστρέφων
3297 2588 3360 2641 τὸ
3389 2586 3562 2656 ξίφος,
3597 2586 3689 2640 τύ-

2108 2691 2298 2745 ραννος
2347 2672 2582 2744 Χριστὸν
2633 2672 2873 2727 ἐλαύνων
2905 2672 2998 2726 τὸν
3026 2674 3088 2727 ού
3121 2670 3469 2743 βλεπόμενον,
3495 2670 3708 2741 τύρανεν

2104 2774 2194 2821 νος
2232 2756 2322 2810 διὰ
2347 2756 2446 2827 τῆς
2480 2755 2718 2826 ποίμνης
2751 2754 2998 2826 οἰόμενος
3045 2754 3137 2808 τὸν
3183 2754 3415 2826 ποιμένα
3447 2753 3693 2826 πορθεῖν,

2102 2838 2366 2913 τύραννος
2408 2841 2488 2903 είς
2534 2839 2765 2910 οὐρανὸν
2819 2838 3058 2904 τοξεύειν
3086 2837 3401 2909 ἐπιχειρῶν,
3432 2837 3693 2908 τύραννος

2104 2924 2203 2995 τὴν
2246 2921 2481 2995 Χριστοῦ
2542 2921 2819 2993 βασιλείαν
2872 2921 3286 2994 πλατυνομένην
3331 2918 3648 2991 ζηλοτυπῶν
3674 2936 3689 2951 ·

2105 3006 2366 3077 τύραννος
2393 3001 2460 3077 ἦν
2488 3007 2516 3059 0
2545 3005 2757 3059 διώκων
2802 3004 2943 3077 ἀνὴρ
2978 3004 3072 3059 καὶ
3119 3003 3412 3075 μονόζυξιὴ
3443 3003 3697 3075 ἀπρόοδοι

2107 3089 2405 3160 θυγατέρες
2428 3088 2484 3142 αί
2507 3088 3028 3158 συναγωνιζόμεναι.
3048 3088 3319 3159 Χρήματα
3341 3087 3692 3160 διηρπάζετο,

2108 3168 2308 3240 πατρὶς
2371 3166 2782 3238 ἀπελιμπάνετο
2806 3184 2822 3201 ·
2858 3161 3041 3220 εἷλκον
3086 3166 3304 3229 ἀσεϐεῖς
3360 3165 3692 3237 στρατιῶται

2106 3250 2207 3316 τὰς
2255 3250 2356 3321 τῆς
2407 3250 2763 3321 σωφροσύνης
2801 3266 2862 3303 τε
2894 3249 2988 3304 καὶ
3030 3248 3387 3320 κοσμιότητος
3431 3250 3692 3321 ἐραστάς,

2107 3332 2428 3406 τοιχωρύχοι
2474 3332 2574 3404 τὴν
2622 3333 2718 3388 τοῦ
2764 3331 2959 3404 νοητοῦ
3004 3331 3469 3403 Ναϐουχοδονόσορ
3511 3334 3693 3388 είκόνα

2109 3419 2436 3490 προσκυνεῖν
2475 3417 2900 3486 ἀναγκάζοντες,
2963 3415 3101 3470 Ἀλλ’
3135 3417 3273 3487 ὅπερ
3311 3419 3344 3488 ή
3380 3417 3695 3475 Βαϐυλωνία

2109 3502 2338 3572 κάμινος
2392 3500 2488 3553 ἐπὶ
2530 3503 2629 3571 τῆς
2658 3499 2765 3552 τῶν
2791 3498 3083 3571 μαρτύρων
3115 3499 3329 3571 τριάδος
3374 3501 3691 3572 ἐργάζεται,

2108 3584 2203 3638 καὶ
2234 3581 2485 3654 σώματός
2511 3600 2569 3635 τε
2600 3582 2696 3635 καὶ
2715 3581 2891 3652 ψυχῆς
2914 3582 2982 3637 τά
3002 3582 3176 3652 δεσμὰ
3202 3581 3516 3648 διαλύσασα,
3542 3585 3693 3639 ἐλευ-

2110 3667 2274 3739 θέρας
2295 3667 2504 3737 ἀφῆκεν
2531 3666 2611 3729 είς
2640 3665 2869 3737 οὐρανὸν
2896 3664 3160 3718 πέτασθαι
3177 3664 3275 3729 τάς
3300 3666 3499 3739 ψυχάς,
3532 3669 3695 3740 Ὄφις

2109 3751 2166 3804 δέ
2206 3750 2506 3821 ἀρχόμενος
2539 3751 2567 3802 0
2616 3750 2713 3819 τήν
2757 3747 2901 3801 Εὕαν
2960 3749 3018 3802 ἐν
3058 3748 3373 3819 παραδείσῳ
3417 3751 3632 3818 διώξας,
3663 3755 3707 3808 ὁ.

2110 3837 2218 3897 τοῖς
2251 3834 2442 3897 ἁπλοῖς
2476 3833 2571 3886 καὶ
2604 3832 2833 3896 ἀκάκοις
2886 3833 3244 3903 σοφιστεύσας
3302 3835 3509 3906 ἤθεσιν,
3538 3830 3693 3905 οὗτος

2110 3919 2200 3972 τὸν
2235 3916 2476 3988 ποταμὸν
2531 3915 2654 3969 ίδὼν
2686 3914 2885 3987 λύθρου
2946 3915 3333 3988 κολυμϐήθραν
3382 3919 3693 3990 γενόμενον,

2110 4005 2205 4057 καὶ
2236 4002 2365 4072 θείῳ
2418 3998 2700 4070 Πνεύματι
2725 3998 2786 4051 10
2821 3998 3034 4070 ῥεῖθρον
3069 3999 3534 4072 ἀνακιρνώμενον,
3564 4002 3696 4074 ἄχρι

2109 4084 2205 4139 τοῦ
2234 4080 2480 4154 ποταμοῦ
2530 4082 2629 4144 τάς
2677 4081 2956 4151 μακαρίας
2980 4080 3200 4148 διώξας,
3222 4085 3335 4147 τοῖς
3371 4086 3501 4156 πυρὶ
3541 4105 3698 4140 πνευρ

2115 4165 2328 4239 ματικῷ
2368 4164 2714 4236 κερασθεῖσιν
2762 4163 2949 4217 ὕδασιν
3002 4165 3349 4237 ἀνεκρούετο,
3412 4169 3505 4229 καὶ
3538 4186 3696 4239 περι-

2111 4251 2357 4323 στρέφων
2383 4245 2559 4316 ἐαυτῷ
2585 4247 2646 4300 10
2685 4245 2916 4317 κομψὸν,
2948 4247 3040 4300 τοῦ
3084 4248 3314 4320 ἀρχαίου
3372 4253 3706 4323 μηχανήμαες

2108 4353 2198 4399 τος
2226 4333 2325 4404 τὴν
2353 4330 2560 4403 ζημίαν
2586 4329 2827 4403 ἐθρήνει,
2869 4331 2963 4383 καὶ
3008 4332 3107 4395 τὰς
3137 4333 3267 4403 πρὶν
3314 4322 3694 4403 εὐαπατήτους

2109 4436 2170 4472 τε
2197 4416 2293 4472 καὶ
2334 4415 2668 4486 εύπτοήτους
2691 4416 2977 4483 γυναῖκας,
3005 4414 3211 4477 ταύτας
3234 4417 3375 4471 κατά
3407 4417 3500 4471 τοῦ
3531 4418 3696 4473 θανά-

2109 4520 2203 4556 του
2261 4498 2509 4571 σοϐαρῶς
2566 4498 2976 4568 νεανιευομένας
3022 4498 3190 4570 ἐώρα,
3244 4499 3338 4552 καὶ
3378 4499 3446 4570 ἢν
3506 4501 3695 4574 ἐτήρει

2110 4582 2395 4656 πτερνίσαι
2436 4580 2693 4651 πτέρναν,
2725 4579 2930 4650 ταύτην
2958 4581 3066 4642 ἀπὸ
3092 4582 3192 4651 γῆς
3224 4581 3304 4644 είς
3334 4581 3560 4653 οὐρανὸν
3598 4584 3693 4638 ἀλ-

2108 4667 2341 4737 λομένην
2387 4663 2634 4718 ἔϐλεπεν.
2683 4662 2820 4716 Ἀλλ’
2860 4663 3060 4726 ἱκανῶς
3091 4667 3185 4717 καὶ
3214 4666 3334 4728 ταῖς
3373 4668 3696 4738 τροπαιοφότ

2112 4769 2226 4824 ροις
2275 4747 2832 4820 ἐμπανηγυρίσαντες
2880 4745 3146 4814 γυναιξὶν,
3174 4748 3269 4802 καὶ
3313 4748 3375 4803 10
3423 4752 3694 4823 χρήσιμον

2110 4830 2387 4902 πανταχοῦ
2442 4832 2508 4901 τῇ
2566 4828 2819 4882 ὑποθέσει
2870 4829 3223 4899 κεράσαντες,
3255 4830 3347 4884 καὶ
3376 4832 3548 4902 τάφον
3588 4851 3695 4888 πα-

2107 4916 2257 4971 λαιὸν
2289 4912 2466 4988 νεαρῷ
2488 4913 2644 4983 τάφῳ
2669 4912 3069 4982 κοσμήσαντες,
3107 4915 3199 4967 καὶ
3237 4916 3546 4988 παράλογον
3563 4919 3693 4973 ἀνα·-

2109 5002 2299 5055 ϐίωσιν
2330 4995 2643 5069 καρτερικῷ
2672 4995 2884 5065 θανάτῳ
2915 4995 3311 5075 συρράψαντες,
3346 5000 3441 5055 καὶ
3465 5001 3694 5072 ἀνδράσι

2107 5100 2168 5137 τε
2222 5082 2317 5135 καὶ
2364 5080 2611 5151 γυναιξὶν
2648 5076 3020 5148 ὑποδείγματα
3067 5081 3205 5152 πρὸς
3244 5083 3449 5155 ἀρετήν
3485 5101 3544 5138 τε
3596 5084 3692 5143 καὶ

2108 5163 2389 5219 εὐσέϐειαν
2445 5161 2798 5231 ὑποθέμενοι,
2849 5162 2943 5215 καὶ
2999 5161 3229 5221 θάνατον
3301 5166 3543 5237 ἀοίδιμον
3595 5167 3692 5221 καὶ

2107 5246 2404 5303 ἀνάστασιν
2430 5243 2704 5315 ,ζηλωτὴν
2750 5244 3148 5312 ἐπιδείξαντες,
3212 5248 3697 5319 εὐχαριστήσωμεν.

2111 5330 2255 5400 ζωῆς
2289 5329 2382 5382 καὶ
2414 5326 2646 5381 θανάτου
2672 5326 2917 5392 ἐξουσίαν
2952 5328 3129 5400 ἔχοντι
3158 5329 3409 5401 Χριστῷ·
3440 5323 3484 5397 ᾧ
3505 5331 3538 5401 ή
3563 5328 3693 5396 δόξα

2110 5414 2206 5466 καὶ
2239 5412 2298 5465 τὸ
2335 5411 2535 5481 κράτος
2562 5409 2679 5481 ἅμα
2716 5410 2794 5482 τῷ
2826 5412 3001 5484 Πατρὶ
3035 5415 3132 5467 σὺν
3161 5412 3236 5484 τῷ
3266 5412 3405 5483 ἀγίῳ
3432 5414 3528 5466 καὶ
3556 5411 3690 5477 ζωο-

2111 5494 2249 5565 ποιῷ
2276 5493 2577 5564 Πνεύματι,
2604 5494 2683 5558 είς
2708 5496 2834 5559 τοὺς
2863 5494 3065 5560 αἰῶνας
3088 5494 3195 5549 τῶν
3222 5494 3456 5551 αἰώνων.
3498 5497 3687 5568 ’Δμήν.

2174 5598 2204 5639 h
2228 5599 2346 5670 Haec
2367 5597 2805 5670 conjuptgsunt‘in
2845 5613 2959 5670 m_s.,
2983 5613 3154 5670 vefqm
3194 5599 3346 5670 talen!
3372 5613 3574 5670 sensum
3598 5613 3697 5670 91-.-

2111 5663 2354 5724 pressisse
2380 5660 2647 5710 verisimile
2673 5666 2768 5721 est,
2795 5662 2996 5722 qualem
3033 5661 3381 5724 interpretatio
3406 5660 3710 5723 nostra-Lar

2113 5726 2213 5773 tina
2232 5723 2397 5771 elfert.

2174 5788 2198 5813 θ’
2227 5784 2372 5831 Forlc
2396 5784 2636 5831 ἀνέϐαλεν.

2177 5844 2208 5917 «ιΔ
2226 5846 2311 5917 Sic_
2333 5844 2548 5917 ηὶεηβςά
2569 5844 2673 5913 haec;
2692 5856 2781 5917 νρκ
2808 5850 3035 5917 εμερροιε
3058 5846 3267 5898 videtur.
3325 5848 3434 5901 Mox
3461 5846 3691 5917 άπρδοδοι

2112 5906 2397 5963 mutandum
2422 5905 2615 5956 videtur
2650 5905 2698 5955 in
2724 5905 2999 5975 ἀπρόσοδοι.
3532 5905 3556 5919 “’
