  <div class='ocr_page' id='page_1' title='image "/cluster/home/n/w/nwhite01/storage/ocr_20150623/50:no.2:pt.2/coo.31924054869494/242.png"; bbox 0 0 4104 6432; ppageno 0'>
   <div class='ocr_carea' id='block_1_1' title="bbox 309 384 426 438">
    <p class='ocr_par' dir='ltr' id='par_1_1' title="bbox 309 384 426 438">
     <span class='ocr_line' id='line_1_1' title="bbox 309 384 426 438; baseline 0 0"><span class='ocrx_word' id='word_1_1' title='bbox 309 384 426 438; x_wconf 63' lang='grc'><strong>645</strong></span> 
     </span>
    </p>
   </div>
   <div class='ocr_carea' id='block_1_2' title="bbox 1361 381 2558 448">
    <p class='ocr_par' dir='ltr' id='par_1_2' title="bbox 1361 381 2558 448">
     <span class='ocr_line' id='line_1_2' title="bbox 1361 381 2558 448; baseline -0.003 -5"><span class='ocrx_word' id='word_1_2' title='bbox 1361 381 1447 444; x_wconf 84' lang='lat' dir='ltr'><strong>DE</strong></span> <span class='ocrx_word' id='word_1_3' title='bbox 1485 387 1774 448; x_wconf 79' lang='lat' dir='ltr'><strong>SANCTIS</strong></span> <span class='ocrx_word' id='word_1_4' title='bbox 1807 389 2265 446; x_wconf 76' lang='lat' dir='ltr'><strong>MARTYRIBUS</strong></span> <span class='ocrx_word' id='word_1_5' title='bbox 2304 383 2558 442; x_wconf 76' lang='lat' dir='ltr'><strong>SERMO.</strong></span> 
     </span>
    </p>
   </div>
   <div class='ocr_carea' id='block_1_3' title="bbox 3489 389 3600 446">
    <p class='ocr_par' dir='ltr' id='par_1_3' title="bbox 3489 389 3600 446">
     <span class='ocr_line' id='line_1_3' title="bbox 3489 389 3600 446; baseline 0.045 -6"><span class='ocrx_word' id='word_1_6' title='bbox 3489 389 3600 446; x_wconf 68' lang='lat' dir='ltr'><strong>(Sili</strong></span> 
     </span>
    </p>
   </div>
   <div class='ocr_carea' id='block_1_4' title="bbox 314 1015 3588 1093">
    <p class='ocr_par' dir='ltr' id='par_1_4' title="bbox 314 1015 3588 1093">
     <span class='ocr_line' id='line_1_4' title="bbox 314 1015 3588 1093; baseline 0.002 -12"><span class='ocrx_word' id='word_1_7' title='bbox 314 1020 427 1081; x_wconf 83' lang='lat' dir='ltr'>ET</span> <span class='ocrx_word' id='word_1_8' title='bbox 480 1019 560 1079; x_wconf 81' lang='lat' dir='ltr'><strong>1N</strong></span> <span class='ocrx_word' id='word_1_9' title='bbox 610 1017 780 1079; x_wconf 79' lang='lat' dir='ltr'><strong>EAM</strong></span> <span class='ocrx_word' id='word_1_10' title='bbox 827 1017 1062 1079; x_wconf 73' lang='lat' dir='ltr'><strong>CUIUS</strong></span> <span class='ocrx_word' id='word_1_11' title='bbox 1115 1015 1686 1079; x_wconf 78' lang='lat' dir='ltr'><strong>ARGUMENTUM</strong></span> <span class='ocrx_word' id='word_1_12' title='bbox 1730 1017 1901 1093; x_wconf 85' lang='lat' dir='ltr'><strong>EST,</strong></span> <span class='ocrx_word' id='word_1_13' title='bbox 1934 1015 2104 1078; x_wconf 87' lang='lat' dir='ltr'><strong>NON</strong></span> <span class='ocrx_word' id='word_1_14' title='bbox 2140 1015 2330 1078; x_wconf 81' lang='lat' dir='ltr'><strong>ESSE</strong></span> <span class='ocrx_word' id='word_1_15' title='bbox 2360 1017 2466 1076; x_wconf 86' lang='lat' dir='ltr'><strong>AD</strong></span> <span class='ocrx_word' id='word_1_16' title='bbox 2510 1015 2887 1078; x_wconf 75' lang='lat' dir='ltr'><strong>GRATIAM</strong></span> <span class='ocrx_word' id='word_1_17' title='bbox 2921 1015 3588 1086; x_wconf 59' lang='lat' dir='ltr'><strong>CONCIONANDUM.</strong></span> 
     </span>
    </p>
   </div>
   <div class='ocr_carea' id='block_1_5' title="bbox 307 1443 3588 1524">
    <p class='ocr_par' dir='ltr' id='par_1_5' title="bbox 307 1443 3588 1524">
     <span class='ocr_line' id='line_1_5' title="bbox 307 1443 3588 1524; baseline 0.004 -26"><span class='ocrx_word' id='word_1_18' title='bbox 307 1443 462 1498; x_wconf 87' lang='lat' dir='ltr'><strong>ricos</strong></span> <span class='ocrx_word' id='word_1_19' title='bbox 494 1451 810 1499; x_wconf 87' lang='lat' dir='ltr'><strong>sanctorum</strong></span> <span class='ocrx_word' id='word_1_20' title='bbox 846 1456 1128 1499; x_wconf 79' lang='lat' dir='ltr'><strong>sermones</strong></span> <span class='ocrx_word' id='word_1_21' title='bbox 1156 1458 1264 1498; x_wconf 92' lang='lat' dir='ltr'><strong>non</strong></span> <span class='ocrx_word' id='word_1_22' title='bbox 1315 1443 1603 1513; x_wconf 80' lang='lat' dir='ltr'><strong>pertineat,</strong></span> <span class='ocrx_word' id='word_1_23' title='bbox 1645 1445 1834 1516; x_wconf 80' lang='lat' dir='ltr'><strong>religio</strong></span> <span class='ocrx_word' id='word_1_24' title='bbox 1873 1445 1978 1501; x_wconf 78' lang='lat' dir='ltr'><strong>fuit</strong></span> <span class='ocrx_word' id='word_1_25' title='bbox 2013 1462 2133 1504; x_wconf 79' lang='lat' dir='ltr'><strong>eam</strong></span> <span class='ocrx_word' id='word_1_26' title='bbox 2168 1461 2198 1500; x_wconf 89' lang='lat' dir='ltr'><strong>a</strong></span> <span class='ocrx_word' id='word_1_27' title='bbox 2231 1446 2554 1516; x_wconf 66' lang='lat' dir='ltr'><strong>praecedenti</strong></span> <span class='ocrx_word' id='word_1_28' title='bbox 2593 1447 2860 1503; x_wconf 83' lang='lat' dir='ltr'><strong>concione</strong></span> <span class='ocrx_word' id='word_1_29' title='bbox 2915 1449 3254 1523; x_wconf 69' lang='lat' dir='ltr'><strong>disiungere,</strong></span> <span class='ocrx_word' id='word_1_30' title='bbox 3290 1455 3418 1524; x_wconf 89' lang='lat' dir='ltr'><strong>quia</strong></span> <span class='ocrx_word' id='word_1_31' title='bbox 3482 1471 3588 1512; x_wconf 72' lang='lat' dir='ltr'><strong>etn-</strong></span> 
     </span>
    </p>
   </div>
   <div class='ocr_carea' id='block_1_6' title="bbox 307 1555 3584 1637">
    <p class='ocr_par' dir='ltr' id='par_1_6' title="bbox 307 1555 3584 1637">
     <span class='ocr_line' id='line_1_6' title="bbox 307 1555 3584 1637; baseline 0.005 -27"><span class='ocrx_word' id='word_1_32' title='bbox 307 1565 466 1624; x_wconf 87' lang='lat' dir='ltr'><strong>ptam</strong></span> <span class='ocrx_word' id='word_1_33' title='bbox 489 1555 556 1611; x_wconf 87' lang='lat' dir='ltr'><strong>de</strong></span> <span class='ocrx_word' id='word_1_34' title='bbox 587 1555 807 1628; x_wconf 80' lang='lat' dir='ltr'><strong>indigne</strong></span> <span class='ocrx_word' id='word_1_35' title='bbox 834 1557 1376 1616; x_wconf 82' lang='lat' dir='ltr'><strong>communicantibus</strong></span> <span class='ocrx_word' id='word_1_36' title='bbox 1414 1559 1756 1632; x_wconf 87' lang='lat' dir='ltr'><strong>hypothesim</strong></span> <span class='ocrx_word' id='word_1_37' title='bbox 1790 1575 1853 1617; x_wconf 88' lang='lat' dir='ltr'><strong>ea</strong></span> <span class='ocrx_word' id='word_1_38' title='bbox 1884 1577 2050 1632; x_wconf 83' lang='lat' dir='ltr'><strong>quam</strong></span> <span class='ocrx_word' id='word_1_39' title='bbox 2097 1561 2337 1618; x_wconf 79' lang='lat' dir='ltr'><strong>diximus</strong></span> <span class='ocrx_word' id='word_1_40' title='bbox 2365 1561 2656 1618; x_wconf 81' lang='lat' dir='ltr'><strong>occasione</strong></span> <span class='ocrx_word' id='word_1_41' title='bbox 2693 1561 2891 1619; x_wconf 89' lang='lat' dir='ltr'><strong>ductus</strong></span> <span class='ocrx_word' id='word_1_42' title='bbox 2932 1562 3019 1620; x_wconf 88' lang='lat' dir='ltr'><strong>hic</strong></span> <span class='ocrx_word' id='word_1_43' title='bbox 3059 1568 3428 1637; x_wconf 77' lang='lat' dir='ltr'><strong>prosequitur.</strong></span> <span class='ocrx_word' id='word_1_44' title='bbox 3461 1568 3584 1636; x_wconf 85' lang='lat' dir='ltr'><strong>Qun</strong></span> 
     </span>
    </p>
   </div>
   <div class='ocr_carea' id='block_1_7' title="bbox 304 1672 3571 1752">
    <p class='ocr_par' dir='ltr' id='par_1_7' title="bbox 304 1672 3571 1752">
     <span class='ocr_line' id='line_1_7' title="bbox 304 1672 3571 1752; baseline 0.004 -26"><span class='ocrx_word' id='word_1_45' title='bbox 304 1687 459 1727; x_wconf 81' lang='lat' dir='ltr'><strong>anno</strong></span> <span class='ocrx_word' id='word_1_46' title='bbox 483 1679 773 1742; x_wconf 87' lang='lat' dir='ltr'><strong>utramque</strong></span> <span class='ocrx_word' id='word_1_47' title='bbox 802 1672 1052 1730; x_wconf 89' lang='lat' dir='ltr'><strong>habuerit</strong></span> <span class='ocrx_word' id='word_1_48' title='bbox 1081 1675 1360 1733; x_wconf 87' lang='lat' dir='ltr'><strong>homiliam</strong></span> <span class='ocrx_word' id='word_1_49' title='bbox 1401 1675 1849 1749; x_wconf 86' lang='lat' dir='ltr'><strong>Chrysostomus,</strong></span> <span class='ocrx_word' id='word_1_50' title='bbox 1898 1694 1966 1734; x_wconf 93' lang='lat' dir='ltr'><strong>ne</strong></span> <span class='ocrx_word' id='word_1_51' title='bbox 1993 1678 2305 1750; x_wconf 81' lang='lat' dir='ltr'><strong>conjectura</strong></span> <span class='ocrx_word' id='word_1_52' title='bbox 2344 1679 2564 1751; x_wconf 88' lang='lat' dir='ltr'><strong>quidem</strong></span> <span class='ocrx_word' id='word_1_53' title='bbox 2608 1680 2831 1752; x_wconf 86' lang='lat' dir='ltr'><strong>assequi</strong></span> <span class='ocrx_word' id='word_1_54' title='bbox 2866 1681 3152 1737; x_wconf 84' lang='lat' dir='ltr'><strong>valemus:</strong></span> <span class='ocrx_word' id='word_1_55' title='bbox 3183 1681 3284 1738; x_wconf 89' lang='lat' dir='ltr'><strong>hoc</strong></span> <span class='ocrx_word' id='word_1_56' title='bbox 3307 1699 3474 1738; x_wconf 89' lang='lat' dir='ltr'><strong>unum</strong></span> <span class='ocrx_word' id='word_1_57' title='bbox 3507 1699 3571 1738; x_wconf 80' lang='lat' dir='ltr'><strong>es</strong></span> 
     </span>
    </p>
   </div>
   <div class='ocr_carea' id='block_1_8' title="bbox 304 1789 3572 1870">
    <p class='ocr_par' dir='ltr' id='par_1_8' title="bbox 304 1789 3572 1870">
     <span class='ocr_line' id='line_1_8' title="bbox 304 1789 3572 1870; baseline 0.003 -26"><span class='ocrx_word' id='word_1_58' title='bbox 304 1789 554 1844; x_wconf 83' lang='lat' dir='ltr'><strong>secunda</strong></span> <span class='ocrx_word' id='word_1_59' title='bbox 586 1789 830 1856; x_wconf 90' lang='lat' dir='ltr'><strong>bomilia,</strong></span> <span class='ocrx_word' id='word_1_60' title='bbox 860 1793 946 1848; x_wconf 89' lang='lat' dir='ltr'><strong>cui</strong></span> <span class='ocrx_word' id='word_1_61' title='bbox 981 1793 1195 1858; x_wconf 87' lang='lat' dir='ltr'><strong>titulus,</strong></span> <span class='ocrx_word' id='word_1_62' title='bbox 1229 1792 1356 1850; x_wconf 82' lang='lat' dir='ltr'><strong>Non</strong></span> <span class='ocrx_word' id='word_1_63' title='bbox 1390 1811 1501 1852; x_wconf 83' lang='lat' dir='ltr'><strong>esse</strong></span> <span class='ocrx_word' id='word_1_64' title='bbox 1529 1795 1598 1848; x_wconf 86' lang='lat' dir='ltr'><strong>ad</strong></span> <span class='ocrx_word' id='word_1_65' title='bbox 1629 1798 1858 1867; x_wconf 78' lang='lat' dir='ltr'><strong>gratiam</strong></span> <span class='ocrx_word' id='word_1_66' title='bbox 1885 1795 2327 1866; x_wconf 75' lang='lat' dir='ltr'><strong>concionarulum,</strong></span> <span class='ocrx_word' id='word_1_67' title='bbox 2359 1796 2632 1867; x_wconf 80' lang='lat' dir='ltr'><strong>expiscari</strong></span> <span class='ocrx_word' id='word_1_68' title='bbox 2670 1812 2834 1868; x_wconf 85' lang='lat' dir='ltr'><strong>posse</strong></span> <span class='ocrx_word' id='word_1_69' title='bbox 2871 1798 3139 1862; x_wconf 88' lang='lat' dir='ltr'><strong>videmur,</strong></span> <span class='ocrx_word' id='word_1_70' title='bbox 3177 1813 3371 1870; x_wconf 85' lang='lat' dir='ltr'><strong>nempe</strong></span> <span class='ocrx_word' id='word_1_71' title='bbox 3416 1799 3572 1856; x_wconf 84' lang='lat' dir='ltr'><strong>habi-</strong></span> 
     </span>
    </p>
   </div>
   <div class='ocr_carea' id='block_1_9' title="bbox 304 1907 3565 1987">
    <p class='ocr_par' dir='ltr' id='par_1_9' title="bbox 304 1907 3565 1987">
     <span class='ocr_line' id='line_1_9' title="bbox 304 1907 3565 1987; baseline 0.003 -28"><span class='ocrx_word' id='word_1_72' title='bbox 304 1914 418 1960; x_wconf 89' lang='lat' dir='ltr'><strong>tam</strong></span> <span class='ocrx_word' id='word_1_73' title='bbox 471 1914 766 1980; x_wconf 85' lang='lat' dir='ltr'><strong>utramque</strong></span> <span class='ocrx_word' id='word_1_74' title='bbox 795 1907 970 1967; x_wconf 74' lang='lat' dir='ltr'><strong>fuisse</strong></span> <span class='ocrx_word' id='word_1_75' title='bbox 1002 1920 1125 1981; x_wconf 86' lang='lat' dir='ltr'><strong>post</strong></span> <span class='ocrx_word' id='word_1_76' title='bbox 1176 1910 1468 1968; x_wconf 81' lang='lat' dir='ltr'><strong>Homiliam</strong></span> <span class='ocrx_word' id='word_1_77' title='bbox 1516 1913 1585 1968; x_wconf 91' lang='lat' dir='ltr'><strong>de</strong></span> <span class='ocrx_word' id='word_1_78' title='bbox 1623 1911 1830 1967; x_wconf 82' lang='lat' dir='ltr'><strong>Lazaro</strong></span> <span class='ocrx_word' id='word_1_79' title='bbox 1861 1930 1876 1967; x_wconf 89' lang='lat'><strong>:</strong></span> <span class='ocrx_word' id='word_1_80' title='bbox 1907 1913 2041 1969; x_wconf 86' lang='lat' dir='ltr'><strong>dicit</strong></span> <span class='ocrx_word' id='word_1_81' title='bbox 2089 1913 2234 1968; x_wconf 92' lang='lat' dir='ltr'><strong>enim</strong></span> <span class='ocrx_word' id='word_1_82' title='bbox 2268 1911 2327 1968; x_wconf 93' lang='lat' dir='ltr'><strong>S.</strong></span> <span class='ocrx_word' id='word_1_83' title='bbox 2355 1912 2550 1969; x_wconf 91' lang='lat' dir='ltr'><strong>doctor</strong></span> <span class='ocrx_word' id='word_1_84' title='bbox 2575 1930 2728 1969; x_wconf 91' lang='lat' dir='ltr'><strong>num.</strong></span> <span class='ocrx_word' id='word_1_85' title='bbox 2761 1914 2796 1970; x_wconf 78' lang='grc'>5</span> <span class='ocrx_word' id='word_1_86' title='bbox 2825 1913 2891 1970; x_wconf 91' lang='lat' dir='ltr'><strong>de</strong></span> <span class='ocrx_word' id='word_1_87' title='bbox 2930 1912 3139 1971; x_wconf 76' lang='lat' dir='ltr'><strong>Lazaro</strong></span> <span class='ocrx_word' id='word_1_88' title='bbox 3180 1915 3412 1987; x_wconf 85' lang='lat' dir='ltr'><strong>loquens</strong></span> <span class='ocrx_word' id='word_1_89' title='bbox 3443 1935 3457 1972; x_wconf 91' lang='lat'><strong>:</strong></span> <span class='ocrx_word' id='word_1_90' title='bbox 3499 1916 3565 1971; x_wconf 78' lang='lat' dir='ltr'><strong>Et</strong></span> 
     </span>
    </p>
   </div>
   <div class='ocr_carea' id='block_1_10' title="bbox 298 2022 3573 2105">
    <p class='ocr_par' dir='ltr' id='par_1_10' title="bbox 298 2022 3573 2105">
     <span class='ocr_line' id='line_1_10' title="bbox 298 2022 3573 2105; baseline 0.004 -29"><span class='ocrx_word' id='word_1_91' title='bbox 298 2022 432 2094; x_wconf 75' lang='lat' dir='ltr'><strong>quid</strong></span> <span class='ocrx_word' id='word_1_92' title='bbox 471 2039 607 2093; x_wconf 80' lang='lat' dir='ltr'><strong>opus</strong></span> <span class='ocrx_word' id='word_1_93' title='bbox 638 2032 717 2078; x_wconf 83' lang='lat' dir='ltr'><strong>est</strong></span> <span class='ocrx_word' id='word_1_94' title='bbox 743 2025 1056 2096; x_wconf 75' lang='lat' dir='ltr'><strong>parabolam</strong></span> <span class='ocrx_word' id='word_1_95' title='bbox 1084 2035 1251 2081; x_wconf 85' lang='lat' dir='ltr'><strong>totam</strong></span> <span class='ocrx_word' id='word_1_96' title='bbox 1283 2030 1628 2098; x_wconf 81' lang='lat' dir='ltr'><strong>percurrere?</strong></span> <span class='ocrx_word' id='word_1_97' title='bbox 1658 2029 1860 2102; x_wconf 81' lang='lat' dir='ltr'><strong>Quippe</strong></span> <span class='ocrx_word' id='word_1_98' title='bbox 1891 2030 2058 2086; x_wconf 87' lang='lat' dir='ltr'><strong>nostis</strong></span> <span class='ocrx_word' id='word_1_99' title='bbox 2089 2029 2370 2105; x_wconf 73' lang='lat' dir='ltr'><strong>historiam</strong></span> <span class='ocrx_word' id='word_1_100' title='bbox 2393 2043 2618 2096; x_wconf 80' lang='lat' dir='ltr'><strong>omnem,</strong></span> <span class='ocrx_word' id='word_1_101' title='bbox 2650 2029 3016 2084; x_wconf 81' lang='lat' dir='ltr'><strong>crudelitatem</strong></span> <span class='ocrx_word' id='word_1_102' title='bbox 3044 2029 3246 2096; x_wconf 81' lang='lat' dir='ltr'><strong>divitis,</strong></span> <span class='ocrx_word' id='word_1_103' title='bbox 3272 2046 3372 2101; x_wconf 86' lang='lat' dir='ltr'><strong>quo</strong></span> <span class='ocrx_word' id='word_1_104' title='bbox 3414 2045 3573 2102; x_wconf 86' lang='lat' dir='ltr'><strong>pacto</strong></span> 
     </span>
    </p>
   </div>
   <div class='ocr_carea' id='block_1_11' title="bbox 303 2139 3569 2216">
    <p class='ocr_par' dir='ltr' id='par_1_11' title="bbox 303 2139 3569 2216">
     <span class='ocr_line' id='line_1_11' title="bbox 303 2139 3569 2216; baseline 0.003 -24"><span class='ocrx_word' id='word_1_105' title='bbox 303 2139 614 2194; x_wconf 79' lang='lat' dir='ltr'><strong>mendicum</strong></span> <span class='ocrx_word' id='word_1_106' title='bbox 639 2141 950 2212; x_wconf 84' lang='lat' dir='ltr'><strong>participem</strong></span> <span class='ocrx_word' id='word_1_107' title='bbox 978 2157 1172 2198; x_wconf 62' lang='lat' dir='ltr'><strong>mensae</strong></span> <span class='ocrx_word' id='word_1_108' title='bbox 1198 2159 1302 2197; x_wconf 86' lang='lat' dir='ltr'><strong>non</strong></span> <span class='ocrx_word' id='word_1_109' title='bbox 1325 2142 1545 2212; x_wconf 73' lang='lat' dir='ltr'><strong>faceret,</strong></span> <span class='ocrx_word' id='word_1_110' title='bbox 1577 2154 1859 2216; x_wconf 73' lang='lat' dir='ltr'><strong>egestatem</strong></span> <span class='ocrx_word' id='word_1_111' title='bbox 1894 2146 2040 2200; x_wconf 84' lang='lat' dir='ltr'><strong>illius</strong></span> <span class='ocrx_word' id='word_1_112' title='bbox 2072 2161 2134 2198; x_wconf 88' lang='lat' dir='ltr'><strong>ac</strong></span> <span class='ocrx_word' id='word_1_113' title='bbox 2163 2143 2383 2215; x_wconf 79' lang='lat' dir='ltr'><strong>fantem,</strong></span> <span class='ocrx_word' id='word_1_114' title='bbox 2413 2161 2532 2199; x_wconf 88' lang='lat' dir='ltr'><strong>cum</strong></span> <span class='ocrx_word' id='word_1_115' title='bbox 2559 2160 2664 2215; x_wconf 85' lang='lat' dir='ltr'><strong>qua</strong></span> <span class='ocrx_word' id='word_1_116' title='bbox 2688 2154 2936 2215; x_wconf 87' lang='lat' dir='ltr'><strong>perpetuo</strong></span> <span class='ocrx_word' id='word_1_117' title='bbox 2966 2143 3398 2214; x_wconf 80' lang='lat' dir='ltr'><strong>conﬂictabatur.</strong></span> <span class='ocrx_word' id='word_1_118' title='bbox 3435 2147 3569 2212; x_wconf 78' lang='lat' dir='ltr'><strong>Qua:</strong></span> 
     </span>
    </p>
   </div>
   <div class='ocr_carea' id='block_1_12' title="bbox 302 2253 3570 2327">
    <p class='ocr_par' dir='ltr' id='par_1_12' title="bbox 302 2253 3570 2327">
     <span class='ocr_line' id='line_1_12' title="bbox 302 2253 3570 2327; baseline 0.003 -19"><span class='ocrx_word' id='word_1_119' title='bbox 302 2268 436 2308; x_wconf 83' lang='lat' dir='ltr'><strong>sane</strong></span> <span class='ocrx_word' id='word_1_120' title='bbox 467 2253 726 2309; x_wconf 86' lang='lat' dir='ltr'><strong>videntur</strong></span> <span class='ocrx_word' id='word_1_121' title='bbox 757 2265 880 2326; x_wconf 89' lang='lat' dir='ltr'><strong>post</strong></span> <span class='ocrx_word' id='word_1_122' title='bbox 899 2270 1182 2313; x_wconf 86' lang='lat' dir='ltr'><strong>sermones</strong></span> <span class='ocrx_word' id='word_1_123' title='bbox 1204 2257 1272 2312; x_wconf 92' lang='lat' dir='ltr'><strong>de</strong></span> <span class='ocrx_word' id='word_1_124' title='bbox 1310 2255 1520 2312; x_wconf 83' lang='lat' dir='ltr'><strong>Lazaro</strong></span> <span class='ocrx_word' id='word_1_125' title='bbox 1543 2256 1708 2324; x_wconf 88' lang='lat' dir='ltr'><strong>dicta,</strong></span> <span class='ocrx_word' id='word_1_126' title='bbox 1740 2258 1869 2315; x_wconf 89' lang='lat' dir='ltr'><strong>licet</strong></span> <span class='ocrx_word' id='word_1_127' title='bbox 1897 2259 1950 2315; x_wconf 87' lang='lat' dir='ltr'><strong>id</strong></span> <span class='ocrx_word' id='word_1_128' title='bbox 1975 2258 2245 2316; x_wconf 82' lang='lat' dir='ltr'><strong>allirmare</strong></span> <span class='ocrx_word' id='word_1_129' title='bbox 2273 2273 2384 2315; x_wconf 91' lang='lat' dir='ltr'><strong>non</strong></span> <span class='ocrx_word' id='word_1_130' title='bbox 2411 2259 2613 2317; x_wconf 85' lang='lat' dir='ltr'><strong>ausim.</strong></span> <span class='ocrx_word' id='word_1_131' title='bbox 2644 2257 2766 2327; x_wconf 87' lang='lat' dir='ltr'><strong>Quo</strong></span> <span class='ocrx_word' id='word_1_132' title='bbox 2795 2266 2981 2316; x_wconf 85' lang='lat' dir='ltr'><strong>autem</strong></span> <span class='ocrx_word' id='word_1_133' title='bbox 3010 2275 3155 2316; x_wconf 90' lang='lat' dir='ltr'><strong>anno</strong></span> <span class='ocrx_word' id='word_1_134' title='bbox 3185 2276 3469 2319; x_wconf 81' lang='lat' dir='ltr'><strong>sermones</strong></span> <span class='ocrx_word' id='word_1_135' title='bbox 3502 2266 3570 2321; x_wconf 70' lang='lat' dir='ltr'><strong>de</strong></span> 
     </span>
    </p>
   </div>
   <div class='ocr_carea' id='block_1_13' title="bbox 300 2364 2573 2439">
    <p class='ocr_par' dir='ltr' id='par_1_13' title="bbox 300 2364 2573 2439">
     <span class='ocr_line' id='line_1_13' title="bbox 300 2364 2573 2439; baseline 0.004 -17"><span class='ocrx_word' id='word_1_136' title='bbox 300 2365 520 2422; x_wconf 82' lang='lat' dir='ltr'><strong>Lazaro</strong></span> <span class='ocrx_word' id='word_1_137' title='bbox 549 2364 681 2420; x_wconf 83' lang='lat' dir='ltr'><strong>dicti</strong></span> <span class='ocrx_word' id='word_1_138' title='bbox 713 2365 940 2436; x_wconf 81' lang='lat' dir='ltr'><strong>fuerint,</strong></span> <span class='ocrx_word' id='word_1_139' title='bbox 974 2367 1181 2439; x_wconf 87' lang='lat' dir='ltr'><strong>pariter</strong></span> <span class='ocrx_word' id='word_1_140' title='bbox 1220 2369 1515 2438; x_wconf 88' lang='lat' dir='ltr'><strong>incertum,</strong></span> <span class='ocrx_word' id='word_1_141' title='bbox 1549 2378 1608 2426; x_wconf 86' lang='lat' dir='ltr'><strong>ut</strong></span> <span class='ocrx_word' id='word_1_142' title='bbox 1642 2369 1881 2427; x_wconf 84' lang='lat' dir='ltr'><strong>vidimus</strong></span> <span class='ocrx_word' id='word_1_143' title='bbox 1909 2370 1963 2427; x_wconf 92' lang='lat' dir='ltr'><strong>in</strong></span> <span class='ocrx_word' id='word_1_144' title='bbox 1995 2369 2205 2428; x_wconf 79' lang='lat' dir='ltr'><strong>Munito</strong></span> <span class='ocrx_word' id='word_1_145' title='bbox 2229 2371 2299 2428; x_wconf 90' lang='lat' dir='ltr'><strong>ad</strong></span> <span class='ocrx_word' id='word_1_146' title='bbox 2325 2371 2573 2430; x_wconf 78' lang='lat' dir='ltr'><strong>eosdem.</strong></span> 
     </span>
    </p>
   </div>
   <div class='ocr_carea' id='block_1_14' title="bbox 372 2499 2216 2576">
    <p class='ocr_par' dir='ltr' id='par_1_14' title="bbox 372 2499 2216 2576">
     <span class='ocr_line' id='line_1_14' title="bbox 372 2499 2216 2576; baseline 0.003 -18"><span class='ocrx_word' id='word_1_147' title='bbox 372 2499 680 2574; x_wconf 79' lang='lat' dir='ltr'><strong>Utriusque</strong></span> <span class='ocrx_word' id='word_1_148' title='bbox 706 2504 1208 2576; x_wconf 80' lang='lat' dir='ltr'><strong>interpretationem</strong></span> <span class='ocrx_word' id='word_1_149' title='bbox 1241 2506 1488 2563; x_wconf 84' lang='lat' dir='ltr'><strong>Latinam</strong></span> <span class='ocrx_word' id='word_1_150' title='bbox 1525 2507 1697 2565; x_wconf 88' lang='lat' dir='ltr'><strong>edidit</strong></span> <span class='ocrx_word' id='word_1_151' title='bbox 1725 2506 1932 2566; x_wconf 82' lang='lat' dir='ltr'><strong>Fronto</strong></span> <span class='ocrx_word' id='word_1_152' title='bbox 1965 2507 2216 2566; x_wconf 73' lang='lat' dir='ltr'><strong>Ducteus.</strong></span> 
     </span>
    </p>
   </div>
   <div class='ocr_carea' id='block_1_15' title="bbox 310 3073 3581 3137">
    <p class='ocr_par' dir='ltr' id='par_1_15' title="bbox 310 3073 3581 3137">
     <span class='ocr_line' id='line_1_15' title="bbox 310 3073 3581 3137; baseline 0.002 -8"><span class='ocrx_word' id='word_1_153' title='bbox 310 3087 435 3131; x_wconf 59' lang='lat' dir='ltr'><strong>CUI</strong></span> <span class='ocrx_word' id='word_1_154' title='bbox 481 3081 824 3128; x_wconf 73' lang='lat' dir='ltr'><strong>EPISCOPUS</strong></span> <span class='ocrx_word' id='word_1_155' title='bbox 865 3080 1221 3123; x_wconf 72' lang='lat' dir='ltr'><strong>MARTYRUM</strong></span> <span class='ocrx_word' id='word_1_156' title='bbox 1264 3079 1426 3122; x_wconf 79' lang='lat' dir='ltr'><strong>DIEM</strong></span> <span class='ocrx_word' id='word_1_157' title='bbox 1470 3078 1623 3120; x_wconf 75' lang='lat' dir='ltr'><strong>RURI</strong></span> <span class='ocrx_word' id='word_1_158' title='bbox 1667 3073 2089 3120; x_wconf 75' lang='lat' dir='ltr'><strong>CELEBRATUM</strong></span> <span class='ocrx_word' id='word_1_159' title='bbox 2133 3076 2434 3132; x_wconf 76' lang='lat' dir='ltr'><strong>ABIISSET,</strong></span> <span class='ocrx_word' id='word_1_160' title='bbox 2483 3079 2755 3124; x_wconf 74' lang='lat' dir='ltr'><strong>HABITUS</strong></span> <span class='ocrx_word' id='word_1_161' title='bbox 2801 3080 2918 3125; x_wconf 77' lang='lat' dir='ltr'><strong>EST</strong></span> <span class='ocrx_word' id='word_1_162' title='bbox 2955 3083 3014 3126; x_wconf 72' lang='lat' dir='ltr'><strong>IN</strong></span> <span class='ocrx_word' id='word_1_163' title='bbox 3064 3085 3228 3128; x_wconf 72' lang='lat' dir='ltr'><strong>URBE</strong></span> <span class='ocrx_word' id='word_1_164' title='bbox 3272 3087 3478 3134; x_wconf 69' lang='grc' dir='ltr'><strong>δεκΜο</strong></span> <span class='ocrx_word' id='word_1_165' title='bbox 3520 3093 3581 3137; x_wconf 67' lang='lat' dir='ltr'><strong>LV</strong></span> 
     </span>
    </p>
   </div>
   <div class='ocr_carea' id='block_1_16' title="bbox 949 3175 1896 3238">
    <p class='ocr_par' dir='ltr' id='par_1_16' title="bbox 949 3177 1896 3238">
     <span class='ocr_line' id='line_1_16' title="bbox 949 3177 1896 3238; baseline -0.007 -11"><span class='ocrx_word' id='word_1_166' title='bbox 949 3181 1310 3238; x_wconf 74' lang='lat' dir='ltr'><strong>MARTYRES,</strong></span> <span class='ocrx_word' id='word_1_167' title='bbox 1357 3181 1438 3225; x_wconf 84' lang='lat' dir='ltr'><strong>ET</strong></span> <span class='ocrx_word' id='word_1_168' title='bbox 1481 3181 1565 3223; x_wconf 82' lang='lat' dir='ltr'><strong><em>DE</em></strong></span> <span class='ocrx_word' id='word_1_169' title='bbox 1608 3177 1896 3222; x_wconf 71' lang='lat' dir='ltr'><strong>COMPUNC</strong></span> 
     </span>
    </p>
   </div>
   <div class='ocr_carea' id='block_1_17' title="bbox 1994 3175 2974 3238">
    <p class='ocr_par' dir='ltr' id='par_1_17' title="bbox 1994 3176 2974 3230">
     <span class='ocr_line' id='line_1_17' title="bbox 1994 3176 2974 3230; baseline 0.009 -11"><span class='ocrx_word' id='word_1_170' title='bbox 1994 3177 2098 3220; x_wconf 80' lang='lat' dir='ltr'><strong>)NE</strong></span> <span class='ocrx_word' id='word_1_171' title='bbox 2140 3176 2365 3222; x_wconf 75' lang='lat' dir='ltr'><strong>CORDIS</strong></span> <span class='ocrx_word' id='word_1_172' title='bbox 2408 3181 2488 3224; x_wconf 80' lang='grc' dir='ltr'><strong>ΕΤ</strong></span> <span class='ocrx_word' id='word_1_173' title='bbox 2537 3181 2974 3230; x_wconf 72' lang='grc' dir='ltr'><strong>ΕιΕεΜοεΥΝΑ.</strong></span> 
     </span>
    </p>
   </div>
   <div class='ocr_carea' id='block_1_18' title="bbox 1774 3341 2093 3399">
    <p class='ocr_par' dir='ltr' id='par_1_18' title="bbox 1774 3341 2093 3399">
     <span class='ocr_line' id='line_1_18' title="bbox 1774 3341 2093 3399; baseline -0.009 0"><span class='ocrx_word' id='word_1_174' title='bbox 1774 3341 2093 3399; x_wconf 53' lang='grc' dir='ltr'><strong>«ΞΗΕΕΕὯ</strong></span> 
     </span>
    </p>
   </div>
   <div class='ocr_carea' id='block_1_19' title="bbox 384 3508 1898 3584">
    <p class='ocr_par' dir='ltr' id='par_1_19' title="bbox 384 3508 1898 3584">
     <span class='ocr_line' id='line_1_19' title="bbox 384 3508 1898 3584; baseline -0.009 -12"><span class='ocrx_word' id='word_1_175' title='bbox 384 3521 433 3572; x_wconf 85' lang='lat' dir='ltr'><strong>l.</strong></span> <span class='ocrx_word' id='word_1_176' title='bbox 474 3517 602 3573; x_wconf 86' lang='lat' dir='ltr'><strong>[lcri</strong></span> <span class='ocrx_word' id='word_1_177' title='bbox 627 3524 914 3584; x_wconf 84' lang='lat' dir='ltr'><strong>martyrum</strong></span> <span class='ocrx_word' id='word_1_178' title='bbox 936 3512 1049 3567; x_wconf 90' lang='lat' dir='ltr'><strong>dies</strong></span> <span class='ocrx_word' id='word_1_179' title='bbox 1079 3511 1198 3577; x_wconf 81' lang='lat' dir='ltr'><strong>fuit,</strong></span> <span class='ocrx_word' id='word_1_180' title='bbox 1228 3509 1320 3564; x_wconf 88' lang='lat' dir='ltr'><strong>sed</strong></span> <span class='ocrx_word' id='word_1_181' title='bbox 1349 3517 1401 3563; x_wconf 89' lang='lat' dir='ltr'><strong>et</strong></span> <span class='ocrx_word' id='word_1_182' title='bbox 1423 3508 1579 3562; x_wconf 88' lang='lat' dir='ltr'><strong>hodie</strong></span> <span class='ocrx_word' id='word_1_183' title='bbox 1602 3515 1898 3578; x_wconf 81' lang='lat' dir='ltr'><strong>martyrum</strong></span> 
     </span>
    </p>
   </div>
   <div class='ocr_carea' id='block_1_20' title="bbox 316 3598 1899 3676">
    <p class='ocr_par' dir='ltr' id='par_1_20' title="bbox 316 3598 1899 3676">
     <span class='ocr_line' id='line_1_20' title="bbox 316 3598 1899 3676; baseline -0.008 -12"><span class='ocrx_word' id='word_1_184' title='bbox 316 3607 426 3664; x_wconf 89' lang='lat' dir='ltr'><strong>dies</strong></span> <span class='ocrx_word' id='word_1_185' title='bbox 453 3619 532 3663; x_wconf 88' lang='lat' dir='ltr'><strong>est</strong></span> <span class='ocrx_word' id='word_1_186' title='bbox 567 3625 580 3661; x_wconf 94' lang='lat'>:</span> <span class='ocrx_word' id='word_1_187' title='bbox 612 3615 771 3676; x_wconf 90' lang='lat' dir='ltr'><strong>atque</strong></span> <span class='ocrx_word' id='word_1_188' title='bbox 798 3604 999 3659; x_wconf 88' lang='lat' dir='ltr'><strong>utinam</strong></span> <span class='ocrx_word' id='word_1_189' title='bbox 1030 3617 1242 3672; x_wconf 87' lang='lat' dir='ltr'><strong>semper</strong></span> <span class='ocrx_word' id='word_1_190' title='bbox 1270 3601 1410 3655; x_wconf 91' lang='lat' dir='ltr'><strong>diem</strong></span> <span class='ocrx_word' id='word_1_191' title='bbox 1437 3607 1728 3670; x_wconf 86' lang='lat' dir='ltr'><strong>martyrum</strong></span> <span class='ocrx_word' id='word_1_192' title='bbox 1754 3598 1899 3652; x_wconf 87' lang='lat' dir='ltr'><strong>cele-</strong></span> 
     </span>
    </p>
   </div>
   <div class='ocr_carea' id='block_1_21' title="bbox 317 3690 1900 3763">
    <p class='ocr_par' dir='ltr' id='par_1_21' title="bbox 317 3690 1900 3763">
     <span class='ocr_line' id='line_1_21' title="bbox 317 3690 1900 3763; baseline -0.006 -10"><span class='ocrx_word' id='word_1_193' title='bbox 317 3699 614 3754; x_wconf 89' lang='lat' dir='ltr'><strong>braremus.</strong></span> <span class='ocrx_word' id='word_1_194' title='bbox 644 3697 700 3753; x_wconf 87' lang='lat' dir='ltr'><strong>Si</strong></span> <span class='ocrx_word' id='word_1_195' title='bbox 731 3696 874 3751; x_wconf 92' lang='lat' dir='ltr'><strong>enim</strong></span> <span class='ocrx_word' id='word_1_196' title='bbox 903 3694 1011 3760; x_wconf 93' lang='lat' dir='ltr'><strong>illi,</strong></span> <span class='ocrx_word' id='word_1_197' title='bbox 1039 3693 1127 3763; x_wconf 90' lang='lat' dir='ltr'><strong>qui</strong></span> <span class='ocrx_word' id='word_1_198' title='bbox 1155 3693 1342 3746; x_wconf 88' lang='lat' dir='ltr'><strong>insano</strong></span> <span class='ocrx_word' id='word_1_199' title='bbox 1369 3690 1693 3746; x_wconf 86' lang='lat' dir='ltr'><strong>theatrorum</strong></span> <span class='ocrx_word' id='word_1_200' title='bbox 1715 3703 1900 3744; x_wconf 88' lang='lat' dir='ltr'><strong>amore</strong></span> 
     </span>
    </p>
   </div>
   <div class='ocr_carea' id='block_1_22' title="bbox 317 3780 1898 3855">
    <p class='ocr_par' dir='ltr' id='par_1_22' title="bbox 317 3780 1898 3855">
     <span class='ocr_line' id='line_1_22' title="bbox 317 3780 1898 3855; baseline -0.007 -10"><span class='ocrx_word' id='word_1_201' title='bbox 317 3791 580 3845; x_wconf 87' lang='lat' dir='ltr'><strong>ducuntur</strong></span> <span class='ocrx_word' id='word_1_202' title='bbox 599 3831 615 3855; x_wconf 90' lang='lat'><strong>,</strong></span> <span class='ocrx_word' id='word_1_203' title='bbox 644 3797 698 3844; x_wconf 90' lang='lat' dir='ltr'><strong>et</strong></span> <span class='ocrx_word' id='word_1_204' title='bbox 723 3787 992 3842; x_wconf 84' lang='lat' dir='ltr'><strong>circenses</strong></span> <span class='ocrx_word' id='word_1_205' title='bbox 1023 3785 1176 3840; x_wconf 90' lang='lat' dir='ltr'><strong>ludos</strong></span> <span class='ocrx_word' id='word_1_206' title='bbox 1201 3783 1267 3839; x_wconf 89' lang='lat' dir='ltr'><strong>ad</strong></span> <span class='ocrx_word' id='word_1_207' title='bbox 1297 3793 1570 3852; x_wconf 88' lang='lat' dir='ltr'><strong>stuporem</strong></span> <span class='ocrx_word' id='word_1_208' title='bbox 1601 3795 1768 3852; x_wconf 89' lang='lat' dir='ltr'><strong>usque</strong></span> <span class='ocrx_word' id='word_1_209' title='bbox 1791 3780 1898 3834; x_wconf 89' lang='lat' dir='ltr'><strong>mi-</strong></span> 
     </span>
    </p>
   </div>
   <div class='ocr_carea' id='block_1_23' title="bbox 318 3873 1895 3951">
    <p class='ocr_par' dir='ltr' id='par_1_23' title="bbox 318 3873 1895 3951">
     <span class='ocr_line' id='line_1_23' title="bbox 318 3873 1895 3951; baseline -0.006 -14"><span class='ocrx_word' id='word_1_210' title='bbox 318 3891 516 3948; x_wconf 85' lang='lat' dir='ltr'><strong>rantur,</strong></span> <span class='ocrx_word' id='word_1_211' title='bbox 541 3895 834 3951; x_wconf 83' lang='lat' dir='ltr'><strong>numquam</strong></span> <span class='ocrx_word' id='word_1_212' title='bbox 860 3877 1103 3949; x_wconf 86' lang='lat' dir='ltr'><strong>turpibus</strong></span> <span class='ocrx_word' id='word_1_213' title='bbox 1131 3875 1236 3932; x_wconf 86' lang='lat' dir='ltr'><strong>illis</strong></span> <span class='ocrx_word' id='word_1_214' title='bbox 1256 3875 1572 3947; x_wconf 89' lang='lat' dir='ltr'><strong>spectaculis</strong></span> <span class='ocrx_word' id='word_1_215' title='bbox 1592 3873 1850 3930; x_wconf 86' lang='lat' dir='ltr'><strong>satiantur</strong></span> <span class='ocrx_word' id='word_1_216' title='bbox 1881 3889 1895 3928; x_wconf 90' lang='lat'><strong>:</strong></span> 
     </span>
    </p>
   </div>
   <div class='ocr_carea' id='block_1_24' title="bbox 320 3964 1898 4043">
    <p class='ocr_par' dir='ltr' id='par_1_24' title="bbox 320 3964 1898 4043">
     <span class='ocr_line' id='line_1_24' title="bbox 320 3964 1898 4043; baseline -0.004 -16"><span class='ocrx_word' id='word_1_217' title='bbox 320 3974 482 4029; x_wconf 91' lang='lat' dir='ltr'><strong>multo</strong></span> <span class='ocrx_word' id='word_1_218' title='bbox 506 3973 712 4043; x_wconf 65' lang='lat' dir='ltr'><strong>aequius</strong></span> <span class='ocrx_word' id='word_1_219' title='bbox 739 3980 839 4037; x_wconf 89' lang='lat' dir='ltr'><strong>est,</strong></span> <span class='ocrx_word' id='word_1_220' title='bbox 869 3979 929 4024; x_wconf 91' lang='lat' dir='ltr'><strong>ut</strong></span> <span class='ocrx_word' id='word_1_221' title='bbox 955 3977 1256 4023; x_wconf 87' lang='lat' dir='ltr'><strong>sanctorum</strong></span> <span class='ocrx_word' id='word_1_222' title='bbox 1287 3965 1583 4022; x_wconf 84' lang='lat' dir='ltr'><strong>festivitatis</strong></span> <span class='ocrx_word' id='word_1_223' title='bbox 1609 3964 1898 4020; x_wconf 83' lang='lat' dir='ltr'><strong>celebratio</strong></span> 
     </span>
    </p>
   </div>
   <div class='ocr_carea' id='block_1_25' title="bbox 318 4055 1898 4128">
    <p class='ocr_par' dir='ltr' id='par_1_25' title="bbox 318 4055 1898 4128">
     <span class='ocr_line' id='line_1_25' title="bbox 318 4055 1898 4128; baseline -0.006 -9"><span class='ocrx_word' id='word_1_224' title='bbox 318 4066 464 4121; x_wconf 82' lang='lat' dir='ltr'><strong>nobis</strong></span> <span class='ocrx_word' id='word_1_225' title='bbox 489 4065 792 4121; x_wconf 85' lang='lat' dir='ltr'><strong>satietatem</strong></span> <span class='ocrx_word' id='word_1_226' title='bbox 833 4072 887 4119; x_wconf 90' lang='lat' dir='ltr'><strong>et</strong></span> <span class='ocrx_word' id='word_1_227' title='bbox 932 4061 1201 4117; x_wconf 81' lang='lat' dir='ltr'><strong>fastidium</strong></span> <span class='ocrx_word' id='word_1_228' title='bbox 1240 4072 1527 4128; x_wconf 88' lang='lat' dir='ltr'><strong>numquam</strong></span> <span class='ocrx_word' id='word_1_229' title='bbox 1557 4056 1748 4126; x_wconf 89' lang='lat' dir='ltr'><strong>pariat.</strong></span> <span class='ocrx_word' id='word_1_230' title='bbox 1786 4055 1898 4110; x_wconf 91' lang='lat' dir='ltr'><strong>Illic</strong></span> 
     </span>
    </p>
   </div>
   <div class='ocr_carea' id='block_1_26' title="bbox 316 4147 1897 4228">
    <p class='ocr_par' dir='ltr' id='par_1_26' title="bbox 316 4147 1897 4228">
     <span class='ocr_line' id='line_1_26' title="bbox 316 4147 1897 4228; baseline -0.006 -17"><span class='ocrx_word' id='word_1_231' title='bbox 316 4171 502 4228; x_wconf 89' lang='lat' dir='ltr'><strong>pompa</strong></span> <span class='ocrx_word' id='word_1_232' title='bbox 533 4163 620 4211; x_wconf 89' lang='lat' dir='ltr'><strong>est</strong></span> <span class='ocrx_word' id='word_1_233' title='bbox 660 4154 917 4209; x_wconf 84' lang='lat' dir='ltr'><strong>diabolica</strong></span> <span class='ocrx_word' id='word_1_234' title='bbox 943 4195 957 4220; x_wconf 92' lang='lat'><strong>,</strong></span> <span class='ocrx_word' id='word_1_235' title='bbox 988 4152 1074 4207; x_wconf 91' lang='lat' dir='ltr'><strong>hic</strong></span> <span class='ocrx_word' id='word_1_236' title='bbox 1119 4149 1373 4205; x_wconf 81' lang='lat' dir='ltr'><strong>festivitas</strong></span> <span class='ocrx_word' id='word_1_237' title='bbox 1411 4147 1712 4203; x_wconf 89' lang='lat' dir='ltr'><strong>Christiana</strong></span> <span class='ocrx_word' id='word_1_238' title='bbox 1743 4164 1758 4202; x_wconf 88' lang='lat'><strong>:</strong></span> <span class='ocrx_word' id='word_1_239' title='bbox 1791 4147 1897 4201; x_wconf 90' lang='lat' dir='ltr'><strong>illic</strong></span> 
     </span>
    </p>
   </div>
   <div class='ocr_carea' id='block_1_27' title="bbox 316 4237 1896 4312">
    <p class='ocr_par' dir='ltr' id='par_1_27' title="bbox 316 4237 1896 4312">
     <span class='ocr_line' id='line_1_27' title="bbox 316 4237 1896 4312; baseline -0.006 -11"><span class='ocrx_word' id='word_1_240' title='bbox 316 4250 579 4303; x_wconf 80' lang='lat' dir='ltr'><strong>exsultant</strong></span> <span class='ocrx_word' id='word_1_241' title='bbox 605 4246 877 4302; x_wconf 69' lang='lat' dir='ltr'><strong>dtemones</strong></span> <span class='ocrx_word' id='word_1_242' title='bbox 898 4285 912 4308; x_wconf 90' lang='lat'><strong>,</strong></span> <span class='ocrx_word' id='word_1_243' title='bbox 944 4244 1031 4298; x_wconf 89' lang='lat' dir='ltr'><strong>hic</strong></span> <span class='ocrx_word' id='word_1_244' title='bbox 1054 4241 1230 4312; x_wconf 82' lang='lat' dir='ltr'><strong>angeli</strong></span> <span class='ocrx_word' id='word_1_245' title='bbox 1259 4240 1488 4296; x_wconf 88' lang='lat' dir='ltr'><strong>choreas</strong></span> <span class='ocrx_word' id='word_1_246' title='bbox 1517 4237 1756 4294; x_wconf 89' lang='lat' dir='ltr'><strong>ducunt:</strong></span> <span class='ocrx_word' id='word_1_247' title='bbox 1786 4237 1896 4292; x_wconf 90' lang='lat' dir='ltr'><strong>illic</strong></span> 
     </span>
    </p>
   </div>
   <div class='ocr_carea' id='block_1_28' title="bbox 318 4329 1896 4409">
    <p class='ocr_par' dir='ltr' id='par_1_28' title="bbox 318 4329 1896 4409">
     <span class='ocr_line' id='line_1_28' title="bbox 318 4329 1896 4409; baseline -0.006 -17"><span class='ocrx_word' id='word_1_248' title='bbox 318 4340 612 4395; x_wconf 86' lang='lat' dir='ltr'><strong>animarum</strong></span> <span class='ocrx_word' id='word_1_249' title='bbox 653 4337 953 4409; x_wconf 81' lang='lat' dir='ltr'><strong>pernicies,</strong></span> <span class='ocrx_word' id='word_1_250' title='bbox 985 4335 1071 4392; x_wconf 91' lang='lat' dir='ltr'><strong>hic</strong></span> <span class='ocrx_word' id='word_1_251' title='bbox 1113 4336 1256 4390; x_wconf 91' lang='lat' dir='ltr'><strong>salus</strong></span> <span class='ocrx_word' id='word_1_252' title='bbox 1284 4349 1468 4388; x_wconf 90' lang='lat' dir='ltr'><strong>eorum</strong></span> <span class='ocrx_word' id='word_1_253' title='bbox 1499 4332 1733 4387; x_wconf 90' lang='lat' dir='ltr'><strong>omnium</strong></span> <span class='ocrx_word' id='word_1_254' title='bbox 1758 4371 1773 4396; x_wconf 93' lang='lat'><strong>,</strong></span> <span class='ocrx_word' id='word_1_255' title='bbox 1806 4329 1896 4400; x_wconf 91' lang='lat' dir='ltr'><strong>qui</strong></span> 
     </span>
    </p>
   </div>
   <div class='ocr_carea' id='block_1_29' title="bbox 319 4423 1897 4504">
    <p class='ocr_par' dir='ltr' id='par_1_29' title="bbox 319 4423 1897 4504">
     <span class='ocr_line' id='line_1_29' title="bbox 319 4423 1897 4504; baseline -0.004 -22"><span class='ocrx_word' id='word_1_256' title='bbox 319 4442 725 4504; x_wconf 78' lang='lat' dir='ltr'><strong>congregantur.</strong></span> <span class='ocrx_word' id='word_1_257' title='bbox 757 4433 823 4485; x_wconf 82' lang='lat' dir='ltr'><strong>At</strong></span> <span class='ocrx_word' id='word_1_258' title='bbox 863 4429 1064 4483; x_wconf 86' lang='lat' dir='ltr'><strong>habent</strong></span> <span class='ocrx_word' id='word_1_259' title='bbox 1102 4427 1189 4481; x_wconf 89' lang='lat' dir='ltr'><strong>illa</strong></span> <span class='ocrx_word' id='word_1_260' title='bbox 1218 4425 1498 4496; x_wconf 86' lang='lat' dir='ltr'><strong>quamdam</strong></span> <span class='ocrx_word' id='word_1_261' title='bbox 1525 4423 1897 4493; x_wconf 85' lang='lat' dir='ltr'><strong>voluptatem?</strong></span> 
     </span>
    </p>
   </div>
   <div class='ocr_carea' id='block_1_30' title="bbox 318 4519 1892 4592">
    <p class='ocr_par' dir='ltr' id='par_1_30' title="bbox 318 4519 1892 4592">
     <span class='ocr_line' id='line_1_30' title="bbox 318 4519 1892 4592; baseline -0.006 -16"><span class='ocrx_word' id='word_1_262' title='bbox 318 4521 428 4578; x_wconf 83' lang='lat' dir='ltr'><strong>Non</strong></span> <span class='ocrx_word' id='word_1_263' title='bbox 455 4542 586 4582; x_wconf 90' lang='lat' dir='ltr'><strong>sane</strong></span> <span class='ocrx_word' id='word_1_264' title='bbox 616 4533 816 4580; x_wconf 88' lang='lat' dir='ltr'><strong>tantam</strong></span> <span class='ocrx_word' id='word_1_265' title='bbox 843 4566 858 4590; x_wconf 89' lang='lat'><strong>,</strong></span> <span class='ocrx_word' id='word_1_266' title='bbox 882 4530 1134 4592; x_wconf 85' lang='lat' dir='ltr'><strong>quantam</strong></span> <span class='ocrx_word' id='word_1_267' title='bbox 1163 4519 1281 4574; x_wconf 89' lang='lat' dir='ltr'><strong>ista.</strong></span> <span class='ocrx_word' id='word_1_268' title='bbox 1312 4519 1441 4588; x_wconf 83' lang='lat' dir='ltr'><strong>Quae</strong></span> <span class='ocrx_word' id='word_1_269' title='bbox 1467 4519 1606 4574; x_wconf 90' lang='lat' dir='ltr'><strong>enim</strong></span> <span class='ocrx_word' id='word_1_270' title='bbox 1630 4559 1644 4583; x_wconf 95' lang='lat'><strong>,</strong></span> <span class='ocrx_word' id='word_1_271' title='bbox 1677 4531 1857 4586; x_wconf 79' lang='lat' dir='ltr'><strong>qumsu</strong></span> <span class='ocrx_word' id='word_1_272' title='bbox 1877 4557 1892 4581; x_wconf 90' lang='lat'><strong>,</strong></span> 
     </span>
    </p>
   </div>
   <div class='ocr_carea' id='block_1_31' title="bbox 317 4611 1896 4686">
    <p class='ocr_par' dir='ltr' id='par_1_31' title="bbox 317 4611 1896 4686">
     <span class='ocr_line' id='line_1_31' title="bbox 317 4611 1896 4686; baseline -0.003 -22"><span class='ocrx_word' id='word_1_273' title='bbox 317 4615 558 4686; x_wconf 79' lang='lat' dir='ltr'><strong>voluptas</strong></span> <span class='ocrx_word' id='word_1_274' title='bbox 605 4626 806 4671; x_wconf 88' lang='lat' dir='ltr'><strong>temere</strong></span> <span class='ocrx_word' id='word_1_275' title='bbox 853 4622 908 4669; x_wconf 91' lang='lat' dir='ltr'><strong>et</strong></span> <span class='ocrx_word' id='word_1_276' title='bbox 949 4626 1163 4682; x_wconf 91' lang='lat' dir='ltr'><strong>quoquo</strong></span> <span class='ocrx_word' id='word_1_277' title='bbox 1205 4611 1364 4666; x_wconf 91' lang='lat' dir='ltr'><strong>modo</strong></span> <span class='ocrx_word' id='word_1_278' title='bbox 1413 4618 1691 4665; x_wconf 89' lang='lat' dir='ltr'><strong>currentes</strong></span> <span class='ocrx_word' id='word_1_279' title='bbox 1731 4621 1896 4674; x_wconf 84' lang='lat' dir='ltr'><strong>equos</strong></span> 
     </span>
    </p>
   </div>
   <div class='ocr_carea' id='block_1_32' title="bbox 318 4691 1894 4772">
    <p class='ocr_par' dir='ltr' id='par_1_32' title="bbox 318 4691 1894 4772">
     <span class='ocr_line' id='line_1_32' title="bbox 318 4691 1894 4772; baseline -0.004 -16"><span class='ocrx_word' id='word_1_280' title='bbox 318 4707 575 4762; x_wconf 79' lang='lat' dir='ltr'><strong>cernere?</strong></span> <span class='ocrx_word' id='word_1_281' title='bbox 620 4705 709 4760; x_wconf 89' lang='lat' dir='ltr'><strong>hic</strong></span> <span class='ocrx_word' id='word_1_282' title='bbox 737 4719 866 4760; x_wconf 89' lang='lat' dir='ltr'><strong>vero</strong></span> <span class='ocrx_word' id='word_1_283' title='bbox 895 4719 1002 4758; x_wconf 89' lang='lat' dir='ltr'><strong>non</strong></span> <span class='ocrx_word' id='word_1_284' title='bbox 1041 4703 1227 4772; x_wconf 88' lang='lat' dir='ltr'><strong>jugum</strong></span> <span class='ocrx_word' id='word_1_285' title='bbox 1263 4701 1542 4756; x_wconf 86' lang='lat' dir='ltr'><strong>brutorum</strong></span> <span class='ocrx_word' id='word_1_286' title='bbox 1586 4691 1894 4752; x_wconf 88' lang='lat' dir='ltr'><strong>animalium</strong></span> 
     </span>
    </p>
   </div>
   <div class='ocr_carea' id='block_1_33' title="bbox 319 4786 1894 4866">
    <p class='ocr_par' dir='ltr' id='par_1_33' title="bbox 319 4786 1894 4866">
     <span class='ocr_line' id='line_1_33' title="bbox 319 4786 1894 4866; baseline -0.004 -19"><span class='ocrx_word' id='word_1_287' title='bbox 319 4805 521 4861; x_wconf 81' lang='lat' dir='ltr'><strong>spectas</strong></span> <span class='ocrx_word' id='word_1_288' title='bbox 546 4840 562 4864; x_wconf 91' lang='lat'><strong>,</strong></span> <span class='ocrx_word' id='word_1_289' title='bbox 605 4796 698 4851; x_wconf 89' lang='lat' dir='ltr'><strong>sed</strong></span> <span class='ocrx_word' id='word_1_290' title='bbox 739 4803 1030 4866; x_wconf 89' lang='lat' dir='ltr'><strong>martyrum</strong></span> <span class='ocrx_word' id='word_1_291' title='bbox 1073 4791 1219 4847; x_wconf 91' lang='lat' dir='ltr'><strong>mille</strong></span> <span class='ocrx_word' id='word_1_292' title='bbox 1258 4805 1486 4857; x_wconf 88' lang='lat' dir='ltr'><strong>currus,</strong></span> <span class='ocrx_word' id='word_1_293' title='bbox 1516 4796 1571 4844; x_wconf 93' lang='lat' dir='ltr'><strong>et</strong></span> <span class='ocrx_word' id='word_1_294' title='bbox 1609 4787 1773 4844; x_wconf 91' lang='lat' dir='ltr'><strong>Deum</strong></span> <span class='ocrx_word' id='word_1_295' title='bbox 1803 4786 1894 4856; x_wconf 91' lang='lat' dir='ltr'><strong>qui</strong></span> 
     </span>
    </p>
   </div>
   <div class='ocr_carea' id='block_1_34' title="bbox 319 4880 1898 4958">
    <p class='ocr_par' dir='ltr' id='par_1_34' title="bbox 319 4880 1898 4958">
     <span class='ocr_line' id='line_1_34' title="bbox 319 4880 1898 4958; baseline -0.003 -18"><span class='ocrx_word' id='word_1_296' title='bbox 319 4890 558 4944; x_wconf 89' lang='lat' dir='ltr'><strong>curribus</strong></span> <span class='ocrx_word' id='word_1_297' title='bbox 587 4890 703 4945; x_wconf 88' lang='lat' dir='ltr'><strong>istis</strong></span> <span class='ocrx_word' id='word_1_298' title='bbox 735 4886 981 4958; x_wconf 74' lang='lat' dir='ltr'><strong>praesidet</strong></span> <span class='ocrx_word' id='word_1_299' title='bbox 1005 4929 1019 4952; x_wconf 91' lang='lat'><strong>,</strong></span> <span class='ocrx_word' id='word_1_300' title='bbox 1047 4895 1208 4958; x_wconf 89' lang='lat' dir='ltr'><strong>atque</strong></span> <span class='ocrx_word' id='word_1_301' title='bbox 1246 4885 1296 4938; x_wconf 92' lang='lat' dir='ltr'><strong>in</strong></span> <span class='ocrx_word' id='word_1_302' title='bbox 1328 4880 1516 4939; x_wconf 73' lang='lat' dir='ltr'><strong>émlum</strong></span> <span class='ocrx_word' id='word_1_303' title='bbox 1545 4884 1645 4937; x_wconf 84' lang='lat' dir='ltr'><strong>iter</strong></span> <span class='ocrx_word' id='word_1_304' title='bbox 1672 4882 1798 4952; x_wconf 89' lang='lat' dir='ltr'><strong>agit.</strong></span> <span class='ocrx_word' id='word_1_305' title='bbox 1826 4880 1898 4937; x_wconf 90' lang='lat' dir='ltr'><strong>Ut</strong></span> 
     </span>
    </p>
   </div>
   <div class='ocr_carea' id='block_1_35' title="bbox 320 4975 1893 5051">
    <p class='ocr_par' dir='ltr' id='par_1_35' title="bbox 320 4975 1893 5051">
     <span class='ocr_line' id='line_1_35' title="bbox 320 4975 1893 5051; baseline -0.003 -20"><span class='ocrx_word' id='word_1_306' title='bbox 320 4979 458 5035; x_wconf 89' lang='lat' dir='ltr'><strong>enim</strong></span> <span class='ocrx_word' id='word_1_307' title='bbox 490 4982 756 5051; x_wconf 70' lang='lat' dir='ltr'><strong>intelligas</strong></span> <span class='ocrx_word' id='word_1_308' title='bbox 793 4990 1097 5036; x_wconf 89' lang='lat' dir='ltr'><strong>sanctorum</strong></span> <span class='ocrx_word' id='word_1_309' title='bbox 1129 4976 1334 5032; x_wconf 85' lang='lat' dir='ltr'><strong>animas</strong></span> <span class='ocrx_word' id='word_1_310' title='bbox 1373 4975 1470 5032; x_wconf 88' lang='lat' dir='ltr'><strong>Dei</strong></span> <span class='ocrx_word' id='word_1_311' title='bbox 1499 4989 1712 5029; x_wconf 90' lang='lat' dir='ltr'><strong>currum</strong></span> <span class='ocrx_word' id='word_1_312' title='bbox 1739 4987 1893 5038; x_wconf 90' lang='lat' dir='ltr'><strong>esse,</strong></span> 
     </span>
    </p>
   </div>
   <div class='ocr_carea' id='block_1_36' title="bbox 320 5063 1897 5144">
    <p class='ocr_par' dir='ltr' id='par_1_36' title="bbox 320 5063 1897 5144">
     <span class='ocr_line' id='line_1_36' title="bbox 320 5063 1897 5144; baseline -0.004 -22"><span class='ocrx_word' id='word_1_313' title='bbox 320 5070 437 5126; x_wconf 91' lang='lat' dir='ltr'><strong>audi</strong></span> <span class='ocrx_word' id='word_1_314' title='bbox 466 5073 777 5144; x_wconf 85' lang='lat' dir='ltr'><strong>prophetam</strong></span> <span class='ocrx_word' id='word_1_315' title='bbox 802 5073 1064 5128; x_wconf 86' lang='lat' dir='ltr'><strong>dicentem</strong></span> <span class='ocrx_word' id='word_1_316' title='bbox 1101 5087 1112 5124; x_wconf 91' lang='lat'>:</span> <span class='ocrx_word' id='word_1_317' title='bbox 1147 5069 1335 5124; x_wconf 72' lang='lat' dir='ltr'><strong>Curras</strong></span> <span class='ocrx_word' id='word_1_318' title='bbox 1363 5065 1457 5121; x_wconf 87' lang='lat' dir='ltr'><strong>Dei</strong></span> <span class='ocrx_word' id='word_1_319' title='bbox 1483 5065 1651 5121; x_wconf 86' lang='lat' dir='ltr'><strong>decem</strong></span> <span class='ocrx_word' id='word_1_320' title='bbox 1676 5063 1897 5118; x_wconf 86' lang='lat' dir='ltr'><strong>millibus</strong></span> 
     </span>
    </p>
   </div>
   <div class='ocr_carea' id='block_1_37' title="bbox 321 5153 1896 5234">
    <p class='ocr_par' dir='ltr' id='par_1_37' title="bbox 321 5153 1896 5234">
     <span class='ocr_line' id='line_1_37' title="bbox 321 5153 1896 5234; baseline -0.001 -23"><span class='ocrx_word' id='word_1_321' title='bbox 321 5163 600 5234; x_wconf 74' lang='lat' dir='ltr'><strong>multiplex,</strong></span> <span class='ocrx_word' id='word_1_322' title='bbox 627 5165 786 5220; x_wconf 84' lang='lat' dir='ltr'><strong>millia</strong></span> <span class='ocrx_word' id='word_1_323' title='bbox 799 5164 1082 5221; x_wconf 70' lang='lat' dir='ltr'><strong>laetantium</strong></span> <span class='ocrx_word' id='word_1_324' title='bbox 1107 5159 1277 5234; x_wconf 81' lang='lat' dir='ltr'><strong>(Psal.</strong></span> <span class='ocrx_word' id='word_1_325' title='bbox 1308 5159 1395 5214; x_wconf 84' lang='lat'><strong>67.</strong></span> <span class='ocrx_word' id='word_1_326' title='bbox 1426 5158 1492 5213; x_wconf 73' lang='grc'><strong>18</strong></span> <span class='ocrx_word' id='word_1_327' title='bbox 1511 5157 1552 5228; x_wconf 92' lang='grc'><strong>).</strong></span> <span class='ocrx_word' id='word_1_328' title='bbox 1581 5155 1731 5223; x_wconf 84' lang='lat' dir='ltr'><strong>Quod</strong></span> <span class='ocrx_word' id='word_1_329' title='bbox 1753 5153 1896 5209; x_wconf 90' lang='lat' dir='ltr'><strong>enim</strong></span> 
     </span>
    </p>
   </div>
   <div class='ocr_carea' id='block_1_38' title="bbox 321 5249 1896 5321">
    <p class='ocr_par' dir='ltr' id='par_1_38' title="bbox 321 5249 1896 5321">
     <span class='ocr_line' id='line_1_38' title="bbox 321 5249 1896 5321; baseline -0.006 -12"><span class='ocrx_word' id='word_1_330' title='bbox 321 5256 561 5321; x_wconf 85' lang='lat' dir='ltr'><strong>supernis</strong></span> <span class='ocrx_word' id='word_1_331' title='bbox 588 5256 869 5311; x_wconf 84' lang='lat' dir='ltr'><strong>virtutibus</strong></span> <span class='ocrx_word' id='word_1_332' title='bbox 891 5254 1033 5309; x_wconf 89' lang='lat' dir='ltr'><strong>dono</strong></span> <span class='ocrx_word' id='word_1_333' title='bbox 1060 5252 1222 5316; x_wconf 89' lang='lat' dir='ltr'><strong>dedit,</strong></span> <span class='ocrx_word' id='word_1_334' title='bbox 1255 5249 1356 5306; x_wconf 78' lang='lat' dir='ltr'><strong>h’oc</strong></span> <span class='ocrx_word' id='word_1_335' title='bbox 1383 5259 1437 5306; x_wconf 90' lang='lat' dir='ltr'><strong>et</strong></span> <span class='ocrx_word' id='word_1_336' title='bbox 1477 5255 1679 5303; x_wconf 85' lang='lat' dir='ltr'><strong>naturae</strong></span> <span class='ocrx_word' id='word_1_337' title='bbox 1702 5254 1896 5301; x_wconf 73' lang='lat' dir='ltr'><strong>nostra:</strong></span> 
     </span>
    </p>
   </div>
   <div class='ocr_carea' id='block_1_39' title="bbox 323 5337 1893 5417">
    <p class='ocr_par' dir='ltr' id='par_1_39' title="bbox 323 5337 1893 5417">
     <span class='ocr_line' id='line_1_39' title="bbox 323 5337 1893 5417; baseline -0.003 -21"><span class='ocrx_word' id='word_1_338' title='bbox 323 5338 535 5413; x_wconf 80' lang='lat' dir='ltr'><strong>largitus</strong></span> <span class='ocrx_word' id='word_1_339' title='bbox 558 5356 658 5403; x_wconf 91' lang='lat' dir='ltr'><strong>est.</strong></span> <span class='ocrx_word' id='word_1_340' title='bbox 679 5347 852 5417; x_wconf 90' lang='lat' dir='ltr'><strong>Super</strong></span> <span class='ocrx_word' id='word_1_341' title='bbox 867 5345 1152 5401; x_wconf 83' lang='lat' dir='ltr'><strong>Cherubim</strong></span> <span class='ocrx_word' id='word_1_342' title='bbox 1180 5342 1351 5409; x_wconf 87' lang='lat' dir='ltr'><strong>sedet,</strong></span> <span class='ocrx_word' id='word_1_343' title='bbox 1379 5341 1516 5396; x_wconf 90' lang='lat' dir='ltr'><strong>sicut</strong></span> <span class='ocrx_word' id='word_1_344' title='bbox 1544 5339 1619 5394; x_wconf 90' lang='lat' dir='ltr'><strong>ait</strong></span> <span class='ocrx_word' id='word_1_345' title='bbox 1638 5337 1893 5408; x_wconf 90' lang='lat' dir='ltr'><strong>psalmus,</strong></span> 
     </span>
    </p>
   </div>
   <div class='ocr_carea' id='block_1_40' title="bbox 323 5427 1898 5510">
    <p class='ocr_par' dir='ltr' id='par_1_40' title="bbox 323 5427 1898 5510">
     <span class='ocr_line' id='line_1_40' title="bbox 323 5427 1898 5510; baseline -0.001 -28"><span class='ocrx_word' id='word_1_346' title='bbox 323 5430 551 5490; x_wconf 77' lang='lat' dir='ltr'><strong>Ascendit</strong></span> <span class='ocrx_word' id='word_1_347' title='bbox 581 5455 729 5510; x_wconf 85' lang='lat' dir='ltr'><strong>super</strong></span> <span class='ocrx_word' id='word_1_348' title='bbox 756 5436 1022 5493; x_wconf 85' lang='lat' dir='ltr'><strong>Cherubim</strong></span> <span class='ocrx_word' id='word_1_349' title='bbox 1052 5445 1096 5490; x_wconf 87' lang='lat' dir='ltr'><strong>et</strong></span> <span class='ocrx_word' id='word_1_350' title='bbox 1124 5433 1306 5490; x_wconf 81' lang='lat' dir='ltr'><strong>volavit</strong></span> <span class='ocrx_word' id='word_1_351' title='bbox 1339 5430 1520 5504; x_wconf 86' lang='lat' dir='ltr'><strong>(Psal.</strong></span> <span class='ocrx_word' id='word_1_352' title='bbox 1553 5430 1641 5485; x_wconf 74' lang='lat' dir='ltr'><strong>l7.</strong></span> <span class='ocrx_word' id='word_1_353' title='bbox 1671 5427 1769 5500; x_wconf 82' lang='lat' dir='ltr'><strong>ll)</strong></span> <span class='ocrx_word' id='word_1_354' title='bbox 1801 5446 1814 5482; x_wconf 90' lang='lat'><strong>:</strong></span> <span class='ocrx_word' id='word_1_355' title='bbox 1843 5433 1898 5482; x_wconf 91' lang='lat' dir='ltr'><strong>et</strong></span> 
     </span>
    </p>
   </div>
   <div class='ocr_carea' id='block_1_41' title="bbox 325 5520 1898 5601">
    <p class='ocr_par' dir='ltr' id='par_1_41' title="bbox 325 5520 1898 5601">
     <span class='ocr_line' id='line_1_41' title="bbox 325 5520 1898 5601; baseline -0.004 -22"><span class='ocrx_word' id='word_1_356' title='bbox 325 5536 528 5593; x_wconf 86' lang='lat' dir='ltr'><strong>rursus,</strong></span> <span class='ocrx_word' id='word_1_357' title='bbox 563 5530 662 5596; x_wconf 84' lang='lat' dir='ltr'><strong>Qui</strong></span> <span class='ocrx_word' id='word_1_358' title='bbox 685 5531 826 5585; x_wconf 81' lang='lat' dir='ltr'><strong>sedes</strong></span> <span class='ocrx_word' id='word_1_359' title='bbox 863 5546 1013 5601; x_wconf 86' lang='lat' dir='ltr'><strong>super</strong></span> <span class='ocrx_word' id='word_1_360' title='bbox 1039 5526 1301 5583; x_wconf 72' lang='lat' dir='ltr'><strong>Cherubin:</strong></span> <span class='ocrx_word' id='word_1_361' title='bbox 1327 5568 1341 5592; x_wconf 92' lang='lat'><strong>,</strong></span> <span class='ocrx_word' id='word_1_362' title='bbox 1374 5533 1418 5578; x_wconf 87' lang='lat' dir='ltr'><strong>et</strong></span> <span class='ocrx_word' id='word_1_363' title='bbox 1457 5523 1667 5578; x_wconf 81' lang='lat' dir='ltr'><strong>intueris</strong></span> <span class='ocrx_word' id='word_1_364' title='bbox 1693 5520 1898 5592; x_wconf 85' lang='lat' dir='ltr'><strong>abyssos</strong></span> 
     </span>
    </p>
   </div>
   <div class='ocr_carea' id='block_1_42' title="bbox 326 5611 1898 5694">
    <p class='ocr_par' dir='ltr' id='par_1_42' title="bbox 326 5611 1898 5694">
     <span class='ocr_line' id='line_1_42' title="bbox 326 5611 1898 5694; baseline -0.006 -18"><span class='ocrx_word' id='word_1_365' title='bbox 326 5611 344 5676; x_wconf 89' lang='lat'><strong>(</strong></span> <span class='ocrx_word' id='word_1_366' title='bbox 369 5612 497 5673; x_wconf 86' lang='lat' dir='ltr'><strong>Dan.</strong></span> <span class='ocrx_word' id='word_1_367' title='bbox 528 5620 580 5675; x_wconf 78' lang='lat'><strong>3.</strong></span> <span class='ocrx_word' id='word_1_368' title='bbox 612 5621 740 5694; x_wconf 84' lang='lat'><strong>55).</strong></span> <span class='ocrx_word' id='word_1_369' title='bbox 771 5621 883 5676; x_wconf 88' lang='lat' dir='ltr'><strong>lloc</strong></span> <span class='ocrx_word' id='word_1_370' title='bbox 919 5621 1076 5676; x_wconf 87' lang='lat' dir='ltr'><strong>etiam</strong></span> <span class='ocrx_word' id='word_1_371' title='bbox 1116 5617 1270 5673; x_wconf 89' lang='lat' dir='ltr'><strong>nobis</strong></span> <span class='ocrx_word' id='word_1_372' title='bbox 1310 5629 1497 5671; x_wconf 86' lang='lat' dir='ltr'><strong>rursus</strong></span> <span class='ocrx_word' id='word_1_373' title='bbox 1523 5612 1745 5668; x_wconf 85' lang='lat' dir='ltr'><strong>contulit</strong></span> <span class='ocrx_word' id='word_1_374' title='bbox 1773 5629 1784 5664; x_wconf 93' lang='lat'>:</span> <span class='ocrx_word' id='word_1_375' title='bbox 1813 5625 1898 5666; x_wconf 84' lang='lat' dir='ltr'><strong>se-</strong></span> 
     </span>
    </p>
   </div>
   <div class='ocr_carea' id='block_1_43' title="bbox 325 5699 1898 5780">
    <p class='ocr_par' dir='ltr' id='par_1_43' title="bbox 325 5699 1898 5780">
     <span class='ocr_line' id='line_1_43' title="bbox 325 5699 1898 5780; baseline 0.002 -26"><span class='ocrx_word' id='word_1_376' title='bbox 325 5699 407 5757; x_wconf 85' lang='lat' dir='ltr'><strong>det</strong></span> <span class='ocrx_word' id='word_1_377' title='bbox 434 5721 589 5780; x_wconf 83' lang='lat' dir='ltr'><strong>super</strong></span> <span class='ocrx_word' id='word_1_378' title='bbox 618 5714 734 5770; x_wconf 77' lang='lat' dir='ltr'><strong>iilos</strong></span> <span class='ocrx_word' id='word_1_379' title='bbox 758 5754 770 5780; x_wconf 94' lang='lat'><strong>,</strong></span> <span class='ocrx_word' id='word_1_380' title='bbox 799 5713 852 5767; x_wconf 91' lang='lat' dir='ltr'><strong>in</strong></span> <span class='ocrx_word' id='word_1_381' title='bbox 899 5711 1050 5767; x_wconf 87' lang='lat' dir='ltr'><strong>nobis</strong></span> <span class='ocrx_word' id='word_1_382' title='bbox 1076 5708 1274 5768; x_wconf 88' lang='lat' dir='ltr'><strong>habitat</strong></span> <span class='ocrx_word' id='word_1_383' title='bbox 1319 5724 1331 5762; x_wconf 92' lang='lat'>:</span> <span class='ocrx_word' id='word_1_384' title='bbox 1367 5703 1665 5760; x_wconf 86' lang='lat' dir='ltr'><strong>lnhabitabo</strong></span> <span class='ocrx_word' id='word_1_385' title='bbox 1693 5703 1825 5759; x_wconf 85' lang='lat' dir='ltr'><strong>enim</strong></span> <span class='ocrx_word' id='word_1_386' title='bbox 1850 5711 1898 5758; x_wconf 85' lang='lat' dir='ltr'><strong>et</strong></span> 
     </span>
    </p>
   </div>
   <div class='ocr_carea' id='block_1_44' title="bbox 1993 3505 3573 3589">
    <p class='ocr_par' dir='ltr' id='par_1_44' title="bbox 1993 3505 3573 3589">
     <span class='ocr_line' id='line_1_44' title="bbox 1993 3505 3573 3589; baseline 0.011 -31"><span class='ocrx_word' id='word_1_387' title='bbox 1993 3505 2316 3558; x_wconf 84' lang='lat' dir='ltr'><strong>inambulabo</strong></span> <span class='ocrx_word' id='word_1_388' title='bbox 2343 3507 2395 3560; x_wconf 84' lang='lat' dir='ltr'><strong>in</strong></span> <span class='ocrx_word' id='word_1_389' title='bbox 2437 3508 2572 3562; x_wconf 80' lang='lat' dir='ltr'><strong>vobis</strong></span> <span class='ocrx_word' id='word_1_390' title='bbox 2601 3507 2756 3580; x_wconf 80' lang='lat' dir='ltr'><strong>(Leu.</strong></span> <span class='ocrx_word' id='word_1_391' title='bbox 2788 3509 2878 3564; x_wconf 77' lang='lat'><strong>9.6.</strong></span> <span class='ocrx_word' id='word_1_392' title='bbox 2927 3509 2992 3565; x_wconf 71' lang='lat'><strong>12</strong></span> <span class='ocrx_word' id='word_1_393' title='bbox 3019 3522 3062 3564; x_wconf 87' lang='lat' dir='ltr'><strong>et</strong></span> <span class='ocrx_word' id='word_1_394' title='bbox 3103 3513 3158 3566; x_wconf 76' lang='grc'><strong>2.</strong></span> <span class='ocrx_word' id='word_1_395' title='bbox 3200 3513 3318 3569; x_wconf 89' lang='lat' dir='ltr'><strong>Cor.</strong></span> <span class='ocrx_word' id='word_1_396' title='bbox 3362 3516 3414 3571; x_wconf 84' lang='lat'><strong>6.</strong></span> <span class='ocrx_word' id='word_1_397' title='bbox 3447 3519 3573 3589; x_wconf 74' lang='grc'><strong>16).</strong></span> 
     </span>
    </p>
   </div>
   <div class='ocr_carea' id='block_1_45' title="bbox 1997 3595 3582 3671">
    <p class='ocr_par' dir='ltr' id='par_1_45' title="bbox 1997 3595 3582 3671">
     <span class='ocr_line' id='line_1_45' title="bbox 1997 3595 3582 3671; baseline 0.01 -21"><span class='ocrx_word' id='word_1_398' title='bbox 1997 3597 2077 3651; x_wconf 92' lang='lat' dir='ltr'><strong>llli</strong></span> <span class='ocrx_word' id='word_1_399' title='bbox 2105 3595 2227 3650; x_wconf 81' lang='lat' dir='ltr'><strong>facti</strong></span> <span class='ocrx_word' id='word_1_400' title='bbox 2257 3606 2384 3652; x_wconf 85' lang='lat' dir='ltr'><strong>sunt</strong></span> <span class='ocrx_word' id='word_1_401' title='bbox 2407 3613 2616 3664; x_wconf 89' lang='lat' dir='ltr'><strong>currus,</strong></span> <span class='ocrx_word' id='word_1_402' title='bbox 2651 3613 2749 3655; x_wconf 88' lang='lat' dir='ltr'><strong>nos</strong></span> <span class='ocrx_word' id='word_1_403' title='bbox 2780 3604 3032 3671; x_wconf 88' lang='lat' dir='ltr'><strong>templum</strong></span> <span class='ocrx_word' id='word_1_404' title='bbox 3063 3603 3267 3660; x_wconf 81' lang='lat' dir='ltr'><strong>ﬁamus.</strong></span> <span class='ocrx_word' id='word_1_405' title='bbox 3305 3607 3464 3665; x_wconf 84' lang='lat' dir='ltr'><strong>Vides</strong></span> <span class='ocrx_word' id='word_1_406' title='bbox 3490 3628 3582 3666; x_wconf 88' lang='lat' dir='ltr'><strong>co-</strong></span> 
     </span>
    </p>
   </div>
   <div class='ocr_carea' id='block_1_46' title="bbox 1995 3688 3580 3775">
    <p class='ocr_par' dir='ltr' id='par_1_46' title="bbox 1995 3688 3580 3775">
     <span class='ocr_line' id='line_1_46' title="bbox 1995 3688 3580 3775; baseline 0.012 -34"><span class='ocrx_word' id='word_1_407' title='bbox 1995 3688 2299 3758; x_wconf 86' lang='lat' dir='ltr'><strong>gnationem</strong></span> <span class='ocrx_word' id='word_1_408' title='bbox 2327 3689 2592 3745; x_wconf 78' lang='lat' dir='ltr'><strong>honoris?</strong></span> <span class='ocrx_word' id='word_1_409' title='bbox 2620 3689 2796 3760; x_wconf 87' lang='lat' dir='ltr'><strong>vides,</strong></span> <span class='ocrx_word' id='word_1_410' title='bbox 2830 3709 2934 3763; x_wconf 89' lang='lat' dir='ltr'><strong>quo</strong></span> <span class='ocrx_word' id='word_1_411' title='bbox 2962 3705 3114 3764; x_wconf 91' lang='lat' dir='ltr'><strong>pacto</strong></span> <span class='ocrx_word' id='word_1_412' title='bbox 3144 3699 3435 3768; x_wconf 75' lang='lat' dir='ltr'><strong>pacificarit</strong></span> <span class='ocrx_word' id='word_1_413' title='bbox 3461 3720 3580 3775; x_wconf 68' lang='lat' dir='ltr'><strong>quae</strong></span> 
     </span>
    </p>
   </div>
   <div class='ocr_carea' id='block_1_47' title="bbox 1997 3779 3579 3865">
    <p class='ocr_par' dir='ltr' id='par_1_47' title="bbox 1997 3779 3579 3865">
     <span class='ocr_line' id='line_1_47' title="bbox 1997 3779 3579 3865; baseline 0.01 -31"><span class='ocrx_word' id='word_1_414' title='bbox 1997 3779 2050 3834; x_wconf 92' lang='lat' dir='ltr'><strong>in</strong></span> <span class='ocrx_word' id='word_1_415' title='bbox 2077 3779 2222 3861; x_wconf 45' lang='lat' dir='ltr'><strong>caelis</strong></span> <span class='ocrx_word' id='word_1_416' title='bbox 2259 3791 2414 3847; x_wconf 88' lang='lat' dir='ltr'><strong>sunt,</strong></span> <span class='ocrx_word' id='word_1_417' title='bbox 2442 3791 2497 3836; x_wconf 93' lang='lat' dir='ltr'><strong>et</strong></span> <span class='ocrx_word' id='word_1_418' title='bbox 2534 3798 2653 3853; x_wconf 62' lang='lat' dir='ltr'><strong>qua</strong></span> <span class='ocrx_word' id='word_1_419' title='bbox 2692 3784 2742 3838; x_wconf 92' lang='lat' dir='ltr'><strong>in</strong></span> <span class='ocrx_word' id='word_1_420' title='bbox 2775 3792 2915 3839; x_wconf 89' lang='lat' dir='ltr'><strong>terra</strong></span> <span class='ocrx_word' id='word_1_421' title='bbox 2945 3783 3091 3858; x_wconf 89' lang='lat' dir='ltr'><strong>(Col.</strong></span> <span class='ocrx_word' id='word_1_422' title='bbox 3135 3791 3188 3843; x_wconf 78' lang='grc'><strong>1.</strong></span> <span class='ocrx_word' id='word_1_423' title='bbox 3227 3789 3366 3864; x_wconf 77' lang='lat'><strong>20)?</strong></span> <span class='ocrx_word' id='word_1_424' title='bbox 3397 3794 3579 3865; x_wconf 79' lang='lat' dir='ltr'><strong>Itaque</strong></span> 
     </span>
    </p>
   </div>
   <div class='ocr_carea' id='block_1_48' title="bbox 1997 3871 3577 3954">
    <p class='ocr_par' dir='ltr' id='par_1_48' title="bbox 1997 3871 3577 3954">
     <span class='ocr_line' id='line_1_48' title="bbox 1997 3871 3577 3954; baseline 0.012 -30"><span class='ocrx_word' id='word_1_425' title='bbox 1997 3871 2130 3925; x_wconf 86' lang='lat' dir='ltr'><strong>nihil</strong></span> <span class='ocrx_word' id='word_1_426' title='bbox 2159 3871 2227 3926; x_wconf 91' lang='lat' dir='ltr'><strong>ab</strong></span> <span class='ocrx_word' id='word_1_427' title='bbox 2265 3873 2469 3942; x_wconf 78' lang='lat' dir='ltr'><strong>angelis</strong></span> <span class='ocrx_word' id='word_1_428' title='bbox 2505 3872 2800 3931; x_wconf 79' lang='lat' dir='ltr'><strong>differimus</strong></span> <span class='ocrx_word' id='word_1_429' title='bbox 2820 3918 2833 3940; x_wconf 93' lang='lat'><strong>,</strong></span> <span class='ocrx_word' id='word_1_430' title='bbox 2863 3877 2906 3930; x_wconf 86' lang='lat' dir='ltr'><strong>si</strong></span> <span class='ocrx_word' id='word_1_431' title='bbox 2945 3875 3190 3933; x_wconf 80' lang='lat' dir='ltr'><strong>velimus.</strong></span> <span class='ocrx_word' id='word_1_432' title='bbox 3222 3879 3326 3938; x_wconf 89' lang='lat' dir='ltr'><strong>Sed</strong></span> <span class='ocrx_word' id='word_1_433' title='bbox 3354 3884 3495 3954; x_wconf 87' lang='lat' dir='ltr'><strong>quod</strong></span> <span class='ocrx_word' id='word_1_434' title='bbox 3527 3890 3577 3944; x_wconf 91' lang='lat' dir='ltr'><strong>in</strong></span> 
     </span>
    </p>
   </div>
   <div class='ocr_carea' id='block_1_49' title="bbox 1994 3961 3586 4044">
    <p class='ocr_par' dir='ltr' id='par_1_49' title="bbox 1994 3961 3586 4044">
     <span class='ocr_line' id='line_1_49' title="bbox 1994 3961 3586 4044; baseline 0.012 -28"><span class='ocrx_word' id='word_1_435' title='bbox 1994 3961 2219 4017; x_wconf 81' lang='lat' dir='ltr'><strong>exordio</strong></span> <span class='ocrx_word' id='word_1_436' title='bbox 2254 3964 2518 4020; x_wconf 86' lang='lat' dir='ltr'><strong>sermonis</strong></span> <span class='ocrx_word' id='word_1_437' title='bbox 2561 3964 2824 4033; x_wconf 87' lang='lat' dir='ltr'><strong>dicebam,</strong></span> <span class='ocrx_word' id='word_1_438' title='bbox 2859 3967 2971 4022; x_wconf 90' lang='lat' dir='ltr'><strong>heri</strong></span> <span class='ocrx_word' id='word_1_439' title='bbox 3017 3979 3305 4042; x_wconf 85' lang='lat' dir='ltr'><strong>martyrum</strong></span> <span class='ocrx_word' id='word_1_440' title='bbox 3343 3975 3458 4031; x_wconf 88' lang='lat' dir='ltr'><strong>dies</strong></span> <span class='ocrx_word' id='word_1_441' title='bbox 3482 4021 3497 4044; x_wconf 93' lang='lat'><strong>,</strong></span> <span class='ocrx_word' id='word_1_442' title='bbox 3526 3989 3586 4035; x_wconf 85' lang='lat' dir='ltr'><strong>et</strong></span> 
     </span>
    </p>
   </div>
   <div class='ocr_carea' id='block_1_50' title="bbox 1996 4052 3572 4132">
    <p class='ocr_par' dir='ltr' id='par_1_50' title="bbox 1996 4052 3572 4132">
     <span class='ocr_line' id='line_1_50' title="bbox 1996 4052 3572 4132; baseline 0.01 -25"><span class='ocrx_word' id='word_1_443' title='bbox 1996 4052 2155 4108; x_wconf 83' lang='lat' dir='ltr'><strong>hodie</strong></span> <span class='ocrx_word' id='word_1_444' title='bbox 2181 4061 2472 4126; x_wconf 89' lang='lat' dir='ltr'><strong>martyrum</strong></span> <span class='ocrx_word' id='word_1_445' title='bbox 2498 4055 2644 4121; x_wconf 88' lang='lat' dir='ltr'><strong>dies,</strong></span> <span class='ocrx_word' id='word_1_446' title='bbox 2679 4071 2786 4112; x_wconf 89' lang='lat' dir='ltr'><strong>non</strong></span> <span class='ocrx_word' id='word_1_447' title='bbox 2813 4073 2995 4113; x_wconf 88' lang='lat' dir='ltr'><strong>eorum</strong></span> <span class='ocrx_word' id='word_1_448' title='bbox 3022 4061 3110 4130; x_wconf 91' lang='lat' dir='ltr'><strong>qui</strong></span> <span class='ocrx_word' id='word_1_449' title='bbox 3136 4061 3274 4132; x_wconf 90' lang='lat' dir='ltr'><strong>apud</strong></span> <span class='ocrx_word' id='word_1_450' title='bbox 3299 4080 3396 4121; x_wconf 90' lang='lat' dir='ltr'><strong>nos</strong></span> <span class='ocrx_word' id='word_1_451' title='bbox 3419 4076 3572 4131; x_wconf 88' lang='lat' dir='ltr'><strong>sunt.</strong></span> 
     </span>
    </p>
   </div>
   <div class='ocr_carea' id='block_1_51' title="bbox 1996 4147 3578 4228">
    <p class='ocr_par' dir='ltr' id='par_1_51' title="bbox 1996 4147 3578 4228">
     <span class='ocr_line' id='line_1_51' title="bbox 1996 4147 3578 4228; baseline 0.008 -26"><span class='ocrx_word' id='word_1_452' title='bbox 1996 4147 2090 4202; x_wconf 91' lang='lat' dir='ltr'><strong>sed</strong></span> <span class='ocrx_word' id='word_1_453' title='bbox 2129 4163 2316 4204; x_wconf 90' lang='lat' dir='ltr'><strong>eorum</strong></span> <span class='ocrx_word' id='word_1_454' title='bbox 2348 4150 2434 4218; x_wconf 92' lang='lat' dir='ltr'><strong>qui</strong></span> <span class='ocrx_word' id='word_1_455' title='bbox 2475 4149 2530 4204; x_wconf 92' lang='lat' dir='ltr'><strong>in</strong></span> <span class='ocrx_word' id='word_1_456' title='bbox 2566 4147 2692 4204; x_wconf 87' lang='lat' dir='ltr'><strong>villa</strong></span> <span class='ocrx_word' id='word_1_457' title='bbox 2724 4167 2737 4205; x_wconf 89' lang='lat'><strong>:</strong></span> <span class='ocrx_word' id='word_1_458' title='bbox 2772 4150 2879 4204; x_wconf 89' lang='lat' dir='ltr'><strong>imo</strong></span> <span class='ocrx_word' id='word_1_459' title='bbox 2927 4165 3055 4207; x_wconf 83' lang='lat' dir='ltr'><strong>vero</strong></span> <span class='ocrx_word' id='word_1_460' title='bbox 3086 4153 3162 4207; x_wconf 93' lang='lat' dir='ltr'><strong>illi</strong></span> <span class='ocrx_word' id='word_1_461' title='bbox 3193 4169 3403 4226; x_wconf 88' lang='lat' dir='ltr'><strong>quoque</strong></span> <span class='ocrx_word' id='word_1_462' title='bbox 3440 4161 3578 4228; x_wconf 86' lang='lat' dir='ltr'><strong>apud</strong></span> 
     </span>
    </p>
   </div>
   <div class='ocr_carea' id='block_1_52' title="bbox 1996 4240 3580 4318">
    <p class='ocr_par' dir='ltr' id='par_1_52' title="bbox 1996 4240 3580 4318">
     <span class='ocr_line' id='line_1_52' title="bbox 1996 4240 3580 4318; baseline 0.006 -21"><span class='ocrx_word' id='word_1_463' title='bbox 1996 4258 2096 4297; x_wconf 91' lang='lat' dir='ltr'><strong>nos</strong></span> <span class='ocrx_word' id='word_1_464' title='bbox 2125 4250 2270 4297; x_wconf 90' lang='lat' dir='ltr'><strong>sunt.</strong></span> <span class='ocrx_word' id='word_1_465' title='bbox 2310 4241 2441 4296; x_wconf 89' lang='lat' dir='ltr'><strong>Nam</strong></span> <span class='ocrx_word' id='word_1_466' title='bbox 2481 4241 2533 4296; x_wconf 90' lang='lat' dir='ltr'><strong>in</strong></span> <span class='ocrx_word' id='word_1_467' title='bbox 2570 4240 2912 4297; x_wconf 82' lang='lat' dir='ltr'><strong>saecularibus</strong></span> <span class='ocrx_word' id='word_1_468' title='bbox 2949 4244 3161 4314; x_wconf 91' lang='lat' dir='ltr'><strong>quidem</strong></span> <span class='ocrx_word' id='word_1_469' title='bbox 3201 4249 3426 4318; x_wconf 85' lang='lat' dir='ltr'><strong>negotiis</strong></span> <span class='ocrx_word' id='word_1_470' title='bbox 3464 4266 3493 4304; x_wconf 87' lang='lat' dir='ltr'><strong>a</strong></span> <span class='ocrx_word' id='word_1_471' title='bbox 3521 4267 3580 4307; x_wconf 88' lang='lat' dir='ltr'><strong>se</strong></span> 
     </span>
    </p>
   </div>
   <div class='ocr_carea' id='block_1_53' title="bbox 1996 4331 3576 4410">
    <p class='ocr_par' dir='ltr' id='par_1_53' title="bbox 1996 4331 3576 4410">
     <span class='ocr_line' id='line_1_53' title="bbox 1996 4331 3576 4410; baseline 0.003 -20"><span class='ocrx_word' id='word_1_472' title='bbox 1996 4335 2223 4390; x_wconf 82' lang='lat' dir='ltr'><strong>invicem</strong></span> <span class='ocrx_word' id='word_1_473' title='bbox 2249 4331 2510 4390; x_wconf 89' lang='lat' dir='ltr'><strong>dissident</strong></span> <span class='ocrx_word' id='word_1_474' title='bbox 2533 4333 2722 4388; x_wconf 81' lang='lat' dir='ltr'><strong>civitas</strong></span> <span class='ocrx_word' id='word_1_475' title='bbox 2760 4341 2813 4389; x_wconf 89' lang='lat' dir='ltr'><strong>et</strong></span> <span class='ocrx_word' id='word_1_476' title='bbox 2852 4333 3011 4398; x_wconf 86' lang='lat' dir='ltr'><strong>villa;</strong></span> <span class='ocrx_word' id='word_1_477' title='bbox 3052 4335 3105 4390; x_wconf 91' lang='lat' dir='ltr'><strong>in</strong></span> <span class='ocrx_word' id='word_1_478' title='bbox 3150 4337 3214 4391; x_wconf 89' lang='lat' dir='ltr'><strong>iis</strong></span> <span class='ocrx_word' id='word_1_479' title='bbox 3257 4348 3431 4394; x_wconf 90' lang='lat' dir='ltr'><strong>autem</strong></span> <span class='ocrx_word' id='word_1_480' title='bbox 3459 4353 3576 4410; x_wconf 66' lang='lat' dir='ltr'><strong>quae</strong></span> 
     </span>
    </p>
   </div>
   <div class='ocr_carea' id='block_1_54' title="bbox 1995 4425 3579 4498">
    <p class='ocr_par' dir='ltr' id='par_1_54' title="bbox 1995 4425 3579 4498">
     <span class='ocr_line' id='line_1_54' title="bbox 1995 4425 3579 4498; baseline 0.004 -19"><span class='ocrx_word' id='word_1_481' title='bbox 1995 4426 2062 4482; x_wconf 90' lang='lat' dir='ltr'><strong>ad</strong></span> <span class='ocrx_word' id='word_1_482' title='bbox 2102 4426 2414 4498; x_wconf 80' lang='lat' dir='ltr'><strong>religionem</strong></span> <span class='ocrx_word' id='word_1_483' title='bbox 2460 4425 2764 4496; x_wconf 88' lang='lat' dir='ltr'><strong>pertinent,</strong></span> <span class='ocrx_word' id='word_1_484' title='bbox 2796 4427 3190 4483; x_wconf 89' lang='lat' dir='ltr'><strong>communicant</strong></span> <span class='ocrx_word' id='word_1_485' title='bbox 3232 4438 3285 4483; x_wconf 83' lang='lat' dir='ltr'><strong>et</strong></span> <span class='ocrx_word' id='word_1_486' title='bbox 3323 4431 3579 4486; x_wconf 83' lang='lat' dir='ltr'><strong>uniuntur</strong></span> 
     </span>
    </p>
   </div>
   <div class='ocr_carea' id='block_1_55' title="bbox 1996 4515 3573 4588">
    <p class='ocr_par' dir='ltr' id='par_1_55' title="bbox 1996 4515 3573 4588">
     <span class='ocr_line' id='line_1_55' title="bbox 1996 4515 3573 4588; baseline 0.001 -15"><span class='ocrx_word' id='word_1_487' title='bbox 1996 4518 2135 4573; x_wconf 91' lang='lat' dir='ltr'><strong>inter</strong></span> <span class='ocrx_word' id='word_1_488' title='bbox 2161 4533 2220 4573; x_wconf 90' lang='lat' dir='ltr'><strong>se</strong></span> <span class='ocrx_word' id='word_1_489' title='bbox 2260 4517 2507 4572; x_wconf 85' lang='lat' dir='ltr'><strong>invicem.</strong></span> <span class='ocrx_word' id='word_1_490' title='bbox 2539 4515 2657 4572; x_wconf 77' lang='lat' dir='ltr'><strong>Noli</strong></span> <span class='ocrx_word' id='word_1_491' title='bbox 2698 4517 2840 4571; x_wconf 92' lang='lat' dir='ltr'><strong>enim</strong></span> <span class='ocrx_word' id='word_1_492' title='bbox 2883 4517 3161 4572; x_wconf 84' lang='lat' dir='ltr'><strong>barbaram</strong></span> <span class='ocrx_word' id='word_1_493' title='bbox 3203 4519 3436 4588; x_wconf 89' lang='lat' dir='ltr'><strong>ipsorum</strong></span> <span class='ocrx_word' id='word_1_494' title='bbox 3468 4519 3573 4575; x_wconf 81' lang='lat' dir='ltr'><strong>lin-</strong></span> 
     </span>
    </p>
   </div>
   <div class='ocr_carea' id='block_1_56' title="bbox 1993 4607 3572 4681">
    <p class='ocr_par' dir='ltr' id='par_1_56' title="bbox 1993 4607 3572 4681">
     <span class='ocr_line' id='line_1_56' title="bbox 1993 4607 3572 4681; baseline 0.003 -18"><span class='ocrx_word' id='word_1_495' title='bbox 1993 4622 2151 4679; x_wconf 86' lang='lat' dir='ltr'><strong>guam</strong></span> <span class='ocrx_word' id='word_1_496' title='bbox 2202 4617 2464 4678; x_wconf 88' lang='lat' dir='ltr'><strong>spectare,</strong></span> <span class='ocrx_word' id='word_1_497' title='bbox 2516 4607 2607 4662; x_wconf 89' lang='lat' dir='ltr'><strong>sed</strong></span> <span class='ocrx_word' id='word_1_498' title='bbox 2659 4608 2892 4662; x_wconf 88' lang='lat' dir='ltr'><strong>animum</strong></span> <span class='ocrx_word' id='word_1_499' title='bbox 2946 4608 3182 4677; x_wconf 89' lang='lat' dir='ltr'><strong>ipsorum</strong></span> <span class='ocrx_word' id='word_1_500' title='bbox 3233 4607 3572 4681; x_wconf 83' lang='lat' dir='ltr'><strong>philosOphia</strong></span> 
     </span>
    </p>
   </div>
   <div class='ocr_carea' id='block_1_57' title="bbox 1994 4699 3574 4772">
    <p class='ocr_par' dir='ltr' id='par_1_57' title="bbox 1994 4699 3574 4772">
     <span class='ocr_line' id='line_1_57' title="bbox 1994 4699 3574 4772; baseline 0.002 -14"><span class='ocrx_word' id='word_1_501' title='bbox 1994 4703 2284 4758; x_wconf 79' lang='lat' dir='ltr'><strong>excultum.</strong></span> <span class='ocrx_word' id='word_1_502' title='bbox 2313 4699 2447 4768; x_wconf 85' lang='lat' dir='ltr'><strong>Quid</strong></span> <span class='ocrx_word' id='word_1_503' title='bbox 2485 4700 2628 4755; x_wconf 88' lang='lat' dir='ltr'><strong>enim</strong></span> <span class='ocrx_word' id='word_1_504' title='bbox 2672 4701 2864 4770; x_wconf 78' lang='lat' dir='ltr'><strong>linguae</strong></span> <span class='ocrx_word' id='word_1_505' title='bbox 2901 4701 3204 4757; x_wconf 89' lang='lat' dir='ltr'><strong>communio</strong></span> <span class='ocrx_word' id='word_1_506' title='bbox 3244 4702 3497 4772; x_wconf 87' lang='lat' dir='ltr'><strong>prodest,</strong></span> <span class='ocrx_word' id='word_1_507' title='bbox 3526 4705 3574 4760; x_wconf 82' lang='lat' dir='ltr'><strong>si</strong></span> 
     </span>
    </p>
   </div>
   <div class='ocr_carea' id='block_1_58' title="bbox 1995 4789 3570 4864">
    <p class='ocr_par' dir='ltr' id='par_1_58' title="bbox 1995 4789 3570 4864">
     <span class='ocr_line' id='line_1_58' title="bbox 1995 4789 3570 4864; baseline 0.002 -15"><span class='ocrx_word' id='word_1_508' title='bbox 1995 4793 2157 4849; x_wconf 90' lang='lat' dir='ltr'><strong>animi</strong></span> <span class='ocrx_word' id='word_1_509' title='bbox 2187 4793 2292 4847; x_wconf 88' lang='lat' dir='ltr'><strong>sint</strong></span> <span class='ocrx_word' id='word_1_510' title='bbox 2320 4791 2520 4846; x_wconf 80' lang='lat' dir='ltr'><strong>divisi?</strong></span> <span class='ocrx_word' id='word_1_511' title='bbox 2545 4789 2672 4860; x_wconf 91' lang='lat' dir='ltr'><strong>quid</strong></span> <span class='ocrx_word' id='word_1_512' title='bbox 2699 4803 2826 4846; x_wconf 84' lang='lat' dir='ltr'><strong>vero</strong></span> <span class='ocrx_word' id='word_1_513' title='bbox 2849 4790 3129 4863; x_wconf 66' lang='lat' dir='ltr'><strong>diversitas</strong></span> <span class='ocrx_word' id='word_1_514' title='bbox 3159 4791 3351 4864; x_wconf 67' lang='lat' dir='ltr'><strong>lingua:</strong></span> <span class='ocrx_word' id='word_1_515' title='bbox 3383 4811 3532 4853; x_wconf 77' lang='lat' dir='ltr'><strong>nocet</strong></span> <span class='ocrx_word' id='word_1_516' title='bbox 3554 4844 3570 4863; x_wconf 84' lang='grc'><em>,</em></span> 
     </span>
    </p>
   </div>
   <div class='ocr_carea' id='block_1_59' title="bbox 1995 4879 3577 4952">
    <p class='ocr_par' dir='ltr' id='par_1_59' title="bbox 1995 4879 3577 4952">
     <span class='ocr_line' id='line_1_59' title="bbox 1995 4879 3577 4952; baseline -0.001 -14"><span class='ocrx_word' id='word_1_517' title='bbox 1995 4885 2038 4938; x_wconf 89' lang='lat' dir='ltr'><strong>si</strong></span> <span class='ocrx_word' id='word_1_518' title='bbox 2071 4883 2174 4938; x_wconf 84' lang='lat' dir='ltr'><strong>lide</strong></span> <span class='ocrx_word' id='word_1_519' title='bbox 2197 4881 2517 4952; x_wconf 73' lang='lat' dir='ltr'><strong>iungamur?</strong></span> <span class='ocrx_word' id='word_1_520' title='bbox 2547 4880 2657 4935; x_wconf 84' lang='lat' dir='ltr'><strong>Hac</strong></span> <span class='ocrx_word' id='word_1_521' title='bbox 2698 4879 2903 4937; x_wconf 89' lang='lat' dir='ltr'><strong>ratione</strong></span> <span class='ocrx_word' id='word_1_522' title='bbox 2943 4895 3122 4951; x_wconf 89' lang='lat' dir='ltr'><strong>neque</strong></span> <span class='ocrx_word' id='word_1_523' title='bbox 3144 4881 3262 4937; x_wconf 66' lang='lat' dir='ltr'><strong>villa</strong></span> <span class='ocrx_word' id='word_1_524' title='bbox 3291 4883 3577 4941; x_wconf 77' lang='lat' dir='ltr'><strong>deterioris</strong></span> 
     </span>
    </p>
   </div>
   <div class='ocr_carea' id='block_1_60' title="bbox 1993 4971 3578 5044">
    <p class='ocr_par' dir='ltr' id='par_1_60' title="bbox 1993 4971 3578 5044">
     <span class='ocr_line' id='line_1_60' title="bbox 1993 4971 3578 5044; baseline -0.003 -13"><span class='ocrx_word' id='word_1_525' title='bbox 1993 4974 2312 5032; x_wconf 86' lang='lat' dir='ltr'><strong>conditionis</strong></span> <span class='ocrx_word' id='word_1_526' title='bbox 2339 4989 2496 5043; x_wconf 88' lang='lat' dir='ltr'><strong>quam</strong></span> <span class='ocrx_word' id='word_1_527' title='bbox 2525 4971 2710 5028; x_wconf 85' lang='lat' dir='ltr'><strong>civitas</strong></span> <span class='ocrx_word' id='word_1_528' title='bbox 2728 5015 2743 5038; x_wconf 92' lang='lat'><strong>,</strong></span> <span class='ocrx_word' id='word_1_529' title='bbox 2779 4986 2901 5026; x_wconf 90' lang='lat' dir='ltr'><strong>cum</strong></span> <span class='ocrx_word' id='word_1_530' title='bbox 2930 4972 2984 5026; x_wconf 90' lang='lat' dir='ltr'><strong>in</strong></span> <span class='ocrx_word' id='word_1_531' title='bbox 3009 4985 3075 5026; x_wconf 91' lang='lat' dir='ltr'><strong>eo</strong></span> <span class='ocrx_word' id='word_1_532' title='bbox 3097 5012 3112 5039; x_wconf 91' lang='lat'><strong>,</strong></span> <span class='ocrx_word' id='word_1_533' title='bbox 3141 4973 3284 5044; x_wconf 89' lang='lat' dir='ltr'><strong>quod</strong></span> <span class='ocrx_word' id='word_1_534' title='bbox 3310 4974 3578 5030; x_wconf 87' lang='lat' dir='ltr'><strong>bonorum</strong></span> 
     </span>
    </p>
   </div>
   <div class='ocr_carea' id='block_1_61' title="bbox 1991 5063 3572 5139">
    <p class='ocr_par' dir='ltr' id='par_1_61' title="bbox 1991 5063 3572 5139">
     <span class='ocr_line' id='line_1_61' title="bbox 1991 5063 3572 5139; baseline -0.001 -15"><span class='ocrx_word' id='word_1_535' title='bbox 1991 5076 2151 5139; x_wconf 89' lang='lat' dir='ltr'><strong>caput</strong></span> <span class='ocrx_word' id='word_1_536' title='bbox 2186 5075 2270 5123; x_wconf 91' lang='lat' dir='ltr'><strong>est</strong></span> <span class='ocrx_word' id='word_1_537' title='bbox 2295 5110 2308 5132; x_wconf 87' lang='lat'><strong>,</strong></span> <span class='ocrx_word' id='word_1_538' title='bbox 2338 5065 2596 5136; x_wconf 81' lang='lat' dir='ltr'><strong>aequalem</strong></span> <span class='ocrx_word' id='word_1_539' title='bbox 2636 5064 2894 5119; x_wconf 87' lang='lat' dir='ltr'><strong>honorem</strong></span> <span class='ocrx_word' id='word_1_540' title='bbox 2937 5063 3247 5120; x_wconf 87' lang='lat' dir='ltr'><strong>sortiantur.</strong></span> <span class='ocrx_word' id='word_1_541' title='bbox 3282 5066 3572 5136; x_wconf 77' lang='lat' dir='ltr'><strong>Propterea</strong></span> 
     </span>
    </p>
   </div>
   <div class='ocr_carea' id='block_1_62' title="bbox 1992 5153 3571 5232">
    <p class='ocr_par' dir='ltr' id='par_1_62' title="bbox 1992 5153 3571 5232">
     <span class='ocr_line' id='line_1_62' title="bbox 1992 5153 3571 5232; baseline -0.005 -15"><span class='ocrx_word' id='word_1_542' title='bbox 1992 5176 2203 5232; x_wconf 90' lang='lat' dir='ltr'><strong>quoque</strong></span> <span class='ocrx_word' id='word_1_543' title='bbox 2233 5160 2489 5215; x_wconf 90' lang='lat' dir='ltr'><strong>Dominus</strong></span> <span class='ocrx_word' id='word_1_544' title='bbox 2531 5165 2716 5212; x_wconf 81' lang='lat' dir='ltr'><strong>noster</strong></span> <span class='ocrx_word' id='word_1_545' title='bbox 2739 5155 2898 5212; x_wconf 85' lang='lat' dir='ltr'><strong>Jesus</strong></span> <span class='ocrx_word' id='word_1_546' title='bbox 2932 5153 3178 5212; x_wconf 80' lang='lat' dir='ltr'><strong>Christus</strong></span> <span class='ocrx_word' id='word_1_547' title='bbox 3208 5171 3314 5212; x_wconf 92' lang='lat' dir='ltr'><strong>non</strong></span> <span class='ocrx_word' id='word_1_548' title='bbox 3345 5156 3398 5211; x_wconf 90' lang='lat' dir='ltr'><strong>in</strong></span> <span class='ocrx_word' id='word_1_549' title='bbox 3426 5157 3571 5210; x_wconf 81' lang='lat' dir='ltr'><strong>urbi-</strong></span> 
     </span>
    </p>
   </div>
   <div class='ocr_carea' id='block_1_63' title="bbox 1991 5247 3574 5319">
    <p class='ocr_par' dir='ltr' id='par_1_63' title="bbox 1991 5247 3574 5319">
     <span class='ocr_line' id='line_1_63' title="bbox 1991 5247 3574 5319; baseline -0.002 -11"><span class='ocrx_word' id='word_1_550' title='bbox 1991 5254 2092 5308; x_wconf 89' lang='lat' dir='ltr'><strong>bus</strong></span> <span class='ocrx_word' id='word_1_551' title='bbox 2121 5251 2452 5318; x_wconf 86' lang='lat' dir='ltr'><strong>versabatur,</strong></span> <span class='ocrx_word' id='word_1_552' title='bbox 2479 5259 2531 5305; x_wconf 93' lang='lat' dir='ltr'><strong>et</strong></span> <span class='ocrx_word' id='word_1_553' title='bbox 2556 5249 2708 5304; x_wconf 88' lang='lat' dir='ltr'><strong>villas</strong></span> <span class='ocrx_word' id='word_1_554' title='bbox 2733 5263 2928 5304; x_wconf 85' lang='lat' dir='ltr'><strong>vacuas</strong></span> <span class='ocrx_word' id='word_1_555' title='bbox 2953 5262 3015 5304; x_wconf 91' lang='lat' dir='ltr'><strong>ac</strong></span> <span class='ocrx_word' id='word_1_556' title='bbox 3041 5249 3280 5305; x_wconf 90' lang='lat' dir='ltr'><strong>desertas</strong></span> <span class='ocrx_word' id='word_1_557' title='bbox 3304 5247 3574 5319; x_wconf 78' lang='lat' dir='ltr'><strong>relinque-</strong></span> 
     </span>
    </p>
   </div>
   <div class='ocr_carea' id='block_1_64' title="bbox 1991 5338 3574 5414">
    <p class='ocr_par' dir='ltr' id='par_1_64' title="bbox 1991 5338 3574 5414">
     <span class='ocr_line' id='line_1_64' title="bbox 1991 5338 3574 5414; baseline -0.004 -14"><span class='ocrx_word' id='word_1_558' title='bbox 1991 5345 2120 5410; x_wconf 87' lang='lat' dir='ltr'><strong>bat,</strong></span> <span class='ocrx_word' id='word_1_559' title='bbox 2150 5344 2242 5398; x_wconf 78' lang='lat' dir='ltr'><strong>sed</strong></span> <span class='ocrx_word' id='word_1_560' title='bbox 2283 5340 2596 5414; x_wconf 82' lang='lat' dir='ltr'><strong>peragrabat</strong></span> <span class='ocrx_word' id='word_1_561' title='bbox 2635 5342 2877 5398; x_wconf 88' lang='lat' dir='ltr'><strong>civitates</strong></span> <span class='ocrx_word' id='word_1_562' title='bbox 2914 5350 2966 5396; x_wconf 92' lang='lat' dir='ltr'><strong>et</strong></span> <span class='ocrx_word' id='word_1_563' title='bbox 2995 5340 3248 5405; x_wconf 80' lang='lat' dir='ltr'><strong>castella,</strong></span> <span class='ocrx_word' id='word_1_564' title='bbox 3279 5338 3574 5409; x_wconf 59' lang='lat' dir='ltr'><strong>praedicans</strong></span> 
     </span>
    </p>
   </div>
   <div class='ocr_carea' id='block_1_65' title="bbox 1992 5429 3568 5502">
    <p class='ocr_par' dir='ltr' id='par_1_65' title="bbox 1992 5429 3568 5502">
     <span class='ocr_line' id='line_1_65' title="bbox 1992 5429 3568 5502; baseline 0.001 -17"><span class='ocrx_word' id='word_1_565' title='bbox 1992 5429 2347 5502; x_wconf 83' lang='lat' dir='ltr'><strong>Evangelium</strong></span> <span class='ocrx_word' id='word_1_566' title='bbox 2363 5437 2417 5482; x_wconf 90' lang='lat' dir='ltr'><strong>et</strong></span> <span class='ocrx_word' id='word_1_567' title='bbox 2446 5447 2638 5487; x_wconf 84' lang='lat' dir='ltr'><strong>sanans</strong></span> <span class='ocrx_word' id='word_1_568' title='bbox 2679 5448 2892 5488; x_wconf 81' lang='lat' dir='ltr'><strong>omnem</strong></span> <span class='ocrx_word' id='word_1_569' title='bbox 2933 5433 3240 5500; x_wconf 79' lang='lat' dir='ltr'><strong>languorem</strong></span> <span class='ocrx_word' id='word_1_570' title='bbox 3276 5440 3327 5486; x_wconf 87' lang='lat' dir='ltr'><strong>et</strong></span> <span class='ocrx_word' id='word_1_571' title='bbox 3355 5445 3568 5486; x_wconf 86' lang='lat' dir='ltr'><strong>omnem</strong></span> 
     </span>
    </p>
   </div>
   <div class='ocr_carea' id='block_1_66' title="bbox 1992 5518 3573 5593">
    <p class='ocr_par' dir='ltr' id='par_1_66' title="bbox 1992 5518 3573 5593">
     <span class='ocr_line' id='line_1_66' title="bbox 1992 5518 3573 5593; baseline -0.003 -13"><span class='ocrx_word' id='word_1_572' title='bbox 1992 5525 2350 5591; x_wconf 76' lang='lat' dir='ltr'><strong>infirmitatem</strong></span> <span class='ocrx_word' id='word_1_573' title='bbox 2395 5521 2562 5593; x_wconf 84' lang='lat' dir='ltr'><strong>(an.</strong></span> <span class='ocrx_word' id='word_1_574' title='bbox 2603 5524 2653 5578; x_wconf 90' lang='lat'><strong>7.</strong></span> <span class='ocrx_word' id='word_1_575' title='bbox 2694 5520 2758 5575; x_wconf 74' lang='grc'><strong>21</strong></span> <span class='ocrx_word' id='word_1_576' title='bbox 2807 5540 2822 5588; x_wconf 82' lang='grc' dir='ltr'>ς</span> <span class='ocrx_word' id='word_1_577' title='bbox 2868 5520 3054 5576; x_wconf 75' lang='lat' dir='ltr'><strong>Matth.</strong></span> <span class='ocrx_word' id='word_1_578' title='bbox 3094 5521 3147 5575; x_wconf 75' lang='grc'><strong>4.</strong></span> <span class='ocrx_word' id='word_1_579' title='bbox 3179 5518 3305 5593; x_wconf 72' lang='grc'><strong>24).</strong></span> <span class='ocrx_word' id='word_1_580' title='bbox 3339 5519 3491 5576; x_wconf 79' lang='lat' dir='ltr'><strong>&quot;unc</strong></span> <span class='ocrx_word' id='word_1_581' title='bbox 3520 5532 3573 5583; x_wconf 79' lang='lat' dir='ltr'><strong>et</strong></span> 
     </span>
    </p>
   </div>
   <div class='ocr_carea' id='block_1_67' title="bbox 1991 5612 3572 5686">
    <p class='ocr_par' dir='ltr' id='par_1_67' title="bbox 1991 5612 3572 5686">
     <span class='ocr_line' id='line_1_67' title="bbox 1991 5612 3572 5686; baseline -0.004 -9"><span class='ocrx_word' id='word_1_582' title='bbox 1991 5619 2287 5677; x_wconf 90' lang='lat' dir='ltr'><strong>communis</strong></span> <span class='ocrx_word' id='word_1_583' title='bbox 2327 5624 2508 5686; x_wconf 89' lang='lat' dir='ltr'><strong>pastor</strong></span> <span class='ocrx_word' id='word_1_584' title='bbox 2547 5625 2729 5670; x_wconf 88' lang='lat' dir='ltr'><strong>noster</strong></span> <span class='ocrx_word' id='word_1_585' title='bbox 2770 5629 2832 5671; x_wconf 89' lang='lat' dir='ltr'><strong>ac</strong></span> <span class='ocrx_word' id='word_1_586' title='bbox 2875 5613 3062 5671; x_wconf 89' lang='lat' dir='ltr'><strong>doctor</strong></span> <span class='ocrx_word' id='word_1_587' title='bbox 3091 5612 3172 5684; x_wconf 81' lang='grc' dir='ltr'><strong>(α)</strong></span> <span class='ocrx_word' id='word_1_588' title='bbox 3202 5612 3434 5671; x_wconf 89' lang='lat' dir='ltr'><strong>imitatus</strong></span> <span class='ocrx_word' id='word_1_589' title='bbox 3472 5629 3572 5676; x_wconf 79' lang='lat' dir='ltr'><strong>nos</strong></span> 
     </span>
    </p>
   </div>
   <div class='ocr_carea' id='block_1_68' title="bbox 2053 5728 2709 5795">
    <p class='ocr_par' dir='ltr' id='par_1_68' title="bbox 2053 5728 2709 5795">
     <span class='ocr_line' id='line_1_68' title="bbox 2053 5728 2709 5795; baseline -0.011 -10"><span class='ocrx_word' id='word_1_590' title='bbox 2053 5731 2128 5795; x_wconf 80' lang='lat' dir='ltr'><strong>(al</strong></span> <span class='ocrx_word' id='word_1_591' title='bbox 2161 5741 2227 5782; x_wconf 88' lang='lat' dir='ltr'><strong>De</strong></span> <span class='ocrx_word' id='word_1_592' title='bbox 2251 5731 2467 5780; x_wconf 80' lang='lat' dir='ltr'><strong>Flaviano</strong></span> <span class='ocrx_word' id='word_1_593' title='bbox 2483 5728 2709 5790; x_wconf 86' lang='lat' dir='ltr'><strong>loquitur.</strong></span> 
     </span>
    </p>
   </div>
  </div>
