4104 6438
561 398 658 451 (ΞΗ
1266 400 1324 454 S.
1365 396 1643 456 JOANNIS
1681 399 2155 458 CHRYSOS'I'OSII

558 515 818 582 deseruit,
850 527 898 571 et
933 514 998 570 ad
1031 517 1150 570 illos
1179 515 1448 586 profectus
1475 526 1591 591 est;
1625 519 1731 571 imo
1762 534 1887 574 vero
1919 537 2023 574 non
2052 520 2148 576 de.

556 611 725 661 suruit
753 622 870 673 nos,
901 622 1020 661 cum
1055 607 1118 660 ad
1149 607 1267 661 illos
1307 607 1475 674 abiit,
1508 609 1703 678 quippe
1745 611 1834 680 qui
1863 611 1928 666 ad
1959 611 2150 668 fratres

557 709 769 752 nostros
790 698 1002 752 abierit.
1027 697 1094 751 Et
1115 698 1560 768 quemadmodum
1583 716 1705 754 cum
1732 701 2148 760 Maccahmorum

558 791 748 844 festum
775 790 1165 857 celebraretur,
1195 791 1245 844 in
1273 789 1457 845 urbem
1489 793 1607 846 villa
1635 794 1811 848 omnis
1834 795 2000 850 elfusa
2027 809 2108 852 est
2135 818 2148 853 :

556 885 624 936 ita
655 898 774 936 cum
806 893 1118 954 martyrum,
1152 883 1238 953 qui
1270 883 1377 938 illic
1403 885 1704 954 quiescunt,
1741 886 1930 942 festum
1961 904 2149 958 agere-

558 984 663 1040 tur,
692 989 832 1028 nunc
863 975 1049 1029 urbem
1079 983 1239 1028 totam
1258 974 1324 1028 ad
1348 975 1464 1030 illos
1485 978 1714 1046 oportuit
1751 994 1808 1034 se
1837 981 2146 1038 transferre.

555 1068 842 1138 Propterea
876 1084 1104 1139 namque
1136 1084 1238 1122 non
1282 1069 1334 1123 in
1375 1069 1597 1124 urbibus
1638 1080 1840 1124 tantum
1871 1074 2152 1130 collocavit

557 1170 818 1230 martyres
843 1160 1002 1222 Deus,
1031 1159 1125 1213 sed
1153 1159 1314 1214 etiam
1351 1161 1403 1214 in
1434 1160 1572 1214 villis
1600 1161 1750 1232 ipsis,
1785 1171 1843 1215 ut
1871 1179 1936 1218 ex
1965 1165 2150 1220 diebus

557 1250 707 1305 festis
734 1250 1044 1305 commercii
1073 1259 1127 1305 et
1151 1251 1404 1320 colloquii
1437 1254 1736 1307 necessaria
1766 1254 1920 1308 nobis
1942 1258 2152 1311 occasio

553 1347 707 1397 detur
737 1361 750 1397 :
783 1353 941 1413 atque
962 1343 1097 1398 adeo
1127 1344 1306 1413 plures
1341 1345 1390 1398 in
1419 1345 1580 1411 villis,
1609 1362 1767 1416 quam
1800 1348 1850 1402 in
1878 1348 2026 1403 urbe.
2063 1349 2148 1403 ln-

553 1437 732 1491 t'eriori
762 1437 905 1492 enim
937 1436 1380 1492 abundantiorem
1431 1436 1687 1492 honorem
1730 1439 1983 1509 impertiit
2013 1443 2150 1497 Deus

557 1531 634 1601 (Ι.
660 1528 778 1586 Cor.
814 1529 900 1586 l2.
927 1531 1031 1602 25)
1056 1573 1073 1598 ,
1101 1529 1242 1600 quod
1267 1530 1582 1585 imbecillior
1608 1532 1676 1586 sit
1704 1548 1824 1603 pars
1856 1534 1942 1588 illa
1977 1552 1990 1588 :
2024 1551 2150 1606 pro-

552 1633 736 1691 pterea
779 1623 968 1692 majori
1007 1638 1128 1677 eam
1171 1622 1410 1678 subsidio
1455 1625 1708 1696 cultuque
1757 1626 2007 1695 dignatus
2043 1639 2146 1682 est.

557 1715 691 1770 Nam
720 1716 753 1770 ii
781 1715 994 1785 quidem
1035 1716 1125 1785 qui
1155 1715 1314 1770 urbes
1355 1715 1626 1782 incolunt,
1656 1717 1865 1772 assidua
1904 1718 2148 1774 doctrina

556 1808 841 1871 fruuntur;
888 1817 942 1862 at
967 1807 1055 1879 qui
1084 1806 1283 1878 degunt
1313 1807 1364 1860 in
1397 1807 1558 1878 agris,
1591 1823 1695 1864 non
1736 1818 1880 1864 tanta
1908 1810 2151 1881 largitate

558 1900 854 1968 potiuntur.

631 1991 886 2061 Martyres
925 2007 1037 2044 cum
1067 1991 1352 2046 doctoribus
1391 1991 1738 2062 conferuntur.
1776 1992 1906 2049 Plus
1933 2012 2146 2066 persua-

563 2084 682 2138 dent
719 2083 854 2153 facta
883 2101 1032 2154 quant
1063 2085 1218 2138 dicta.
1245 2115 1315 2124 ~—
1343 2084 1523 2156 Itaque
1546 2085 1826 2140 doctorum
1873 2088 2147 2156 penuriam

551 2185 846 2247 martyrum
875 2175 1200 2230 abundantia
1241 2176 1442 2232 solatus
1470 2184 1553 2232 est
1584 2177 1745 2242 Deus,
1772 2188 1826 2233 et
1865 2178 1934 2232 ita
1964 2178 2148 2248 dispo-

549 2268 674 2329 suit,
706 2277 762 2321 ut
805 2267 986 2338 plures
1021 2267 1162 2338 apud
1201 2267 1321 2322 illos
1361 2277 1627 2340 martyres
1665 2269 2033 2340 sepelirentur.
2073 2271 2147 2326 Illi

548 2359 830 2414 doctorum
879 2359 1094 2431 quidem
1149 2359 1385 2431 linguam
1438 2371 1699 2433 perpetuo
1749 2378 1855 2418 non
1903 2363 2145 2432 audiunt,

551 2453 646 2507 sed
673 2461 968 2525 martyrum
994 2467 1180 2509 vocem
1211 2469 1243 2510 e
1271 2455 1522 2525 sepulcro
1550 2466 1892 2512 resonautcm
1919 2465 1974 2512 et
2005 2459 2149 2529 ipsos

545 2545 933 2617 alloquentem,
965 2562 1089 2618 quae
1115 2546 1288 2601 multo
1320 2547 1509 2618 majori
1536 2549 1732 2604 virtute
1761 2550 1940 2619 pollet.
1974 2553 2150 2622 Atque

549 2649 606 2692 ut
636 2639 944 2711 intelligatis
974 2639 1164 2710 majori
1215 2639 1417 2710 pollere
1447 2643 1647 2697 virtute
1692 2652 1956 2715 martyres
1985 2645 2146 2699 etiam

547 2730 791 2799 silentes,
823 2747 981 2802 quam
1009 2746 1108 2787 nos
1137 2731 1225 2802 qui
1257 2731 1528 2803 loquimur
1556 2752 1570 2789 :
1602 2734 1752 2789 multi
1779 2751 2149 2806 smpenumcro

550 2823 677 2881 dum
705 2821 844 2890 apud
870 2821 1068 2879 multos
1096 2821 1164 2880 de
1186 2823 1382 2879 virtute
1412 2823 1570 2879 verba
1599 2825 1816 2892 faciunt,
1855 2827 1985 2882 nihil
2027 2843 2150 2899 pro-

553 2916 826 2980 fecerunt;
852 2915 941 2970 alii
969 2929 1099 2970 vero
1115 2916 1276 2970 etiam
1309 2924 1546 2971 tacentes
1561 2916 1630 2971 ob
1648 2917 1770 2971 vita:
1791 2918 2146 2989 integritatem

553 3016 607 3062 et
636 3007 977 3077 Splendorem
1007 3008 1169 3064 multa
1199 3009 1409 3080 egregia
1440 3007 1674 3063 facinora
1699 3019 2010 3080 patrarunt:
2043 3013 2144 3066 ita-

547 3116 650 3169 que
671 3101 842 3155 multo
857 3101 1086 3169 amplius
1111 3111 1374 3174 martyres
1397 3101 1498 3156 hoc
1520 3101 1780 3169 fecerunt,
1802 3119 1906 3158 non
1927 3106 2146 3176 quidem

547 3192 725 3262 lingua
757 3193 1088 3248 etl’ormatam
1119 3209 1305 3250 vocem
1330 3194 1623 3262 mittentes,
1647 3195 1743 3250 sed
1767 3196 1909 3251 illam
1934 3214 2050 3270 quae
2078 3215 2144 3254 ex

547 3285 712 3340 rebus
766 3285 896 3355 ipsis
943 3286 1110 3340 multo
1162 3285 1360 3342 clarius
1408 3297 1643 3354 resonat,
1672 3304 1832 3359 quam
1882 3306 2002 3362 qua:
2051 3307 2147 3347 ore

549 3376 840 3445 profertur,
874 3392 976 3447 qua
1008 3377 1257 3432 nimirum
1290 3385 1456 3432 totum
1484 3394 1652 3450 genus
1680 3379 1972 3436 humanum
2013 3383 2144 3437 allo-

546 3479 803 3538 quuntur,
833 3467 920 3524 his
943 3468 1121 3524 verbis
1151 3477 1400 3524 utentes:
1433 3469 1704 3539 Respicite
1735 3471 1786 3526 in
1818 3487 1936 3540 nos,
1968 3474 2140 3543 qualia

544 3561 690 3630 passi
724 3560 982 3618 fuerimus
1013 3561 1172 3616 mala.
1201 3561 1338 3631 Quid
1379 3563 1520 3617 enim
1553 3565 1693 3634 passi
1721 3579 1926 3632 sumus,
1957 3567 2043 3637 qui
2075 3567 2140 3621 ad

546 3663 771 3708 mortem
802 3652 1036 3708 damnati
1085 3667 1297 3720 sumus,
1329 3668 1391 3708 ac
1446 3654 1610 3708 vitam
1663 3664 1919 3710 a-ternam
1965 3655 2142 3727 adepti

545 3743 770 3801 sumus?
825 3743 975 3813 Digni
1023 3742 1190 3799 habiti
1233 3759 1440 3809 sumus,
1487 3746 1575 3816 qui
1608 3755 1824 3816 propter
1867 3747 2142 3803 Christum

549 3851 774 3907 corpora
796 3851 1157 3907 poneremus:
1180 3835 1322 3908 quod
1349 3837 1393 3892 si
1425 3853 1563 3894 nunc
1588 3838 1693 3894 illis
1718 3854 1815 3895 nos
1837 3854 1942 3895 non
1967 3842 2147 3897 exuis-

548 3944 754 3996 semus,
789 3928 949 3999 paulo
999 3938 1120 4000 post
1163 3930 1324 3985 etiam
1374 3929 1525 3986 inviti
1572 3932 1948 4002 temporariam
2007 3934 2146 3991 hanc

546 4021 759 4076 illorum
804 4020 970 4075 vitam
1016 4020 1265 4076 amissuri
1297 4036 1530 4078 eramus.
1573 4022 1630 4078 Si
1678 4038 1784 4078 non
1834 4024 2145 4083 advenisset

468 4131 489 4150 κ
546 4110 891 4182 martyrium,
940 4124 1112 4179 eaque
1160 4110 1314 4166 nobis
1361 4110 1687 4178 abstulisset,
1735 4120 1792 4167 at
1843 4116 2144 4173 communis

546 4211 754 4259 natura:
781 4209 976 4258 nostra:
1007 4215 1154 4256 mors
1185 4217 1282 4257 nos
1313 4202 1612 4269 invasisset,
1645 4219 1818 4275 eaque
1846 4206 2002 4277 plane
2028 4208 2143 4263 dis-

551 4295 818 4351 solvisset.
853 4293 1140 4364 Propterea
1173 4293 1282 4348 Deo
1307 4295 1506 4364 gratias
1536 4311 1693 4366 agere
1715 4312 1819 4352 non
1845 4313 2140 4369 cessamus,

548 4385 689 4456 quod
717 4385 832 4456 ejus
872 4383 1134 4440 beneficio
1182 4384 1336 4439 nobis
1382 4386 1684 4456 contigerit,
1712 4396 1770 4443 ut
1802 4401 1998 4458 morte,
2025 4408 2145 4462 qua:

548 4478 766 4533 omnino
797 4475 950 4532 nobis
979 4475 1280 4546 oppetenda
1307 4485 1443 4544 erat,
1474 4478 1540 4533 ad
1573 4488 1875 4536 nostrarum
1913 4483 2146 4539 salutem

547 4571 843 4628 animarum
889 4580 1184 4636 uteremur,
1212 4569 1460 4641 quodque
1506 4587 1618 4628 rem
1661 4575 1964 4631 necessario
1993 4577 2144 4632 dehi-

550 4672 657 4716 tam
687 4669 961 4732 tamquam
983 4660 1180 4716 donum
1207 4661 1444 4732 aliquod,
1471 4676 1536 4719 ac
1563 4666 1756 4720 summi
1787 4679 1955 4736 genus
1976 4666 2145 4724 hono-

553 4755 630 4808 ris
659 4769 688 4808 a
716 4755 870 4810 nobis
898 4746 1185 4826 acceperit.
1211 4756 1279 4808 At
1299 4755 1443 4811 enim
1471 4757 1694 4813 molesta
1721 4767 1845 4813 sunt
1870 4768 1925 4816 et
1950 4760 2144 4816 acerba

554 4854 836 4900 tormenta.
857 4843 964 4899 Sed
989 4845 1134 4903 brevi
1159 4847 1420 4916 temporis.
1437 4858 1710 4903 momento
1729 4849 2003 4907 feruntur:
2023 4867 2146 4922 qua:

553 4953 685 4992 vero
713 4952 806 5008 per
834 4938 921 4992 illa
951 4938 1196 5010 voluptas
1224 4939 1536 5010 acquiritur,
1569 4941 1909 5010 sempiternis
1935 4945 2150 4999 saeculis

551 5045 735 5088 comva
767 5028 960 5095 durat;
1009 5030 1118 5084 imo
1164 5046 1291 5086 vero
1319 5047 1386 5085 ne
1429 5030 1576 5088 brevi
1625 5031 1838 5102 quidem
1889 5036 2150 5106 temporis

551 5127 826 5178 momento
854 5119 1076 5175 molesta
1116 5130 1241 5176 sunt
1267 5130 1534 5180 tormenta
1569 5123 1693 5190 illis,
1721 5123 1809 5194 qui
1849 5123 2023 5181 futura
2055 5143 2144 5184 re-

555 5214 808 5285 spiciunt,
839 5218 895 5266 et
913 5211 978 5266 ad
1009 5213 1318 5269 certaminis
1357 5215 1642 5282 praesidem
1680 5231 1742 5271 ac
1770 5229 2143 5275 remunerato-

557 5323 669 5361 rem
697 5304 952 5376 aspirant.
980 5301 1253 5370 Siquidem
1282 5304 1468 5360 beatus
1489 5306 1653 5364 etiam
1675 5308 1997 5378 Stephanus,
2021 5313 2146 5384 quia

554 5397 825 5452 Christum
847 5395 1015 5452 oculis
1037 5393 1161 5449 ﬁdei
1182 5393 1456 5463 spectabat
1483 5395 1625 5465 (Act.
1643 5397 1698 5452 7.
1726 5397 1840 5469 55),
1863 5409 2146 5470 propterea

556 5489 790 5559 lapidum
839 5488 1038 5544 imbres
1083 5502 1190 5542 non
1241 5487 1582 5559 respiciebat,
1633 5490 1726 5546 sed
1771 5492 1982 5548 illorum
2027 5495 2145 5551 loco

555 5580 777 5650 prmmia
803 5593 1133 5648 coronasque
1176 5579 1509 5639 numerabat.
1563 5579 1650 5637 Ttt
1693 5583 1852 5653 igitur
1897 5599 1927 5641 a
1984 5585 2151 5644 rebus

555 5687 769 5742 quoque
795 5671 1142 5741 praesentibus
1175 5673 1362 5727 oculos
1404 5680 1526 5728 tuos
1552 5672 1620 5731 ad
1659 5673 1838 5738 futura
1870 5687 2142 5746 converte,

555 5778 617 5817 ac
646 5779 712 5818 ne
737 5763 951 5816 brevem
976 5760 1188 5831 quidem
1213 5762 1390 5832 capies
1411 5777 1627 5819 sensum
1661 5765 1944 5821 malorum.

623 5857 678 5910 '1.
721 5853 849 5914 Haec
895 5859 946 5904 ct
991 5850 1073 5905 his
1117 5849 1266 5920 plura
1313 5853 1497 5911 dicunt
1543 5867 1823 5928 martyres,
1872 5859 2148 5931 multoque-

2198 393 2513 459 .tncutt-ir.
2557 376 3092 465 coxsrfxxnxor.
3747 395 3840 448 638

2263 518 2474 580 melius,
2517 534 2676 589 quam
2710 538 2827 587 nos,
2861 523 3204 592 persuadent.
3234 525 3365 583 Nam
3393 545 3496 602 ego
3545 532 3754 604 quidem
3796 539 3836 593 si

2260 609 2390 665 nihil
2433 611 2627 666 habere
2659 614 2920 668 molestia:
2952 625 3275 672 tormentum
3314 621 3513 689 dicam,
3538 628 3642 680 ﬁde
3664 631 3836 697 dignus

2259 703 2477 758 minime
2507 705 2849 769 videor,dum
2885 709 2954 763 ita
2988 710 3179 780 loquor
3207 730 3220 766 :
3255 713 3384 769 nihil
3416 717 3618 788 quippe
3639 720 3835 777 difficile

2259 796 2434 851 verbis
2479 798 2581 853 hoc
2626 810 2780 870 pacto
2809 802 3216 874 philosophari;
3248 816 3302 861 at
3330 823 3395 863 ex
3427 810 3562 880 ipsis
3604 815 3835 882 operibus

2258 900 2627 958 erumpentem
2662 907 2847 947 vocem
2878 905 3082 966 martyr
3121 899 3406 966 emittens,
3439 905 3704 959 neminem
3749 907 3832 960 lia-

2207 1008 2217 1016 ο
2261 979 2368 1046 hct,
2410 982 2498 1050 qui
2540 985 2888 1040 contradicat.
2942 988 3005 1042 Et
3049 991 3502 1058 quemadmodum
3555 995 3667 1051 fieri
3715 999 3835 1069 solet

2259 1063 2402 1126 intus
2437 1072 2488 1126 in
2530 1074 2753 1140 balneis,
2791 1077 2879 1131 ubi
2917 1079 3208 1135 calidarum
3237 1097 3495 1153 aquarum
3521 1085 3683 1143 fervet
3704 1091 3831 1143 lava-

2257 1176 2444 1227 crum,
2499 1180 2600 1219 nec
2646 1165 2974 1224 descendere
3021 1172 3301 1242 quisquam
3349 1176 3551 1243 audet;
3601 1182 3831 1249 quamdiu

2257 1255 2470 1322 quidem
2519 1271 2578 1310 se
2605 1258 2830 1314 invicem
2875 1262 3050 1316 verbis
3092 1265 3463 1336 cohortantur,
3491 1272 3579 1341 qui
3608 1272 3670 1327 ad
3699 1289 3828 1329 oram

2256 1345 2429 1400 balnei
2457 1350 2666 1416 sedent,
2711 1352 2909 1407 nemini
2958 1363 3132 1410 tamen
3184 1360 3541 1428 persuadent;
3595 1365 3680 1419 ubi
3720 1383 3830 1420 vero

2255 1439 2516 1510 quispiam
2547 1458 2610 1496 es
2662 1443 2768 1498 illis
2813 1455 2905 1500 aut
2951 1452 3164 1504 inanimi
3197 1451 3496 1522 demiserit,
3539 1469 3629 1511 aut
3676 1459 3829 1514 laxato

2257 1530 2392 1598 pede
2439 1540 2606 1591 totum
2650 1548 2844 1604 corpus
2887 1537 3218 1597 confidenter
3264 1543 3571 1614 immiserit,
3612 1552 3827 1616 quamvis

2260 1631 2444 1677 tacens
2475 1625 2643 1679 multo
2670 1626 2864 1682 melius
2891 1645 3047 1699 quam
3075 1631 3166 1702 qui
3207 1635 3371 1688 multa
3400 1636 3565 1692 verba
3595 1637 3824 1708 facerent,

2255 1729 2349 1768 eos
2381 1717 2469 1786 qui
2499 1719 2760 1788 superiori
2792 1719 2912 1776 loco
2935 1722 3124 1778 sedent
3150 1726 3400 1796 adducet,
3422 1740 3479 1784 ut
3501 1731 3553 1785 in
3583 1732 3824 1788 lavacrum

2253 1808 2484 1865 audeant
2530 1812 2732 1869 insilire
2765 1833 2778 1870 :
2812 1815 2890 1870 sic
2935 1817 3095 1872 etiam
3142 1818 3200 1875 fit
3242 1822 3294 1876 in
3349 1826 3716 1897 martyribus:
3756 1827 3826 1881 hic

2254 1900 2394 1954 enim
2425 1902 2542 1957 loco
2570 1903 2762 1960 lavacri
2785 1921 2937 1978 aqua:
2963 1912 3268 1980 propositus
3289 1923 3371 1969 est
3393 1931 3575 1986 rogus.
3602 1918 3731 1989 Ergo
3749 1919 3824 1989 qui

2255 1990 2384 2048 foris
2405 1993 2778 2064 circumstant,
2804 1999 2930 2054 licet
2959 2001 3256 2059 innumeris
3285 2007 3465 2062 verbis
3485 2009 3825 2071 cohortentur.

2255 2100 2360 2140 non
2405 2087 2693 2144 admodum
2737 2102 3117 2161 commovent;
3167 2095 3254 2150 ubi
3308 2113 3442 2154 vero
3489 2111 3685 2171 martyr
3709 2116 3826 2154 unus

2255 2193 2360 2232 non
2392 2179 2603 2248 pedem,
2624 2197 2728 2236 non
2758 2198 2972 2238 manum
3002 2194 3204 2241 tantum
3233 2187 3535 2258 demiserit,
3559 2191 3650 2247 sed
3679 2201 3824 2245 totum

2253 2285 2451 2341 corpus
2480 2272 2741 2340 injeccrit,
2774 2283 2883 2329 tum
2936 2277 3047 2345 ipsa
3095 2293 3274 2332 rerum
3317 2284 3644 2350 experientia
3682 2283 3823 2337 vehe-

2253 2363 2485 2418 mentius
2524 2379 2684 2433 quam
2725 2367 3095 2423 cohortatione
3135 2369 3219 2425 vel
3264 2373 3497 2429 consilio
3535 2375 3712 2444 quovis
3739 2374 3824 2427 im-

2257 2453 2434 2522 pellit,
2481 2465 2535 2509 et
2585 2470 2649 2510 ex
2700 2458 2893 2512 animis
2940 2459 3400 2518 circumstantium
3461 2466 3697 2522 timorem
3739 2481 3820 2524 et-

2258 2543 2427 2612 pellit.
3561 2559 3564 2562 '

2327 2635 2620 2708 Martyrum
2664 2639 2892 2713 reliquie:
2918 2659 3011 2698 sua
3053 2647 3322 2717 prazsemia
3362 2649 3491 2719 quid
3536 2650 3822 2721 cpitium.—

2254 2725 2484 2794 Videtis,
2514 2739 2574 2784 ut
2612 2735 2880 2801 potentior
2912 2735 2981 2790 sit
3009 2738 3252 2808 quamvis
3293 2741 3584 2796 tacentium
3613 2756 3705 2795 vox
3740 2740 3822 2793 ista

2258 2821 2597 2890 martyrum?
2640 2822 2929 2895 Propterea
2970 2827 3122 2883 nobis
3167 2829 3376 2885 illorum
3406 2847 3632 2902 corpora
3653 2830 3821 2886 dereli-

2254 2909 2369 2978 quit
2423 2911 2605 2966 Deus:
2639 2924 2923 2984 prOpterea
2972 2933 3093 2972 cum
3142 2921 3270 2974 olim
3326 2921 3575 2988 vicerint,
3622 2920 3819 2977 necdum

2253 3007 2434 3055 tamen
2483 3017 2910 3072 resurrexerunt,
2943 3009 3037 3063 sed
3081 3011 3374 3066 certamina
3423 3015 3636 3084 quidem
3676 3029 3702 3065 a
3732 3022 3817 3065 tam

2254 3091 2422 3147 nmlto
2455 3103 2697 3164 tempore
2738 3096 3037 3166 subierunt,
3069 3103 3522 3158 resurrectionem
3559 3119 3679 3158 vero
3703 3117 3818 3155 nono

2249 3185 2376 3240 dum
2406 3197 2529 3240 sunt
2555 3191 2890 3261 consequuti,
2921 3192 3159 3248 nondum
3189 3207 3412 3265 propter
3443 3207 3515 3262 te,
3542 3212 3603 3250 ac
3633 3205 3820 3265 propter

2259 3291 2401 3334 tuam
2429 3281 2736 3347 utilitatem,
2766 3295 2822 3338 ut
2849 3299 2971 3338 cum
3001 3285 3148 3340 illum
3175 3287 3428 3342 athletam
3464 3289 3557 3344 tibi
3577 3299 3691 3342 ante
3713 3300 3820 3339 ocu-

2254 3371 2334 3424 los
2365 3373 2629 3440 posueris,
2655 3373 2720 3428 ad
2750 3375 2998 3430 eumdem
3029 3391 3244 3432 cursum
3282 3380 3560 3435 exciteris.
3594 3379 3713 3434 Nam
3748 3374 3818 3429 isti

2251 3461 2466 3532 quidem
2517 3464 2720 3520 nullum
2751 3465 3132 3523 detrimentum
3162 3484 3226 3524 ex
3259 3469 3522 3526 dilatione
3556 3471 3816 3542 patiuntur,

2250 3563 2307 3607 at
2337 3554 2429 3610 tibi
2459 3558 2744 3611 maximam
2778 3556 2895 3612 hmc
2923 3558 3137 3614 occasio
3166 3560 3460 3617 utilitatem
3479 3563 3640 3634 parit.
3667 3557 3817 3628 Siqui-

2252 3645 2374 3702 dem
2408 3648 2478 3702 illi
2512 3658 2698 3720 postea
2745 3651 3028 3722 recipient,
3062 3653 3183 3708 licet
3212 3669 3355 3710 nunc
3404 3672 3515 3710 non
3556 3653 3813 3722 recipiant:

2250 3739 2391 3812 quod
2419 3741 2463 3794 si
2503 3756 2596 3797 eos
2640 3742 2707 3816 de
2735 3743 2913 3798 medio
2955 3759 3096 3800 nunc
3138 3745 3464 3815 abripuisset
3494 3747 3647 3810 Deus,
3677 3739 3815 3796 multa

2251 3846 2351 3886 nos
2387 3831 2758 3888 cohortatione
2789 3833 3088 3904 solatioque
3132 3835 3413 3906 privasset,
3443 3835 3584 3908 quod
3628 3849 3686 3888 ex
3712 3843 3815 3885 san-

2251 3931 2459 3976 ctorum
2500 3923 2726 3978 istorum
2757 3927 3019 3995 sepulcris
3053 3927 3122 3981 ab
3153 3927 3459 3985 hominibus
3490 3927 3683 3985 cunctis
3707 3937 3813 3993 per-

2249 4013 2468 4083 cipitur.
2497 4015 2672 4084 Atque
2699 4032 2762 4072 ea
2793 4032 2912 4087 quae
2938 4017 3184 4084 dicimus,
3209 4035 3303 4074 vos
3325 4030 3507 4076 vestro
3534 4013 3812 4074 testimonio

2249 4105 2630 4174 comprobatis.
2669 4106 2824 4176 Stepe
2853 4123 3082 4179 namque
3108 4111 3453 4181 quantumvis
3499 4111 3812 4166 minaremur.

2248 4197 2630 4266 blandiremur,
2680 4209 3006 4256 terreremus
3031 4243 3045 4266 ,
3077 4203 3515 4270 cohortaremur,
3561 4218 3660 4258 non
3689 4204 3812 4252 tanla

2253 4290 2384 4343 estis
2409 4291 2474 4344 ad
2504 4291 2766 4346 orandum
2795 4293 2956 4347 animi
2984 4293 3259 4350 alacritate
3286 4296 3540 4352 commoti
3575 4307 3667 4348 nec
3690 4289 3813 4345 escis

2250 4381 2380 4446 tati;
2411 4397 2532 4436 cmn
2563 4397 2692 4437 vero
2738 4383 2804 4438 ad
2854 4393 3150 4456 martyrum
3195 4385 3481 4441 ecclesiam
3523 4400 3615 4440 vos
3648 4387 3811 4436 contu-

2251 4473 2406 4538 listis,
2447 4474 2661 4529 nemine
2688 4475 3026 4543 consulente,
3065 4477 3180 4532 solo
3219 4487 3524 4533 sanctorum
3555 4475 3810 4541 conspecw

2248 4567 2518 4636 sepulcro,
2561 4568 2809 4637 copiosos
2855 4569 3210 4640 lacrymarum
3255 4571 3428 4628 fontes
3475 4565 3735 4628 effudistis.
3765 4565 3810 4658 εξ

2251 4657 2389 4712 inter
2418 4658 2675 4713 orandum
2705 4657 2916 4714 fervore
2947 4675 3050 4714 non
3081 4661 3333 4717 mediocri
3367 4659 3651 4718 exarsistis.
3671 4657 3806 4720 Atqui

2251 4763 2431 4806 mutus
2461 4767 2673 4806 summo
2711 4767 2831 4807 cum
2865 4753 3079 4809 silentio
3101 4754 3245 4824 jacet
3283 4766 3486 4828 martyr
3513 4771 3529 4809 :
3558 4748 3674 4823 quid
3700 4755 3806 4811 ετεο

2252 4841 2464 4897 tandem
2493 4853 2594 4908 est,
2619 4843 2760 4914 quod
2797 4845 3182 4901 conscientiam
3229 4848 3436 4916 pungit,
3465 4843 3735 4910 efficitque,
3760 4841 3806 4885 ut

2249 4935 2604 5006 lacrymarum
2636 4937 2894 4992 scatebras
2940 4945 3207 5008 tamquam
3256 4931 3321 4993 ex
3355 4937 3500 4994 fonte
3529 4921 3805 5006 prosiliat“?

2250 5027 2402 5094 Quod
2431 5028 2679 5082 nimirum
2706 5038 2970 5100 martyres
3001 5039 3186 5084 mente
3213 5031 3458 5095 versetis,
3487 5037 3541 5084 et
3565 5033 3728 5080 rerum
3747 5013 3804 5068 ab

2251 5119 2353 5175 illis
2379 5128 2646 5190 gestarum
2679 5119 2832 5174 vobis
2877 5121 3132 5175 memoria
3161 5119 3460 5177 refricetur.
3489 5120 3612 5176 Nam
3639 5121 3802 5206 quem.—

2251 5209 2537 5265 admodum
2585 5225 2870 5280 pauperes,
2897 5211 2985 5267 ubi
3014 5211 3205 5267 divites
3235 5213 3371 5268 alios
3398 5210 3619 5268 viderint
3655 5204 3701 5256 in
3739 5195 3803 5250 di-

2249 5304 2538 5375 gnitatibus
2569 5305 2911 5370 constitutos,
2940 5307 3192 5361 satellitio
3243 5307 3484 5376 stipatos,
3509 5297 3674 5358 multis
3718 5293 3802 5344 hoc

2251 5394 2471 5449 noribus
2515 5395 2583 5449 ab
2613 5395 2938 5466 lmperatore
2963 5397 3284 5462 cumulatus,
3311 5399 3437 5452 dum
3485 5392 3662 5452 melius
3696 5393 3802 5450 εὖθ’

2251 5495 2442 5545 statem
2488 5502 2639 5542 suam
2687 5503 2755 5542 ex
2810 5489 3034 5544 aliorum
3089 5491 3440 5559 prosperitate
3489 5479 3798 5559 cognoscunb

2251 5578 2602 5650 ingemiscunt
2639 5598 2652 5635 :
2695 5580 2766 5636 ita
2816 5596 2915 5636 nos
2965 5597 3176 5652 quoque
3223 5582 3351 5636 dum
3395 5588 3634 5653 quantam
3681 5558 3798 5634 ειιιιίί

2251 5671 2622 5734 universorum
2654 5671 2856 5743 Regem
2903 5672 3068 5728 Deum
3117 5671 3363 5727 fiduciam
3416 5671 3633 5726 habeant
3673 5667 3796 5713 mar-

2254 5777 2420 5840 tyres,
2451 5770 2822 5835 recordamur,
2865 5778 3171 5842 quantoque
3217 5768 3498 5840 splendore
3539 5770 3590 5817 et
3631 5753 3794 5824 quanta

2253 5863 2420 5934 gloria
2462 5862 2717 5935 fulgeant,
2751 5871 3040 5937 nostraque
3067 5862 3220 5921 nobis
3271 5863 3324 5921 in
3369 5854 3662 5920 memoriam
3690 5851 3791 5913 PC“
