4104 6436
398 387 512 446 (ΞΠ

401 509 711 582 ἡμετέρους
756 506 984 579 ἀπῆλθε.
1033 504 1142 558 Καὶ
1176 501 1427 573 καθάπερ
1476 499 1576 570 τῆς
1626 496 1821 582 ἑορτῆς
1876 493 1985 582 τῶν

405 593 779 650 1ὲιιιειικκσιϐσιίων
816 578 1258 659 ἐπιτελουμένης,
1301 587 1452 638 πᾶσα
1490 585 1523 653 ἡ
1573 581 1728 653 χώρα
1767 581 1848 643 εἰς
1893 578 1993 648 τὴν

407 681 571 743 πόλιν
594 676 823 748 ἐξεχύθη
844 694 857 707 °
891 675 1035 730 οὕτω
1059 675 1158 743 τῆς
1186 673 1380 744 ἑορτῆς
1413 669 1523 724 τῶν
1553 671 1670 745 ἐκεῖ
1698 664 1993 737 μαρτύρων

408 763 711 833 ἀγομένης,
740 759 835 814 νῦν
863 758 1150 830 τὴν,πόλιν
1184 757 1398 835 ἃπασαν
1430 753 1565 826 πρὸς
1608 751 1849 812 ἐκείνους
1900 766 1998 819 μεο

406 848 677 917 ταστῆναι
712 845 902 916 ἐχρῆν.
933 842 1032 896 Διά
1062 842 1172 915 γὰρ
1205 842 1363 895 τοῦτο
1389 839 1490 893 οὑκ
1516 839 1573 890 ἐν
1610 837 1797 890 πόλεσι
1831 835 1992 906 μόνον

407 931 789 1000 κατεφύτευσε
838 929 1120 1000 μάρτυρας
1159 928 1188 979 ὁ
1223 925 1386 989 Θεὸς,
1436 923 1572 978 ἀλλά
1617 922 1712 977 καὶ
1750 920 1843 974 ἐπὶ
1892 917 1993 987 τῆς

407 1017 601 1088 χώρας
652 1014 854 1084 αὐτῆς,
904 1013 992 1066 ἵνα
1022 1013 1087 1064 ἐκ
1128 1011 1228 1081 τῆς
1274 1009 1384 1062 τῶν
1433 1007 1635 1079 ἑορτῶν
1687 1004 1998 1066 ὑποθέσεως

410 1100 691 1170 πρόφασιν
725 1097 937 1168 ἔχωμεν
971 1095 1273 1162 ἀναγκαίαν
1300 1093 1399 1163 τῆς
1432 1092 1569 1164 πρὸς
1596 1089 1858 1160 ἀλλήλους
1887 1088 1999 1170 ἐπιο

416 1169 624 1257 μιξίας,
663 1184 760 1238 καὶ
796 1182 1014 1245 πλείους
1064 1181 1158 1234 ἐπὶ
1202 1179 1302 1250 τῆς
1338 1176 1524 1249 χώρας
1565 1174 1599 1246 ἢ
1631 1174 1723 1227 ἐπὶ
1771 1173 1871 1243 τῆς
1903 1169 2000 1257 πό-

408 1254 574 1333 λεως.
605 1266 696 1338 Τῷ
723 1266 834 1338 γάρ
884 1264 1201 1336 ὑστεροῦντι
1247 1261 1345 1333 τὴν
1383 1259 1780 1333 περισσοτέραν
1833 1254 1999 1327 τιμήν

412 1353 618 1406 ἔδωκεν
649 1352 677 1404 ό
704 1350 864 1414 Θεός·
902 1348 1294 1418 ἀσθενέστερον
1345 1345 1454 1415 γάρ
1510 1344 1658 1397 ἐστιν
1708 1342 1890 1395 ἐκεῖνο
1936 1339 1999 1399 τὸ

416 1438 615 1507 μέροςο
643 1433 730 1488 διά
763 1431 922 1489 τοῦτο
952 1431 1196 1495 πλείονος
1229 1429 1515 1500 ἀπήλαυσε
1544 1426 1646 1496 τῆς
1677 1423 1996 1507 θεραπείας.

411 1506 481 1572 ὑί
527 1518 624 1590 μὲν
675 1515 785 1588 γὰρ
814 1515 935 1581 ,τὰς
986 1515 1171 1579 πόλεις
1207 1511 1485 1574 οἰκοῦντες
1534 1507 1793 1580 συνεχοῦς
1848 1506 2001 1559 ἀποη.

410 1589 639 1655 λαύουσι
689 1598 1056 1662 διδασκαλίας,
1098 1599 1147 1650 οί
1188 1596 1246 1650 δὲ
1280 1598 1338 1650 ἐν
1377 1591 1635 1665 ἀγροικία
1684 1590 1907 1657 ζῶντες,
1935 1589 1995 1643 οὐ

410 1685 686 1757 τοσαύτης
727 1679 1043 1755 μετέχουσιν
1079 1680 1359 1751 ἀφθονίας.

488 1770 601 1841 Τὴν
638 1769 828 1823 πενίαν
860 1767 1040 1821 τοίνυν
1086 1766 1197 1820 τῶν
1241 1764 1601 1818 διδασκόντων
1644 1761 1703 1814 ἐν
1733 1761 1800 1832 τῇ
1837 1757 1999 1828 δαψι-

413 1855 541 1928 λείᾳ.
568 1853 678 1908 τῶν
727 1851 1018 1925 μαρτύρων
1061 1848 1557 1923 παραμυθούμενος
1594 1848 1624 1901 ὁ
1655 1845 1819 1909 Θεὸς,
1863 1844 2002 1914 ᾠκο-

415 1941 624 2010 νόμησε
684 1936 924 1999 πλείους,
952 1935 1084 2006 παρ’
1132 1933 1359 1995 ἐκείνοις
1403 1930 1643 2001 ταφῆναι
1696 1929 2000 2000 μάρτυρας.

417 2024 536 2076 Οὐκ
584 2021 843 2076 ἀκούουσι
877 2017 1218 2075 διδασκάλων
1267 2014 1516 2085 γλώττης
1566 2014 1764 2067 ἐκεῖνοι
1795 2011 2004 2081 ’διηνε-ε-

416 2106 555 2173 κῶς,
585 2105 719 2160 ἀλλά
770 2103 1065 2177 μαρτύρων
1105 2100 1288 2172 φωνῆς
1316 2099 1424 2152 ἀπὸ
1466 2096 1560 2150 τοῦ
1589 2097 1762 2165 τάφου
1819 2092 2001 2148 διαλε-

416 2191 659 2262 γομένης
702 2185 892 2251 αὐτοῖς’
912 2188 1006 2242 καὶ
1036 2184 1261 2257 μείζονα
1293 2185 1445 2253 ἰσχὺν
1479 2179 1731 2253 ἐχούσης.
1768 2178 1879 2233 Καὶ
1918 2177 2006 2230 ἵνα

422 2276 657 2348 μάθητε,
680 2277 764 2329 ὅτι
795 2273 1018 2344 μείζονα
1051 2269 1203 2342 ίσχὺν
1233 2270 1415 2340 ἔχουσι
1450 2267 1723 2338 μάρτυρες
1754 2261 1854 2348 καὶ,
1881 2278 2008 2348 σιω-

417 2346 632 2431 πῶντες
680 2360 838 2433 ήμῶν
881 2358 992 2412 τῶν
1041 2355 1454 2427 φθεγγομένων,
1500 2350 1690 2405 πολλοὶ
1741 2346 2007 2433 πολλάκις

415 2432 791 2515 διαλεγόμενοι
838 2442 1051 2505 πολλοῖς
1108 2439 1240 2511 περὶ
1292 2437 1494 2511 ἀρετῆς
1557 2434 1711 2488 οὐδὲν
1763 2432 2003 2515 ήνυσανο

417 2512 601 2603 ἕτεροι
648 2530 707 2584 δὲ
760 2528 1024 2597 σιγῶντες
1069 2525 1304 2597 μέγιστα
1354 2518 1730 2590 κατώρθωσαν
1769 2515 1860 2603 διὰ
1908 2512 2008 2603 τὴν

418 2599 529 2671 τοῦ⁷
556 2616 671 2688 βίου
720 2613 1114 2687 λαμπρότητα*
1145 2608 1288 2664 ὥστε
1338 2604 1518 2676 πολλῷ
1562 2603 1724 2657 πλέον
1767 2602 1817 2655 οί
1869 2599 2010 2672 μάρ·

418 2723 587 2776 τυρες
612 2705 771 2759 τοῦτο
790 2703 1135 2777 εἰργάσαντο.
1160 2698 1258 2770 τὴν
1291 2696 1390 2769 μὲν
1409 2696 1497 2750 διὰ
1518 2695 1617 2767 τῆς
1642 2690 1888 2762 γλώττης
1910 2691 2011 2747 οὐκ

421 2793 678 2863 ἀφιέντες
719 2790 923 2863 φωνὴν,
962 2789 1059 2860 τὴν
1092 2778 1155 2841 δέ
1177 2786 1266 2841 διά
1306 2783 1418 2839 τῶν
1453 2782 1798 2856 πραγμάτων
1829 2776 2011 2833 αὐτῶν

423 2882 561 2936 πολύ
588 2882 687 2952 τῆς
719 2879 828 2934 ἀπὸ
874 2876 969 2932 τοῦ
1030 2875 1299 2946 στόματος
1328 2870 1495 2927 οὖσαν
1542 2869 1902 2942 ὑψηλοτέραν,
1940 2867 2011 2920 δι’

423 2965 496 3042 ἧς
539 2971 674 3043 πρὸς
710 2971 888 3022 πᾶσαν
916 2966 1014 3038 τήν
1047 2965 1158 3019 τῶν
1202 2961 1507 3034 ἀνθρώπων
1536 2959 1873 3027 διαλέγονται
1910 2955 2014 3025 φύ-

428 3081 537 3124 σιν,
559 3060 732 3115 ταῦτα
747 3061 815 3112 τὰ
834 3059 1056 3129 ῥήματα
1070 3055 1340 3126 λέγοντες·
1374 3052 1430 3106 Ἐ
1440 3049 1717 3122 μϐλέψατε
1741 3051 1820 3112 εἰς
1838 3047 2009 3118 ἡμᾶς,

425 3141 530 3206 ὅσα
549 3149 823 3221 ἐπάθομεν
849 3147 1014 3201 δεινά.
1032 3144 1097 3197 Τί
1125 3143 1234 3215 γάρ
1256 3140 1529 3212 ἐπάθομεν
1555 3137 1773 3209 θανάτῳ
1802 3136 2016 3189 καταδι-

427 3239 739 3302 κασθέντες,
775 3235 870 3291 καὶ
898 3234 1045 3306 ζωήν
1068 3231 1319 3304 εὑρόντες
1344 3227 1603 3301 διηνεκῆ;
1653 3224 2013 3295 Κατηξιώθη-

430 3347 534 3401 μεν
559 3325 858 3383 ἀποθέσθαι
886 3322 956 3378 τά
984 3321 1214 3392 σώματα
1235 3317 1325 3372 διά
1346 3317 1437 3370 τὸν
1466 3313 1702 3387 Χριστόν
1721 3330 1735 3344 ·
1766 3316 1816 3366 εἰ
1843 3313 1902 3367 δὲ
1925 3313 2014 3366 διά

423 3418 523 3474 τὸν
552 3415 789 3488 Χριστὸν
832 3412 907 3485 μὴ
942 3409 1419 3482 παρεχωρήσαμεν
1453 3402 1634 3458 αὐτῶν
1667 3403 1782 3467 νῦν,
1821 3401 2014 3473 μικρὸν

426 3506 661 3577 ὕστερον
690 3501 842 3575 [632]
871 3499 1173 3573 ἐμέλλομεν
1193 3497 1288 3555 καὶ
1316 3495 1541 3559 ἀκοντες
1566 3492 1747 3549 αὐτῶν
1775 3493 2015 3565 ἀποστή-

428 3597 623 3652 σεσθαι
650 3595 750 3665 τῆς
796 3588 1133 3664 προσκαίρου
1163 3584 1331 3656 ζωῆς.
1376 3586 1438 3638 Et
1475 3584 1571 3639 καὶ
1605 3581 1680 3654 μὴ
1716 3580 2016 3653 μαρτύριον

427 3682 703 3756 παρελθὸν
734 3678 945 3744 ἐλαϐεν,
970 3676 1085 3732 ἀλλ’
1112 3676 1141 3729 ὁ
1181 3674 1357 3737 κοινὸς
1396 3671 1499 3742 τῆς
1528 3670 1746 3751 φύσεως
1785 3670 2017 3733 θάνατος

431 3773 678 3829 ἐπελθὼν
722 3768 1021 3823 κατέλυσεν
1066 3765 1228 3819 αὑτά.
1281 3763 1381 3819 Διά
1426 3759 1600 3817 ταῦτα
1632 3760 1694 3814 οὑ
1722 3746 2019 3829 ’παυόμεθα

429 3859 885 3934 εὐχαριστοῦντες
923 3855 1004 3928 τῷ
1040 3853 1180 3925 Θεῷ,
1222 3853 1306 3907 ὅτι
1342 3850 1682 3920 κατηξίωσεν
1735 3850 1884 3921 ἡμᾶς
1938 3845 2018 3918 τῷ

432 3953 654 4014 πάντως
709 3945 1043 4018 όφειλομένῳ
1102 3941 1319 4013 θανάτῳ
1380 3939 1518 4013 πρὸς
1588 3938 1863 4010 σωτηρίαν
1908 3935 2019 3991 τῶν

432 4040 723 4112 ἡμετέρων
747 4031 1168 4106 ἀποχρήσασθαι
1205 4030 1412 4102 ψυχῶν,
1444 4029 1539 4083 καὶ
1574 4028 1637 4082 τὸ
1678 4028 1801 4081 κατ’
1847 4026 2019 4095 ἀνάγ-

433 4148 541 4200 κην
583 4126 929 4198 ὀφειλόμενον
959 4124 1018 4175 ἐν
1053 4121 1261 4192 δωρεᾶς
1304 4118 1457 4184 τάξει
1484 4116 1641 4170 ἔλαϐε
1662 4114 1811 4200 ,παρ’
1839 4114 2018 4186 ἡμῶν,

434 4190 534 4272 κοίι
571 4190 710 4287 μέτά
732 4190 831 4285 τής
865 4190 1345 4283 μεγίστης-τιμῆς.
1390 4205 1529 4259 Ἀλλ’
1556 4207 1612 4258 αί
1641 4190 1864 4274 βάσανοι
1896 4221 2023 4273 φορ-

436 4305 611 4368 τικαὶ,
643 4304 740 4357 καὶ
781 4300 1056 4371 ἐπαχθεῖς.
1093 4296 1235 4350 Ἀλλ’
1267 4298 1326 4349 ἐν
1358 4294 1588 4366 βραχείᾳ⁴
1617 4291 1808 4363 καιροῦ
1855 4294 2019 4364 ῥοπῇ,

438 4395 477 4466 ή
522 4394 579 4447 δέ
628 4394 694 4445 ἐκ
736 4389 941 4444 τούτων
991 4386 1177 4448 ἄνεσις
1218 4386 1277 4437 ἐν
1317 4386 1433 4447 τοῖς
1479 4381 1770 4444 ἀθανάτοις
1817 4380 1979 4434 αἰῶσι
2005 4395 2020 4411 ·

443 4481 645 4559 μᾶλλον
669 4480 727 4534 δὲ
759 4477 879 4531 οὐδέ
907 4477 965 4529 ἐν
1007 4473 1237 4547 βραχείᾳ
1265 4470 1460 4543 καιροῦ
1501 4471 1639 4543 ῥοπῇ
1679 4469 1938 4543 φορτικαὶ
1964 4468 2022 4522 αί

440 4557 668 4649 βάσανοι
694 4572 809 4632 τοῖς
835 4568 916 4630 εἰς
946 4565 1014 4619 τὰ
1050 4563 1311 4635 μέλλοντα
1342 4560 1620 4632 βλέπουσι,
1647 4560 1742 4614 καὶ
1766 4558 1905 4630 πρὸς
1931 4557 2024 4613 τὸν

438 4647 787 4733 ἀγωνοθέτην
822 4654 1128 4726 κεχηνόσιν.
1163 4650 1317 4705 Ἐπεὶ
1341 4650 1435 4704 καὶ
1462 4651 1491 4703 ὁ
1525 4649 1794 4720 μακάριος
1822 4647 2026 4716 Στέφα-

438 4770 568 4817 νος,
612 4748 800 4819 ἐπειδὴ
854 4746 945 4799 τὸν
995 4740 1231 4814 Χριστὸν
1278 4738 1427 4811 ἐώρα
1472 4742 1585 4803 τοῖς
1631 4739 1730 4810 τῆς
1782 4737 2023 4801 πίστεως

438 4839 772 4909 ὀρθαλμοῖς,
820 4834 909 4889 διὰ
958 4832 1118 4888 τοῦτο
1150 4829 1259 4885 τῶν
1292 4827 1456 4882 λίθων
1506 4826 1605 4891 τὰς
1655 4825 1884 4895 νιφάδας
1924 4825 2024 4878 οὐκ

439 4929 607 4992 εἶδεν,
641 4925 755 4980 ἀλλ’
781 4924 895 4978 ἀντ’
921 4919 1144 4975 ἐκείνων
1170 4918 1238 4973 τά
1267 4916 1498 4991 βραϐεῖα
1529 4915 1625 4970 καὶ
1663 4914 1791 4978 τοὺς
1823 4911 2023 4983 στεφά-

440 5036 568 5081 νους
602 5015 846 5088 ἠρίθμει.
893 5013 1004 5066 Καὶ
1044 5011 1110 5065 σὺ
1152 5007 1334 5061 τοίνυν
1385 5005 1724 5077 μετάστησον
1770 5003 1877 5057 ἀπὸ
1916 5002 2026 5057 τῶν

442 5106 731 5179 παρόντων
755 5101 893 5174 πρὸς
913 5100 975 5154 τὸ
1000 5098 1192 5171 μέλλον
1220 5096 1282 5150 τὸ
1306 5096 1480 5166 ὄμμα,
1503 5094 1597 5147 καὶ
1621 5093 1741 5147 οὐδέ
1767 5092 2027 5165 βραχεῖαν

440 5195 554 5253 τῶν
580 5186 769 5246 δεῶῶν
803 5189 950 5260 λήψῃ
978 5189 1078 5259 τὴν
1109 5184 1387 5253 αἴσθησιν.

520 5283 585 5355 β’.
605 5280 791 5339 Ταῦτα
814 5280 907 5334 καὶ⁹
932 5275 1150 5333 πλείονα
1169 5273 1375 5328 τούτων
1393 5273 1441 5327 οί
1475 5271 1753 5344 μάρτυρες
1782 5269 2024 5339 λέγουσι,

445 5376 539 5435 καὶ
570 5372 817 5426 πείθουσι
851 5366 1028 5437 πολλῷ
1063 5364 1282 5438 μᾶλλον,
1309 5362 1343 5434 ἢ
1372 5364 1552 5434 ἡμεῖς.
1592 5358 1733 5429 Ἐγὼ
1774 5359 1873 5432 μὲν
1917 5358 2026 5432 γάρ

445 5465 515 5520 ἂν
565 5462 705 5516 εῖπω
750 5460 832 5513 ὅτι
880 5456 1033 5512 οὐδὲν
1066 5454 1179 5526 ἔχει
1230 5452 1485 5524 φορτικὸν
1523 5452 1556 5522 ἡ
1612 5449 1875 5520 βάσανος,
1926 5449 2027 5501 οὑκ

443 5550 572 5620 εἰμὶ
593 5548 904 5614 ἀξιόπιστος
928 5543 1106 5597 ταῦτα
1135 5540 1340 5610 λέγων’
1369 5538 1514 5609 λόγῳ
1554 5537 1663 5609 γάρ
1696 5537 1763 5590 τὰ
1798 5535 2024 5590 τοιαῦτα

444 5636 758 5710 φιλοσοφεῖν
784 5633 935 5687 οὐδὲν
965 5629 1224 5685 δύσκολον
1242 5645 1258 5661 ’
1291 5631 1323 5683 ὁ
1347 5627 1403 5681 δὲ
1433 5626 1642 5700 μάρτυς
1667 5626 1769 5697 τὴν
1802 5624 1890 5679 διὰ
1915 5623 2025 5677 τῶν

444 5725 790 5797 πραγμάτων
825 5721 1007 5791 φωνὴν
1054 5719 1256 5788 ἀφιεὶς,
1300 5716 1489 5770 οὐδένα
1539 5714 1653 5785 ἔχει
1688 5714 1778 5767 τὸν
1821 5713 2030 5766 ἀντιλέ-

447 5830 632 5881 γοντα.
660 5810 770 5867 Καὶ
798 5807 1060 5878 ⁴καθάπερ
1097 5806 1188 5865 ἐπὶ
1230 5805 1333 5863 τῶν
1364 5802 1659 5882 βαλανείων
1697 5801 1904 5883 γίνεται
1945 5801 2026 5859 ἔνη

1411 370 1497 426 DE
1536 367 1832 425 SANCTIS
1870 359 2324 421 ΜΑιιτνιιιΒυδ
2362 357 2614 415 SERMO.

3579 352 3685 409 6'53

2105 486 2213 550 δον,
2247 483 2378 537 ὅταν
2419 477 2622 550 ἀναζέῃ
2670 476 2777 529 τῶν
2820 474 3040 548 θερμῶν
3075 471 3283 528 ὑδάτων
3324 472 3357 543 η
3401 472 3683 544 κολυμϐή-

2103 589 2229 663 θρα,
2266 587 2360 643 καὶ
2394 587 2581 659 μηδεὶς
2611 584 2788 656 θαρρῇ
2818 579 3192 640 καταϐαίνειν.
3219 578 3327 641 ἕως
3362 577 3461 651 μέν
3499 576 3566 631 ἂν
3595 576 3685 631 διά

2100 693 2274 759 λόγων
2329 687 2722 762 παρακαλῶσιν
2769 684 3034 756 ἀλλήλους
3078 683 3128 736 οἱ
3183 682 3279 735 ἐπὶ
3325 678 3422 734 τοῦ
3473 679 3688 752 χείλους

2101 795 2423 866 καθήμενοι,
2449 792 2642 848 οὐδένα
2674 788 2874 862 μᾶλλον
2902 786 3183 840 πείθουσιν
3202 801 3216 816 ⁸
3254 782 3476 838 ἐπειδὰν
3512 781 3570 835 δέ
3604 778 3686 845 εἷς

2101 916 2185 962 τις
2208 898 2267 963 ἐξ
2291 896 2471 952 αὐτῶν
2501 895 2535 968 ἢ
2566 893 2665 965 τήν
2696 893 2855 965 χεῖρα
2876 888 3064 962 καθίῃ,
3092 888 3126 961 ἢ
3151 888 3244 942 τὸν
3275 886 3414 941 πόδα
3440 884 3689 957 χαλάσας

2107 1001 2245 1074 μετά
2270 999 2366 1054 τοῦ
2410 999 2633 1074 θαρρεῖν
2671 997 2791 1051 ὅλον
2826 995 3024 1068 ἐναφίῃ
3057 992 3120 1047 τὸ
3158 990 3342 1064 σῶμα,
3376 987 3547 1059 σιγῶν
3579 986 3688 1040 τῶν

2105 1106 2275 1160 πολλὰ
2325 1102 2712 1174 φθεγγομένων
2772 1100 2974 1173 μᾶλλον
3032 1098 3099 1153 ἂν
3158 1096 3346 1153 ἔπεισε
3392 1095 3521 1160 τοὺς
3576 1094 3690 1149 ἄνω

2107 1208 2449 1279 καθημένους
2496 1205 2906 1276 κατατολμήσαι
2946 1202 3046 1273 τῆς
3083 1199 3494 1272 κολυμϐήθρας·
3545 1196 3690 1251 οὕτω

2106 1311 2203 1366 καὶ
2247 1308 2475 1363 ἐπὶτῶν
2516 1306 2843 1379 μαρτύρων⁸
2879 1306 2976 1359 καὶ
3012 1303 3120 1375 γάρ
3153 1301 3394 1358 ἐνταῦθα
3436 1302 3560 1355 ἀντὶ
3589 1301 3691 1371 τῆς

2108 1408 2495 1482 κολυμϐήθρας
2524 1407 2634 1462 τῶν
2659 1407 2864 1462 ὑδάτων
2905 1408 2938 1477 ἡ
2971 1403 3123 1477 πυρά
3151 1404 3459 1477 πρόκειται.
3488 1404 3554 1457 Οἱ
3591 1402 3690 1473 μὲν

2108 1510 2202 1569 οῦν
2234 1512 2433 1580 ἔξωθεν
2468 1508 2893 1585 περιεστηκότες
2923 1508 3027 1562 κᾶν
3060 1496 3273 1579 μυρίοις
3307 1507 3489 1577 λόγοις
3519 1523 3695 1578 παρα-

2109 1616 2369 1679 καλῶσιν,
2408 1614 2468 1668 οὑ
2501 1613 2708 1685 σφόδρα
2736 1610 3044 1665 πείθουσιν·
3081 1610 3209 1664 ὃταν
3240 1609 3298 1664 δέ
3341 1602 3423 1673 εἷς
3454 1625 3539 1673 τις
3583 1607 3693 1662 τῶν

2113 1717 2406 1792 μαρτύρων
2443 1716 2518 1789 μὴ
2549 1715 2640 1770 τὸν
2679 1714 2837 1782 πόδα,
2886 1712 3023 1785 μηδέ
3061 1712 3163 1785 τὴν
3199 1713 3359 1783 χεῖρα
3403 1711 3562 1782 μόνον
3590 1729 3693 1782 χα-

2107 1821 2247 1893 λάσῃ
2288 1821 2460 1879 κάτω,
2504 1818 2619 1873 ἀλλ’
2652 1817 2773 1872 ὅλον
2809 1818 2994 1889 ἐπαφῇ
3024 1815 3087 1869 τὸ
3122 1811 3303 1886 σῶμα,
3339 1814 3521 1885 πάσης
3554 1831 3694 1886 παρα

2108 1923 2368 1987 αινέσεως
2412 1923 2507 1978 καὶ
2550 1920 2865 1993 συμϐουλῆς
2905 1917 3283 1988 δυνατωτέραν
3322 1917 3696 1989 παρεχόμενος

2107 2023 2207 2097 τὴν
2238 2023 2324 2078 διὰ
2352 2022 2461 2077 τῶν
2502 2021 2844 2095 πραγμάτων
2876 2021 3095 2090 πεῖραν,
3143 2017 3396 2072 ἐκϐάλλει
3447 2018 3557 2074 τῶν
3601 2036 3700 2073 πε-

2111 2127 2477 2201 ριεστηκότων
2500 2125 2600 2197 τήν
2628 2124 2891 2194 ἀγωνίαν.

2181 2230 2367 2285 Είδετε
2426 2227 2548 2293 πῶς
2601 2226 2952 2301 δυνατωτέρα
3006 2227 3104 2283 καὶ
3153 2225 3493 2299 σιγώντωνή
3546 2225 3698 2298 φωνή

2108 2333 2220 2388 τῶν
2262 2330 2585 2404 μαρτύρων;
2614 2327 2715 2383 Διά
2741 2328 2900 2384 τοῦτο
2940 2328 3152 2400 ἀφῆκεν
3196 2329 3330 2400 ἡμῖν
3357 2327 3429 2383 τά
3470 2325 3701 2399 σώματα

2110 2434 2291 2490 αὐτῶν
2322 2435 2350 2488 ὀ
2385 2433 2550 2498 Θεός·
2584 2431 2673 2487 διά
2712 2430 2871 2486 τοῦτο
2911 2431 3080 2486 πάλαι
3111 2432 3457 2502 νικήσαντες,
3485 2430 3701 2485 οὐδέπω

2112 2542 2207 2592 καὶ
2239 2535 2333 2591 νῦν
2372 2536 2701 2606 ἀνέστησαν,
2738 2533 2879 2590 ἀλλά
2908 2535 3035 2596 τοὺς
3087 2533 3186 2605 μὲν
3218 2533 3413 2599 ἄθλους
3466 2533 3700 2606 ὑπέμει-

2112 2656 2210 2694 ναν
2244 2638 2352 2711 πρὸ
2373 2637 2631 2692 τοσούτου
2662 2637 2878 2708 χρόνου,
2904 2635 3009 2707 τῆς
3032 2635 3091 2690 δὲ
3114 2635 3463 2700 ἀναστάσεως
3488 2636 3702 2691 οὐδέπω

2112 2741 2396 2813 ἐπέτυχον,
2447 2741 2661 2795 οὐδέπω
2708 2739 2797 2795 διά
2854 2739 2916 2792 σὲ
2971 2739 3067 2792 καὶ
3124 2737 3227 2810 τὴν
3276 2736 3550 2804 ὠφέλειαν
3600 2740 3702 2808 τὴν

2118 2845 2236 2917 σὴν,
2268 2845 2357 2898 ῐνα
2400 2842 2496 2897 καὶ
2534 2842 2598 2896 σὺ
2646 2843 2855 2896 ἐκεῖνον
2900 2841 2992 2895 τὸν
3041 2840 3281 2912 ἀθλητὴν
3327 2840 3526 2895 ἐννοῶν
3566 2840 3705 2913 πρὸς

2114 2948 2208 3002 τὸν
2246 2946 2409 3002 αὐτὸν
2441 2945 2643 3017 δρόμον
2675 2943 2982 3017 διεγερθῇς.
3012 2942 3236 3007 Τούτοις
3274 2942 3372 3016 μὲν
3402 2943 3512 3015 γάρ
3553 2944 3706 2998 οὐδὲν

2118 3049 2316 3120 βλάϐος
2352 3049 2461 3103 ἀπὸ
2486 3047 2588 3119 τῆς
2621 3046 2893 3115 ἀναϐολῆς
2939 3047 3181 3115 γίνεται’
3214 3046 3298 3100 σοὶ
3347 3045 3405 3101 δέ
3450 3045 3706 3117 μέγιστον

2116 3147 2308 3216 ὄφελος
2331 3147 2399 3200 ἐκ
2421 3145 2521 3215 τῆς
2549 3144 2862 3208 ὑποθέσεως
2889 3143 3155 3198 τίκτεται.
3197 3144 3429 3199 Ἐκεῖνοι
3462 3144 3563 3215 μὲν
3595 3143 3709 3216 γὰρ

2120 3249 2273 3324 [655]
2304 3249 2440 3322 μετά
2466 3249 2642 3305 ταῦτα
2667 3248 3060 3319 ἀπολήψονται,
3092 3247 3195 3301 κᾶν
3228 3249 3302 3320 μὴ
3332 3247 3429 3302 νῦν
3461 3248 3710 3320 ἀπολαμ-

2120 3352 2383 3407 ϐάνωσιν·
2416 3353 2465 3406 εί
2503 3350 2561 3405 δὲ
2595 3352 2905 3423 ἐξήρπασεν
2931 3350 3132 3413 αὐτοὺς
3161 3350 3226 3403 ἐκ
3256 3346 3354 3403 τοῦ
3385 3348 3553 3421 μέσου
3587 3349 3705 3412 νῦν,

2122 3456 2321 3529 πολλὴν
2357 3454 2422 3509 ἂν
2460 3453 2617 3526 ἡμῶν
2655 3452 3003 3526 παράκλησιν
3041 3453 3137 3507 καὶ
3170 3452 3525 3525 παραμυθίαν
3553 3453 3710 3522 ἀφεί-

2119 3559 2268 3613 λετο’
2306 3559 2537 3630 μεγίστη
2576 3556 2684 3627 γάρ
2720 3555 2890 3622 ὅντως
2929 3554 3275 3628 παράκλησις
3320 3555 3412 3609 καὶ
3448 3571 3710 3626 παραμυ-

2121 3659 2213 3715 θία
2253 3658 2362 3715 ἀπὸ
2411 3657 2522 3713 τῶν
2570 3659 2759 3728 τάφων
2791 3657 2901 3713 τῶν
2939 3657 3110 3727 ἀγίων
3141 3656 3351 3711 τούτων
3400 3657 3568 3712 πᾶσιν
3610 3659 3708 3712 ἀν-

2122 3761 2363 3833 θρώποις
2425 3760 2801 3829 προσγίνεται.
2861 3760 2975 3814 Καὶ
3021 3759 3133 3813 τῶν
3191 3758 3500 3831 λεγομένων
3553 3757 3711 3830 ὑμεῖς

2130 3854 2427 3936 μάρτυρες.
2464 3860 2732 3926 Πολλάκις
2768 3859 2902 3931 γοῦν
2937 3860 3095 3931 ἡμῶν
3125 3858 3515 3925 ἀπειλούντων,
3546 3860 3708 3915 κολα-

2127 3968 2417 4028 κευόντων,
2454 3965 2783 4035 φοϐούντων,
2844 3963 3286 4037 προτρεπόντων,
3339 3963 3401 4018 οὐ
3443 3962 3712 4035 τοσαύτην

2129 4070 2380 4139 ἐδέξασθε
2410 4069 2720 4143 προθυμίαν
2750 4070 2831 4132 είς
2870 4066 3054 4139 εὐχὴν,
3084 4067 3204 4121 οὐδὲ
3238 4066 3594 4140 διηγέρθητε·
3632 4070 3715 4132 είς

2125 4173 2181 4226 δὲ
2220 4172 2519 4244 μαρτύριον
2570 4168 2926 4233 ἀπελθόντες,
2966 4168 3182 4233 οὐδενὸς
3231 4167 3712 4240 συμϐουλεύοντος,

2126 4279 2216 4332 τὸν
2254 4278 2426 4347 τάφον
2457 4274 2617 4347 μόνον
2649 4274 2870 4339 ἰδόντες,
2895 4273 3000 4327 τῶν
3032 4271 3202 4340 ἁγίων
3232 4270 3434 4335 πολλὰς
3459 4269 3713 4342 ἐξεχέατε

2128 4377 2381 4451 δακρύων
2423 4375 2629 4448 πηγὰς,
2664 4374 2760 4430 καὶ
2787 4373 3218 4447 διεθερμάνθητε
3264 4375 3321 4427 ἐν
3352 4375 3471 4436 ταῖς
3504 4373 3712 4444 εὐχαῖς.

2130 4481 2324 4536 Καίτοι
2352 4496 2416 4549 γε
2448 4480 2662 4549 ἄφωνος
2683 4478 2712 4531 ὁ
2740 4475 2950 4549 μάρτυς
2978 4478 3158 4530 κεῖται
3181 4475 3239 4527 ἐν
3269 4472 3435 4543 πολλῇ
3464 4475 3529 4544 τῇ
3561 4475 3712 4543 σιγῇ.

2131 4587 2195 4639 Τί
2232 4587 2352 4639 ποτ’
2377 4579 2472 4638 οῦν
2508 4584 2626 4635 ἐστι
2653 4579 2715 4633 τὸ
2747 4578 2973 4634 κεντοῦν
2996 4578 3059 4631 τὸ
3091 4575 3358 4641 συνειδὸς,
3397 4576 3495 4630 καὶ
3526 4575 3716 4631 ποιοῦν

2132 4688 2322 4760 ῶσπερ
2372 4689 2437 4739 ἐκ
2499 4682 2685 4755 πηγῆς
2735 4677 3061 4743 ἀναϐλύζειν
3118 4679 3247 4741 τοὺς
3295 4677 3407 4730 τῶν
3460 4677 3717 4750 δακρύων

2131 4786 2429 4862 κρουνούς;
2461 4785 2608 4856 Αὐτὴ
2638 4781 2734 4837 τοῦ
2771 4781 3050 4854 μάρτυρος
3078 4779 3111 4849 ἡ
3148 4776 3442 4847 φαντασία,
3473 4778 3568 4833 καὶ
3607 4780 3717 4832 τῶν

2133 4887 2590 4961 κατορθωθέντων
2631 4885 2849 4939 πάντων
2883 4883 2917 4953 ή
2959 4882 3169 4953 μνήμη.
3212 4880 3483 4952 Καθάπερ
3526 4880 3637 4952 γὰρ
3665 4882 3717 4935 οἱ

2133 4993 2387 5064 πένητες,
2413 4986 2633 5043 ἐπειδὰν
2663 4985 2814 5039 ἴδωσι
2846 4979 3211 5047 πλουτοῦντας
3230 4982 3452 5057 ἐτέρους
3471 4985 3530 5038 ἐν
3560 4982 3735 5051 ἀξιῶ.-

2136 5112 2299 5168 μασιν
2342 5091 2525 5156 ὄντας,
2570 5084 3094 5162 δορυφορουμένους,
3143 5085 3346 5157 πολλῆς
3378 5086 3529 5158 παρά
3559 5085 3716 5157 βασι-

2131 5197 2269 5259 λέως
2298 5194 2467 5265 τιμῆς
2508 5188 2908 5254 ἀπολαύοντας,
2951 5186 3340 5260 ἀκριϐέστερον
3372 5188 3472 5257 τὴν
3505 5188 3716 5242 ἑαυτῶν

2133 5294 2326 5350 πενίαν
2356 5295 2413 5347 ἐν
2441 5293 2563 5355 ταῖς
2589 5289 2791 5364 ἐτέρων
2817 5289 3147 5362 εὐπραγίαις
3181 5287 3545 5361 μανθάνοντες
3575 5286 3715 5342 ἀπο-

2133 5396 2414 5469 δύρονται·
2444 5391 2588 5448 οὑτω
2629 5390 2695 5463 δὴ
2737 5390 2832 5446 καὶ
2862 5390 3044 5462 ἡμεῖς,
3084 5387 3305 5443 ἐπειδὰν
3348 5387 3714 5461 ἀναμνησθῶ-

2137 5515 2236 5569 μεν
2268 5496 2368 5566 τῆς
2405 5493 2514 5548 τῶν
2553 5491 2845 5565 μαρτύρων
2873 5489 3207 5565 παρρησίας,
3240 5488 3309 5561 ἡν
3350 5487 3536 5559 έχουσι
3579 5490 3717 5562 πρὸς

2134 5601 2226 5655 τὸν
2261 5598 2486 5669 βασιλέα
2526 5594 2639 5650 τῶν
2674 5595 2812 5649 ὅλων
2853 5592 3009 5658 Θεὸν,
3057 5591 3153 5646 καὶ
3200 5589 3303 5662 τῆς
3331 5590 3717 5664 λαμπρότητος

2137 5703 2231 5759 καὶ
2252 5701 2359 5771 τῆς
2385 5698 2564 5769 δόξης,
2587 5697 2681 5751 καὶ
2710 5697 2818 5749 τῶν
2840 5693 3056 5749 οἰκείων
3076 5691 3517 5766 ἀναμνησθῶμεν
3544 5693 3720 5766 ἁμαρ.

2145 5802 2405 5874 πημάτων
2450 5799 2840 5877 ἀκριϐέστερον
2887 5797 2985 5868 τὴν
3030 5793 3242 5853 ἑαυτῶν
3283 5795 3471 5852 πενίαν
3506 5797 3569 5851 ἐκ
3616 5794 3727 5869 τῆς,
