4104 6450
477 455 702 507 ἐκείνων
750 453 1012 525 εὐπορίας
1067 454 1373 516 κατιδόντες
1414 451 1685 523 ἀλγοῦμεν
1729 453 1822 506 καὶ
1856 452 2054 506 ὀδυνῶ-

483 537 657 609 μεθα,
710 538 1222 608 καταμανθάνοντες
1274 538 1397 590 ὅσον
1449 537 1628 590 αὐτῶν
1681 537 2053 608 ἀπολιμπανόο

481 623 621 692 μεθα
639 638 653 652 ⁸
682 621 776 675 καὶ
804 621 957 672 τοῦτό
983 622 1096 673 ἐστι
1125 620 1187 672 τὸ
1213 619 1400 672 ποιοῦν
1427 621 1493 671 τὸ.
1518 619 1748 690 δάκρυα.
1777 622 1875 674 Διὰ
1904 620 2064 674 τοῦτο

480 708 610 775 ἡμῖν
647 706 714 758 τὰ
750 703 974 774 σώματα
1013 705 1224 774 ἀφῆκεν
1257 702 1489 756 ἐνταῦθα
1523 705 1550 755 ὁ
1584 703 1737 766 Θεὸς,
1768 704 1833 757 ἵν’
1867 706 1997 758 ὅταν
2034 706 2064 758 ὁ

477 790 586 841 τῶν
632 788 976 859 πραγμάτων
1024 787 1182 857 ὄχλος
1216 787 1313 839 καὶ
1348 787 1648 854 φροντίδων
1686 787 1892 858 πλῆθος
1933 787 2064 858 βιω-

479 871 646 925 τικῶν
690 871 881 933 σκότος
925 869 1060 922 πολὺ
1108 869 1210 938 τῆς
1245 869 1487 932 διανοίας
1539 871 1922 943 κατασκεδάσῃ
1963 871 2064 941 τῆς

480 954 779 1026 ἡμετέρας,
823 953 854 1023 ἢ
888 953 946 1019 ἐξ
993 951 1278 1006 ἰδιωτικῶν
1321 953 1353 1021 ἢ
1387 955 1453 1005 ἐκ
1485 953 1764 1024 δημοσίων
1803 956 2063 1026 πραγμά-

479 1056 586 1091 των
625 1036 817 1103 (πολλά
863 1037 920 1089 δὲ
970 1034 1240 1106 τοιαῦτα),
1289 1035 1386 1106 τὴν
1433 1037 1612 1089 οἰκίαν
1664 1037 1916 1106 ἀφέντες,
1963 1039 2066 1106 τῆς

481 1121 706 1184 πόλεως,
754 1119 1092 1184 ἐξελθόντες,
1144 1118 1316 1173 πολλά
1368 1118 1581 1191 χαίρειν
1642 1123 1756 1184 τοῖς
1813 1119 2062 1190 θορύϐοις

478 1204 689 1266 τούτοις
743 1203 1023 1267 εἰπόντες,
1079 1203 1529 1273 ἀναχωρήσωμεν
1585 1204 1665 1266 είς
1740 1202 2061 1274 μαρτύριον,

477 1287 875 1356 ἀπολαύσωμεν
908 1285 1010 1355 τῆς
1050 1283 1225 1357 αὔρας
1271 1285 1489 1356 ἐκείνης
1524 1286 1624 1356 τῆς
1661 1287 2060 1356 πνευματικῆς,

477 1370 862 1441 ἐπιλαθώμεθα
899 1369 998 1438 τῆς
1047 1369 1246 1439 πολλῆς
1283 1368 1502 1438 σχολῆς,
1535 1371 1961 1440 ἐντρυφήσωμεν
1995 1372 2060 1440 τῇ

475 1455 704 1526 ἡσυχίᾳ,
753 1451 1144 1523 συγγενώμεθα
1191 1455 1302 1516 τοῖς
1351 1451 1554 1520 ἁγίοις,
1589 1453 2062 1524 παρακαλέσωμεν

475 1539 654 1596 αὐτῶν
699 1539 789 1590 τὸν
828 1537 1170 1606 ἀγωνοθέτην
1211 1535 1351 1606 ὑπὲρ
1403 1535 1504 1605 τῆς
1554 1536 1828 1606 ήμετέρας
1884 1553 2061 1606 σωτη-

480 1625 620 1695 ρίας,
667 1621 868 1682 πολλὰς
908 1620 1190 1691 ἱκετηρίας
1224 1620 1525 1689 ἐκχέωμεν,
1570 1619 1660 1674 διά
1691 1620 1896 1674 τούτων
1928 1621 2063 1673 πάν-

476 1723 580 1759 των
651 1704 980 1773 ἀποθέμενοι
1034 1703 1096 1755 τὸ
1147 1703 1314 1773 βάρος
1361 1702 1457 1755 τοῦ
1522 1702 1857 1767 συνειδότος,
1921 1702 2061 1774 μετά

477 1789 679 1858 πολλῆς
750 1787 850 1858 τῆς
920 1786 1280 1857 ψυχαγωγίας
1345 1786 1528 1840 οἴκαδε
1597 1785 1762 1840 πάλιν
1826 1787 2060 1840 ἐπανέλ-

477 1874 681 1943 θωμεν.

548 1955 861 2028 Μαρτύρων
899 1955 1062 2025 θῆκαι
1092 1953 1245 2006 οὐδὲν
1284 1953 1410 2008 ἀλλο
1441 1954 1602 2019 εἰσὶν,
1635 1954 1751 2009 ἀλλ’
1779 1955 1810 2027 ἢ
1844 1955 2060 2027 λιμένες

475 2041 764 2111 ἀσφαλεῖς,
820 2039 914 2092 καὶ
967 2039 1140 2107 πηγαὶ
1191 2038 1450 2108 ναμάτων
1502 2039 1911 2109 πνευματικῶν,
1966 2043 2060 2094 καὶ

477 2124 740 2195 θησαυροὶ
797 2121 1115 2192 περιουσίας
1155 2121 1458 2186 ἀνάλωτοι,
1503 2121 1776 2192 μηδέποτε
1839 2123 2060 2195 ἐλεγχόο

477 2227 645 2282 μενοι.
673 2209 780 2261 Καὶ
807 2205 1058 2277 καθάπερ
1075 2208 1125 2260 οἱ
1155 2205 1370 2272 λιμένες
1398 2207 1872 2278 ὑποδεχόμενοιτά
1899 2209 2059 2262 πλοῖα

473 2294 688 2355 πολλοῖς
733 2289 939 2362 κύμασι
976 2290 1442 2362 περιαντληθέντα
1474 2293 1531 2344 ἐν
1578 2292 1849 2364 ἀσφαλείᾳ
1901 2293 2059 2346 καθι-

474 2379 692 2440 στῶσιν,
721 2376 861 2430 οὖτω
889 2374 954 2446 δή
991 2375 1083 2428 καὶ
1114 2373 1221 2426 τῶν
1255 2375 1550 2447 μαρτύρων
1578 2376 1634 2428 αἰ
1669 2375 1834 2446 θῆκαι
1869 2377 2060 2431 ὑποδε-

473 2463 704 2534 ξάμεναι
749 2461 848 2524 τὰς
889 2459 1166 2530 ἡμετέρας
1206 2458 1385 2530 ψυχάς
1446 2458 1722 2528 βιωτικοῖς
1768 2461 2058 2532 πράγμασι

476 2543 983 2619 περιαντλουμένας
1029 2544 1089 2595 ἐν
1137 2541 1304 2612 πολλῇ
1358 2541 1658 2595 καθιστῶσι
1708 2542 1920 2615 γαλήνῃ
1965 2543 2058 2596 καὶ

472 2631 779 2701 ἀσφαλείαο
817 2629 911 2681 καὶ
939 2627 1130 2697 ῶσπερ
1164 2626 1219 2679 αί
1259 2625 1440 2697 πηγαὶ
1469 2626 1580 2680 τῶν
1623 2626 1850 2697 ψυχρῶν
1883 2629 2060 2698 ναμά-

471 2735 579 2770 των
613 2716 682 2770 τά
721 2713 1068 2784 πεπονηκότα
1109 2713 1204 2764 καὶ
1238 2709 1680 2780 καταφλεχθέντα
1717 2711 2058 2765 ἀνακτῶνται

475 2802 723 2872 σώματα,
770 2798 913 2852 οὕτω
955 2797 1018 2866 δὴ
1063 2796 1156 2849 καὶ
1189 2790 1347 2849 αὗται
1387 2794 1485 2857 τὰς
1532 2794 1639 2848 ἀπὸ
1685 2794 1793 2848 τῶν
1840 2795 2058 2848 ἀτόπων

471 2884 660 2940 παθῶν
685 2879 1116 2941 κατακαυθείσας
1151 2877 1328 2948 ψυχάς
1353 2877 1748 2946 καταψύχουσι.
1781 2875 1932 2949 [654]
1963 2878 2058 2930 καὶ

472 2968 770 3038 ἐπιθυμίαν
817 2964 1038 3029 ἄτοπον,
1080 2964 1174 3016 καὶ
1216 2962 1410 3032 φθόνον
1453 2963 1710 3032 τήκοντα,
1743 2964 1837 3015 καὶ
1886 2961 2056 3032 θυμὸν

471 3053 684 3118 ζέοντα,
722 3052 816 3104 καὶ
850 3049 904 3102 εί
930 3067 982 3101 τι
1015 3046 1254 3100 τοιοῦτον
1284 3046 1471 3117 ἕτερον
1509 3045 1926 3115 διενοχλήσειεν,
1950 3045 2056 3098 ἀπὸ

469 3142 567 3211 τῆς
605 3139 779 3210 ὅψεως
809 3138 974 3208 μόνης
1007 3133 1424 3196 κατασϐέννυσι,
1454 3133 1548 3186 καὶ
1577 3133 1869 3204 θησαυρῶν
1895 3133 1952 3186 δὲ
1991 3133 2057 3186 ἐκ

471 3230 670 3300 πολλῆς
699 3228 798 3300 τῆς
837 3224 1156 3297 περιουσίας
1205 3223 1448 3294 βελτίους
1499 3225 1658 3278 εἰσίν.
1705 3226 1769 3278 Oi
1819 3223 1918 3296 μὲν
1945 3226 2056 3297 γὰρ

470 3321 577 3376 τῶν
606 3319 904 3392 χρημάτων
949 3315 1216 3386 θησαυροὶ
1268 3314 1497 3377 πολλοὺς
1537 3314 1842 3386 παρέχουσι
1872 3316 2056 3369 κινδύ-

467 3427 594 3472 νους
629 3411 743 3470 τοῖς
783 3405 1132 3478 εὑρίσκουσιν
1171 3403 1390 3468 αὐτοὺς,
1425 3403 1518 3456 καὶ
1553 3405 1634 3466 εἰς
1682 3403 1855 3457 πολλά
1911 3405 2052 3476 μέρη

465 3496 849 3570 διαιρεθέντες,
880 3493 1136 3557 ἐλάττους
1169 3492 1405 3560 γίνονται
1437 3493 1500 3563 τῇ
1529 3491 1790 3563 διανομῇ’
1821 3493 2055 3548 ἐνταῦθα

465 3589 522 3643 δὲ
551 3588 702 3642 οὐδὲν
734 3585 976 3639 τοιοῦτόν
1005 3585 1173 3646 ἐστιν,
1213 3581 1329 3636 ἀλλ’
1367 3581 1649 3645 ἀκίνδυνος
1684 3583 1784 3652 μὲν
1815 3583 1848 3654 ή
1895 3583 2054 3656 εὗρε-

469 3694 571 3740 σις,
605 3674 874 3745 άμείωτος
903 3672 959 3724 δὲ
1009 3672 1042 3742 ὴ
1081 3668 1377 3740 διαίρεσις,
1422 3669 1754 3734 ἀπεναντίας
1799 3674 1914 3736 τοῖς
1962 3673 2050 3726 αἰ-

467 3764 688 3834 σθητοῖς
722 3761 1036 3832 θησαυροῖς.
1075 3759 1300 3811 Ἐκεῖνοι
1339 3758 1438 3828 μὲν
1481 3758 1608 3831 γάρ,
1655 3759 1732 3824 ὡς
1763 3759 1936 3831 ἔφθην
1972 3762 2052 3814 et-

467 3849 606 3916 πὼν,
651 3845 1256 3919 κατακερματισθέντες
1297 3845 1560 3909 ἐλάττους
1594 3847 1870 3915 γίνονται·
1903 3841 2051 3903 οὗτοι

462 3939 520 3993 δὲ
564 3940 693 3994 ὅταν
739 3937 818 3998 εἰς
856 3934 1083 3997 πολλοὺς
1132 3933 1477 4001 διαιρεθῶσι,
1530 3934 1652 3988 τότε
1710 3935 1910 4005 μᾶλλον
1954 3935 2051 4008 τὴν

463 4027 674 4082 οἰκείαν
724 4023 1089 4077 ἐνδείκνυνται
1159 4021 1442 4091 εὐπορίαν.
1485 4022 1724 4093 Τοιαύτη
1785 4023 1894 4095 γάρ
1940 4025 2050 4079 τῶν

465 4111 853 4185 πνευματικῶν
894 4109 1295 4182 πραγμάτωνὴ
1336 4109 1530 4178 φύσις·
1563 4109 1787 4178 αὔξεται
1825 4115 1892 4184 τῇ
1932 4112 2050 4167 δια-

461 4203 626 4272 νομῇ,
654 4200 748 4252 καὶ
780 4198 980 4252 πλείων
1008 4197 1216 4266 γίνεται
1239 4199 1305 4268 τῇ
1328 4197 1611 4270 διαιρέσει.
1639 4200 1751 4270 Οὐχ
1774 4199 1916 4253 οὓτω
1938 4201 2047 4254 λεια

465 4287 646 4359 μῶνές
676 4289 782 4340 εἰσι
822 4285 1073 4357 τερπνοὶ,
1119 4283 1245 4355 ῥόδα
1289 4285 1383 4338 καὶ
1425 4285 1481 4338 ία
1525 4287 1892 4358 παρεχόμενοι
1935 4291 2049 4353 τοῖς

461 4376 780 4448 θεωμένοις,
807 4375 881 4438 ὡς
915 4374 1208 4445 μαρτύρων
1235 4374 1420 4442 τάφοι,
1455 4375 1771 4446 ἁμάραντόν
1799 4394 1922 4432 τινα
1951 4379 2047 4432 καὶ

463 4466 802 4522 ἀκατάλυτον
833 4467 953 4529 ταῖς
983 4462 1180 4535 ψυχαῖς
1209 4463 1576 4536 παρεχόμενοι
1611 4465 1721 4519 τῶν
1758 4467 2048 4538 θεωμένων

459 4557 560 4628 τήν
590 4556 807 4627 ήδονήν.

537 4644 604 4712 γ’.
647 4642 939 4714 Ἀψὼμεθα
956 4642 1134 4695 τοίνυν
1170 4640 1277 4700 τῶν
1311 4641 1496 4714 θηκῶν
1530 4642 1757 4697 ἐκείνων
1791 4643 1930 4716 μετὰ
1957 4645 2049 4698 πί-

468 4747 674 4792 στεως,
720 4729 1206 4802 διαθερμανθῶμεν
1263 4731 1362 4798 τὴν
1414 4729 1673 4792 διάνοιαν,
1729 4733 2044 4804 κινήσωμεν

465 4818 751 4888 ὀδυρμούς.
779 4819 956 4872 Πολλὰ
984 4821 1117 4888 ήμῖν
1149 4817 1462 4889 ἡμάρτηται
1498 4818 1590 4870 καὶ
1619 4819 1830 4888 μεγάλα
1866 4821 2046 4893 ἀμαρ-

463 4906 715 4974 τήματα·
757 4905 844 4957 διὰ
875 4903 1032 4958 τοῦτο
1069 4904 1270 4974 πολλῆς
1316 4903 1549 4974 δεόμεθα
1587 4908 1686 4976 τῆς
1719 4907 2040 4977 θεραπείας,

466 4991 704 5061 σφοδρᾶς
731 4991 831 5061 τῆς
851 4990 1310 5063 ἐξομολογήσεως.
1332 4992 1640 5065 Ἐρῤευσαν
1667 4995 1714 5048 οί
1743 4995 1886 5064 ἅγιοι
1913 4999 2046 5069 μάρ-

461 5098 626 5152 τυρες
665 5073 836 5151 αἷμα,
886 5081 1233 5150 ῥευσάτωσάν
1271 5097 1355 5134 σοι
1398 5081 1448 5134 οί
1487 5081 1756 5155 ὀφθαλμοὶ
1794 5085 2040 5158 δάκρυα·

458 5169 716 5222 δύνανται
743 5177 836 5220 καὶ
862 5166 1072 5236 δάκρυα
1109 5167 1288 5237 πυρὰν
1321 5169 1734 5241 ἁμαρτημάτων
1771 5175 2040 5230 κατασϐέ-

462 5273 594 5310 σαιο
649 5255 1056 5328 κατεξάνθησαν
1107 5257 1303 5310 ἐκεῖνοι
1347 5256 1448 5321 τάς
1500 5258 1758 5330 πλευράς,
1812 5261 2043 5332 δημίους

457 5341 600 5400 εἶδον
632 5343 1040 5417 περιεστῶτας*
1086 5343 1246 5397 τοῦτο
1286 5349 1381 5400 καὶ
1435 5347 1502 5401 σύ
1547 5349 1771 5420 ποίησον
1821 5351 1914 5404 ἐπὶ
1965 5351 2042 5422 τῷ

464 5434 752 5487 συνειδότι·
789 5434 1012 5489 κάθισον
1043 5432 1134 5486 τὸν
1164 5432 1421 5505 λογισμὸν
1465 5436 1754 5499 δικάζοντα
1805 5441 1899 5492 ἐπὶ⁸
1944 5441 2039 5494 τοῦ

460 5520 654 5592 θρόνου
685 5521 785 5592 τῆς
816 5521 1111 5576 ἀδεκάστου
1142 5521 1402 5587 διανοίας,
1440 5525 1729 5595 παράγαγε
1753 5526 1822 5580 τά
1856 5528 2038 5599 ήμαρ-

459 5608 674 5678 τημένα
723 5625 804 5660 σοι
852 5609 1027 5662 πάντα
1073 5610 1153 5672 είς
1198 5609 1386 5680 μέσον,
1433 5611 1696 5680 φοϐεροὺς
1743 5613 2041 5694 ἐπίστησον

459 5699 574 5759 τοῖς
632 5694 1066 5764 πλημμελήμασι
1115 5697 1440 5767 λογισμοὺς,
1490 5697 1716 5752 κόλασον
1765 5701 1864 5766 τάς
1910 5704 2038 5756 ἀτόέ

463 5799 595 5845 πους
640 5781 1001 5851 ἐνθυμήσεις,
1042 5783 1098 5849 ἐξ
1151 5777 1225 5838 ὧν
1276 5783 1343 5838 τά
1388 5785 1759 5857 ἁμαρτήματα
1809 5789 2032 5859 γέγονε,

1183 342 1238 395 s.
1282 313 1566 395 10.x'xxxs
1601 342 2096 396 cmususwm
2126 345 2447 403 Anculep.
2483 350 3036 414 CONSTANTINOP.

3635 364 3742 423 650

2168 460 2307 526 μετὰ
2353 462 2556 534 πολλῆς
2599 467 3008 534 καταξαινέσθω
3053 470 3154 540 τῆς
3197 472 3579 545 σφοδρότητος.
3629 479 3759 535 Ἐὰν

2170 554 2311 608 οὕτω
2377 559 2763 633 μελετήσωμεν
2837 563 3077 631 δικάζειν
3135 569 3403 636 ἑαυτοὺς,
3468 572 3561 625 καὶ
3625 593 3752 644 φευο

2166 655 2370 727 ξόμεθα
2407 660 2468 712 τὸ
2519 662 2749 733 φοϐερὸν
2792 665 2969 719 ἐκεῖνο
3027 670 3330 741 κριτήριον.
3390 670 3517 724 Ὅτι
3572 674 3684 745 γάρ
3730 677 3762 730 ὁ

2165 753 2364 823 κρίνων
2423 759 2613 814 ἑαυτὸν
2666 759 2792 826 νῦν,
2854 764 2948 817 καὶ
3008 762 3117 816 τῶν
3187 766 3599 839 ἡμαρτημένων
3658 773 3758 824 εὐ-

2165 848 2330 916 θύνας
2376 853 2568 910 ἐαυτὸν
2637 859 2886 914 ἀπαιτῶν
2938 861 3228 934 ἀκριϐεῖς,
3276 865 3336 916 οὐ
3407 865 3567 920 δώσει
3616 867 3765 922 κατά

2163 946 2223 1000 τὸ
2263 948 2458 1018 μέλλον
2511 951 2686 1025 δίκην,
2746 957 2978 1014 ἄκουσον
3033 958 3130 1013 τοῦ
3194 961 3412 1014 Παύλου
3466 963 3720 1032 λέγοντος
3746 982 3760 995 ·

2165 1046 2237 1098 Εἰ
2292 1045 2402 1118 γὰρ
2454 1049 2770 1120 ἐκρίνομεν
2822 1054 3097 1124 ἑαυτοὺς,
3131 1060 3243 1112 οὐκ
3279 1058 3358 1112 ἂν
3406 1059 3765 1130 ἐκρινόμεθα

2163 1143 2282 1196 ὑπὸ
2315 1144 2422 1198 τοῦ
2458 1148 2697 1214 Κυρίου.
2745 1151 2870 1214 Τοῖς
2905 1154 3014 1225 γάρ
3051 1153 3286 1221 ἀναξίως
3321 1157 3611 1227 μετέχουσι
3643 1158 3758 1212 τῶν

2167 1241 2483 1312 μυστηρίων
2518 1245 2787 1312 ἐγκαλῶν,
2833 1248 3007 1313 οὕτως
3047 1249 3253 1320 ἐλεγενο
3301 1253 3365 1306 '0
3394 1255 3616 1310 ἐσθίων
3653 1255 3760 1310 καὶ

2165 1335 2356 1389 πίνων
2398 1339 2678 1408 ἀναξίως,
2714 1345 2930 1414 ἔνοχος
2964 1347 3136 1401 ἔσται
3179 1349 3286 1403 τοῦ
3336 1349 3609 1419 σώματος
3656 1353 3763 1406 καί

2164 1431 2270 1486 τοῦ
2291 1433 2538 1503 αἵματος
2560 1438 2667 1492 τοῦ
2689 1442 2932 1508 Κυρίου.
2967 1444 3032 1496 '0
3051 1444 3108 1497 δὲ
3132 1443 3280 1512 λέγει
3308 1444 3546 1500 τοιοῦτόν
3573 1449 3725 1502 ἐστιν
3745 1466 3760 1480 ·

2165 1528 2352 1603 ὥσπερ
2403 1534 2453 1585 οί
2512 1535 2946 1608 σταυρώσαντες,
3006 1541 3162 1610 φησὶ,
3211 1541 3304 1595 τὸν
3346 1543 3570 1614 Ἰησοῦν,
3612 1544 3764 1599 οὕτω

2166 1629 2260 1681 καὶ
2287 1630 2334 1682 οί
2391 1629 2501 1684 τῶν
2553 1635 2869 1706 μυστηρίων
2922 1636 3158 1702 ἀναξίως
3217 1639 3540 1711 μετέχοντες
3596 1639 3760 1714 δίκην

2164 1721 2441 1780 δώσουσιν.
2476 1730 2587 1783 Καὶ
2621 1731 2695 1800 μὴ
2726 1731 3123 1800 καταγνώσωσί
3159 1751 3302 1799 τινες
3327 1735 3633 1807 ὑπερϐολὴν
3657 1735 3760 1790 τοῦ

2165 1821 2340 1891 λόγου.
2379 1825 2613 1896 ’Ῑμάτιόν
2638 1828 2754 1882 ἐστι
2783 1829 3060 1899 βασιλικὸν
3100 1830 3164 1884 τὸ
3212 1831 3367 1902 σῶμα
3407 1832 3468 1886 τὸ
3507 1832 3764 1887 δεσποτι-

2165 1920 2261 1974 κόν
2287 1937 2300 1950 °
2335 1921 2434 2006 τήν
2455 1923 2511 1977 δὲ
2532 1923 2824 1996 ἁλουργίδα
2852 1927 2950 1998 τὴν
2975 1927 3263 2001 βασιλικήν
3285 1929 3379 1983 καὶ
3404 1931 3432 1982 δ
3452 1929 3760 2001 διαρρήξας

2168 2020 2260 2073 καὶ
2295 2021 2324 2074 δ
2363 2022 2549 2092 χερσὶν
2583 2022 2916 2096 ἀκαθάρτοις
2962 2025 3197 2096 μολύνας
3237 2026 3440 2097 ὁμοίως
3479 2026 3712 2098 ὕϐρισαν
3740 2044 3757 2058 °

2165 2117 2246 2171 διὸ
2274 2119 2369 2172 καί
2398 2120 2599 2190 ὁμοίως
2627 2121 2949 2188 κολάζονται
2976 2141 2990 2156 ο
3020 2122 3164 2179 οὕτω
3192 2127 3287 2180 καὶ
3311 2127 3403 2179 ἐπὶ
3431 2123 3526 2180 τοῦ
3561 2124 3757 2198 σώμα-

2160 2232 2252 2280 τος
2282 2215 2375 2270 τοῦ
2409 2217 2645 2288 Χριστοῦ
2677 2220 2904 2288 γίνεται.
2953 2223 3192 2276 Ἰουδαῖοι
3229 2222 3327 2294 μὲν
3360 2222 3492 2278 αὐτὸ
3527 2223 3757 2295 διέρρη-

2163 2311 2260 2378 ξαν
2289 2315 2399 2376 τοῖς
2430 2315 2578 2384 ἥλοις
2608 2317 2698 2368 ἐπὶ
2724 2317 2816 2370 τοῦ
2848 2316 3104 2390 σταυροῦ,
3132 2320 3196 2373 σὺ
3219 2319 3276 2372 δὲ
3302 2319 3360 2372 ἐν
3384 2321 3757 2392 ἁμαρτήμασι

2161 2411 2290 2476 ζῶν,
2325 2413 2621 2485 ἀκαθάρτῳ
2657 2432 2717 2468 τε
2765 2413 2980 2488 γλώττῃ
3027 2416 3122 2470 καὶ
3161 2416 3389 2489 διανοίᾳ.
3437 2417 3539 2470 Διά
3587 2417 3762 2471 τοῦτο

2161 2509 2256 2562 καὶ
2287 2509 2385 2580 τήν
2415 2510 2584 2582 αὐτὴν
2611 2511 2894 2583 ἐπήρτησέ
2944 2529 3026 2567 σοι
3072 2514 3230 2585 δίκην
3278 2515 3309 2568 ό
3358 2513 3589 2577 Παῦλος,
3653 2513 3760 2568 καὶ

2159 2605 2353 2674 ἐπάγει
2383 2605 2574 2675 λέγων’
2609 2608 2713 2662 Διά
2739 2608 2917 2664 τοῦτο
2947 2610 3018 2664 ἐν
3045 2611 3188 2681 ὑμῖν
3217 2611 3435 2666 πολλοὶ
3470 2609 3757 2677 ἀσθενεῖς

2159 2704 2257 2757 καί
2305 2703 2617 2773 ἄρρωστοι,
2653 2706 2804 2780 [655]
2859 2707 2960 2763 καί
2997 2707 3315 2778 κοιμῶνται
3348 2708 3562 2764 ἰκανοί.
3609 2703 3756 2761 Εἶτα

2158 2799 2368 2864 δεικνὺς
2395 2803 2540 2857 δτιοί
2564 2802 2661 2867 τάς
2688 2803 2918 2869 εὐθύνας
2948 2805 3057 2861 τῶν
3084 2806 3494 2878 ἁμαρτημάτων
3522 2806 3756 2868 έαυτούς

2159 2897 2515 2963 ἀπαιτοῦντες
2543 2898 2799 2966 ἐνταῦθα,
2841 2899 3153 2966 δικάζοντες
3187 2901 3363 2957 αὐτῶν
3400 2905 3514 2966 τοῖς
3557 2901 3752 2973 πλημ-

2162 2995 2458 3066 μελήμασι,
2515 2996 2610 3050 καὶ
2655 2997 2854 3069 μηκέτι
2902 3000 3018 3062 τοῖς
3061 2998 3244 3063 αὐτοῖς
3301 2999 3747 3069 περιπίπτοντες,

2155 3094 2472 3167 δυνήσονται
2501 3095 2810 3169 ἐξαρπάσαι
2841 3097 2940 3169 τῆς
2977 3097 3277 3170 μελλούσης
3309 3099 3534 3162 ἑαυτοὺς
3559 3096 3747 3168 ψήφου

2155 3192 2256 3263 τῆς
2299 3190 2537 3264 φοϐερᾶς
2590 3193 2808 3265 ἐκείνης
2851 3193 2947 3248 καὶ
2997 3194 3397 3266 ἀπαραιτήτου,
3433 3194 3750 3266 προσέθηκε

2155 3287 2330 3358 λέγων
2351 3305 2366 3320 ·
2396 3290 2469 3344 Εἰ
2492 3292 2603 3358 τὰρ
2632 3289 2885 3358 ἑαυτοὺς
2911 3291 3246 3360 ἐκρίνομεν,
3275 3292 3390 3346 οὐκ
3415 3291 3494 3346 ἂν
3516 3291 3749 3359 ἐκρινόο

2150 3389 2305 3456 μεθα
2324 3402 2340 3418 ο
2365 3385 2506 3442 νυνί
2551 3386 2621 3441 δὲ
2654 3388 2992 3458 κρινόμενοι
3024 3388 3142 3444 ὑπὸ
3185 3387 3294 3443 τοῦ
3338 3389 3562 3457 Κυρίου
3602 3404 3753 3443 παι-

2155 3482 2466 3553 δευόμεθα,
2502 3483 2604 3539 ινα
2630 3483 2717 3554 μὴ
2755 3485 2880 3538 σὺν
2917 3484 2998 3550 τῷ
3036 3487 3242 3556 κόσμῳ
3273 3484 3748 3554 κατακριθῶμεν.

2156 3580 2565 3652 Καταξάνωμεν
2599 3581 2778 3634 τοίνυν
2829 3581 2987 3652 ήμῶν
3039 3581 3136 3654 τήν
3183 3581 3443 3646 διάνοιαν,
3493 3582 3753 3654 σφοδρῶς

2156 3675 2517 3748 ἐπιτιμῶντες
2562 3679 2679 3741 τοῖς
2719 3677 3040 3742 ἀκολάστοις
3084 3679 3194 3732 τῶν
3239 3677 3513 3749 λογισμῶν
3540 3695 3556 3710 ·
3599 3679 3751 3732 ἀποδ

2156 3771 2452 3844 σμήξωμεν
2509 3772 2670 3845 ήμῶν
2726 3773 2826 3838 τὰς
2875 3775 3094 3846 κηλῖδας
3148 3773 3236 3828 διά
3287 3773 3399 3828 τῶν
3447 3773 3704 3844 δακρύων
3732 3795 3748 3809 ·

2157 3869 2335 3941 μέγας
2379 3868 2490 3924 τῶν
2539 3869 2790 3943 ὀδυρμῶν
2827 3871 3033 3925 τούτων
3065 3873 3093 3926 ό
3123 3871 3352 3942 καρπὸς,
3391 3871 3598 3944 μεγάλη
3632 3887 3752 3926 πα-

2159 3966 2420 4040 ράκλησις
2465 3965 2561 4020 καὶ
2612 3967 2954 4041 παραμυθία.
2989 3969 3200 4040 Ὥσπερ
3242 3967 3351 4040 γάρ
3396 3968 3605 4040 μεγάλη
3638 3968 3748 4023 τοῦ

2153 4063 2388 4132 γέλωτος
2433 4065 2526 4118 καὶ
2569 4064 2668 4136 τῆς
2720 4063 3020 4135 διαχύσεως
3051 4068 3083 4137 ή
3121 4065 3362 4132 κόλασις,
3401 4064 3543 4118 οὓτω
3581 4067 3677 4119 καὶ
3715 4067 3748 4120 δ

2151 4158 2404 4233 διηνεκὴς
2457 4161 2692 4234 ὀδυρμὸς
2752 4159 3096 4234 παράκλησιν
3154 4163 3393 4233 ἐμποιεῖ.
3450 4161 3748 4231 Μακάριοι

2151 4258 2282 4330 γάρ,
2314 4259 2500 4330 φησὶν,
2530 4261 2586 4314 οἱ
2611 4257 2994 4325 πενθοῦντες,
3023 4257 3112 4312 ὅτι
3143 4257 3742 4327 παρακληθήσονται.

2145 4358 2293 4412 Οὐαὶ
2333 4356 2462 4422 τοῖς
2501 4353 2784 4426 γελῶσιν,
2838 4353 2932 4410 ὅτι
2975 4355 3144 4410 αὐτοὶ
3191 4356 3584 4409 κλαύσονται.
3634 4356 3746 4411 Διά

2149 4453 2307 4507 τοῦτο
2349 4455 2444 4508 καὶ
2483 4454 2513 4506 ὁ
2549 4452 2784 4520 Παῦλος,
2839 4451 3016 4508 καίτοι
3064 4451 3232 4523 μηδὲν
3265 4450 3445 4522 ἐαυτῷ
3479 4450 3744 4518 συνειδὼς

2149 4549 2477 4622 ἁμάρτημα,
2531 4551 2590 4602 ἐν
2629 4548 2860 4619 δάκρυσι
2904 4547 3002 4603 καὶ
3046 4546 3268 4620 θρήνοις
3322 4547 3417 4602 τὸν
3449 4549 3626 4603 πάντα
3653 4547 3744 4601 δι-

2149 4646 2332 4717 έτριϐε
2373 4647 2586 4718 χρόνον.
2629 4645 2726 4710 Τίς
2759 4646 2936 4702 ταῦτά
2967 4663 3165 4716 φησινς
3203 4645 3377 4710 Αὐτὸς
3412 4646 3442 4700 δ
3467 4644 3742 4716 μακάριος

2149 4741 2354 4802 ἐκεῖνος
2382 4752 2398 4769 ο
2439 4738 2702 4806 Τριετίαν
2731 4739 2922 4793 νύκτα
2967 4737 3066 4793 καί
3107 4738 3356 4808 ἡμέραν,
3397 4737 3582 4808 φησὶν,
3619 4739 3741 4793 οὐκ

2147 4829 2509 4899 ἐπαυσάμην
2527 4830 2678 4899 μετὰ
2705 4829 2983 4899 δακρύων
3009 4829 3311 4885 νουθετῶν
3336 4829 3445 4884 ἕνα
3470 4830 3743 4885 ἕκαστον

2147 4920 2336 4990 ὑμῶν.
2384 4922 2620 4986 Ἐκεῖνος
2677 4923 2937 4994 τριετίαν,
2995 4925 3159 4993 ἡμεῖς
3211 4923 3316 4976 κᾶν
3383 4923 3530 4994 μῆνα
3592 4923 3736 4976 ἕνα·

2147 5016 2355 5081 ἐκεῖνος
2381 5019 2584 5082 νύκτας
2621 5019 2715 5072 καὶ
2753 5019 2988 5092 ἡμέρας,
3025 5021 3233 5084 ἐκεῖνος
3265 5019 3405 5092 ὑπὲρ
3437 5018 3738 5092 ἀλλοτρίων

2146 5117 2581 5188 ἁμαρτημάτων,
2615 5118 2774 5187 ἡμεῖς
2803 5116 2904 5171 κᾶν
2932 5117 3074 5188 ὑπὲρ
3103 5117 3208 5170 τῶν
3239 5117 3452 5171 οἰκείων
3474 5117 3736 5189 πλημμε-

2145 5213 2403 5286 λημάτων
2435 5230 2448 5244 ο
2483 5215 2688 5278 ἐκεῖνος
2720 5212 2872 5267 οὐδὲν
2903 5213 3081 5284 ἐαυτῷ
3127 5212 3400 5277 συνειδὼς,
3436 5215 3597 5285 ἡμεῖς
3627 5213 3736 5268 κᾶν

2145 5309 2232 5365 διά
2274 5311 2374 5383 τὴν
2418 5309 2640 5382 βαρεῖαν
2687 5309 2844 5382 ήμῶν
2893 5309 3214 5381 συνείδησιν.
3262 5310 3417 5374 Τίνος
3457 5309 3511 5363 δὲ
3546 5309 3735 5363 ἕνεκεν

2146 5408 2351 5473 κλαίεις
2383 5409 2471 5464 διά
2502 5409 2554 5462 τί
2589 5408 2663 5479 μὴ
2698 5407 2936 5462 διδάσκει
2967 5407 3058 5461 καὶ
3094 5411 3350 5479 παραινεῖ
3379 5407 3560 5478 μόνον,
3592 5406 3731 5462 ἀλλὰ

2145 5506 2238 5560 καὶ
2261 5505 2472 5578 δάκρυα
2498 5505 2851 5578 προστίθησι;
2876 5504 3142 5576 Καθάπερ
3172 5505 3355 5581 πατὴρ
3381 5505 3730 5584 φιλόστοργος

2145 5603 2314 5656 παῖδα
2368 5602 2507 5673 ἔχων
2565 5601 2828 5673 μονογενῆ
2878 5601 3161 5672 ἀῤῥωστίᾳ
3213 5605 3598 5674 περιπεσόντα,
3650 5605 3726 5675 μὴ

2144 5698 2501 5768 προσιέμενον
2532 5699 2601 5752 τά
2641 5698 2909 5768 φάρμακα
2945 5697 3057 5752 τῶν
3088 5697 3305 5770 ἰατρῶν,
3344 5699 3479 5753 ἀλλά
3505 5699 3730 5754 διωθού-

2149 5815 2326 5869 μενον,
2369 5795 2826 5868 παρακαθήμενος
2873 5796 3176 5864 κολακεύει,
3220 5798 3384 5869 φιλεῖ,
3422 5797 3721 5870 περιπτύσσ-
