  <div class='ocr_page' id='page_1' title='image "/cluster/home/n/w/nwhite01/storage/ocr_20150623/50:no.2:pt.2/coo.31924054869494/246.png"; bbox 0 0 4104 6498; ppageno 0'>
   <div class='ocr_carea' id='block_1_1' title="bbox 397 422 508 476">
    <p class='ocr_par' dir='ltr' id='par_1_1' title="bbox 397 422 508 476">
     <span class='ocr_line' id='line_1_1' title="bbox 397 422 508 476; baseline -0.018 0"><span class='ocrx_word' id='word_1_1' title='bbox 397 422 508 476; x_wconf 63' lang='grc'><strong>649</strong></span> 
     </span>
    </p>
   </div>
   <div class='ocr_carea' id='block_1_2' title="bbox 379 529 1976 602">
    <p class='ocr_par' dir='ltr' id='par_1_2' title="bbox 379 529 1976 602">
     <span class='ocr_line' id='line_1_2' title="bbox 379 529 1976 602; baseline -0.003 -12"><span class='ocrx_word' id='word_1_2' title='bbox 379 547 503 591; x_wconf 87' lang='lat' dir='ltr'><strong>cata</strong></span> <span class='ocrx_word' id='word_1_3' title='bbox 537 533 786 602; x_wconf 85' lang='lat' dir='ltr'><strong>redeunt,</strong></span> <span class='ocrx_word' id='word_1_4' title='bbox 811 531 937 587; x_wconf 88' lang='lat' dir='ltr'><strong>dum</strong></span> <span class='ocrx_word' id='word_1_5' title='bbox 966 530 1241 602; x_wconf 81' lang='lat' dir='ltr'><strong>penuriam</strong></span> <span class='ocrx_word' id='word_1_6' title='bbox 1268 539 1506 585; x_wconf 87' lang='lat' dir='ltr'><strong>nostram</strong></span> <span class='ocrx_word' id='word_1_7' title='bbox 1539 529 1728 584; x_wconf 85' lang='lat' dir='ltr'><strong>melius</strong></span> <span class='ocrx_word' id='word_1_8' title='bbox 1752 546 1823 586; x_wconf 85' lang='lat' dir='ltr'><strong>ex</strong></span> <span class='ocrx_word' id='word_1_9' title='bbox 1853 531 1976 587; x_wconf 90' lang='lat' dir='ltr'><strong>illo-</strong></span> 
     </span>
    </p>
   </div>
   <div class='ocr_carea' id='block_1_3' title="bbox 381 621 1975 696">
    <p class='ocr_par' dir='ltr' id='par_1_3' title="bbox 381 621 1975 696">
     <span class='ocr_line' id='line_1_3' title="bbox 381 621 1975 696; baseline -0.003 -13"><span class='ocrx_word' id='word_1_10' title='bbox 381 643 507 683; x_wconf 86' lang='lat' dir='ltr'><strong>rum</strong></span> <span class='ocrx_word' id='word_1_11' title='bbox 553 626 746 696; x_wconf 85' lang='lat' dir='ltr'><strong>opibus</strong></span> <span class='ocrx_word' id='word_1_12' title='bbox 787 624 1281 687; x_wconf 72' lang='lat' dir='ltr'><strong>animadvertimus,</strong></span> <span class='ocrx_word' id='word_1_13' title='bbox 1323 621 1566 678; x_wconf 83' lang='lat' dir='ltr'><strong>dolemus</strong></span> <span class='ocrx_word' id='word_1_14' title='bbox 1613 632 1668 676; x_wconf 85' lang='lat' dir='ltr'><strong>et</strong></span> <span class='ocrx_word' id='word_1_15' title='bbox 1712 624 1975 693; x_wconf 89' lang='lat' dir='ltr'><strong>angimur,</strong></span> 
     </span>
    </p>
   </div>
   <div class='ocr_carea' id='block_1_4' title="bbox 384 712 1976 786">
    <p class='ocr_par' dir='ltr' id='par_1_4' title="bbox 384 712 1976 786">
     <span class='ocr_line' id='line_1_4' title="bbox 384 712 1976 786; baseline -0.001 -14"><span class='ocrx_word' id='word_1_16' title='bbox 384 720 515 773; x_wconf 77' lang='lat' dir='ltr'><strong>ilum</strong></span> <span class='ocrx_word' id='word_1_17' title='bbox 561 716 931 786; x_wconf 85' lang='lat' dir='ltr'><strong>intelligimus,</strong></span> <span class='ocrx_word' id='word_1_18' title='bbox 963 725 1162 784; x_wconf 85' lang='lat' dir='ltr'><strong>quanto</strong></span> <span class='ocrx_word' id='word_1_19' title='bbox 1192 715 1259 768; x_wconf 89' lang='lat' dir='ltr'><strong>ab</strong></span> <span class='ocrx_word' id='word_1_20' title='bbox 1289 712 1395 769; x_wconf 86' lang='lat' dir='ltr'><strong>illis</strong></span> <span class='ocrx_word' id='word_1_21' title='bbox 1441 713 1726 769; x_wconf 88' lang='lat' dir='ltr'><strong>intervallo</strong></span> <span class='ocrx_word' id='word_1_22' title='bbox 1753 730 1976 784; x_wconf 89' lang='lat' dir='ltr'><strong>separe-</strong></span> 
     </span>
    </p>
   </div>
   <div class='ocr_carea' id='block_1_5' title="bbox 387 805 1974 879">
    <p class='ocr_par' dir='ltr' id='par_1_5' title="bbox 387 805 1974 879">
     <span class='ocr_line' id='line_1_5' title="bbox 387 805 1974 879; baseline -0.001 -16"><span class='ocrx_word' id='word_1_23' title='bbox 387 827 511 865; x_wconf 88' lang='lat' dir='ltr'><strong>mur</strong></span> <span class='ocrx_word' id='word_1_24' title='bbox 555 827 568 862; x_wconf 92' lang='lat'><strong>:</strong></span> <span class='ocrx_word' id='word_1_25' title='bbox 619 821 781 879; x_wconf 86' lang='lat' dir='ltr'><strong>atque</strong></span> <span class='ocrx_word' id='word_1_26' title='bbox 832 806 936 862; x_wconf 90' lang='lat' dir='ltr'><strong>hoc</strong></span> <span class='ocrx_word' id='word_1_27' title='bbox 975 816 1076 874; x_wconf 91' lang='lat' dir='ltr'><strong>est,</strong></span> <span class='ocrx_word' id='word_1_28' title='bbox 1107 805 1248 878; x_wconf 88' lang='lat' dir='ltr'><strong>quod</strong></span> <span class='ocrx_word' id='word_1_29' title='bbox 1297 806 1452 862; x_wconf 85' lang='lat' dir='ltr'><strong>nobis</strong></span> <span class='ocrx_word' id='word_1_30' title='bbox 1502 806 1764 879; x_wconf 89' lang='lat' dir='ltr'><strong>lacrymas</strong></span> <span class='ocrx_word' id='word_1_31' title='bbox 1810 807 1974 863; x_wconf 78' lang='lat' dir='ltr'><strong>elicit.</strong></span> 
     </span>
    </p>
   </div>
   <div class='ocr_carea' id='block_1_6' title="bbox 384 898 1976 973">
    <p class='ocr_par' dir='ltr' id='par_1_6' title="bbox 384 898 1976 973">
     <span class='ocr_line' id='line_1_6' title="bbox 384 898 1976 973; baseline -0.003 -15"><span class='ocrx_word' id='word_1_32' title='bbox 384 902 674 973; x_wconf 82' lang='lat' dir='ltr'><strong>Propterea</strong></span> <span class='ocrx_word' id='word_1_33' title='bbox 725 900 880 954; x_wconf 86' lang='lat' dir='ltr'><strong>nobis</strong></span> <span class='ocrx_word' id='word_1_34' title='bbox 927 899 1014 953; x_wconf 86' lang='lat' dir='ltr'><strong>hic</strong></span> <span class='ocrx_word' id='word_1_35' title='bbox 1059 913 1286 968; x_wconf 88' lang='lat' dir='ltr'><strong>corpora</strong></span> <span class='ocrx_word' id='word_1_36' title='bbox 1331 898 1549 968; x_wconf 90' lang='lat' dir='ltr'><strong>reliquit</strong></span> <span class='ocrx_word' id='word_1_37' title='bbox 1599 899 1775 966; x_wconf 87' lang='lat' dir='ltr'><strong>Deus,</strong></span> <span class='ocrx_word' id='word_1_38' title='bbox 1821 907 1881 953; x_wconf 90' lang='lat' dir='ltr'><strong>ut</strong></span> <span class='ocrx_word' id='word_1_39' title='bbox 1929 901 1976 955; x_wconf 90' lang='lat' dir='ltr'><strong>si</strong></span> 
     </span>
    </p>
   </div>
   <div class='ocr_carea' id='block_1_7' title="bbox 378 990 1974 1065">
    <p class='ocr_par' dir='ltr' id='par_1_7' title="bbox 378 990 1974 1065">
     <span class='ocr_line' id='line_1_7' title="bbox 378 990 1974 1065; baseline -0.001 -17"><span class='ocrx_word' id='word_1_40' title='bbox 378 995 598 1065; x_wconf 87' lang='lat' dir='ltr'><strong>quando</strong></span> <span class='ocrx_word' id='word_1_41' title='bbox 649 993 985 1063; x_wconf 88' lang='lat' dir='ltr'><strong>negotiorum</strong></span> <span class='ocrx_word' id='word_1_42' title='bbox 1031 990 1206 1058; x_wconf 88' lang='lat' dir='ltr'><strong>turba,</strong></span> <span class='ocrx_word' id='word_1_43' title='bbox 1250 1005 1608 1059; x_wconf 90' lang='lat' dir='ltr'><strong>curarumque</strong></span> <span class='ocrx_word' id='word_1_44' title='bbox 1636 991 1974 1046; x_wconf 62' lang='lat' dir='ltr'><strong>smcularium</strong></span> 
     </span>
    </p>
   </div>
   <div class='ocr_carea' id='block_1_8' title="bbox 381 1084 1970 1154">
    <p class='ocr_par' dir='ltr' id='par_1_8' title="bbox 381 1084 1970 1154">
     <span class='ocr_line' id='line_1_8' title="bbox 381 1084 1970 1154; baseline -0.002 -13"><span class='ocrx_word' id='word_1_45' title='bbox 381 1086 669 1142; x_wconf 87' lang='lat' dir='ltr'><strong>multitudo</strong></span> <span class='ocrx_word' id='word_1_46' title='bbox 698 1085 862 1140; x_wconf 89' lang='lat' dir='ltr'><strong>menti</strong></span> <span class='ocrx_word' id='word_1_47' title='bbox 893 1094 1092 1139; x_wconf 64' lang='lat' dir='ltr'><strong>nostra:</strong></span> <span class='ocrx_word' id='word_1_48' title='bbox 1117 1084 1402 1154; x_wconf 79' lang='lat' dir='ltr'><strong>caliginem</strong></span> <span class='ocrx_word' id='word_1_49' title='bbox 1433 1085 1656 1138; x_wconf 89' lang='lat' dir='ltr'><strong>multam</strong></span> <span class='ocrx_word' id='word_1_50' title='bbox 1702 1084 1970 1152; x_wconf 82' lang='lat' dir='ltr'><strong>olIuderit,</strong></span> 
     </span>
    </p>
   </div>
   <div class='ocr_carea' id='block_1_9' title="bbox 377 1172 1972 1245">
    <p class='ocr_par' dir='ltr' id='par_1_9' title="bbox 377 1172 1972 1245">
     <span class='ocr_line' id='line_1_9' title="bbox 377 1172 1972 1245; baseline 0.001 -15"><span class='ocrx_word' id='word_1_51' title='bbox 377 1179 498 1233; x_wconf 82' lang='lat' dir='ltr'><strong>sive</strong></span> <span class='ocrx_word' id='word_1_52' title='bbox 539 1194 604 1232; x_wconf 83' lang='lat' dir='ltr'><strong>ex</strong></span> <span class='ocrx_word' id='word_1_53' title='bbox 647 1175 954 1231; x_wconf 82' lang='lat' dir='ltr'><strong>domesticis</strong></span> <span class='ocrx_word' id='word_1_54' title='bbox 994 1175 1108 1229; x_wconf 84' lang='lat' dir='ltr'><strong>sive</strong></span> <span class='ocrx_word' id='word_1_55' title='bbox 1139 1172 1369 1244; x_wconf 86' lang='lat' dir='ltr'><strong>publicis</strong></span> <span class='ocrx_word' id='word_1_56' title='bbox 1415 1189 1484 1229; x_wconf 84' lang='lat' dir='ltr'><strong>ex</strong></span> <span class='ocrx_word' id='word_1_57' title='bbox 1515 1175 1762 1245; x_wconf 81' lang='lat' dir='ltr'><strong>negetiis,</strong></span> <span class='ocrx_word' id='word_1_58' title='bbox 1799 1177 1972 1245; x_wconf 80' lang='lat' dir='ltr'><strong>qualia</strong></span> 
     </span>
    </p>
   </div>
   <div class='ocr_carea' id='block_1_10' title="bbox 378 1267 1974 1337">
    <p class='ocr_par' dir='ltr' id='par_1_10' title="bbox 378 1267 1974 1337">
     <span class='ocr_line' id='line_1_10' title="bbox 378 1267 1974 1337; baseline -0.001 -13"><span class='ocrx_word' id='word_1_59' title='bbox 378 1271 548 1325; x_wconf 87' lang='lat' dir='ltr'><strong>multa</strong></span> <span class='ocrx_word' id='word_1_60' title='bbox 580 1271 726 1325; x_wconf 90' lang='lat' dir='ltr'><strong>nasci</strong></span> <span class='ocrx_word' id='word_1_61' title='bbox 772 1269 947 1324; x_wconf 91' lang='lat' dir='ltr'><strong>solent</strong></span> <span class='ocrx_word' id='word_1_62' title='bbox 992 1267 1371 1337; x_wconf 89' lang='lat' dir='ltr'><strong>impedimenta</strong></span> <span class='ocrx_word' id='word_1_63' title='bbox 1402 1284 1416 1322; x_wconf 90' lang='lat'><strong>:</strong></span> <span class='ocrx_word' id='word_1_64' title='bbox 1458 1276 1569 1321; x_wconf 90' lang='lat' dir='ltr'><strong>tum</strong></span> <span class='ocrx_word' id='word_1_65' title='bbox 1599 1268 1784 1322; x_wconf 88' lang='lat' dir='ltr'><strong>relicta</strong></span> <span class='ocrx_word' id='word_1_66' title='bbox 1813 1267 1974 1322; x_wconf 91' lang='lat' dir='ltr'><strong>domo</strong></span> 
     </span>
    </p>
   </div>
   <div class='ocr_carea' id='block_1_11' title="bbox 375 1359 1972 1434">
    <p class='ocr_par' dir='ltr' id='par_1_11' title="bbox 375 1359 1972 1434">
     <span class='ocr_line' id='line_1_11' title="bbox 375 1359 1972 1434; baseline -0.003 -16"><span class='ocrx_word' id='word_1_67' title='bbox 375 1380 448 1418; x_wconf 82' lang='lat' dir='ltr'><strong>ex</strong></span> <span class='ocrx_word' id='word_1_68' title='bbox 500 1365 632 1419; x_wconf 84' lang='lat' dir='ltr'><strong>urbe</strong></span> <span class='ocrx_word' id='word_1_69' title='bbox 678 1363 902 1434; x_wconf 75' lang='lat' dir='ltr'><strong>egressi,</strong></span> <span class='ocrx_word' id='word_1_70' title='bbox 952 1361 1037 1416; x_wconf 89' lang='lat' dir='ltr'><strong>his</strong></span> <span class='ocrx_word' id='word_1_71' title='bbox 1084 1361 1400 1415; x_wconf 83' lang='lat' dir='ltr'><strong>tumultibus</strong></span> <span class='ocrx_word' id='word_1_72' title='bbox 1455 1361 1574 1416; x_wconf 87' lang='lat' dir='ltr'><strong>vale</strong></span> <span class='ocrx_word' id='word_1_73' title='bbox 1620 1359 1860 1416; x_wconf 87' lang='lat' dir='ltr'><strong>dicentes</strong></span> <span class='ocrx_word' id='word_1_74' title='bbox 1905 1360 1972 1415; x_wconf 89' lang='lat' dir='ltr'><strong>ad</strong></span> 
     </span>
    </p>
   </div>
   <div class='ocr_carea' id='block_1_12' title="bbox 376 1451 1972 1528">
    <p class='ocr_par' dir='ltr' id='par_1_12' title="bbox 376 1451 1972 1528">
     <span class='ocr_line' id='line_1_12' title="bbox 376 1451 1972 1528; baseline -0.003 -18"><span class='ocrx_word' id='word_1_75' title='bbox 376 1466 673 1528; x_wconf 75' lang='lat' dir='ltr'><strong>martyrum</strong></span> <span class='ocrx_word' id='word_1_76' title='bbox 703 1454 989 1510; x_wconf 79' lang='lat' dir='ltr'><strong>ecclesiam</strong></span> <span class='ocrx_word' id='word_1_77' title='bbox 1038 1467 1137 1507; x_wconf 88' lang='lat' dir='ltr'><strong>nos</strong></span> <span class='ocrx_word' id='word_1_78' title='bbox 1161 1451 1522 1518; x_wconf 80' lang='lat' dir='ltr'><strong>conferamus,</strong></span> <span class='ocrx_word' id='word_1_79' title='bbox 1548 1466 1677 1506; x_wconf 87' lang='lat' dir='ltr'><strong>aura</strong></span> <span class='ocrx_word' id='word_1_80' title='bbox 1729 1451 1818 1504; x_wconf 89' lang='lat' dir='ltr'><strong>illa</strong></span> <span class='ocrx_word' id='word_1_81' title='bbox 1863 1452 1972 1522; x_wconf 81' lang='lat' dir='ltr'><strong>spi-</strong></span> 
     </span>
    </p>
   </div>
   <div class='ocr_carea' id='block_1_13' title="bbox 375 1544 1971 1616">
    <p class='ocr_par' dir='ltr' id='par_1_13' title="bbox 375 1544 1971 1616">
     <span class='ocr_line' id='line_1_13' title="bbox 375 1544 1971 1616; baseline -0.002 -13"><span class='ocrx_word' id='word_1_82' title='bbox 375 1549 554 1603; x_wconf 89' lang='lat' dir='ltr'><strong>rituali</strong></span> <span class='ocrx_word' id='word_1_83' title='bbox 597 1547 859 1612; x_wconf 78' lang='lat' dir='ltr'><strong>fruamur,</strong></span> <span class='ocrx_word' id='word_1_84' title='bbox 906 1546 1192 1600; x_wconf 87' lang='lat' dir='ltr'><strong>multarum</strong></span> <span class='ocrx_word' id='word_1_85' title='bbox 1239 1544 1647 1616; x_wconf 86' lang='lat' dir='ltr'><strong>occupationum</strong></span> <span class='ocrx_word' id='word_1_86' title='bbox 1693 1544 1971 1600; x_wconf 87' lang='lat' dir='ltr'><strong>oblivisca-</strong></span> 
     </span>
    </p>
   </div>
   <div class='ocr_carea' id='block_1_14' title="bbox 374 1638 1967 1710">
    <p class='ocr_par' dir='ltr' id='par_1_14' title="bbox 374 1638 1967 1710">
     <span class='ocr_line' id='line_1_14' title="bbox 374 1638 1967 1710; baseline -0.001 -16"><span class='ocrx_word' id='word_1_87' title='bbox 374 1657 516 1705; x_wconf 90' lang='lat' dir='ltr'><strong>mur,</strong></span> <span class='ocrx_word' id='word_1_88' title='bbox 547 1641 726 1710; x_wconf 82' lang='lat' dir='ltr'><strong>quiete</strong></span> <span class='ocrx_word' id='word_1_89' title='bbox 771 1655 870 1693; x_wconf 90' lang='lat' dir='ltr'><strong>nos</strong></span> <span class='ocrx_word' id='word_1_90' title='bbox 895 1639 1250 1704; x_wconf 88' lang='lat' dir='ltr'><strong>oblectemus,</strong></span> <span class='ocrx_word' id='word_1_91' title='bbox 1276 1653 1398 1693; x_wconf 91' lang='lat' dir='ltr'><strong>cum</strong></span> <span class='ocrx_word' id='word_1_92' title='bbox 1441 1638 1642 1693; x_wconf 83' lang='lat' dir='ltr'><strong>sanctis</strong></span> <span class='ocrx_word' id='word_1_93' title='bbox 1669 1649 1967 1705; x_wconf 82' lang='lat' dir='ltr'><strong>versemur,</strong></span> 
     </span>
    </p>
   </div>
   <div class='ocr_carea' id='block_1_15' title="bbox 373 1730 1969 1803">
    <p class='ocr_par' dir='ltr' id='par_1_15' title="bbox 373 1730 1969 1803">
     <span class='ocr_line' id='line_1_15' title="bbox 373 1730 1969 1803; baseline -0.001 -16"><span class='ocrx_word' id='word_1_94' title='bbox 373 1748 476 1802; x_wconf 88' lang='lat' dir='ltr'><strong>pro</strong></span> <span class='ocrx_word' id='word_1_95' title='bbox 502 1733 673 1787; x_wconf 87' lang='lat' dir='ltr'><strong>salute</strong></span> <span class='ocrx_word' id='word_1_96' title='bbox 696 1740 876 1786; x_wconf 83' lang='lat' dir='ltr'><strong>nostra</strong></span> <span class='ocrx_word' id='word_1_97' title='bbox 905 1730 1189 1803; x_wconf 77' lang='lat' dir='ltr'><strong>przesidem</strong></span> <span class='ocrx_word' id='word_1_98' title='bbox 1217 1730 1571 1785; x_wconf 86' lang='lat' dir='ltr'><strong>certaminum</strong></span> <span class='ocrx_word' id='word_1_99' title='bbox 1620 1730 1858 1800; x_wconf 91' lang='lat' dir='ltr'><strong>ipsorum</strong></span> <span class='ocrx_word' id='word_1_100' title='bbox 1904 1745 1969 1786; x_wconf 91' lang='lat' dir='ltr'><strong>ac</strong></span> 
     </span>
    </p>
   </div>
   <div class='ocr_carea' id='block_1_16' title="bbox 371 1821 1966 1894">
    <p class='ocr_par' dir='ltr' id='par_1_16' title="bbox 371 1821 1966 1894">
     <span class='ocr_line' id='line_1_16' title="bbox 371 1821 1966 1894; baseline 0.001 -17"><span class='ocrx_word' id='word_1_101' title='bbox 371 1832 766 1879; x_wconf 88' lang='lat' dir='ltr'><strong>muneratorem</strong></span> <span class='ocrx_word' id='word_1_102' title='bbox 797 1823 1246 1891; x_wconf 89' lang='lat' dir='ltr'><strong>oremus,multas</strong></span> <span class='ocrx_word' id='word_1_103' title='bbox 1272 1837 1457 1892; x_wconf 89' lang='lat' dir='ltr'><strong>preces</strong></span> <span class='ocrx_word' id='word_1_104' title='bbox 1485 1821 1785 1886; x_wconf 90' lang='lat' dir='ltr'><strong>fundamus,</strong></span> <span class='ocrx_word' id='word_1_105' title='bbox 1803 1832 1966 1894; x_wconf 90' lang='lat' dir='ltr'><strong>atque</strong></span> 
     </span>
    </p>
   </div>
   <div class='ocr_carea' id='block_1_17' title="bbox 369 1914 1965 1985">
    <p class='ocr_par' dir='ltr' id='par_1_17' title="bbox 369 1914 1965 1985">
     <span class='ocr_line' id='line_1_17' title="bbox 369 1914 1965 1985; baseline 0.001 -18"><span class='ocrx_word' id='word_1_106' title='bbox 369 1915 560 1968; x_wconf 80' lang='lat' dir='ltr'><strong>borum</strong></span> <span class='ocrx_word' id='word_1_107' title='bbox 596 1915 836 1969; x_wconf 89' lang='lat' dir='ltr'><strong>omnium</strong></span> <span class='ocrx_word' id='word_1_108' title='bbox 887 1929 1050 1985; x_wconf 80' lang='lat' dir='ltr'><strong>Opera</strong></span> <span class='ocrx_word' id='word_1_109' title='bbox 1077 1929 1200 1968; x_wconf 89' lang='lat' dir='ltr'><strong>cum</strong></span> <span class='ocrx_word' id='word_1_110' title='bbox 1245 1928 1382 1967; x_wconf 86' lang='lat' dir='ltr'><strong>onus</strong></span> <span class='ocrx_word' id='word_1_111' title='bbox 1410 1914 1755 1968; x_wconf 82' lang='lat' dir='ltr'><strong>conscientiae</strong></span> <span class='ocrx_word' id='word_1_112' title='bbox 1795 1915 1965 1984; x_wconf 87' lang='lat' dir='ltr'><strong>depo-</strong></span> 
     </span>
    </p>
   </div>
   <div class='ocr_carea' id='block_1_18' title="bbox 373 2001 1964 2075">
    <p class='ocr_par' dir='ltr' id='par_1_18' title="bbox 373 2001 1964 2075">
     <span class='ocr_line' id='line_1_18' title="bbox 373 2001 1964 2075; baseline 0 -15"><span class='ocrx_word' id='word_1_113' title='bbox 373 2008 668 2072; x_wconf 81' lang='lat' dir='ltr'><strong>suerimus,</strong></span> <span class='ocrx_word' id='word_1_114' title='bbox 699 2006 861 2068; x_wconf 86' lang='lat' dir='ltr'><strong>multa</strong></span> <span class='ocrx_word' id='word_1_115' title='bbox 887 2020 1006 2061; x_wconf 89' lang='lat' dir='ltr'><strong>cum</strong></span> <span class='ocrx_word' id='word_1_116' title='bbox 1032 2004 1198 2061; x_wconf 87' lang='lat' dir='ltr'><strong>animi</strong></span> <span class='ocrx_word' id='word_1_117' title='bbox 1237 2008 1504 2075; x_wconf 85' lang='lat' dir='ltr'><strong>voluptate</strong></span> <span class='ocrx_word' id='word_1_118' title='bbox 1527 2001 1745 2059; x_wconf 88' lang='lat' dir='ltr'><strong>domum</strong></span> <span class='ocrx_word' id='word_1_119' title='bbox 1771 2005 1964 2060; x_wconf 90' lang='lat' dir='ltr'><strong>iterum</strong></span> 
     </span>
    </p>
   </div>
   <div class='ocr_carea' id='block_1_19' title="bbox 367 2108 728 2153">
    <p class='ocr_par' dir='ltr' id='par_1_19' title="bbox 367 2108 728 2153">
     <span class='ocr_line' id='line_1_19' title="bbox 367 2108 728 2153; baseline 0.003 -1"><span class='ocrx_word' id='word_1_120' title='bbox 367 2108 728 2153; x_wconf 82' lang='lat' dir='ltr'><strong>revertamur.</strong></span> 
     </span>
    </p>
   </div>
   <div class='ocr_carea' id='block_1_20' title="bbox 441 2189 1964 2263">
    <p class='ocr_par' dir='ltr' id='par_1_20' title="bbox 441 2189 1964 2263">
     <span class='ocr_line' id='line_1_20' title="bbox 441 2189 1964 2263; baseline 0.001 -19"><span class='ocrx_word' id='word_1_121' title='bbox 441 2189 566 2244; x_wconf 86' lang='lat' dir='ltr'><strong>Cum</strong></span> <span class='ocrx_word' id='word_1_122' title='bbox 595 2190 837 2261; x_wconf 85' lang='lat' dir='ltr'><strong>portubus</strong></span> <span class='ocrx_word' id='word_1_123' title='bbox 865 2199 912 2244; x_wconf 88' lang='lat' dir='ltr'><strong>et</strong></span> <span class='ocrx_word' id='word_1_124' title='bbox 938 2190 1162 2261; x_wconf 83' lang='lat' dir='ltr'><strong>fontibus</strong></span> <span class='ocrx_word' id='word_1_125' title='bbox 1183 2201 1548 2263; x_wconf 81' lang='lat' dir='ltr'><strong>comparantur</strong></span> <span class='ocrx_word' id='word_1_126' title='bbox 1570 2192 1798 2262; x_wconf 67' lang='lat' dir='ltr'><strong>reliquiae</strong></span> <span class='ocrx_word' id='word_1_127' title='bbox 1819 2191 1964 2245; x_wconf 80' lang='lat' dir='ltr'><strong>Mar-</strong></span> 
     </span>
    </p>
   </div>
   <div class='ocr_carea' id='block_1_21' title="bbox 363 2281 1961 2354">
    <p class='ocr_par' dir='ltr' id='par_1_21' title="bbox 363 2281 1961 2354">
     <span class='ocr_line' id='line_1_21' title="bbox 363 2281 1961 2354; baseline 0.003 -22"><span class='ocrx_word' id='word_1_128' title='bbox 363 2289 534 2350; x_wconf 80' lang='lat' dir='ltr'><strong>tyrum</strong></span> <span class='ocrx_word' id='word_1_129' title='bbox 556 2297 576 2345; x_wconf 90' lang='grc'><em>;</em></span> <span class='ocrx_word' id='word_1_130' title='bbox 599 2298 678 2336; x_wconf 85' lang='lat' dir='ltr'><strong>res</strong></span> <span class='ocrx_word' id='word_1_131' title='bbox 717 2281 1006 2352; x_wconf 86' lang='lat' dir='ltr'><strong>spirituales</strong></span> <span class='ocrx_word' id='word_1_132' title='bbox 1043 2281 1395 2336; x_wconf 75' lang='lat' dir='ltr'><strong>distributione</strong></span> <span class='ocrx_word' id='word_1_133' title='bbox 1437 2291 1710 2348; x_wconf 86' lang='lat' dir='ltr'><strong>crescunt;</strong></span> <span class='ocrx_word' id='word_1_134' title='bbox 1753 2283 1961 2354; x_wconf 82' lang='lat' dir='ltr'><strong>indigne</strong></span> 
     </span>
    </p>
   </div>
   <div class='ocr_carea' id='block_1_22' title="bbox 363 2374 1950 2446">
    <p class='ocr_par' dir='ltr' id='par_1_22' title="bbox 363 2374 1950 2446">
     <span class='ocr_line' id='line_1_22' title="bbox 363 2374 1950 2446; baseline 0.003 -20"><span class='ocrx_word' id='word_1_135' title='bbox 363 2375 797 2428; x_wconf 75' lang='lat' dir='ltr'><strong>communicantes</strong></span> <span class='ocrx_word' id='word_1_136' title='bbox 829 2375 1092 2445; x_wconf 83' lang='lat' dir='ltr'><strong>puniendi.</strong></span> <span class='ocrx_word' id='word_1_137' title='bbox 1121 2405 1194 2415; x_wconf 95' lang='lat'><strong><em>—</em></strong></span> <span class='ocrx_word' id='word_1_138' title='bbox 1220 2374 1360 2430; x_wconf 88' lang='lat' dir='ltr'><strong>Nihil</strong></span> <span class='ocrx_word' id='word_1_139' title='bbox 1389 2375 1534 2429; x_wconf 86' lang='lat' dir='ltr'><strong>aliud</strong></span> <span class='ocrx_word' id='word_1_140' title='bbox 1577 2384 1702 2430; x_wconf 88' lang='lat' dir='ltr'><strong>sunt</strong></span> <span class='ocrx_word' id='word_1_141' title='bbox 1754 2386 1950 2446; x_wconf 79' lang='lat' dir='ltr'><strong>marty-</strong></span> 
     </span>
    </p>
   </div>
   <div class='ocr_carea' id='block_1_23' title="bbox 359 2468 1959 2540">
    <p class='ocr_par' dir='ltr' id='par_1_23' title="bbox 359 2468 1959 2540">
     <span class='ocr_line' id='line_1_23' title="bbox 359 2468 1959 2540; baseline 0.001 -18"><span class='ocrx_word' id='word_1_142' title='bbox 359 2483 482 2522; x_wconf 91' lang='lat' dir='ltr'><strong>rum</strong></span> <span class='ocrx_word' id='word_1_143' title='bbox 509 2469 758 2537; x_wconf 72' lang='lat' dir='ltr'><strong>capsulas,</strong></span> <span class='ocrx_word' id='word_1_144' title='bbox 792 2483 952 2538; x_wconf 90' lang='lat' dir='ltr'><strong>quam</strong></span> <span class='ocrx_word' id='word_1_145' title='bbox 977 2469 1150 2522; x_wconf 91' lang='lat' dir='ltr'><strong>securi</strong></span> <span class='ocrx_word' id='word_1_146' title='bbox 1180 2476 1386 2537; x_wconf 90' lang='lat' dir='ltr'><strong>portus,</strong></span> <span class='ocrx_word' id='word_1_147' title='bbox 1415 2483 1478 2523; x_wconf 89' lang='lat' dir='ltr'><strong>ac</strong></span> <span class='ocrx_word' id='word_1_148' title='bbox 1496 2468 1852 2540; x_wconf 88' lang='lat' dir='ltr'><strong>spiritualium</strong></span> <span class='ocrx_word' id='word_1_149' title='bbox 1883 2470 1959 2524; x_wconf 90' lang='lat' dir='ltr'><strong>la-</strong></span> 
     </span>
    </p>
   </div>
   <div class='ocr_carea' id='block_1_24' title="bbox 359 2558 1956 2631">
    <p class='ocr_par' dir='ltr' id='par_1_24' title="bbox 359 2558 1956 2631">
     <span class='ocr_line' id='line_1_24' title="bbox 359 2558 1956 2631; baseline 0.003 -20"><span class='ocrx_word' id='word_1_150' title='bbox 359 2559 526 2612; x_wconf 87' lang='lat' dir='ltr'><strong>ticum</strong></span> <span class='ocrx_word' id='word_1_151' title='bbox 554 2560 722 2613; x_wconf 85' lang='lat' dir='ltr'><strong>fontes</strong></span> <span class='ocrx_word' id='word_1_152' title='bbox 744 2599 758 2622; x_wconf 93' lang='lat'><strong>,</strong></span> <span class='ocrx_word' id='word_1_153' title='bbox 789 2558 1024 2614; x_wconf 83' lang='lat' dir='ltr'><strong>inviolati</strong></span> <span class='ocrx_word' id='word_1_154' title='bbox 1053 2574 1214 2628; x_wconf 92' lang='lat' dir='ltr'><strong>opum</strong></span> <span class='ocrx_word' id='word_1_155' title='bbox 1244 2559 1479 2613; x_wconf 84' lang='lat' dir='ltr'><strong>thesauri</strong></span> <span class='ocrx_word' id='word_1_156' title='bbox 1504 2599 1519 2625; x_wconf 91' lang='lat'><strong>,</strong></span> <span class='ocrx_word' id='word_1_157' title='bbox 1548 2561 1634 2630; x_wconf 90' lang='lat' dir='ltr'><strong>qui</strong></span> <span class='ocrx_word' id='word_1_158' title='bbox 1662 2575 1956 2631; x_wconf 85' lang='lat' dir='ltr'><strong>numquam</strong></span> 
     </span>
    </p>
   </div>
   <div class='ocr_carea' id='block_1_25' title="bbox 359 2649 1955 2720">
    <p class='ocr_par' dir='ltr' id='par_1_25' title="bbox 359 2649 1955 2720">
     <span class='ocr_line' id='line_1_25' title="bbox 359 2649 1955 2720; baseline 0.002 -16"><span class='ocrx_word' id='word_1_159' title='bbox 359 2649 766 2704; x_wconf 77' lang='lat' dir='ltr'><strong>exhauriuntur.</strong></span> <span class='ocrx_word' id='word_1_160' title='bbox 815 2651 878 2705; x_wconf 87' lang='lat' dir='ltr'><strong>Et</strong></span> <span class='ocrx_word' id='word_1_161' title='bbox 899 2650 1350 2720; x_wconf 85' lang='lat' dir='ltr'><strong>quemadmodum</strong></span> <span class='ocrx_word' id='word_1_162' title='bbox 1383 2659 1568 2720; x_wconf 90' lang='lat' dir='ltr'><strong>portus</strong></span> <span class='ocrx_word' id='word_1_163' title='bbox 1615 2651 1740 2706; x_wconf 90' lang='lat' dir='ltr'><strong>dum</strong></span> <span class='ocrx_word' id='word_1_164' title='bbox 1772 2652 1955 2707; x_wconf 90' lang='lat' dir='ltr'><strong>multis</strong></span> 
     </span>
    </p>
   </div>
   <div class='ocr_carea' id='block_1_26' title="bbox 357 2739 1952 2810">
    <p class='ocr_par' dir='ltr' id='par_1_26' title="bbox 357 2739 1952 2810">
     <span class='ocr_line' id='line_1_26' title="bbox 357 2739 1952 2810; baseline 0.003 -17"><span class='ocrx_word' id='word_1_165' title='bbox 357 2739 610 2795; x_wconf 84' lang='lat' dir='ltr'><strong>fluctibus</strong></span> <span class='ocrx_word' id='word_1_166' title='bbox 635 2739 984 2795; x_wconf 87' lang='lat' dir='ltr'><strong>circumfusas</strong></span> <span class='ocrx_word' id='word_1_167' title='bbox 1010 2754 1174 2795; x_wconf 89' lang='lat' dir='ltr'><strong>naves</strong></span> <span class='ocrx_word' id='word_1_168' title='bbox 1205 2740 1497 2810; x_wconf 84' lang='lat' dir='ltr'><strong>excipiunt,</strong></span> <span class='ocrx_word' id='word_1_169' title='bbox 1528 2741 1580 2795; x_wconf 92' lang='lat' dir='ltr'><strong>in</strong></span> <span class='ocrx_word' id='word_1_170' title='bbox 1601 2749 1712 2795; x_wconf 93' lang='lat' dir='ltr'><strong>tuto</strong></span> <span class='ocrx_word' id='word_1_171' title='bbox 1733 2756 1826 2796; x_wconf 90' lang='lat' dir='ltr'><strong>eas</strong></span> <span class='ocrx_word' id='word_1_172' title='bbox 1845 2742 1952 2797; x_wconf 90' lang='lat' dir='ltr'><strong>col-</strong></span> 
     </span>
    </p>
   </div>
   <div class='ocr_carea' id='block_1_27' title="bbox 354 2831 1949 2901">
    <p class='ocr_par' dir='ltr' id='par_1_27' title="bbox 354 2831 1949 2901">
     <span class='ocr_line' id='line_1_27' title="bbox 354 2831 1949 2901; baseline 0.002 -17"><span class='ocrx_word' id='word_1_173' title='bbox 354 2831 534 2884; x_wconf 89' lang='lat' dir='ltr'><strong>locant</strong></span> <span class='ocrx_word' id='word_1_174' title='bbox 561 2848 573 2885; x_wconf 89' lang='lat'><strong>:</strong></span> <span class='ocrx_word' id='word_1_175' title='bbox 601 2831 678 2885; x_wconf 90' lang='lat' dir='ltr'><strong>sic</strong></span> <span class='ocrx_word' id='word_1_176' title='bbox 723 2831 972 2884; x_wconf 88' lang='lat' dir='ltr'><strong>nimirum</strong></span> <span class='ocrx_word' id='word_1_177' title='bbox 1003 2839 1056 2884; x_wconf 92' lang='lat' dir='ltr'><strong>et</strong></span> <span class='ocrx_word' id='word_1_178' title='bbox 1083 2838 1374 2900; x_wconf 84' lang='lat' dir='ltr'><strong>martyrum</strong></span> <span class='ocrx_word' id='word_1_179' title='bbox 1396 2831 1650 2901; x_wconf 70' lang='lat' dir='ltr'><strong>capsulte,</strong></span> <span class='ocrx_word' id='word_1_180' title='bbox 1681 2831 1808 2887; x_wconf 92' lang='lat' dir='ltr'><strong>dum</strong></span> <span class='ocrx_word' id='word_1_181' title='bbox 1844 2847 1949 2887; x_wconf 67' lang='lat' dir='ltr'><strong>sa:-</strong></span> 
     </span>
    </p>
   </div>
   <div class='ocr_carea' id='block_1_28' title="bbox 354 2919 1951 2991">
    <p class='ocr_par' dir='ltr' id='par_1_28' title="bbox 354 2919 1951 2991">
     <span class='ocr_line' id='line_1_28' title="bbox 354 2919 1951 2991; baseline 0.004 -17"><span class='ocrx_word' id='word_1_182' title='bbox 354 2920 628 2975; x_wconf 88' lang='lat' dir='ltr'><strong>cularibus</strong></span> <span class='ocrx_word' id='word_1_183' title='bbox 656 2921 880 2991; x_wconf 79' lang='lat' dir='ltr'><strong>negouis</strong></span> <span class='ocrx_word' id='word_1_184' title='bbox 909 2919 1265 2976; x_wconf 77' lang='lat' dir='ltr'><strong>Circumfusas</strong></span> <span class='ocrx_word' id='word_1_185' title='bbox 1299 2923 1504 2977; x_wconf 89' lang='lat' dir='ltr'><strong>animas</strong></span> <span class='ocrx_word' id='word_1_186' title='bbox 1544 2933 1755 2978; x_wconf 89' lang='lat' dir='ltr'><strong>nostras</strong></span> <span class='ocrx_word' id='word_1_187' title='bbox 1801 2925 1951 2980; x_wconf 83' lang='lat' dir='ltr'><strong>exci-</strong></span> 
     </span>
    </p>
   </div>
   <div class='ocr_carea' id='block_1_29' title="bbox 353 3011 1950 3081">
    <p class='ocr_par' dir='ltr' id='par_1_29' title="bbox 353 3011 1950 3081">
     <span class='ocr_line' id='line_1_29' title="bbox 353 3011 1950 3081; baseline 0.006 -18"><span class='ocrx_word' id='word_1_188' title='bbox 353 3011 543 3080; x_wconf 90' lang='lat' dir='ltr'><strong>piunt,</strong></span> <span class='ocrx_word' id='word_1_189' title='bbox 576 3011 628 3065; x_wconf 90' lang='lat' dir='ltr'><strong>in</strong></span> <span class='ocrx_word' id='word_1_190' title='bbox 659 3011 824 3066; x_wconf 90' lang='lat' dir='ltr'><strong>multa</strong></span> <span class='ocrx_word' id='word_1_191' title='bbox 846 3011 963 3066; x_wconf 89' lang='lat' dir='ltr'><strong>illas</strong></span> <span class='ocrx_word' id='word_1_192' title='bbox 989 3011 1369 3081; x_wconf 90' lang='lat' dir='ltr'><strong>tranquillitate</strong></span> <span class='ocrx_word' id='word_1_193' title='bbox 1401 3027 1465 3068; x_wconf 91' lang='lat' dir='ltr'><strong>ac</strong></span> <span class='ocrx_word' id='word_1_194' title='bbox 1505 3015 1789 3070; x_wconf 88' lang='lat' dir='ltr'><strong>securitate</strong></span> <span class='ocrx_word' id='word_1_195' title='bbox 1815 3031 1950 3072; x_wconf 90' lang='lat' dir='ltr'><strong>con-</strong></span> 
     </span>
    </p>
   </div>
   <div class='ocr_carea' id='block_1_30' title="bbox 350 3100 1950 3175">
    <p class='ocr_par' dir='ltr' id='par_1_30' title="bbox 350 3100 1950 3175">
     <span class='ocr_line' id='line_1_30' title="bbox 350 3100 1950 3175; baseline 0.004 -22"><span class='ocrx_word' id='word_1_196' title='bbox 350 3101 619 3154; x_wconf 89' lang='lat' dir='ltr'><strong>stituunt:</strong></span> <span class='ocrx_word' id='word_1_197' title='bbox 651 3110 705 3155; x_wconf 93' lang='lat' dir='ltr'><strong>et</strong></span> <span class='ocrx_word' id='word_1_198' title='bbox 755 3100 1203 3171; x_wconf 88' lang='lat' dir='ltr'><strong>quemadmodum</strong></span> <span class='ocrx_word' id='word_1_199' title='bbox 1247 3102 1545 3172; x_wconf 87' lang='lat' dir='ltr'><strong>gelidarum</strong></span> <span class='ocrx_word' id='word_1_200' title='bbox 1579 3104 1750 3160; x_wconf 86' lang='lat' dir='ltr'><strong>fontes</strong></span> <span class='ocrx_word' id='word_1_201' title='bbox 1780 3121 1950 3175; x_wconf 88' lang='lat' dir='ltr'><strong>aqua-</strong></span> 
     </span>
    </p>
   </div>
   <div class='ocr_carea' id='block_1_31' title="bbox 348 3189 1948 3265">
    <p class='ocr_par' dir='ltr' id='par_1_31' title="bbox 348 3189 1948 3265">
     <span class='ocr_line' id='line_1_31' title="bbox 348 3189 1948 3265; baseline 0.006 -22"><span class='ocrx_word' id='word_1_202' title='bbox 348 3206 472 3244; x_wconf 87' lang='lat' dir='ltr'><strong>rum</strong></span> <span class='ocrx_word' id='word_1_203' title='bbox 517 3189 709 3245; x_wconf 84' lang='lat' dir='ltr'><strong>afﬂicta</strong></span> <span class='ocrx_word' id='word_1_204' title='bbox 755 3191 1025 3246; x_wconf 85' lang='lat' dir='ltr'><strong>laboribus</strong></span> <span class='ocrx_word' id='word_1_205' title='bbox 1068 3199 1122 3246; x_wconf 90' lang='lat' dir='ltr'><strong>et</strong></span> <span class='ocrx_word' id='word_1_206' title='bbox 1161 3191 1340 3247; x_wconf 90' lang='lat' dir='ltr'><strong>calore</strong></span> <span class='ocrx_word' id='word_1_207' title='bbox 1372 3192 1579 3247; x_wconf 86' lang='lat' dir='ltr'><strong>defessa</strong></span> <span class='ocrx_word' id='word_1_208' title='bbox 1607 3209 1831 3265; x_wconf 91' lang='lat' dir='ltr'><strong>corpora</strong></span> <span class='ocrx_word' id='word_1_209' title='bbox 1858 3213 1948 3253; x_wconf 88' lang='lat' dir='ltr'><strong>re-</strong></span> 
     </span>
    </p>
   </div>
   <div class='ocr_carea' id='block_1_32' title="bbox 347 3283 1950 3356">
    <p class='ocr_par' dir='ltr' id='par_1_32' title="bbox 347 3283 1950 3356">
     <span class='ocr_line' id='line_1_32' title="bbox 347 3283 1950 3356; baseline 0.002 -17"><span class='ocrx_word' id='word_1_210' title='bbox 347 3293 568 3339; x_wconf 87' lang='lat' dir='ltr'><strong>creant:</strong></span> <span class='ocrx_word' id='word_1_211' title='bbox 599 3285 675 3338; x_wconf 91' lang='lat' dir='ltr'><strong>sic</strong></span> <span class='ocrx_word' id='word_1_212' title='bbox 705 3285 954 3339; x_wconf 87' lang='lat' dir='ltr'><strong>nimirmn</strong></span> <span class='ocrx_word' id='word_1_213' title='bbox 976 3293 1032 3339; x_wconf 90' lang='lat' dir='ltr'><strong>et</strong></span> <span class='ocrx_word' id='word_1_214' title='bbox 1077 3285 1192 3340; x_wconf 73' lang='lat' dir='ltr'><strong>istas</strong></span> <span class='ocrx_word' id='word_1_215' title='bbox 1221 3286 1398 3356; x_wconf 90' lang='lat' dir='ltr'><strong>pravis</strong></span> <span class='ocrx_word' id='word_1_216' title='bbox 1427 3283 1779 3342; x_wconf 80' lang='lat' dir='ltr'><strong>inflammatas</strong></span> <span class='ocrx_word' id='word_1_217' title='bbox 1819 3287 1950 3344; x_wconf 87' lang='lat' dir='ltr'><strong>all&#39;e-</strong></span> 
     </span>
    </p>
   </div>
   <div class='ocr_carea' id='block_1_33' title="bbox 349 3375 1942 3446">
    <p class='ocr_par' dir='ltr' id='par_1_33' title="bbox 349 3375 1942 3446">
     <span class='ocr_line' id='line_1_33' title="bbox 349 3375 1942 3446; baseline 0.001 -16"><span class='ocrx_word' id='word_1_218' title='bbox 349 3375 531 3430; x_wconf 88' lang='lat' dir='ltr'><strong>ctibus</strong></span> <span class='ocrx_word' id='word_1_219' title='bbox 555 3375 761 3429; x_wconf 89' lang='lat' dir='ltr'><strong>animas</strong></span> <span class='ocrx_word' id='word_1_220' title='bbox 788 3375 1123 3446; x_wconf 83' lang='lat' dir='ltr'><strong>refrigerant,</strong></span> <span class='ocrx_word' id='word_1_221' title='bbox 1149 3384 1202 3430; x_wconf 90' lang='lat' dir='ltr'><strong>et</strong></span> <span class='ocrx_word' id='word_1_222' title='bbox 1231 3375 1540 3431; x_wconf 75' lang='lat' dir='ltr'><strong>obscmnam</strong></span> <span class='ocrx_word' id='word_1_223' title='bbox 1562 3377 1906 3446; x_wconf 90' lang='lat' dir='ltr'><strong>cupiditatem</strong></span> <span class='ocrx_word' id='word_1_224' title='bbox 1927 3421 1942 3446; x_wconf 93' lang='lat'><strong>,</strong></span> 
     </span>
    </p>
   </div>
   <div class='ocr_carea' id='block_1_34' title="bbox 345 3467 1944 3540">
    <p class='ocr_par' dir='ltr' id='par_1_34' title="bbox 345 3467 1944 3540">
     <span class='ocr_line' id='line_1_34' title="bbox 345 3467 1944 3540; baseline 0.003 -19"><span class='ocrx_word' id='word_1_225' title='bbox 345 3467 601 3522; x_wconf 88' lang='lat' dir='ltr'><strong>invidiam</strong></span> <span class='ocrx_word' id='word_1_226' title='bbox 625 3467 968 3534; x_wconf 70' lang='lat' dir='ltr'><strong>credentem,</strong></span> <span class='ocrx_word' id='word_1_227' title='bbox 1001 3467 1243 3536; x_wconf 78' lang='lat' dir='ltr'><strong>iramque</strong></span> <span class='ocrx_word' id='word_1_228' title='bbox 1288 3468 1580 3523; x_wconf 89' lang='lat' dir='ltr'><strong>ferventem</strong></span> <span class='ocrx_word' id='word_1_229' title='bbox 1608 3510 1624 3536; x_wconf 94' lang='lat'><strong>,</strong></span> <span class='ocrx_word' id='word_1_230' title='bbox 1649 3477 1704 3524; x_wconf 93' lang='lat' dir='ltr'><strong>et</strong></span> <span class='ocrx_word' id='word_1_231' title='bbox 1747 3470 1791 3524; x_wconf 92' lang='lat' dir='ltr'><strong>si</strong></span> <span class='ocrx_word' id='word_1_232' title='bbox 1818 3469 1944 3540; x_wconf 89' lang='lat' dir='ltr'><strong>quid</strong></span> 
     </span>
    </p>
   </div>
   <div class='ocr_carea' id='block_1_35' title="bbox 343 3559 1944 3631">
    <p class='ocr_par' dir='ltr' id='par_1_35' title="bbox 343 3559 1944 3631">
     <span class='ocr_line' id='line_1_35' title="bbox 343 3559 1944 3631; baseline 0.002 -19"><span class='ocrx_word' id='word_1_233' title='bbox 343 3559 492 3613; x_wconf 90' lang='lat' dir='ltr'><strong>aliud</strong></span> <span class='ocrx_word' id='word_1_234' title='bbox 516 3559 780 3628; x_wconf 85' lang='lat' dir='ltr'><strong>ejusmodi</strong></span> <span class='ocrx_word' id='word_1_235' title='bbox 809 3559 1080 3630; x_wconf 81' lang='lat' dir='ltr'><strong>negotium</strong></span> <span class='ocrx_word' id='word_1_236' title='bbox 1103 3559 1338 3626; x_wconf 85' lang='lat' dir='ltr'><strong>facessit,</strong></span> <span class='ocrx_word' id='word_1_237' title='bbox 1367 3560 1482 3615; x_wconf 91' lang='lat' dir='ltr'><strong>solo</strong></span> <span class='ocrx_word' id='word_1_238' title='bbox 1507 3570 1753 3631; x_wconf 90' lang='lat' dir='ltr'><strong>aspectus</strong></span> <span class='ocrx_word' id='word_1_239' title='bbox 1782 3561 1944 3617; x_wconf 92' lang='lat' dir='ltr'><strong>edant</strong></span> 
     </span>
    </p>
   </div>
   <div class='ocr_carea' id='block_1_36' title="bbox 343 3650 1944 3724">
    <p class='ocr_par' dir='ltr' id='par_1_36' title="bbox 343 3650 1944 3724">
     <span class='ocr_line' id='line_1_36' title="bbox 343 3650 1944 3724; baseline 0.001 -18"><span class='ocrx_word' id='word_1_240' title='bbox 343 3661 404 3706; x_wconf 91' lang='lat' dir='ltr'><strong>et</strong></span> <span class='ocrx_word' id='word_1_241' title='bbox 431 3652 792 3722; x_wconf 83' lang='lat' dir='ltr'><strong>exstinguunt.</strong></span> <span class='ocrx_word' id='word_1_242' title='bbox 825 3650 1109 3705; x_wconf 81' lang='lat' dir='ltr'><strong>Enimvero</strong></span> <span class='ocrx_word' id='word_1_243' title='bbox 1135 3650 1400 3706; x_wconf 90' lang='lat' dir='ltr'><strong>thesauris</strong></span> <span class='ocrx_word' id='word_1_244' title='bbox 1449 3653 1606 3706; x_wconf 86' lang='lat' dir='ltr'><strong>etiam</strong></span> <span class='ocrx_word' id='word_1_245' title='bbox 1635 3652 1791 3724; x_wconf 86' lang='lat' dir='ltr'><strong>longe</strong></span> <span class='ocrx_word' id='word_1_246' title='bbox 1819 3662 1944 3708; x_wconf 91' lang='lat' dir='ltr'><strong>sunt</strong></span> 
     </span>
    </p>
   </div>
   <div class='ocr_carea' id='block_1_37' title="bbox 342 3739 1938 3810">
    <p class='ocr_par' dir='ltr' id='par_1_37' title="bbox 342 3739 1938 3810">
     <span class='ocr_line' id='line_1_37' title="bbox 342 3739 1938 3810; baseline 0.003 -16"><span class='ocrx_word' id='word_1_247' title='bbox 342 3741 622 3810; x_wconf 88' lang='lat' dir='ltr'><strong>potiores:</strong></span> <span class='ocrx_word' id='word_1_248' title='bbox 657 3739 918 3810; x_wconf 89' lang='lat' dir='ltr'><strong>siquidem</strong></span> <span class='ocrx_word' id='word_1_249' title='bbox 961 3741 1309 3810; x_wconf 90' lang='lat' dir='ltr'><strong>pecuniarum</strong></span> <span class='ocrx_word' id='word_1_250' title='bbox 1340 3740 1575 3796; x_wconf 88' lang='lat' dir='ltr'><strong>thesauri</strong></span> <span class='ocrx_word' id='word_1_251' title='bbox 1595 3743 1759 3796; x_wconf 90' lang='lat' dir='ltr'><strong>multa</strong></span> <span class='ocrx_word' id='word_1_252' title='bbox 1790 3743 1894 3798; x_wconf 87' lang='lat' dir='ltr'><strong>illis</strong></span> <span class='ocrx_word' id='word_1_253' title='bbox 1923 3785 1938 3810; x_wconf 96' lang='lat'><strong>,</strong></span> 
     </span>
    </p>
   </div>
   <div class='ocr_carea' id='block_1_38' title="bbox 341 3831 1940 3906">
    <p class='ocr_par' dir='ltr' id='par_1_38' title="bbox 341 3831 1940 3906">
     <span class='ocr_line' id='line_1_38' title="bbox 341 3831 1940 3906; baseline 0.003 -19"><span class='ocrx_word' id='word_1_254' title='bbox 341 3849 374 3887; x_wconf 88' lang='lat' dir='ltr'><strong>a</strong></span> <span class='ocrx_word' id='word_1_255' title='bbox 410 3832 601 3902; x_wconf 87' lang='lat' dir='ltr'><strong>quibus</strong></span> <span class='ocrx_word' id='word_1_256' title='bbox 646 3832 844 3886; x_wconf 90' lang='lat' dir='ltr'><strong>inventi</strong></span> <span class='ocrx_word' id='word_1_257' title='bbox 890 3831 1117 3899; x_wconf 81' lang='lat' dir='ltr'><strong>fuerint,</strong></span> <span class='ocrx_word' id='word_1_258' title='bbox 1165 3843 1348 3887; x_wconf 88' lang='lat' dir='ltr'><strong>creant</strong></span> <span class='ocrx_word' id='word_1_259' title='bbox 1392 3834 1667 3903; x_wconf 89' lang='lat' dir='ltr'><strong>pericula,</strong></span> <span class='ocrx_word' id='word_1_260' title='bbox 1711 3851 1940 3906; x_wconf 89' lang='lat' dir='ltr'><strong>cumque</strong></span> 
     </span>
    </p>
   </div>
   <div class='ocr_carea' id='block_1_39' title="bbox 341 3924 1935 3993">
    <p class='ocr_par' dir='ltr' id='par_1_39' title="bbox 341 3924 1935 3993">
     <span class='ocr_line' id='line_1_39' title="bbox 341 3924 1935 3993; baseline 0.004 -14"><span class='ocrx_word' id='word_1_261' title='bbox 341 3926 543 3980; x_wconf 86' lang='lat' dir='ltr'><strong>multas</strong></span> <span class='ocrx_word' id='word_1_262' title='bbox 563 3924 715 3979; x_wconf 85' lang='lat' dir='ltr'><strong>divisi</strong></span> <span class='ocrx_word' id='word_1_263' title='bbox 745 3925 793 3978; x_wconf 91' lang='lat' dir='ltr'><strong>in</strong></span> <span class='ocrx_word' id='word_1_264' title='bbox 821 3935 997 3993; x_wconf 89' lang='lat' dir='ltr'><strong>partes</strong></span> <span class='ocrx_word' id='word_1_265' title='bbox 1028 3924 1244 3992; x_wconf 87' lang='lat' dir='ltr'><strong>fuerint,</strong></span> <span class='ocrx_word' id='word_1_266' title='bbox 1273 3925 1534 3982; x_wconf 88' lang='lat' dir='ltr'><strong>divisione</strong></span> <span class='ocrx_word' id='word_1_267' title='bbox 1581 3928 1892 3985; x_wconf 90' lang='lat' dir='ltr'><strong>minuuntur</strong></span> <span class='ocrx_word' id='word_1_268' title='bbox 1920 3949 1935 3986; x_wconf 88' lang='lat'><strong>:</strong></span> 
     </span>
    </p>
   </div>
   <div class='ocr_carea' id='block_1_40' title="bbox 343 4016 1940 4087">
    <p class='ocr_par' dir='ltr' id='par_1_40' title="bbox 343 4016 1940 4087">
     <span class='ocr_line' id='line_1_40' title="bbox 343 4016 1940 4087; baseline 0.004 -18"><span class='ocrx_word' id='word_1_269' title='bbox 343 4017 437 4070; x_wconf 86' lang='lat' dir='ltr'><strong>hic</strong></span> <span class='ocrx_word' id='word_1_270' title='bbox 466 4031 594 4070; x_wconf 87' lang='lat' dir='ltr'><strong>vero</strong></span> <span class='ocrx_word' id='word_1_271' title='bbox 617 4016 748 4070; x_wconf 86' lang='lat' dir='ltr'><strong>nihil</strong></span> <span class='ocrx_word' id='word_1_272' title='bbox 772 4016 874 4071; x_wconf 88' lang='lat' dir='ltr'><strong>tale</strong></span> <span class='ocrx_word' id='word_1_273' title='bbox 901 4025 1004 4084; x_wconf 88' lang='lat' dir='ltr'><strong>est,</strong></span> <span class='ocrx_word' id='word_1_274' title='bbox 1036 4016 1130 4072; x_wconf 90' lang='lat' dir='ltr'><strong>sed</strong></span> <span class='ocrx_word' id='word_1_275' title='bbox 1161 4031 1358 4087; x_wconf 85' lang='lat' dir='ltr'><strong>expers</strong></span> <span class='ocrx_word' id='word_1_276' title='bbox 1387 4018 1610 4087; x_wconf 89' lang='lat' dir='ltr'><strong>periculi</strong></span> <span class='ocrx_word' id='word_1_277' title='bbox 1647 4028 1731 4074; x_wconf 92' lang='lat' dir='ltr'><strong>est</strong></span> <span class='ocrx_word' id='word_1_278' title='bbox 1756 4020 1940 4076; x_wconf 83' lang='lat' dir='ltr'><strong>inven-</strong></span> 
     </span>
    </p>
   </div>
   <div class='ocr_carea' id='block_1_41' title="bbox 343 4106 1936 4182">
    <p class='ocr_par' dir='ltr' id='par_1_41' title="bbox 343 4106 1936 4182">
     <span class='ocr_line' id='line_1_41' title="bbox 343 4106 1936 4182; baseline 0.004 -19"><span class='ocrx_word' id='word_1_279' title='bbox 343 4109 462 4170; x_wconf 88' lang='lat' dir='ltr'><strong>tio;</strong></span> <span class='ocrx_word' id='word_1_280' title='bbox 497 4121 669 4176; x_wconf 91' lang='lat' dir='ltr'><strong>neque</strong></span> <span class='ocrx_word' id='word_1_281' title='bbox 715 4106 1120 4162; x_wconf 89' lang='lat' dir='ltr'><strong>diminutionem</strong></span> <span class='ocrx_word' id='word_1_282' title='bbox 1173 4109 1328 4162; x_wconf 72' lang='lat' dir='ltr'><strong>alfert</strong></span> <span class='ocrx_word' id='word_1_283' title='bbox 1385 4108 1615 4176; x_wconf 89' lang='lat' dir='ltr'><strong>divisio,</strong></span> <span class='ocrx_word' id='word_1_284' title='bbox 1677 4111 1936 4182; x_wconf 85' lang='lat' dir='ltr'><strong>planeque</strong></span> 
     </span>
    </p>
   </div>
   <div class='ocr_carea' id='block_1_42' title="bbox 342 4198 1931 4268">
    <p class='ocr_par' dir='ltr' id='par_1_42' title="bbox 342 4198 1931 4268">
     <span class='ocr_line' id='line_1_42' title="bbox 342 4198 1931 4268; baseline 0.003 -15"><span class='ocrx_word' id='word_1_285' title='bbox 342 4198 676 4253; x_wconf 81' lang='lat' dir='ltr'><strong>cootrarium</strong></span> <span class='ocrx_word' id='word_1_286' title='bbox 705 4198 902 4264; x_wconf 88' lang='lat' dir='ltr'><strong>evenit,</strong></span> <span class='ocrx_word' id='word_1_287' title='bbox 935 4201 1076 4268; x_wconf 92' lang='lat' dir='ltr'><strong>quod</strong></span> <span class='ocrx_word' id='word_1_288' title='bbox 1129 4199 1405 4254; x_wconf 89' lang='lat' dir='ltr'><strong>sensilium</strong></span> <span class='ocrx_word' id='word_1_289' title='bbox 1437 4215 1616 4255; x_wconf 91' lang='lat' dir='ltr'><strong>rerum</strong></span> <span class='ocrx_word' id='word_1_290' title='bbox 1647 4201 1931 4259; x_wconf 88' lang='lat' dir='ltr'><strong>thesauris.</strong></span> 
     </span>
    </p>
   </div>
   <div class='ocr_carea' id='block_1_43' title="bbox 344 4291 1932 4364">
    <p class='ocr_par' dir='ltr' id='par_1_43' title="bbox 344 4291 1932 4364">
     <span class='ocr_line' id='line_1_43' title="bbox 344 4291 1932 4364; baseline 0.004 -17"><span class='ocrx_word' id='word_1_291' title='bbox 344 4291 482 4347; x_wconf 83' lang='lat' dir='ltr'><strong>Nam</strong></span> <span class='ocrx_word' id='word_1_292' title='bbox 514 4292 588 4347; x_wconf 91' lang='lat' dir='ltr'><strong>illi</strong></span> <span class='ocrx_word' id='word_1_293' title='bbox 619 4293 854 4364; x_wconf 91' lang='lat' dir='ltr'><strong>quidem,</strong></span> <span class='ocrx_word' id='word_1_294' title='bbox 889 4303 946 4349; x_wconf 91' lang='lat' dir='ltr'><strong>ut</strong></span> <span class='ocrx_word' id='word_1_295' title='bbox 988 4303 1113 4349; x_wconf 90' lang='lat' dir='ltr'><strong>ante</strong></span> <span class='ocrx_word' id='word_1_296' title='bbox 1152 4295 1280 4360; x_wconf 90' lang='lat' dir='ltr'><strong>dixi,</strong></span> <span class='ocrx_word' id='word_1_297' title='bbox 1332 4295 1376 4349; x_wconf 91' lang='lat' dir='ltr'><strong>si</strong></span> <span class='ocrx_word' id='word_1_298' title='bbox 1405 4296 1597 4350; x_wconf 89' lang='lat' dir='ltr'><strong>multas</strong></span> <span class='ocrx_word' id='word_1_299' title='bbox 1622 4294 1837 4354; x_wconf 83' lang='lat' dir='ltr'><strong>dissecti</strong></span> <span class='ocrx_word' id='word_1_300' title='bbox 1880 4299 1932 4353; x_wconf 90' lang='lat' dir='ltr'><strong>in</strong></span> 
     </span>
    </p>
   </div>
   <div class='ocr_carea' id='block_1_44' title="bbox 343 4383 1931 4453">
    <p class='ocr_par' dir='ltr' id='par_1_44' title="bbox 343 4383 1931 4453">
     <span class='ocr_line' id='line_1_44' title="bbox 343 4383 1931 4453; baseline 0.006 -18"><span class='ocrx_word' id='word_1_301' title='bbox 343 4393 528 4453; x_wconf 82' lang='lat' dir='ltr'><strong>partes</strong></span> <span class='ocrx_word' id='word_1_302' title='bbox 557 4383 776 4453; x_wconf 88' lang='lat' dir='ltr'><strong>fuerint,</strong></span> <span class='ocrx_word' id='word_1_303' title='bbox 807 4387 1042 4441; x_wconf 88' lang='lat' dir='ltr'><strong>minores</strong></span> <span class='ocrx_word' id='word_1_304' title='bbox 1071 4384 1236 4452; x_wconf 77' lang='lat' dir='ltr'><strong>fiunt;</strong></span> <span class='ocrx_word' id='word_1_305' title='bbox 1270 4387 1356 4442; x_wconf 92' lang='lat' dir='ltr'><strong>isti</strong></span> <span class='ocrx_word' id='word_1_306' title='bbox 1397 4402 1527 4443; x_wconf 90' lang='lat' dir='ltr'><strong>vero</strong></span> <span class='ocrx_word' id='word_1_307' title='bbox 1556 4403 1676 4442; x_wconf 91' lang='lat' dir='ltr'><strong>cum</strong></span> <span class='ocrx_word' id='word_1_308' title='bbox 1707 4390 1758 4443; x_wconf 91' lang='lat' dir='ltr'><strong>in</strong></span> <span class='ocrx_word' id='word_1_309' title='bbox 1790 4391 1931 4444; x_wconf 82' lang='lat' dir='ltr'><strong>mul-</strong></span> 
     </span>
    </p>
   </div>
   <div class='ocr_carea' id='block_1_45' title="bbox 342 4475 1930 4548">
    <p class='ocr_par' dir='ltr' id='par_1_45' title="bbox 342 4475 1930 4548">
     <span class='ocr_line' id='line_1_45' title="bbox 342 4475 1930 4548; baseline 0.005 -21"><span class='ocrx_word' id='word_1_310' title='bbox 342 4483 429 4528; x_wconf 90' lang='lat' dir='ltr'><strong>tos</strong></span> <span class='ocrx_word' id='word_1_311' title='bbox 458 4475 651 4529; x_wconf 88' lang='lat' dir='ltr'><strong>fuerint</strong></span> <span class='ocrx_word' id='word_1_312' title='bbox 695 4476 999 4543; x_wconf 90' lang='lat' dir='ltr'><strong>distributi,</strong></span> <span class='ocrx_word' id='word_1_313' title='bbox 1053 4483 1162 4531; x_wconf 88' lang='lat' dir='ltr'><strong>tum</strong></span> <span class='ocrx_word' id='word_1_314' title='bbox 1194 4491 1344 4531; x_wconf 89' lang='lat' dir='ltr'><strong>suam</strong></span> <span class='ocrx_word' id='word_1_315' title='bbox 1387 4479 1554 4548; x_wconf 84' lang='lat' dir='ltr'><strong>magis</strong></span> <span class='ocrx_word' id='word_1_316' title='bbox 1583 4479 1930 4548; x_wconf 65' lang='lat' dir='ltr'><strong>‘opulentiam</strong></span> 
     </span>
    </p>
   </div>
   <div class='ocr_carea' id='block_1_46' title="bbox 337 4565 1931 4638">
    <p class='ocr_par' dir='ltr' id='par_1_46' title="bbox 337 4565 1931 4638">
     <span class='ocr_line' id='line_1_46' title="bbox 337 4565 1931 4638; baseline 0.004 -20"><span class='ocrx_word' id='word_1_317' title='bbox 337 4565 647 4620; x_wconf 87' lang='lat' dir='ltr'><strong>ostendunt.</strong></span> <span class='ocrx_word' id='word_1_318' title='bbox 683 4565 827 4622; x_wconf 79' lang='lat' dir='ltr'><strong>Talis</strong></span> <span class='ocrx_word' id='word_1_319' title='bbox 877 4565 1072 4638; x_wconf 90' lang='lat' dir='ltr'><strong>quippe</strong></span> <span class='ocrx_word' id='word_1_320' title='bbox 1103 4582 1280 4622; x_wconf 91' lang='lat' dir='ltr'><strong>rerum</strong></span> <span class='ocrx_word' id='word_1_321' title='bbox 1324 4577 1407 4622; x_wconf 90' lang='lat' dir='ltr'><strong>est</strong></span> <span class='ocrx_word' id='word_1_322' title='bbox 1452 4567 1805 4638; x_wconf 88' lang='lat' dir='ltr'><strong>spiritualium</strong></span> <span class='ocrx_word' id='word_1_323' title='bbox 1834 4588 1931 4625; x_wconf 89' lang='lat' dir='ltr'><strong>na-</strong></span> 
     </span>
    </p>
   </div>
   <div class='ocr_carea' id='block_1_47' title="bbox 339 4655 1926 4730">
    <p class='ocr_par' dir='ltr' id='par_1_47' title="bbox 339 4655 1926 4730">
     <span class='ocr_line' id='line_1_47' title="bbox 339 4655 1926 4730; baseline 0.004 -20"><span class='ocrx_word' id='word_1_324' title='bbox 339 4667 457 4710; x_wconf 89' lang='lat' dir='ltr'><strong>tura</strong></span> <span class='ocrx_word' id='word_1_325' title='bbox 483 4674 497 4721; x_wconf 88' lang='lat'>;</span> <span class='ocrx_word' id='word_1_326' title='bbox 531 4655 903 4712; x_wconf 80' lang='lat' dir='ltr'><strong>distributione</strong></span> <span class='ocrx_word' id='word_1_327' title='bbox 933 4659 1146 4724; x_wconf 88' lang='lat' dir='ltr'><strong>crescit,</strong></span> <span class='ocrx_word' id='word_1_328' title='bbox 1171 4657 1501 4714; x_wconf 87' lang='lat' dir='ltr'><strong>etdivisione</strong></span> <span class='ocrx_word' id='word_1_329' title='bbox 1529 4660 1926 4730; x_wconf 87' lang='lat' dir='ltr'><strong>multiplicatur.</strong></span> 
     </span>
    </p>
   </div>
   <div class='ocr_carea' id='block_1_48' title="bbox 337 4747 1933 4823">
    <p class='ocr_par' dir='ltr' id='par_1_48' title="bbox 337 4747 1933 4823">
     <span class='ocr_line' id='line_1_48' title="bbox 337 4747 1933 4823; baseline 0.003 -19"><span class='ocrx_word' id='word_1_330' title='bbox 337 4747 454 4804; x_wconf 75' lang='lat' dir='ltr'><strong>Neu</strong></span> <span class='ocrx_word' id='word_1_331' title='bbox 493 4749 560 4801; x_wconf 90' lang='lat' dir='ltr'><strong>ita</strong></span> <span class='ocrx_word' id='word_1_332' title='bbox 609 4764 707 4804; x_wconf 89' lang='lat' dir='ltr'><strong>nos</strong></span> <span class='ocrx_word' id='word_1_333' title='bbox 753 4757 902 4818; x_wconf 84' lang='lat' dir='ltr'><strong>prata</strong></span> <span class='ocrx_word' id='word_1_334' title='bbox 957 4749 1264 4814; x_wconf 85' lang='lat' dir='ltr'><strong>delectant,</strong></span> <span class='ocrx_word' id='word_1_335' title='bbox 1302 4749 1427 4804; x_wconf 91' lang='lat' dir='ltr'><strong>dum</strong></span> <span class='ocrx_word' id='word_1_336' title='bbox 1474 4765 1626 4806; x_wconf 85' lang='lat' dir='ltr'><strong>rosas</strong></span> <span class='ocrx_word' id='word_1_337' title='bbox 1658 4750 1933 4823; x_wconf 89' lang='lat' dir='ltr'><strong>violasque</strong></span> 
     </span>
    </p>
   </div>
   <div class='ocr_carea' id='block_1_49' title="bbox 334 4840 1928 4912">
    <p class='ocr_par' dir='ltr' id='par_1_49' title="bbox 334 4840 1928 4912">
     <span class='ocr_line' id='line_1_49' title="bbox 334 4840 1928 4912; baseline 0.004 -19"><span class='ocrx_word' id='word_1_338' title='bbox 334 4840 661 4908; x_wconf 86' lang='lat' dir='ltr'><strong>spectandas</strong></span> <span class='ocrx_word' id='word_1_339' title='bbox 709 4840 1091 4910; x_wconf 89' lang='lat' dir='ltr'><strong>suppeditant,</strong></span> <span class='ocrx_word' id='word_1_340' title='bbox 1131 4855 1196 4896; x_wconf 91' lang='lat' dir='ltr'><strong>ac</strong></span> <span class='ocrx_word' id='word_1_341' title='bbox 1238 4852 1532 4912; x_wconf 81' lang='lat' dir='ltr'><strong>martyrum</strong></span> <span class='ocrx_word' id='word_1_342' title='bbox 1562 4843 1768 4908; x_wconf 90' lang='lat' dir='ltr'><strong>tumuli,</strong></span> <span class='ocrx_word' id='word_1_343' title='bbox 1802 4844 1928 4900; x_wconf 91' lang='lat' dir='ltr'><strong>dum</strong></span> 
     </span>
    </p>
   </div>
   <div class='ocr_carea' id='block_1_50' title="bbox 333 4933 1928 5007">
    <p class='ocr_par' dir='ltr' id='par_1_50' title="bbox 333 4933 1928 5007">
     <span class='ocr_line' id='line_1_50' title="bbox 333 4933 1928 5007; baseline 0.006 -23"><span class='ocrx_word' id='word_1_344' title='bbox 333 4947 627 5002; x_wconf 86' lang='lat' dir='ltr'><strong>numquam</strong></span> <span class='ocrx_word' id='word_1_345' title='bbox 659 4943 1076 4989; x_wconf 90' lang='lat' dir='ltr'><strong>marcescentem</strong></span> <span class='ocrx_word' id='word_1_346' title='bbox 1122 4943 1176 4988; x_wconf 91' lang='lat' dir='ltr'><strong>et</strong></span> <span class='ocrx_word' id='word_1_347' title='bbox 1211 4933 1632 4991; x_wconf 90' lang='lat' dir='ltr'><strong>indissolubilem</strong></span> <span class='ocrx_word' id='word_1_348' title='bbox 1653 4945 1928 5007; x_wconf 87' lang='lat' dir='ltr'><strong>spectato-</strong></span> 
     </span>
    </p>
   </div>
   <div class='ocr_carea' id='block_1_51' title="bbox 331 5023 1321 5096">
    <p class='ocr_par' dir='ltr' id='par_1_51' title="bbox 331 5023 1321 5096">
     <span class='ocr_line' id='line_1_51' title="bbox 331 5023 1321 5096; baseline 0.001 -19"><span class='ocrx_word' id='word_1_349' title='bbox 331 5037 453 5077; x_wconf 86' lang='lat' dir='ltr'><strong>rum</strong></span> <span class='ocrx_word' id='word_1_350' title='bbox 486 5024 680 5078; x_wconf 91' lang='lat' dir='ltr'><strong>animis</strong></span> <span class='ocrx_word' id='word_1_351' title='bbox 711 5023 944 5079; x_wconf 86' lang='lat' dir='ltr'><strong>all&#39;erunt</strong></span> <span class='ocrx_word' id='word_1_352' title='bbox 973 5026 1321 5096; x_wconf 90' lang='lat' dir='ltr'><strong>voluptatem.</strong></span> 
     </span>
    </p>
   </div>
   <div class='ocr_carea' id='block_1_52' title="bbox 411 5113 1924 5188">
    <p class='ocr_par' dir='ltr' id='par_1_52' title="bbox 411 5113 1924 5188">
     <span class='ocr_line' id='line_1_52' title="bbox 411 5113 1924 5188; baseline 0.003 -20"><span class='ocrx_word' id='word_1_353' title='bbox 411 5114 462 5168; x_wconf 79' lang='grc'><strong>5.</strong></span> <span class='ocrx_word' id='word_1_354' title='bbox 522 5113 732 5170; x_wconf 87' lang='lat' dir='ltr'><strong>Thecas</strong></span> <span class='ocrx_word' id='word_1_355' title='bbox 762 5116 922 5186; x_wconf 79' lang='lat' dir='ltr'><strong>igitur</strong></span> <span class='ocrx_word' id='word_1_356' title='bbox 974 5117 1094 5171; x_wconf 90' lang='lat' dir='ltr'><strong>illas</strong></span> <span class='ocrx_word' id='word_1_357' title='bbox 1140 5133 1262 5172; x_wconf 92' lang='lat' dir='ltr'><strong>cum</strong></span> <span class='ocrx_word' id='word_1_358' title='bbox 1311 5115 1416 5172; x_wconf 83' lang='lat' dir='ltr'><strong>fide</strong></span> <span class='ocrx_word' id='word_1_359' title='bbox 1468 5117 1924 5188; x_wconf 88' lang='lat' dir='ltr'><strong>complectamur,</strong></span> 
     </span>
    </p>
   </div>
   <div class='ocr_carea' id='block_1_53' title="bbox 332 5203 1926 5277">
    <p class='ocr_par' dir='ltr' id='par_1_53' title="bbox 332 5203 1926 5277">
     <span class='ocr_line' id='line_1_53' title="bbox 332 5203 1926 5277; baseline 0.004 -19"><span class='ocrx_word' id='word_1_360' title='bbox 332 5203 738 5260; x_wconf 88' lang='lat' dir='ltr'><strong>inardeseamus</strong></span> <span class='ocrx_word' id='word_1_361' title='bbox 790 5215 987 5272; x_wconf 91' lang='lat' dir='ltr'><strong>mente,</strong></span> <span class='ocrx_word' id='word_1_362' title='bbox 1038 5208 1265 5277; x_wconf 77' lang='lat' dir='ltr'><strong>gemitus</strong></span> <span class='ocrx_word' id='word_1_363' title='bbox 1321 5206 1726 5277; x_wconf 87' lang='lat' dir='ltr'><strong>profundamus.</strong></span> <span class='ocrx_word' id='word_1_364' title='bbox 1763 5208 1926 5264; x_wconf 85' lang='lat' dir='ltr'><strong>Multa</strong></span> 
     </span>
    </p>
   </div>
   <div class='ocr_carea' id='block_1_54' title="bbox 331 5294 1925 5369">
    <p class='ocr_par' dir='ltr' id='par_1_54' title="bbox 331 5294 1925 5369">
     <span class='ocr_line' id='line_1_54' title="bbox 331 5294 1925 5369; baseline 0.004 -21"><span class='ocrx_word' id='word_1_365' title='bbox 331 5303 462 5348; x_wconf 89' lang='lat' dir='ltr'><strong>sunt</strong></span> <span class='ocrx_word' id='word_1_366' title='bbox 488 5311 517 5348; x_wconf 90' lang='lat' dir='ltr'><strong>a</strong></span> <span class='ocrx_word' id='word_1_367' title='bbox 555 5294 706 5351; x_wconf 90' lang='lat' dir='ltr'><strong>nobis</strong></span> <span class='ocrx_word' id='word_1_368' title='bbox 738 5296 969 5352; x_wconf 89' lang='lat' dir='ltr'><strong>admissa</strong></span> <span class='ocrx_word' id='word_1_369' title='bbox 1000 5297 1218 5364; x_wconf 89' lang='lat' dir='ltr'><strong>delicta,</strong></span> <span class='ocrx_word' id='word_1_370' title='bbox 1261 5306 1316 5352; x_wconf 91' lang='lat' dir='ltr'><strong>et</strong></span> <span class='ocrx_word' id='word_1_371' title='bbox 1345 5313 1536 5369; x_wconf 86' lang='lat' dir='ltr'><strong>magna</strong></span> <span class='ocrx_word' id='word_1_372' title='bbox 1566 5307 1693 5353; x_wconf 87' lang='lat' dir='ltr'><strong>sunt</strong></span> <span class='ocrx_word' id='word_1_373' title='bbox 1742 5309 1925 5354; x_wconf 87' lang='lat' dir='ltr'><strong>nostra</strong></span> 
     </span>
    </p>
   </div>
   <div class='ocr_carea' id='block_1_55' title="bbox 331 5388 1927 5461">
    <p class='ocr_par' dir='ltr' id='par_1_55' title="bbox 331 5388 1927 5461">
     <span class='ocr_line' id='line_1_55' title="bbox 331 5388 1927 5461; baseline 0.002 -19"><span class='ocrx_word' id='word_1_374' title='bbox 331 5397 553 5458; x_wconf 85' lang='lat' dir='ltr'><strong>peccata</strong></span> <span class='ocrx_word' id='word_1_375' title='bbox 578 5405 591 5442; x_wconf 91' lang='lat'>:</span> <span class='ocrx_word' id='word_1_376' title='bbox 615 5397 895 5459; x_wconf 89' lang='lat' dir='ltr'><strong>propterea</strong></span> <span class='ocrx_word' id='word_1_377' title='bbox 925 5391 1087 5444; x_wconf 91' lang='lat' dir='ltr'><strong>multa</strong></span> <span class='ocrx_word' id='word_1_378' title='bbox 1119 5388 1405 5456; x_wconf 90' lang='lat' dir='ltr'><strong>medicina,</strong></span> <span class='ocrx_word' id='word_1_379' title='bbox 1444 5398 1500 5444; x_wconf 93' lang='lat' dir='ltr'><strong>et</strong></span> <span class='ocrx_word' id='word_1_380' title='bbox 1528 5389 1764 5461; x_wconf 80' lang='lat' dir='ltr'><strong>diligenti</strong></span> <span class='ocrx_word' id='word_1_381' title='bbox 1796 5405 1927 5446; x_wconf 79' lang='lat' dir='ltr'><strong>con-</strong></span> 
     </span>
    </p>
   </div>
   <div class='ocr_carea' id='block_1_56' title="bbox 331 5478 1923 5553">
    <p class='ocr_par' dir='ltr' id='par_1_56' title="bbox 331 5478 1923 5553">
     <span class='ocr_line' id='line_1_56' title="bbox 331 5478 1923 5553; baseline 0.004 -19"><span class='ocrx_word' id='word_1_382' title='bbox 331 5478 570 5536; x_wconf 87' lang='lat' dir='ltr'><strong>fessione</strong></span> <span class='ocrx_word' id='word_1_383' title='bbox 623 5481 946 5552; x_wconf 85' lang='lat' dir='ltr'><strong>indigemus.</strong></span> <span class='ocrx_word' id='word_1_384' title='bbox 999 5479 1316 5537; x_wconf 74' lang='lat' dir='ltr'><strong>Effuderunt</strong></span> <span class='ocrx_word' id='word_1_385' title='bbox 1374 5483 1688 5553; x_wconf 85' lang='lat' dir='ltr'><strong>sanguinem</strong></span> <span class='ocrx_word' id='word_1_386' title='bbox 1754 5486 1923 5542; x_wconf 90' lang='lat' dir='ltr'><strong>sancti</strong></span> 
     </span>
    </p>
   </div>
   <div class='ocr_carea' id='block_1_57' title="bbox 330 5569 1927 5645">
    <p class='ocr_par' dir='ltr' id='par_1_57' title="bbox 330 5569 1927 5645">
     <span class='ocr_line' id='line_1_57' title="bbox 330 5569 1927 5645; baseline 0.003 -20"><span class='ocrx_word' id='word_1_387' title='bbox 330 5579 602 5642; x_wconf 86' lang='lat' dir='ltr'><strong>martyres</strong></span> <span class='ocrx_word' id='word_1_388' title='bbox 626 5612 640 5633; x_wconf 88' lang='lat'><strong>.</strong></span> <span class='ocrx_word' id='word_1_389' title='bbox 669 5569 808 5626; x_wconf 88' lang='lat' dir='ltr'><strong>oculi</strong></span> <span class='ocrx_word' id='word_1_390' title='bbox 835 5571 911 5626; x_wconf 91' lang='lat' dir='ltr'><strong>tui</strong></span> <span class='ocrx_word' id='word_1_391' title='bbox 941 5571 1206 5644; x_wconf 85' lang='lat' dir='ltr'><strong>lacrymas</strong></span> <span class='ocrx_word' id='word_1_392' title='bbox 1237 5572 1330 5628; x_wconf 83' lang='lat' dir='ltr'><strong>tibi</strong></span> <span class='ocrx_word' id='word_1_393' title='bbox 1358 5572 1635 5628; x_wconf 81' lang='lat' dir='ltr'><strong>elfundant</strong></span> <span class='ocrx_word' id='word_1_394' title='bbox 1660 5592 1673 5629; x_wconf 89' lang='lat'><strong>:</strong></span> <span class='ocrx_word' id='word_1_395' title='bbox 1705 5583 1927 5645; x_wconf 87' lang='lat' dir='ltr'><strong>possunt</strong></span> 
     </span>
    </p>
   </div>
   <div class='ocr_carea' id='block_1_58' title="bbox 330 5661 1923 5735">
    <p class='ocr_par' dir='ltr' id='par_1_58' title="bbox 330 5661 1923 5735">
     <span class='ocr_line' id='line_1_58' title="bbox 330 5661 1923 5735; baseline 0.004 -18"><span class='ocrx_word' id='word_1_396' title='bbox 330 5669 391 5717; x_wconf 83' lang='lat' dir='ltr'><strong>et</strong></span> <span class='ocrx_word' id='word_1_397' title='bbox 417 5661 668 5734; x_wconf 69' lang='lat' dir='ltr'><strong>lacrymze</strong></span> <span class='ocrx_word' id='word_1_398' title='bbox 695 5671 1037 5732; x_wconf 90' lang='lat' dir='ltr'><strong>peccatorum</strong></span> <span class='ocrx_word' id='word_1_399' title='bbox 1067 5678 1254 5734; x_wconf 88' lang='lat' dir='ltr'><strong>rogum</strong></span> <span class='ocrx_word' id='word_1_400' title='bbox 1282 5665 1658 5735; x_wconf 83' lang='lat' dir='ltr'><strong>exstinguere;</strong></span> <span class='ocrx_word' id='word_1_401' title='bbox 1693 5666 1923 5723; x_wconf 87' lang='lat' dir='ltr'><strong>lacerata</strong></span> 
     </span>
    </p>
   </div>
   <div class='ocr_carea' id='block_1_59' title="bbox 333 5753 1920 5820">
    <p class='ocr_par' dir='ltr' id='par_1_59' title="bbox 333 5753 1920 5820">
     <span class='ocr_line' id='line_1_59' title="bbox 333 5753 1920 5820; baseline 0.002 -11"><span class='ocrx_word' id='word_1_402' title='bbox 333 5753 552 5809; x_wconf 88' lang='lat' dir='ltr'><strong>fuerunt</strong></span> <span class='ocrx_word' id='word_1_403' title='bbox 579 5753 682 5809; x_wconf 90' lang='lat' dir='ltr'><strong>illis</strong></span> <span class='ocrx_word' id='word_1_404' title='bbox 705 5754 890 5820; x_wconf 82' lang='lat' dir='ltr'><strong>latera,</strong></span> <span class='ocrx_word' id='word_1_405' title='bbox 913 5754 1192 5810; x_wconf 79' lang='lat' dir='ltr'><strong>carnifices</strong></span> <span class='ocrx_word' id='word_1_406' title='bbox 1209 5755 1458 5811; x_wconf 89' lang='lat' dir='ltr'><strong>videbant</strong></span> <span class='ocrx_word' id='word_1_407' title='bbox 1483 5757 1920 5814; x_wconf 85' lang='lat' dir='ltr'><strong>circumstantes:</strong></span> 
     </span>
    </p>
   </div>
   <div class='ocr_carea' id='block_1_60' title="bbox 338 5845 1920 5922">
    <p class='ocr_par' dir='ltr' id='par_1_60' title="bbox 338 5845 1920 5922">
     <span class='ocr_line' id='line_1_60' title="bbox 338 5845 1920 5922; baseline 0.004 -20"><span class='ocrx_word' id='word_1_408' title='bbox 338 5845 578 5916; x_wconf 77' lang='lat' dir='ltr'><strong>itlipsum</strong></span> <span class='ocrx_word' id='word_1_409' title='bbox 603 5855 658 5902; x_wconf 92' lang='lat' dir='ltr'><strong>tu</strong></span> <span class='ocrx_word' id='word_1_410' title='bbox 686 5863 897 5918; x_wconf 87' lang='lat' dir='ltr'><strong>quoque</strong></span> <span class='ocrx_word' id='word_1_411' title='bbox 919 5846 1177 5905; x_wconf 85' lang='lat' dir='ltr'><strong>adversus</strong></span> <span class='ocrx_word' id='word_1_412' title='bbox 1209 5857 1350 5905; x_wconf 84' lang='lat' dir='ltr'><strong>tuam</strong></span> <span class='ocrx_word' id='word_1_413' title='bbox 1381 5847 1760 5906; x_wconf 87' lang='lat' dir='ltr'><strong>conscientiam</strong></span> <span class='ocrx_word' id='word_1_414' title='bbox 1783 5866 1920 5922; x_wconf 76' lang='lat' dir='ltr'><strong>pra:-</strong></span> 
     </span>
    </p>
   </div>
   <div class='ocr_carea' id='block_1_61' title="bbox 1424 413 2616 474">
    <p class='ocr_par' dir='ltr' id='par_1_61' title="bbox 1424 413 2616 474">
     <span class='ocr_line' id='line_1_61' title="bbox 1424 413 2616 474; baseline 0.003 -5"><span class='ocrx_word' id='word_1_415' title='bbox 1424 413 1513 469; x_wconf 83' lang='lat' dir='ltr'><strong>DE</strong></span> <span class='ocrx_word' id='word_1_416' title='bbox 1553 413 1838 471; x_wconf 69' lang='lat' dir='ltr'><strong>SANCTIS</strong></span> <span class='ocrx_word' id='word_1_417' title='bbox 1877 415 2324 473; x_wconf 75' lang='lat' dir='ltr'><strong>MARTYRIBUS</strong></span> <span class='ocrx_word' id='word_1_418' title='bbox 2359 415 2616 474; x_wconf 76' lang='lat' dir='ltr'><strong>SEBMO.</strong></span> 
     </span>
    </p>
   </div>
   <div class='ocr_carea' id='block_1_62' title="bbox 3575 429 3680 486">
    <p class='ocr_par' dir='ltr' id='par_1_62' title="bbox 3575 429 3680 486">
     <span class='ocr_line' id='line_1_62' title="bbox 3575 429 3680 486; baseline 0.019 -2"><span class='ocrx_word' id='word_1_419' title='bbox 3575 429 3680 486; x_wconf 79' lang='lat'><strong>650</strong></span> 
     </span>
    </p>
   </div>
   <div class='ocr_carea' id='block_1_63' title="bbox 2087 534 3681 607">
    <p class='ocr_par' dir='ltr' id='par_1_63' title="bbox 2087 534 3681 607">
     <span class='ocr_line' id='line_1_63' title="bbox 2087 534 3681 607; baseline 0.009 -26"><span class='ocrx_word' id='word_1_420' title='bbox 2087 537 2168 582; x_wconf 88' lang='lat' dir='ltr'><strong>sta</strong></span> <span class='ocrx_word' id='word_1_421' title='bbox 2202 545 2216 582; x_wconf 89' lang='lat'><strong>:</strong></span> <span class='ocrx_word' id='word_1_422' title='bbox 2243 534 2503 584; x_wconf 82' lang='lat' dir='ltr'><strong>rationem</strong></span> <span class='ocrx_word' id='word_1_423' title='bbox 2529 540 2797 603; x_wconf 88' lang='lat' dir='ltr'><strong>tamquam</strong></span> <span class='ocrx_word' id='word_1_424' title='bbox 2817 534 3177 607; x_wconf 88' lang='lat' dir='ltr'><strong>incorruptum</strong></span> <span class='ocrx_word' id='word_1_425' title='bbox 3204 537 3435 607; x_wconf 79' lang='lat' dir='ltr'><strong>judiccm</strong></span> <span class='ocrx_word' id='word_1_426' title='bbox 3463 541 3517 596; x_wconf 91' lang='lat' dir='ltr'><strong>in</strong></span> <span class='ocrx_word' id='word_1_427' title='bbox 3545 544 3681 598; x_wconf 85' lang='lat' dir='ltr'><strong>solio</strong></span> 
     </span>
    </p>
   </div>
   <div class='ocr_carea' id='block_1_64' title="bbox 2085 620 3678 698">
    <p class='ocr_par' dir='ltr' id='par_1_64' title="bbox 2085 620 3678 698">
     <span class='ocr_line' id='line_1_64' title="bbox 2085 620 3678 698; baseline 0.01 -25"><span class='ocrx_word' id='word_1_428' title='bbox 2085 620 2281 674; x_wconf 90' lang='lat' dir='ltr'><strong>mentis</strong></span> <span class='ocrx_word' id='word_1_429' title='bbox 2307 621 2543 687; x_wconf 89' lang='lat' dir='ltr'><strong>colloca,</strong></span> <span class='ocrx_word' id='word_1_430' title='bbox 2575 632 2631 678; x_wconf 92' lang='lat' dir='ltr'><strong>et</strong></span> <span class='ocrx_word' id='word_1_431' title='bbox 2673 640 2790 694; x_wconf 78' lang='lat' dir='ltr'><strong>qua:</strong></span> <span class='ocrx_word' id='word_1_432' title='bbox 2817 640 2847 679; x_wconf 92' lang='lat' dir='ltr'><strong>a</strong></span> <span class='ocrx_word' id='word_1_433' title='bbox 2895 636 2946 682; x_wconf 90' lang='lat' dir='ltr'><strong>te</strong></span> <span class='ocrx_word' id='word_1_434' title='bbox 2993 630 3276 684; x_wconf 89' lang='lat' dir='ltr'><strong>commissa</strong></span> <span class='ocrx_word' id='word_1_435' title='bbox 3327 640 3472 698; x_wconf 91' lang='lat' dir='ltr'><strong>sunt,</strong></span> <span class='ocrx_word' id='word_1_436' title='bbox 3501 635 3678 690; x_wconf 83' lang='lat' dir='ltr'><strong>omnia</strong></span> 
     </span>
    </p>
   </div>
   <div class='ocr_carea' id='block_1_65' title="bbox 2084 710 3677 794">
    <p class='ocr_par' dir='ltr' id='par_1_65' title="bbox 2084 710 3677 794">
     <span class='ocr_line' id='line_1_65' title="bbox 2084 710 3677 794; baseline 0.011 -29"><span class='ocrx_word' id='word_1_437' title='bbox 2084 710 2267 780; x_wconf 89' lang='lat' dir='ltr'><strong>profer</strong></span> <span class='ocrx_word' id='word_1_438' title='bbox 2295 715 2346 768; x_wconf 93' lang='lat' dir='ltr'><strong>in</strong></span> <span class='ocrx_word' id='word_1_439' title='bbox 2383 715 2618 770; x_wconf 90' lang='lat' dir='ltr'><strong>medium</strong></span> <span class='ocrx_word' id='word_1_440' title='bbox 2650 756 2667 782; x_wconf 97' lang='lat'><strong>,</strong></span> <span class='ocrx_word' id='word_1_441' title='bbox 2717 732 2931 773; x_wconf 89' lang='lat' dir='ltr'><strong>severas</strong></span> <span class='ocrx_word' id='word_1_442' title='bbox 2967 735 3030 776; x_wconf 91' lang='lat' dir='ltr'><strong>ac</strong></span> <span class='ocrx_word' id='word_1_443' title='bbox 3061 721 3324 777; x_wconf 78' lang='lat' dir='ltr'><strong>terribiles</strong></span> <span class='ocrx_word' id='word_1_444' title='bbox 3378 725 3677 794; x_wconf 75' lang='lat' dir='ltr'><strong>praeficiens</strong></span> 
     </span>
    </p>
   </div>
   <div class='ocr_carea' id='block_1_66' title="bbox 2084 804 3677 888">
    <p class='ocr_par' dir='ltr' id='par_1_66' title="bbox 2084 804 3677 888">
     <span class='ocr_line' id='line_1_66' title="bbox 2084 804 3677 888; baseline 0.012 -33"><span class='ocrx_word' id='word_1_445' title='bbox 2084 804 2434 873; x_wconf 85' lang='lat' dir='ltr'><strong>cogitationes</strong></span> <span class='ocrx_word' id='word_1_446' title='bbox 2461 809 2712 878; x_wconf 87' lang='lat' dir='ltr'><strong>peccatis,</strong></span> <span class='ocrx_word' id='word_1_447' title='bbox 2735 809 3021 868; x_wconf 69' lang='lat' dir='ltr'><strong>obscmnos</strong></span> <span class='ocrx_word' id='word_1_448' title='bbox 3055 813 3218 867; x_wconf 90' lang='lat' dir='ltr'><strong>animi</strong></span> <span class='ocrx_word' id='word_1_449' title='bbox 3248 825 3426 870; x_wconf 91' lang='lat' dir='ltr'><strong>motus</strong></span> <span class='ocrx_word' id='word_1_450' title='bbox 3453 819 3677 888; x_wconf 83' lang='lat' dir='ltr'><strong>castiga,</strong></span> 
     </span>
    </p>
   </div>
   <div class='ocr_carea' id='block_1_67' title="bbox 2084 896 3678 978">
    <p class='ocr_par' dir='ltr' id='par_1_67' title="bbox 2084 896 3678 978">
     <span class='ocr_line' id='line_1_67' title="bbox 2084 896 3678 978; baseline 0.011 -31"><span class='ocrx_word' id='word_1_451' title='bbox 2084 908 2149 948; x_wconf 86' lang='lat' dir='ltr'><strong>ex</strong></span> <span class='ocrx_word' id='word_1_452' title='bbox 2181 896 2373 965; x_wconf 91' lang='lat' dir='ltr'><strong>quibus</strong></span> <span class='ocrx_word' id='word_1_453' title='bbox 2405 910 2615 967; x_wconf 89' lang='lat' dir='ltr'><strong>peccata</strong></span> <span class='ocrx_word' id='word_1_454' title='bbox 2637 909 2763 955; x_wconf 90' lang='lat' dir='ltr'><strong>sunt</strong></span> <span class='ocrx_word' id='word_1_455' title='bbox 2783 909 2926 966; x_wconf 90' lang='lat' dir='ltr'><strong>nata,</strong></span> <span class='ocrx_word' id='word_1_456' title='bbox 2955 912 3010 958; x_wconf 91' lang='lat' dir='ltr'><strong>et</strong></span> <span class='ocrx_word' id='word_1_457' title='bbox 3031 906 3226 961; x_wconf 89' lang='lat' dir='ltr'><strong>acriter</strong></span> <span class='ocrx_word' id='word_1_458' title='bbox 3244 907 3544 978; x_wconf 90' lang='lat' dir='ltr'><strong>acerbeque</strong></span> <span class='ocrx_word' id='word_1_459' title='bbox 3567 920 3678 964; x_wconf 88' lang='lat' dir='ltr'><strong>tor-</strong></span> 
     </span>
    </p>
   </div>
   <div class='ocr_carea' id='block_1_68' title="bbox 2082 987 3674 1067">
    <p class='ocr_par' dir='ltr' id='par_1_68' title="bbox 2082 987 3674 1067">
     <span class='ocr_line' id='line_1_68' title="bbox 2082 987 3674 1067; baseline 0.013 -31"><span class='ocrx_word' id='word_1_460' title='bbox 2082 996 2365 1053; x_wconf 89' lang='lat' dir='ltr'><strong>queantur.</strong></span> <span class='ocrx_word' id='word_1_461' title='bbox 2389 987 2446 1044; x_wconf 89' lang='lat' dir='ltr'><strong>Si</strong></span> <span class='ocrx_word' id='word_1_462' title='bbox 2472 1004 2570 1044; x_wconf 88' lang='lat' dir='ltr'><strong>uos</strong></span> <span class='ocrx_word' id='word_1_463' title='bbox 2591 990 2662 1045; x_wconf 92' lang='lat' dir='ltr'><strong>ita</strong></span> <span class='ocrx_word' id='word_1_464' title='bbox 2681 990 3018 1062; x_wconf 90' lang='lat' dir='ltr'><strong>adjudicium</strong></span> <span class='ocrx_word' id='word_1_465' title='bbox 3049 995 3102 1049; x_wconf 92' lang='lat' dir='ltr'><strong>in</strong></span> <span class='ocrx_word' id='word_1_466' title='bbox 3131 997 3492 1067; x_wconf 87' lang='lat' dir='ltr'><strong>nosmetipsos</strong></span> <span class='ocrx_word' id='word_1_467' title='bbox 3511 1015 3674 1055; x_wconf 82' lang='lat' dir='ltr'><strong>exer-</strong></span> 
     </span>
    </p>
   </div>
   <div class='ocr_carea' id='block_1_69' title="bbox 2081 1077 3675 1151">
    <p class='ocr_par' dir='ltr' id='par_1_69' title="bbox 2081 1077 3675 1151">
     <span class='ocr_line' id='line_1_69' title="bbox 2081 1077 3675 1151; baseline 0.012 -23"><span class='ocrx_word' id='word_1_468' title='bbox 2081 1077 2308 1132; x_wconf 85' lang='lat' dir='ltr'><strong>cendum</strong></span> <span class='ocrx_word' id='word_1_469' title='bbox 2337 1093 2732 1151; x_wconf 90' lang='lat' dir='ltr'><strong>comparemus,</strong></span> <span class='ocrx_word' id='word_1_470' title='bbox 2763 1085 3097 1140; x_wconf 90' lang='lat' dir='ltr'><strong>tremendum</strong></span> <span class='ocrx_word' id='word_1_471' title='bbox 3141 1087 3266 1142; x_wconf 91' lang='lat' dir='ltr'><strong>illud</strong></span> <span class='ocrx_word' id='word_1_472' title='bbox 3293 1089 3524 1144; x_wconf 85' lang='lat' dir='ltr'><strong>tribunal</strong></span> <span class='ocrx_word' id='word_1_473' title='bbox 3554 1093 3675 1146; x_wconf 86' lang='lat' dir='ltr'><strong>evi-</strong></span> 
     </span>
    </p>
   </div>
   <div class='ocr_carea' id='block_1_70' title="bbox 2081 1167 3673 1252">
    <p class='ocr_par' dir='ltr' id='par_1_70' title="bbox 2081 1167 3673 1252">
     <span class='ocr_line' id='line_1_70' title="bbox 2081 1167 3673 1252; baseline 0.011 -31"><span class='ocrx_word' id='word_1_474' title='bbox 2081 1167 2334 1224; x_wconf 89' lang='lat' dir='ltr'><strong>tabimus.</strong></span> <span class='ocrx_word' id='word_1_475' title='bbox 2364 1171 2433 1226; x_wconf 90' lang='lat' dir='ltr'><strong>Ut</strong></span> <span class='ocrx_word' id='word_1_476' title='bbox 2473 1175 2616 1228; x_wconf 90' lang='lat' dir='ltr'><strong>enim</strong></span> <span class='ocrx_word' id='word_1_477' title='bbox 2644 1175 2783 1230; x_wconf 88' lang='lat' dir='ltr'><strong>scias</strong></span> <span class='ocrx_word' id='word_1_478' title='bbox 2801 1191 2948 1244; x_wconf 90' lang='lat' dir='ltr'><strong>eum,</strong></span> <span class='ocrx_word' id='word_1_479' title='bbox 2979 1179 3068 1249; x_wconf 90' lang='lat' dir='ltr'><strong>qui</strong></span> <span class='ocrx_word' id='word_1_480' title='bbox 3099 1181 3334 1250; x_wconf 88' lang='lat' dir='ltr'><strong>seipsum</strong></span> <span class='ocrx_word' id='word_1_481' title='bbox 3365 1197 3510 1237; x_wconf 88' lang='lat' dir='ltr'><strong>nunc</strong></span> <span class='ocrx_word' id='word_1_482' title='bbox 3530 1183 3673 1252; x_wconf 81' lang='lat' dir='ltr'><strong>judi-</strong></span> 
     </span>
    </p>
   </div>
   <div class='ocr_carea' id='block_1_71' title="bbox 2079 1263 3672 1337">
    <p class='ocr_par' dir='ltr' id='par_1_71' title="bbox 2079 1263 3672 1337">
     <span class='ocr_line' id='line_1_71' title="bbox 2079 1263 3672 1337; baseline 0.009 -23"><span class='ocrx_word' id='word_1_483' title='bbox 2079 1271 2186 1327; x_wconf 90' lang='lat' dir='ltr'><strong>cat,</strong></span> <span class='ocrx_word' id='word_1_484' title='bbox 2205 1273 2258 1317; x_wconf 87' lang='lat' dir='ltr'><strong>et</strong></span> <span class='ocrx_word' id='word_1_485' title='bbox 2285 1263 2642 1321; x_wconf 80' lang='lat' dir='ltr'><strong>admissurum</strong></span> <span class='ocrx_word' id='word_1_486' title='bbox 2671 1279 3010 1337; x_wconf 89' lang='lat' dir='ltr'><strong>peccatorum</strong></span> <span class='ocrx_word' id='word_1_487' title='bbox 3039 1286 3284 1328; x_wconf 86' lang='lat' dir='ltr'><strong>severam</strong></span> <span class='ocrx_word' id='word_1_488' title='bbox 3319 1289 3349 1328; x_wconf 89' lang='lat' dir='ltr'><strong>a</strong></span> <span class='ocrx_word' id='word_1_489' title='bbox 3403 1290 3462 1330; x_wconf 90' lang='lat' dir='ltr'><strong>se</strong></span> <span class='ocrx_word' id='word_1_490' title='bbox 3509 1278 3672 1330; x_wconf 83' lang='lat' dir='ltr'><strong>ratio-</strong></span> 
     </span>
    </p>
   </div>
   <div class='ocr_carea' id='block_1_72' title="bbox 2080 1355 3670 1434">
    <p class='ocr_par' dir='ltr' id='par_1_72' title="bbox 2080 1355 3670 1434">
     <span class='ocr_line' id='line_1_72' title="bbox 2080 1355 3670 1434; baseline 0.009 -29"><span class='ocrx_word' id='word_1_491' title='bbox 2080 1368 2202 1408; x_wconf 89' lang='lat' dir='ltr'><strong>nem</strong></span> <span class='ocrx_word' id='word_1_492' title='bbox 2225 1355 2408 1425; x_wconf 84' lang='lat' dir='ltr'><strong>exigit,</strong></span> <span class='ocrx_word' id='word_1_493' title='bbox 2441 1372 2624 1426; x_wconf 86' lang='lat' dir='ltr'><strong>poenas</strong></span> <span class='ocrx_word' id='word_1_494' title='bbox 2654 1359 2706 1413; x_wconf 91' lang='lat' dir='ltr'><strong>in</strong></span> <span class='ocrx_word' id='word_1_495' title='bbox 2733 1359 2968 1415; x_wconf 88' lang='lat' dir='ltr'><strong>futurum</strong></span> <span class='ocrx_word' id='word_1_496' title='bbox 3001 1363 3220 1418; x_wconf 90' lang='lat' dir='ltr'><strong>minime</strong></span> <span class='ocrx_word' id='word_1_497' title='bbox 3242 1364 3513 1434; x_wconf 89' lang='lat' dir='ltr'><strong>daturum,</strong></span> <span class='ocrx_word' id='word_1_498' title='bbox 3545 1368 3670 1422; x_wconf 81' lang='lat' dir='ltr'><strong>audi</strong></span> 
     </span>
    </p>
   </div>
   <div class='ocr_carea' id='block_1_73' title="bbox 2080 1444 3671 1529">
    <p class='ocr_par' dir='ltr' id='par_1_73' title="bbox 2080 1444 3671 1529">
     <span class='ocr_line' id='line_1_73' title="bbox 2080 1444 3671 1529; baseline 0.008 -29"><span class='ocrx_word' id='word_1_499' title='bbox 2080 1454 2360 1504; x_wconf 87' lang='lat' dir='ltr'><strong>testantem</strong></span> <span class='ocrx_word' id='word_1_500' title='bbox 2389 1449 2442 1504; x_wconf 90' lang='lat' dir='ltr'><strong>id</strong></span> <span class='ocrx_word' id='word_1_501' title='bbox 2473 1444 2825 1516; x_wconf 87' lang='lat' dir='ltr'><strong>Apostolum:</strong></span> <span class='ocrx_word' id='word_1_502' title='bbox 2853 1454 2915 1509; x_wconf 90' lang='lat' dir='ltr'><strong>Si</strong></span> <span class='ocrx_word' id='word_1_503' title='bbox 2942 1456 3074 1509; x_wconf 87' lang='lat' dir='ltr'><strong>enim</strong></span> <span class='ocrx_word' id='word_1_504' title='bbox 3102 1458 3431 1529; x_wconf 74' lang='lat' dir='ltr'><strong>nosmetipsos</strong></span> <span class='ocrx_word' id='word_1_505' title='bbox 3461 1460 3671 1529; x_wconf 81' lang='lat' dir='ltr'><strong>judica-</strong></span> 
     </span>
    </p>
   </div>
   <div class='ocr_carea' id='block_1_74' title="bbox 2076 1542 3759 1620">
    <p class='ocr_par' dir='ltr' id='par_1_74' title="bbox 2076 1542 3759 1620">
     <span class='ocr_line' id='line_1_74' title="bbox 2076 1542 3759 1620; baseline 0.007 -28"><span class='ocrx_word' id='word_1_506' title='bbox 2076 1555 2263 1607; x_wconf 85' lang='lat' dir='ltr'><strong>remus,</strong></span> <span class='ocrx_word' id='word_1_507' title='bbox 2292 1559 2394 1596; x_wconf 87' lang='lat' dir='ltr'><strong>non</strong></span> <span class='ocrx_word' id='word_1_508' title='bbox 2413 1544 2582 1612; x_wconf 82' lang='lat' dir='ltr'><strong>utique</strong></span> <span class='ocrx_word' id='word_1_509' title='bbox 2611 1560 2643 1596; x_wconf 88' lang='lat' dir='ltr'><strong>a</strong></span> <span class='ocrx_word' id='word_1_510' title='bbox 2672 1542 2893 1599; x_wconf 88' lang='lat' dir='ltr'><strong>Domino</strong></span> <span class='ocrx_word' id='word_1_511' title='bbox 2925 1547 3276 1618; x_wconf 82' lang='lat' dir='ltr'><strong>judicaremur</strong></span> <span class='ocrx_word' id='word_1_512' title='bbox 3304 1548 3383 1620; x_wconf 79' lang='lat' dir='ltr'><strong>(l.</strong></span> <span class='ocrx_word' id='word_1_513' title='bbox 3415 1549 3536 1607; x_wconf 81' lang='lat' dir='ltr'><strong>Cor.</strong></span> <span class='ocrx_word' id='word_1_514' title='bbox 3575 1553 3663 1605; x_wconf 75' lang='lat' dir='ltr'><strong>ll.</strong></span> <span class='ocrx_word' id='word_1_515' title='bbox 3753 1565 3759 1569; x_wconf 90' lang='lat'>&#39;</span> 
     </span>
    </p>
   </div>
   <div class='ocr_carea' id='block_1_75' title="bbox 2076 1627 3662 1710">
    <p class='ocr_par' dir='ltr' id='par_1_75' title="bbox 2076 1627 3662 1710">
     <span class='ocr_line' id='line_1_75' title="bbox 2076 1627 3662 1710; baseline 0.005 -26"><span class='ocrx_word' id='word_1_516' title='bbox 2076 1627 2187 1700; x_wconf 76' lang='lat'><strong>3|).</strong></span> <span class='ocrx_word' id='word_1_517' title='bbox 2217 1630 2640 1701; x_wconf 83' lang='lat' dir='ltr'><strong>Reprehendens</strong></span> <span class='ocrx_word' id='word_1_518' title='bbox 2665 1635 2806 1689; x_wconf 89' lang='lat' dir='ltr'><strong>enim</strong></span> <span class='ocrx_word' id='word_1_519' title='bbox 2837 1650 2953 1699; x_wconf 89' lang='lat' dir='ltr'><strong>eos,</strong></span> <span class='ocrx_word' id='word_1_520' title='bbox 3001 1637 3088 1706; x_wconf 92' lang='lat' dir='ltr'><strong>qui</strong></span> <span class='ocrx_word' id='word_1_521' title='bbox 3138 1638 3350 1709; x_wconf 85' lang='lat' dir='ltr'><strong>indigne</strong></span> <span class='ocrx_word' id='word_1_522' title='bbox 3380 1643 3662 1710; x_wconf 85' lang='lat' dir='ltr'><strong>mysterio-</strong></span> 
     </span>
    </p>
   </div>
   <div class='ocr_carea' id='block_1_76' title="bbox 2075 1722 3666 1795">
    <p class='ocr_par' dir='ltr' id='par_1_76' title="bbox 2075 1722 3666 1795">
     <span class='ocr_line' id='line_1_76' title="bbox 2075 1722 3666 1795; baseline 0.006 -21"><span class='ocrx_word' id='word_1_523' title='bbox 2075 1735 2193 1774; x_wconf 87' lang='lat' dir='ltr'><strong>rum</strong></span> <span class='ocrx_word' id='word_1_524' title='bbox 2221 1722 2417 1777; x_wconf 85' lang='lat' dir='ltr'><strong>liehaut</strong></span> <span class='ocrx_word' id='word_1_525' title='bbox 2440 1724 2747 1795; x_wconf 87' lang='lat' dir='ltr'><strong>participes,</strong></span> <span class='ocrx_word' id='word_1_526' title='bbox 2793 1725 2863 1780; x_wconf 89' lang='lat' dir='ltr'><strong>ita</strong></span> <span class='ocrx_word' id='word_1_527' title='bbox 2894 1726 3106 1782; x_wconf 88' lang='lat' dir='ltr'><strong>dicebat</strong></span> <span class='ocrx_word' id='word_1_528' title='bbox 3140 1746 3152 1781; x_wconf 89' lang='lat'><strong>:</strong></span> <span class='ocrx_word' id='word_1_529' title='bbox 3189 1728 3289 1795; x_wconf 85' lang='lat' dir='ltr'><strong>Qui</strong></span> <span class='ocrx_word' id='word_1_530' title='bbox 3313 1730 3585 1784; x_wconf 86' lang='lat' dir='ltr'><strong>manducat</strong></span> <span class='ocrx_word' id='word_1_531' title='bbox 3615 1741 3666 1786; x_wconf 87' lang='lat' dir='ltr'><strong>et</strong></span> 
     </span>
    </p>
   </div>
   <div class='ocr_carea' id='block_1_77' title="bbox 2074 1813 3662 1891">
    <p class='ocr_par' dir='ltr' id='par_1_77' title="bbox 2074 1813 3662 1891">
     <span class='ocr_line' id='line_1_77' title="bbox 2074 1813 3662 1891; baseline 0.008 -25"><span class='ocrx_word' id='word_1_532' title='bbox 2074 1813 2196 1868; x_wconf 78' lang='lat' dir='ltr'><strong>bibit</strong></span> <span class='ocrx_word' id='word_1_533' title='bbox 2224 1814 2450 1887; x_wconf 86' lang='lat' dir='ltr'><strong>indigne,</strong></span> <span class='ocrx_word' id='word_1_534' title='bbox 2491 1833 2607 1870; x_wconf 78' lang='lat' dir='ltr'><strong>reus</strong></span> <span class='ocrx_word' id='word_1_535' title='bbox 2650 1818 2745 1891; x_wconf 66' lang='lat' dir='ltr'><strong>erit</strong></span> <span class='ocrx_word' id='word_1_536' title='bbox 2789 1821 3017 1889; x_wconf 87' lang='lat' dir='ltr'><strong>corporis</strong></span> <span class='ocrx_word' id='word_1_537' title='bbox 3055 1831 3100 1874; x_wconf 89' lang='lat' dir='ltr'><strong>et</strong></span> <span class='ocrx_word' id='word_1_538' title='bbox 3129 1822 3389 1891; x_wconf 80' lang='lat' dir='ltr'><strong>sanguinis</strong></span> <span class='ocrx_word' id='word_1_539' title='bbox 3434 1822 3662 1878; x_wconf 86' lang='lat' dir='ltr'><strong>Domini.</strong></span> 
     </span>
    </p>
   </div>
   <div class='ocr_carea' id='block_1_78' title="bbox 2071 1885 3667 1982">
    <p class='ocr_par' dir='ltr' id='par_1_78' title="bbox 2071 1885 3667 1982">
     <span class='ocr_line' id='line_1_78' title="bbox 2071 1885 3667 1982; baseline 0.008 -26"><span class='ocrx_word' id='word_1_540' title='bbox 2071 1903 2202 1973; x_wconf 84' lang='lat' dir='ltr'><strong>Ejus</strong></span> <span class='ocrx_word' id='word_1_541' title='bbox 2270 1916 2446 1960; x_wconf 89' lang='lat' dir='ltr'><strong>autem</strong></span> <span class='ocrx_word' id='word_1_542' title='bbox 2506 1885 2788 1962; x_wconf 62' lang='lat' dir='ltr'><strong>verborum</strong></span> <span class='ocrx_word' id='word_1_543' title='bbox 2841 1909 2929 1964; x_wconf 86' lang='lat' dir='ltr'><strong>hic</strong></span> <span class='ocrx_word' id='word_1_544' title='bbox 2984 1925 3172 1966; x_wconf 88' lang='lat' dir='ltr'><strong>sensus</strong></span> <span class='ocrx_word' id='word_1_545' title='bbox 3241 1922 3324 1967; x_wconf 88' lang='lat' dir='ltr'><strong>est</strong></span> <span class='ocrx_word' id='word_1_546' title='bbox 3356 1913 3667 1982; x_wconf 84' lang='lat' dir='ltr'><strong>:Quemad-</strong></span> 
     </span>
    </p>
   </div>
   <div class='ocr_carea' id='block_1_79' title="bbox 2071 1995 3667 2074">
    <p class='ocr_par' dir='ltr' id='par_1_79' title="bbox 2071 1995 3667 2074">
     <span class='ocr_line' id='line_1_79' title="bbox 2071 1995 3667 2074; baseline 0.009 -26"><span class='ocrx_word' id='word_1_547' title='bbox 2071 1995 2287 2049; x_wconf 91' lang='lat' dir='ltr'><strong>modum</strong></span> <span class='ocrx_word' id='word_1_548' title='bbox 2324 1997 2420 2064; x_wconf 90' lang='lat' dir='ltr'><strong>illi,</strong></span> <span class='ocrx_word' id='word_1_549' title='bbox 2464 1999 2552 2068; x_wconf 91' lang='lat' dir='ltr'><strong>qui</strong></span> <span class='ocrx_word' id='word_1_550' title='bbox 2591 1999 2772 2055; x_wconf 87' lang='lat' dir='ltr'><strong>Jcsum</strong></span> <span class='ocrx_word' id='word_1_551' title='bbox 2806 2001 3220 2070; x_wconf 84' lang='lat' dir='ltr'><strong>cruciﬁxerunt,</strong></span> <span class='ocrx_word' id='word_1_552' title='bbox 3254 2005 3457 2074; x_wconf 88' lang='lat' dir='ltr'><strong>inquit,</strong></span> <span class='ocrx_word' id='word_1_553' title='bbox 3490 2008 3570 2061; x_wconf 88' lang='lat' dir='ltr'><strong>sic</strong></span> <span class='ocrx_word' id='word_1_554' title='bbox 3614 2019 3667 2062; x_wconf 91' lang='lat' dir='ltr'><strong>et</strong></span> 
     </span>
    </p>
   </div>
   <div class='ocr_carea' id='block_1_80' title="bbox 2070 2085 3666 2168">
    <p class='ocr_par' dir='ltr' id='par_1_80' title="bbox 2070 2085 3666 2168">
     <span class='ocr_line' id='line_1_80' title="bbox 2070 2085 3666 2168; baseline 0.009 -29"><span class='ocrx_word' id='word_1_555' title='bbox 2070 2085 2144 2140; x_wconf 88' lang='lat' dir='ltr'><strong>illi</strong></span> <span class='ocrx_word' id='word_1_556' title='bbox 2176 2087 2269 2156; x_wconf 92' lang='lat' dir='ltr'><strong>qui</strong></span> <span class='ocrx_word' id='word_1_557' title='bbox 2302 2088 2516 2159; x_wconf 86' lang='lat' dir='ltr'><strong>indigne</strong></span> <span class='ocrx_word' id='word_1_558' title='bbox 2543 2090 2677 2144; x_wconf 81' lang='lat' dir='ltr'><strong>fiunt</strong></span> <span class='ocrx_word' id='word_1_559' title='bbox 2701 2093 3080 2163; x_wconf 82' lang='lat' dir='ltr'><strong>mysteriorum</strong></span> <span class='ocrx_word' id='word_1_560' title='bbox 3138 2095 3446 2165; x_wconf 85' lang='lat' dir='ltr'><strong>participes,</strong></span> <span class='ocrx_word' id='word_1_561' title='bbox 3481 2113 3666 2168; x_wconf 71' lang='lat' dir='ltr'><strong>pinnas</strong></span> 
     </span>
    </p>
   </div>
   <div class='ocr_carea' id='block_1_81' title="bbox 2067 2177 3658 2260">
    <p class='ocr_par' dir='ltr' id='par_1_81' title="bbox 2067 2177 3658 2260">
     <span class='ocr_line' id='line_1_81' title="bbox 2067 2177 3658 2260; baseline 0.009 -28"><span class='ocrx_word' id='word_1_562' title='bbox 2067 2177 2286 2234; x_wconf 89' lang='lat' dir='ltr'><strong>dabunt.</strong></span> <span class='ocrx_word' id='word_1_563' title='bbox 2318 2179 2499 2251; x_wconf 88' lang='lat' dir='ltr'><strong>Neque</strong></span> <span class='ocrx_word' id='word_1_564' title='bbox 2525 2197 2650 2238; x_wconf 84' lang='lat' dir='ltr'><strong>vero</strong></span> <span class='ocrx_word' id='word_1_565' title='bbox 2677 2185 3016 2240; x_wconf 88' lang='lat' dir='ltr'><strong>severitatem</strong></span> <span class='ocrx_word' id='word_1_566' title='bbox 3041 2188 3296 2241; x_wconf 90' lang='lat' dir='ltr'><strong>orationis</strong></span> <span class='ocrx_word' id='word_1_567' title='bbox 3327 2188 3470 2243; x_wconf 91' lang='lat' dir='ltr'><strong>illius</strong></span> <span class='ocrx_word' id='word_1_568' title='bbox 3505 2192 3658 2260; x_wconf 89' lang='lat' dir='ltr'><strong>quis-</strong></span> 
     </span>
    </p>
   </div>
   <div class='ocr_carea' id='block_1_82' title="bbox 2066 2271 3654 2346">
    <p class='ocr_par' dir='ltr' id='par_1_82' title="bbox 2066 2271 3654 2346">
     <span class='ocr_line' id='line_1_82' title="bbox 2066 2271 3654 2346; baseline 0.008 -24"><span class='ocrx_word' id='word_1_569' title='bbox 2066 2284 2224 2339; x_wconf 87' lang='lat' dir='ltr'><strong>quam</strong></span> <span class='ocrx_word' id='word_1_570' title='bbox 2273 2271 2615 2327; x_wconf 87' lang='lat' dir='ltr'><strong>condemnet.</strong></span> <span class='ocrx_word' id='word_1_571' title='bbox 2671 2273 2835 2346; x_wconf 82' lang='lat' dir='ltr'><strong>Regia</strong></span> <span class='ocrx_word' id='word_1_572' title='bbox 2865 2277 3034 2332; x_wconf 87' lang='lat' dir='ltr'><strong>vestis</strong></span> <span class='ocrx_word' id='word_1_573' title='bbox 3059 2284 3144 2331; x_wconf 90' lang='lat' dir='ltr'><strong>est</strong></span> <span class='ocrx_word' id='word_1_574' title='bbox 3189 2292 3381 2346; x_wconf 88' lang='lat' dir='ltr'><strong>corpus</strong></span> <span class='ocrx_word' id='word_1_575' title='bbox 3415 2279 3654 2334; x_wconf 81' lang='lat' dir='ltr'><strong>Domini-</strong></span> 
     </span>
    </p>
   </div>
   <div class='ocr_carea' id='block_1_83' title="bbox 2067 2367 3661 2440">
    <p class='ocr_par' dir='ltr' id='par_1_83' title="bbox 2067 2367 3661 2440">
     <span class='ocr_line' id='line_1_83' title="bbox 2067 2367 3661 2440; baseline 0.008 -24"><span class='ocrx_word' id='word_1_576' title='bbox 2067 2377 2186 2416; x_wconf 92' lang='lat' dir='ltr'><strong>cum</strong></span> <span class='ocrx_word' id='word_1_577' title='bbox 2223 2381 2234 2415; x_wconf 91' lang='lat'><strong>:</strong></span> <span class='ocrx_word' id='word_1_578' title='bbox 2266 2379 2426 2433; x_wconf 90' lang='lat' dir='ltr'><strong>porro</strong></span> <span class='ocrx_word' id='word_1_579' title='bbox 2447 2374 2502 2420; x_wconf 89' lang='lat' dir='ltr'><strong>et</strong></span> <span class='ocrx_word' id='word_1_580' title='bbox 2529 2367 2618 2436; x_wconf 93' lang='lat' dir='ltr'><strong>qui</strong></span> <span class='ocrx_word' id='word_1_581' title='bbox 2661 2369 2860 2437; x_wconf 85' lang='lat' dir='ltr'><strong>regiam</strong></span> <span class='ocrx_word' id='word_1_582' title='bbox 2896 2383 3184 2439; x_wconf 84' lang='lat' dir='ltr'><strong>purpuram</strong></span> <span class='ocrx_word' id='word_1_583' title='bbox 3232 2371 3563 2440; x_wconf 86' lang='lat' dir='ltr'><strong>dilaceravit,</strong></span> <span class='ocrx_word' id='word_1_584' title='bbox 3607 2385 3661 2428; x_wconf 87' lang='lat' dir='ltr'><strong>et</strong></span> 
     </span>
    </p>
   </div>
   <div class='ocr_carea' id='block_1_84' title="bbox 2064 2453 3663 2530">
    <p class='ocr_par' dir='ltr' id='par_1_84' title="bbox 2064 2453 3663 2530">
     <span class='ocr_line' id='line_1_84' title="bbox 2064 2453 3663 2530; baseline 0.008 -24"><span class='ocrx_word' id='word_1_585' title='bbox 2064 2453 2154 2524; x_wconf 91' lang='lat' dir='ltr'><strong>qui</strong></span> <span class='ocrx_word' id='word_1_586' title='bbox 2187 2455 2431 2510; x_wconf 89' lang='lat' dir='ltr'><strong>manibus</strong></span> <span class='ocrx_word' id='word_1_587' title='bbox 2483 2457 2772 2512; x_wconf 79' lang='lat' dir='ltr'><strong>immundis</strong></span> <span class='ocrx_word' id='word_1_588' title='bbox 2803 2459 3132 2530; x_wconf 90' lang='lat' dir='ltr'><strong>inquinavit,</strong></span> <span class='ocrx_word' id='word_1_589' title='bbox 3185 2462 3297 2530; x_wconf 90' lang='lat' dir='ltr'><strong>pari</strong></span> <span class='ocrx_word' id='word_1_590' title='bbox 3328 2476 3447 2516; x_wconf 90' lang='lat' dir='ltr'><strong>eam</strong></span> <span class='ocrx_word' id='word_1_591' title='bbox 3475 2475 3663 2518; x_wconf 88' lang='lat' dir='ltr'><strong>contu-</strong></span> 
     </span>
    </p>
   </div>
   <div class='ocr_carea' id='block_1_85' title="bbox 2065 2546 3659 2626">
    <p class='ocr_par' dir='ltr' id='par_1_85' title="bbox 2065 2546 3659 2626">
     <span class='ocr_line' id='line_1_85' title="bbox 2065 2546 3659 2626; baseline 0.007 -26"><span class='ocrx_word' id='word_1_592' title='bbox 2065 2546 2221 2600; x_wconf 89' lang='lat' dir='ltr'><strong>melia</strong></span> <span class='ocrx_word' id='word_1_593' title='bbox 2251 2546 2579 2616; x_wconf 76' lang='lat' dir='ltr'><strong>affecerunt;</strong></span> <span class='ocrx_word' id='word_1_594' title='bbox 2612 2551 2960 2621; x_wconf 87' lang='lat' dir='ltr'><strong>quamobrem</strong></span> <span class='ocrx_word' id='word_1_595' title='bbox 3007 2564 3057 2608; x_wconf 92' lang='lat' dir='ltr'><strong>et</strong></span> <span class='ocrx_word' id='word_1_596' title='bbox 3091 2553 3205 2623; x_wconf 89' lang='lat' dir='ltr'><strong>pari</strong></span> <span class='ocrx_word' id='word_1_597' title='bbox 3233 2555 3497 2624; x_wconf 88' lang='lat' dir='ltr'><strong>supplicio</strong></span> <span class='ocrx_word' id='word_1_598' title='bbox 3539 2557 3659 2626; x_wconf 72' lang='lat' dir='ltr'><strong>ple~</strong></span> 
     </span>
    </p>
   </div>
   <div class='ocr_carea' id='block_1_86' title="bbox 2062 2639 3659 2716">
    <p class='ocr_par' dir='ltr' id='par_1_86' title="bbox 2062 2639 3659 2716">
     <span class='ocr_line' id='line_1_86' title="bbox 2062 2639 3659 2716; baseline 0.008 -27"><span class='ocrx_word' id='word_1_599' title='bbox 2062 2646 2280 2692; x_wconf 86' lang='lat' dir='ltr'><strong>ctuntur</strong></span> <span class='ocrx_word' id='word_1_600' title='bbox 2312 2656 2326 2692; x_wconf 89' lang='lat'><strong>:</strong></span> <span class='ocrx_word' id='word_1_601' title='bbox 2358 2639 2432 2694; x_wconf 91' lang='lat' dir='ltr'><strong>ita</strong></span> <span class='ocrx_word' id='word_1_602' title='bbox 2470 2641 2529 2695; x_wconf 89' lang='lat' dir='ltr'><strong>lit</strong></span> <span class='ocrx_word' id='word_1_603' title='bbox 2555 2649 2611 2695; x_wconf 93' lang='lat' dir='ltr'><strong>ct</strong></span> <span class='ocrx_word' id='word_1_604' title='bbox 2639 2641 2692 2696; x_wconf 89' lang='lat' dir='ltr'><strong>in</strong></span> <span class='ocrx_word' id='word_1_605' title='bbox 2737 2656 2964 2712; x_wconf 90' lang='lat' dir='ltr'><strong>corpore</strong></span> <span class='ocrx_word' id='word_1_606' title='bbox 2997 2643 3219 2698; x_wconf 86' lang='lat' dir='ltr'><strong>Christi.</strong></span> <span class='ocrx_word' id='word_1_607' title='bbox 3250 2643 3420 2699; x_wconf 80' lang='lat' dir='ltr'><strong>Judaei</strong></span> <span class='ocrx_word' id='word_1_608' title='bbox 3445 2646 3659 2716; x_wconf 89' lang='lat' dir='ltr'><strong>quidem</strong></span> 
     </span>
    </p>
   </div>
   <div class='ocr_carea' id='block_1_87' title="bbox 2060 2725 3660 2807">
    <p class='ocr_par' dir='ltr' id='par_1_87' title="bbox 2060 2725 3660 2807">
     <span class='ocr_line' id='line_1_87' title="bbox 2060 2725 3660 2807; baseline 0.008 -26"><span class='ocrx_word' id='word_1_609' title='bbox 2060 2725 2190 2782; x_wconf 88' lang='lat' dir='ltr'><strong>illud</strong></span> <span class='ocrx_word' id='word_1_610' title='bbox 2216 2729 2382 2785; x_wconf 80' lang='lat' dir='ltr'><strong>clavis</strong></span> <span class='ocrx_word' id='word_1_611' title='bbox 2411 2731 2463 2785; x_wconf 91' lang='lat' dir='ltr'><strong>in</strong></span> <span class='ocrx_word' id='word_1_612' title='bbox 2491 2747 2650 2787; x_wconf 93' lang='lat' dir='ltr'><strong>cruce</strong></span> <span class='ocrx_word' id='word_1_613' title='bbox 2676 2731 3042 2804; x_wconf 89' lang='lat' dir='ltr'><strong>disrupcrunt,</strong></span> <span class='ocrx_word' id='word_1_614' title='bbox 3063 2743 3121 2789; x_wconf 93' lang='lat' dir='ltr'><strong>tu</strong></span> <span class='ocrx_word' id='word_1_615' title='bbox 3145 2751 3272 2790; x_wconf 92' lang='lat' dir='ltr'><strong>vero</strong></span> <span class='ocrx_word' id='word_1_616' title='bbox 3292 2735 3418 2790; x_wconf 92' lang='lat' dir='ltr'><strong>dum</strong></span> <span class='ocrx_word' id='word_1_617' title='bbox 3452 2737 3502 2791; x_wconf 91' lang='lat' dir='ltr'><strong>in</strong></span> <span class='ocrx_word' id='word_1_618' title='bbox 3532 2753 3660 2807; x_wconf 88' lang='lat' dir='ltr'><strong>pec-</strong></span> 
     </span>
    </p>
   </div>
   <div class='ocr_carea' id='block_1_88' title="bbox 2062 2821 3659 2896">
    <p class='ocr_par' dir='ltr' id='par_1_88' title="bbox 2062 2821 3659 2896">
     <span class='ocr_line' id='line_1_88' title="bbox 2062 2821 3659 2896; baseline 0.005 -23"><span class='ocrx_word' id='word_1_619' title='bbox 2062 2821 2196 2874; x_wconf 79' lang='lat' dir='ltr'><strong>catis</strong></span> <span class='ocrx_word' id='word_1_620' title='bbox 2225 2829 2282 2876; x_wconf 91' lang='lat' dir='ltr'><strong>et</strong></span> <span class='ocrx_word' id='word_1_621' title='bbox 2336 2823 2610 2877; x_wconf 90' lang='lat' dir='ltr'><strong>immunda</strong></span> <span class='ocrx_word' id='word_1_622' title='bbox 2653 2824 2830 2894; x_wconf 87' lang='lat' dir='ltr'><strong>lingua</strong></span> <span class='ocrx_word' id='word_1_623' title='bbox 2879 2839 2944 2879; x_wconf 91' lang='lat' dir='ltr'><strong>ac</strong></span> <span class='ocrx_word' id='word_1_624' title='bbox 2990 2837 3172 2880; x_wconf 87' lang='lat' dir='ltr'><strong>mente</strong></span> <span class='ocrx_word' id='word_1_625' title='bbox 3203 2826 3548 2896; x_wconf 83' lang='lat' dir='ltr'><strong>viviszquam</strong></span> <span class='ocrx_word' id='word_1_626' title='bbox 3589 2829 3659 2882; x_wconf 86' lang='lat' dir='ltr'><strong>ob</strong></span> 
     </span>
    </p>
   </div>
   <div class='ocr_carea' id='block_1_89' title="bbox 2060 2913 3656 2984">
    <p class='ocr_par' dir='ltr' id='par_1_89' title="bbox 2060 2913 3656 2984">
     <span class='ocr_line' id='line_1_89' title="bbox 2060 2913 3656 2984; baseline 0.006 -21"><span class='ocrx_word' id='word_1_627' title='bbox 2060 2922 2277 2965; x_wconf 87' lang='lat' dir='ltr'><strong>causam</strong></span> <span class='ocrx_word' id='word_1_628' title='bbox 2299 2921 2353 2967; x_wconf 92' lang='lat' dir='ltr'><strong>et</strong></span> <span class='ocrx_word' id='word_1_629' title='bbox 2379 2913 2520 2968; x_wconf 90' lang='lat' dir='ltr'><strong>idem</strong></span> <span class='ocrx_word' id='word_1_630' title='bbox 2565 2914 2656 2969; x_wconf 88' lang='lat' dir='ltr'><strong>tibi</strong></span> <span class='ocrx_word' id='word_1_631' title='bbox 2686 2914 3006 2984; x_wconf 90' lang='lat' dir='ltr'><strong>supplicium</strong></span> <span class='ocrx_word' id='word_1_632' title='bbox 3031 2915 3314 2971; x_wconf 89' lang='lat' dir='ltr'><strong>imminere</strong></span> <span class='ocrx_word' id='word_1_633' title='bbox 3339 2917 3472 2971; x_wconf 83' lang='lat' dir='ltr'><strong>dixit</strong></span> <span class='ocrx_word' id='word_1_634' title='bbox 3519 2918 3656 2972; x_wconf 84' lang='lat' dir='ltr'><strong>Pau-</strong></span> 
     </span>
    </p>
   </div>
   <div class='ocr_carea' id='block_1_90' title="bbox 2057 2999 3657 3076">
    <p class='ocr_par' dir='ltr' id='par_1_90' title="bbox 2057 2999 3657 3076">
     <span class='ocr_line' id='line_1_90' title="bbox 2057 2999 3657 3076; baseline 0.006 -22"><span class='ocrx_word' id='word_1_635' title='bbox 2057 2999 2140 3054; x_wconf 91' lang='lat' dir='ltr'><strong>lus</strong></span> <span class='ocrx_word' id='word_1_636' title='bbox 2163 3041 2178 3067; x_wconf 93' lang='lat'><strong>,</strong></span> <span class='ocrx_word' id='word_1_637' title='bbox 2207 3010 2260 3057; x_wconf 91' lang='lat' dir='ltr'><strong>et</strong></span> <span class='ocrx_word' id='word_1_638' title='bbox 2288 3003 2476 3074; x_wconf 87' lang='lat' dir='ltr'><strong>adjicit</strong></span> <span class='ocrx_word' id='word_1_639' title='bbox 2501 3004 2685 3060; x_wconf 90' lang='lat' dir='ltr'><strong>dicens</strong></span> <span class='ocrx_word' id='word_1_640' title='bbox 2715 3022 2728 3058; x_wconf 89' lang='lat'><strong>:</strong></span> <span class='ocrx_word' id='word_1_641' title='bbox 2761 3003 2891 3060; x_wconf 85' lang='lat' dir='ltr'><strong>Ideo</strong></span> <span class='ocrx_word' id='word_1_642' title='bbox 2930 3006 3060 3060; x_wconf 84' lang='lat' dir='ltr'><strong>inter</strong></span> <span class='ocrx_word' id='word_1_643' title='bbox 3085 3022 3170 3060; x_wconf 84' lang='lat' dir='ltr'><strong>uos</strong></span> <span class='ocrx_word' id='word_1_644' title='bbox 3188 3007 3331 3060; x_wconf 85' lang='lat' dir='ltr'><strong>multi</strong></span> <span class='ocrx_word' id='word_1_645' title='bbox 3355 3007 3548 3076; x_wconf 82' lang='lat' dir='ltr'><strong>inﬁrmi</strong></span> <span class='ocrx_word' id='word_1_646' title='bbox 3564 3049 3579 3072; x_wconf 90' lang='lat'><strong>,</strong></span> <span class='ocrx_word' id='word_1_647' title='bbox 3609 3019 3657 3063; x_wconf 88' lang='lat' dir='ltr'><strong>et</strong></span> 
     </span>
    </p>
   </div>
   <div class='ocr_carea' id='block_1_91' title="bbox 2055 3096 3649 3168">
    <p class='ocr_par' dir='ltr' id='par_1_91' title="bbox 2055 3096 3649 3168">
     <span class='ocr_line' id='line_1_91' title="bbox 2055 3096 3649 3168; baseline 0.006 -19"><span class='ocrx_word' id='word_1_648' title='bbox 2055 3096 2347 3164; x_wconf 75' lang='lat' dir='ltr'><strong>imbecilles,</strong></span> <span class='ocrx_word' id='word_1_649' title='bbox 2379 3107 2426 3151; x_wconf 87' lang='lat' dir='ltr'><strong>et</strong></span> <span class='ocrx_word' id='word_1_650' title='bbox 2452 3097 2708 3151; x_wconf 84' lang='lat' dir='ltr'><strong>dormiunt</strong></span> <span class='ocrx_word' id='word_1_651' title='bbox 2732 3098 2902 3152; x_wconf 87' lang='lat' dir='ltr'><strong>multi.</strong></span> <span class='ocrx_word' id='word_1_652' title='bbox 2929 3098 3153 3166; x_wconf 87' lang='lat' dir='ltr'><strong>Deinde,</strong></span> <span class='ocrx_word' id='word_1_653' title='bbox 3180 3108 3237 3154; x_wconf 89' lang='lat' dir='ltr'><strong>ut</strong></span> <span class='ocrx_word' id='word_1_654' title='bbox 3257 3102 3501 3156; x_wconf 84' lang='lat' dir='ltr'><strong>ostendat</strong></span> <span class='ocrx_word' id='word_1_655' title='bbox 3518 3103 3649 3168; x_wconf 88' lang='lat' dir='ltr'><strong>fore,</strong></span> 
     </span>
    </p>
   </div>
   <div class='ocr_carea' id='block_1_92' title="bbox 2056 3187 3651 3262">
    <p class='ocr_par' dir='ltr' id='par_1_92' title="bbox 2056 3187 3651 3262">
     <span class='ocr_line' id='line_1_92' title="bbox 2056 3187 3651 3262; baseline 0.004 -21"><span class='ocrx_word' id='word_1_656' title='bbox 2056 3197 2114 3242; x_wconf 91' lang='lat' dir='ltr'><strong>ut</strong></span> <span class='ocrx_word' id='word_1_657' title='bbox 2142 3187 2231 3258; x_wconf 93' lang='lat' dir='ltr'><strong>qui</strong></span> <span class='ocrx_word' id='word_1_658' title='bbox 2255 3197 2594 3257; x_wconf 86' lang='lat' dir='ltr'><strong>peccatorum</strong></span> <span class='ocrx_word' id='word_1_659' title='bbox 2633 3189 2950 3244; x_wconf 89' lang='lat' dir='ltr'><strong>rationema</strong></span> <span class='ocrx_word' id='word_1_660' title='bbox 2986 3191 3178 3260; x_wconf 88' lang='lat' dir='ltr'><strong>seipsis</strong></span> <span class='ocrx_word' id='word_1_661' title='bbox 3204 3192 3420 3262; x_wconf 85' lang='lat' dir='ltr'><strong>exigunt</strong></span> <span class='ocrx_word' id='word_1_662' title='bbox 3463 3193 3514 3247; x_wconf 90' lang='lat' dir='ltr'><strong>in</strong></span> <span class='ocrx_word' id='word_1_663' title='bbox 3550 3193 3651 3248; x_wconf 87' lang='lat' dir='ltr'><strong>hac</strong></span> 
     </span>
    </p>
   </div>
   <div class='ocr_carea' id='block_1_93' title="bbox 2052 3279 3648 3354">
    <p class='ocr_par' dir='ltr' id='par_1_93' title="bbox 2052 3279 3648 3354">
     <span class='ocr_line' id='line_1_93' title="bbox 2052 3279 3648 3354; baseline 0.005 -21"><span class='ocrx_word' id='word_1_664' title='bbox 2052 3280 2183 3346; x_wconf 90' lang='lat' dir='ltr'><strong>vita,</strong></span> <span class='ocrx_word' id='word_1_665' title='bbox 2213 3289 2266 3334; x_wconf 93' lang='lat' dir='ltr'><strong>et</strong></span> <span class='ocrx_word' id='word_1_666' title='bbox 2289 3280 2339 3334; x_wconf 91' lang='lat' dir='ltr'><strong>in</strong></span> <span class='ocrx_word' id='word_1_667' title='bbox 2367 3294 2462 3334; x_wconf 89' lang='lat' dir='ltr'><strong>sua</strong></span> <span class='ocrx_word' id='word_1_668' title='bbox 2488 3279 2682 3334; x_wconf 89' lang='lat' dir='ltr'><strong>delicta</strong></span> <span class='ocrx_word' id='word_1_669' title='bbox 2698 3279 2958 3350; x_wconf 87' lang='lat' dir='ltr'><strong>judicium</strong></span> <span class='ocrx_word' id='word_1_670' title='bbox 2981 3293 3257 3348; x_wconf 85' lang='lat' dir='ltr'><strong>exercent,</strong></span> <span class='ocrx_word' id='word_1_671' title='bbox 3286 3299 3390 3341; x_wconf 88' lang='lat' dir='ltr'><strong>nec</strong></span> <span class='ocrx_word' id='word_1_672' title='bbox 3417 3285 3648 3354; x_wconf 86' lang='lat' dir='ltr'><strong>amplius</strong></span> 
     </span>
    </p>
   </div>
   <div class='ocr_carea' id='block_1_94' title="bbox 2052 3371 3648 3442">
    <p class='ocr_par' dir='ltr' id='par_1_94' title="bbox 2052 3371 3648 3442">
     <span class='ocr_line' id='line_1_94' title="bbox 2052 3371 3648 3442; baseline 0.005 -17"><span class='ocrx_word' id='word_1_673' title='bbox 2052 3371 2106 3425; x_wconf 92' lang='lat' dir='ltr'><strong>in</strong></span> <span class='ocrx_word' id='word_1_674' title='bbox 2132 3371 2320 3428; x_wconf 89' lang='lat' dir='ltr'><strong>eadem</strong></span> <span class='ocrx_word' id='word_1_675' title='bbox 2352 3371 2620 3440; x_wconf 90' lang='lat' dir='ltr'><strong>recidunt,</strong></span> <span class='ocrx_word' id='word_1_676' title='bbox 2646 3371 2805 3428; x_wconf 88' lang='lat' dir='ltr'><strong>facile</strong></span> <span class='ocrx_word' id='word_1_677' title='bbox 2832 3373 3040 3442; x_wconf 90' lang='lat' dir='ltr'><strong>possint</strong></span> <span class='ocrx_word' id='word_1_678' title='bbox 3066 3376 3398 3430; x_wconf 88' lang='lat' dir='ltr'><strong>tremendam</strong></span> <span class='ocrx_word' id='word_1_679' title='bbox 3418 3377 3562 3432; x_wconf 89' lang='lat' dir='ltr'><strong>illam</strong></span> <span class='ocrx_word' id='word_1_680' title='bbox 3592 3388 3648 3433; x_wconf 90' lang='lat' dir='ltr'><strong>et</strong></span> 
     </span>
    </p>
   </div>
   <div class='ocr_carea' id='block_1_95' title="bbox 2056 3462 3647 3540">
    <p class='ocr_par' dir='ltr' id='par_1_95' title="bbox 2056 3462 3647 3540">
     <span class='ocr_line' id='line_1_95' title="bbox 2056 3462 3647 3540; baseline 0.006 -24"><span class='ocrx_word' id='word_1_681' title='bbox 2056 3462 2447 3532; x_wconf 87' lang='lat' dir='ltr'><strong>implacabilem</strong></span> <span class='ocrx_word' id='word_1_682' title='bbox 2493 3465 2815 3518; x_wconf 89' lang='lat' dir='ltr'><strong>sententiam</strong></span> <span class='ocrx_word' id='word_1_683' title='bbox 2860 3463 3091 3520; x_wconf 90' lang='lat' dir='ltr'><strong>futuram</strong></span> <span class='ocrx_word' id='word_1_684' title='bbox 3123 3467 3372 3532; x_wconf 89' lang='lat' dir='ltr'><strong>evadere,</strong></span> <span class='ocrx_word' id='word_1_685' title='bbox 3403 3469 3647 3540; x_wconf 83' lang='lat' dir='ltr'><strong>adjnnxit</strong></span> 
     </span>
    </p>
   </div>
   <div class='ocr_carea' id='block_1_96' title="bbox 2048 3554 3644 3631">
    <p class='ocr_par' dir='ltr' id='par_1_96' title="bbox 2048 3554 3644 3631">
     <span class='ocr_line' id='line_1_96' title="bbox 2048 3554 3644 3631; baseline 0.007 -22"><span class='ocrx_word' id='word_1_686' title='bbox 2048 3554 2234 3610; x_wconf 88' lang='lat' dir='ltr'><strong>dicens</strong></span> <span class='ocrx_word' id='word_1_687' title='bbox 2262 3573 2276 3609; x_wconf 88' lang='lat'><strong>:</strong></span> <span class='ocrx_word' id='word_1_688' title='bbox 2306 3554 2512 3610; x_wconf 87' lang='lat' dir='ltr'><strong>Etenim</strong></span> <span class='ocrx_word' id='word_1_689' title='bbox 2535 3558 2578 3611; x_wconf 88' lang='lat' dir='ltr'><strong>si</strong></span> <span class='ocrx_word' id='word_1_690' title='bbox 2623 3559 2952 3628; x_wconf 75' lang='lat' dir='ltr'><strong>nosmetipsos</strong></span> <span class='ocrx_word' id='word_1_691' title='bbox 2969 3561 3342 3631; x_wconf 80' lang='lat' dir='ltr'><strong>judicaremus,</strong></span> <span class='ocrx_word' id='word_1_692' title='bbox 3394 3581 3493 3619; x_wconf 85' lang='lat' dir='ltr'><strong>non</strong></span> <span class='ocrx_word' id='word_1_693' title='bbox 3539 3568 3644 3620; x_wconf 85' lang='lat' dir='ltr'><strong>uti-</strong></span> 
     </span>
    </p>
   </div>
   <div class='ocr_carea' id='block_1_97' title="bbox 2046 3648 3640 3724">
    <p class='ocr_par' dir='ltr' id='par_1_97' title="bbox 2046 3648 3640 3724">
     <span class='ocr_line' id='line_1_97' title="bbox 2046 3648 3640 3724; baseline 0.008 -24"><span class='ocrx_word' id='word_1_694' title='bbox 2046 3665 2143 3716; x_wconf 86' lang='lat' dir='ltr'><strong>qne</strong></span> <span class='ocrx_word' id='word_1_695' title='bbox 2155 3648 2510 3718; x_wconf 79' lang='lat' dir='ltr'><strong>judicaremur</strong></span> <span class='ocrx_word' id='word_1_696' title='bbox 2539 3665 2558 3705; x_wconf 87' lang='lat'><strong><em>:</em></strong></span> <span class='ocrx_word' id='word_1_697' title='bbox 2585 3666 2720 3703; x_wconf 89' lang='lat' dir='ltr'><strong>nunc</strong></span> <span class='ocrx_word' id='word_1_698' title='bbox 2769 3660 2936 3704; x_wconf 87' lang='lat' dir='ltr'><strong>autem</strong></span> <span class='ocrx_word' id='word_1_699' title='bbox 2961 3652 3080 3706; x_wconf 89' lang='lat' dir='ltr'><strong>dum</strong></span> <span class='ocrx_word' id='word_1_700' title='bbox 3121 3655 3439 3724; x_wconf 84' lang='lat' dir='ltr'><strong>judicamur,</strong></span> <span class='ocrx_word' id='word_1_701' title='bbox 3468 3675 3500 3711; x_wconf 89' lang='lat' dir='ltr'><strong>a</strong></span> <span class='ocrx_word' id='word_1_702' title='bbox 3526 3659 3640 3713; x_wconf 83' lang='lat' dir='ltr'><strong>Do-</strong></span> 
     </span>
    </p>
   </div>
   <div class='ocr_carea' id='block_1_98' title="bbox 2046 3739 3637 3808">
    <p class='ocr_par' dir='ltr' id='par_1_98' title="bbox 2046 3739 3637 3808">
     <span class='ocr_line' id='line_1_98' title="bbox 2046 3739 3637 3808; baseline 0.009 -16"><span class='ocrx_word' id='word_1_703' title='bbox 2046 3739 2182 3792; x_wconf 87' lang='lat' dir='ltr'><strong>mino</strong></span> <span class='ocrx_word' id='word_1_704' title='bbox 2209 3739 2534 3808; x_wconf 86' lang='lat' dir='ltr'><strong>corripimur,</strong></span> <span class='ocrx_word' id='word_1_705' title='bbox 2558 3751 2612 3794; x_wconf 87' lang='lat' dir='ltr'><strong>ut</strong></span> <span class='ocrx_word' id='word_1_706' title='bbox 2640 3757 2740 3796; x_wconf 90' lang='lat' dir='ltr'><strong>non</strong></span> <span class='ocrx_word' id='word_1_707' title='bbox 2787 3759 2901 3796; x_wconf 87' lang='lat' dir='ltr'><strong>cum</strong></span> <span class='ocrx_word' id='word_1_708' title='bbox 2944 3745 3133 3799; x_wconf 88' lang='lat' dir='ltr'><strong>mundo</strong></span> <span class='ocrx_word' id='word_1_709' title='bbox 3179 3748 3498 3805; x_wconf 81' lang='lat' dir='ltr'><strong>damnentur.</strong></span> <span class='ocrx_word' id='word_1_710' title='bbox 3529 3751 3637 3806; x_wconf 84' lang='lat' dir='ltr'><strong>Nu-</strong></span> 
     </span>
    </p>
   </div>
   <div class='ocr_carea' id='block_1_99' title="bbox 2046 3828 3644 3910">
    <p class='ocr_par' dir='ltr' id='par_1_99' title="bbox 2046 3828 3644 3910">
     <span class='ocr_line' id='line_1_99' title="bbox 2046 3828 3644 3910; baseline 0.01 -28"><span class='ocrx_word' id='word_1_711' title='bbox 2046 3836 2212 3883; x_wconf 90' lang='lat' dir='ltr'><strong>stram</strong></span> <span class='ocrx_word' id='word_1_712' title='bbox 2239 3828 2396 3899; x_wconf 89' lang='lat' dir='ltr'><strong>igitur</strong></span> <span class='ocrx_word' id='word_1_713' title='bbox 2412 3839 2644 3887; x_wconf 88' lang='lat' dir='ltr'><strong>mentem</strong></span> <span class='ocrx_word' id='word_1_714' title='bbox 2659 3840 3023 3903; x_wconf 89' lang='lat' dir='ltr'><strong>torqueamus,</strong></span> <span class='ocrx_word' id='word_1_715' title='bbox 3046 3836 3273 3893; x_wconf 86' lang='lat' dir='ltr'><strong>lascivas</strong></span> <span class='ocrx_word' id='word_1_716' title='bbox 3290 3841 3644 3910; x_wconf 85' lang='lat' dir='ltr'><strong>cogitationes</strong></span> 
     </span>
    </p>
   </div>
   <div class='ocr_carea' id='block_1_100' title="bbox 2044 3921 3628 4002">
    <p class='ocr_par' dir='ltr' id='par_1_100' title="bbox 2044 3921 3628 4002">
     <span class='ocr_line' id='line_1_100' title="bbox 2044 3921 3628 4002; baseline 0.009 -27"><span class='ocrx_word' id='word_1_717' title='bbox 2044 3921 2382 3990; x_wconf 84' lang='lat' dir='ltr'><strong>castigemus,</strong></span> <span class='ocrx_word' id='word_1_718' title='bbox 2409 3923 2648 3977; x_wconf 90' lang='lat' dir='ltr'><strong>maculas</strong></span> <span class='ocrx_word' id='word_1_719' title='bbox 2691 3935 2900 3979; x_wconf 88' lang='lat' dir='ltr'><strong>nostras</strong></span> <span class='ocrx_word' id='word_1_720' title='bbox 2929 3927 3180 3998; x_wconf 86' lang='lat' dir='ltr'><strong>lacrymis</strong></span> <span class='ocrx_word' id='word_1_721' title='bbox 3212 3930 3582 4002; x_wconf 88' lang='lat' dir='ltr'><strong>abstergamus</strong></span> <span class='ocrx_word' id='word_1_722' title='bbox 3613 3953 3628 3990; x_wconf 91' lang='lat'>:</span> 
     </span>
    </p>
   </div>
   <div class='ocr_carea' id='block_1_101' title="bbox 2043 4013 3641 4094">
    <p class='ocr_par' dir='ltr' id='par_1_101' title="bbox 2043 4013 3641 4094">
     <span class='ocr_line' id='line_1_101' title="bbox 2043 4013 3641 4094; baseline 0.011 -30"><span class='ocrx_word' id='word_1_723' title='bbox 2043 4027 2267 4082; x_wconf 88' lang='lat' dir='ltr'><strong>magnus</strong></span> <span class='ocrx_word' id='word_1_724' title='bbox 2292 4013 2555 4083; x_wconf 89' lang='lat' dir='ltr'><strong>ejusmodi</strong></span> <span class='ocrx_word' id='word_1_725' title='bbox 2581 4015 2886 4084; x_wconf 88' lang='lat' dir='ltr'><strong>planctuum</strong></span> <span class='ocrx_word' id='word_1_726' title='bbox 2912 4016 3117 4074; x_wconf 89' lang='lat' dir='ltr'><strong>fructus</strong></span> <span class='ocrx_word' id='word_1_727' title='bbox 3136 4030 3491 4094; x_wconf 85' lang='lat' dir='ltr'><strong>est,magnum</strong></span> <span class='ocrx_word' id='word_1_728' title='bbox 3515 4028 3641 4080; x_wconf 85' lang='lat' dir='ltr'><strong>sub-</strong></span> 
     </span>
    </p>
   </div>
   <div class='ocr_carea' id='block_1_102' title="bbox 2041 4103 3633 4188">
    <p class='ocr_par' dir='ltr' id='par_1_102' title="bbox 2041 4103 3633 4188">
     <span class='ocr_line' id='line_1_102' title="bbox 2041 4103 3633 4188; baseline 0.009 -30"><span class='ocrx_word' id='word_1_729' title='bbox 2041 4103 2236 4159; x_wconf 90' lang='lat' dir='ltr'><strong>sidium</strong></span> <span class='ocrx_word' id='word_1_730' title='bbox 2265 4115 2320 4161; x_wconf 91' lang='lat' dir='ltr'><strong>et</strong></span> <span class='ocrx_word' id='word_1_731' title='bbox 2345 4107 2614 4161; x_wconf 88' lang='lat' dir='ltr'><strong>solatium.</strong></span> <span class='ocrx_word' id='word_1_732' title='bbox 2647 4107 2720 4164; x_wconf 90' lang='lat' dir='ltr'><strong>Ut</strong></span> <span class='ocrx_word' id='word_1_733' title='bbox 2739 4110 2880 4163; x_wconf 91' lang='lat' dir='ltr'><strong>enim</strong></span> <span class='ocrx_word' id='word_1_734' title='bbox 2909 4111 3038 4165; x_wconf 88' lang='lat' dir='ltr'><strong>risui</strong></span> <span class='ocrx_word' id='word_1_735' title='bbox 3066 4127 3130 4167; x_wconf 93' lang='lat' dir='ltr'><strong>ac</strong></span> <span class='ocrx_word' id='word_1_736' title='bbox 3157 4113 3359 4170; x_wconf 88' lang='lat' dir='ltr'><strong>deliciis</strong></span> <span class='ocrx_word' id='word_1_737' title='bbox 3386 4132 3633 4188; x_wconf 86' lang='lat' dir='ltr'><strong>magnqu</strong></span> 
     </span>
    </p>
   </div>
   <div class='ocr_carea' id='block_1_103' title="bbox 2041 4197 3634 4275">
    <p class='ocr_par' dir='ltr' id='par_1_103' title="bbox 2041 4197 3634 4275">
     <span class='ocr_line' id='line_1_103' title="bbox 2041 4197 3634 4275; baseline 0.009 -25"><span class='ocrx_word' id='word_1_738' title='bbox 2041 4197 2353 4266; x_wconf 88' lang='lat' dir='ltr'><strong>supplicium</strong></span> <span class='ocrx_word' id='word_1_739' title='bbox 2383 4198 2643 4265; x_wconf 91' lang='lat' dir='ltr'><strong>imminet,</strong></span> <span class='ocrx_word' id='word_1_740' title='bbox 2675 4201 2755 4256; x_wconf 89' lang='lat' dir='ltr'><strong>sic</strong></span> <span class='ocrx_word' id='word_1_741' title='bbox 2773 4211 2827 4256; x_wconf 92' lang='lat' dir='ltr'><strong>et</strong></span> <span class='ocrx_word' id='word_1_742' title='bbox 2847 4204 3096 4272; x_wconf 91' lang='lat' dir='ltr'><strong>perennis</strong></span> <span class='ocrx_word' id='word_1_743' title='bbox 3123 4205 3364 4275; x_wconf 89' lang='lat' dir='ltr'><strong>planctus</strong></span> <span class='ocrx_word' id='word_1_744' title='bbox 3390 4209 3634 4265; x_wconf 88' lang='lat' dir='ltr'><strong>solatium</strong></span> 
     </span>
    </p>
   </div>
   <div class='ocr_carea' id='block_1_104' title="bbox 2041 4287 3634 4365">
    <p class='ocr_par' dir='ltr' id='par_1_104' title="bbox 2041 4287 3634 4365">
     <span class='ocr_line' id='line_1_104' title="bbox 2041 4287 3634 4365; baseline 0.009 -26"><span class='ocrx_word' id='word_1_745' title='bbox 2041 4289 2181 4356; x_wconf 88' lang='lat' dir='ltr'><strong>parit</strong></span> <span class='ocrx_word' id='word_1_746' title='bbox 2205 4305 2217 4340; x_wconf 91' lang='lat'><strong>:</strong></span> <span class='ocrx_word' id='word_1_747' title='bbox 2245 4287 2391 4342; x_wconf 87' lang='lat' dir='ltr'><strong>Beati</strong></span> <span class='ocrx_word' id='word_1_748' title='bbox 2414 4290 2631 4360; x_wconf 88' lang='lat' dir='ltr'><strong>quippe,</strong></span> <span class='ocrx_word' id='word_1_749' title='bbox 2657 4293 2742 4360; x_wconf 87' lang='lat' dir='ltr'><strong>qui</strong></span> <span class='ocrx_word' id='word_1_750' title='bbox 2768 4293 2958 4364; x_wconf 84' lang='lat' dir='ltr'><strong>lugent,</strong></span> <span class='ocrx_word' id='word_1_751' title='bbox 2977 4297 3217 4365; x_wconf 87' lang='lat' dir='ltr'><strong>quoniam</strong></span> <span class='ocrx_word' id='word_1_752' title='bbox 3242 4301 3634 4354; x_wconf 85' lang='lat' dir='ltr'><strong>consolabuntur</strong></span> 
     </span>
    </p>
   </div>
   <div class='ocr_carea' id='block_1_105' title="bbox 2041 4377 3636 4460">
    <p class='ocr_par' dir='ltr' id='par_1_105' title="bbox 2041 4377 3636 4460">
     <span class='ocr_line' id='line_1_105' title="bbox 2041 4377 3636 4460; baseline 0.01 -31"><span class='ocrx_word' id='word_1_753' title='bbox 2041 4377 2257 4447; x_wconf 81' lang='lat' dir='ltr'><strong>(Matth.</strong></span> <span class='ocrx_word' id='word_1_754' title='bbox 2290 4380 2345 4434; x_wconf 85' lang='lat'><strong>5.</strong></span> <span class='ocrx_word' id='word_1_755' title='bbox 2376 4379 2453 4450; x_wconf 85' lang='lat'><strong>5).</strong></span> <span class='ocrx_word' id='word_1_756' title='bbox 2492 4379 2581 4435; x_wconf 75' lang='lat' dir='ltr'><strong><em>Vw</em></strong></span> <span class='ocrx_word' id='word_1_757' title='bbox 2605 4382 2707 4436; x_wconf 87' lang='lat' dir='ltr'><strong>illis</strong></span> <span class='ocrx_word' id='word_1_758' title='bbox 2736 4383 2820 4452; x_wconf 88' lang='lat' dir='ltr'><strong>qui</strong></span> <span class='ocrx_word' id='word_1_759' title='bbox 2849 4384 3031 4449; x_wconf 87' lang='lat' dir='ltr'><strong>rident,</strong></span> <span class='ocrx_word' id='word_1_760' title='bbox 3054 4388 3294 4455; x_wconf 85' lang='lat' dir='ltr'><strong>quoniam</strong></span> <span class='ocrx_word' id='word_1_761' title='bbox 3321 4390 3420 4459; x_wconf 79' lang='lat' dir='ltr'><strong>ipsi</strong></span> <span class='ocrx_word' id='word_1_762' title='bbox 3443 4392 3636 4460; x_wconf 75' lang='lat' dir='ltr'><strong>flebunt</strong></span> 
     </span>
    </p>
   </div>
   <div class='ocr_carea' id='block_1_106' title="bbox 2041 4467 3634 4543">
    <p class='ocr_par' dir='ltr' id='par_1_106' title="bbox 2041 4467 3634 4543">
     <span class='ocr_line' id='line_1_106' title="bbox 2041 4467 3634 4543; baseline 0.01 -23"><span class='ocrx_word' id='word_1_763' title='bbox 2041 4467 2194 4538; x_wconf 83' lang='lat' dir='ltr'><strong>(Luc.</strong></span> <span class='ocrx_word' id='word_1_764' title='bbox 2222 4469 2274 4525; x_wconf 92' lang='lat'><strong>6.</strong></span> <span class='ocrx_word' id='word_1_765' title='bbox 2306 4469 2422 4543; x_wconf 74' lang='lat'><strong>25).</strong></span> <span class='ocrx_word' id='word_1_766' title='bbox 2450 4469 2652 4527; x_wconf 86' lang='lat' dir='ltr'><strong>Idcirco</strong></span> <span class='ocrx_word' id='word_1_767' title='bbox 2681 4475 2841 4528; x_wconf 91' lang='lat' dir='ltr'><strong>etiam</strong></span> <span class='ocrx_word' id='word_1_768' title='bbox 2871 4475 3065 4530; x_wconf 90' lang='lat' dir='ltr'><strong>Paulus</strong></span> <span class='ocrx_word' id='word_1_769' title='bbox 3095 4480 3304 4533; x_wconf 88' lang='lat' dir='ltr'><strong>tametsi</strong></span> <span class='ocrx_word' id='word_1_770' title='bbox 3331 4481 3526 4534; x_wconf 91' lang='lat' dir='ltr'><strong>nullius</strong></span> <span class='ocrx_word' id='word_1_771' title='bbox 3556 4485 3598 4535; x_wconf 93' lang='lat' dir='ltr'><strong>si</strong></span> <span class='ocrx_word' id='word_1_772' title='bbox 3618 4514 3634 4523; x_wconf 90' lang='lat'><strong>-</strong></span> 
     </span>
    </p>
   </div>
   <div class='ocr_carea' id='block_1_107' title="bbox 2038 4561 3632 4646">
    <p class='ocr_par' dir='ltr' id='par_1_107' title="bbox 2038 4561 3632 4646">
     <span class='ocr_line' id='line_1_107' title="bbox 2038 4561 3632 4646; baseline 0.009 -30"><span class='ocrx_word' id='word_1_773' title='bbox 2038 4561 2090 4616; x_wconf 90' lang='lat' dir='ltr'><strong>bi</strong></span> <span class='ocrx_word' id='word_1_774' title='bbox 2120 4564 2366 4618; x_wconf 90' lang='lat' dir='ltr'><strong>conscius</strong></span> <span class='ocrx_word' id='word_1_775' title='bbox 2389 4565 2589 4634; x_wconf 90' lang='lat' dir='ltr'><strong>peccati</strong></span> <span class='ocrx_word' id='word_1_776' title='bbox 2614 4575 2779 4634; x_wconf 89' lang='lat' dir='ltr'><strong>esset,</strong></span> <span class='ocrx_word' id='word_1_777' title='bbox 2811 4568 2863 4622; x_wconf 90' lang='lat' dir='ltr'><strong>in</strong></span> <span class='ocrx_word' id='word_1_778' title='bbox 2886 4570 3137 4640; x_wconf 89' lang='lat' dir='ltr'><strong>lacrymis</strong></span> <span class='ocrx_word' id='word_1_779' title='bbox 3168 4581 3221 4626; x_wconf 92' lang='lat' dir='ltr'><strong>et</strong></span> <span class='ocrx_word' id='word_1_780' title='bbox 3248 4573 3392 4628; x_wconf 93' lang='lat' dir='ltr'><strong>luctu</strong></span> <span class='ocrx_word' id='word_1_781' title='bbox 3424 4584 3632 4646; x_wconf 86' lang='lat' dir='ltr'><strong>tempus</strong></span> 
     </span>
    </p>
   </div>
   <div class='ocr_carea' id='block_1_108' title="bbox 2037 4655 3632 4736">
    <p class='ocr_par' dir='ltr' id='par_1_108' title="bbox 2037 4655 3632 4736">
     <span class='ocr_line' id='line_1_108' title="bbox 2037 4655 3632 4736; baseline 0.01 -28"><span class='ocrx_word' id='word_1_782' title='bbox 2037 4669 2198 4710; x_wconf 89' lang='lat' dir='ltr'><strong>omne</strong></span> <span class='ocrx_word' id='word_1_783' title='bbox 2230 4655 2562 4712; x_wconf 90' lang='lat' dir='ltr'><strong>traducebat.</strong></span> <span class='ocrx_word' id='word_1_784' title='bbox 2607 4659 2738 4725; x_wconf 86' lang='lat' dir='ltr'><strong>Quis</strong></span> <span class='ocrx_word' id='word_1_785' title='bbox 2783 4660 2888 4716; x_wconf 89' lang='lat' dir='ltr'><strong>hoc</strong></span> <span class='ocrx_word' id='word_1_786' title='bbox 2923 4661 3097 4715; x_wconf 84' lang='lat' dir='ltr'><strong>dicit?</strong></span> <span class='ocrx_word' id='word_1_787' title='bbox 3140 4663 3229 4718; x_wconf 93' lang='lat' dir='ltr'><strong>llle</strong></span> <span class='ocrx_word' id='word_1_788' title='bbox 3254 4665 3366 4736; x_wconf 91' lang='lat' dir='ltr'><strong>ipse</strong></span> <span class='ocrx_word' id='word_1_789' title='bbox 3395 4667 3475 4722; x_wconf 90' lang='lat' dir='ltr'><strong>vir</strong></span> <span class='ocrx_word' id='word_1_790' title='bbox 3501 4670 3632 4723; x_wconf 83' lang='lat' dir='ltr'><strong>bea—</strong></span> 
     </span>
    </p>
   </div>
   <div class='ocr_carea' id='block_1_109' title="bbox 2038 4745 3633 4820">
    <p class='ocr_par' dir='ltr' id='par_1_109' title="bbox 2038 4745 3633 4820">
     <span class='ocr_line' id='line_1_109' title="bbox 2038 4745 3633 4820; baseline 0.009 -20"><span class='ocrx_word' id='word_1_791' title='bbox 2038 4753 2122 4801; x_wconf 86' lang='lat' dir='ltr'><strong>tus</strong></span> <span class='ocrx_word' id='word_1_792' title='bbox 2151 4763 2164 4799; x_wconf 89' lang='lat'><strong>:</strong></span> <span class='ocrx_word' id='word_1_793' title='bbox 2189 4745 2293 4800; x_wconf 88' lang='lat' dir='ltr'><strong>Per</strong></span> <span class='ocrx_word' id='word_1_794' title='bbox 2321 4748 2627 4816; x_wconf 89' lang='lat' dir='ltr'><strong>triennium,</strong></span> <span class='ocrx_word' id='word_1_795' title='bbox 2674 4750 2882 4820; x_wconf 89' lang='lat' dir='ltr'><strong>inquit,</strong></span> <span class='ocrx_word' id='word_1_796' title='bbox 2927 4762 3071 4807; x_wconf 88' lang='lat' dir='ltr'><strong>nocte</strong></span> <span class='ocrx_word' id='word_1_797' title='bbox 3112 4763 3158 4807; x_wconf 89' lang='lat' dir='ltr'><strong>et</strong></span> <span class='ocrx_word' id='word_1_798' title='bbox 3192 4757 3273 4808; x_wconf 87' lang='lat' dir='ltr'><strong>die</strong></span> <span class='ocrx_word' id='word_1_799' title='bbox 3297 4772 3397 4810; x_wconf 88' lang='lat' dir='ltr'><strong>non</strong></span> <span class='ocrx_word' id='word_1_800' title='bbox 3443 4763 3633 4815; x_wconf 84' lang='lat' dir='ltr'><strong>cessavi</strong></span> 
     </span>
    </p>
   </div>
   <div class='ocr_carea' id='block_1_110' title="bbox 2036 4836 3632 4920">
    <p class='ocr_par' dir='ltr' id='par_1_110' title="bbox 2036 4836 3632 4920">
     <span class='ocr_line' id='line_1_110' title="bbox 2036 4836 3632 4920; baseline 0.012 -30"><span class='ocrx_word' id='word_1_801' title='bbox 2036 4854 2154 4891; x_wconf 90' lang='lat' dir='ltr'><strong>cum</strong></span> <span class='ocrx_word' id='word_1_802' title='bbox 2201 4836 2438 4909; x_wconf 78' lang='lat' dir='ltr'><strong>lacrymis</strong></span> <span class='ocrx_word' id='word_1_803' title='bbox 2467 4855 2675 4893; x_wconf 86' lang='lat' dir='ltr'><strong>monens</strong></span> <span class='ocrx_word' id='word_1_804' title='bbox 2701 4857 3103 4912; x_wconf 83' lang='lat' dir='ltr'><strong>unumquemque</strong></span> <span class='ocrx_word' id='word_1_805' title='bbox 3127 4855 3343 4900; x_wconf 84' lang='lat' dir='ltr'><strong>vestrum</strong></span> <span class='ocrx_word' id='word_1_806' title='bbox 3368 4847 3502 4920; x_wconf 71' lang='lat' dir='ltr'><strong>(Act.</strong></span> <span class='ocrx_word' id='word_1_807' title='bbox 3534 4851 3632 4908; x_wconf 72' lang='lat'><strong>20.</strong></span> 
     </span>
    </p>
   </div>
   <div class='ocr_carea' id='block_1_111' title="bbox 2035 4928 3631 5000">
    <p class='ocr_par' dir='ltr' id='par_1_111' title="bbox 2035 4928 3631 5000">
     <span class='ocr_line' id='line_1_111' title="bbox 2035 4928 3631 5000; baseline 0.009 -16"><span class='ocrx_word' id='word_1_808' title='bbox 2035 4929 2148 5000; x_wconf 78' lang='grc'><strong>51).</strong></span> <span class='ocrx_word' id='word_1_809' title='bbox 2170 4928 2264 4983; x_wconf 93' lang='lat' dir='ltr'><strong>llle</strong></span> <span class='ocrx_word' id='word_1_810' title='bbox 2283 4944 2376 4998; x_wconf 91' lang='lat' dir='ltr'><strong>per</strong></span> <span class='ocrx_word' id='word_1_811' title='bbox 2403 4929 2709 4996; x_wconf 88' lang='lat' dir='ltr'><strong>triennium,</strong></span> <span class='ocrx_word' id='word_1_812' title='bbox 2740 4949 2838 4986; x_wconf 85' lang='lat' dir='ltr'><strong>nos</strong></span> <span class='ocrx_word' id='word_1_813' title='bbox 2864 4933 3052 4988; x_wconf 85' lang='lat' dir='ltr'><strong>saltem</strong></span> <span class='ocrx_word' id='word_1_814' title='bbox 3084 4935 3149 4990; x_wconf 90' lang='lat' dir='ltr'><strong>ad</strong></span> <span class='ocrx_word' id='word_1_815' title='bbox 3168 4952 3406 4994; x_wconf 86' lang='lat' dir='ltr'><strong>mensem</strong></span> <span class='ocrx_word' id='word_1_816' title='bbox 3427 4957 3588 4998; x_wconf 87' lang='lat' dir='ltr'><strong>unum</strong></span> <span class='ocrx_word' id='word_1_817' title='bbox 3615 4962 3631 4998; x_wconf 89' lang='lat'><strong>:</strong></span> 
     </span>
    </p>
   </div>
   <div class='ocr_carea' id='block_1_112' title="bbox 2035 5023 3634 5100">
    <p class='ocr_par' dir='ltr' id='par_1_112' title="bbox 2035 5023 3634 5100">
     <span class='ocr_line' id='line_1_112' title="bbox 2035 5023 3634 5100; baseline 0.008 -23"><span class='ocrx_word' id='word_1_818' title='bbox 2035 5023 2126 5078; x_wconf 88' lang='lat' dir='ltr'><strong>ille</strong></span> <span class='ocrx_word' id='word_1_819' title='bbox 2155 5033 2312 5078; x_wconf 84' lang='lat' dir='ltr'><strong>nocte</strong></span> <span class='ocrx_word' id='word_1_820' title='bbox 2337 5033 2391 5079; x_wconf 87' lang='lat' dir='ltr'><strong>et</strong></span> <span class='ocrx_word' id='word_1_821' title='bbox 2414 5023 2521 5091; x_wconf 92' lang='lat' dir='ltr'><strong>die,</strong></span> <span class='ocrx_word' id='word_1_822' title='bbox 2551 5025 2640 5080; x_wconf 90' lang='lat' dir='ltr'><strong>ille</strong></span> <span class='ocrx_word' id='word_1_823' title='bbox 2659 5033 2882 5095; x_wconf 88' lang='lat' dir='ltr'><strong>propter</strong></span> <span class='ocrx_word' id='word_1_824' title='bbox 2901 5027 3074 5083; x_wconf 87' lang='lat' dir='ltr'><strong>aliena</strong></span> <span class='ocrx_word' id='word_1_825' title='bbox 3101 5041 3342 5100; x_wconf 88' lang='lat' dir='ltr'><strong>peccata,</strong></span> <span class='ocrx_word' id='word_1_826' title='bbox 3374 5049 3475 5090; x_wconf 91' lang='lat' dir='ltr'><strong>nos</strong></span> <span class='ocrx_word' id='word_1_827' title='bbox 3523 5039 3634 5090; x_wconf 81' lang='lat' dir='ltr'><strong>sal-</strong></span> 
     </span>
    </p>
   </div>
   <div class='ocr_carea' id='block_1_113' title="bbox 2037 5117 3632 5185">
    <p class='ocr_par' dir='ltr' id='par_1_113' title="bbox 2037 5117 3632 5185">
     <span class='ocr_line' id='line_1_113' title="bbox 2037 5117 3632 5185; baseline 0.009 -17"><span class='ocrx_word' id='word_1_828' title='bbox 2037 5123 2142 5168; x_wconf 91' lang='lat' dir='ltr'><strong>tem</strong></span> <span class='ocrx_word' id='word_1_829' title='bbox 2207 5122 2426 5185; x_wconf 87' lang='lat' dir='ltr'><strong>propter</strong></span> <span class='ocrx_word' id='word_1_830' title='bbox 2469 5126 2651 5171; x_wconf 85' lang='lat' dir='ltr'><strong>nostra</strong></span> <span class='ocrx_word' id='word_1_831' title='bbox 2704 5117 2946 5172; x_wconf 89' lang='lat' dir='ltr'><strong>delicta:</strong></span> <span class='ocrx_word' id='word_1_832' title='bbox 3001 5121 3091 5176; x_wconf 87' lang='lat' dir='ltr'><strong>ille</strong></span> <span class='ocrx_word' id='word_1_833' title='bbox 3154 5124 3354 5179; x_wconf 90' lang='lat' dir='ltr'><strong>nullius</strong></span> <span class='ocrx_word' id='word_1_834' title='bbox 3402 5127 3479 5182; x_wconf 86' lang='lat' dir='ltr'><strong>rei</strong></span> <span class='ocrx_word' id='word_1_835' title='bbox 3523 5128 3632 5182; x_wconf 78' lang='lat' dir='ltr'><strong>sibi</strong></span> 
     </span>
    </p>
   </div>
   <div class='ocr_carea' id='block_1_114' title="bbox 2033 5205 3633 5274">
    <p class='ocr_par' dir='ltr' id='par_1_114' title="bbox 2033 5205 3633 5274">
     <span class='ocr_line' id='line_1_114' title="bbox 2033 5205 3633 5274; baseline 0.008 -14"><span class='ocrx_word' id='word_1_836' title='bbox 2033 5205 2283 5261; x_wconf 88' lang='lat' dir='ltr'><strong>conscius</strong></span> <span class='ocrx_word' id='word_1_837' title='bbox 2312 5247 2329 5274; x_wconf 92' lang='lat'><strong>,</strong></span> <span class='ocrx_word' id='word_1_838' title='bbox 2376 5221 2473 5261; x_wconf 89' lang='lat' dir='ltr'><strong>nos</strong></span> <span class='ocrx_word' id='word_1_839' title='bbox 2538 5208 2730 5263; x_wconf 89' lang='lat' dir='ltr'><strong>saltem</strong></span> <span class='ocrx_word' id='word_1_840' title='bbox 2802 5218 2861 5265; x_wconf 91' lang='lat' dir='ltr'><strong>ut</strong></span> <span class='ocrx_word' id='word_1_841' title='bbox 2929 5222 3170 5271; x_wconf 79' lang='lat' dir='ltr'><strong>nostram</strong></span> <span class='ocrx_word' id='word_1_842' title='bbox 3242 5217 3633 5273; x_wconf 85' lang='lat' dir='ltr'><strong>conscientiam</strong></span> 
     </span>
    </p>
   </div>
   <div class='ocr_carea' id='block_1_115' title="bbox 2033 5298 3628 5378">
    <p class='ocr_par' dir='ltr' id='par_1_115' title="bbox 2033 5298 3628 5378">
     <span class='ocr_line' id='line_1_115' title="bbox 2033 5298 3628 5378; baseline 0.008 -26"><span class='ocrx_word' id='word_1_843' title='bbox 2033 5313 2198 5354; x_wconf 89' lang='lat' dir='ltr'><strong>onere</strong></span> <span class='ocrx_word' id='word_1_844' title='bbox 2248 5313 2484 5368; x_wconf 88' lang='lat' dir='ltr'><strong>pressam</strong></span> <span class='ocrx_word' id='word_1_845' title='bbox 2531 5298 2789 5356; x_wconf 71' lang='lat' dir='ltr'><strong>levemus.</strong></span> <span class='ocrx_word' id='word_1_846' title='bbox 2843 5302 2958 5371; x_wconf 85' lang='lat' dir='ltr'><strong>Qua</strong></span> <span class='ocrx_word' id='word_1_847' title='bbox 2999 5319 3128 5361; x_wconf 87' lang='lat' dir='ltr'><strong>vero</strong></span> <span class='ocrx_word' id='word_1_848' title='bbox 3182 5306 3250 5362; x_wconf 90' lang='lat' dir='ltr'><strong>de</strong></span> <span class='ocrx_word' id='word_1_849' title='bbox 3316 5322 3475 5363; x_wconf 85' lang='lat' dir='ltr'><strong>causa</strong></span> <span class='ocrx_word' id='word_1_850' title='bbox 3509 5310 3628 5378; x_wconf 87' lang='lat' dir='ltr'><strong>plo-</strong></span> 
     </span>
    </p>
   </div>
   <div class='ocr_carea' id='block_1_116' title="bbox 2033 5391 3626 5463">
    <p class='ocr_par' dir='ltr' id='par_1_116' title="bbox 2033 5391 3626 5463">
     <span class='ocr_line' id='line_1_116' title="bbox 2033 5391 3626 5463; baseline 0.006 -17"><span class='ocrx_word' id='word_1_851' title='bbox 2033 5391 2159 5446; x_wconf 85' lang='lat' dir='ltr'><strong>rat?</strong></span> <span class='ocrx_word' id='word_1_852' title='bbox 2205 5405 2301 5445; x_wconf 92' lang='lat' dir='ltr'><strong>cur</strong></span> <span class='ocrx_word' id='word_1_853' title='bbox 2349 5405 2456 5445; x_wconf 91' lang='lat' dir='ltr'><strong>non</strong></span> <span class='ocrx_word' id='word_1_854' title='bbox 2508 5391 2666 5448; x_wconf 89' lang='lat' dir='ltr'><strong>docet</strong></span> <span class='ocrx_word' id='word_1_855' title='bbox 2714 5401 2770 5448; x_wconf 87' lang='lat' dir='ltr'><strong>et</strong></span> <span class='ocrx_word' id='word_1_856' title='bbox 2818 5395 3073 5452; x_wconf 89' lang='lat' dir='ltr'><strong>admonet</strong></span> <span class='ocrx_word' id='word_1_857' title='bbox 3121 5407 3367 5463; x_wconf 90' lang='lat' dir='ltr'><strong>tantum,</strong></span> <span class='ocrx_word' id='word_1_858' title='bbox 3421 5399 3516 5455; x_wconf 89' lang='lat' dir='ltr'><strong>sed</strong></span> <span class='ocrx_word' id='word_1_859' title='bbox 3571 5411 3626 5456; x_wconf 90' lang='lat' dir='ltr'><strong>et</strong></span> 
     </span>
    </p>
   </div>
   <div class='ocr_carea' id='block_1_117' title="bbox 2031 5482 3622 5564">
    <p class='ocr_par' dir='ltr' id='par_1_117' title="bbox 2031 5482 3622 5564">
     <span class='ocr_line' id='line_1_117' title="bbox 2031 5482 3622 5564; baseline 0.008 -26"><span class='ocrx_word' id='word_1_860' title='bbox 2031 5482 2298 5556; x_wconf 87' lang='lat' dir='ltr'><strong>lacrymas</strong></span> <span class='ocrx_word' id='word_1_861' title='bbox 2325 5483 2602 5556; x_wconf 83' lang='lat' dir='ltr'><strong>adjungit?</strong></span> <span class='ocrx_word' id='word_1_862' title='bbox 2630 5486 3090 5555; x_wconf 88' lang='lat' dir='ltr'><strong>Quemadmodum</strong></span> <span class='ocrx_word' id='word_1_863' title='bbox 3138 5499 3287 5559; x_wconf 89' lang='lat' dir='ltr'><strong>pater</strong></span> <span class='ocrx_word' id='word_1_864' title='bbox 3315 5491 3622 5564; x_wconf 80' lang='lat' dir='ltr'><strong>indulgens,</strong></span> 
     </span>
    </p>
   </div>
   <div class='ocr_carea' id='block_1_118' title="bbox 2031 5576 3621 5656">
    <p class='ocr_par' dir='ltr' id='par_1_118' title="bbox 2031 5576 3621 5656">
     <span class='ocr_line' id='line_1_118' title="bbox 2031 5576 3621 5656; baseline 0.009 -27"><span class='ocrx_word' id='word_1_865' title='bbox 2031 5576 2121 5647; x_wconf 92' lang='lat' dir='ltr'><strong>qui</strong></span> <span class='ocrx_word' id='word_1_866' title='bbox 2168 5576 2339 5632; x_wconf 89' lang='lat' dir='ltr'><strong>lilium</strong></span> <span class='ocrx_word' id='word_1_867' title='bbox 2387 5577 2548 5634; x_wconf 89' lang='lat' dir='ltr'><strong>habet</strong></span> <span class='ocrx_word' id='word_1_868' title='bbox 2597 5580 2930 5651; x_wconf 89' lang='lat' dir='ltr'><strong>unigenitum</strong></span> <span class='ocrx_word' id='word_1_869' title='bbox 3000 5581 3190 5637; x_wconf 92' lang='lat' dir='ltr'><strong>morbo</strong></span> <span class='ocrx_word' id='word_1_870' title='bbox 3271 5598 3621 5656; x_wconf 86' lang='lat' dir='ltr'><strong>correptum,</strong></span> 
     </span>
    </p>
   </div>
   <div class='ocr_carea' id='block_1_119' title="bbox 2031 5667 3616 5746">
    <p class='ocr_par' dir='ltr' id='par_1_119' title="bbox 2031 5667 3616 5746">
     <span class='ocr_line' id='line_1_119' title="bbox 2031 5667 3616 5746; baseline 0.003 -23"><span class='ocrx_word' id='word_1_871' title='bbox 2031 5667 2422 5724; x_wconf 87' lang='lat' dir='ltr'><strong>medicamenta</strong></span> <span class='ocrx_word' id='word_1_872' title='bbox 2486 5685 2595 5724; x_wconf 90' lang='lat' dir='ltr'><strong>non</strong></span> <span class='ocrx_word' id='word_1_873' title='bbox 2643 5670 3012 5727; x_wconf 87' lang='lat' dir='ltr'><strong>admittentem</strong></span> <span class='ocrx_word' id='word_1_874' title='bbox 3045 5713 3062 5738; x_wconf 95' lang='lat'><strong>,</strong></span> <span class='ocrx_word' id='word_1_875' title='bbox 3109 5672 3202 5728; x_wconf 92' lang='lat' dir='ltr'><strong>sed</strong></span> <span class='ocrx_word' id='word_1_876' title='bbox 3263 5675 3616 5746; x_wconf 87' lang='lat' dir='ltr'><strong>rejicientem,</strong></span> 
     </span>
    </p>
   </div>
   <div class='ocr_carea' id='block_1_120' title="bbox 2031 5759 3618 5835">
    <p class='ocr_par' dir='ltr' id='par_1_120' title="bbox 2031 5759 3618 5835">
     <span class='ocr_line' id='line_1_120' title="bbox 2031 5759 3618 5835; baseline 0.004 -21"><span class='ocrx_word' id='word_1_877' title='bbox 2031 5759 2273 5815; x_wconf 85' lang='lat' dir='ltr'><strong>assidens</strong></span> <span class='ocrx_word' id='word_1_878' title='bbox 2350 5761 2427 5816; x_wconf 88' lang='lat' dir='ltr'><strong>illi</strong></span> <span class='ocrx_word' id='word_1_879' title='bbox 2488 5762 2790 5832; x_wconf 89' lang='lat' dir='ltr'><strong>blanditur,</strong></span> <span class='ocrx_word' id='word_1_880' title='bbox 2840 5763 3202 5830; x_wconf 87' lang='lat' dir='ltr'><strong>deosculatur,</strong></span> <span class='ocrx_word' id='word_1_881' title='bbox 3279 5767 3618 5835; x_wconf 90' lang='lat' dir='ltr'><strong>amplectitur</strong></span> 
     </span>
    </p>
   </div>
   <div class='ocr_carea' id='block_1_121' title="bbox 2034 5851 3622 5925">
    <p class='ocr_par' dir='ltr' id='par_1_121' title="bbox 2034 5851 3622 5925">
     <span class='ocr_line' id='line_1_121' title="bbox 2034 5851 3622 5925; baseline -0.001 -16"><span class='ocrx_word' id='word_1_882' title='bbox 2034 5851 2282 5924; x_wconf 89' lang='lat' dir='ltr'><strong>omnique</strong></span> <span class='ocrx_word' id='word_1_883' title='bbox 2327 5868 2523 5925; x_wconf 86' lang='lat' dir='ltr'><strong>genere</strong></span> <span class='ocrx_word' id='word_1_884' title='bbox 2571 5853 2950 5912; x_wconf 87' lang='lat' dir='ltr'><strong>blanditiarum</strong></span> <span class='ocrx_word' id='word_1_885' title='bbox 2994 5856 3211 5916; x_wconf 81' lang='lat' dir='ltr'><strong>ﬂectere</strong></span> <span class='ocrx_word' id='word_1_886' title='bbox 3252 5867 3499 5924; x_wconf 75' lang='lat' dir='ltr'><strong>conatur,</strong></span> <span class='ocrx_word' id='word_1_887' title='bbox 3550 5870 3622 5910; x_wconf 84' lang='lat' dir='ltr'><strong>ae</strong></span> 
     </span>
    </p>
   </div>
  </div>
