4104 6450
520 384 608 442 651

523 500 888 566 persuadere,
949 506 1006 552 ut
1063 495 1340 550 medicina:
1388 493 1638 548 remediis
1687 491 1932 545 morbum
1992 487 2117 543 velit

520 593 793 661 depellere
821 611 832 644 :
861 593 936 646 sic
960 600 1013 645 et
1040 589 1234 642 Paulus
1265 597 1374 640 toto
1400 585 1673 654 dispersos
1693 583 1823 638 orbe
1854 591 2114 636 terrarum

525 684 705 739 lideles
725 693 988 753 tamquam
1003 679 1330 750 unigenitum
1346 677 1510 731 tilium
1529 691 1712 730 amore
1729 675 2112 744 complectens,

521 791 640 828 eum
671 775 928 844 plurimos
957 773 1157 826 videret
1186 771 1238 824 itt
1273 780 1486 840 peccata
1515 768 1811 838 prolapsos,
1840 775 1894 820 et
1924 766 2114 820 imme-

521 868 832 923 tlicabilibus
856 867 1019 922 animi
1051 864 1250 918 morbis
1277 869 1574 932 correptos,
1605 860 1797 914 deinde
1827 856 2114 929 reprehen-

521 958 686 1012 sionis
711 967 763 1010 et
791 955 1154 1026 castigationis
1186 952 1444 1007 medelam
1491 966 1596 1004 non
1648 949 1930 1004 admittere
1952 989 1966 1012 ,
2017 945 2112 1001 sed

518 1047 819 1117 repudiare,
851 1062 914 1101 ac
942 1046 1166 1111 resilire,
1193 1043 1442 1115 laerymis
1470 1057 1565 1097 eos
1593 1040 1888 1106 detinebat,
1919 1047 2111 1093 utcum

515 1148 815 1208 gementem
861 1153 924 1192 ac
983 1138 1247 1206 lugentem
1294 1135 1443 1188 illum
1489 1139 1796 1196 cernerent,
1847 1131 1963 1200 ipso
1989 1129 2112 1199 ejus

516 1239 733 1300 aspectu
791 1230 1044 1285 commoti
1103 1227 1422 1283 medicinam
1483 1225 1722 1291 ferrent,
1773 1238 1837 1278 ac
1892 1221 2111 1292 depulsa

517 1321 832 1391 a-gritudine
865 1321 1139 1391 pristinam
1161 1318 1524 1373 valetudinem
1547 1321 1960 1386 recuperarent:
1988 1327 2111 1383 pro-

515 1424 696 1483 pterea
722 1428 945 1466 monens
975 1425 1190 1480 semper
1217 1409 1625 1480 Iacrymabatur.

584 1503 812 1559 Tristitia
849 1502 1127 1557 secundum
1161 1499 1342 1554 Deum.
1371 1529 1443 1538 —
1471 1496 1622 1565 Quod
1652 1497 1696 1551 si
1745 1503 1944 1550 tantum
1972 1493 2107 1548 alie.

513 1614 703 1652 norum
732 1604 1077 1669 peccatorum
1128 1608 1310 1647 curam
1365 1591 1504 1662 gerit
1538 1588 1755 1652 Paulus,
1780 1595 1980 1658 quanto
2008 1599 2107 1640 nos

510 1689 675 1742 animi
702 1687 882 1742 studio
911 1702 1007 1756 par
1036 1683 1203 1740 estad
1233 1691 1536 1736 nostrorum
1560 1678 1991 1736 emendationem
2019 1677 2107 1732 in-

509 1778 816 1834 cumbere?
856 1778 1043 1848 Magna
1085 1777 1227 1831 enim
1283 1776 1364 1830 vis
1410 1783 1493 1828 est
1541 1773 1768 1827 tristitiae
1809 1770 2102 1826 secundum

514 1871 703 1936 Deum,
739 1869 1059 1938 prodestque
1089 1866 1373 1937 plurimum
1401 1882 1414 1919 :
1443 1862 1585 1934 quod
1607 1877 1729 1917 cum
1760 1861 1914 1916 nobis
1943 1861 2105 1915 Isaias

510 1959 674 2014 vellet
726 1973 1024 2028 estponerc,
1058 1957 1130 2012 ita
1173 1956 1421 2021 dicebat,
1474 1955 1554 2008 vel
1605 1954 1781 2024 potius
1830 1952 1972 2007 Deus
2007 1967 2104 2022 per

512 2049 700 2104 Isaiam
726 2067 738 2101 :
773 2049 995 2118 Propter
1015 2059 1274 2119 peccatum
1304 2046 1373 2100 ad
1395 2045 1648 2100 modicum
1675 2044 1964 2098 contristari
1986 2060 2103 2098 cum

511 2140 663 2210 (Ἰδαί.
687 2141 776 2196 57.
812 2141 924 2210 l7).
953 2139 1030 2196 Nc
1054 2156 1148 2210 pro
1167 2139 1370 2194 meritis
1390 2137 1625 2209 quidem,
1655 2136 1845 2205 inquit,
1875 2135 2101 2191 delicto-

511 2248 627 2286 rum
654 2233 720 2286 ab
758 2247 823 2288 eo
853 2247 1038 2303 pmnas
1067 2232 1237 2301 exegi.
1269 2230 1399 2283 Nam
1434 2230 1484 2283 in
1514 2238 1663 2284 recte
1695 2227 1848 2282 faelis
1885 2227 2101 2297 quidem

513 2325 920 2380 remunerandis
965 2325 1105 2380 Deus
1151 2323 1384 2394 prmmiis
1414 2323 1526 2378 suis
1579 2320 1797 2376 modum
1847 2319 2097 2386 excedit;

507 2435 628 2472 eum
659 2427 838 2472 autem
872 2425 1085 2488 peccata
1114 2415 1420 2486 castiganda
1450 2425 1572 2468 sunt
1600 2455 1616 2482 ,
1666 2429 1773 2484 pra:
1813 2411 1974 2466 nimia
2004 2427 2100 2467 sua

507 2512 834 2583 benignitate
862 2510 1074 2566 modico
1101 2509 1363 2580 supplicio
1410 2506 1605 2562 delicta
1650 2504 2100 2574 vindieat:idque

507 2615 563 2656 ut
595 2604 696 2658 hoc
726 2603 845 2660 loco
868 2605 1133 2666 innueret,
1165 2602 1317 2666 dixit,
1354 2599 1576 2669 Propter
1608 2608 1866 2669 peccatum
1888 2597 1955 2650 ad
1985 2613 2098 2650 mo-

506 2696 676 2747 dicum
703 2693 996 2748 contristaui
1030 2709 1144 2747 eum
1176 2708 1195 2746 :
1223 2700 1270 2745 et
1294 2691 1396 2745 uidi
1421 2731 1434 2755 ,
1466 2691 1586 2761 quia
1611 2691 1932 2744 contristatus
1981 2697 2055 2742 est
2080 2730 2095 2755 ,

503 2796 550 2839 et
576 2784 850 2838 ambulavit
876 2785 1050 2848 tristis,
1077 2792 1123 2836 et
1151 2783 1257 2836 vias
1297 2783 1405 2852 ejus
1429 2781 1604 2834 sanavi
1640 2777 1691 2852 (1
1698 2781 1745 2833 b.
1768 2778 1952 2850 v.18).
2029 2789 2049 2805 ⁶

575 2877 629 2931 4.
659 2876 818 2931 Vides
846 2885 901 2930 ut
932 2874 1212 2930 celerrima
1243 2874 1333 2939 sit,
1361 2881 1415 2928 et
1454 2886 1663 2926 summa
1692 2871 1890 2925 utilitas
1921 2869 2095 2940 ι)ωηί-

506 2968 723 3024 lentim?
745 2968 879 3024 Cum
905 2982 1193 3039 parumper
1217 2983 1336 3022 eum
1362 2973 1581 3036 propter
1602 2971 1818 3034 peccata
1842 2965 2099 3034 castigas-

503 3078 640 3127 sem,
672 3061 862 3132 inquit,
896 3061 1144 3132 quoniam
1175 3069 1424 3115 maestum
1466 3059 1612 3114 illum
1651 3072 1715 3112 ac
1743 3058 1946 3112 tristem
1973 3071 2095 3114 esse

502 3153 697 3212 factum
725 3155 856 3224 vidi,
888 3155 1047 3211 etiam
1071 3153 1333 3209 modicam
1354 3153 1497 3207 illam
1520 3167 1734 3222 pmnam
1760 3150 2092 3206 condonavi:

501 3250 635 3305 adeo
660 3259 941 3323 promptus
969 3263 1033 3304 ac
1053 3257 1270 3319 paratus
1299 3253 1380 3301 est
1407 3253 1466 3300 ut
1506 3243 1885 3300 reconcilietur
1915 3243 2096 3299 nobis-

498 3357 619 3396 cum
661 3343 822 3408 Deus,
850 3349 905 3397 et
931 3339 1270 3412 perexiguam
1304 3347 1506 3393 tantum
1535 3335 1873 3392 occasionem
1908 3336 2092 3406 requi-

501 3433 589 3487 rit.
615 3432 956 3489 Prtrbeamus
981 3429 1224 3501 igiturilli
1247 3428 1583 3488 occasionem
1603 3427 1802 3482 amoris
1817 3441 1944 3497 erga
1967 3442 2085 3494 nos,

497 3533 552 3578 et
578 3540 608 3578 a
633 3525 865 3594 peccatis
894 3539 992 3579 nos
1017 3524 1284 3578 immunes
1309 3534 1632 3577 conservare
1661 3518 1893 3573 nitamur
1917 3536 1928 3572 :
1949 3518 2092 3589 quod

499 3619 543 3671 si
573 3618 710 3673 forte
733 3615 1062 3686 supplantati
1095 3614 1355 3670 fuerimus
1381 3610 1689 3683 aliquando,
1713 3611 1820 3667 cito
1870 3626 2094 3666 consur-

497 3724 708 3772 gamus,
741 3723 804 3763 ac
832 3707 1025 3762 delicta
1066 3717 1248 3761 nostra
1297 3704 1647 3759 vehementer
1684 3702 1962 3771 lugeamus
1987 3745 2001 3770 ,
2035 3712 2093 3758 ttt

498 3799 750 3870 gaudium
781 3798 1074 3854 secundum
1125 3797 1288 3851 Deum
1319 3809 1732 3865 consequamur.
1761 3793 1817 3849 Si
1843 3793 1987 3848 enim
2024 3809 2091 3849 eo

497 3891 638 3960 quod
667 3891 1011 3945 contristatus
1027 3896 1188 3951 esset,
1217 3896 1271 3941 et
1295 3885 1592 3941 ambularet
1622 3895 1844 3940 maestus
1862 3926 1878 3953 ,
1922 3885 2087 3940 Deum

498 3982 599 4036 sibi
628 3980 996 4036 reconciliavit
1027 3997 1040 4032 :
1070 3979 1158 4048 qui
1185 3979 1347 4034 etiam
1381 3977 1649 4048 lacrymas
1666 3975 1834 4043 addit,
1859 3990 2090 4046 eumque

500 4074 729 4129 maxima
758 4089 877 4127 cum
903 4071 1064 4127 animi
1097 4071 1438 4126 contentione
1461 4079 1632 4135 vocat,
1665 4068 1790 4140 quid
1818 4085 1922 4123 non
1946 4084 2088 4138 pra:-

497 4167 700 4223 rtabit?
732 4166 856 4222 Scio
878 4175 1110 4220 vestram
1133 4161 1766 4220 mcuteminllammatam
1797 4175 1949 4228 esse;
1999 4177 2091 4216 ve-

498 4277 616 4316 rum
645 4269 702 4315 ut
725 4259 865 4315 foras
884 4258 1118 4328 egressis
1137 4257 1291 4311 nobis
1317 4256 1477 4310 ardor
1493 4256 1594 4310 iste
1623 4269 1727 4308 non
1752 4253 2084 4322 refrigescat,

495 4355 590 4409 sed
636 4355 689 4408 in
738 4352 895 4408 nobis
942 4351 1089 4404 illttm
1118 4348 1397 4405 faveamus
1421 4387 1437 4414 ,
1473 4347 1575 4402 hoc
1602 4359 1838 4416 agamus.
1875 4343 2089 4399 Fertilis

493 4457 576 4502 est
604 4462 732 4517 ager
758 4445 952 4500 tuentis
975 4450 1164 4498 vestra:
1189 4482 1201 4506 ,
1232 4440 1433 4494 semina
1474 4437 1696 4506 suscipit
1723 4444 1778 4490 et
1803 4435 2084 4490 confestim

495 4540 672 4608 spicas
698 4536 966 4609 producit,
1001 4549 1108 4592 non
1162 4531 1363 4602 indiget
1401 4527 1654 4583 dilatione
1695 4526 1776 4581 vel
1809 4536 2082 4596 tempore:
2137 4574 2142 4578 .

495 4629 590 4684 sed
619 4627 888 4682 inimicum
915 4632 1150 4680 vestrum
1169 4620 1484 4677 reformido.

570 4721 814 4775 Diabolus
850 4719 1108 4774 ecclesiam
1154 4733 1255 4770 non
1296 4712 1596 4784 ingreditur.
1647 4709 1880 4764 Lucerna
1909 4709 2087 4763 mentis

497 4811 1003 4869 doctrinm—Extra
1023 4809 1308 4867 ecclesiam
1349 4815 1455 4861 stat
1480 4804 1748 4870 diabolus,
1773 4804 1967 4874 quippe
1995 4817 2086 4856 sa-

495 4920 646 4962 crum
695 4904 836 4958 istud
893 4905 946 4957 in
1003 4901 1143 4958 ovile
1184 4915 1291 4955 non
1341 4895 1503 4951 audet
1539 4894 1891 4950 intrarezubi
1941 4893 2085 4948 enim

495 4995 693 5054 Christi
721 5011 848 5065 grex
873 5003 977 5060 est,
1002 4994 1160 5063 lupus
1187 5005 1292 5046 non
1313 4995 1608 5058 comparet,
1640 4984 1734 5040 sed
1775 4983 1907 5039 foris
1932 4993 2038 5039 stat
2065 5026 2082 5054 ,

493 5087 635 5160 quod
680 5096 945 5157 pastorem
973 5083 1304 5139 reformidet.
1336 5081 1392 5137 Si
1412 5077 1612 5150 egressi
1636 5078 1764 5133 hinc
1786 5075 2044 5132 fuerimus
2065 5119 2080 5143 ,

492 5195 562 5235 ne
592 5178 768 5234 statim
799 5189 897 5231 nos
920 5174 986 5229 ad
1011 5174 1407 5244 intempestivos
1433 5185 1775 5243 congressus,
1805 5178 1895 5223 aut
1914 5168 2083 5224 otiosa

492 5271 759 5344 colloquia
807 5279 864 5326 et
908 5267 1122 5324 inutiles
1150 5267 1525 5336 occupationes
1567 5263 1947 5326 traducamus;
1989 5261 2083 5316 sed

493 5366 620 5420 dum
652 5380 842 5420 recens
885 5362 1063 5418 adhuc
1099 5360 1243 5431 viget
1265 5359 1314 5412 in
1365 5358 1520 5412 nobis
1563 5372 1748 5412 eorum
1777 5370 1897 5426 quae
1943 5352 2082 5407 dicta

491 5467 618 5514 sunt
645 5457 924 5524 memoria,
954 5456 1169 5511 domum
1197 5464 1565 5523 properemus,
1590 5458 1788 5504 etcum
1816 5461 1980 5500 uxore
2020 5461 2084 5501 ac

495 5552 679 5606 liberis
697 5551 892 5606 sedens
915 5548 1282 5618 unusquisque
1315 5549 1562 5597 accurate
1579 5582 1594 5606 ,
1625 5555 1745 5609 quae
1772 5536 2035 5593 audiverit
2063 5577 2080 5604 ,

499 5641 802 5696 meditetur.
855 5639 1008 5708 Quod
1049 5641 1092 5692 si
1145 5637 1362 5692 domum
1420 5631 1627 5701 regredi
1676 5629 1854 5684 nolitis
1885 5670 1900 5693 ,
1932 5628 2084 5684 vobis

493 5735 695 5792 amicos
721 5734 974 5804 colligite,
1006 5741 1162 5802 atque
1194 5733 1248 5785 in
1275 5724 1708 5784 communionem
1748 5738 1933 5779 eorum
1965 5737 2084 5792 quae.

492 5826 766 5884 audieritis
785 5839 877 5881 eos
901 5833 1147 5882 vocantes
1171 5821 1415 5896 privatim
1430 5817 1722 5891 considcte,
1747 5826 1904 5889 atque
1923 5829 2085 5872 unus.

1236 380 1290 436 S.
1335 379 1612 435 JOANNIS
1642 371 2120 432 CllllYSOSTOlll
2162 374 2476 430 AllCllllil’.
2519 376 3053 434 CONSTANTlNOP.

3723 383 3833 438 652

2228 492 2454 561 quisque
2484 491 2759 560 proferens
2785 509 2903 564 qua:
2933 494 3101 564 potuit
3126 495 3381 551 memoria
3409 505 3614 564 tenere,
3639 514 3836 555 rursus

2225 580 2446 636 alteram
2465 583 2720 639 doctrina:
2744 601 2911 640 sacra:
2935 587 3214 641 lectionem
3238 589 3517 655 instituite,
3535 606 3606 647 ne
3621 591 3828 646 frustra

2225 673 2314 731 hic
2336 675 2644 732 interfuisse
2689 681 2934 734 concioni
2979 681 3283 737 videamini.
3330 681 3574 738 Lucerna
3624 685 3833 754 quippe

2224 778 2348 822 sunt
2365 768 2456 823 Dei
2482 769 2726 823 mandata
2753 787 2766 822 :
2792 771 3054 840 siquidem
3079 773 3381 826 Mandatum
3408 775 3534 845 legis
3549 787 3620 830 est
3646 777 3827 830 lacer-

2222 874 2310 925 na,
2326 871 2371 913 et
2392 862 2483 915 luas
2509 873 2557 914 et
2575 864 2694 929 vita,
2715 873 2760 917 et
2776 864 3042 934 correptio,
3058 873 3103 916 ct
3114 864 3385 934 disciplina
3409 865 3593 938 (Prov.
3609 868 3662 922 6.
3680 869 3778 939 25)
3806 883 3829 923 :

2224 967 2386 1022 porro
2429 953 2518 1023 qui
2561 953 2831 1010 lucernam
2870 956 3133 1024 accendit,
3185 971 3290 1011 non
3339 957 3392 1012 in
3436 957 3552 1014 foro
3594 960 3828 1028 residet,

2221 1042 2317 1097 scd
2360 1043 2577 1098 domum
2635 1055 2928 1115 properat,
2978 1062 3045 1101 ne
3091 1061 3368 1103 ventorum
3427 1050 3644 1106 incursu
3679 1055 3826 1124 ignis

2221 1137 2620 1208 exstinguatur,
2654 1156 2788 1195 neve
2833 1141 2984 1211 longa
3024 1157 3172 1197 mora
3218 1142 3486 1199 ﬂammam
3532 1147 3821 1204 absumat:

2220 1226 2289 1281 ita
2320 1228 2570 1284 nimirum
2597 1239 2651 1285 ct
2687 1246 2786 1286 nos
2815 1230 3089 1288 faciamus.
3118 1233 3283 1289 Nobis
3325 1234 3552 1306 Spiritus
3597 1249 3827 1296 sanctus

2217 1334 2368 1374 suam
2408 1322 2705 1403 doctrinam
2745 1327 3026 1381 accendit:
3069 1329 3270 1398 egressi
3287 1344 3424 1400 ergo
3444 1340 3603 1401 atque
3631 1335 3824 1390 auditu

2217 1428 2466 1470 sermone
2487 1415 2697 1487 repleti,
2727 1418 2840 1473 sive
2857 1419 3110 1485 amicum,
3134 1419 3248 1476 sive
3279 1422 3632 1493 propinquum
3653 1467 3668 1490 ,
3699 1428 3824 1483 sive

2214 1505 2588 1575 domesticum,
2615 1508 2728 1563 sive
2771 1509 2933 1564 alium
2960 1511 3200 1580 quemvis
3229 1511 3384 1566 nobis
3409 1513 3683 1570 videamus
3714 1532 3820 1571 oc-

2214 1614 2454 1667 currere,
2485 1611 2886 1670 praetereamus,
2928 1618 2994 1658 ne
3014 1604 3059 1658 si
3085 1619 3205 1658 cum
3231 1604 3324 1659 illo
3349 1605 3720 1677 colloquantur
3745 1611 3820 1664 de

2213 1693 2374 1747 rebus
2407 1693 2680 1749 inutilibus
2713 1709 2777 1749 ac
2802 1694 3105 1764 superfluis,
3138 1695 3396 1751 doctrinm
3417 1696 3570 1753 nobis
3591 1699 3817 1755 interim

2212 1787 2578 1856 exstinguatur
2607 1787 2761 1857 ignis,
2786 1787 2880 1842 sed
2902 1787 2954 1842 in
2978 1797 3155 1842 mente
3176 1795 3447 1858 tamquam
3469 1791 3521 1844 in
3542 1790 3707 1848 domo
3729 1795 3817 1848 vi-

2211 1889 2350 1947 geat,
2377 1878 2513 1933 etin
2559 1877 2771 1933 sublimi
2816 1880 3022 1934 ratione
3065 1887 3334 1949 tamquam
3380 1880 3432 1934 in
3483 1881 3817 1941 candelabro

2209 1970 2437 2040 quodam
2463 1985 2753 2027 succensus
2770 1984 2979 2040 cuncta,
3027 1988 3144 2043 qua:
3169 1971 3312 2027 domi
3338 1983 3480 2041 sunt,
3517 1975 3815 2034 illuminet.

2210 2064 2512 2120 Ahsurdunt
2556 2065 2699 2119 enim
2740 2077 2821 2123 est
2850 2066 2894 2120 si
2931 2067 3147 2121 domum
3186 2066 3404 2138 quidem
3434 2071 3642 2140 vesperi
3686 2073 3816 2129 sine

2210 2155 2424 2211 lucerna
2451 2168 2504 2212 et
2535 2157 2736 2213 luu'iine
2755 2173 2876 2214 esse
2905 2158 3046 2214 ferre
3075 2153 3422 2230 nequeamus,
3453 2165 3684 2220 animam
3704 2182 3812 2222 au-

2210 2260 2316 2307 tem
2361 2260 2640 2322 expertem
2667 2253 2926 2308 doctrina:
2964 2270 3266 2310 cernamus.
3295 2257 3428 2312 llinc
3457 2259 3613 2314 nobis
3637 2263 3813 2320 multa

2206 2357 2424 2416 peccata
2456 2359 2768 2413 nascuntur,
2806 2347 2946 2418 quod
2984 2363 3089 2403 non
3135 2349 3383 2406 celeriter
3405 2352 3596 2406 anima:
3623 2354 3814 2409 lucer-

2205 2455 2327 2494 nam
2359 2440 2753 2508 accendamus;
2792 2441 2915 2496 ltinc
2942 2443 3001 2496 fit
3041 2451 3098 2499 ut
3141 2443 3364 2514 singulis
3406 2445 3596 2501 diebus
3626 2447 3812 2504 oﬂ‘en-

2203 2535 2430 2602 damus;
2482 2536 2607 2591 hinc
2653 2537 2713 2592 fit
2741 2547 2799 2593 ut
2853 2547 3054 2594 temere
3103 2548 3161 2596 et
3220 2540 3578 2610 perfunctorie
3633 2548 3809 2602 multa

2203 2636 2384 2683 mente
2426 2631 2982 2701 comprehendamus,
3026 2633 3167 2702 quod
3212 2632 3392 2689 audita
3443 2635 3593 2691 verbi
3629 2638 3809 2695 divini

2204 2723 2462 2788 lectione,
2566 2722 2875 2794 priusquam
2947 2732 3098 2778 extra
3170 2725 3410 2781 ecclesiae
3476 2727 3808 2786 veSIibulum

2201 2815 2394 2887 pedem
2424 2814 2732 2882 efferamus,
2761 2831 2821 2869 ea
2850 2815 3130 2870 confestim
3153 2816 3486 2887 abjiciamus,
3516 2829 3571 2875 et
3593 2823 3811 2878 exstin-

2201 2919 2289 2965 eto
2319 2908 2521 2964 lumine
2551 2909 2603 2964 in
2654 2909 2889 2964 tenebris
2915 2909 3272 2966 ambulemus.

2276 3003 2398 3058 Non
2427 3004 2608 3058 domus
2637 3003 2886 3070 ornanda,
2911 3006 3000 3057 sed
3026 3005 3216 3058 anima.
3243 3005 3399 3060 -Αι
3421 3007 3561 3062 enim
3585 3009 3630 3064 si
3656 3009 3810 3069 forte

2199 3096 2519 3168 contigerint
2547 3095 2732 3150 istluec
2758 3102 2913 3150 antea
2933 3135 2948 3162 ,
2995 3110 3062 3149 ne
3087 3094 3337 3169 deinceps
3364 3099 3590 3170 amplius
3631 3100 3806 3172 ﬁant;

2198 3189 2295 3246 sed
2340 3203 2618 3244 accensam
2688 3188 2738 3242 in
2779 3195 2962 3242 mente
3009 3186 3278 3244 lucernam
3342 3203 3557 3259 semper
3597 3189 3810 3250 habea-

2199 3303 2340 3353 mus,
2390 3295 2446 3344 et
2483 3287 2715 3340 animam
2769 3286 2947 3357 potius
2994 3299 3152 3354 quam
3183 3283 3402 3340 domum
3448 3300 3806 3344 exornemus.

2198 3383 2326 3439 llazc
2343 3382 2485 3438 enim
2504 3381 2591 3436 hic
2612 3387 2872 3447 remanet,
2899 3377 3056 3433 atilla
3077 3377 3354 3432 nobiscum
3380 3387 3648 3450 assumpta
3664 3378 3810 3438 hinc

2195 3473 2521 3530 discedimus
2550 3490 2562 3526 :
2587 3480 2869 3543 propterea
2912 3469 3032 3541 plus
3059 3469 3111 3524 in
3137 3485 3252 3524 eam
3288 3469 3658 3526 sollicitudinis
3683 3473 3806 3528 im-

2196 3567 2536 3640 pendendum
2567 3575 2668 3621 est.
2697 3564 2816 3619 lam
2841 3579 2966 3618 vero
2993 3561 3232 3617 nonnulli
3254 3569 3377 3616 sunt
3395 3562 3529 3617 adeo
3551 3563 3807 3621 infelices

2195 3676 2258 3716 ac
2285 3661 2480 3715 misere
2506 3657 2703 3722 affecti,
2733 3665 2791 3709 ut
2814 3653 2958 3708 asdes
2979 3653 3193 3724 quidem
3216 3653 3393 3707 aureis
3423 3651 3799 3723 laquearibus,

2194 3764 2245 3809 et
2274 3749 2549 3808 tesserulis
2575 3751 2878 3821 pavitnrnto
2898 3747 3175 3812 distincto,
3201 3743 3406 3800 floridis
3427 3747 3663 3815 picturis,
3694 3762 3806 3802 co-

2195 3847 2499 3901 lumnarum
2526 3843 2834 3914 splendore,
2858 3841 3083 3911 aliisque
3109 3839 3314 3903 cunctis
3353 3847 3630 3904 exornent,
3664 3841 3801 3894 ani-

2193 3955 2336 3994 mum
2369 3948 2545 3993 autem
2579 3938 2628 3991 in
2656 3936 2906 3993 deteriori
2945 3942 3087 3990 statu
3113 3948 3268 4005 quam
3305 3933 3576 3989 desertum
3607 3933 3804 4004 hospi-

2193 4036 2327 4089 tium
2358 4033 2751 4102 dcrelinquant.
2781 4031 2914 4092 luto,
2946 4027 3092 4082 fumo
3113 4041 3174 4080 ac
3212 4027 3382 4080 multo
3421 4027 3607 4080 fmtore
3631 4041 3800 4080 com-

2193 4129 2414 4200 pletum,
2458 4126 2722 4196 planeque
2774 4121 3069 4176 desertum.
3125 4116 3388 4174 Cteterum
3435 4117 3553 4173 ideo
3579 4117 3804 4172 contiu-

2191 4231 2320 4292 gttnt
2340 4221 2453 4273 haec
2494 4218 2693 4281 omnia,
2721 4215 2861 4284 quod
2894 4212 3049 4283 nobis
3069 4211 3326 4267 doctrina:
3355 4211 3567 4265 lucerna
3594 4226 3801 4282 perpe.

2194 4317 2283 4368 tuo
2312 4329 2418 4368 non
2469 4309 2792 4366 accendatur
2821 4327 2832 4362 :
2864 4316 3144 4378 prepterca
3183 4321 3302 4376 quae
3342 4303 3608 4359 fructuosa
3634 4314 3794 4373 sunt,

2191 4407 2622 4466 contemnimus;
2652 4416 2769 4470 qua:
2788 4416 2917 4455 vero
2941 4397 3135 4453 nullius
3156 4395 3313 4467 pretii
3344 4405 3486 4462 sunt,
3517 4395 3567 4450 in
3593 4395 3677 4449 illa
3707 4396 3796 4450 di-

2191 4499 2414 4568 ligenter
2437 4495 2808 4550 incumbimus.
2841 4492 2965 4546 llmc
2991 4505 3095 4544 non
3127 4488 3193 4544 ad
3218 4488 3415 4544 divites
3444 4499 3666 4554 tantum,
3686 4490 3794 4546 sed

2193 4595 2352 4647 etiam
2382 4590 2446 4643 ad
2478 4599 2740 4659 pauperes
2775 4601 2804 4639 a
2832 4600 2917 4639 me
2946 4593 3071 4639 sunt
3111 4581 3272 4637 dicta.
3305 4581 3438 4662 Nam
3469 4591 3522 4636 et
3557 4580 3629 4634 illi
3657 4597 3792 4636 eum

2190 4687 2380 4743 domos
2403 4699 2528 4739 suas
2553 4697 2646 4753 pro
2667 4679 2778 4736 suis
2799 4679 3001 4734 viribus
3021 4675 3328 4746 frequenter
3356 4682 3632 4740 exornent,
3661 4675 3791 4728 ani-

2189 4797 2331 4835 mam
2371 4794 2524 4833 suam
2563 4774 2860 4848 neglectam
2912 4779 2967 4827 ct
2995 4769 3258 4840 abiectam
3306 4782 3525 4822 manere
3564 4767 3793 4836 permit—

2191 4885 2307 4932 tunt
2342 4894 2355 4930 :
2385 4888 2542 4946 quam
2570 4872 2640 4926 ob
2689 4882 2905 4924 causam
2949 4874 3004 4921 et
3027 4878 3363 4920 communem
3395 4862 3632 4930 utrisque
3655 4876 3792 4930 pro-

2190 4983 2328 5040 pono
2349 4966 2641 5022 doctrinam
2669 4973 3019 5019 commoncns
3035 4956 3448 5025 consulensque,
3475 4962 3792 5009 utcontem-

2191 5063 2292 5132 ptis
2338 5059 2496 5130 hujus
2555 5058 2678 5111 vitae
2730 5054 2957 5124 negotiis
2997 5059 3163 5108 totum
3209 5049 3444 5105 Studium
3499 5047 3551 5104 in
3599 5062 3788 5104 rerum

2187 5153 2538 5224 Spiritualium
2595 5164 2658 5204 ac
2722 5145 3112 5201 fructuosarum
3167 5156 3353 5197 curam
3419 5137 3786 5196 conferamus.

2188 5247 2459 5303 lntueatur
2485 5256 2688 5312 pauper
2712 5237 2950 5304 viduam,
3004 5250 3122 5306 qua:
3149 5232 3284 5288 duos
3328 5230 3517 5286 obolos
3541 5232 3789 5298 erogavit

2190 5339 2338 5411 (Luc.
2379 5336 2470 5391 21.
2497 5335 2594 5405 2),
2621 5346 2797 5402 neque
2827 5334 3191 5400 paupertatem
3221 5323 3510 5378 arbitretur
3541 5321 3785 5390 negotia-

2189 5431 2318 5487 tioni
2382 5429 2740 5497 eleemosynze
2807 5436 2871 5476 ac
2930 5418 3270 5488 benignitatis
3339 5415 3785 5485 impedimentum

2188 5524 2446 5595 objicerc.
2473 5520 2664 5575 Jobum
2693 5515 2792 5570 sibi
2827 5522 2990 5585 ponat
3017 5511 3086 5566 ob
3130 5510 3314 5563 oculos
3345 5506 3495 5562 dives
3515 5547 3532 5574 ,
3560 5515 3614 5561 et
3643 5503 3787 5561 sicut

2188 5617 2278 5672 ille
2298 5631 2401 5670 non
2429 5627 2624 5684 prose,
2643 5623 2827 5665 verum
2855 5621 2949 5676 pro
2969 5602 3287 5675 pauperibus
3309 5600 3488 5655 omnia
3520 5616 3614 5655 sua
3641 5599 3785 5655 bona

2190 5707 2512 5779 possidebat,
2566 5705 2633 5758 i:a
2675 5713 2730 5757 et
2765 5701 2878 5770 ipse
2919 5697 3076 5752 faciat
3101 5713 3113 5747 :
3137 5703 3422 5766 propterea
3451 5707 3680 5762 namque
3724 5705 3787 5746 se

2191 5810 2295 5867 illis
2323 5802 2514 5876 privari
2541 5799 2800 5872 patienter
2823 5796 2960 5862 tulit,
2990 5793 3129 5870 quod
3146 5801 3429 5869 antequam
3461 5791 3634 5863 reipsa
3655 5801 3786 5865 Spu-
