4104 6444
333 398 442 453 651

336 529 496 565 σεται
542 515 608 585 τῇ
669 515 768 588 τῆς
826 516 1123 591 θεραπείας
1158 521 1432 596 ὑπερϐολῇ
1467 518 1791 595 βουλόμενος
1817 514 1937 577 ἐπι-

337 597 684 664 σπάσασθαι,
737 603 831 656 καὶ
880 606 1065 659 πεῖσαι
1112 605 1367 671 δέξασθαι
1417 610 1515 677 τὴν
1551 610 1658 664 ἀπὸ
1706 611 1807 681 τῆς
1853 609 1936 661 οε·

337 681 580 752 ραπείας
625 681 950 755 διόρθωσιν·
977 687 1120 741 οὕτω
1163 690 1256 743 καί
1294 694 1323 745 6
1372 692 1583 757 Παῦλος
1624 694 1749 757 τοῦς
1797 708 1934 745 παν-

335 763 510 832 ταικοῦ
586 765 687 836 τῆς
758 768 1084 841 οἰκουμένης
1156 776 1411 841 πιστοὺς,
1486 776 1739 848 καθάπερ
1819 777 1936 828 υἱὸν

341 850 608 918 μονογενῆ
667 849 858 919 φιλῶν,
917 855 1011 908 καί
1072 856 1217 926 ὁρῶν
1273 856 1501 922 πολλοὺς
1544 861 1782 931 πονηρίᾳ
1836 875 1935 912 πε-

338 931 670 1014 ριπεσόντας
721 936 815 989 καὶ
863 938 1201 1011 ἀρρωστίαις
1251 943 1491 1007 ἀνιάτοις
1546 943 1758 1014 ψυχῆς,
1817 940 1937 997 εἷτα

337 1013 584 1079 εὑκόλως
612 1017 672 1069 οὑ
699 1016 1023 1090 δεχομένους
1055 1022 1146 1076 τὸν
1177 1024 1421 1095 ἐλεγχον,
1458 1027 1579 1080 οὑδὲ
1612 1013 1713 1097 τὴν
1742 1028 1806 1079 ὲκ
1834 1028 1938 1097 τῆς

341 1098 718 1171 ἐπιτιμήσεως
758 1103 1063 1175 διόρθωσιν,
1098 1107 1216 1161 ἀλλ’
1252 1109 1671 1181 ἀποπηδῶντας,
1702 1114 1813 1175 τοῖς
1845 1112 1939 1166 δά·

342 1200 512 1255 κρυσι
541 1190 813 1258 κατεῖχεν,
841 1189 926 1242 ἵνα
964 1190 1289 1263 ὀδυρόμενον
1323 1194 1484 1249 αὑτὸν
1510 1196 1606 1249 καὶ
1636 1195 1938 1267 θρηνοῦντα

344 1267 571 1333 ἰδόντες,
613 1270 707 1324 καί
749 1271 887 1343 πρὸς
930 1272 1027 1345 τὴν
1065 1275 1187 1345 ὄψιν
1230 1278 1701 1342 κατακλασθέντες
1741 1279 1936 1350 αὑτὴν,

342 1350 690 1423 ἀνάσχωνται
719 1355 820 1425 τῆς
854 1358 1116 1428 ἰατρείας,
1148 1360 1242 1413 καί
1271 1360 1372 1431 τὴν
1400 1362 1715 1434 ἀρρωστίαν
1736 1362 1941 1415 ἀποθέ-

344 1451 502 1503 μενοι
529 1435 664 1506 πρὸς
693 1436 881 1511 ὑγείαν
906 1440 1246 1497 ἐπανέλθωσι
1277 1443 1440 1498 πάλιν
1463 1463 1476 1475 ·
1507 1444 1596 1499 διὰ
1633 1444 1789 1499 τοῦτο
1814 1463 1939 1499 νου-

345 1516 521 1571 θετῶν
547 1519 807 1590 ἐδάκρυεν
835 1522 945 1577 ἀεί.
1372 1563 1377 1569 ’

420 1604 483 1656 Εἰ
511 1604 566 1657 δὲ
593 1605 831 1680 τοσαύτῃ
862 1608 990 1680 περί
1015 1609 1084 1665 τὰ
1120 1611 1375 1684 ἀλλότρια
1406 1612 1782 1685 ἁμαρτήματα
1811 1629 1943 1685 προ-

347 1690 484 1772 νοία
508 1690 770 1764 κέχρηται
816 1694 1046 1761 Παῦλος,
1089 1699 1233 1772 πόσῃ
1274 1698 1410 1769 πρὸς
1444 1702 1546 1771 τὴν
1581 1699 1692 1752 τῶν
1726 1700 1943 1752 οἰκείων

346 1771 632 1843 διόρθωσιν
679 1777 830 1846 ήμᾶς
877 1778 1158 1853 προθυμίᾳ
1203 1771 1504 1852 κεχρῆσθαι
1544 1782 1659 1847 δεῖς
1691 1782 1801 1835 Καὶ
1834 1782 1943 1852 γὰρ

280 1862 293 1868 ’
347 1854 519 1928 πολλὴ
551 1857 649 1928 τῆς
682 1858 823 1913 κατὰ
852 1860 984 1914 Θεὸν
1024 1862 1200 1934 λύπης
1240 1866 1272 1936 ἡ
1308 1864 1536 1935 δύναμις
1568 1866 1647 1928 εἰς
1675 1863 1945 1934 ὠφελείας

348 1938 528 2006 Λόγον,
558 1942 651 1994 καὶ
678 1942 806 2012 περὶ
833 1943 1037 2014 ταύτης
1061 1949 1088 1999 6
1129 1947 1355 2010 Ἡσαΐας
1388 1946 1743 2019 διηγούμενος
1771 1947 1945 2011 οὕτως

348 2023 525 2092 ἔλεγε,
565 2025 764 2095 μᾶλλον
808 2028 866 2081 δὲ
905 2031 933 2082 ὀ
964 2029 1098 2094 Θεὸς
1132 2030 1202 2084 δι’
1243 2032 1439 2086 Ἦσαῖα
1467 2049 1480 2062 ·
1528 2034 1611 2085 Δι’
1653 2032 1946 2102 ἁμαρτίας

350 2108 551 2177 βραχύ
606 2124 661 2163 τι
717 2110 1001 2180 ἐλύπησα
1058 2115 1266 2170 αὐτόν.
1321 2115 1455 2170 Οὑδέ
1519 2115 1699 2182 ἀξίαν,
1758 2117 1942 2186 φησὶν,

350 2193 600 2257 ἐπέθηκα
657 2194 757 2265 τῆς
817 2193 1194 2267 πλημμελείας
1250 2199 1349 2270 τὴν
1407 2199 1649 2254 κόλασιν.
1697 2200 1787 2252 Ἐν
1848 2201 1946 2270 μὲν

351 2277 464 2348 γὰρ
499 2279 610 2340 τοῖς
656 2277 1076 2350 κατορθώμασιν
1130 2280 1449 2351 ὑπερϐαίνει
1489 2282 1558 2337 τὰ
1613 2282 1785 2355 μέτρα
1825 2285 1946 2345 ταῖς

352 2358 686 2412 ἀντιδόσεσιν
751 2362 780 2414 6
823 2361 975 2426 Θεὸς,
1037 2365 1095 2417 ἐν
1143 2364 1201 2419 δὲ
1255 2368 1367 2429 τοῖς
1429 2367 1813 2439 ἁμαρτήμασι,
1859 2366 1947 2419 διά

352 2442 455 2514 τὴν
500 2442 665 2496 αὑτοῦ
718 2442 1130 2519 φιλανθρωπίαν
1180 2448 1419 2520 ἐλέγχων
1469 2450 1759 2521 πολλαχοῦ.
1818 2450 1949 2521 βρα-

353 2530 508 2597 χεῖαν
557 2528 658 2598 τὴν
702 2529 925 2583 κόλασιν
971 2533 1166 2600 ἐπάγει
1214 2533 1322 2586 τῶν
1370 2533 1946 2606 πεπλημμελημένων.

354 2612 536 2682 Ὅπερ
593 2607 686 2665 οὖν
742 2614 837 2667 καί
888 2615 1123 2670 ἐνταῦθα
1183 2617 1555 2690 αἰνιττόμενος
1608 2618 1761 2687 ἔλεγε
1797 2635 1812 2649 ·
1866 2618 1946 2672 Δι’

349 2693 650 2764 ἁμαρτίαν
665 2695 868 2766 ,ϐραχύ
891 2715 947 2751 τι
968 2699 1253 2768 ἐλύπησα
1278 2703 1485 2768 αὑτὸν,
1520 2702 1618 2755 καί
1649 2701 1833 2766 εἶδον,
1860 2701 1950 2756 ὅτι

354 2776 650 2846 ἐλυπήθη,
707 2782 805 2834 καὶ
853 2781 1146 2852 ἐπορεύθη
1191 2785 1476 2855 στυγνὸς,
1532 2785 1632 2839 καὶ
1681 2785 1952 2855 ἰασάμην

355 2859 466 2927 τὰς
499 2861 679 2930 ὀδοὺς
714 2865 922 2920 αὑτοῦ.

432 2945 584 3019 [656]
611 2947 674 3003 δ’.
710 2949 873 3023 Ὀρᾷι,
910 2950 1031 3017 πῶς
1064 2954 1159 3007 καί⁵
1195 2954 1423 3027 ταχίστη
1481 2955 1576 3009 καί
1627 2954 1798 3028 πολλὴ
1852 2955 1953 3027 τῆς

357 3031 650 3100 μετανοίας
691 3033 724 3104 ή
765 3034 1039 3103 ὡφέλεια;
1089 3038 1274 3107 ὐλίγα
1316 3038 1553 3104 κολάσας
1600 3040 1764 3095 αὑτὸν
1812 3041 1952 3112 ὑπὲρ

356 3116 796 3188 ἁμαρτημάτων,
827 3120 1010 3189 φησὶν,
1039 3122 1224 3194 ἐπειδὴ
1249 3118 1390 3176 εἶδον
1412 3124 1633 3195 κατηφῆ
1662 3124 1953 3194 γενόμενον

357 3199 457 3251 καὶ
503 3199 749 3267 στυγνὸν,
799 3200 895 3254 καί
942 3203 1115 3275 αὑτὴν
1165 3206 1265 3276 τὴν
1314 3206 1518 3279 μικρὰν
1561 3207 1741 3277 ἀνῆκα
1782 3223 1993 3277 τιμῶ--

358 3280 528 3353 ρίανο
560 3282 702 3336 οὕτω
759 3285 852 3337 καί
901 3284 1117 3357 ἕτοιμός
1172 3290 1290 3341 ἐστι
1346 3291 1482 3360 πρὸς
1529 3288 1628 3353 τὰς
1681 3290 1955 3362 ἡμετέρας

358 3367 714 3438 καταλλαγὰς
763 3372 791 3423 6
837 3369 988 3436 Θεὸς,
1037 3372 1132 3425 καί
1189 3372 1461 3444 πρόφασιν
1519 3372 1780 3444 βραχεῖαν
1835 3375 1957 3426 ἐπι·

358 3450 521 3523 ζητεῖ
572 3452 755 3523 μόνον.
817 3454 1155 3526 Παρέχωμεν
1214 3456 1395 3510 τοίνυν
1453 3456 1602 3528 αὑτῷ
1663 3457 1762 3529 τῆς
1818 3457 1957 3529 πρὸς

359 3537 516 3606 ἡμᾶς
542 3536 723 3606 φιλίας
748 3537 846 3601 τὰς
864 3539 1137 3611 ἀφορμάῖ,
1159 3539 1300 3592 καθα
1309 3538 1433 3611 ρούς
1460 3557 1517 3593 τε
1544 3541 1957 3613 ἁμαρτημάτων

360 3620 592 3684 ἑαυτοὺς
642 3622 961 3693 πειρώμεθα
998 3623 1306 3691 διασώζειν,
1356 3624 1448 3678 καὶ
1492 3624 1676 3678 εἴποτε
1723 3627 1957 3679 ὑποσκε-

360 3704 714 3776 λισθείημεν,
777 3707 1153 3777 διαναστῶμεν
1219 3708 1430 3779 ταχέως
1494 3708 1820 3773 πενθοῦντες
1891 3709 1961 3763 τά

364 3788 883 3861 πεπλημμελημένα
938 3791 1078 3861 μετά
1121 3791 1322 3864 πολλῆς
1368 3792 1469 3864 τῆς
1521 3792 1825 3864 ἀκριϐείας,
1874 3794 1959 3848 ἵνα

362 3873 470 3944 τῆς
520 3876 659 3928 κατά
701 3874 834 3928 Θεὸν
877 3876 1053 3946 χαρᾶς
1095 3876 1459 3947 ἐπιτύχωμεν.
1504 3878 1567 3931 Εἰ
1613 3878 1723 3952 γὰρ
1773 3879 1960 3952 ἐπειδὴ

365 3958 638 4031 ἐλυπήθη,
700 3960 796 4013 καί
864 3961 1092 4028 στυγνὸς
1140 3960 1445 4033 ἐπορεύθη,
1506 3963 1808 4035 κατήλλαξε
1870 3964 1961 4018 τὸν

365 4043 525 4108 Θεὸν,
585 4045 615 4097 6
671 4044 764 4097 καί
816 4043 1024 4115 δάκρυα
1082 4044 1359 4118 προσθεὶς,
1420 4046 1515 4100 καὶ
1567 4046 1706 4119 μετά
1761 4046 1963 4118 πολλῆς

367 4127 536 4183 αὑτὸν
591 4128 867 4192 ἐκτενείας
922 4128 1125 4195 καλῶν,
1181 4131 1234 4183 τί
1284 4131 1384 4184 οὑκ
1436 4130 1774 4201 ἐργάσεται;
1834 4126 1964 4186 Οἶδα

365 4211 456 4265 ὅτι
506 4210 868 4284 διεθερμάνθη
920 4212 1016 4266 νῦν
1073 4211 1228 4284 ὑμῶν
1280 4214 1314 4284 ἡ
1364 4212 1593 4280 διάνοια,
1648 4211 1765 4268 ἀλλ’
1816 4215 1964 4279 ὅπως

367 4294 473 4367 τήν
501 4295 811 4368 θερμότητα
832 4295 1037 4369 ταύτην
1072 4297 1147 4369 μὴ
1178 4297 1484 4365 ἐξελθόντες
1511 4298 1615 4366 ἐξω
1644 4299 1964 4369 καταψύξωο

377 4396 502 4451 μεν,
544 4378 659 4432 ἀλλ’
689 4381 746 4432 ὲν
774 4380 987 4444 ἑαυτοῖς
1025 4380 1412 4450 κατάσχωμεν,
1441 4380 1598 4435 τοῦτο
1628 4383 1960 4454 ποιήσωμεν.

372 4462 623 4533 Εὑςορος
655 4464 688 4534 ἡ
719 4463 872 4535 χώρα
912 4464 1013 4534 τῆς
1045 4464 1317 4536 ὑμετέρας
1351 4465 1610 4530 διανοίας,
1643 4466 1857 4539 δέχεται
1898 4469 1967 4522 τὰ

377 4549 695 4619 σπέρματα,
753 4550 849 4602 καὶ
913 4549 1116 4612 εὑθέως
1171 4548 1352 4602 δίδωσι
1404 4550 1531 4613 τοὺς
1590 4552 1848 4622 στάχυας,
1904 4551 1964 4603 οὑ

374 4632 550 4706 δεῖται
603 4631 889 4705 ἀναϐολῆς,
938 4633 1059 4686 οὐδὲ
1102 4633 1294 4705 χρόνου
1314 4648 1329 4664 ·
1382 4633 1517 4687 ἀλλὰ
1564 4634 1835 4706 φοϐοῦμαι
1876 4635 1967 4689 τὸν

377 4717 477 4787 ἐχθ
486 4696 576 4789 ρὸν
607 4717 700 4770 τὸν
729 4696 1015 4789 ὑμέτερον.

457 4802 604 4870 Ἔξω
628 4801 730 4873 τῆς
760 4801 1057 4872 ἐκκλησίας
1091 4800 1322 4873 ἕστηκεν
1356 4803 1385 4855 6
1420 4801 1668 4867 διάϐολος
1688 4820 1703 4835 ·
1740 4805 1823 4868 είς
1856 4804 1967 4875 γάρ

375 4885 483 4958 τήν
509 4885 663 4958 ἱερὰν
693 4885 899 4956 ταύτην
935 4886 1176 4957 μάνδραν
1215 4884 1477 4939 εἰσελθεῖν
1509 4886 1570 4939 οὑ
1596 4888 1772 4959 τολμᾷ
1791 4903 1804 4916 ·
1841 4887 1970 4942 ἔνθα

378 4972 492 5043 γὰρ
523 4970 729 5041 ποίμνη
763 4969 1022 5042 Χριστοῦ,
1076 4969 1240 5035 λύκος
1287 4970 1348 5023 οὑ
1399 4969 1670 5039 φαίνεται,
1718 4970 1833 5025 ἀλλ’
1866 4970 1971 5038 ἔξω

380 5056 475 5108 τὸν
509 5054 746 5124 ποιμένα
771 5052 1025 5118 δεδοικὼς
1049 5054 1302 5123 ἔστηκεν.
1335 5055 1431 5106 Ἂν
1454 5053 1762 5125 ἐξέλθωμεν
1790 5055 1973 5109 ἐντεῦ-

382 5136 509 5201 θεν,
545 5137 750 5201 εὑθέως
788 5138 862 5210 μὴ
895 5138 1033 5209 πρὸς
1079 5137 1368 5201 συνουσίας
1420 5138 1717 5209 ἀκαίρους,
1762 5138 1796 5209 ἢ
1836 5139 1973 5211 πρὸς

381 5224 579 5290 λόγους
632 5221 946 5294 ἀνονήτους,
994 5223 1090 5276 καὶ
1131 5221 1414 5294 διατριϐάς
1455 5222 1704 5293 ἀκερδεῖς
1746 5223 1972 5288 ἑαυτοὺς

385 5292 802 5378 ἐκδῶμεν,’ἀλλ’
835 5306 912 5369 ὡς
938 5304 1135 5377 ἔχομεν
1168 5305 1226 5359 ἐν
1256 5292 1336 5376 τῇ
1368 5292 1652 5377 μνήμητά
1684 5306 1971 5378 εἰρημένα,

385 5394 677 5467 τρέχωμεν
727 5390 948 5457 οἴκαδε,
991 5392 1086 5444 καὶ
1134 5390 1367 5454 καθίσας
1412 5390 1643 5455 ἕκαστος
1696 5391 1834 5460 μετά
1875 5390 1976 5462 τῆς

388 5476 672 5548 γυναικὸς,
726 5477 865 5547 μετά
908 5476 1019 5531 τῶν
1056 5476 1262 5530 παίδων
1310 5475 1586 5547 μελετάτω
1636 5477 1777 5549 μετὰ
1815 5477 1978 5550 ἀκρι-

389 5562 546 5626 ϐείας
577 5562 647 5614 τά
671 5560 957 5633 εἰρημένα.
987 5555 1051 5613 Ei
1073 5561 1129 5614 δὲ
1162 5561 1235 5632 μὴ
1266 5559 1520 5630 βούλεσθε
1550 5561 1731 5614 οἴκαδε
1764 5562 1979 5633 ἀναχωο

392 5647 544 5719 ρεῖν,
584 5642 773 5713 φίλους
821 5644 950 5706 τοὺς
993 5645 1285 5708 κοινωνοὺς
1345 5645 1443 5715 τῆς
1490 5645 1810 5717 ἀκροάσεως
1849 5646 1978 5715 ὑμῖν

392 5727 748 5795 συλλέξαντες
767 5725 890 5779 κατ’
922 5725 1059 5781 ἰδίαν
1090 5727 1458 5799 συνεδρεύετε,
1484 5729 1577 5781 καὶ
1599 5727 1668 5782 τά
1697 5729 1829 5801 παρ’
1852 5731 1979 5783 ἐαυ-

389 5812 490 5869 τοῦ
523 5811 708 5883 φέρων
734 5808 967 5873 ἕκαστος
993 5810 1137 5881 ειπερ
1186 5811 1371 5881 ἴσχυσε
1403 5812 1763 5884 διατηρῆσαι,
1798 5814 1980 5885 ἀπηρ-

391 5899 654 5973 τισμένην
683 5894 748 5949 ἐκ
789 5893 1044 5965 δευτέρου
1080 5893 1318 5950 ποιεῖσθε
1351 5893 1449 5960 τὴν
1483 5896 1856 5960 διδασκαλίαν,
1892 5898 1979 5951 ἴνα

1358 404 1448 459 DE
1487 403 1782 461 SANCTIS
1821 402 2273 462 MARTYRIM‘S
2309 404 2562 465 SERMO.

3530 413 3634 469 65?.

2047 525 2122 598 μή
2157 526 2336 600 μάτην
2367 528 2604 584 ἐνταῦθα
2634 530 2986 603 συλλέγησθε.
3012 530 3220 604 Λύχνος
3251 532 3360 604 γάρ
3390 531 3507 586 ἐστι
3539 532 3649 585 τοῦ.

2044 624 2179 679 Θεοῦ
2218 626 2287 680 τά
2317 626 2716 700 προστάγματα
2737 645 2751 659 ’
2782 629 3022 699 Λύχνος
3055 632 3164 700 γὰρ
3196 630 3417 699 ἐντολὴ
3446 631 3634 698 νόμου

2046 723 2143 779 καὶ
2177 726 2326 795 φῶς,
2356 727 2457 781 καὶ
2484 725 2619 797 ζωὴ,
2645 728 2744 783 καὶ
2781 729 3053 801 ἐλεγχος.
3081 730 3179 785 καί
3217 731 3489 786 παιδείω
3521 730 3550 782 6
3578 729 3635 783 δὲ
3687 732 3707 745 ‘

2045 823 2136 875 τὸν
2181 821 2375 893 λύχνον
2419 825 2698 892 ἀνάπτων,
2737 827 2839 897 οὑχ
2883 827 3100 881 ἵσταται
3133 829 3227 882 ἐπὶ
3258 824 3358 898 τῆς
3403 827 3633 899 ἀγορᾶς,

2044 918 2161 973 ἀλλ’
2190 920 2375 974 οἴκαδε
2403 921 2608 993 τρέχει,
2630 921 2771 976 ὥστε
2804 923 2879 995 μή
2909 923 3129 995 ἀνέμων
3161 922 3435 996 προσϐολῇ
3469 937 3636 976 κατα-

2049 1016 2238 1070 σϐέσαι
2267 1018 2330 1071 τὸ
2364 1018 2496 1090 περ,
2537 1021 2673 1091 μήτε
2715 1019 2905 1092 μακρᾷ
2932 1020 3185 1093 διατριϐῇ
3225 1019 3504 1075 ἀναλῶσαι
3533 1021 3635 1089 τὴν

2047 1113 2253 1182 φλόγαο
2277 1112 2420 1167 οῦτω
2445 1114 2508 1187 δὴ
2531 1116 2623 1169 καὶ
2653 1117 2813 1187 ἡμεῖς
2847 1117 3113 1188 ποιῶμεν.
3150 1110 3382 1188 ’Δνῆψεν
3413 1113 3547 1187 ἡμῖν
3574 1113 3636 1166 τὸ
3666 1144 3675 1148 -

2047 1210 2276 1283 Πνεῦμα
2297 1211 2358 1264 τὸ
2386 1210 2542 1280 ἅγιον
2569 1212 2666 1283 τὴν
2691 1214 2821 1286 παρ’
2846 1214 3042 1268 ἐαυτοῦ
3069 1212 3423 1267 διδασκαλίαν
3444 1230 3456 1242 ·
3484 1208 3635 1277 ἐξελ-

2048 1308 2236 1374 θόντες
2263 1310 2444 1363 τοίνυν
2484 1310 2580 1364 καὶ
2611 1310 2711 1382 τῆς
2741 1310 3062 1382 ἀκροάσεως
3090 1309 3378 1381 γέμοντες,
3414 1307 3520 1362 κᾶν
3542 1307 3634 1375 φί-

2049 1406 2161 1471 λον,
2192 1406 2297 1462 κᾶν
2328 1409 2590 1479 συγγενῆ,
2621 1406 2729 1460 κᾶν
2767 1408 2991 1472 οἰκεῖον,
3026 1406 3132 1460 κᾶν
3173 1388 3335 1461 ἀλλον
3359 1403 3637 1459 ὁντιναοῦν

2048 1505 2442 1575 ἀπαντήσαντα
2479 1503 2701 1576 ἴδωμεν,
2729 1503 3207 1576 παραδράμωμεν,
3237 1504 3323 1558 ἵνα
3355 1502 3429 1574 μὴ
3462 1501 3640 1556 διαλε-
3716 1514 3727 1522 ·

2050 1600 2302 1670 γομένων
2340 1603 2373 1673 ὴ
2385 1600 2504 1673 μῶν
2537 1600 2677 1670 πρὸς
2705 1602 2914 1655 ἐκεῖνον
2960 1602 3199 1673 ἀνόνητα
3246 1600 3345 1653 καὶ
3383 1595 3635 1670 περιττὰ,

2051 1698 2398 1771 κατασϐεσθῇ
2464 1699 2669 1771 μεταξὺ
2698 1699 2812 1770 τῆς,
2850 1697 3204 1760 διδασκαλίας
3244 1697 3306 1750 τὸ
3352 1695 3484 1768 πῦρ,
3523 1693 3639 1748 ἀλλ’

2053 1797 2282 1871 ἀκμάζῃ
2311 1796 2502 1871 ὥσπερ
2528 1799 2585 1851 ἐν
2613 1799 2763 1870 οἰκίᾳ
2794 1801 2863 1870 τῇ
2892 1795 3124 1869 διανοίᾳ,
3162 1794 3259 1850 καὶ
3298 1793 3383 1864 ἐφ’
3433 1790 3639 1863 ὑψηλοῦ

2051 1896 2147 1950 τοῦ
2177 1895 2444 1966 λογισμοῦ
2476 1895 2732 1969 καθάπερ
2777 1896 2872 1949 ἐπὶ
2905 1894 3130 1965 λυχνίας
3155 1892 3304 1956 τινὸς
3352 1890 3643 1961 καιόμενον

2053 1994 2273 2049 ἅπαντα
2303 1994 2373 2049 τὰ
2403 1994 2551 2050 ένδον
2584 1994 2817 2068 φωτίζῃ.
2844 1992 2956 2046 Καὶ
3003 1990 3115 2063 γὰρ
3154 1991 3356 2046 ἄτοπον
3392 1989 3492 2060 τήν
3544 1988 3642 2057 μὲν

2024 2089 2232 2171 ἰοίκίαν
2267 2089 2540 2161 μηδέποτε
2580 2088 2872 2161 ἀνέχεσθαι
2899 2090 2957 2141 ἐν
3005 2086 3218 2157 ἑσπέρᾳ
3248 2085 3417 2156 χωρίς
3449 2081 3643 2152 λύχνου

2054 2189 2149 2243 καὶ
2178 2188 2356 2259 φωτὸς
2397 2189 2568 2260 όρᾷν,
2608 2187 2709 2259 τὴν
2739 2186 2797 2240 δὲ
2829 2185 3009 2257 ψυχὴν
3050 2182 3254 2255 ἔρημον
3292 2179 3644 2243 διδασκαλίας

2053 2289 2207 2359 ὀρᾷν.
2247 2286 2528 2341 Ἐντεῦθεν
2573 2287 2645 2340 τὰ
2706 2285 2877 2340 πολλὰ
2909 2284 3019 2337 τῶν
3049 2279 3469 2355 ἁμαρτημάτων
3512 2281 3645 2349 ἡμῖν

2058 2386 2440 2451 συνίστανται,
2475 2386 2557 2439 ὅτι
2611 2385 2673 2438 οὑ
2729 2383 2941 2461 ταχέως
2979 2379 3181 2453 λύχνον
3218 2379 3534 2448 ἀνάπτομεν
3573 2378 3642 2446 τῇ
3682 2418 3685 2421 .

2054 2484 2231 2555 ψυχῇ·
2260 2481 2513 2537 ἐντεῦθεν
2540 2482 2664 2537 καθ’
2691 2481 2929 2551 ἑκάστην
2956 2479 3167 2552 ἡμέραν
3196 2473 3609 2546 προσπταίομεν
3628 2489 3644 2502 ο

2055 2582 2309 2638 ἐντεῦθεν
2358 2582 2529 2637 πολλά
2576 2581 2730 2654 [657]
2780 2579 2968 2644 ἁπλῶς
3013 2578 3110 2632 καί
3157 2575 3234 2638 ὡς
3275 2572 3464 2644 ἔτυχεν
3511 2572 3645 2642 ἡμῖν

2012 2694 2017 2697 ’
2056 2685 2116 2737 ἐν
2149 2684 2215 2754 τῇ
2244 2681 2459 2753 διανοίᾳ
2507 2682 2708 2745 κεῖται,
2743 2676 2932 2750 ἐπειδὴ
2968 2674 3067 2746 τὴν
3105 2672 3215 2727 τῶν
3261 2668 3424 2725 θείων
3471 2666 3646 2736 λόγων

2058 2779 2322 2852 ἀκρόασιν
2349 2778 2659 2850 δεχόμενοι,
2695 2775 2826 2848 πρὶν
2859 2774 2893 2846 ἣ
2940 2772 3008 2827 τὰ
3050 2769 3301 2843 πρόθυρα
3339 2763 3646 2836 ὑπερϐῆναι

2058 2876 2158 2947 τῆς
2187 2874 2508 2947 ἐκκλησίας,
2542 2872 2749 2936 εὐθέως
2785 2871 3071 2944 ῥίπτομεν,
3109 2868 3206 2920 καὶ
3235 2862 3297 2918 τὸ
3336 2862 3453 2933 φῶς
3482 2877 3647 2914 κατα-

2061 2974 2376 3041 σϐέσαντες,
2405 2973 2544 3047 μετά
2570 2971 2770 3027 πολλοῦ
2802 2969 2898 3024 τοῦ
2926 2969 3091 3038 ζόφου
3127 2963 3437 3036 βαδίζομεν.

2142 3071 2284 3126 Ἀλλ’
2316 3074 2365 3126 εί
2414 3071 2512 3126 καὶ
2562 3068 2877 3143 ἔμπροσθεν
2922 3065 3097 3119 ταῦτα
3146 3061 3394 3130 ἐγίνετο,
3450 3055 3650 3127 μηκέτι

2060 3171 2300 3242 γενέσθω
2318 3169 2525 3236 λοιπὸν,
2548 3169 2665 3223 ἀλλ’
2690 3167 2903 3239 ἔχωμεν
2923 3161 3147 3234 διηνεκῆ
3172 3159 3266 3211 τὸν
3287 3154 3482 3226 λύχνον
3501 3153 3653 3206 καιό-

2066 3286 2227 3341 μενον
2264 3270 2321 3321 ἐν
2353 3270 2421 3341 τῇ
2453 3266 2685 3338 διανοίᾳ,
2711 3264 2803 3319 καὶ
2842 3260 2950 3334 πρὸ
2976 3260 3077 3331 τῆς
3106 3256 3284 3319 οἰκίας
3326 3253 3427 3325 τὴν
3471 3249 3653 3322 ψυχὴν

2065 3367 2518 3439 καλλωπίζωμεν.
2544 3365 2692 3436 Αὕτη
2722 3363 2819 3435 μὲν
2843 3360 2951 3433 γὰρ
2975 3354 3210 3413 ἐνταῦθα
3242 3354 3413 3425 μένει,
3436 3350 3652 3419 ἐκείνην

2063 3470 2122 3525 δὲ
2176 3468 2549 3540 λαμϐάνοντες
2603 3463 2854 3517 ἐντεῦθεν
2913 3459 3156 3529 ἄπιμεν·
3200 3454 3291 3509 διὰ
3346 3449 3506 3505 τοῦτο
3558 3447 3656 3501 καὶ

2066 3570 2316 3633 πλείονος
2341 3566 2510 3639 αὑτὴν
2543 3561 2862 3634 ἐπιμελείας
2903 3555 3089 3623 ἀξιοῦν
3120 3554 3250 3626 χρή.
3289 3547 3405 3605 Νῦν
3444 3547 3502 3602 δέ
3545 3545 3652 3600 εἰσί

2064 3686 2211 3732 τινες
2246 3668 2418 3730 οὑτως
2451 3663 2654 3727 ἀθλίως
2692 3659 3059 3730 διακείμενοι,
3094 3651 3144 3705 οἳ
3191 3653 3290 3713 τὰς
3329 3647 3427 3719 μὲν
3474 3645 3654 3707 οἰκίας

2066 3766 2166 3830 τὰς
2212 3764 2444 3819 ἐνταῦθα
2477 3761 2573 3817 καὶ
2604 3758 2827 3832 χρυσοῖς
2852 3753 3107 3827 ὀρόφοις,
3142 3749 3238 3802 καὶ
3272 3745 3471 3817 ψηφῖσι
3504 3742 3656 3811 διην-

2070 3865 2376 3937 θισμέναις,
2407 3860 2501 3916 καὶ
2543 3855 2772 3930 γραφῶν
2807 3853 3019 3919 ἄνθεσι,
3051 3848 3148 3902 καὶ¹
3179 3845 3377 3899 κιόνων
3404 3838 3657 3937 λαμπρόῗ

2068 3980 2214 4034 τητι,
2245 3962 2341 4015 καί⁵
2384 3962 2497 4023 τοῖς
2536 3956 2718 4019 ἀλλοις
2755 3943 3198 4019 κατακοσμοῦσιν
3234 3940 3406 3997 ἅπασι
3432 3953 3445 3966 ·
3473 3935 3572 4007 τὴν
3601 3933 3659 3986 δὲ

2070 4061 2310 4116 διάνοιαν
2338 4059 2538 4120 παντὸς
2566 4056 2779 4128 ἐρήμου
2815 4046 3133 4118 πανδοχείου
3163 4039 3482 4121 παρορῶσιν
3511 4036 3661 4088 εὑτε-
3694 4096 3704 4107 ‘

2071 4160 2327 4230 λέστερον
2357 4152 2732 4224 διακειμένην,
2767 4146 3030 4220 βορϐόρου
3078 4140 3382 4212 γέμουσαν,
3423 4131 3656 4230 καπνοῦ.

2072 4256 2170 4310 καὶ
2198 4228 2463 4315 δυσωδίας
2494 4248 2717 4320 πολλῆς,
2751 4242 2989 4317 ἐρημίας
3017 4239 3252 4309 ἀφάτου.
3285 4233 3360 4285 Τὸ
3391 4232 3449 4286 δὲ
3486 4228 3663 4284 αἴτιον

2071 4354 2278 4409 τούτων
2302 4351 2584 4416 ἁπάντων,
2618 4348 2701 4400 ὅτι
2724 4342 2962 4415 συνεχῶς
2992 4341 3121 4410 ήμῖν
3160 4339 3188 4389 6
3226 4332 3419 4403 λύχνος
3448 4328 3550 4398 τῆς
3578 4327 3663 4379 δι·-

2073 4450 2371 4514 δασκαλίας
2391 4448 2452 4502 οὑ
2476 4445 2711 4500 καίεταιο
2729 4442 2818 4496 διὰ
2847 4438 3005 4493 τοῦτο
3020 4435 3087 4489 τά
3110 4433 3209 4505 μὲν
3231 4429 3505 4496 ἀναγκαῖα
3523 4423 3664 4495 ὴμέ-

2074 4550 2257 4622 ληται,
2280 4548 2352 4601 τά
2383 4545 2441 4599 δέ
2467 4542 2681 4605 οὐδενὸς
2709 4538 2836 4604 ἀξια
2872 4533 3109 4602 σπουδῆς
3139 4525 3405 4583 ἀπολαύει
3436 4520 3659 4622 πολλῆς.

2042 4658 2055 4671 ⁸
2076 4617 2266 4703 Ταῦτά
2297 4662 2387 4717 μοι
2414 4644 2476 4696 οὑ
2512 4640 2650 4712 πρὸς
2689 4633 2978 4694 πλουσίους
3015 4628 3196 4699 μόνον,
3229 4622 3366 4678 ἀλλά
3396 4620 3493 4675 καὶ
3526 4617 3665 4689 πρὸς

2076 4749 2320 4819 πένητας
2364 4743 2602 4814 εἴρηται.
2657 4734 2768 4791 Καὶ
2820 4730 2934 4801 γὰρ
2980 4729 3181 4781 ἐκεῖνοι
3231 4720 3376 4776 κατά
3430 4716 3665 4819 δύναμιν

2078 4812 2343 4907 πολλάκις
2391 4812 2488 4913 τήν
2536 4833 2746 4890 ἑαυτῶν
2786 4824 3122 4898 κοσμοῦντες
3167 4819 3368 4883 οἰκίαν,
3402 4817 3501 4888 τὴν
3545 4812 3664 4913 διά-

2077 4961 2228 5001 νοιαν
2270 4911 2627 5013 ἠμελημένην
2680 4924 3013 5003 περιορῶσιο
3061 4920 3143 4975 διὸ
3178 4917 3361 4990 κοινὴν
3402 4911 3669 4983 ποιοῦμαι

2079 5043 2218 5115 πρὸς
2242 5036 2583 5111 ἀμφοτέρους
2603 5029 2702 5101 τὴν
2723 5021 3074 5082 διδασκαλίαν
3097 5016 3379 5089 παραινῶν
3409 5014 3500 5066 καὶ
3528 5027 3669 5081 συμ-

2081 5113 2352 5193 ϐουλεύων
2409 5131 2519 5186 τῶν
2578 5131 2635 5181 ἐν
2676 5124 2755 5196 τῷ
2791 5118 3021 5197 παρόντι,
3077 5117 3177 5189 βίῳ
3224 5113 3431 5188 βραχὺν
3483 5123 3669 5163 ποιου-

2085 5237 2278 5309 μένους
2327 5233 2506 5300 λόγον,
2562 5225 2783 5280 ἃπασαν
2830 5220 2930 5291 τὴν
2985 5214 3220 5286 σπουδήν
3279 5213 3365 5309 εἰς
3405 5208 3532 5309 τὴν.-
3558 5203 3668 5277 τῶν

2083 5302 2471 5403 πνευματικῶν
2498 5324 2593 5378 καὶ
2623 5318 2939 5389 ἀναγκαίων
2974 5311 3316 5388 πραγμάτων
3350 5302 3669 5403 ἐπιμέλειαν
3704 5312 3709 5317 ‘

2083 5398 2295 5485 κενοῦν.
2339 5427 2399 5478 ὐ
2431 5422 2600 5491 πένης
2629 5418 2811 5491 ὁράτω
2842 5414 2942 5486 τήν
2974 5412 3149 5484 χήραν
3170 5405 3269 5477 τὴν
3288 5402 3412 5464 τοῦς
3444 5398 3540 5454 δύο
3568 5414 3670 5491 κα-

2081 5516 2423 5577 ταϐαλοῦσαν
2471 5490 2728 5578 ὀϐολοὺς,
2777 5508 2873 5562 καὶ
2923 5504 2998 5577 μὴ
3030 5497 3297 5571 νομιζέτω
3338 5493 3440 5564 τὴν
3478 5490 3670 5545 πενίαν

2086 5614 2340 5689 ἐμπόδιον
2375 5604 2515 5665 εἶναι
2563 5604 2702 5678 πρὸς
2733 5598 2994 5674 ἐργασίαν
3029 5585 3530 5689 ἐλεημοσὺινης-
3580 5601 3670 5689 φιτ

2084 5676 2469 5778 λανθρωπίαςι
2524 5700 2553 5752 6
2611 5676 2866 5755 πλούσιος
2917 5683 3215 5755 λογιζέσθω
3258 5680 3358 5778 τὸν.
3385 5676 3672 5778 Ἱὼϐ,ικαὶ

2086 5770 2340 5867 καθάπερ
2363 5794 2572 5855 ἐκεῖνος
2604 5789 2704 5859 οὑχ
2742 5782 2942 5854 ἐαυτῷ,
2976 5778 3115 5833 ἀλλὰ
3143 5779 3258 5840 τοῖς
3292 5774 3522 5842 πένησιν
3550 5770 3675 5872 ἐκέ-

2086 5907 2253 5953 κτητο
2289 5864 2466 5943 πάντα
2488 5873 2726 5945 τάὸντα,
2754 5875 2895 5931 οὑτω
2924 5874 3017 5928 καὶ
3042 5864 3217 5935 οὗτος.
3250 5867 3348 5922 Δια
3384 5864 3491 5939 γάρ
3515 5864 3673 5916 τοῧτο
