4104 6454
336 375 453 433 655

340 488 571 545 liaretur
594 503 624 543 a
651 487 865 545 diabolo
889 530 902 555 ,
936 489 1202 561 iacturam
1245 505 1305 546 se
1332 492 1542 549 illorum
1574 510 1732 564 posse
1777 496 1952 553 facere

342 581 637 637 meditatus
664 591 828 637 esset.
853 583 916 637 Et
946 590 999 637 tn
1031 584 1190 654 igitur
1215 599 1345 656 epes
1373 594 1682 652 contemne,
1701 586 1829 645 dum
1857 587 1953 643 ad.

342 680 496 735 sunt,
525 679 605 740 ut,
631 686 752 727 cum
779 673 1065 743 aliquando
1103 675 1295 733 ablatas
1341 676 1561 744 fuerint,
1615 694 1950 751 nequaquam

342 765 538 821 dolore
583 764 866 837 frnngaris.
908 767 1167 838 Expende
1217 769 1336 826 illas
1381 769 1436 825 in
1479 786 1566 827 res
1601 772 1778 840 utiles,
1823 772 1950 829 dum

343 866 665 929 suppetunt,
694 866 787 926 ut,
832 873 954 914 cum
981 870 1180 931 ereptae
1201 859 1420 930 fuerint,
1450 862 1651 934 duplex
1683 864 1774 921 tibi
1804 880 1951 937 qutu-

343 960 468 1011 stos
493 951 766 1017 obveniat,
798 960 908 1007 tum
935 954 1008 1009 ob
1038 963 1276 1025 paratam
1309 956 1404 1012 tibi
1447 957 1776 1025 mercedem,
1809 958 1951 1030 quod

343 1059 446 1099 eas
468 1044 671 1114 optime
698 1045 1034 1115 evpenderis,
1067 1056 1179 1104 tum
1205 1049 1279 1105 ob
1321 1050 1633 1121 acquisitam
1657 1067 1720 1108 ex
1764 1066 1950 1107 earum

345 1146 665 1208 contemptu
696 1137 1089 1211 philosophiam
1109 1150 1165 1197 et
1199 1142 1529 1214 patientiam,
1565 1160 1686 1215 qua:
1715 1143 1808 1200 tibi
1839 1152 1950 1198 tum

345 1231 459 1288 erit
482 1230 622 1297 usui,
649 1246 769 1285 cum
800 1231 907 1286 illis
936 1231 1101 1289 fueris
1142 1234 1448 1292 destitutus.
1480 1235 1766 1306 Propterea
1797 1251 1950 1292 nam-

347 1337 459 1392 que
492 1335 722 1392 χρήματα
767 1324 1009 1394 pecunize
1052 1334 1344 1395 vocantur,
1387 1337 1445 1382 ut
1473 1328 1579 1383 illis
1620 1336 1853 1394 utamur,
1896 1336 1955 1382 ut

345 1413 529 1477 decet,
552 1427 655 1469 non
675 1423 731 1470 ut
752 1429 845 1469 cas
863 1413 1206 1482 defodiamus
1236 1434 1250 1472 :
1278 1419 1643 1487 possessiones
1665 1427 1950 1490 propterea

349 1504 621 1572 dicuntur,
653 1514 712 1561 ut
738 1521 838 1562 nos
864 1521 956 1563 eas
985 1507 1376 1578 possideamus,
1409 1525 1514 1566 non
1541 1510 1610 1566 ab
1634 1510 1739 1567 illis
1776 1511 1950 1581 possi-

351 1597 603 1654 deamur.
629 1598 883 1657 Dominus
909 1616 969 1656 es
988 1601 1330 1672 pecuniarum
1349 1603 1652 1667 multarum,
1682 1603 1789 1659 noli
1820 1619 1951 1675 ergo

352 1690 462 1746 illis
503 1690 726 1758 servire,
775 1708 1001 1763 quorum
1051 1694 1326 1751 dominum
1365 1704 1418 1751 te
1455 1696 1731 1752 constituit
1769 1697 1952 1752 Deus:

355 1818 482 1827 u————-—.

488 1821 749 1828 m

759 1822 897 1829 Μ
925 1823 1095 1830 ...μ-...-

1108 1823 1285 1830 ..ι-...Μ

1292 1822 1519 1830 _.._.._-—__-
1530 1822 1749 1829 m_-._.__.—..
1762 1824 1783 1828 -
1816 1822 1857 1828 ...ο

1257 378 1393 436 NON
1433 380 1601 437 ESSE
1643 381 1737 437 AD
1775 382 2088 441 GRATIAM
2127 386 2681 451 CONCIONANDURI.

1953 1819 2247 1829 _...—....————.——

3544 401 3647 460 653i

2056 514 2162 555 non
2186 504 2389 558 servies
2427 514 2628 573 autem,
2661 507 2725 572 si,
2762 515 2819 562 ut
2864 507 3040 576 decet,
3075 509 3190 566 illas
3221 510 3513 581 expendas,
3548 527 3654 569 non

2058 590 2204 646 humi
2230 592 2486 649 dcfodias.
2511 596 2653 651 Nihil
2680 598 2749 652 ita
2768 598 3030 655 lubricum
3059 610 3161 663 est,
3190 612 3247 656 nt
3268 602 3500 669 divitiae;
3525 605 3654 660 nihil

2058 683 2130 738 ita
2159 686 2415 741 mutabile
2440 697 2544 756 est,
2592 697 2652 744 ut
2696 705 2847 760 opes.
2870 672 3106 760 “Quando
3136 693 3297 761 igitur
3322 695 3456 750 adeo
3487 697 3651 749 instu-

2059 773 2182 831 bilis
2210 783 2294 831 est
2321 776 2524 832 illarum
2552 781 2822 848 possessio
2842 822 2858 847 ,
2890 796 2953 836 ac
2980 782 3209 838 celerius
3241 784 3345 839 illan
3367 801 3526 855 quam
3559 802 3605 840 Vt
3626 817 3660 834 ι.

2058 864 2222 921 lucris
2250 881 2280 920 a
2302 868 2453 923 nobis
2479 870 2716 937 avolant,
2740 881 2795 927 et
2820 872 3071 943 injustius
3090 890 3248 944 quant
3274 876 3521 946 fugitivus
3543 879 3660 948 qni-

2059 957 2140 1013 vis
2168 957 2441 1031 anfugiunt
2473 977 2620 1030 :quo
2654 974 2899 1034 tempore
2940 964 3142 1020 domini
3192 966 3402 1021 illarum
3449 983 3657 1035 sumus,
3757 963 3760 966 ’

2056 1049 2162 1106 illis
2184 1060 2417 1119 utamur,
2462 1062 2519 1108 ut
2553 1055 2730 1120 decet,
2784 1071 2892 1127 quo
2930 1059 3197 1126 possimus
3233 1072 3299 1113 ex
3325 1058 3658 1115 instabilibns

2059 1144 2303 1212 pecuniis
2338 1145 2550 1201 stabilia
2586 1147 2741 1203 nobis
2767 1148 2906 1204 bona
2941 1164 3276 1219 comparare,
3303 1165 3366 1206 nc
3408 1153 3659 1207 recondi-

2060 1242 2170 1289 tum
2220 1236 2376 1292 nobis
2419 1238 2472 1292 in
2506 1239 2653 1294 ctelis
2683 1239 2995 1296 thesaurum
3042 1243 3337 1314 possidere,
3369 1260 3477 1315 quo
3505 1244 3662 1301 nobis

2056 1327 2304 1383 omnibus
2333 1328 2530 1383 utinam
2556 1331 2712 1402 potiri
2737 1334 3031 1403 contingat,
3062 1335 3228 1404 gratia
3247 1344 3301 1390 et
3327 1336 3653 1407 benignitate

2058 1420 2268 1475 Domini
2294 1422 2459 1477 nostri
2484 1422 2611 1478 Jesu
2635 1422 2853 1489 Christi,
2890 1442 2985 1495 per
3012 1442 3171 1497 quem
3193 1437 3249 1483 et
3276 1444 3397 1483 cum
3425 1445 3534 1500 quo
3563 1429 3662 1484 Pa-

2060 1514 2125 1567 tri
2153 1513 2322 1584 gloria
2371 1514 2639 1585 simulque
2665 1515 2888 1586 Spiritui
2907 1513 3131 1587 Sancto.
3150 1534 3290 1575 nunc
3321 1528 3377 1575 et
3421 1537 3657 1592 semper,

2057 1612 2109 1658 et
2138 1604 2189 1659 in
2207 1604 2400 1659 saecula
2420 1607 2762 1662 sreculorum.
2792 1611 2985 1663 Amen.

2258 1820 2487 1828 ———-——.

2490 1820 2553 1827 .—..
2566 1820 2689 1827 ιταρ-ο

2694 1820 2875 1827 Μ

356 1901 495 1945 ,ΒΜ
541 1900 686 1945 ESSE
729 1901 1028 1946 PEIICULI
1072 1904 1325 1947 PLENAM
1369 1903 1500 1946 CUM
1548 1903 1629 1946 IIS
1673 1902 1782 1955 QUI
1827 1899 2089 1955 DICUNT,
2133 1900 2270 1943 TUM
2313 1899 2396 1943 HS
2441 1899 2551 1953 QUI
2582 1899 2891 1957 AUDIUNT,
2937 1899 3025 1943 AD
3065 1899 3353 1944 GRATIAM
3399 1898 3665 1942 (1031610-

600 2001 752 2045 NAR!
798 2003 815 2044 2

438 2235 488 2290 Ι.
517 2234 656 2291 Satis
674 2275 690 2301 ,
718 2234 910 2306 opinor
931 2276 948 2302 ,
976 2250 1072 2291 vos
1100 2250 1270 2306 nuper
1295 2234 1705 2307 increpavimus,
1733 2250 1796 2291 ac
1830 2251 1957 2306 pro-

358 2324 663 2382 fundiorem
689 2329 895 2399 plagam
919 2327 1207 2383 inlliximus
1237 2344 1251 2381 :
1272 2329 1449 2398 itaque
1464 2343 1683 2384 necesse
1698 2339 1781 2385 est
1802 2328 1961 2383 hodie

360 2420 708 2486 medeamur,
738 2436 803 2479 ac
826 2421 1038 2477 mitiora
1084 2420 1473 2478 medicamenta
1517 2421 1761 2493 quadam
1789 2436 1961 2492 appo-

358 2527 578 2567 nantns.
610 2512 704 2568 llic
749 2513 894 2570 enim
939 2513 1174 2584 optimus
1220 2520 1304 2569 est
1341 2513 1623 2570 medicina:
1664 2513 1875 2578 modus,
1905 2526 1963 2568 ttt

360 2620 473 2659 non
503 2604 663 2660 modo
691 2617 943 2661 secentur
967 2606 1152 2661 ulcera
1174 2646 1190 2672 ,
1220 2621 1405 2661 verum
1431 2606 1589 2661 etiam
1620 2605 1957 2677 obligentur:

360 2696 483 2751 bzec
505 2698 755 2767 pra'clara
784 2697 1041 2753 doctrina:
1055 2685 1150 2753 'lex
1172 2706 1271 2763 est,
1296 2706 1353 2754 ut
1370 2714 1475 2753 non
1490 2697 1650 2752 modo
1668 2698 1963 2768 reprehen-

361 2789 561 2845 dantur
587 2789 852 2860 discipuli,
881 2806 1067 2847 vcrum
1092 2791 1252 2845 etiam
1274 2788 1732 2846 cohortationibus
1758 2801 1812 2844 et
1834 2804 1963 2845 con-

363 2881 717 2938 solationibus
778 2882 1115 2953 adiuventur.
1175 2882 1249 2938 Ita
1321 2898 1534 2954 quoque
1598 2882 1792 2938 Paulus
1847 2881 1963 2938 fieri

362 2974 563 3044 jussit:
586 2973 774 3044 Argue,
799 2974 1025 3042 increpa,
1046 2975 1313 3030 exbortare
1341 2973 1416 3048 (2.
1449 2972 1585 3028 Tim.
1616 2974 1671 3029 ι.
1699 2970 1777 3044 2).
1810 2972 1962 3041 Quod

367 3066 417 3119 si
447 3080 660 3135 semper
688 3064 1006 3122 exhortetur
1033 3067 1313 3137 quispiam,
1347 3065 1762 3136 negiigentiores
1789 3064 1967 3120 reddit

366 3157 751 3213 auditores:si.
766 3166 969 3211 tantum
988 3158 1258 3227 increpet,
1289 3156 1588 3228 asperiores
1615 3156 1814 3211 efﬁcit:
1843 3171 1965 3211 cum

368 3250 516 3305 cnim
532 3249 864 3305 assiduarum
890 3263 1027 3305 onus
1045 3249 1522 3320 reprehensionum
1552 3247 1690 3305 ferre
1718 3262 1822 3303 non
1846 3262 1970 3319 pos-

368 3341 510 3407 sint,
536 3340 817 3396 confestim
861 3341 1176 3398 abscedunt.
1221 3341 1482 3410 Quocirca
1529 3343 1708 3396 varius
1749 3341 1966 3412 quidam

369 3432 707 3499 adhibendus
724 3444 807 3490 est
822 3433 1047 3490 docendi
1064 3434 1272 3490 modus.
1292 3435 1516 3503 Quando
1533 3434 1691 3506 igitur
1705 3450 1765 3491 su
1773 3434 1969 3506 periori

371 3526 595 3581 coltceta
639 3527 901 3597 cujusque
934 3534 1169 3583 mentem
1197 3526 1373 3582 acrius
1411 3539 1590 3581 sermo
1617 3526 1929 3596 perstrinxit
1949 3565 1967 3592 ,

372 3619 567 3675 leuiori
606 3634 749 3675 nilne
780 3620 1007 3677 docendi
1037 3618 1199 3676 modo
1225 3617 1383 3674 trabis
1417 3628 1499 3674 est
1526 3633 1663 3688 epos
1711 3617 1974 3674 hodierno

374 3710 467 3766 die
487 3752 504 3776 ,
530 3726 595 3767 ae
627 3711 903 3768 doloribus
924 3750 942 3778 ,
969 3726 1103 3781 quos
1137 3709 1583 3781 reprehensiones
1626 3709 1933 3767 inusserunt
1952 3731 1983 3775 ,κ

375 3818 600 3859 necesse
621 3813 706 3860 est
726 3814 997 3873 tamquam
1023 3803 1201 3858 oleum
1225 3803 1494 3859 lenitatem
1516 3803 1780 3858 sermonis
1798 3801 1973 3857 instil-

338 3940 347 3945 -
376 3898 584 3963 lemus,
613 3897 657 3951 si
702 3898 853 3967 prius
883 3895 1034 3953 vobis
1069 3897 1120 3953 in
1170 3896 1486 3951 memoriam
1529 3894 1975 3965 reprehensiones

375 3992 525 4061 ipsas
554 3993 1002 4048 revomerimus.

455 4085 561 4141 Lex
583 4085 738 4141 Pauli
758 4088 822 4141 de
844 4088 931 4156 iis,
949 4089 1034 4157 qui
1053 4087 1259 4159 indigne
1282 4087 1675 4143 communicant.
1691 4085 1974 4156 -Legem

376 4177 535 4233 Pauli
578 4179 730 4234 vobis
769 4196 939 4251 nuper
962 4180 1031 4235 de
1070 4189 1530 4235 sacramentorum
1571 4179 1976 4249 participatione

376 4271 746 4337 recitarimus,
771 4288 877 4343 qua
902 4273 1105 4340 cuncti,
1130 4272 1220 4343 qni
1252 4272 1521 4344 mysteriis
1578 4270 1769 4326 initiati
1809 4278 1935 4327 sunt
1954 4311 1976 4339 ,

376 4365 804 4435 obstringuntur.
826 4365 956 4420 “me
978 4376 1155 4421 autem
1186 4366 1269 4421 lex
1294 4373 1447 4421 erat:
1476 4363 1607 4419 nihil
1624 4362 1768 4419 enim
1793 4376 1977 4418 rursus

378 4456 527 4512 illam
567 4457 812 4526 prohibet
854 4457 1066 4512 recitari
1095 4474 1109 4513 :
1142 4455 1327 4510 Probet
1364 4466 1532 4511 autem
1559 4454 1786 4524 seipsum
1816 4470 1977 4510 unus-

378 4549 610 4620 quisque,
650 4558 699 4603 et
735 4551 810 4603 sic
836 4550 900 4603 de
926 4566 1055 4620 pane
1082 4547 1175 4603 illo
1204 4548 1319 4602 edat
1343 4588 1359 4611 ,
1390 4557 1438 4601 et
1463 4550 1527 4602 de
1552 4548 1708 4602 calice
1735 4546 1868 4601 bibat
1891 4547 1975 4616 (Ι.

380 4638 503 4696 Cor.
531 4641 615 4697 il.
640 4640 758 4712 28).
786 4640 996 4708 Sciunt,
1024 4640 1116 4710 qui
1148 4639 1415 4711 mysteriis
1441 4639 1631 4693 initiati
1654 4648 1776 4693 sunt
1807 4678 1824 4704 ,
1850 4636 1979 4707 quid

378 4734 641 4799 dicamus,
667 4743 721 4789 ct
747 4735 875 4805 quis
896 4733 982 4789 hic
1009 4732 1160 4805 panis
1182 4733 1285 4799 sit,
1319 4733 1503 4803 quisve
1528 4730 1692 4787 calix.
1719 4730 1819 4798 Qui
1846 4730 1979 4785 enim

379 4828 655 4884 manducet
683 4838 729 4883 ct
758 4828 915 4892 bibit,
948 4828 1163 4898 inquit,
1190 4825 1397 4896 indigne
1435 4822 1656 4879 Domino
1676 4865 1691 4885 ,
1721 4838 1837 4879 reus
1884 4822 1979 4876 erit

378 4922 612 4991 corporis
639 4929 686 4975 et
714 4919 977 4992 sanguinis
1005 4918 1213 4974 Domini
1242 4915 1404 4989 (Ibid.
1433 4931 1480 4969 υ.
1509 4914 1620 4985 27).
1652 4914 1802 4971 lianc
1828 4911 1979 4968 vobis

379 5014 554 5083 legem
583 5012 955 5075 recitarimus,
979 5020 1034 5065 ct
1059 5010 1342 5065 verborum
1368 5021 1585 5063 sensum
1613 5006 1977 5075 exposuimus.

381 5104 629 5160 Diximus
648 5103 776 5174 quid
818 5103 925 5167 sit,
954 5101 1090 5157 Reus
1129 5102 1221 5155 erit
1257 5098 1483 5170 corporis
1511 5107 1556 5153 et
1582 5097 1846 5167 sanguinis
1871 5094 1982 5151 Do-

378 5197 505 5251 nrins'
526 5238 543 5263 ,
574 5196 791 5253 easdem
822 5196 1072 5250 nimirum
1101 5209 1288 5265 pennas
1315 5193 1598 5259 daturum,
1625 5206 1761 5262 quas
1783 5199 1836 5244 et
1863 5188 1979 5255 illi,

377 5291 473 5362 qui
500 5291 771 5346 Christum
815 5287 1130 5345 cruciiisere
1173 5287 1526 5343 sustinebant.
1557 5284 1689 5340 Nam
1719 5281 1980 5354 quemad-

377 5383 599 5439 modum
628 5381 910 5438 lsomicidze
949 5382 1021 5437 illi
1066 5381 1150 5436 rei
1175 5380 1297 5436 facti
1318 5388 1444 5438 sunt
1465 5377 1739 5449 sanguinis
1762 5419 1781 5446 ,
1806 5376 1887 5433 sic
1925 5384 1981 5432 et

381 5475 470 5531 isti
500 5476 591 5548 qui
623 5473 973 5529 sacramentis
1001 5473 1215 5545 indigne
1237 5471 1636 5528 communicant
1663 5487 1678 5523 :
1710 5470 1813 5525 hoc
1836 5468 1978 5523 enim

380 5576 465 5625 est
486 5608 500 5631 ,
529 5566 665 5622 Reus
693 5566 786 5621 erit
813 5567 1045 5636 corporis
1064 5574 1110 5620 et
1138 5565 1400 5637 sanguinis
1430 5561 1659 5616 Domini.
1689 5558 1982 5615 Videbatur

377 5663 586 5718 diction
605 5661 737 5717 illud
756 5661 913 5732 plane
941 5661 1156 5715 modum
1181 5657 1466 5718 excedere,
1490 5665 1650 5726 atque
1669 5651 1980 5710 intolerabi-

379 5755 462 5813 les
490 5755 649 5810 minae
673 5753 1032 5811 censebantur
1058 5771 1072 5807 :
1101 5753 1358 5807 rationem
1387 5749 1729 5819 adjuttsimus
1766 5746 1980 5802 ductam

443 5871 518 5936 (α)
541 5869 719 5923 collata
740 5880 853 5920 cum
872 5868 981 5920 cod.
1007 5866 1141 5919 Colb.
1168 5863 1306 5925 1050,
1345 5865 1431 5929 qui
1453 5875 1553 5914 nea
1573 5861 1780 5914 muittua
1807 5860 1981 5914 variat.

862 2000 1070 2055 ATQUE
1101 2002 1288 2047 UTILE
1331 2002 1504 2061 esse,
1551 2004 1632 2045 er
1673 2000 2009 2045 susurrus
2054 2000 2363 2045 mxuma:
2394 2000 2666 2044 PROPRIA
2708 2001 3021 2045 INCUSARE
3065 1982 3461 2064 uacuam).

2064 2235 2133 2291 ab
2171 2235 2455 2306 exemplo,
2478 2251 2597 2307 quae
2640 2236 2865 2292 mirifice
2898 2235 3227 2307 quadrabat.
3261 2234 3332 2293 Ut
3360 2237 3505 2292 enim
3551 2239 3668 2295 sive

2063 2330 2184 2400 quis
2212 2331 2414 2400 regiam
2445 2345 2734 2400 purpuram
2760 2329 3044 2396 discindat,
3070 2330 3399 2401 inquiebam,
3421 2330 3535 2386 sive
3556 2331 3667 2386 luto

2066 2420 2396 2491 coinquinet,
2432 2436 2497 2475 ex
2524 2435 2680 2491 aequo
2706 2435 2911 2491 regem,
2944 2421 3033 2490 qui
3064 2436 3126 2476 ea
3158 2421 3373 2475 indutus
3398 2431 3480 2477 est
3499 2462 3518 2489 ,
3544 2424 3665 2477 affi-

2065 2512 2475 2571 citcontumelia
2494 2530 2508 2567 :
2528 2513 2607 2569 sic
2633 2513 2883 2569 nimirum
2907 2512 3010 2568 hoc
3028 2514 3147 2568 loco
3172 2528 3293 2569 cum
3323 2515 3417 2580 illi,
3446 2517 3536 2587 qui
3562 2516 3668 2571 Do-

2066 2607 2318 2665 minicum
2343 2622 2536 2679 corpus
2562 2616 2839 2672 necarunt,
2861 2618 2970 2662 tum
2993 2607 3083 2678 qui
3106 2607 3377 2663 immunda
3404 2610 3670 2678 recipiunt

2065 2700 2264 2765 anima,
2283 2713 2462 2769 parem
2478 2698 2723 2768 injuriam
2741 2699 2891 2769 regio
2902 2697 3133 2754 inferunt
3146 2698 3484 2754 vestimento.
3499 2698 3669 2754 Disci-

2067 2791 2260 2847 tlerunt
2283 2791 2498 2862 quidem
2526 2792 2654 2847 illud
2678 2791 2729 2846 in
2754 2806 2913 2848 cruce
2940 2791 3130 2856 Judaei;
3160 2791 3467 2860 coinquinat
3485 2800 3665 2848 autem

2070 2882 2134 2948 is,
2155 2884 2244 2954 qui
2277 2883 2545 2941 immunda
2575 2884 2796 2954 suscipit
2822 2883 2951 2941 illud
2985 2883 3160 2939 anima
3187 2900 3200 2938 :
3231 2884 3408 2953 itaque
3438 2882 3564 2938 licet
3589 2883 3670 2937 di—

2067 2990 2222 3031 versa
2250 2985 2464 3045 peccata
2490 2975 2617 3042 sint,
2638 2984 2814 3033 tamen
2827 2975 3046 3046 alqttalis
3060 2984 3143 3030 est
3170 2973 3515 3043 injuriaJloc
3532 2974 3671 3028 mul-

2072 3075 2155 3122 tos
2176 3067 2510 3137 perstrinxit,
2523 3069 2622 3125 hoc
2637 3068 2834 3125 multos
2856 3067 3102 3136 perturba
3113 3067 3203 3131 vit,
3221 3073 3272 3121 et
3287 3065 3670 3121 conscientiam

2070 3157 2374 3213 auditorum
2396 3158 2633 3229 pupugit,
2657 3171 2757 3213 nec
2782 3158 3085 3213 auditorum
3115 3166 3343 3224 tanttun,
3359 3157 3456 3210 sed
3470 3170 3668 3223 meam,

2071 3250 2162 3319 qui
2181 3249 2244 3302 ad
2272 3264 2366 3305 vos
2379 3265 2685 3307 sermonem
2704 3249 2895 3316 habeo,
2910 3249 3055 3320 prius
3072 3263 3229 3318 quam
3242 3259 3492 3303 vestram.
3508 3248 3643 3303 Com
3655 3278 3673 3291 -

2074 3342 2251 3396 munis
2284 3351 2366 3396 est
2393 3341 2591 3412 quippe
2618 3338 3222 3408 doetrina,-cnmmunia
3248 3348 3368 3395 sunt
3407 3339 3623 3394 vulnera
3654 3356 3669 3392 :

2074 3440 2400 3503 quapropter
2438 3441 2491 3487 et
2517 3432 2818 3488 communia
2846 3431 3077 3486 adhibeo
3120 3430 3529 3485 medicamenta.
3557 3429 3671 3484 lloc

2074 3523 2271 3579 div-inae
2299 3524 2640 3594 benignitatis
2683 3537 2817 3594 opus
2847 3522 2981 3591 fuit,
3012 3532 3068 3581 ut
3092 3532 3147 3578 et
3176 3523 3221 3577 is
3247 3522 3337 3593 qui
3367 3537 3671 3580 sermonem

2078 3614 2271 3682 habet,
2319 3625 2373 3671 et
2413 3618 2502 3686 qui
2544 3617 2803 3683 audiunt,
2846 3615 3037 3672 iisdem
3083 3615 3389 3684 subiaceant
3429 3615 3673 3685 legibus,

2076 3707 2317 3779 ejusdem
2336 3708 2620 3779 participes
2639 3709 2747 3764 sint
2765 3718 2990 3775 naturas,
3009 3718 3063 3764 et
3091 3708 3289 3779 pariter
3304 3724 3427 3764 reus
3447 3709 3675 3779 quisque

2078 3803 2150 3857 sit
2171 3843 2185 3867 ,
2211 3802 2299 3859 ubi
2331 3812 2692 3873 transgressus
2723 3803 2894 3873 legem
2938 3801 3117 3859 fuerit.
3144 3802 3256 3869 Qua
3287 3802 3356 3856 de
3380 3801 3582 3856 causa?
3608 3800 3678 3857 Ut

2082 3896 2416 3953 moderatam
2448 3895 2698 3951 adhibeat
2726 3895 3143 3965 increpationem
3168 3933 3186 3960 ,
3217 3902 3275 3948 ut
3314 3892 3673 3963 indulgentior

2083 3988 2172 4042 fiat
2199 3988 2251 4044 in
2282 4003 2376 4045 eos
2404 3989 2494 4058 qui
2523 3996 2764 4058 peccant,
2799 3996 2857 4041 ut
2887 4003 2974 4053 ne,
3005 3987 3234 4057 preprize
3262 4000 3472 4040 memor
3500 3985 3695 4040 imbe-

2077 4084 2186 4140 cilli
2195 4084 2337 4148 tatis,
2351 4082 2738 4138 intolerandam
2759 4081 3008 4138 adhibeat
3028 4079 3520 4151 reprehensionem.
3547 4079 3689 4134 Prov

2080 4186 2264 4248 pleros
2294 4188 2403 4232 non
2430 4174 2647 4246 angelos
2677 4189 2708 4229 e
2737 4175 2869 4229 caelo
2891 4173 3140 4243 delapsos
3168 4171 3450 4242 magistros
3479 4168 3676 4225 burna-

2081 4286 2164 4326 me
2190 4279 2394 4325 natura:
2422 4268 2681 4339 praefecit,
2706 4282 2773 4322 ne
2797 4275 3018 4338 propter
3043 4265 3414 4321 excellentiam
3445 4274 3687 4334 naturte,

2080 4371 2242 4433 atque
2284 4362 2530 4416 humanm
2586 4358 2914 4415 infirmitatis
2953 4357 3337 4427 ignorationem
3380 4354 3686 4424 asperiores

2078 4452 2528 4525 reprehensiones
2558 4452 2716 4508 nobis
2742 4452 3058 4508 adhiberent
3086 4467 3104 4504 :
3129 4450 3223 4504 sed
3254 4449 3497 4503 homines
3528 4462 3676 4501 mor-

2084 4548 2218 4604 tales
2242 4548 2524 4618 magistros
2550 4560 2614 4601 ac
2637 4545 2943 4601 sacerdotes
2975 4543 3274 4606 concessit,
3306 4540 3548 4594 homines
3591 4538 3682 4591 in-

2085 4641 2334 4697 ﬁmitate
2362 4638 2721 4695 cin-umdntos
2743 4678 2758 4701 ,
2786 4644 2846 4691 ut
2874 4635 2975 4690 hoe
3002 4635 3118 4703 ipso
3141 4673 3159 4699 ,
3183 4631 3322 4703 quod
3350 4629 3552 4721 eisdem
3576 4629 3681 4721 ob-

2074 4733 2232 4795 noxii
2259 4732 2386 4799 sint,
2399 4731 2513 4787 etis
2527 4729 2616 4801 qui
2633 4742 2935 4784 sermonem
2962 4725 3142 4791 habet,
3159 4731 3215 4779 et
3237 4722 3417 4792 illi-qui
3433 4720 3682 4787 audiunt,

2083 4824 2476 4880 concionatoris
2505 4822 2695 4892 lingua:
2726 4819 2933 4875 frenum
2963 4814 3403 4887 injiciatur,qnod
3433 4829 3554 4868 eum
3574 4827 3686 4868 non

2080 4918 2225 4973 sinat
2247 4916 2385 4972 ultra
2409 4914 2629 4971 modum
2646 4927 2771 4971 suas
2789 4910 3162 4981 castigationes
3178 4902 3491 4963 extendere.
3506 4905 3690 4973 Atque

2080 5010 2188 5066 hoc
2216 5024 2405 5065 verum
2423 5022 2544 5064 esse
2562 5005 2795 5063 declarat
2820 5001 3037 5067 Paulus,
3059 4999 3148 5068 qui
3175 4999 3344 5068 legem
3368 4995 3511 5052 illam
3540 4994 3684 5059 tulit,

2084 5114 2138 5159 et
2177 5102 2315 5158 hanc
2358 5114 2577 5156 causam
2616 5112 2714 5153 nos
2750 5095 2933 5151 docuit
2958 5092 3042 5147 his
3071 5090 3249 5147 verbis
3274 5098 3430 5143 utens
3460 5104 3474 5144 :
3502 5084 3686 5140 Omnis

2082 5196 2218 5252 enim
2262 5194 2494 5267 pontifex
2520 5207 2583 5247 ea:
2614 5187 2907 5245 hominibus
2945 5192 3238 5252 assumptus
3260 5192 3363 5253 pro
3401 5176 3689 5234 hominibus

2084 5290 2437 5349 constituitur,
2467 5287 2556 5358 qui
2597 5281 2862 5339 condokre
2890 5280 3046 5351 possit
3085 5278 3149 5333 iis
3167 5316 3182 5341 ,
3208 5275 3296 5341 qui
3335 5274 3572 5342 ignorant
3592 5306 3613 5335 ,
3638 5276 3688 5321 at

2085 5391 2259 5438 errant
2284 5383 2306 5454 (
2327 5379 2484 5454 ῌειτ.
2506 5378 2560 5434 5.
2594 5378 2644 5430 ι.
2672 5385 2717 5429 et
2744 5371 2842 5442 9.).
2868 5372 2983 5438 Qua
3011 5366 3292 5425 occasione
3310 5405 3328 5431 ,
3358 5371 3415 5417 et
3439 5375 3536 5417 cur
3562 5367 3688 5415 tato-

2085 5479 2209 5536 dem
2220 5480 2250 5533 γ
2267 5448 2521 5545 dictum
2538 5480 2585 5527 ct
2610 5472 2718 5542 ipse
2741 5465 3083 5524 circumdatus
3106 5470 3178 5517 est
3192 5458 3502 5529 infirmitate.
3524 5454 3686 5510 Vides

2087 5572 2453 5631 infirmitatem
2497 5560 2884 5633 compassionis
2936 5553 3273 5613 occasionem
3323 5563 3485 5614 esse,
3514 5560 3687 5615 neque

2087 5664 2264 5721 sinere
2299 5658 2670 5732 cognationem
2721 5661 2944 5715 naturate,
2962 5657 3023 5703 ut
3040 5643 3227 5717 quisin
3245 5637 3692 5732 reprehendendo

2087 5754 2306 5811 modum
2349 5726 2611 5812 excedat,
2662 5744 2763 5799 etsi
2811 5740 3159 5797 vehementer
3202 5730 3536 5789 contendat?
3577 5726 3685 5783 Sed

2090 5861 2248 5921 quam
2296 5844 2364 5903 ob
2390 5853 2607 5898 causam
2635 5836 2735 5891 ista
2774 5833 2918 5890 dixi?
2946 5829 3025 5887 Ne
3056 5828 3188 5885 forte
3229 5823 3418 5881 dicatis
3448 5839 3461 5877 :
3489 5819 3569 5876 Tn
3597 5815 3688 5886 qui
