4104 6436
507 361 612 416 633

503 477 733 533 mundus
759 490 818 531 es
845 491 873 530 a
903 476 1165 548 peccatis,
1192 487 1246 530 et
1276 493 1304 529 a
1334 477 1598 542 molestia,
1622 493 1779 547 quam
1809 477 2102 548 increpatio

501 570 665 641 parit,
693 569 944 622 immunis
970 582 1032 621 ac
1059 567 1194 622 liber
1218 582 1296 630 cs,
1322 583 1509 638 magna
1537 583 1657 622 cum
1689 576 1951 637 potestate
1979 582 2102 638 pro-

504 661 806 716 fundiorem
866 661 1018 715 nobis
1073 661 1364 716 sectionem
1414 661 1626 730 inﬁigis.
1680 661 1950 732 Siquidem
2004 677 2104 732 ego

507 756 655 824 prior
701 756 999 810 molestiam
1041 757 1258 819 sentio,
1289 755 1717 826 quandoquidem
1750 765 1804 811 et
1845 756 1958 826 ipse
2004 759 2104 811 ob-

511 847 702 901 noxius
749 862 867 902 sum
910 847 1163 916 peccatis.
1206 847 1392 901 Omnes
1435 849 1567 901 enim
1613 849 1664 900 in
1709 848 2106 917 corrcptionibus

509 936 888 1010 samus(Eccli.
915 939 969 992 8.
996 941 1074 1007 6),
1101 948 1174 1003 et,
1197 937 1362 992 Nemo
1389 940 1685 1009 gloriabitur
1713 949 1906 992 castum
1927 956 1980 992 se
2008 940 2106 991 lia-

507 1028 622 1081 bcre
649 1044 736 1082 cor
767 1028 964 1097 (Prov.
1003 1029 1094 1086 ΞΟ.
1127 1029 1204 1100 9).
1259 1030 1441 1100 Itaque
1485 1047 1592 1084 non
1637 1030 1777 1100 quod
1823 1031 1874 1085 iu
1916 1031 2105 1086 alienis

510 1117 916 1188 philosopharer
936 1120 1106 1187 malis,
1133 1136 1307 1190 neque
1333 1136 1400 1175 ex
1427 1121 1810 1177 inhumanitate
1833 1122 2102 1192 quapiam,

510 1207 604 1261 sed
631 1225 739 1276 pra:
771 1210 927 1264 nimia
956 1211 1314 1266 sollicitudine
1344 1212 1791 1282 reprehensiones
1818 1213 1935 1266 illas
1955 1212 2108 1265 adhi-

513 1301 620 1356 bui.
656 1303 786 1357 Nam
816 1304 866 1358 in
891 1319 1184 1374 corporum
1213 1304 1427 1374 quidem
1459 1305 1755 1372 curatione,
1785 1305 1872 1374 qui
1901 1305 2104 1374 plagam

515 1393 735 1463 inﬂigit,
769 1396 970 1449 nullum
1003 1396 1166 1466 plagze
1192 1411 1409 1452 sensum
1436 1397 1598 1467 capit,
1631 1397 1724 1451 sed
1757 1397 1866 1461 ille,
1899 1398 1987 1466 qui
2015 1412 2107 1452 se-

511 1495 684 1551 catur,
701 1488 849 1542 solus
867 1488 1142 1544 doloribus
1164 1489 1461 1544 cruciatur:
1486 1500 1539 1543 at
1559 1489 1608 1544 in
1626 1490 1921 1544 animarum
1948 1505 2107 1544 cura-

514 1577 659 1631 tione
687 1594 791 1632 non
821 1579 891 1632 ita
913 1620 927 1644 ,
952 1579 1052 1634 nisi
1083 1579 1220 1634 forte
1248 1579 1402 1635 fallar
1423 1622 1438 1645 ,
1470 1580 1596 1635 dum
1623 1597 1687 1636 ex
1717 1582 1848 1636 meis
1875 1581 1940 1635 de
1971 1581 2108 1636 alio-

514 1685 632 1723 rmn
670 1671 830 1724 rebus
850 1671 1070 1740 judico;
1095 1671 1187 1727 sed
1216 1674 1329 1743 ipse
1358 1673 1500 1744 prior
1523 1675 1820 1740 cruciatur,
1857 1677 1944 1745 qui
1973 1691 2106 1731 con-

513 1762 723 1815 cionem
757 1761 935 1828 habet,
963 1763 1178 1833 quando
1203 1773 1428 1818 caeteros
1455 1765 1714 1836 increpat.
1744 1765 1926 1837 Neque
1963 1767 2105 1822 enim

513 1853 594 1907 sic
629 1868 663 1906 a
697 1855 912 1908 caeteris
937 1855 1249 1924 reprehensi
1277 1855 1520 1912 dolemus
1541 1897 1556 1923 ,
1589 1872 1651 1911 ac
1675 1857 1718 1912 si
1747 1858 1880 1913 alios
1923 1874 2109 1926 repre-

516 1945 812 2001 hendamus
837 1947 907 2000 ob
933 1958 1169 2017 peccata,
1201 1965 1426 2019 quorum
1461 1951 1558 2020 ipsi
1589 1951 1665 2005 rei
1696 1952 1884 2006 simus.
1918 1951 2106 2006 Statim

517 2037 660 2091 enim
715 2039 1146 2109 coneiona_torem
1174 2041 1419 2112 objurgat
1469 2044 1794 2098 conscientia
1821 2086 1836 2109 ,
1861 2044 2108 2115 quodque

514 2144 574 2185 se
625 2130 802 2184 videat
845 2132 1132 2202 magisterii
1173 2133 1434 2204 dignitate
1469 2135 1779 2191 decoratum
1819 2137 1870 2192 in
1919 2136 2108 2192 eadem

513 2237 635 2274 cum
671 2221 945 2291 discipulis
980 2233 1200 2292 peccata
1231 2226 1468 2295 prolabi,
1501 2236 1661 2297 atque
1700 2227 1888 2282 iisdem
1919 2243 2108 2297 repre-

515 2313 860 2368 hensionibus
883 2315 1134 2386 indigere,
1155 2317 1450 2387 graviorem
1481 2318 1843 2373 concionatori
1868 2307 2108 2374 doléretn

515 2407 697 2461 inurit.

583 2497 640 2551 2.
685 2498 850 2553 Metus
893 2517 1054 2568 ptent:
1096 2512 1299 2571 peccata
1330 2504 1526 2557 minuit.
1551 2533 1620 2544 -—-
1643 2506 1814 2575 Atque
1850 2505 1962 2560 lucc
2003 2519 2108 2560 non

510 2591 632 2646 sine
668 2607 828 2646 causa
875 2610 1014 2649 nunc
1053 2611 1386 2665 conqueror;
1431 2598 1525 2653 sed
1569 2599 1818 2668 quoniam
1861 2601 2108 2670 permulti

515 2698 700 2737 eorum
728 2699 848 2753 quae
878 2684 1018 2739 dicta
1043 2696 1174 2741 sunt
1197 2689 1541 2744 acerbitatem
1574 2708 1678 2746 non
1707 2691 1959 2756 ferentes,
1987 2708 2110 2748 cum

515 2773 641 2826 hinc.
678 2775 1058 2840 recessissent.
1107 2778 1422 2834 accedentes
1463 2781 1871 2851 indignabantur
1913 2791 1966 2838 et
2015 2800 2112 2839 ex.-

512 2864 933 2932 candescehant;
963 2867 1168 2922 Avocas
1197 2885 1292 2923 nos
1311 2911 1325 2935 ,
1356 2871 1600 2938 aiebant,
1634 2887 1664 2926 a
1693 2887 1844 2927 sacra
1889 2889 2071 2928 mensa
2092 2913 2108 2940 ,

514 2965 570 3008 et
627 2969 657 3008 a
706 2958 1082 3014 communione
1118 2960 1350 3030 repellis.
1382 2959 1586 3017 Idcirco
1617 2964 1732 3018 lucc
1771 2964 1951 3020 dicere
1991 2980 2110 3020 sum

513 3052 731 3099 coactus
755 3086 769 3110 ,
796 3055 853 3100 ut
887 3046 1196 3118 intelligatis
1235 3066 1322 3105 me
1365 3067 1471 3106 non
1501 3067 1726 3109 avocare
1749 3097 1763 3118 ,
1797 3055 1890 3109 sed
1934 3056 2110 3125 potius

515 3152 846 3204 convocare,
872 3154 980 3194 non
1012 3141 1273 3210 repellere
1297 3183 1312 3209 ,
1342 3159 1440 3199 nec
1467 3160 1673 3210 arcere,
1707 3146 1803 3201 sed
1835 3162 1929 3217 per
1970 3149 2110 3217 ipsas

515 3229 964 3298 reprehensiones
994 3233 1162 3303 magis
1186 3233 1419 3291 allicere.
1450 3235 1619 3292 Metus
1643 3239 1785 3293 enim
1813 3224 2132 3296 denuntiati.

513 3321 780 3390 supplicii,
810 3338 929 3378 cum
953 3333 1222 3396 tamquam
1252 3327 1387 3397 ignis
1412 3329 1462 3382 in
1490 3344 1667 3384 ceram
1687 3331 1737 3384 in
1765 3347 1949 3386 eorum
1974 3347 2075 3387 con
2093 3365 2107 3374 -

513 3412 822 3477 scientiam,
855 3415 944 3484 qui
971 3426 1230 3486 peccant,
1261 3419 1524 3487 inciderit,
1557 3420 1748 3476 delicta
1778 3422 2015 3476 dissolvit
2045 3439 2108 3478 ac

511 3505 748 3572 discutit,
768 3506 894 3561 dum
911 3523 1125 3578 semper
1141 3510 1401 3579 imminet,
1419 3521 1474 3566 et
1496 3528 1678 3581 puram
1698 3528 1759 3568 ac
1774 3514 2105 3584 splendidam

513 3605 747 3652 mentem
787 3597 1018 3654 reddens
1043 3641 1057 3665 ,
1082 3601 1340 3670 majorem
1386 3603 1631 3657 ﬁduciam
1675 3604 1830 3659 nobis
1872 3605 2101 3660 inserit:

515 3703 675 3754 porro
716 3687 906 3744 ﬁducia
955 3700 1213 3760 concepta
1253 3693 1423 3762 major
1447 3694 1688 3748 exoritur
1715 3695 1877 3748 animi
1922 3711 2104 3764 prom-

514 3778 720 3847 ptitudo
757 3782 822 3834 ad
861 3780 1193 3852 frequentem
1229 3783 1573 3839 ineﬁ‘abilium
1603 3801 1667 3841 ac
1707 3787 2104 3842 tremendorum

515 3873 891 3940 mysteriorum
917 3875 1348 3931 communionem
1389 3876 1710 3932 obcundam.
1744 3877 1814 3932 Et
1840 3880 2102 3949 quemad-

515 3961 729 4016 modum
755 3963 843 4031 qui
872 3966 1062 4020 acerba
1087 3967 1471 4022 medicamenta
1500 3968 1720 4039 porrigit
1747 3969 1810 4023 iis
1834 4011 1850 4037 ,
1877 3969 1966 4040 qui
1993 3981 2106 4024 sto-

513 4055 689 4110 machi
730 4057 856 4111 vitio
883 4059 1035 4114 cibos
1061 4060 1334 4115 fastidiunt
1357 4102 1372 4126 ,
1401 4077 1463 4116 ac
1501 4077 1694 4131 pravos
1719 4072 1978 4134 expurgat
2007 4063 2106 4118 hu-

508 4165 714 4215 mores,
741 4150 1008 4221 dcjectum
1033 4153 1232 4208 excitat
1254 4155 1579 4225 appetitmn,
1605 4165 1656 4210 et
1692 4157 1874 4220 efﬁcit,
1905 4167 1960 4210 ut
1986 4172 2104 4210 ma-

505 4244 612 4311 jori
638 4243 910 4299 alacritate
929 4255 1214 4302 consuetos
1243 4247 1392 4301 cibos
1419 4248 1730 4317 degustent:
1754 4249 1832 4304 sic
1854 4249 2102 4304 nimirum

509 4337 558 4388 is
587 4335 675 4405 qui
707 4335 896 4390 acerba
925 4336 1128 4407 profert
1157 4339 1316 4393 verba
1335 4381 1349 4406 ,
1379 4339 1663 4410 pravisque
1693 4349 1926 4395 mentem
1955 4343 2102 4411 cogi-

507 4427 802 4484 tationibus
833 4439 1019 4499 purgat
1040 4471 1056 4495 ,
1086 4439 1139 4484 et
1161 4445 1324 4500 grave
1350 4442 1688 4501 peccatorum
1717 4449 1854 4488 onus
1879 4435 2099 4499 excutit,

503 4521 675 4578 efﬁcit
716 4533 772 4578 ut
800 4525 1126 4580 conscientia
1153 4525 1379 4594 rcSpiret
1407 4541 1470 4580 ac
1495 4527 1660 4581 multa
1686 4542 1804 4581 cum
1831 4529 2104 4598 voluptate

511 4613 843 4670 Dominicum
868 4631 1065 4686 corpus
1091 4617 1355 4688 degustet.
1381 4617 1494 4673 Non
1519 4631 1600 4674 est
1629 4619 1787 4689 igitur
1804 4621 1874 4674 ob
1899 4636 1960 4675 ea
1983 4637 2102 4690 qua:

511 4707 649 4760 dicta
685 4717 810 4763 sunt
835 4711 1257 4766 succensendum
1277 4751 1292 4779 ,
1321 4711 1412 4767 sed
1439 4727 1502 4767 ea
1531 4713 1874 4784 approbanda
1899 4724 2026 4771 sunt
2048 4725 2102 4770 et

507 4799 787 4855 laudanda.

515 4914 517 4916 ·
581 4888 1000 4948 Concionatorum
1021 4895 1254 4966 ofﬁciunt.
1287 4926 1357 4936 —
1381 4895 1530 4962 Quod
1557 4896 1600 4950 si
1628 4895 1762 4952 forte
1790 4897 2103 4953 imbecillio-

509 4996 598 5036 res
641 4982 748 5035 sint
789 4984 1002 5052 quidam
1027 5025 1041 5051 ,
1071 5002 1244 5057 neque
1281 4986 1644 5042 defensiOuem
1686 4987 1822 5043 hanc
1861 5001 2099 5044 nostram

509 5076 720 5140 ferant,
746 5073 816 5127 ita
842 5089 962 5130 cum
988 5077 1090 5131 illis
1114 5093 1266 5147 agam
1294 5121 1308 5145 ,
1337 5089 1396 5133 ut
1420 5095 1666 5134 moneam
1704 5097 1788 5134 me
1817 5096 1921 5134 non
1952 5097 1982 5135 a
2015 5098 2100 5138 me

510 5165 623 5234 ipso
655 5165 790 5221 latas
818 5166 962 5236 leges
987 5182 1274 5239 exponere,
1303 5170 1395 5224 sed
1419 5170 1487 5225 de
1507 5171 1639 5224 cazlo
1656 5171 1898 5242 delapsas
1921 5173 2100 5228 literas

509 5259 707 5330 legere,
728 5275 792 5313 ac
823 5259 1044 5330 proinde
1072 5263 1429 5317 necessarium
1457 5278 1595 5328 esse,
1623 5275 1681 5318 ut
1700 5280 1821 5318 cum
1850 5265 1950 5319 hoc
1971 5265 2099 5319 mihi

507 5352 766 5406 creditum
805 5354 873 5405 sit
912 5353 1268 5409 ministerium
1295 5396 1309 5419 ,
1336 5365 1427 5408 aut
1468 5371 1587 5425 qua:
1616 5357 1958 5411 continentur
1995 5357 2100 5411 illis

507 5444 842 5499 conﬁdenter
867 5460 930 5500 ac
961 5445 1130 5501 libere
1152 5456 1342 5500 cuncta
1370 5446 1564 5509 dicam,
1597 5459 1648 5502 et
1678 5449 1956 5502 utilitatem
1983 5449 2098 5502 ubi-

507 5548 630 5600 que,
655 5550 760 5588 non
787 5536 1132 5604 voluptatem,
1158 5553 1392 5604 quaeram
1414 5539 1735 5603 amlitorum,
1766 5548 1857 5594 aut
1885 5555 2099 5595 eorum-

505 5623 626 5676 ιιι-η]
657 5624 838 5677 odium
871 5627 1210 5681 reformidem
1232 5668 1247 5693 ,
1275 5637 1329 5681 et
1357 5627 1456 5682 hoc
1488 5630 1863 5699 intempestivo
1897 5631 2099 5685 beneﬁ-

504 5713 588 5766 cio
611 5715 839 5768 salutem
871 5733 1042 5772 meam
1073 5720 1230 5774 simul
1270 5730 1322 5774 ct
1353 5720 1561 5775 illorum
1598 5722 1840 5792 prodam.
1873 5722 2005 5778 Nam
2044 5733 2099 5778 et

502 5803 871 5861 concionatori
891 5807 1048 5864 simul
1069 5823 1121 5866 et
1146 5811 1480 5868 auditoribus
1509 5815 1798 5871 admodum
1829 5816 2094 5887 periculo-

1224 361 1282 417 S.
1324 361 1604 418 JOAA'NlS
1645 357 2112 418 CIIIlYSOSTUllI
2155 357 2479 415 ARClllEl’.
2523 352 3060 419 CONSTANT'LVOP.

3699 361 3810 418 €56

2215 491 2331 530 smn
2361 492 2482 532 esse
2506 476 2776 548 quidpiam
2808 494 2870 533 ex
2901 478 3101 547 legibus
3122 474 3316 532 divinis
3341 475 3518 531 celare
3540 517 3552 539 ,
3583 489 3645 531 ac
3671 485 3812 530 tame

2208 584 2368 638 quam
2401 569 2563 622 caidis
2590 579 2810 639 patrata:
2840 586 2962 624 reos
2979 569 3220 639 judicare
3249 569 3520 634 doctores,
3551 568 3650 622 nisi
3681 569 3807 622 abs-

2210 674 2316 729 que
2367 672 2510 715 mctu
2555 671 2742 716 cuncta
2786 661 2879 716 Dei
2908 661 3026 730 jura
3069 676 3132 715 ac
3170 661 3384 716 decreta
3430 662 3812 732 promulgeut,

2214 755 2361 808 l’auli
2405 755 2557 810 vobis
2589 756 2892 809 testimonio
2919 755 3299 824 comprobaho.
3333 755 3621 825 Propterea
3651 770 3815 809 nam-

2211 861 2313 915 que
2345 847 2395 900 in
2422 847 2670 901 omnibus
2698 847 2856 901 rebus
2883 846 2950 901 ad
2979 847 3185 901 beatam
3219 847 3359 900 illam
3399 847 3632 901 animam
3661 860 3814 915 δίνῃς

2211 937 2490 1008 confugio,
2535 938 2676 1008 quod
2699 937 3008 995 .fructuosa:
3056 937 3300 1008 quaedam
3345 953 3616 1009 sacraeque
3661 939 3813 1009 leges

2213 1029 2361 1083 Pauli
2392 1030 2496 1083 sint
2527 1031 2702 1085 verba.
2731 1030 2846 1084 Non
2871 1031 3013 1085 enim
3045 1031 3238 1102 Paulus
3267 1039 3382 1096 est,
3414 1031 3501 1100 qui
3532 1031 3773 1097 loquitur
3793 1070 3814 1096 ,

2212 1121 2306 1175 sed
2347 1122 2435 1192 qui
2467 1125 2582 1190 ejus
2611 1123 2840 1176 animam
2886 1132 3068 1177 movet
3097 1121 3370 1183 Christus.
3403 1122 3661 1192 siquidem
3711 1136 3809 1190 per

2215 1214 2361 1268 illtun
2389 1225 2580 1268 cuncta
2613 1215 2881 1285 loquitur,
2909 1231 3029 1286 qua:
3060 1214 3144 1269 ille
3176 1214 3503 1283 pronuntiat.
3536 1213 3668 1279 Quid
3705 1212 3810 1283 igi-

2215 1313 2298 1359 tur
2325 1307 2397 1358 ait
2423 1306 2649 1360 Paulus?
2675 1308 2809 1362 Cum
2837 1321 2931 1362 eos
2957 1306 3044 1376 qui
3076 1305 3346 1376 Ephesum
3375 1305 3673 1359 incolebant
3707 1320 3811 1358 vo-

2214 1408 2388 1452 casset
2412 1439 2426 1464 ,
2452 1413 2515 1453 ac
2543 1409 2866 1468 postremam
2901 1398 2968 1453 ad
3007 1399 3126 1452 illos
3151 1398 3462 1452 concionem
3492 1397 3758 1451 habuisset
3786 1435 3807 1462 ,

2215 1501 2494 1558 propterea
2521 1489 2662 1559 quod
2699 1490 2767 1543 ab
2797 1489 2900 1544 illis
2929 1489 3180 1558 deinceps
3209 1488 3540 1543 discesmrus
3567 1497 3682 1544 erat
3703 1529 3718 1553 ,
3745 1499 3813 1542 ιιι

2215 1581 2425 1636 illorum
2469 1583 2724 1650 pra'sules
2751 1581 3007 1646 doceret,
3038 1596 3141 1635 non
3172 1581 3346 1635 minus
3371 1596 3528 1650 quam
3563 1581 3651 1650 qui
3676 1596 3808 1633 san-

2212 1673 2424 1743 guinem
2467 1673 2750 1728 funderent
2792 1674 3171 1743 discipulorum
3200 1715 3214 1739 ,
3242 1687 3336 1727 eos
3380 1673 3468 1743 qui
3517 1688 3601 1726 res
3646 1674 3811 1727 utiles

2212 1767 2447 1820 celarent
2466 1768 2634 1836 poenis
2653 1781 2771 1820 esse
2788 1766 3044 1821 obnoxios
3061 1781 3122 1819 ac
3138 1764 3429 1834 suppliciis,
3450 1765 3517 1818 ita
3536 1764 3770 1832 loquitur
3790 1783 3809 1819 :

2216 1857 2440 1912 Mundus
2454 1875 2563 1911 smn
2578 1874 2670 1929 ego
2685 1875 2716 1910 a
2731 1857 2975 1928 sanguine
2989 1857 3234 1910 omnium.
3252 1855 3387 1922 Quid
3406 1856 3474 1910 ita
3493 1860 3516 1908 ’ἐ
3537 1855 3656 1908 Non
3673 1858 3812 1909 enim

2213 1949 2513 2021 subterfugi,
2539 1967 2637 2019 quo
2663 1953 2827 2004 minus
2847 1949 3200 2002 annuntiarem
3221 1943 3356 2002 vobis
3378 1965 3522 2002 omne
3536 1949 3814 2002 consilium

2215 2042 2308 2097 Dei
2336 2044 2472 2115 (Act.
2502 2043 2593 2098 20.
2626 2044 2717 2098 26.
2740 2044 2834 2113 27)
2868 2060 2882 2096 :
2917 2044 3092 2112 itaque
3143 2042 3188 2098 si
3244 2040 3669 2109 subterfugissct,
3702 2057 3814 2110 quo

2213 2139 2390 2193 minus
2431 2138 2798 2200 annuntiaret,
2835 2136 3065 2191 mundus
3094 2151 3124 2190 a
3157 2135 3413 2205 sanguine
3442 2149 3547 2188 non
3577 2133 3766 2189 fuisset
3792 2177 3811 2202 ,

2213 2245 2397 2286 verum
2429 2241 2487 2284 ut
2535 2230 2798 2285 homicida
2829 2230 3108 2284 damnatus
3136 2237 3308 2292 esset;
3337 2243 3402 2283 ac
3431 2227 3622 2281 merito
3653 2243 3810 2280 sane.

2213 2319 2344 2374 Nam
2387 2319 2647 2376 homicida
2692 2319 2904 2390 quidem
2950 2333 3144 2388 corpus
3175 2327 3376 2386 tantum
3409 2317 3685 2381 interﬁcit;
3717 2316 3812 2384 qui

2213 2429 2340 2468 vero
2365 2411 2431 2467 ad
2471 2411 2694 2483 gratiam
2725 2413 3092 2476 concionatur,
3121 2419 3175 2466 et
3200 2410 3471 2481 segniores
3500 2409 3672 2463 reddit
3707 2426 3774 2463 au
3793 2439 3810 2450 -
3903 2483 3908 2486 _

2213 2509 2441 2571 ditorcs,
2473 2506 2702 2560 animam
2746 2505 3135 2574 perdit:atque
3179 2503 3266 2558 ille
3309 2502 3522 2574 quidem
3554 2502 3811 2571 praesenti

2215 2599 2371 2652 morti
2405 2597 2597 2663 tradit,
2634 2598 2719 2652 hic
2744 2613 2872 2652 vero
2904 2595 3072 2666 perdit
3105 2595 3336 2649 animam
3358 2635 3373 2660 ,
3400 2603 3454 2647 et
3481 2594 3546 2647 ad
3577 2602 3815 2648 :cternas

2217 2705 2402 2760 prunas
2445 2689 2808 2760 suppliciaque
2847 2687 3176 2743 transmittit.
3208 2687 3288 2740 An
3331 2685 3491 2754 igitur
3530 2685 3681 2738 solus
3707 2685 3813 2739 hoc

2214 2783 2342 2838 dicit
2389 2781 2996 2852 PaulusYNequaquam
3021 2791 3043 2846 ,‘
3067 2779 3160 2834 sed
3212 2788 3337 2833 ante
3388 2778 3605 2832 Paulum
3669 2779 3813 2831 Dens

2215 2889 2400 2929 rursus
2424 2873 2564 2929 istud
2591 2875 2759 2944 ipsum
2787 2888 2885 2944 per
2920 2871 3234 2942 prophetam
3261 2870 3556 2925 subindicat
3583 2913 3596 2935 ,
3624 2870 3692 2923 ita
3720 2870 3810 2923 di-

2215 2981 2345 3021 cens
2376 2986 2387 3020 :
2439 2967 2820 3038 Speculatorem
2859 2965 2976 3018 dedi
3028 2974 3075 3018 te
3109 2964 3281 3018 domui
3319 2962 3484 3016 Israel
3506 2962 3720 3030 (li'zecli.
3751 2962 3807 3015 ’5.

2216 3057 2329 3126 17).
2357 3057 2493 3123 Quid
2523 3067 2604 3111 est
2634 3056 2737 3110 hoc
2761 3097 2774 3115 .
2805 3055 3190 3126 Speculatorem
3215 3054 3240 3106 .9
3268 3053 3585 3123 Speculator
3612 3052 3813 3105 dicitur

2215 3147 2259 3201 is
2280 3189 2292 3211 ,
2320 3147 2410 3217 qui
2436 3188 2449 3211 ,
2473 3146 2597 3200 dum
2630 3145 2895 3200 exercitus
2919 3144 3143 3200 inferius
3169 3143 3449 3198 consident
3474 3185 3486 3207 ,
3519 3142 3807 3196 sublimem

2212 3251 2266 3294 et
2293 3238 2616 3294 eminentem
2650 3237 2700 3291 in
2730 3237 2868 3292 colle
2899 3237 3071 3292 locum
3115 3244 3375 3305 occupat,
3407 3243 3462 3288 et
3496 3233 3620 3287 inde
3651 3234 3808 3287 inva-

2211 3331 2398 3386 dentes
2428 3329 2611 3384 ho.-tes
2651 3329 2995 3399 Speculatur,
3023 3336 3182 3397 atque
3224 3328 3274 3380 in
3315 3325 3452 3380 valle
3494 3325 3809 3379 sedentibus

2209 3437 2394 3477 eorum
2419 3420 2704 3475 adventum
2726 3419 3032 3484 denuntiat,
3055 3429 3114 3473 ut
3157 3417 3224 3472 ad
3256 3432 3481 3487 pugnam
3509 3431 3808 3484 capessen-

2209 3514 2332 3569 dam
2364 3529 2457 3567 eos
2485 3513 2715 3577 excitet,
2740 3527 2810 3567 ne
2838 3513 2884 3566 si
2913 3512 2966 3566 in
2993 3511 3114 3565 illos
3143 3511 3381 3564 incautos
3410 3509 3613 3562 irruaut
3633 3549 3650 3575 ,
3683 3523 3807 3560 ma-

2209 3619 2308 3674 gna
2376 3604 2495 3658 illos
2539 3619 2660 3657 cum
2715 3601 2969 3656 facilitate
3021 3599 3305 3655 trucideut.
3354 3598 3578 3666 Quando
3640 3597 3810 3667 igitur

2209 3697 2373 3750 multa
2397 3736 2411 3761 ,
2438 3711 2558 3765 qua!
2590 3693 2742 3749 nobis
2782 3694 3078 3755 imminent,
3109 3691 3246 3745 mala
3280 3705 3385 3744 non
3413 3687 3654 3744 videmus
3679 3703 3807 3755 nos,

2207 3788 2299 3858 qui
2330 3787 2476 3840 humi
2508 3801 2783 3842 versamur
2805 3825 2820 3850 ,
2854 3786 2924 3838 ita
2952 3784 3134 3838 divina
3160 3781 3328 3852 gratia
3367 3781 3684 3849 disponente
3715 3781 3806 3831 fa-

2207 3889 2350 3935 ctmn
2381 3889 2484 3946 est,
2504 3889 2561 3933 ut
2587 3888 2854 3949 tamquam
2883 3879 2935 3930 in
2962 3876 3174 3930 sublimi
3201 3874 3320 3930 loco
3337 3872 3627 3943 prophetia:
3653 3881 3812 3924 stan-

2211 3981 2288 4025 tes
2321 3970 2591 4040 prephetae
2620 3969 2788 4023 sancti
2818 3967 3120 4022 irruituram
3150 3966 3202 4020 in
3229 3980 3326 4020 nos
3354 3965 3486 4018 iram
3512 3962 3746 4017 divinam
3775 3977 3808 4014 a

2210 4068 2366 4137 longe
2408 4065 2861 4136 praenuntiarent,
2892 4073 2948 4116 ut
2977 4077 3075 4117 nos
3107 4076 3202 4130 per
3242 4058 3605 4130 pmnitentiam
3642 4070 3809 4124 repa-

2209 4169 2409 4223 rantes,
2441 4160 2781 4226 animamque
2810 4164 3044 4209 nOstmm
3072 4155 3271 4224 lapsam
3297 4153 3563 4221 erigentes
3586 4191 3600 4212 ,
3627 4149 3808 4202 multo

2205 4260 2332 4305 ante
2358 4248 2698 4319 inﬁigendam
2741 4263 2771 4300 a
2811 4247 2921 4300 Deo
2950 4246 3153 4315 plagam
3182 4244 3521 4312 repellamus.
3553 4239 3759 4295 Idcirco
3787 4282 3804 4304 ,

2208 4342 2589 4412 Speculatorem
2611 4379 2626 4405 ,
2659 4339 2866 4408 inquit,
2897 4337 3014 4391 dedi
3043 4344 3090 4390 te
3118 4336 3290 4388 domui
3329 4333 3496 4388 Israel
3522 4349 3540 4386 :
3567 4340 3623 4384 ut
3647 4331 3804 4384 cala—

2208 4435 2445 4489 mitatem
2491 4433 2859 4488 imminentem
2912 4427 3236 4499 praenunties
3268 4469 3282 4492 ,
3339 4425 3804 4496 quemadmodum

2207 4524 2389 4580 hostes
2420 4524 2526 4577 ille.
2553 4522 2737 4592 Neque
2760 4537 2888 4576 vero
2919 4519 3240 4575 mediocrem
3273 4533 3482 4587 pugnam
3512 4517 3808 4572 conciona-

2207 4618 2342 4684 tori,
2373 4616 2462 4687 qui
2509 4614 2746 4670 divinam
2791 4613 2924 4667 iram
2969 4627 3073 4666 non
3105 4610 3477 4681 pnenuntiarit
3500 4651 3517 4675 ,
3546 4609 3802 4678 imponit.

2203 4712 2372 4779 Quam
2391 4725 2518 4765 vero
2545 4707 2792 4763 tandem?
2814 4707 3034 4761 Animas
3057 4721 3266 4772 eorum,
3296 4704 3384 4775 qui
3415 4703 3687 4773 perierint,
3708 4703 3804 4756 in-

2204 4803 2356 4873 quit,
2386 4801 2454 4857 de
2491 4815 2650 4855 manu
2687 4807 2774 4853 tua
2803 4799 3068 4868 requiram
3095 4795 3114 4868 (
3141 4802 3225 4859 Ib.
3266 4814 3315 4852 υ.
3359 4795 3441 4864 5).
3471 4793 3600 4861 Quis
3633 4792 3805 4861 igitur

2204 4903 2288 4948 est
2310 4894 2397 4947 ille
2427 4902 2532 4946 tam
2561 4890 2792 4948 crudelis
2818 4897 2873 4944 et
2896 4888 3217 4943 inhumanus
3236 4927 3251 4951 ,
3282 4894 3337 4940 et
3376 4879 3756 4939 immisericors
3779 4927 3797 4949 ,

2204 4987 2294 5056 qui
2321 4986 2684 5041 concionatori
2712 4984 2842 5038 vitio
2871 4992 3038 5037 vertat
3066 4980 3287 5046 dicenti,
3310 4978 3483 5048 deque
3510 4980 3586 5032 ira
3615 4976 3800 5030 divina

2205 5077 2513 5148 frequenter
2533 5077 2688 5132 verba
2719 5075 2952 5140 facienti,
2984 5091 3105 5128 cum
3134 5083 3306 5126 tantas
3335 5071 3559 5125 luiturus
3580 5069 3648 5123 sit
3681 5086 3803 5139 pa:-

2205 5184 2318 5235 nas,
2352 5171 2396 5224 si
2425 5170 2686 5224 tacuerit?
2713 5166 2876 5222 Nobis
2902 5183 3031 5236 ergo
3051 5166 3139 5236 qui
3165 5164 3559 5227 concionamur,
3594 5176 3808 5233 nequa~

2205 5277 2362 5334 quam
2405 5261 2694 5331 prodesse,
2723 5259 2768 5314 si
2825 5258 2946 5312 talia
2995 5255 3303 5312 siluerimns
3329 5296 3343 5319 ,
3370 5253 3698 5309 sufﬁcienter
3745 5264 3800 5306 ct

2205 5355 2467 5426 pr0pheta
2511 5367 2609 5407 nos
2637 5351 2853 5416 docuit,
2887 5361 2943 5406 et
2970 5347 3280 5420 apostolus;
3308 5346 3401 5401 sed
3433 5359 3606 5412 neque
3643 5343 3801 5398 vobis

2207 5448 2492 5517 prodesse,
2526 5447 2613 5517 qui
2657 5443 3036 5510 auditis,inde
3064 5440 3349 5496 constabit.
3393 5437 3526 5492 Nam
3568 5436 3614 5490 si
3655 5451 3792 5507 ego,

2203 5540 2328 5592 dmn
2357 5537 2491 5592 sileo
2515 5579 2527 5599 ,
2557 5545 2769 5607 peccata
2800 5535 3010 5590 silentio
3035 5531 3418 5588 absconderem
3445 5572 3460 5593 ,
3493 5535 3640 5582 recte
3667 5541 3792 5581 suc-

2202 5641 2444 5686 censeret
2481 5631 2877 5700 unusquisque,
2907 5643 2970 5683 ac
3019 5630 3210 5682 merito
3265 5621 3662 5693 indignaretur,
3695 5622 3794 5674 nisi

2201 5724 2414 5778 silerem
2446 5740 2459 5778 :
2486 5723 2567 5777 sin
2596 5731 2774 5778 autem
2799 5763 2814 5789 ,
2845 5719 3183 5791 quantumvis
3213 5717 3322 5787 jam
3355 5730 3460 5770 non
3504 5715 3753 5768 sileamus
3775 5751 3790 5778 ,

2203 5814 2426 5871 omnino
2472 5831 2693 5872 necesse
2736 5825 2818 5872 est
2856 5825 2913 5870 ut
2956 5815 3064 5868 illic
3112 5811 3303 5867 delicta
3349 5806 3784 5868 manifesteutur,
