4104 6460
323 370 439 446 65;;

319 460 447 539 ἰνα
480 483 556 555 μὴ
603 481 796 563 λέγητε
844 483 925 537 ὅτι
961 485 1032 538 Σὺ
1057 484 1292 565 καθαρὸς
1334 484 1410 537 ὢν
1460 487 1898 565 ἁμαρτημάτων,

328 562 752 638 ἀπηλλαγμένος
774 566 876 637 τῆς
913 566 1107 636 ὀδύνης
1136 562 1234 637 τῆς
1267 566 1409 620 κατὰ
1437 562 1535 638 τὴν
1563 569 1904 640 ἐπιτίμησιν,

321 649 470 720 μετά
498 648 699 718 πολλῆς
730 647 981 712 ἐξουσίας
1012 649 1295 720 ἐπιφέρεις
1318 652 1452 721 ἡμῖν
1479 650 1907 725 βαθυτέρανοτὴν

318 733 525 804 τομήν.
557 731 698 801 Ἐγὼ
741 733 848 803 γάρ
881 733 1145 802 πρότερος
1191 733 1519 804 αίσοάνομαι
1551 733 1651 805 τῆς
1693 732 1903 805 ὀδύνης.

320 815 518 889 ἐπειδὴ
554 816 647 870 καὶ
676 816 837 879 αὐτὸς
885 815 1183 879 ὑπεύθυνός
1226 817 1355 887 εἰμι,
1383 819 1496 881 τοῖς
1524 817 1904 888 ἁμαρτήμασι.

319 902 559 965 Πάντες
584 898 694 969 γάρ
716 899 903 967 ἐσμεν
927 899 998 951 ἐν
1016 899 1360 968 ἐπιτιμίοις·
1395 901 1510 965 καὶ,
1538 899 1745 965 Οὐδείς
1767 916 1909 953 καυ-

319 984 581 1053 χήσεται
613 982 810 1052 ἁγνὴν
830 981 995 1051 ἔχειν
1031 982 1303 1049 καρδίαν.
1346 983 1509 1037 Ὥστε
1540 984 1639 1037 ούκ
1664 986 1722 1036 ἐν
1754 983 1910 1037 ἀλλο-

317 1067 500 1136 τρίοις
521 1064 826 1134 φιλοσοφῶν
849 1065 1058 1127 κακοῖς,
1084 1065 1206 1117 ούδέ
1231 1065 1290 1131 ἐξ
1317 1065 1714 1136 ἀπανθρωπίας
1744 1065 1905 1129 τινὸς,

319 1142 444 1203 ἀλλ’
477 1147 584 1202 ἀπὸ
611 1145 937 1219 κηδεμονίας
966 1146 1168 1217 πολλῆς
1204 1148 1333 1210 τοὺς
1362 1147 1617 1218 ἐλέγχους
1646 1146 1909 1217 ἐποιησά-

323 1249 441 1304 μην
480 1231 740 1293 ἐκείνους.
777 1230 900 1283 Ἐπὶ
942 1230 1041 1300 μὲν
1074 1231 1179 1301 γάρ
1209 1230 1319 1283 τῶν
1347 1230 1417 1284 τὰ
1439 1228 1671 1302 σώματα
1699 1232 1910 1301 ἰατρευ-

321 1317 518 1378 ὁντων,
544 1316 573 1366 ό
608 1312 706 1383 μὲν
738 1313 959 1381 ἐπάγων
985 1314 1082 1383 τὴν
1117 1313 1328 1384 πληγὴν
1359 1312 1612 1385 οὐδεμίαν
1643 1312 1909 1384 λαμϐάνει

322 1401 427 1471 τῆς
458 1397 671 1468 πληγῆς
696 1396 968 1467 αἴσθησιν,
997 1396 1025 1449 ό
1056 1397 1112 1449 δέ
1144 1398 1495 1468 τεμνόμενος,
1525 1392 1680 1460 οὗτός
1705 1398 1853 1448 ἐστιν
1881 1396 1910 1449 6

321 1480 710 1551 διασπώμενος
746 1481 866 1542 ταῖς
918 1478 1174 1549 ἀλγηδόσι
1212 1480 1408 1549 μόνοςο
1442 1480 1536 1533 ἐπὶ
1573 1478 1631 1532 δὲ
1669 1478 1777 1532 τῶν
1813 1478 1909 1543 τὰς

323 1563 509 1634 ψυχὰς
535 1560 945 1632 θεραπευόντων
972 1563 1069 1631 οὐχ
1098 1559 1293 1629 οὕτως,
1324 1563 1374 1615 εί
1416 1562 1548 1633 μήτι
1587 1578 1652 1629 γε
1681 1561 1912 1632 σφάλλο-

329 1665 435 1719 μαι
465 1645 523 1711 ἐξ
554 1644 746 1698 ἑαυτοῦ
777 1642 844 1696 τὰ
875 1643 984 1697 τῶν
1011 1643 1213 1697 λοιπῶν
1240 1644 1572 1717 δοκιμάζων,
1608 1646 1723 1700 ἀλλ’
1749 1646 1911 1708 αὐτὸς

326 1730 595 1802 πρότερος
613 1728 865 1780 ὀδυνᾶται
884 1729 911 1780 6
936 1727 1129 1795 λέγων,
1153 1728 1315 1799 ήνίκα
1338 1728 1404 1783 ἂν
1431 1730 1639 1801 ἐτέροις
1660 1729 1906 1800 ἐπιτιμᾷ.

326 1813 466 1866 υὺδέ
499 1810 608 1881 γὰρ
636 1808 808 1872 οὕτως
836 1809 1180 1880 ἐλεγχόμενοι
1215 1815 1343 1883 παρ’
1380 1811 1582 1883 ἐτέρων
1616 1812 1907 1882 ἀλγοῦμεν,

324 1895 406 1959 ὡς
426 1894 737 1963 ἐλέγχοντες
763 1892 982 1963 ἐτέρους
1014 1893 1157 1963 ὑπὲρ
1186 1894 1619 1966 ἁμαρτημάτων,
1639 1889 1714 1950 ὧν
1742 1896 1910 1965 ἐσμεν

326 1978 641 2032 ὑπεύθυνοι.
674 1976 1137 2047 Ἐπιλαμϐάνεται
1172 1976 1281 2049 γὰρ
1321 1977 1524 2043 εὐθέως
1570 1979 1633 2032 τὸ
1672 1978 1911 2041 συνειδὸς

323 2063 425 2118 τοῦ
451 2062 718 2132 λέγοντος,
752 2061 847 2115 καὶ
871 2060 934 2114 τὸ
967 2061 1313 2126 διδασκαλίας
1341 2061 1493 2135 [660]
1528 2063 1910 2134 περικείμενον

324 2147 582 2218 ἀξίωμα,
632 2147 711 2210 είς
771 2146 841 2199 τὰ
887 2144 1026 2197 αὐτὰ
1077 2147 1189 2209 τοῖς
1232 2145 1501 2217 μαθηταῖς
1549 2146 1909 2201 καταπίπτειν

324 2232 729 2302 ἁμαρτήματα,
779 2229 874 2281 καὶ
909 2227 1019 2280 τῶν
1064 2228 1241 2281 αὐτῶν
1274 2228 1481 2283 δεῖσθαι
1517 2230 1775 2302 ἐλέγχων,
1816 2247 1907 2283 πι-

324 2313 597 2386 κροτέραν
625 2312 703 2383 τῷ
731 2311 943 2378 λέγοντι
975 2314 1123 2364 ποιεῖ
1149 2311 1247 2382 τὴν
1269 2311 1480 2383 ὀδύνην.

403 2396 467 2467 β’.
485 2397 592 2449 Καὶ
602 2395 774 2450 ταῦτα
791 2394 1085 2466 ούχάπλῶς
1102 2395 1441 2467 ἀποδύρομαι
1460 2395 1573 2450 νῦνο
1590 2397 1704 2450 ἀλλ’
1722 2395 1907 2466 ἐπειδὴ

324 2479 515 2533 πολλοὶ
535 2478 595 2531 τὸ
629 2479 792 2550 βάρος
820 2479 927 2531 τῶν
957 2478 1263 2549 εἰρημένων
1285 2479 1384 2533 οὐκ
1410 2479 1742 2547 ἐνεγκόντες,
1772 2478 1911 2550 μετά

320 2562 428 2633 τὴν
465 2560 810 2632 ἀναχώρησιν
841 2560 1227 2631 προσελθόντες
1269 2553 1668 2632 ἐδυσχέραινον,
1703 2562 1909 2632 ἠγανά-

322 2663 513 2708 κτιυν,
545 2644 803 2713 Ἀπάγεις
834 2646 1004 2715 ἡμᾶς,
1026 2644 1410 2715 λέγοντες,τῆς
1434 2646 1584 2715 ἱερᾶς
1604 2646 1906 2717 τραπέζης,

323 2729 425 2782 καὶ
465 2728 566 2797 τῆς
601 2726 886 2789 κοινωνίας
925 2725 1237 2791 ἀποσοϐεῖς.
1290 2728 1389 2780 Διά
1432 2726 1591 2782 τοῦτο
1627 2728 1800 2782 ταῦτα
1840 2730 1908 2798 ἡ·

322 2811 646 2883 ναγκάσθην
680 2813 875 2876 εἰπεῖν,
908 2810 995 2863 ἵνα
1024 2810 1233 2882 μάθητε
1266 2811 1347 2864 ὅτι
1383 2812 1483 2865 οὐκ
1523 2813 1743 2882 ἀπάγω,
1774 2814 1909 2869 ἀλλὰ

325 2896 550 2963 συνάγω
593 2892 791 2964 μᾶλλον
815 2910 830 2924 υ
880 2893 980 2946 οὐκ
1009 2893 1265 2947 ἀποσοϐῶ
1304 2894 1426 2947 οὑδέ
1478 2896 1748 2968 ἀπείργω,
1790 2896 1907 2950 ἀλλ’

328 2976 649 3046 ἐπισπῶμαι
678 2976 765 3031 διὰ
792 2975 901 3030 τῶν
927 2976 1163 3047 ἐλέγχων
1192 2976 1367 3031 πλέον.
1402 2977 1459 3031 Ὀ
1486 2978 1594 3052 γὰρ
1620 2978 1783 3047 φόϐος
1806 2979 1909 3051 τῆς

325 3059 625 3132 εἰρημένης
654 3059 943 3132 τιμωρίας,
974 3060 1224 3133 καθάπερ
1250 3060 1363 3132 πῦρ
1394 3063 1471 3124 εἰς
1509 3063 1711 3134 κηρὸν,
1735 3062 1909 3127 οὕτως

324 3146 413 3207 είς
428 3144 490 3196 τὸ
512 3144 748 3205 συνειδὸς
759 3143 869 3197 τῶν
882 3145 1304 3216 ἁμαρτανόντων
1322 3146 1635 3215 ἐμπίπτων,
1664 3145 1778 3201 λύει
1809 3148 1909 3219 μὲν

325 3228 489 3300 ἡμῶν
517 3228 612 3282 καὶ
650 3228 808 3299 τήκει
833 3226 903 3280 τά
930 3226 1399 3299 πλημμελήματα,
1435 3229 1698 3300 διηνεκῶς
1738 3232 1906 3300 ἐγκα-

325 3311 402 3379 θή
410 3328 590 3380 μενος,
610 3310 855 3383 καθαράν
876 3311 934 3364 δὲ
965 3312 1058 3364 καὶ
1082 3310 1514 3366 ἀποστίλϐουσαν
1543 3314 1910 3386 ἐργαζόμενος

326 3396 430 3467 τὴν
460 3394 718 3457 διάνοιαν,
768 3395 991 3449 πλείονα
1036 3394 1133 3466 τὴν
1172 3395 1486 3467 παρρησίαν
1533 3398 1664 3469 ἡμῖν
1697 3399 1910 3472 ἐντίθη-

327 3490 464 3531 σινι
487 3495 501 3509 ο
535 3478 644 3531 ἀπὸ
678 3478 735 3531 δέ
755 3478 855 3547 τῆς
882 3479 1196 3550 παρρησίας
1228 3480 1321 3532 καὶ
1358 3479 1669 3551 προθυμίας
1707 3482 1909 3538 πλείων

326 3560 530 3630 γένοιτ’
558 3560 624 3614 ἂν
662 3560 796 3632 πρὸς
821 3561 883 3615 τὸ
918 3561 1157 3633 συνεχῶς
1182 3561 1290 3617 τῶν
1315 3560 1643 3635 ἀπορρήτων
1670 3566 1763 3619 καὶ
1786 3583 1910 3637 φρι-

327 3644 481 3698 κτῶν
495 3648 767 3698 κοινωνεῖν
783 3645 1118 3716 μυστηρίων.
1137 3646 1246 3700 Καὶ
1272 3645 1522 3718 καθάπερ
1541 3650 1569 3701 6
1590 3648 1761 3719 πικρὰ
1780 3650 1912 3720 φάρ-

334 3746 490 3799 μακα
510 3730 621 3791 τοῖς
648 3729 955 3792 κακοσίτοις
978 3728 1173 3792 διδοὺς,
1189 3730 1281 3783 καὶ
1304 3731 1427 3793 τοὺς
1457 3733 1726 3804 πονηροὺς
1748 3736 1913 3789 ἐκκα-

330 3810 541 3882 θαίρων
577 3813 804 3883 χυμοὺς,
837 3811 1091 3883 διεγείρει
1122 3812 1222 3883 τὴν
1265 3813 1749 3887 καταϐεϐλημένην
1789 3817 1913 3890 ὁρε-

332 3895 441 3963 ξιν,
472 3894 567 3950 καὶ
592 3896 730 3966 μετά
757 3896 999 3959 πλείονος
1033 3898 1443 3967 παρασκευάζει
1475 3901 1575 3970 τῆς
1602 3900 1911 3972 προθυμίας

330 3979 436 4049 τῆς
460 3978 722 4049 συνήθους
748 3978 1013 4033 ἅπτεσθαι
1035 3980 1271 4051 τροφῆς·
1302 3979 1445 4034 οὕτω
1470 3981 1534 4053 δὴ
1568 3984 1661 4036 καὶ
1683 3985 1713 4037 6
1740 3986 1913 4058 πικρὰ

330 4060 511 4129 λέγων
551 4062 792 4133 ῥήματα,
835 4063 930 4116 καὶ
983 4062 1258 4133 καθαίρων
1283 4063 1411 4127 τοὺς
1451 4066 1723 4137 πονηροὺς
1770 4067 1915 4137 λογι-

332 4144 511 4213 σμοὺς
536 4145 639 4214 τῆς
665 4144 922 4209 διανοίας,
962 4148 1057 4199 καὶ
1091 4145 1154 4199 τὸ
1185 4145 1324 4217 βαρὺ
1362 4146 1471 4201 τῶν
1499 4148 1914 4220 ἁμαρτημάτων

330 4227 845 4298 ἀποσκευαζόμενος
896 4229 1135 4300 φορτίον,
1185 4229 1399 4282 δίδωσιν
1455 4230 1789 4286 ἀναπνεῦσαι
1834 4233 1913 4305 τῷ

332 4309 619 4375 συνειδάτι,
656 4311 751 4364 καὶ
786 4310 923 4381 μετὰ
975 4310 1176 4382 πολλῆς
1219 4311 1319 4381 τῆς
1364 4311 1556 4383 ἡδονῆς
1600 4315 1913 4382 ἀπογεύσα-

332 4389 463 4447 σθαι
498 4393 588 4445 τοῦ
626 4392 875 4464 σώματος
911 4392 1324 4465 παρασκευάζει
1348 4394 1442 4447 τοῦ
1471 4395 1812 4453 δεσποτικοῦ.
1837 4400 1913 4453 Ού

331 4476 517 4530 τοίνυν
545 4477 918 4550 δυσχεραίνειν
951 4479 1092 4550 ὑπὲρ
1136 4480 1246 4536 τῶν
1286 4480 1591 4552 εἰρημένων
1634 4483 1761 4555 χρὴ,
1798 4484 1912 4538 ἀλλ’

333 4558 700 4629 ἀποδέχεσθαι
727 4563 821 4614 καὶ
843 4562 1105 4616 ἐπαινεῖν.

413 4643 474 4694 Εἰ
510 4642 568 4695 δέ
605 4659 750 4707 τινες
786 4643 1174 4714 ἀσθενέστερον
1195 4643 1515 4711 διάκεινται,
1553 4647 1649 4701 κα)⁸
1684 4650 1785 4703 οὐκ
1821 4651 1914 4703 ἀν-

334 4727 553 4796 έχονται
569 4726 771 4799 ταύτης
786 4728 943 4800 ἡμῶν
961 4728 1059 4798 τῆς
1084 4728 1396 4797 ἀπολογίας,
1415 4732 1589 4785 ἐκεῖνο
1613 4732 1680 4787 ἂν
1704 4733 1912 4804 εἴποιμι

332 4812 476 4882 πρὸς
504 4810 700 4874 αὐτοὺς
719 4852 732 4875 ,
765 4812 847 4864 ὅτι
882 4812 998 4865 Οὐκ
1029 4810 1264 4882 ἐμαυτοῦ
1295 4811 1492 4882 νόμους
1526 4814 1654 4884 ύμῖν
1688 4815 1913 4885 ἐξηγοῦ-

335 4909 461 4965 μαι,
497 4893 610 4946 ἀλλ’
659 4895 724 4948 ἐκ
757 4895 864 4948 τῶν
906 4895 1152 4966 οὐρανῶν
1197 4895 1509 4949 καταϐάντα
1554 4898 1914 4967 ἀναγινώσκω

224 5042 237 5051 ἡ
332 4976 661 5047 γράμματαο
685 4978 778 5030 καὶ
801 4977 1013 5049 ἀνάγκη
1038 4978 1128 5031 τὸν
1143 4980 1348 5049 ταύτην
1363 4979 1796 5050 ἐμπιστευθέντα
1816 4982 1914 5053 τὴν

330 5060 630 5125 διακονίαν,
649 5061 681 5132 ἦ
705 5062 881 5117 πάντα
901 5061 1036 5131 μετὰ
1059 5063 1370 5134 παρρησίας
1389 5065 1562 5116 εἰπεῖν
1573 5063 1641 5117 τὰ
1662 5066 1914 5137 ἐγκείμε-

331 5162 424 5207 va,
449 5144 509 5198 τὸ
535 5144 831 5216 συμφέρον,
855 5146 991 5199 ἀλλά
1023 5145 1097 5217 μὴ
1118 5145 1179 5199 τὸ
1203 5146 1299 5215 ἡδὺ
1325 5149 1435 5210 τοῖς
1458 5148 1754 5220 ἀκροαταῖς
1779 5167 1914 5203 παν-

332 5228 504 5298 ταχοῦ
536 5227 833 5300 ζητοῦντα·
873 5229 1035 5301 ἢτὴν
1074 5228 1184 5282 τῶν
1221 5229 1528 5285 ἀκουόντων
1565 5231 1914 5303 ύπειδόμενον

333 5311 657 5383 ἀπέχθειαν,
684 5313 779 5365 καὶ
806 5313 905 5384 τὴν
931 5313 1127 5366 ἑαυτοῦ
1149 5313 1243 5365 καὶ
1275 5311 1372 5382 τὴν
1400 5312 1622 5367 ἐκείνων
1649 5316 1912 5385 προέσθαι

336 5397 635 5467 σωτηρίαν,
666 5395 754 5449 διὰ
776 5397 874 5468 τῆς
908 5396 1138 5467 ἀκαίρου
1168 5395 1372 5466 ταύτης
1401 5398 1771 5469 χάριτος.Ὄτι
1804 5399 1913 5471 γὰρ

332 5482 433 5533 καὶ
465 5480 542 5548 τῷ
563 5477 773 5545 λέγοντι
804 5479 897 5533 καὶ
922 5482 1035 5542 τοῖς
1057 5479 1313 5533 ἀκούουσι
1340 5481 1541 5552 σφόδρα
1575 5482 1912 5536 ἐπικίνδυνον

331 5561 401 5615 τὸ
421 5561 529 5613 τῶν
560 5560 715 5613 θείων
741 5560 1185 5632 ἀποκρύπτεσθαί
1208 5582 1256 5616 τι
1276 5562 1473 5632 νόμων,
1496 5564 1589 5617 καί
1621 5564 1702 5617 ὅτι
1735 5564 1911 5633 φόνων

401 5806 425 5834 ³
452 5804 586 5855 Colb.
617 5803 889 5862 ἐπιτίθησιν.

641 5884 909 5943 vuum.
954 5885 1070 5947 Gn.
1123 5885 1187 5946 L-

1240 368 1379 425 NON
1416 368 1585 425 ESSE
1625 368 1715 424 ΑΙ)
1753 370 2067 427 GRATIAM
2104 372 2664 429 CONCIONANDUM.

3485 367 3593 426 636

2015 487 2304 541 ὑπεύθυνοι
2354 489 2403 541 οί
2447 487 2755 541 διδάσκαλοι
2804 487 3099 557 κρίνονται,
3145 487 3273 541 ὅταν
3308 488 3382 558 μὴ
3415 486 3591 542 πάντα

2012 579 2180 648 χωρὶς
2212 578 2513 649 ὑποστολῆς
2533 578 2837 648 ἐξηγῶνται
2857 578 2952 631 τοῦ
2979 577 3114 632 Θεοῦ
3134 577 3203 631 τὰ
3225 575 3590 648 δικαιώματα,

2011 670 2223 723 Παῦλον
2253 672 2382 741 ύμῖν
2411 671 2617 725 τούτων
2649 671 2811 724 πάλιν
2845 671 3151 743 παρέξομαι
3184 670 3460 742 μάρτυρα.
3494 671 3591 724 Διὰ

2010 761 2118 832 γάρ
2173 761 2332 815 τοῦτο
2370 761 2610 832 συνεχῶς
2656 758 2797 832 ὑπὲρ
2856 761 3109 815 ἀπάντων
3152 760 3245 813 ἐπὶ
3282 758 3380 829 τὴν
3430 758 3593 827 ἁγίαν

2010 854 2228 924 ἐκείνην
2276 855 2609 923 καταφεύγω
2652 854 2850 925 ψυχὴν,
2898 855 2978 907 ὅτι
3008 853 3269 925 χρήσιμοί
3310 853 3456 916 τινές
3485 854 3590 905 εἰσι

2011 947 2104 999 καὶ
2142 946 2277 999 θεῖοι
2298 947 2454 1017 νόμοι
2501 948 2571 1000 τὰ
2598 947 2809 1000 Παύλου
2836 942 3078 1019 ῥήματα.
3105 948 3178 1000 Ού
3226 946 3336 1017 γὰρ
3381 940 3592 1007 Παῦλός

2011 1040 2161 1091 ἐστιν
2190 1039 2218 1091 6
2246 1037 2443 1103 λαλῶν,
2490 1038 2603 1092 ἀλλ’
2640 1041 2667 1093 6
2701 1038 2932 1110 Χριστὸς
2956 1040 2984 1091 6
3022 1037 3122 1109 τὴν
3167 1037 3376 1091 ἐκείνου
3415 1031 3591 1106 ψυχὴν

2010 1128 2208 1182 κινῶν·
2242 1129 2311 1182 δι’
2338 1131 2546 1183 ἐκείνου
2584 1130 2692 1201 γὰρ
2722 1129 3019 1199 φθέγγεται
3050 1128 3246 1191 πάντα,
3280 1122 3421 1199 ἅπερ
3452 1123 3593 1180 ἐκεῖ·

2008 1233 2099 1284 νος
2140 1216 2281 1275 εἷπε.
2318 1223 2383 1274 Τί
2413 1218 2591 1275 τοίνυν
2619 1217 2784 1291 φησὶν
2820 1223 2847 1276 6
2893 1215 3140 1283 Παῦλοςς
3175 1220 3425 1283 Καλέσας
3463 1220 3592 1281 τοὺς

2009 1313 2110 1384 τὴν
2147 1314 2381 1382 Ἔφεσον
2427 1315 2744 1379 οἰκοῦντας,
2792 1315 2886 1366 καὶ
2935 1314 3171 1385 ἐσχάτην
3216 1308 3351 1382 πρὸς
3394 1306 3591 1373 αὖτοὺς

2011 1405 2350 1478 δημηγορίαν
2378 1406 2570 1471 εἰπὼν,
2608 1406 2794 1477 ἐπειδὴ
2836 1402 3021 1459 λοιπξν
3051 1407 3230 1459 αὐτῶν
3258 1400 3589 1459 ἀπίστασθαι

2013 1497 2235 1568 ἤμελλε,
2262 1496 2528 1551 διδάσκων
2562 1499 2687 1559 τοὺς
2715 1498 3080 1568 ἐφεστηκότας
3115 1499 3318 1561 αὐτοῖς,
3346 1498 3427 1550 ὅτι
3460 1494 3590 1550 καθ-

2013 1586 2157 1658 άπερ
2191 1590 2239 1642 οἱ
2282 1588 2345 1641 τὸ
2388 1582 2531 1659 αἷμα
2572 1588 2854 1658 ἐκχέοντες
2891 1588 2999 1642 τῶν
3028 1589 3303 1659 μαθητῶν,
3342 1583 3515 1651 οὕτως
3540 1589 3588 1640 οί

2009 1679 2079 1733 τὰ
2110 1680 2456 1752 συμφέροντα
2481 1679 2632 1752 [661]
2666 1680 2739 1752 μὴ
2766 1680 3013 1749 λέγοντες
3036 1681 3239 1745 αὐτοῖς,
3262 1682 3397 1733 είσ“.ν
3420 1679 3591 1732 ὑπεύ-

2012 1770 2161 1825 θυνοι
2188 1770 2463 1836 κολάσεως
2493 1771 2587 1825 καὶ
2614 1773 2909 1843 τιμωρίας,
2952 1770 3099 1824 οὓτω
3127 1770 3243 1833 πώς
3272 1787 3405 1840 φησι
3424 1785 3438 1800 ο
3473 1772 3590 1847 Και-

2010 1863 2190 1931 θαρός
2222 1865 2340 1933 εἰμι
2367 1864 2483 1934 ἐγὼ
2511 1865 2631 1918 ἀπὸ
2654 1864 2761 1918 τοῦ
2796 1865 3046 1930 αἵματος
3077 1861 3338 1916 πάντων.
3368 1859 3467 1915 Διά
3500 1859 3587 1923 τίς

2013 1957 2095 2008 Οὐ
2125 1954 2234 2026 γὰρ
2282 1955 2739 2024 ὑπεστειλάμην
2781 1955 2888 2009 τοῦ
2927 1954 3014 2024 μὴ
3062 1953 3408 2023 ἀναγγεῖλαι
3449 1949 3592 2020 ὑμῖν

2010 2047 2220 2102 πᾶσαν
2252 2048 2367 2116 τὴν
2396 2042 2645 2114 ,βουλὴν
2676 2047 2781 2101 τοῦ
2820 2046 2967 2101 Θεοῦ
2987 2063 2999 2075 ·
3032 2045 3109 2110 ὡς
3138 2047 3185 2099 εί
3232 2042 3591 2100 ύπεστείλατο

2008 2138 2102 2192 τοῦ
2136 2139 2209 2211 μὴ
2241 2139 2582 2209 ἀναγγεῖλαι.
2617 2141 2716 2193 οὐκ
2742 2136 2809 2210 ἦν
2839 2140 3074 2211 καθαρὸς
3105 2142 3170 2193 ἐκ
3203 2137 3295 2191 τοῦ
3334 2132 3588 2208 αἵματος,

2010 2226 2126 2285 ἀλλ’
2162 2233 2236 2296 ὡς
2269 2233 2594 2303 ἀνδροφόνος
2637 2232 2901 2305 ἐκρίνετο,
2940 2225 3031 2285 καὶ
3070 2231 3213 2304 μάλα
3250 2226 3493 2294 εἰκότως.
3530 2230 3591 2284 Ὀ

2013 2323 2111 2395 μὲν
2143 2324 2252 2396 γὰρ
2298 2322 2621 2396 ἀνδροφόνος
2664 2319 2722 2379 τὸ
2771 2324 2930 2395 σῶμα
2979 2322 3196 2394 ἀναιρεῖ
3228 2319 3421 2393 μόνον,
3464 2322 3493 2375 6
3532 2314 3590 2373 δὲ

2010 2416 2147 2487 πρὸς
2204 2418 2364 2489 χάριν
2410 2417 2762 2489 δημηγορῶν,
2803 2418 2898 2471 καὶ
2964 2415 3367 2488 ῥᾳθυμοτέρως
3420 2402 3589 2466 ποιῶν

2009 2503 2135 2567 τοὺς
2167 2500 2463 2575 ἀκροατὰς,
2503 2504 2601 2575 τὴν
2645 2505 2822 2576 ψυχὴν
2858 2505 3156 2558 ἀπόλλυσιο
3195 2500 3445 2565 κάκεῖνος
3490 2499 3589 2571 μὲν

2008 2584 2087 2662 τῷ
2132 2592 2357 2665 παρόντι
2389 2593 2681 2664 προδίδωσι
2725 2593 2957 2664 θανάτῳ.
2999 2583 3152 2656 οὗτος
3187 2592 3243 2645 δὲ
3280 2591 3378 2663 τὴν
3410 2590 3588 2661 ψυχὴν

2010 2678 2295 2743 ἀπόλλυσι,
2328 2681 2421 2735 καὶ
2454 2682 2592 2753 πρὸς
2621 2681 2719 2745 τὰς
2761 2682 3059 2744 ἀθανάτους
3108 2680 3471 2750 παραπέμπει
3503 2695 3591 2731 κο-

2009 2767 2196 2834 λάσεις
2224 2772 2317 2824 καὶ
2347 2772 2641 2843 τιμωρίας.
2677 2768 2824 2843 ’Ἄρα
2852 2766 2947 2825 οὖν
2993 2770 3204 2833 Παῦλος
3238 2769 3398 2839 μόνος
3433 2767 3590 2821 τοῦτό

2011 2875 2208 2929 φησινς
2260 2858 2558 2929 Οὐδαμῶς,
2609 2859 2745 2913 ἀλλά
2797 2859 2891 2914 καὶ
2939 2858 3043 2930 πρὸ
3088 2858 3302 2912 Παύλου
3354 2856 3516 2910 πάλιν
3561 2857 3591 2907 6

2009 2944 2144 3010 Θεὸς
2183 2945 2275 3001 διὰ
2333 2947 2429 3001 τοῦ
2474 2948 2755 3020 προφήτου
2800 2946 2860 3000 τὸ
2898 2945 3030 3000 αὐτὸ
3082 2945 3239 2998 τοῦτο
3297 2944 3592 2999 αἰνίττεται

2009 3032 2153 3088 οὕτω
2183 3033 2358 3103 λέγων
2380 3052 2394 3066 ⁸
2427 3036 2670 3090 Σκοπὸν
2701 3034 2931 3089 δέδωκά
2949 3050 3026 3088 σε
3054 3033 3134 3098 τῷ
3157 3033 3300 3096 οῑκφ
3328 3031 3586 3099 Ἰσραήλ.

2010 3123 2077 3176 Τί
2113 3125 2231 3177 ἐστι
2255 3165 2268 3184 ,
2310 3126 2590 3190 Σκοκόνς
2622 3124 2832 3185 Σκοπὸς
2877 3123 3096 3191 λέγεται
3140 3124 3172 3176 6
3202 3122 3311 3176 τῶν
3360 3137 3591 3191 στρατο-

2010 3211 2188 3266 πέδων
2221 3213 2372 3267 κάτω
2416 3213 2740 3284 καθημένων
2775 3212 2979 3282 ὑψηλὸν
3026 3212 3119 3265 καὶ
3164 3209 3438 3279 γεώλοφον
3486 3223 3593 3279 χω-

2012 3301 2127 3370 ρίον
2156 3301 2480 3356 καταλαϐὼν
2530 3302 2785 3356 κάκεῖθεν
2830 3300 3084 3364 ἐπιόντας
3126 3300 3251 3362 τοὺς
3302 3295 3591 3367 πολεμίους

2013 3388 2319 3451 σκοπεύων,
2364 3391 2605 3453 καὶτοῖς
2650 3388 2801 3442 κάτω
2852 3386 3192 3457 καθημένοις
3225 3383 3443 3454 μηνύων
3491 3382 3591 3453 τὴν

2011 3475 2219 3547 ἔφοδον,
2253 3476 2346 3530 καὶ
2370 3476 2654 3549 διεγείρων
2678 3475 2812 3547 πρὸς
2834 3475 2933 3545 τὴν
2956 3472 3048 3526 τοῦ
3073 3472 3311 3543 πολέμου
3341 3469 3586 3543 παράτασ

2011 3566 2116 3632 ξιν,
2147 3564 2287 3618 ὥστε
2324 3565 2397 3637 μὴ
2427 3564 2756 3635 ἀφυλάκτοις
2795 3559 3175 3625 ἐπιπεσόντας,
3212 3559 3349 3632 μετὰ
3390 3558 3591 3629 πολλῆς

2010 3652 2445 3724 διαχειρίσασθαι
2486 3653 2583 3724 τῆς
2617 3650 2885 3716 εὐκολίας.
2941 3651 3095 3704 Ἐπεὶ
3130 3642 3223 3703 οῦν
3267 3646 3436 3702 πολλά
3480 3646 3591 3701 τῶν

2012 3741 2275 3795 ἐπιόντων
2318 3739 2508 3794 δεινῶν
2544 3741 2640 3811 οὐχ
2689 3740 2905 3811 ὁρῶμεν
2939 3740 3099 3809 ἡμεῖς
3140 3738 3190 3791 οί
3241 3735 3414 3808 χαμαὶ
3448 3732 3593 3806 βαδί-

2014 3828 2218 3893 ζοντες,
2254 3829 2603 3900 ᾠκονόμησεν
2651 3829 2685 3899 ἡ
2728 3827 2823 3881 τοῦ
2866 3827 3000 3880 Θεοῦ
3047 3827 3225 3899 χάρις,
3275 3823 3461 3894 ὥσπερ
3504 3823 3592 3892 ἐφ’

2014 3917 2221 3988 ὑψηλοῦ
2265 3917 2470 3989 χωρίου
2499 3918 2597 3987 τῆς
2636 3914 2975 3989 προφητείας
3008 3916 3134 3976 τοὺς
3163 3914 3350 3984 ἁγίους
3381 3914 3583 3985 προφή-

2012 4022 2111 4070 τας
2154 4005 2392 4069 ἑστῶτας
2415 4049 2429 4069 ,
2469 4004 2766 4075 μέλλουσαν
2804 4003 2898 4057 τοῦ
2946 4002 3082 4057 Θεοῦ
3121 4002 3218 4073 τὴν
3250 3998 3419 4076 ὀργὴν
3456 3998 3589 4073 ἡμῖν

2014 4093 2227 4148 ἐπιέναι
2258 4093 2542 4166 πόρρωθεν
2566 4090 2923 4164 προμηνύειν,
2955 4088 3043 4144 ἴνα
3072 4086 3159 4144 διὰ
3180 4083 3277 4162 τῆς
3302 4089 3588 4161 μετανοίας

2015 4180 2240 4244 ἑαυτοὺς
2272 4179 2746 4251 ἀνακτησάμενοι,
2781 4177 2873 4232 καὶ
2910 4176 3262 4232 πεπτωκυῖαν
3298 4179 3455 4249 ήμῶν
3492 4174 3589 4249 τὴν

2013 4266 2192 4339 ψυχὴν
2238 4263 2648 4336 ἀνορθώσαντες
2668 4305 2684 4331 ,
2717 4265 2817 4334 τὴν
2845 4262 3104 4335 θεήλατον
3142 4263 3423 4337 πόρρωθεν
3450 4263 3590 4316 ἀπο-

2015 4354 2377 4429 κρουσώμεθα
2418 4354 2653 4427 πληγήν.
2688 4353 2786 4408 Διά
2819 4353 2978 4407 τοῦτό
3013 4370 3179 4423 φησί⁶
3225 4351 3467 4408 Σκοπὸν
3494 4351 3590 4406 δέο

2013 4442 2175 4499 δωκά
2207 4460 2282 4499 σε
2312 4443 2389 4509 τῷ
2417 4444 2559 4508 οἴκῳ
2600 4441 2845 4512 Ἰσραήλ
2869 4460 2881 4473 ·
2917 4442 3001 4495 ἵνα
3045 4442 3339 4512 μέλλουσαν
3375 4440 3588 4493 ἐπιέναι

2013 4532 2112 4605 τὴν
2147 4531 2433 4602 συμφορὰν
2481 4529 2868 4603 προμηνύσῃς,
2914 4527 3166 4599 καθάπερ
3211 4529 3417 4590 ἐκεῖνος
3464 4529 3588 4589 τοὺς

2015 4620 2329 4689 πολεμίους.
2365 4617 2475 4673 Καὶ
2500 4608 2771 4687 τιμωρίαν
2800 4610 2857 4669 δέ
2890 4617 2952 4669 ού
2988 4616 3193 4687 μικρὰν
3214 4615 3489 4683 ἐπιτίθησι
3514 4615 3590 4683 τῷ

2019 4706 2095 4778 μὴ
2132 4706 2451 4776 προλέγοντι
2491 4705 2585 4757 τοῦ
2619 4703 2754 4757 Θεοῦ
2792 4703 2892 4774 τὴν
2923 4704 3113 4774 ὀργήν.
3152 4702 3320 4756 Ποίαν
3352 4701 3416 4773 δὴ
3457 4704 3590 4756 ταύ-

2013 4811 2144 4866 την;
2178 4793 2288 4857 Τὰς
2328 4792 2506 4863 ψυχάς
2545 4791 2654 4846 τῶν
2698 4785 3107 4861 ἀπολλυμένων,
3156 4790 3341 4860 φησὶν,
3388 4793 3452 4845 ἐκ
3488 4791 3590 4862 τῆς

2014 4880 2194 4953 χειρός
2225 4897 2319 4935 σου
2352 4874 2658 4950 ἐκζητήσω.
2687 4878 2783 4943 Τίς
2823 4874 2917 4931 οὖν
2953 4877 3126 4942 οὕτως
3167 4875 3318 4948 ὠμὸς
3350 4878 3443 4932 διαὶ
3480 4879 3590 4933 ἀπ-

2014 4970 2298 5040 άνθρωπος
2340 4968 2436 5021 καὶ
2474 4965 2838 5038 ἀσυμπαθὴς,
2877 4965 2953 5028 ὡς
2982 4964 3237 5032 ἐγκαλεῖν
3268 4964 3347 5036 τῷ
3378 4964 3587 5034 λέγοντι

2015 5057 2111 5111 καὶ
2141 5057 2269 5128 περὶ
2292 5058 2392 5125 τῆς
2419 5054 2513 5108 τοῦ
2550 5054 2688 5109 Θεοῦ
2720 5052 3087 5123 διαλεγομένῳ
3127 5053 3367 5125 συνεχῶς
3395 5054 3587 5125 ὀργῆς,

2012 5144 2282 5211 τοσαύτην
2304 5142 2524 5197 κόλασιν
2546 5140 2877 5211 ὑφίστασθαι
2907 5140 3178 5213 μέλλοντι,
3196 5143 3246 5195 εί
3276 5142 3585 5213 σιγήσειεν;

2015 5231 2139 5284 Ὅτι
2195 5230 2293 5301 μέν
2337 5225 2430 5283 οὖν
2480 5231 2612 5299 ἡμῖν
2667 5228 2730 5281 οὐ
2782 5229 3054 5302 συμφέρει
3096 5232 3210 5293 τοῖς
3256 5230 3474 5299 λέγουσι
3520 5227 3588 5282 τά

2011 5318 2236 5372 τοιαῦτα
2270 5318 2446 5388 σιγᾷν,
2470 5315 2671 5380 ίκανῶς
2698 5317 2792 5370 καὶ
2813 5318 2842 5369 6
2869 5319 3156 5388 προφήτης
3181 5318 3274 5371 καὶ
3298 5318 3325 5368 6
3351 5316 3585 5369 ἀπόστο-

2011 5408 2102 5471 λος
2124 5409 2271 5479 ἡμᾶς
2301 5406 2642 5460 ἐπαίδευσεν·
2670 5407 2752 5460 ὄτι
2776 5407 2833 5459 δὲ
2861 5408 2984 5461 ούδέ
3013 5409 3142 5478 ὑμῖν
3167 5406 3277 5469 τοίς
3303 5400 3583 5469 ἀκούουσι,

2011 5495 2168 5566 δῆλον
2202 5493 2431 5548 ἐκεῖθεν.
2464 5495 2525 5547 Εἰ
2559 5493 2656 5564 μὲν
2685 5494 2794 5566 γὰρ
2827 5493 2938 5562 ἐγὼ
2973 5495 3199 5563 σιγήσας
3235 5492 3587 5563 ἀπέκρυπτον

2010 5587 2077 5654 τῇ
2113 5585 2240 5654 σιγῇ
2279 5582 2349 5636 τὰ
2384 5583 2779 5653 ἁμαρτήματα,
2827 5581 3008 5645 καλῶς
3036 5580 3419 5654 ἐδυσχέραινεν
3451 5579 3585 5635 lxa-

2012 5687 2139 5734 στος
2176 5669 2270 5723 καὶ
2302 5669 2598 5740 ἠγανάκτει
2622 5668 2878 5732 δικαίως,
2915 5667 2989 5738 μὴ
3024 5667 3285 5735 σιγῶντος
3324 5664 3459 5737 ἐμοῦ
3483 5681 3495 5695 ·
3534 5663 3597 5717 εί

2009 5756 2067 5810 δὲ
2121 5756 2215 5809 καὶ
2267 5757 2426 5826 ἡμῶν
2470 5754 2747 5823 σιγώντων
2787 5754 2901 5819 νῦν,
2948 5754 3158 5824 ἀνάγκη
3210 5753 3425 5816 πάντως
3468 5749 3586 5805 ἐκεί

3196 5902 3270 5968 16
