4104 6446
619 362 723 417 (i337

620 479 855 548 φανῆναι
905 478 973 534 τά
1012 479 1458 553 πλημμελήματα
1482 521 1496 545 ,
1533 482 1586 535 τί
1630 483 1688 536 τὸ
1730 472 1920 552 ὄφελος
1951 484 2059 538 ἀπὸ
2096 485 2193 555 τῆς

621 565 780 635 σιγῆς
817 563 1013 633 γένοιτ’
1041 564 1137 632 ἀν;
1179 564 1315 617 Ἀλλ’
1359 565 1551 633 ὄφελος
1595 567 1693 636 μὲν
1722 567 1894 632 οὐδὲν,
1926 567 2097 639 βλάϐη
2136 570 2192 623 δὲ

620 648 845 720 ἐσχάτη.
877 649 974 701 Ἂν
1016 647 1114 718 μὲν
1154 648 1264 719 γάρ
1299 646 1440 701 εἴπω
1481 648 1596 716 νῦν,
1632 650 1713 712 είς
1752 649 2040 720 μετάνοιαν
2076 651 2195 719 ἄγω

622 733 715 786 καὶ
743 731 1031 796 κατάνυξιν
1068 732 1307 793 διανοίας
1329 748 1342 760 ·
1381 730 1447 785 ἂν
1485 731 1542 784 δὲ
1575 736 1807 803 σιγήσω,
1842 734 1935 788 νῦν
1966 737 2063 805 μὲν
2096 736 2196 788 οὐκ

619 815 1047 886 ἀναμνησόμεθα
1095 815 1203 868 τῶν
1252 814 1804 887 πεπλημμελημένων
1859 820 2010 889 ἡμῖν,
2069 820 2191 873 οὐδὲ

624 902 1068 972 μετανοήσομεν·
1114 901 1231 953 ἐκεῖ
1271 900 1327 953 δὲ
1367 899 1509 953 αύτά
1539 899 1781 970 ὀψόμεθα
1816 903 1922 972 πρὸ
1960 902 2069 955 τῶν
2132 903 2188 954 ὀο

620 984 882 1055 φθαλμῶν
914 981 1096 1054 γυμνὰ
1118 983 1211 1036 καὶ
1231 983 1718 1054 τετραχηλισμένα,
1741 985 1835 1037 καὶ
1851 984 2193 1056 θρηνήσομεν

619 1069 743 1140 είκῆ
778 1069 870 1121 καὶ
902 1067 1099 1139 μάτην.

687 1174 755 1245 γ’.
797 1176 945 1229 Ἐπεὶ
960 1170 1053 1229 οὖν
1073 1174 1286 1245 ἀνάγκη
1313 1174 1548 1238 πάντως,
1575 1174 1764 1247 ῆὲκεῖ,
1787 1177 1819 1247 ἢ
1844 1173 2077 1229 ἐνταῦθα
2093 1191 2195 1228 κα-

616 1259 916 1329 τανυγῆναι
951 1259 1044 1312 ἐπὶ
1081 1260 1193 1323 τοῖς
1243 1260 1641 1330 ἁμαρτήμασι,
1689 1257 1897 1328 βέλτιον
1940 1257 2193 1324 ἐνταῦθα,

617 1345 711 1397 καὶ
740 1343 814 1415 μὴ
845 1344 979 1397 ἐκεῖ.
1007 1341 1178 1396 Πόθεν
1210 1341 1369 1396 τοῦτο
1392 1341 1586 1412 δῆλονς
1626 1340 1758 1394 Ἀπὸ
1786 1340 1895 1394 τῶν
1926 1358 2195 1412 προφητι-

618 1428 730 1483 κῶν
769 1429 1063 1499 ῥημάτων,
1092 1427 1199 1480 ἀπὸ
1239 1426 1348 1480 τῶν
1381 1424 1773 1494 εύαγγελικῶν.
1807 1423 1957 1497 [662]
2006 1426 2066 1479 Ὀ
2098 1427 2195 1496 μὲν

617 1511 726 1583 γὰρ
771 1512 1061 1583 προφήτης
1090 1510 1278 1581 φησὶν,
1320 1510 1416 1564 Ἐν
1444 1509 1523 1575 τῷ
1556 1509 1670 1577 ᾅδῃ
1712 1510 1803 1575 τίς
1832 1508 2197 1579 ἐξομολογή-

617 1595 794 1649 σεται
836 1609 972 1659 σοις
1014 1594 1116 1665 οὐχ
1159 1594 1242 1646 ὅτι
1271 1594 1373 1648 ούκ
1415 1591 1920 1663 ἐξομολογούμεθα,
1959 1592 2075 1646 ἀλλ’
2114 1594 2196 1647 ὅτι

619 1678 741 1747 είκῆ
763 1676 925 1731 τοῦτο
944 1676 1227 1747 ποιοῦμεν.
1244 1676 1302 1730 '0
1328 1676 1384 1729 δὲ
1400 1676 1634 1748 Χριστὸς
1651 1676 1744 1730 καὶ
1770 1674 1857 1729 διὰ
1875 1676 2191 1747 παραϐολῆς

617 1761 752 1815 αὐτὸ
786 1760 945 1814 τοῦτο
971 1759 1277 1813 ἐπαίδευσε.
1310 1759 1562 1831 Λάζαρος
1593 1759 1702 1829 γάρ
1734 1774 1819 1823 τις
1850 1754 1917 1830 ἦν
1955 1760 2189 1829 πτωχὸς,

620 1832 808 1917 φησὶν,
849 1843 1166 1915 ήλκωμένος
1214 1843 1503 1906 πάντοθεν,
1548 1842 1703 1896 νόσον
1754 1843 1975 1897 ἀνίατον
2018 1842 2157 1914 ἔχων
2179 1859 2193 1875 ·

619 1928 807 1999 ἕτερος
844 1926 901 1979 δέ
929 1943 1013 1991 τις
1044 1925 1299 1989 πλούσιος
1334 1926 1444 1979 τῶν
1481 1925 1679 1997 ψιχίων
1721 1927 1782 1979 οὐ
1815 1925 2089 1997 μετεδίδου
2121 1925 2199 1996 τῷ

622 2005 979 2082 πένητι.’Καὶ
1011 2008 1063 2063 τί
1095 2008 1175 2062 δεῖ
1203 2010 1382 2063 πᾶσαν
1420 2008 1670 2062 ἐπελθεῖν
1702 2008 1801 2079 τὴν
1844 2008 2160 2081 παραϐολήν
2179 2028 2197 2081 ;η

624 2094 735 2149 ἴστε
776 2095 884 2166 γὰρ
925 2094 1023 2166 τὴν
1068 2094 1305 2166 ἱστορίαν
1348 2093 1587 2159 ἅπασαν,
1636 2093 1734 2165 τὴν
1791 2093 2054 2164 ὠμότητα
2101 2093 2196 2147 τού

623 2178 898 2241 πλουσίου,
935 2177 1052 2242 πῶς
1084 2178 1143 2231 ού
1180 2176 1454 2249 μετεδίδου
1480 2176 1583 2247 τῆς
1607 2176 1891 2248 τραπέζης
1929 2175 2006 2246 τῷ
2052 2192 2200 2230 πτω-

621 2260 719 2331 χῷ,
746 2260 842 2332 τὴν
876 2262 1067 2315 πενίαν
1098 2262 1197 2334 τὴν
1223 2261 1433 2315 ἐκείνου
1463 2261 1558 2312 καὶ
1589 2259 1680 2313 τὸν
1709 2258 1887 2329 λιμὸν,
2028 2276 2199 2331 προσ-

623 2344 849 2401 επάλαιε
891 2344 1175 2416 διηνεκῶς.
1219 2344 1359 2397 Ἀλλ’
1407 2342 1643 2398 ἐνταῦθα
1681 2342 1875 2397 ταῦτα·
1918 2342 2106 2416 ἐπειδὴ
2141 2342 2199 2395 δὲ

620 2428 972 2500 ἐτελεύτησεν
999 2429 1251 2495 ἕκαστος,
1279 2430 1382 2501 ὁρᾷ
1401 2430 1493 2482 τὸν
1525 2428 1742 2498 πτωχὸν
1770 2428 1977 2480 ἐκεῖνον
2007 2429 2064 2480 έν
2086 2429 2200 2491 τοῖς

620 2513 840 2576 κόλποις
861 2513 954 2566 τοῦ
987 2512 1253 2584 Ἁϐραάμ.
1279 2515 1389 2565 Καὶ
1409 2512 1461 2565 τί
1487 2526 1648 2583 φησι·
1686 2509 1879 2578 Πάτερ
1925 2506 2197 2581 Ἀϐραὰμ,

617 2598 988 2651 ἀπόστειλον
1027 2597 1247 2661 αὐτὸν,
1298 2597 1398 2649 ἵνα
1452 2593 1749 2662 ὲπιστάξῃ
1797 2592 1878 2659 τῷ
1924 2592 2201 2659 δακτύλῳ

621 2682 780 2749 ἄκρῳ
805 2681 882 2751 τῇ
905 2681 1134 2752 γλώττῃ
1165 2698 1305 2751 μου,
1342 2683 1442 2734 ἵνα
1476 2681 1909 2749 ἀναπαύσωμαι
1939 2678 2048 2746 τῆς
2073 2678 2202 2732 ὀδύ-

558 2816 561 2819 η
622 2783 754 2833 νης.
784 2761 937 2829 Εἶδες
976 2766 1274 2829 ἀντίδοσιν;
1298 2765 1359 2816 οὐ
1397 2763 1701 2834 μετέδωκεν
1726 2761 1875 2833 αὐτῷ
1902 2761 2200 2833 ψιχίων,ού

626 2848 1034 2919 μεταλαμϐάνει
1059 2848 1320 2917 σταγόνος
1354 2842 1647 2917 ὓδατοςῖῼ
1668 2845 1781 2916 γὰρ
1803 2847 2017 2915 μέτρῳ,
2044 2846 2198 2917 φησὶ,

619 2931 883 3001 μετρεῖτε
904 2971 917 2997 ,
954 2931 1391 3001 μετρηθήσεται
1435 2929 1596 2999 ὑμῖν.
1633 2931 1699 2983 Τί
1727 2926 1821 2984 οὖν
1857 2932 1886 2983 ὁ
1914 2929 2198 3001 Ἀϐραάμς

629 3013 870 3079 Τέκνον,
918 3013 1217 3080 ἀπέλαϐες
1253 3013 1327 3067 τὰ
1372 3011 1567 3082 ἀγαθά
1609 3027 1747 3078 σου,
1790 3012 1889 3066 καὶ
1940 3011 2203 3080 Λάζαρος

623 3097 697 3152 τὰ
718 3098 874 3153 κακά
894 3117 906 3131 ·
930 3098 1030 3153 καὶ
1060 3098 1175 3152 νῦν
1209 3093 1388 3163 οὗτος
1414 3096 1533 3166 μὲν
1556 3097 1814 3151 ἐνταῦθα
1845 3109 1953 3164 παρ
1966 3098 2203 3150 ακαλεῖ-

623 3198 736 3245 ται,
771 3182 853 3236 σὺ
885 3181 953 3235 δὲ
979 3180 1294 3237 ὀδυνᾶσαι.
1336 3180 1495 3233 ⁹Αλλά
1521 3180 1580 3233 τὸ
1616 3179 1968 3251 ζητούμενον,
1995 3179 2076 3232 ὅτι
2104 3196 2203 3233 κα-

564 3301 566 3305 ν
623 3267 982 3321 τανύσσονται
1036 3266 1138 3339 μὲν
1184 3266 1278 3321 ἐπὶ
1320 3269 1432 3330 τοῖς
1480 3266 1845 3337 ἁμαρτήμασι
1902 3265 1998 3318 καὶ
2043 3282 2204 3335 μετα·

625 3350 912 3404 ϐάλλονται
944 3350 1039 3404 καὶ
1081 3348 1326 3422 βελτίους
1355 3351 1595 3419 γίνονται
1646 3350 1755 3402 ἀπὸ
1806 3349 1903 3419 τῆς
1941 3348 2202 3418 γεέννης,

623 3435 775 3488 οὐδὲν
806 3434 864 3488 δὲ
907 3432 1287 3505 κερδαίνουσιν
1335 3435 1417 3497 είς
1459 3431 1813 3504 παραμυθίαν
1843 3432 1943 3502 τῆς
1969 3431 2166 3501 φλογός
2185 3448 2199 3462 ·

624 3518 816 3588 Πάτερ
843 3517 973 3590 γὰρ,
1002 3518 1369 3573 ἀπόστειλον
1404 3518 1594 3572 αὐτὸν
1625 3519 1710 3583 είς
1738 3516 1844 3569 τὸν
1866 3512 2039 3572 οἶκόν
2059 3532 2198 3586 μου,

625 3603 824 3672 φησὶν,
868 3603 970 3655 ἵνα
1013 3601 1139 3667 τοῖς
1182 3600 1509 3671 συγγενέσι
1556 3618 1677 3671 μου
1718 3599 2200 3670 διαμαρτύρηται,

625 3687 726 3741 καὶ
752 3686 839 3756 μὴ
867 3687 1128 3740 ἔλθωσιν
1151 3687 1237 3751 εις
1266 3685 1373 3737 τὸν
1400 3686 1586 3739 τόπον
1610 3683 1846 3739 τοῦτον.
1871 3684 2041 3747 Αὐτὸς
2068 3684 2205 3737 ἀπο-

626 3768 805 3839 τυχὼν
837 3768 935 3839 τῆς
966 3767 1317 3839 εὐεργεσίας,
1350 3767 1559 3837 ἑτέροις
1600 3766 1850 3838 προξενεῖ
1883 3767 1981 3838 τὴν
2021 3783 2199 3838 σωτη-

629 3854 752 3926 ρίαν
786 3852 995 3907 λοιπόν.
1043 3849 1196 3916 Εἶδες
1228 3850 1359 3915 ,πῶς
1393 3851 1544 3923 ὠμὸς
1572 3847 1641 3923 ἦν
1685 3852 1791 3923 πρὸ
1830 3851 2045 3917 τούτου,
2086 3849 2203 3912 πῶς

630 3939 1017 4009 φιλάνθρωπος
1053 3938 1270 4008 ἐγένετο
1302 3938 1440 4009 μετά
1464 3938 1674 4005 ταῦτα;
1718 3938 1831 4010 Πρὸ
1864 3938 1972 3993 τῶν
2007 3937 2205 4008 ὀφθαλ-

637 4024 753 4094 μῶν
794 4023 1047 4094 κείμενον
1084 4022 1387 4094 παρέτρεχε
1417 4022 1507 4076 τὸν
1540 4021 1790 4091 Λάζαρον
1830 4021 1958 4089 ζῶν,
1993 4021 2113 4075 νυνὶ
2147 4021 2204 4074 δὲ

633 4109 728 4162 καὶ
751 4107 1001 4162 ἀπόντων
1030 4106 1305 4179 φροντίζει
1332 4106 1439 4161 τῶν
1476 4108 1754 4176 συγγενῶν
1772 4123 1785 4136 ·
1818 4108 1909 4161 καὶ
1939 4106 2064 4160 τότε
2107 4107 2205 4177 μὲν

631 4193 691 4245 ὲν
722 4191 1009 4262 περιουσίᾳ
1032 4189 1126 4253 ῶν,
1145 4190 1282 4261 πρὸς
1303 4188 1400 4261 τὴν
1426 4189 1666 4261 ἐλεεινὴν
1686 4191 1787 4244 οὐκ
1819 4189 2207 4260 ὲπεκάμπτετο

631 4272 726 4328 τοῦ
756 4272 974 4345 πτωχοῦ
997 4274 1143 4339 θέαν,
1164 4273 1282 4327 νυνὶ
1311 4273 1368 4327 δὲ
1397 4275 1455 4325 ὲν
1479 4273 1692 4338 ὀδύναις
1719 4275 1812 4326 καὶ¹
1840 4274 2108 4341 ἀνάγκαις
2131 4271 2207 4326 ῶν

631 4360 1049 4429 ἀπαραιτήτοις,
1081 4357 1304 4427 κήδεται
1335 4354 1446 4408 τῶν
1486 4355 1635 4427 αὐτῷ
1672 4356 2080 4427 προσηκόντων,
2115 4357 2207 4410 καὶ

630 4441 770 4507 ἀξιοῖ
816 4440 1131 4511 πεμφθῆναι
1174 4440 1266 4492 τὸν
1308 4438 1483 4493 ταῦτα
1539 4439 1954 4509 ἀπαγγελοῦντα
2002 4440 2202 4502 αὐτοῖς.

642 4528 805 4598 Ὁρᾷς
858 4524 976 4589 πῶς
1023 4523 1406 4595 φιλάνθρωπος
1451 4522 1645 4593 γέγονε
1714 4524 1807 4576 καὶ
1856 4524 2064 4595 ἥμερος
2112 4524 2207 4577 καὶ

634 4627 696 4663 συ
706 4608 1048 4681 μπαθητικός
1069 4626 1082 4676 ;

703 4715 768 4767 Τί
814 4710 945 4782 οὖνς
994 4713 1250 4769 ἀπώνατό
1282 4731 1332 4767 τι
1377 4712 1479 4783 τῆς
1535 4713 1855 4785 μετανοίας;
1905 4711 2119 4782 ἐγένετό
2155 4731 2207 4766 τι

634 4800 824 4870 κέρδος
852 4799 1002 4870 αὐτῷ
1042 4799 1151 4853 ἀπὸ
1187 4800 1285 4870 τῆς
1314 4799 1695 4865 κατανύξεως;
1732 4798 2027 4870 Οὐδαμῶς·
2057 4799 2211 4853 ἄκαι-

639 4899 729 4954 ρος
758 4882 864 4953 γὰρ
892 4885 925 4953 ή
957 4883 1234 4953 μετάνοια.
1275 4882 1470 4953 Ἐλύθη
1505 4882 1565 4935 τὸ
1598 4882 1849 4951 θέατρον,
1892 4882 2101 4952 ἀπῆλθε
2142 4883 2210 4936 τά

637 4965 962 5037 σκάμματα,
1009 4968 1110 5021 οὐκ
1156 4968 1238 5021 ἔτι
1284 4968 1475 5038 καιρὸς
1518 4966 1626 5018 τῶν
1671 4965 2064 5035 παλαισμάτων
2105 4961 2206 5036 ἦν·

634 5052 721 5106 διὰ
752 5050 912 5105 τοῦτο
940 5052 1264 5121 παρακαλῶ,
1293 5052 1391 5104 καὶ
1423 5049 1611 5120 δέομαι
1663 5049 1755 5103 καὶ
1800 5048 2085 5113 ἀντιϐολῶ,
2127 5053 2212 5103 ὲν-

635 5134 813 5190 ταῦθα
849 5133 1137 5205 ὀδύρεσθαι
1177 5134 1283 5207 χρὴ
1315 5136 1408 5189 καὶ
1446 5130 1665 5205 θρηνεῖν
1701 5134 1792 5185 ἐπὶ
1820 5135 1933 5195 τοῖς
1961 5135 2211 5204 ἁμαρτή-

638 5239 793 5294 μασι.
843 5219 1098 5274 Λυπείτω
1124 5221 1274 5290 ἡμᾶς
1311 5219 1545 5273 ἐνταῦθα
1593 5218 1662 5271 τὰ
1706 5219 1956 5288 ῥήματα,
2001 5219 2095 5269 καὶ
2136 5219 2211 5289 μὴ

636 5307 871 5376 φοϐείτω
910 5305 1029 5359 ἐκεῖ
1060 5305 1127 5359 τά
1162 5305 1496 5375 πράγματα·
1547 5305 1785 5358 δακνέτω
1813 5306 1845 5373 ἡ
1857 5304 1963 5373 μᾶς
1995 5303 2023 5354 6
2055 5302 2213 5370 λόγος

636 5389 889 5455 ἐνταῦθα,
924 5388 1018 5443 καὶ
1055 5388 1131 5460 μὴ
1168 5388 1412 5442 δακνέτω
1444 5389 1587 5459 ἡμᾶς
1614 5390 1731 5440 ἐκεῖ
1768 5385 1984 5455 σκώληξ
2006 5389 2033 5440 6
2070 5387 2211 5439 ἰοϐό-

637 5474 763 5537 λος·
800 5475 1002 5528 καιέτω
1042 5474 1189 5546 ἡμᾶς
1246 5470 1484 5526 ἐνταῦθα
1528 5473 1560 5541 ἡ
1607 5471 1957 5542 ἐπιτίμησις,
2000 5472 2095 5524 καὶ
2138 5471 2212 5542 μὴ

640 5559 844 5611 καιέτω
872 5561 988 5627 ἐκεῖ
1018 5561 1050 5629 ἡ
1078 5559 1270 5628 γέεννα
1299 5556 1394 5612 τοῦ
1426 5558 1614 5628 πυρός.
1650 5558 1789 5620 Τοὺς
1816 5555 2048 5610 ἐνταῦθα
2083 5556 2213 5627 θρη·

639 5642 866 5703 νοῦντας
894 5644 1185 5698 ἀκόλουθον
1210 5646 1326 5697 ἐκεῖ
1356 5641 1771 5713 παρακληθῆναι
1791 5659 1804 5672 ’
1823 5642 1948 5704 τοὺς
1981 5640 2213 5694 ἐνταῦθα

640 5726 963 5799 τρυφῶντας
1005 5730 1100 5782 καὶ
1147 5729 1423 5799 γελῶντας
1467 5729 1560 5781 καὶ
1604 5729 1922 5798 ἀναλγήτως
1971 5728 2099 5797 περὶ
2144 5727 2215 5780 τὰ

643 5811 1015 5883 ἁμαρτήματα
1048 5814 1426 5882 διακειμένους
1456 5811 1668 5882 ἀνάγκη
1706 5813 1854 5863 πᾶσα
1882 5812 1998 5863 ἐκεῖ
2022 5809 2213 5882 θρηνῆο

1352 366 1410 420 S.
1450 364 1733 421 JOANNIS
1771 366 2250 426 (LURYSOSTOMI
2291 371 2607 436 ARCHIEP.
2651 383 3190 445 (ZONSTANI‘INOP.

3769 400 3853 459 6:38

2304 505 2393 541 σαι
2440 494 2534 547 καὶ
2572 495 2880 569 ὀδύρεσθαι,
2931 505 3023 558 καὶ
3067 506 3259 577 βρῦξαι
3293 511 3423 575 τοὺς
3482 511 3716 581 ὀδόντας.
3756 520 3853 579 Ούκ

2300 586 2431 656 ἐμὸς
2455 581 2610 656 οὗτος
2643 594 2671 645 6
2701 592 2887 663 λόγος,
2922 597 3037 650 ἀλλ’
3079 599 3246 655 αὐτοῦ
3282 601 3380 656 τοῦ
3413 604 3540 658 τότε
3568 607 3853 679 δικάζοντος

2295 683 2463 753 ἡμῖν·
2498 686 2786 755 Μακάριοι
2815 692 2954 761 γὰρ,
2996 693 3197 762 φησὶν,
3239 700 3293 751 οι
3336 699 3740 773 πενθοῦντες,
3779 706 3852 763 ὅτι

2296 776 2464 829 αὐτοὶ
2492 783 3066 853 παρακληθήσονται
3085 803 3100 819 ο
3130 789 3273 843 Οὐαὶ
3302 791 3470 860 ὑμῖν,
3487 795 3544 847 οι
3568 795 3850 868 γελῶντες,

2296 868 2388 922 ὅτι
2425 873 2743 928 κλαύσετε.
2788 877 2947 947 Πόσῳ
2968 879 3149 932 τοίνυν
3178 878 3328 953 [665i
3364 881 3582 953 βέλτιον
3616 889 3851 959 πρόσκαι-

2299 979 2392 1033 ρον
2437 967 2731 1032 κατάνυξιν
2780 969 2874 1023 καὶ
2926 971 3160 1044 ὀδυρμὸν
3211 975 3504 1030 ἀθανάτων
3550 980 3851 1047 ἀλλάξασθαι

2297 1055 2478 1109 καλῶν
2507 1060 2603 1112 καὶ
2633 1060 2828 1131 ἡδονῆς
2856 1061 3007 1126 τέλος
3049 1065 3149 1120 οὐκ
3179 1065 3416 1139 ἐχούσης
3435 1109 3453 1132 ,
3482 1068 3516 1140 ἢ
3545 1071 3638 1124 τὸν
3673 1072 3851 1145 βραχὺν

2296 1145 2485 1201 τοῦτον
2534 1149 2629 1202 καὶ
2673 1151 3008 1222 πρόσκαιρον
3062 1152 3178 1223 βίον
3216 1157 3458 1212 ἐνταῦθα
3510 1160 3850 1231 γελάσαντας,

2297 1239 2554 1293 ἀπελθεῖν
2582 1244 2701 1296 ἐκεῖ
2729 1244 3233 1319 κολασθησομένους
3271 1252 3557 1318 ἀθάνατα;
3610 1255 3742 1308 Ἀλλ’
3782 1258 3851 1308 σία

2300 1329 2467 1402 σχύνῃ
2482 1334 2576 1387 καὶ
2594 1335 2851 1407 ἐρυθριᾷς
2866 1336 2937 1390 τὰ
2952 1340 3327 1412 ἁμαρτήματα
3338 1343 3582 1408 ἐξειπεῖν
3598 1365 3611 1413 ;
3631 1347 3850 1404 Μάλιστα

2302 1422 2399 1491 μὲν
2427 1423 2476 1475 εί
2505 1425 2598 1477 καὶ
2628 1425 2714 1478 ἐπ’
2745 1427 3048 1499 ἀιθρώπων
3087 1431 3195 1484 ἔδει
3220 1433 3397 1488 ταῦτα
3438 1436 3621 1505 λέγειν
3662 1440 3748 1492 καὶ
3772 1443 3850 1493 ὲκ·-

2302 1515 2628 1584 πομπεύειν,
2676 1518 2795 1573 οὐδὲ
2839 1520 3013 1586 οὕτως
3056 1524 3414 1594 αἰσχύνεσθαι
3463 1527 3607 1581 ἔδει·
3648 1532 3848 1604 αἰσχύνη

2298 1607 2407 1679 γὰρ
2454 1608 2516 1662 τὸ
2560 1610 2919 1682 ἁμαρτάνειν,
2965 1616 3025 1668 ού
3058 1614 3121 1669 τὸ
3157 1616 3496 1689 ὁμολογῆσαι
3528 1621 3597 1675 τὰ
3626 1623 3847 1695 ἀμαρτηο

2299 1698 2458 1754 θέντα
2476 1715 2490 1729 ⁸
2520 1702 2635 1756 νυν²ί⁵
2660 1701 2721 1756 δὲ
2751 1703 2867 1758 οὐδὲ
2896 1706 3108 1779 ἀνάγκη
3150 1710 3442 1780 παρόντων
3468 1714 3750 1786 μαρτύρων
3776 1716 3848 1783 ἐξ·

2298 1790 2695 1862 ομολογεῖσθαι.
2760 1795 2918 1868 Παρά
2962 1799 3076 1857 τοῖς
3120 1799 3410 1872 λογισμοῖς
3443 1804 3539 1857 τοῦ
3582 1807 3849 1871 συνειδότος

2298 1885 2570 1953 γιγνέσθω
2597 1886 2706 1941 τῶν
2739 1888 3292 1962 πεπλημμελημένων
3325 1896 3358 1966 ή
3403 1896 3675 1962 ἐξέτασις·
3699 1900 3848 1970 ἀμάρ-

2297 1990 2461 2044 τυρον
2493 1975 2633 2031 ἔστω
2663 1977 2723 2030 τὸ
2760 1979 3110 2052 δικαστήριον
3132 1999 3146 2013 ’
3192 1985 3220 2037 ὁ
3265 1986 3390 2049 Θεὸς
3420 1988 3603 2060 ὁράτω
3630 2006 3684 2042 σε
3714 1989 3846 2059 μόνος

2302 2067 2815 2141 ἐξομολογούμενοι),
2841 2075 2868 2126 6
2892 2073 3024 2138 Θεὸς
3048 2077 3076 2127 ὁ
3107 2076 3184 2147 μὴ
3212 2076 3494 2144 ὀνειδίζων
3534 2081 3599 2135 τά
3630 2083 3847 2154 άμαρτή·

2304 2178 2466 2233 ματα,
2494 2165 2633 2218 ἀλλά
2667 2165 2809 2221 λύων
2836 2167 2906 2221 τὰ
2943 2169 3317 2242 ἁμαρτήματα
3350 2174 3465 2228 ἀπὸ
3498 2176 3598 2246 τῆς
3628 2176 3847 2247 ἐξομολο⁴

2298 2258 2535 2328 γήσεως.
2579 2258 2742 2313 Ἀλλά
2770 2261 2863 2313 καὶ
2898 2260 3075 2324 οὕτως
3107 2264 3286 2329 ὀκνεῖς
3326 2268 3426 2320 καὶ
3464 2270 3699 2341 ἀναδύῃς
3739 2265 3848 2324 Οἶδα

2300 2348 2478 2417 κάγὼ,
2510 2352 2593 2405 ὃτι
2618 2353 2717 2406 οὐκ
2739 2354 2991 2424 ἀνέχεται
3022 2355 3085 2408 τὸ
3116 2358 3358 2421 συνειδὸς
3385 2359 3489 2431 τῆς
3521 2362 3728 2432 μνήμης
3758 2360 3846 2414 τῶν

2300 2440 2515 2495 οἰκείων
2541 2442 3052 2527 πλημμελημάτων.
3082 2450 3179 2503 Ἀν
3201 2451 3310 2521 γάρ
3343 2451 3590 2523 ἔλθωμεν
3613 2454 3758 2524 μόνον
3783 2452 3845 2515 είς

2301 2535 2610 2606 ἀνάμνησιν
2657 2539 2765 2593 τῶν
2812 2541 3371 2617 πεπλημμελημένων
3427 2549 3581 2619 ἡμῖν,
3629 2549 3845 2619 καθάπερ

2230 2658 2231 2661 η
2303 2622 2483 2693 πῶλός
2501 2648 2585 2694 τις
2608 2631 2919 2704 ἀδάμαστος
2944 2637 3040 2691 καὶ
3065 2637 3335 2710 δυσήνιος,
3360 2643 3561 2714 σκιρτᾷ
3592 2643 3623 2712 ή
3650 2641 3842 2695 διάνοια.

2315 2721 2476 2774 Ἀλλά
2504 2722 2766 2795 κάτασχε,
2791 2727 3111 2798 χαλίνωσον,
3143 2732 3434 2805 κατάψηχε
3467 2736 3532 2805 τῇ
3563 2732 3846 2804 χειρὶ,ἦμε-

2306 2829 2398 2884 ρον
2428 2813 2596 2884 αὐτὴν
2622 2816 2868 2889 ποίησον,
2897 2821 3085 2876 πεῖσον
3112 2822 3196 2876 ὅτι
3226 2822 3291 2878 ἂν
3322 2825 3400 2897 μὴ
3433 2825 3528 2880 νῦν
3555 2824 3843 2896 ἐξομολογή-

2305 2922 2488 2976 σηται,
2524 2908 2639 2961 ἐκεῖ
2670 2908 3146 2983 ἐξομολογήσεται,
3180 2915 3314 2969 ὅπου
3348 2917 3554 2971 πλείων
3581 2919 3614 2989 ή
3638 2916 3843 2978 κόλασις,

2302 3001 2436 3055 ὅπου
2463 3003 2662 3074 μείζων
2692 3006 2719 3059 ό
2747 3006 3309 3081 παραδειγματισμός.
3352 3012 3618 3066 Ἐνταῦθα
3641 3011 3844 3081 ἀμάρτυ·

2305 3095 2398 3165 ρόν
2437 3098 2553 3150 ἐστι
2595 3097 2655 3150 τὸ
2697 3098 3070 3172 δικαστήριον,
3120 3104 3217 3158 καὶ
3255 3105 3319 3158 σὺ
3358 3104 3546 3176 σαυτῷ
3587 3101 3844 3166 δικάζειςὸ

2303 3189 2644 3261 ἡμαρτηκὼς
2664 3209 2678 3223 ο
2709 3194 2826 3247 ἐκεῖ
2849 3193 2906 3247 δὲ
2932 3196 3011 3259 είς
3043 3195 3207 3266 μέσον
3232 3197 3293 3250 τὸ
3316 3197 3551 3271 θέατρον
3578 3198 3673 3267 τῆς
3696 3198 3843 3248 οἰκου-

2307 3282 2476 3353 μένης
2498 3284 2715 3338 ἅπαντα
2742 3286 3180 3357 παραχθήσεται,
3208 3289 3274 3344 ἂν
3303 3290 3383 3365 μὴ
3409 3290 3755 3364 προλαϐόντες
3774 3287 3843 3337 ὲν-

2302 3374 2477 3430 ταῦθα
2499 3376 2635 3431 αὺτά
2655 3377 3064 3450 ἀπαλείψωμεν.
3091 3381 3331 3455 Αἰσχύνῃ
3356 3382 3685 3455 ὁμολογῆσαι
3704 3380 3843 3449 ἀμαρ-

2303 3470 2554 3538 τήματα;
2605 3468 2860 3539 αἰσχύνου
2904 3469 3108 3540 πρᾶξαι
3154 3472 3547 3546 ἁμαρτήματα.
3595 3472 3769 3543 Ἡμεῖς
3798 3466 3843 3519 δὲ

2303 3561 2431 3614 ὅταν
2478 3560 2615 3614 αὐτά
2679 3561 3038 3633 πράττωμεν,
3090 3564 3301 3635 ἰταμῶς
3371 3566 3467 3621 καὶ
3514 3561 3842 3634 ἀναισχύντως

2303 3650 2591 3723 τολμῶμεν
2612 3668 2625 3682 °
2644 3653 2770 3706 ὅταν
2794 3653 2849 3708 δὲ
2870 3653 3201 3726 ὁμολογῆσαι
3227 3656 3342 3730 δὲῃ,
3372 3658 3496 3712 τότε
3519 3650 3841 3726 αἰσχυνόμεθα

2305 3743 2400 3797 καὶ
2426 3744 2711 3816 ὀκνοῦμεν,
2733 3745 2849 3800 δέον
2883 3747 3020 3818 μετά
3050 3747 3358 3821 προθυμίας
3390 3750 3548 3805 τοῦτο
3574 3750 3748 3802 ποιεῖν.
3783 3738 3842 3796 Οὐ

2306 3836 2413 3908 γάρ
2447 3838 2592 3891 ἐστιν
2623 3838 2851 3909 αἰσχύνη
2892 3844 3217 3913 κατηγορεῖν
3262 3842 3698 3916 ἁμαρτημάτων,
3733 3833 3842 3890 ἀλλὰ

2305 3927 2617 3999 δικαιοσύνη
2657 3931 2752 3984 καὶ
2796 3932 2993 4004 ἀρετή·
3035 3937 3083 3988 εἰ
3119 3935 3193 4007 μὴ
3231 3935 3546 4007 δικαιοσύνη
3586 3934 3674 3987 καὶ
3701 3924 3840 3999 ἀρετὴ

2305 4012 2395 4089 ἦν,
2435 4018 2535 4073 ούκ
2566 4019 2633 4073 ἂν
2679 4021 2871 4092 μισθὸν
2907 4022 3149 4094 ἐθηκενι
3183 4026 3318 4098 αὐτῇ
3365 4030 3396 4081 6
3434 4027 3584 4090 Θεός.
3609 4025 3720 4076 Ὅτι
3755 4015 3841 4086 γάρ

2312 4110 2538 4178 μισθοὺς
2567 4110 2679 4183 ἔχει
2709 4113 2742 4182 ή
2766 4111 3170 4183 ἐξομολόγησις,
3198 4114 3430 4170 ἄκουσον
3460 4115 3512 4167 τί
3543 4127 3668 4183 φησι
3686 4127 3698 4141 ·
3721 4104 3842 4171 Λέγε

2308 4200 2390 4254 σὺ
2428 4200 2532 4266 τὰς
2565 4201 2816 4271 ἀνομίας
2858 4215 2976 4256 σου
3002 4200 3254 4270 πρῶτος,
3285 4205 3387 4258 ἵνα
3416 4196 3735 4266 δικαιωθῇς.
3765 4190 3842 4250 Τίς

2307 4292 2623 4364 αἰσχύνεται
2657 4293 2835 4365 ἔργον,
2866 4296 2962 4364 ἀφ’
2986 4290 3048 4349 οὗ
3079 4295 3288 4364 γίνεται
3321 4296 3557 4362 δίκαιοςς
3585 4293 3663 4354 τίς
3686 4280 3841 4355 αῖτλ⁶¹

2308 4403 2458 4440 νεται
2500 4386 2830 4457 ὁμολογῆσαι
2881 4388 3271 4461 ἁμαρτήματα,
3322 4389 3410 4442 ἵνα
3450 4387 3582 4457 λύσῃ
3631 4375 3840 4451 ἁμαρτή-

2312 4496 2489 4550 ματα;
2517 4478 2607 4550 Μὴ
2635 4479 2745 4551 γάρ
2768 4479 2856 4533 διὰ
2876 4480 3033 4534 τοῦτο
3060 4481 3270 4535 κελεύει
3292 4479 3640 4552 ὁμολογῆσαι,
3669 4474 3745 4527 ἵνα
3769 4481 3840 4519 κο-

2307 4570 2486 4642 λάσῃ;
2517 4572 2616 4642 οὐχ
2646 4573 2733 4625 ἵνα
2766 4572 2989 4644 κολάσῃ,
3022 4573 3137 4627 ἀλλ’
3174 4574 3260 4628 ἵνα
3292 4573 3637 4645 συγχωρήσῃ.

2378 4661 2440 4714 δ’.
2485 4661 2610 4716 Ἐπὶ
2632 4660 2739 4733 γάρ
2764 4662 2871 4715 τῶν
2896 4662 3000 4728 ἔξω
3020 4662 3380 4735 δικαστηρίων
3412 4662 3548 4736 μετά
3572 4660 3663 4728 τὴν
3678 4649 3838 4722 ὁμολο⁶

2311 4755 2434 4824 γίαν
2454 4753 2693 4820 κόλασις.
2711 4754 2812 4807 Διά
2841 4753 2998 4808 τοῦτο
3032 4757 3124 4808 καὶ
3141 4758 3169 4809 6
3195 4755 3407 4827 ψαλμὸς
3429 4753 3557 4809 αύτὸ
3581 4746 3722 4803 τοῦτο
3741 4742 3839 4806 ὑφο-

2313 4850 2572 4924 ρώμενος,
2593 4850 2666 4922 μή
2684 4868 2766 4915 τις
2788 4849 3038 4914 δεδοικὼς
3054 4849 3270 4905 κόλασιν
3289 4851 3425 4922 μετὰ
3441 4849 3535 4919 τὴν
3558 4835 3837 4910 ἐξομολότη’

2314 4964 2425 5009 σιν,
2465 4947 2768 5017 ἀρνήσηται
2800 4945 2869 4999 τὰ
2896 4947 3296 5017 ἁμαρτήματα,
3328 4945 3490 5017 φησίν
3506 4950 3525 4972 ·’
3570 4928 3836 5000 Ἐξομολο·
3894 4958 3901 4963 ρ

2310 5041 2510 5108 γεῑσθε
2544 5040 2622 5106 τῷ
2653 5041 2868 5106 Κυρίῳ,
2900 5038 2986 5092 ὅτι
3016 5042 3312 5109 χρηστὸς,
3347 5040 3436 5094 ὅτι
3459 5038 3542 5101 είς
3563 5030 3663 5086 τὸν
3685 5018 3836 5120 αίῶνςι

2312 5132 2379 5186 τὸ
2422 5134 2592 5199 ἕλεος
2634 5133 2839 5187 αὑτοῦ.
2886 5134 2977 5204 Μὴ
3004 5136 3110 5206 γάρ
3140 5135 3241 5188 οὐκ
3281 5132 3388 5189 οἶδε
3416 5133 3481 5187 τὰ
3510 5120 3833 5206 ἁμαρτήμῖἦτα

2315 5237 2429 5285 σου,
2459 5220 2552 5273 ὲάν
2589 5222 2661 5291 μὴ
2686 5222 2749 5274 σὺ
2777 5222 3146 5294 ὀμολογήσηςς
3180 5224 3243 5275 Τί
3264 5221 3357 5278 οὖν
3388 5240 3465 5276 σοι
3488 5218 3680 5288 γίνεται
3703 5198 3830 5294 πλξςν

2313 5312 2377 5363 ἐκ
2400 5281 2492 5362 ξος
2529 5281 2603 5380 μή
2643 5281 2963 5379 ὁμολογεῖνξ
2998 5281 3214 5383 γὰρ
3255 5314 3478 5366 δύνασαι
3500 5281 3708 5359 Ι).αθεῖν;

2317 5398 2391 5468 μὴ
2421 5397 2600 5470 εἴπῃς,
2637 5400 2840 5462 ἐκεῖνος
2868 5396 3034 5454 εἶδεν·
3060 5401 3125 5455 ἂν
3157 5402 3213 5454 δὲ
3240 5403 3303 5455 σὺ
3336 5403 3510 5471 εἴπῃς,
3536 5386 3827 5471 ἐκεῖνοςηέπίέ

2313 5467 2653 5551 λανθάνεται.
2704 5488 2859 5542 Ἰδοὺ
2904 5490 3012 5560 γὰρ
3049 5489 3163 5559 ἐγὼ
3201 5492 3344 5557 Θεός
3381 5467 3493 5557 ειῂι
3543 5467 3827 5560 mle/fw:

2313 5575 2420 5639 τὰς
2441 5576 2692 5642 ἀνομίας
2715 5592 2854 5642 σου,
2886 5552 3184 5645 κ-αίοὺυμὴ
3206 5552 3471 5647 μνησθῶ.
3508 5565 3658 5638 Ὁρᾷς
3672 5576 3686 5620 ζ

2315 5663 2386 5721 οὐ
2405 5664 2492 5732 μὴ
2524 5664 2794 5733 μνησθῶ.
2830 5666 2993 5736 φησί·
3026 5644 3433 5738 φιλανθρωπίας
3455 5660 3556 5731 γὰρ
3577 5648 3742 5706 τοῦτο’
3773 5644 3823 5683 συ

2378 5815 2406 5845 ⁸
2431 5806 2647 5855 Colbert.
2670 5807 2834 5868 μισθὸν
2868 5808 3058 5857 ἔδωκεν.
