4104 6446
364 390 475 449 657

354 505 488 575 quid
519 505 721 575 poterit
755 505 1023 562 silentium
1052 507 1347 578 prodesse?
1380 510 1489 566 lmo
1519 510 1648 566 nihil
1676 510 1910 581 proderit
1936 552 1949 575 ,

351 594 456 651 sed
486 609 827 667 summopere
866 598 1094 654 nocebit.
1125 599 1257 655 Nam
1287 602 1329 656 si
1361 601 1576 670 quidem
1605 618 1745 659 nunc
1772 607 1955 676 prolo-

347 701 511 756 quar,
542 686 610 741 ad
640 689 1009 758 pmniteutiam
1040 701 1094 746 et
1121 692 1283 747 animi
1307 697 1773 765 compunctionem
1798 697 1955 753 indu-

349 792 475 832 cam
509 795 522 830 :
554 778 636 833 sin
683 790 885 835 taceam
911 822 924 843 ,
961 798 1103 838 nunc
1128 784 1341 854 quidem
1384 801 1570 842 eorum
1600 804 1720 860 quae
1759 804 1954 860 pecca-

347 867 612 935 verimus,
643 886 748 924 non
776 873 1177 930 recordabitnur
1196 919 1210 942 ,
1238 892 1409 947 neque
1437 881 1801 948 paenitentiam
1828 898 1953 953 age-

345 976 510 1027 mus;
539 969 592 1016 at
634 962 688 1016 in
717 962 1121 1022 futuro'sazculo
1152 971 1289 1025 nuda
1335 980 1390 1027 et
1414 984 1595 1043 aperta
1637 991 1748 1045 pra:
1783 978 1952 1033 oculis

344 1053 552 1109 nostris
573 1052 917 1124 intuebimur,
949 1073 1014 1113 ac
1044 1059 1237 1117 frustra
1265 1073 1317 1118 et
1345 1064 1609 1121 incassum
1637 1067 1952 1123 lamentabi-

342 1158 491 1197 mur.

420 1237 473 1290 5.
516 1236 737 1304 Quando
778 1240 938 1312 igitur
960 1246 1177 1301 omnino
1207 1262 1427 1304 necesse
1470 1260 1571 1316 est,
1608 1262 1665 1307 ut
1688 1254 1771 1309 vel
1815 1254 1944 1323 illic,

338 1326 433 1379 vel
462 1326 516 1381 in
544 1312 644 1383 hac
669 1330 774 1384 vita
808 1331 878 1387 ob
907 1333 1099 1390 delicta
1125 1353 1564 1410 compungamur,
1597 1344 1764 1400 satius
1786 1355 1868 1400 est
1891 1355 1947 1401 ut

340 1414 473 1474 illud
505 1416 590 1475 hic
610 1421 806 1488 potius,
836 1433 888 1479 et
914 1441 1018 1480 non
1050 1426 1158 1483 illic
1191 1429 1299 1484 fiat.
1332 1431 1481 1488 Unde
1510 1434 1561 1488 id
1590 1437 1841 1491 constat?
1868 1440 1943 1495 Ex

338 1509 675 1580 propheticis
701 1514 900 1585 verbis,
923 1532 987 1572 ex
1016 1523 1357 1592 evangelicis.
1384 1525 1521 1582 Nam
1547 1529 1802 1599 propheta
1821 1533 1941 1602 qui-

337 1597 468 1654 dem
507 1602 585 1657 sic
609 1603 683 1658 ait
724 1623 737 1659 :
771 1605 839 1661 In
887 1609 1088 1679 inferno
1136 1625 1302 1669 autent
1335 1618 1446 1686 quis
1489 1597 1807 1690 conﬁtebitur
1855 1626 1944 1680 tibi

338 1688 359 1758 (
376 1687 518 1745 Psal.
573 1692 625 1747 6.
656 1692 759 1766 6)?
808 1712 914 1753 non
946 1702 1083 1771 quod
1130 1720 1233 1760 non
1261 1687 1646 1776 confiteamur,
1674 1713 1769 1769 sed
1797 1717 1939 1785 quod

339 1781 537 1840 frustra
566 1786 691 1842 illud
712 1788 990 1847 faciamus.
1023 1795 1268 1853 Christus
1295 1808 1472 1856 autem
1501 1818 1597 1873 per
1630 1806 1937 1875 parabolam

336 1874 445 1930 hoc
472 1877 640 1946 ipsum
668 1880 866 1938 docuit.
894 1885 1025 1941 Erat
1052 1889 1214 1959 enim,
1247 1892 1434 1964 inquit,
1462 1874 1692 1953 Lazarus
1720 1900 1935 1970 quidam

335 1967 617 2026 mendicus
670 1971 905 2044 undique
957 1978 1223 2037 ulceribus
1270 1985 1459 2052 plenus
1501 1987 1650 2057 (Luc.
1707 1967 1797 2047 ifi.
1841 1992 1929 2049 19.

333 2058 518 2130 sqq.),
568 2062 941 2123 immedicabili
992 2073 1182 2129 morbo
1232 2075 1523 2134 laborans:
1569 2082 1706 2138 alter
1753 2095 1929 2141 autem

330 2150 550 2220 quidam
577 2154 723 2210 dives
741 2162 963 2229 pauperi
985 2163 1149 2221 micas
1178 2182 1284 2222 non
1314 2169 1673 2240 impertiebat.
1708 2177 1774 2232 Et
1802 2181 1929 2249 quid

329 2256 471 2310 opus
499 2252 583 2299 est
611 2248 919 2315 parabolam
945 2262 1111 2310 totam
1138 2263 1492 2328 percurrere?
1538 2267 1733 2337 quippe
1762 2248 1928 2327 nostis

331 2331 610 2391 historiam
656 2353 892 2409 omnem,
953 2347 1320 2406 crudelitatem
1360 2353 1557 2419 divitis,
1617 2375 1723 2428 quo
1774 2372 1929 2431 pacto

323 2424 635 2483 mendicum
666 2433 975 2503 participem
1005 2453 1204 2494 mensa:
1241 2457 1345 2496 non
1376 2443 1607 2513 faceret;
1636 2460 1925 2521 egestatem

326 2514 473 2571 illius
494 2532 556 2573 ac
586 2517 801 2590 famem,
837 2541 939 2594 qua
962 2541 1220 2599 perpetuo
1249 2514 1695 2594 conflictabatur:
1719 2543 1784 2596 At
1812 2543 1927 2602 hinc

326 2606 383 2659 in
419 2608 516 2663 hac
548 2610 651 2665 vita
705 2631 718 2667 :
761 2626 1040 2688 postquam
1071 2633 1247 2678 autem
1286 2637 1527 2683 mortuus
1565 2639 1649 2686 est
1679 2644 1919 2706 uterque,

323 2699 475 2755 videt
501 2701 649 2757 illum
678 2709 981 2765 mendicum
1016 2712 1067 2767 in
1091 2715 1210 2770 sinu
1240 2718 1467 2775 Abrahae
1501 2723 1670 2779 dives.
1704 2727 1768 2781 Et
1796 2730 1921 2799 quid

319 2793 438 2847 ait?
468 2793 627 2850 Pater
654 2800 931 2870 Abraham,
965 2808 1101 2862 mitte
1140 2810 1304 2877 illum,
1348 2825 1402 2868 ut
1446 2816 1653 2873 instilfet
1700 2833 1954 2879 extremo‘

319 2882 474 2951 digiti
501 2888 581 2940 sui
606 2888 656 2942 in
679 2890 905 2963 linguam
927 2913 1109 2963 meam,
1135 2911 1190 2955 ut
1210 2905 1515 2973 requiescam
1543 2926 1575 2962 a
1602 2912 1778 2967 dolore
1809 2913 1915 2984 (Ib.

320 2989 373 3027 υ.
407 2974 531 3047 24).
573 2977 731 3037 Vides
759 2987 1204 3048 retributionem?
1234 3012 1337 3052 non
1383 2983 1637 3071 ﬁnpertiit
1674 3005 1773 3077 ipsi
1792 3010 1920 3064 -mi-

319 3083 437 3131 ras,
471 3071 623 3127 unius
649 3090 799 3146 aquae
826 3092 990 3149 guttae
1017 3101 1121 3140 nou
1152 3088 1211 3142 fit
1237 3093 1522 3164 particeps.
1552 3097 1621 3151 1η
1643 3117 1744 3171 qua
1783 3104 1919 3159 enim

317 3176 579 3231 mensura,
606 3166 793 3238 inquit,
821 3175 980 3229 mensi
996 3178 1212 3247 fueritis,
1240 3186 1524 3241 rentetietur
1553 3189 1689 3245 vobis
1718 3192 1915 3263 (Marc.

315 3251 376 3307 4.
421 3253 548 3327 24).
594 3256 731 3327 Quid
784 3277 912 3337 ergo
957 3268 1266 3327 Abraham?
1320 3274 1448 3344 Fili,
1498 3251 1737 3352 recepisti
1779 3251 1915 3342 bona

316 3353 431 3412 tua,
462 3357 507 3400 et
540 3347 768 3408 Lazarus
798 3358 931 3412 mala
953 3375 972 3413 :
999 3371 1047 3415 et
1074 3379 1208 3418 nunc
1240 3366 1322 3421 Itic
1359 3370 1561 3439 quidem
1607 3374 1689 3429 ltic
1730 3394 1914 3434 conso-

311 3437 476 3507 latur,
502 3453 554 3496 tu
579 3462 695 3500 vero
722 3452 966 3508 cruciaris
997 3455 1147 3525 (Luc.
1175 3460 1262 3515 16.
1292 3437 1418 3533 25V).
1444 3464 1548 3523 Sed
1576 3471 1716 3540 quod
1752 3482 1835 3529 est
1861 3476 1911 3529 in

310 3533 610 3600 quaestione
639 3540 905 3612 positum,
954 3545 1072 3605 illos
1120 3551 1371 3608 nimirum
1397 3555 1468 3611 ob
1508 3569 1724 3628 peccata
1768 3578 1915 3620 com-

311 3624 482 3692 pungi
513 3635 567 3681 et
593 3635 854 3701 converti,
884 3652 948 3693 ac
993 3642 1167 3709 poenis
1208 3644 1467 3714 gehennae
1496 3651 1611 3707 fieri
1639 3656 1908 3726 meliores,

309 3716 449 3771 nihil
470 3728 643 3776 tamen
667 3724 766 3780 hoc
788 3729 890 3785 illis
910 3732 1214 3792 adlevanda
1228 3738 1453 3798 ﬂammm
1474 3754 1733 3804 tormenta
1753 3753 1911 3821 prod-

307 3903 453 3957 mitte
479 3905 623 3962 illam
650 3912 700 3964 in
725 3913 931 3970 domum
960 3936 1120 3976 meam
1144 3965 1159 3992 ,
1191 3937 1245 3980 ut
1273 3933 1498 4000 cognatis
1525 3937 1647 3990 meis
1679 3948 1905 4010 testatur,

303 4002 356 4045 et
397 4011 499 4049 non
546 4002 743 4057 veniant
772 4006 824 4060 in
865 4008 997 4064 ltum:
1033 4014 1201 4071 locum
1225 4018 1384 4090 (Ibid.
1419 4041 1462 4077 υ.
1491 4027 1582 4081 27.
1625 4029 1745 4101 28).
1773 4002 1904 4088 Cum

301 4084 626 4147 beneficium
664 4093 778 4165 ipse
821 4114 926 4154 non
957 4105 1295 4180 obtinuisset,
1327 4115 1551 4172 aliorum
1596 4131 1776 4189 postea
1816 4139 1902 4178 εει..

301 4177 474 4232 lutetn
507 4197 777 4249 procurat.
812 4190 999 4249 Vidisti
1026 4213 1132 4267 quo
1156 4177 1312 4271 pacto
1337 4207 1570 4264 crudelis
1596 4177 1760 4269 Iantea
1790 4215 1902 4272 fue.

302 4270 399 4335 rit,
430 4287 536 4341 quo
558 4288 710 4344 pacto
739 4280 933 4340 deinde
959 4286 1219 4360 benignus
1245 4300 1785 4361 evaserit?Lazarum
1808 4325 1903 4363 an-

304 4372 361 4415 te
415 4366 598 4422 oculos
636 4369 904 4440 jacentem
952 4384 1299 4451 praeteribat,
1345 4389 1471 4445 dum
1508 4395 1747 4462 viveret;
1787 4400 1898 4468 jam

300 4468 435 4509 vero
484 4460 643 4514 etiam
683 4464 982 4524 absentium
1018 4486 1363 4545 cognatorum
1400 4499 1582 4541 curam
1627 4490 1762 4559 gerit
1792 4510 1808 4545 :
1836 4508 1900 4551 ac

302 4560 417 4606 tum
452 4556 703 4625 quidem,
733 4562 857 4618 dum
889 4568 1079 4636 Opibus
1107 4574 1502 4636 circumflueret
1522 4624 1538 4651 ,
1580 4585 1645 4640 ad
1677 4587 1898 4644 misera-

299 4640 410 4697 liile
426 4648 651 4703 mendici
673 4658 1031 4721 spectaculum
1058 4678 1162 4718 non
1187 4666 1588 4741 inflectebatur;
1614 4676 1721 4746 jam
1745 4695 1891 4747 vero,

297 4733 427 4788 dum
458 4736 510 4791 in
538 4738 812 4801 doloribus
855 4762 919 4804 ac
957 4757 1365 4815 necessitatibus
1400 4776 1643 4823 versatur
1673 4770 1896 4827 inevita-

295 4824 515 4897 bilibus,
548 4832 616 4887 de
638 4838 948 4910 prepinquis
983 4847 1095 4903 suis
1120 4857 1203 4904 est
1228 4853 1504 4922 sollicitus,
1544 4874 1609 4915 ac
1645 4862 1780 4917 mitti
1807 4880 1894 4919 ro-

292 4931 388 4990 gat
407 4922 495 4991 qui
524 4923 636 4981 haec
664 4928 766 4984 illis
808 4938 1107 4994 annuntiet.
1140 4940 1302 5000 Vides
1325 4955 1385 5001 ut
1409 4948 1669 5022 benignus
1694 4964 1751 5010 et
1784 4957 1893 5012 cle-

293 5026 448 5067 meus
476 5021 707 5074 evaserit
733 5030 791 5077 et
815 5026 1159 5087 misericors?

367 5106 676 5166 l’arnitcntia
692 5132 793 5168 non
820 5121 1022 5187 prodest
1049 5135 1159 5194 post
1180 5140 1411 5185 mortem.
1439 5163 1511 5175 -—-
1533 5136 1670 5204 Quid
1695 5139 1890 5209 igitur?

290 5202 550 5271 numquid
578 5205 652 5259 illi
677 5210 872 5276 profuit
903 5217 1249 5282 paenitentia?
1276 5239 1401 5278 num
1428 5202 1625 5298 aliquid
1659 5231 1789 5288 lucri
1820 5251 1883 5289 ex

289 5292 380 5344 illa
435 5299 846 5364 compunctione
881 5306 1132 5377 collegit?
1180 5311 1321 5368 Nihil
1367 5320 1585 5373 omnino
1632 5338 1645 5374 :
1691 5324 1886 5395 quippe

286 5383 432 5452 quod
490 5385 865 5462 intempestiva
909 5408 1051 5453 esset
1104 5405 1432 5470 pmnitentia.
1483 5383 1724 5468 Solutum
1767 5383 1884 5471 erat

297 5474 588 5543 theatrum,
617 5479 856 5534 sublatus
886 5481 1031 5537 locus
1062 5490 1393 5556 certaminis,
1415 5508 1518 5548 non
1549 5497 1777 5568 amplius
1806 5501 1888 5556 lu-

292 5573 504 5619 ctarum
536 5577 742 5638 tempus
773 5572 888 5626 fuit.
925 5575 1208 5646 Propterea
1243 5598 1455 5653 moneo,
1485 5603 1676 5656 precor
1706 5603 1760 5646 et
1789 5595 1888 5649 ob-

285 5664 468 5718 secrO,
501 5656 587 5712 hic
632 5660 913 5718 lamentari
941 5678 1172 5735 oportet,
1205 5684 1267 5725 ac
1299 5684 1519 5743 propter
1560 5693 1773 5744 peccata
1803 5683 1882 5739 lu-

285 5761 418 5817 gere
468 5746 564 5803 llic
596 5765 694 5807 nos
726 5755 885 5808 verba
915 5759 1254 5829 contristent,
1289 5779 1356 5818 ne
1387 5781 1482 5821 nos
1526 5770 1631 5824 illis
1659 5787 1746 5827 res
1778 5783 1884 5829 ter-

287 5848 479 5893 reant:
507 5840 589 5897 hic
633 5859 732 5899 nos
780 5834 983 5917 pungat
1028 5852 1217 5915 oratio,
1263 5870 1331 5911 ne
1375 5873 1472 5914 nos
1522 5860 1629 5916 illic
1683 5866 1879 5923 vermis

1336 394 1471 451 NON
1508 371 1685 450 esss
1715 394 1805 450 AD
1845 393 2156 454 GRATIAM
2194 370 2746 471 coaetoxmoun.

3556 431 3660 490 658

2073 526 2268 589 pungat
2296 536 2586 582 venenatus
2633 547 2644 583 :
2674 530 2762 588 hic
2792 549 2888 591 nos
2917 550 3036 595 urat
3077 546 3440 618 reprehensio,
3472 569 3539 612 ne
3568 570 3664 618 nos

2072 608 2314 676 gcltenna
2347 614 2483 684 ignis
2516 619 2624 676 illic
2661 632 2797 679 urat.
2825 628 2930 685 Eos
2955 632 3043 702 qui
3076 608 3162 691 hic
3193 638 3393 711 lugent,
3431 608 3659 704 conseri:

2072 710 2284 758 taneum
2315 716 2397 762 est
2421 708 2526 766 illic
2555 717 2819 773 consolari
2853 738 2866 774 :
2895 736 2989 779 eos
3021 727 3110 796 qui
3141 728 3227 786 hic
3254 708 3307 788 in
3331 734 3538 794 deliciis
3565 740 3657 798 de-

2067 801 2199 861 gunt
2225 803 2279 850 et
2306 797 2500 865 rident,
2531 820 2630 861 nec
2656 806 2763 863 ullo
2803 823 3022 884 propter
3047 818 3278 879 admissa
3312 839 3525 896 peccata
3553 797 3654 890 do-

2063 883 2179 939 lore
2222 895 2524 961 tanguntur,
2580 899 2739 966 plane
2781 904 3118 980 illiclugere
3159 928 3222 970 ac
3270 883 3545 978 lamentari
3598 938 3662 983 ac.

2063 977 2314 1039 frendere
2360 984 2611 1047 dentibus
2653 1003 2737 1050 est
2777 1013 3014 1057 necesse.
3048 1004 3163 1061 Non
3213 1026 3331 1066 mea
3380 1027 3507 1070 sunt
3535 1017 3656 1074 haec

2059 1072 2240 1138 verba,
2274 1076 2367 1130 sed
2412 1078 2597 1149 ipsius,
2626 1085 2716 1154 qui
2758 1086 3015 1156 judicium
3044 1095 3096 1149 iu
3129 1115 3226 1154 nos
3254 1109 3364 1156 tum
3394 1109 3654 1178 temporis

2057 1166 2330 1222 exercebit
2387 1189 2400 1224 :
2447 1171 2592 1228 Beati
2633 1180 2845 1250 quippe,
2881 1182 3067 1254 inquit,
3104 1190 3157 1250 ii,
3188 1194 3275 1261 qui
3302 1166 3652 1271 [egena-quo.

2055 1255 2193 1309 niam
2231 1259 2329 1327 ipsi
2355 1266 2744 1323 consolabuntur
2766 1273 2975 1343 (Matt/1.
3023 1280 3074 1333 5.
3105 1282 3139 1336 5
3158 1255 3209 1354 ).’
3243 1284 3330 1341 Vw
3355 1255 3645 1361 vocbiquui

2052 1345 2246 1415 ridetis,
2273 1352 2391 1419 quia
2414 1355 2598 1422 ﬂebitis
2615 1359 2784 1430 '(Luc.
2817 1364 2868 1418 6.
2904 1365 3031 1440 25).
3066 1345 3275 1439 Quanto
3301 1377 3461 1449 igitur
3487 1345 3650 1438 si}...

2050 1448 2136 1494 est
2162 1447 2538 1513 temporariam
2567 1459 3027 1523 compunctionem
3051 1475 3101 1520 et
3124 1447 3464 1528 luctumﬁcum
3490 1485 3651 1532 inter-

2050 1532 2134 1585 nis
2161 1533 2314 1590 bonis
2342 1547 2395 1592 et
2422 1540 2690 1614 voluptate
2744 1563 2863 1618 quae
2894 1552 3051 1608 finem
3082 1573 3186 1613 non
3239 1560 3453 1633 habeat,
3496 1581 3648 1623 com-

2050 1633 2277 1693 mutare,
2319 1644 2478 1698 quam
2520 1634 2672 1691 brevi
2718 1639 2817 1696 hac
2842 1652 2894 1698 et
2935 1653 3252 1715 temporaria
3279 1655 3383 1711 vita
3428 1658 3650 1716 ridendo

2049 1721 2338 1783 transacta,
2365 1722 2491 1779 illuc
2516 1726 2665 1784 abire
2696 1732 2981 1792 immortali
3004 1743 3267 1813 supplicio
3295 1749 3648 1817 plectendos?

2045 1804 2115 1860 At
2139 1812 2517 1871 verccundaris
2544 1826 2599 1873 et
2623 1823 2896 1881 erubescis
2928 1834 3211 1889 enuntiare
3229 1843 3480 1906 peccata?
3505 1842 3647 1900 Sane
3744 1882 3747 1885 -

2041 1902 2256 1971 quidem
2274 1908 2317 1962 si
2335 1924 2515 1966 coram
2544 1914 2850 1976 hominibus
2872 1938 2933 1978 ea
2965 1925 3189 1986 dicenda
3220 1943 3404 1990 essent
3427 1946 3481 1992 et
3506 1940 3647 1994 cvul~

2038 1994 2210 2063 ganda
2232 2013 2247 2063 ;
2270 2014 2374 2055 non
2408 2011 2583 2061 tamen
2612 2009 2680 2063 ita
2711 2013 2913 2081 pudere
2937 2025 2986 2073 te
3012 2024 3275 2090 oportuit:
3301 2028 3473 2096 pudor
3500 2032 3643 2087 enim

2038 2094 2123 2141 est
2141 2098 2197 2144 et
2213 2090 2497 2161 ignominia
2510 2100 2758 2173 peccare,
2783 2121 2885 2161 non
2903 2123 3023 2179 qua:
3041 2119 3344 2181 peccaveris
3358 2122 3600 2179 confiteri
3626 2144 3640 2190 ;

2033 2176 2143 2244 jam
2171 2195 2299 2238 vero
2333 2200 2506 2257 neque
2535 2194 2895 2253 necessarium
2920 2176 3003 2255 est
3037 2205 3261 2262 testibus
3283 2214 3636 2278 praesentibus

2037 2272 2300 2329 confiteri.
2329 2278 2484 2347 Apud
2507 2286 2849 2344 conscientia:
2876 2292 3114 2350 rationes
3142 2296 3226 2352 flat
3249 2272 3519 2371 inquisitio
3540 2306 3639 2362 de-

2036 2359 2282 2419 lictorum
2314 2386 2327 2421 :
2360 2368 2477 2426 sine
2508 2376 2737 2433 testibus
2767 2380 2835 2435 sit
2868 2382 3128 2451 judicium
3156 2431 3170 2455 ,
3200 2359 3340 2448 Deus
3385 2404 3435 2450 te
3470 2400 3638 2453 confi-

2035 2458 2233 2533 tentem
2264 2459 2410 2516 solus
2431 2463 2630 2531 audiat,
2661 2468 2802 2526 Deus
2827 2472 3162 2544 qui'peccata
3194 2496 3297 2537 non
3320 2487 3629 2555 exprobrat,

2032 2545 2126 2600 sed
2176 2551 2513 2612 confessione
2557 2573 2772 2629 peccata
2823 2567 2984 2624 delet.
3034 2574 3104 2639 At
3135 2573 3236 2631 hoc
3282 2590 3434 2647 pacto
3473 2585 3634 2642 etiam

2034 2636 2302 2707 pigritaris
2326 2659 2389 2699 ac
2430 2646 2738 2709 detrectas?
2784 2655 2908 2712 Scio
2950 2636 3196 2731 equidem
3251 2636 3634 2733 conscientiam

2030 2743 2246 2786 suorum
2281 2734 2595 2796 delictorum
2641 2752 2951 2806 memoriam
2984 2756 3203 2814 minime
3233 2760 3390 2819 ferre.
3422 2766 3552 2821 Natu
3586 2772 3633 2825 si

2031 2830 2233 2879 tantum
2264 2830 2452 2886 subeat
2470 2835 2706 2892 animum
2733 2856 2918 2898 eorum
2944 2852 3063 2916 qua:
3090 2850 3408 2922 deliquimus
3436 2875 3623 2917 recoro

2027 2914 2177 2972 datio
2203 2959 2218 2983 ,
2253 2930 2521 2993 tamquam
2551 2932 2723 2994 pullus
2749 2914 2974 3004 quidam
2994 2914 3284 3001 indomitus
3322 2964 3384 3005 ac
3411 2951 3623 3010 freuatu

2025 3007 2265 3066 difficilis
2290 3031 2442 3072 mens
2463 3022 2653 3078 resilit.
2681 3025 2786 3082 Sed
2818 3039 2870 3083 tu
2895 3047 3084 3090 coerce
3123 3038 3264 3093 illam
3295 3057 3358 3097 ac
3388 3044 3621 3114 refrena,

2024 3098 2269 3161 demulce
2297 3123 2456 3165 manu
2481 3153 2498 3180 ,
2537 3116 2770 3174 cicurem
2834 3122 2975 3178 illam
3022 3127 3203 3196 redde,
3230 3136 3492 3201 persuade
3511 3137 3626 3196 fore

2024 3201 2102 3258 ut,
2127 3194 2227 3251 nisi
2267 3214 2411 3256 nunc
2435 3206 2756 3263 confiteatur
2776 3252 2789 3274 ,
2820 3213 2930 3268 illic
2950 3194 3268 3275 confiteatur
3284 3262 3300 3287 ,
3337 3224 3425 3280 ubi
3444 3229 3619 3298 major

2022 3297 2201 3353 pinna,
2237 3290 2323 3345 ubi
2354 3291 2646 3353 ditl‘amatio
2672 3300 2860 3371 major.
2888 3303 2984 3361 llic
3012 3306 3274 3377 judicium
3305 3314 3363 3368 fit
3386 3316 3502 3373 sine
3526 3290 3616 3375 te-

2019 3375 2210 3447 stibus,
2237 3395 2300 3435 ac
2328 3390 2382 3438 tu
2410 3383 2592 3455 ipsein
2613 3398 2662 3444 te
2685 3390 2945 3460 judicium
2966 3375 3209 3467 ererces,
3233 3405 3322 3473 qui
3348 3411 3612 3477 peccasti;

2019 3476 2075 3521 at
2103 3470 2211 3526 illic
2237 3473 2287 3527 in
2310 3477 2542 3533 medium
2565 3481 2711 3537 orbis
2733 3492 2995 3541 terrarum
3022 3500 3211 3547 cuncta
3233 3470 3612 3566 producentur,

2020 3563 2119 3617 nisi
2148 3565 2294 3633 prius
2317 3566 2402 3624 hic
2424 3569 2620 3629 fuerint
2638 3590 2667 3630 a
2690 3578 2845 3634 nobis
2874 3580 3066 3638 deleta.
3089 3563 3373 3644 Erubescis
3395 3606 3612 3660 peccata

2017 3656 2260 3713 confiteri
2284 3659 2580 3721 ?erubesce
2598 3679 2816 3738 peccata
2837 3674 3192 3733 committere.
3217 3678 3325 3735 Nos
3344 3697 3472 3738 vero
3487 3684 3615 3741 dum

2018 3746 2105 3801 illa
2146 3751 2529 3810 committimus
2553 3797 2568 3823 ,
2597 3766 2802 3815 temere
2826 3771 2880 3818 et
2906 3765 3243 3835 impudenter
3280 3785 3341 3826 ea
3372 3778 3615 3845 aggredi-

2016 3852 2168 3905 mur;
2200 3855 2321 3897 cum
2352 3854 2529 3901 autem
2561 3862 2620 3903 ea
2649 3847 2844 3907 fuerint
2879 3857 3176 3913 confitenda
3202 3902 3217 3924 ,
3248 3870 3357 3917 tum
3389 3880 3485 3920 nos
3514 3884 3613 3936 pu-

2013 3928 2105 3983 det
2122 3932 2389 4004 pigetque,
2417 3951 2538 3993 cum
2566 3939 2619 3995 id
2654 3943 2903 4000 alacriter
2930 3961 2960 4000 a
2993 3948 3145 4005 nobis
3174 3953 3286 4007 fieri
3318 3965 3611 4024 oporteret.

2011 4022 2126 4079 Non
2168 4027 2310 4083 enim
2354 4030 2765 4101 ignominiosum
2807 4050 2889 4095 est
2939 4043 3182 4101 incusare
3229 4063 3465 4119 peccata,
3514 4058 3607 4110 sed

2007 4117 2209 4188 justitia
2258 4131 2315 4177 et
2360 4125 2574 4183 virtus:
2620 4131 2721 4185 nisi
2743 4132 2946 4202 justitia
2980 4150 3123 4195 esset
3165 4117 3241 4197 ac,
3258 4144 3447 4212 virtus,
3499 4165 3604 4205 non

2012 4217 2376 4283 proposuisset
2409 4219 2483 4273 illi
2509 4225 2811 4281 mercedem
2847 4229 3004 4285 Deus.
3044 4232 3176 4289 Nam
3212 4241 3605 4299 confessimicm

2009 4305 2253 4365 obtinere
2293 4315 2617 4387 mercedem,
2646 4322 2767 4376 audi
2796 4326 2988 4394 quibus
3015 4330 3192 4385 verbis
3221 4334 3496 4404 Scriptura
3526 4347 3600 4393 te—

1988 4408 2180 4469 ,statur
2210 4404 2344 4459 :Dic
2384 4417 2440 4463 tu
2479 4410 2767 4483 iniquitates
2789 4427 2902 4472 tuas
2950 4423 3173 4491 primus,
3208 4435 3262 4479 ut
3304 4429 3606 4498 justi/iactis

2006 4492 2160 4560 (lsai.
2193 4498 2283 4553 45.
2319 4498 2390 4557 25
2415 4503 2452 4572 ).
2491 4503 2661 4572 Quem
2693 4511 2905 4566 tandem
2939 4516 3154 4583 pudebit
3200 4492 3340 4573 illius
3392 4492 3591 4590 operis,

2003 4601 2111 4652 quo
2133 4585 2190 4642 fit
2215 4590 2429 4658 justus?
2452 4611 2613 4665 quem
2637 4601 2876 4657 confiteri
2906 4615 3117 4673 peccata
3151 4610 3363 4677 pudeat,
3394 4585 3449 4666 ut
3477 4629 3600 4683 pec-

2003 4689 2118 4733 eata
2140 4682 2349 4739 solvat?
2368 4686 2503 4742 Num
2533 4692 2675 4745 enim
2699 4691 2898 4750 idcirco
2917 4708 3126 4765 peccata
3154 4701 3303 4769 jubet
3326 4682 3593 4774 confiteri,

2005 4779 2060 4825 ut
2086 4775 2312 4843 puniat?
2337 4779 2447 4835 imo
2474 4790 2529 4836 ut
2555 4783 2806 4840 dimittat.

2074 4870 2127 4923 4.
2176 4871 2307 4929 Nam
2348 4876 2401 4930 in
2428 4878 2664 4934 externis
2689 4879 2900 4949 quidem
2929 4883 3285 4942 tribunalibus
3314 4899 3430 4959 post
3460 4906 3587 4949 con-

2001 4961 2290 5021 fessionem
2318 4970 2559 5037 sequitur
2606 4987 2782 5042 poena.
2825 4974 3114 5047 PrOptcrea
3158 4982 3392 5049 psalmus
3435 4986 3593 5042 etiam

1997 5054 2101 5111 hoc
2151 5058 2321 5127 ipsum
2367 5062 2721 5122 reformidans
2745 5109 2759 5134 ,
2794 5083 2861 5124 ne
2903 5070 3021 5139 quis
3061 5084 3206 5129 metu
3249 5090 3438 5145 parum,
3472 5095 3591 5150 qua:

1995 5149 2393 5210 confessionem
2440 5167 2711 5227 sequatur,
2752 5171 2965 5231 peccata
2995 5165 3312 5239 denegaret,
3339 5171 3434 5238 ait,
3459 5173 3590 5227 Cort-
3684 5250 3689 5255 ἡ

1994 5241 2209 5309 ﬁtemiui
2227 5244 2468 5313 Domino,
2498 5253 2739 5317 quoniam
2766 5254 2958 5319 bonus;
2987 5263 3226 5327 quoniam
3264 5262 3316 5314 in
3348 5264 3591 5320 sa'culum

1994 5335 2338 5391 misericordia
2361 5342 2471 5411 ejus
2514 5340 2685 5414 (Psal.
2717 5345 2840 5402 105.
2873 5348 2951 5416 1).
2984 5348 3119 5404 Num
3162 5352 3301 5405 enim
3349 5361 3433 5405 tua
3464 5368 3588 5424 pec-

1992 5436 2107 5482 cata
2135 5429 2326 5497 nescit,
2372 5431 2473 5488 nisi
2516 5442 2568 5488 tu
2615 5437 2892 5493 confessus
2936 5438 3142 5495 fueris?
3169 5441 3301 5508 Quid
3328 5456 3455 5512 ergo
3485 5445 3580 5499 tihi

1991 5521 2209 5589 prodest
2236 5525 2278 5580 si
2302 5526 2523 5583 minime
2548 5529 2870 5587 confiteare?
2899 5547 3026 5588 num
3044 5534 3183 5588 enim
3209 5544 3356 5604 potes
3379 5538 3587 5594 latere?

1989 5613 2242 5679 Quamvis
2272 5633 2376 5671 non
2408 5618 2627 5687 dixeris,
2662 5622 2750 5678 ille
2780 5625 2926 5678 novit
2962 5643 2977 5677 :
3020 5626 3159 5695 quod
3188 5627 3230 5680 si
3262 5637 3314 5683 tu
3357 5629 3580 5699 dixeris,

1989 5708 2078 5763 ille
2116 5709 2463 5767 obliviscitur.
2507 5712 2643 5770 Ecce
2685 5716 2825 5770 enim
2857 5734 2947 5786 ego
2989 5733 3101 5772 sum
3141 5718 3300 5787 Deus,
3327 5724 3416 5793 qui
3440 5724 3581 5779 deleo

1984 5802 2271 5872 iniquitates
2312 5813 2444 5872 tuas,
2484 5816 2533 5859 ct
2569 5822 2670 5861 non
2695 5808 2997 5863 recordabar
3027 5808 3179 5880 (Isai.
3205 5814 3292 5868 43.
3326 5812 3454 5885 25).
3488 5814 3578 5869 Vi-

1987 5896 2121 5953 des?
2151 5895 2263 5949 Non
2288 5896 2630 5965 recordabor,
2662 5898 2864 5970 inquit;
2900 5911 2979 5955 est
3004 5902 3145 5958 enim
3194 5904 3294 5959 hoc
3333 5907 3574 5962 cientena
