4104 6442
564 391 670 447 050

566 518 687 561 tim:
717 518 771 562 at
800 517 853 562 tu
877 506 1180 572 recordare,
1232 514 1288 560 ut
1316 506 1675 575 castigationis
1702 516 1886 576 captes
1921 506 2157 561 occasio.

566 614 708 655 ncm.
744 599 869 653 "me
897 613 1017 653 cum
1038 598 1292 653 audiisset
1316 597 1529 662 Paulus,
1556 607 1913 667 peccatorum,
1936 612 2159 667 quorum

568 704 675 744 non
713 689 1095 745 recordabatur
1124 690 1284 754 Deus,
1318 697 1576 759 perpetuo
1606 688 2005 755 recordabatur,
2036 703 2158 745 cum

567 780 639 835 ita
663 779 865 834 diceret
897 797 910 834 :
941 778 1062 833 Non
1111 796 1223 833 sum
1270 779 1453 851 dignus
1495 780 1663 833 vocari
1712 779 1991 851 apostolus,
2044 795 2163 849 quo-

568 872 705 925 niam
744 881 1074 943 persequutus
1099 888 1211 925 sum
1240 870 1518 924 Ecclesium
1552 869 1644 924 Dei
1671 871 1748 940 (l.
1780 868 1897 939 Car,
1931 870 2016 925 15.
2058 870 2112 940 9)
2143 889 2158 926 :

564 971 638 1027 et,
664 962 897 1018 Christus
944 964 1073 1017 venit
1106 964 1156 1016 in
1182 963 1424 1016 mundum
1469 972 1752 1030 peccatores
1780 963 1945 1016 salvos
1973 966 2158 1033 facere,

564 1073 780 1125 quarunt
821 1057 1013 1125 primus
1040 1073 1128 1126 ego
1165 1072 1277 1109 sum
1310 1056 1384 1126 (l.
1428 1053 1561 1108 Tim.
1595 1056 1644 1108 l.
1698 1054 1821 1124 15).
1866 1055 1979 1109 l\'on
2009 1054 2159 1117 dixit,

568 1144 750 1214 Eram,
770 1146 886 1215 sed,
907 1146 1055 1200 Sunt.
1082 1146 1240 1200 Facta
1262 1156 1373 1201 erat
1403 1146 1647 1201 remissio
1667 1155 2004 1216 peccatorum
2022 1143 2161 1214 apud

565 1237 754 1304 Deum,
783 1246 837 1292 et
865 1237 1003 1307 apud
1032 1237 1253 1292 Paulum
1279 1247 1616 1306 peccatorum
1647 1238 1905 1291 memoria
1933 1252 2038 1290 non
2056 1235 2154 1290 de—

563 1331 803 1394 lebatur;
836 1345 955 1400 qua:
998 1329 1255 1384 Dominus
1282 1330 1581 1391 deleverat,
1614 1327 1733 1383 hate
1771 1329 1885 1398 ipse
1921 1327 2164 1398 divulga-

562 1419 672 1476 bat.
721 1419 959 1475 Audistis
1011 1419 1154 1474 enim
1202 1419 1517 1488 prolihetam
1567 1416 1836 1473 dicentem
1881 1436 1894 1473 :
1953 1417 2015 1472 Et
2064 1434 2165 1472 non

563 1510 868 1585 recordabar
898 1510 1051 1580 (lsai.
1075 1511 1145 1565 45
1170 1510 1188 1581 )
1220 1527 1233 1564 :
1262 1521 1315 1564 at
1342 1517 1398 1565 tu
1421 1509 1727 1565 recordare.
1755 1509 1894 1565 Deus
1927 1525 2019 1564 vas
2049 1509 2161 1565 ele-

568 1602 762 1657 ctionis
793 1602 969 1672 ipsum
995 1611 1146 1657 vocat
1172 1602 1318 1673 (Act.
1360 1600 1411 1656 9.
1454 1602 1541 1673 15)
1562 1642 1576 1668 ,
1604 1611 1657 1656 et
1693 1601 1792 1655 iste
1821 1615 1881 1656 se
1922 1609 2167 1671 peccato-

564 1711 684 1752 rum
717 1695 948 1765 primum
976 1705 1151 1751 vocat.
1186 1696 1338 1762 Quod
1387 1696 1431 1750 si
1464 1702 1803 1765 peccatorum
1833 1709 1941 1748 non
1969 1693 2163 1749 oblivi-

564 1787 834 1853 scebatur,
862 1786 1034 1857 cogita
1062 1803 1168 1858 quo
1197 1798 1350 1858 pacto
1378 1788 1470 1842 Dei
1504 1787 1884 1843 beneficiorum
1920 1784 2169 1841 recorda-

565 1886 734 1933 retur.
767 1878 905 1946 Quid
936 1893 1036 1950 ego
1073 1879 1194 1935 dico
1232 1880 1542 1933 memoriam
1579 1887 1917 1949 peccatorum
1952 1878 2169 1933 minime

568 1968 766 2038 probro
795 1968 1048 2026 afﬁcere?
1077 1985 1184 2025 non
1216 1970 1286 2025 ita
1328 1986 1425 2025 nos
1450 1971 1706 2026 memoria
1734 1980 1880 2026 recte
1910 1970 2168 2026 factorum

569 2062 746 2117 reddit
789 2063 1043 2131 illustres,
1094 2072 1151 2118 ut
1190 2065 1445 2119 memoria
1480 2073 1817 2134 peccatorum
1849 2082 1864 2118 :
1910 2064 2016 2118 imo
2042 2078 2171 2120 vero

570 2170 676 2211 non
706 2155 866 2211 modo
893 2173 1001 2212 non
1033 2156 1205 2212 reddit
1249 2158 1482 2213 illustres
1512 2159 1767 2212 memoria
1819 2167 1965 2212 recte
2006 2158 2174 2212 facto-

570 2261 709 2312 rum,
739 2246 835 2303 sed
880 2249 1042 2303 etiam
1094 2250 1383 2319 Oppi-ebrio
1422 2248 1587 2304 afﬁcit
1635 2258 1691 2304 et
1726 2248 2081 2315 condemnat;
2118 2258 2174 2303 at

571 2346 913 2407 peccatorum
957 2339 1213 2396 memoria
1270 2339 1459 2395 ﬁducia
1505 2355 1604 2395 nos
1642 2354 1706 2395 ac
1743 2341 1948 2410 justitia
2002 2340 2169 2394 multa

571 2429 826 2484 cumulat.
880 2429 1010 2498 Quis
1036 2430 1140 2485 hoc
1165 2429 1340 2486 dicit?
1386 2429 1688 2485 Pharistcus
1732 2441 1787 2485 et
1834 2429 2170 2501 publicanus.

570 2520 702 2576 Nam
737 2522 822 2577 hic
845 2522 1058 2593 quidem
1089 2538 1210 2579 cum
1250 2538 1345 2578 sua
1386 2535 1601 2594 peccata
1631 2524 1873 2589 dixisset,
1910 2523 2171 2593 iustiﬁca-

579 2622 664 2667 ius
699 2612 1005 2677 descendit;
1036 2613 1124 2669 ille
1155 2628 1281 2668 vero
1308 2628 1430 2668 eum
1459 2629 1554 2669 sua
1581 2625 1728 2669 recte
1746 2614 1891 2670 facta
1920 2614 2167 2681 dixisset,

573 2703 856 2773 publicano
908 2702 1078 2757 factus
1124 2701 1345 2759 inferior
1382 2704 1679 2760 descendit.
1730 2705 1890 2762 Vides
1919 2716 2174 2777 quantum

578 2795 767 2851 atl‘erat
794 2795 974 2851 damni
1019 2808 1162 2852 recte
1210 2796 1469 2853 factorum
1520 2798 1876 2854 meminisse:
1923 2808 2176 2870 quautam

576 2890 750 2958 pariat
804 2890 1086 2943 utilitatem
1139 2899 1478 2960 peccatorum
1530 2890 1752 2946 minime
1792 2891 2072 2947 oblivisci?
2102 2894 2179 2947 Ac

581 2983 771 3037 merito
799 2998 928 3037 sane
958 3000 972 3038 :
1001 2983 1089 3052 qui
1115 2998 1344 3053 namque
1368 2993 1514 3039 recte
1541 2983 1801 3039 factorum
1833 2984 2095 3051 meminit,
2124 2985 2175 3039 iu

580 3074 886 3144 superbiam
952 3074 1211 3142 ell'ertur,
1264 3085 1488 3131 caeteros
1538 3076 1783 3131 homines
1832 3086 2177 3146 aspernatur,

580 3166 720 3235 quod
752 3175 804 3221 et
832 3166 1025 3221 accidit
1065 3166 1334 3222 Phariszco
1364 3184 1376 3220 :
1406 3182 1581 3238 neque
1604 3166 1745 3222 enim
1774 3167 1826 3221 in
1856 3177 2055 3222 tantam
2083 3182 2180 3222 ve-

583 3261 753 3317 nisset
775 3263 1167 3333 arrogantiam,
1197 3277 1303 3317 non
1332 3260 1575 3326 dixisset,
1609 3259 1731 3315 Non
1765 3277 1877 3316 sum
1903 3261 2034 3315 sicut
2076 3276 2181 3315 ca:-

588 3357 682 3410 teri
708 3357 934 3411 homines
970 3355 1119 3427 (Luc.
1165 3357 1253 3411 l8.
1296 3356 1357 3410 11
1384 3356 1438 3425 ),
1472 3354 1572 3409 nisi
1622 3353 1809 3424 jejunii
1839 3353 1920 3408 sui
1947 3353 2183 3409 decima-

583 3464 807 3520 rumquc
835 3448 1167 3503 meminisset
1184 3437 1207 3513 ἴ
1227 3448 1482 3502 memoria
1509 3460 1635 3502 vero
1660 3454 1999 3516 peccatorum
2027 3459 2180 3499 men-

585 3551 691 3599 tem
720 3542 980 3613 reprimit,
1008 3542 1360 3597 humilitatem
1387 3541 1600 3605 suadet,
1629 3555 1692 3596 ac
1717 3556 1808 3611 per
1826 3540 2180 3595 humilitatem

586 3636 1013 3693 benevolentiam
1047 3638 1135 3693 Dei
1164 3637 1434 3692 conciliat.
1461 3636 1618 3702 Audi,
1658 3652 1864 3708 quaeso,
1890 3651 1998 3708 quo
2028 3645 2185 3706 pacto

590 3742 692 3784 nos
743 3729 989 3785 Christus
1029 3740 1174 3785 recte
1221 3730 1360 3785 facta
1391 3730 1644 3785 oblivioni
1698 3729 1911 3786 tradere
1950 3730 2135 3799 jubeat
2168 3748 2183 3785 :

587 3816 719 3874 Cum
754 3822 973 3892 feceritis
1020 3821 1128 3874 Iure
1157 3822 1345 3886 omnia,
1376 3806 1565 3885 dicite;
1594 3820 1741 3876 Servi
1784 3821 1990 3875 inutiles
2013 3837 2186 3876 sumus

590 3912 745 3984 (Luc.
789 3914 877 3968 l7.
903 3914 969 3969 10
999 3912 1042 3985 ).
1093 3913 1172 3969 Tu
1197 3914 1283 3970 dic
1311 3914 1550 3969 inutilem
1581 3928 1701 3969 esse
1729 3923 1781 3970 te
1806 3928 2044 3979 servum,
2074 3929 2182 3968 non

596 4021 700 4076 ego
721 4015 772 4061 te
799 4006 1037 4062 inutilem
1069 4007 1238 4062 reddo
1266 4024 1279 4060 :
1307 4016 1360 4061 tu
1387 4007 1431 4062 si
1465 4018 1607 4061 tuam
1638 4008 1752 4075 ipse
1773 4007 2030 4061 vilitatem
2053 4021 2186 4061 con-

593 4097 765 4155 fessus
791 4098 974 4169 fueris,
1006 4113 1107 4170 ego
1128 4107 1179 4155 te
1208 4099 1466 4155 illustrem
1490 4098 1676 4165 reddo,
1707 4107 1762 4154 et
1783 4112 1981 4154 corona
2010 4112 2189 4153 remu-

594 4205 727 4245 liCl‘O

677 4279 1009 4335 Peccatorum
1050 4282 1309 4337 recordari
1345 4299 1496 4354 quam
1537 4284 1678 4338 utile.
1722 4282 1951 4338 Examen
1991 4282 2188 4337 consci-

594 4374 742 4428 entia:
793 4372 1092 4428 ineundum.
1133 4404 1204 4414 —-
1239 4374 1401 4429 Vides
1449 4384 1579 4445 quot
1630 4374 1952 4430 testimoniis
2005 4373 2190 4428 utilem

598 4479 718 4520 esse
753 4474 1097 4534 peccatorum
1128 4466 1442 4521 memoriam
1472 4466 1625 4521 nobis
1670 4465 1832 4521 fuerit
1870 4464 2190 4534 comproba-

595 4566 729 4617 tum.
754 4565 813 4613 et
839 4558 1052 4612 noxiam
1075 4560 1386 4614 memmium
1415 4567 1561 4614 recte
1586 4557 1846 4613 factorum
1878 4575 1891 4612 :
1923 4568 1977 4612 et
2005 4567 2190 4613 contra

595 4664 784 4705 rursus
834 4650 1150 4720 supplicium
1196 4649 1351 4704 nobis
1399 4665 1462 4704 ex
1513 4648 1779 4704 oblivione
1824 4656 2191 4719 peccatorum,

597 4741 878 4796 utilitatem
924 4749 1100 4796 autem
1122 4757 1187 4795 ex
1220 4740 1487 4796 obl.vione
1541 4750 1685 4796 recte
1727 4739 1986 4796 factorum
2028 4740 2194 4796 oriri?

600 4833 692 4888 Vis
719 4834 881 4889 etiam
914 4833 1130 4889 aliunde
1177 4847 1501 4905 cognoscere
1543 4832 1833 4887 maximum
1878 4846 1998 4888 esse
2051 4841 2197 4890 recte

601 4924 797 4981 factum
838 4936 1173 4997 peccatorum
1204 4926 1505 4982 recordari?
1545 4926 1678 4980 Audi
1703 4927 1915 4984 Jobum.
1948 4928 2017 4985 Ut
2053 4931 2195 4984 enim

600 5017 813 5074 caeteris
859 5017 1201 5088 gloriabatur,
1247 5019 1317 5073 ita
1357 5029 1411 5073 et
1449 5018 1785 5075 confessione
1826 5029 2195 5090 peccatorum,

593 5125 723 5166 eum
765 5110 835 5165 ita
882 5109 1122 5166 diceret:
1157 5110 1307 5175 Quod
1335 5111 1379 5163 si
1415 5127 1529 5164 cum
1551 5122 1729 5181 sponte
1765 5128 2065 5182 peccassem,
2106 5130 2197 5168 ea:-

602 5202 718 5273 ραυί
746 5202 1081 5270 frequentia»:
1107 5202 1483 5268 multitudinis;
1517 5212 1571 5255 ut
1598 5220 1700 5257 non
1743 5205 2056 5257 enuntiarem
2080 5221 2200 5275 pec-

588 5330 595 5338 .
627 5303 723 5347 ata
754 5310 862 5348 mea
909 5291 1041 5365 (Job
1075 5295 1168 5348 51.
1196 5292 1322 5366 54)-
1348 5293 1547 5349 llorum
1590 5304 1767 5350 autem
1804 5295 2086 5351 verborum
2114 5296 2201 5353 hic

602 5398 794 5439 sensus
837 5395 918 5439 est
962 5402 974 5439 :
1005 5400 1291 5454 numquam
1324 5383 1450 5438 mihi
1478 5393 1648 5440 castus
1689 5401 2068 5441 conservorum
2098 5403 2199 5457 pu-

606 5476 793 5531 dorem
834 5476 1105 5545 imposuit.
1151 5475 1285 5542 Quid
1333 5477 1474 5530 enim
1524 5478 1741 5546 prodest
1796 5479 2035 5547 ignotum
2080 5494 2202 5535 esse

610 5565 936 5634 hominibus,
962 5568 1271 5624 cumJudex
1296 5569 1479 5623 omnia
1509 5570 1755 5624 noverit?
1780 5569 1907 5639 quid
1935 5585 2064 5624 vero
2095 5586 2195 5625 uo-

609 5668 718 5726 eet,
751 5658 894 5729 quod
938 5659 990 5713 bi
1034 5675 1156 5730 qua:
1182 5675 1211 5713 a
1244 5660 1397 5713 nobis
1426 5660 1709 5714 commissa
1757 5668 1900 5725 sunt,
1935 5663 2198 5726 noverint,

615 5754 660 5807 si
692 5769 788 5806 nos
819 5752 908 5806 ille
950 5768 1103 5822 paena
1130 5753 1357 5809 voluerit
1386 5754 1658 5809 liberare?
1685 5754 1832 5810 Licet
1855 5769 2042 5810 omnes
2067 5771 2197 5809 con-

611 5843 892 5905 demnem,
917 5844 960 5898 si
989 5861 1072 5899 me
1102 5845 1309 5900 calculo
1330 5861 1428 5901 suo
1445 5846 1614 5903 ludes
1637 5848 1901 5917 absolvat,
1930 5847 2059 5905 nihil
2078 5848 2200 5905 illo-

1316 389 1374 446 s.
1414 389 1689 448 JO.\NNIS
1728 390 2198 448 eunvsosroin
2244 382 2558 452 ancoram.
2600 399 3123 459 consummet“.
3747 405 3832 463 uno

2274 523 2386 561 rum
2414 513 2731 565 sententiam
2776 527 2903 568 curo
2938 533 2953 570 :
2998 514 3118 569 licet
3160 529 3345 571 omnes
3377 517 3595 574 laudent
3632 531 3684 577 et
3706 517 3830 572 cele-

2267 601 2442 663 breut,
2473 602 2516 654 si
2542 618 2625 657 me
2650 604 2737 658 ille
2773 606 3115 672 condemnet,
3149 608 3282 663 nihil
3305 609 3435 663 mihi
3460 609 3707 679 judicium
3736 616 3831 671 illo-

2268 707 2384 747 rum
2422 695 2655 763 prodcst.
2688 696 2909 765 Semper
2950 699 3092 753 enim
3133 700 3317 756 oculos
3346 703 3397 756 in
3454 703 3600 758 illum
3648 720 3833 777 oportet

2267 794 2596 852 convertere,
2626 787 2870 858 idemque
2894 790 3249 858 prmstandum
3267 801 3347 847 est
3372 793 3423 846 iu
3445 796 3688 863 peccatis,
3711 801 3831 868 quod

2265 875 2319 931 in
2353 879 2691 946 pecuniarum
2739 880 2977 950 impensa
3011 891 3343 951 prmstamus.
3382 882 3574 940 Statim
3611 887 3740 941 enim
3768 900 3833 943 at-

2264 981 2371 1038 que
2410 983 2448 1023 c
2487 969 2645 1023 cubili
2689 972 3039 1037 surreximus,
3095 985 3380 1044 antequam
3436 976 3622 1045 pedem
3678 979 3724 1031 in
3767 979 3826 1031 for

2265 1075 2383 1114 rum
2435 1061 2746 1127 inferamus,
2802 1072 2896 1117 aut
2943 1064 3156 1134 aliquod
3208 1066 3473 1134 privat'm
3531 1067 3833 1136 publicumve

2268 1152 2538 1221 negotium
2592 1154 2963 1223 aggrediamur
2991 1196 3006 1222 ,
3050 1165 3239 1211 vocato
3286 1169 3446 1211 servo
3483 1158 3731 1213 rationem
3773 1160 3829 1213 ab

2266 1257 2332 1298 eo
2384 1243 2644 1314 exigimus
2688 1259 3077 1315 expensorum,
3135 1256 3192 1301 ut
3245 1247 3522 1303 videamus
3568 1248 3687 1318 quid
3735 1264 3834 1319 per-

2268 1348 2488 1403 peram,
2546 1334 2674 1405 quid
2719 1335 2773 1390 in
2824 1337 3087 1409 legitimos
3133 1353 3262 1392 usus
3316 1339 3638 1409 insumptum
3678 1338 3829 1405 fuerit,

2267 1436 2631 1497 quantumque
2651 1428 2722 1482 sit
2750 1428 3016 1498 reliquum
3040 1448 3052 1484 :
3070 1429 3210 1500 quod
3229 1426 3272 1485 si
3298 1431 3639 1501 perexiguum
3654 1430 3835 1486 essevio

2269 1516 2437 1572 derim
2447 1532 2510 1573 us
2530 1518 2602 1584 id,
2622 1519 2761 1590 quod
2782 1528 2969 1586 restat,
2999 1535 3186 1576 omnes
3201 1520 3313 1577 vias
3339 1521 3695 1593 augendorum
3713 1521 3832 1577 redi-

2275 1617 2426 1663 tuum
2448 1610 2833 1680 exeogitamus,
2856 1626 2925 1666 ne
2951 1610 3089 1666 forte
3118 1611 3315 1667 incauti
3334 1612 3474 1668 fame
3499 1612 3831 1668 conﬁciantur.

2279 1699 2394 1756 lloc
2436 1699 2596 1770 igitur
2633 1711 2686 1755 et
2721 1700 2771 1756 in
2813 1703 3111 1758 actionibus
3151 1704 3350 1759 nostris
3397 1704 3664 1760 faciamus.
3685 1704 3835 1759 Advo-

2270 1803 2387 1848 eala
2417 1793 2740 1849 conscientia
2780 1804 2961 1849 nostra
2997 1796 3235 1851 rationes
3270 1796 3546 1867 exigamus
3565 1797 3629 1851 ab
3655 1811 3712 1852 ea
3738 1811 3830 1849 ver-

2273 1883 2483 1952 borum,
2524 1886 2816 1950 actionum,
2859 1886 3278 1957 cogitationum;
3332 1887 3680 1958 disiluiramus
3721 1885 3827 1958 quid

2272 1975 2555 2031 commode
2607 1977 2914 2048 utiliterque
2965 1978 3034 2033 sit
3093 1978 3459 2050 insumptum,
3513 1979 3633 2049 quid
3670 1979 3716 2034 in
3752 1994 3832 2034 no-

2273 2077 2441 2123 strum
2464 2067 2750 2134 damnum;
2776 2070 2895 2138 quis
2920 2082 3101 2125 sermo
3121 2085 3402 2141 perperam
3424 2070 3579 2126 fuerit
3599 2069 3833 2141 impensus

2276 2162 2327 2217 in
2359 2162 2736 2230 detractiones,
2770 2162 2822 2218 in
2853 2163 3196 2235 turpiloquia,
3232 2165 3287 2219 in
3302 2165 3680 2229 contumelias;
3710 2178 3833 2235 qua:-

2276 2268 2399 2309 nam
2427 2257 2680 2326 cogitatio
2715 2255 2782 2310 ad
2830 2256 3101 2311 lasciviam
3147 2255 3362 2311 oculum
3404 2256 3694 2321 concitarit,
3713 2252 3830 2323 quod

2275 2347 2559 2403 consilium
2588 2348 2639 2402 in
2668 2348 2919 2403 damnum
2961 2356 3201 2404 nostrum
3233 2348 3286 2403 in
3317 2363 3456 2420 opus
3495 2351 3701 2415 exierit,
3740 2350 3833 2402 sive

2279 2441 2528 2495 manibus
2572 2439 2740 2507 illud,
2793 2440 2905 2496 sive
2951 2440 3165 2512 lingua,
3207 2440 3319 2495 sive
3366 2440 3537 2496 oculis
3575 2440 3697 2512 ipsis
3738 2439 3832 2493 fue-

2278 2532 2445 2586 rimus
2471 2532 2753 2602 exsequuti
2784 2550 2799 2587 :
2830 2538 2885 2587 et
2912 2531 2980 2586 ab
3002 2532 3388 2601 intempestivis
3406 2531 3617 2603 quidem
3639 2529 3834 2599 sumpti-

2279 2624 2379 2680 bus
2403 2624 2671 2681 abstincre
2699 2622 3028 2692 Studeamus,
3050 2623 3105 2679 in
3131 2624 3304 2680 locum
3328 2635 3507 2679 autem
3530 2636 3833 2692 eorum,qu:e

2281 2717 2419 2773 male
2463 2718 2729 2787 insumpta
2758 2726 2900 2781 sunt,
2931 2718 3068 2772 alios
3100 2716 3303 2773 reditus
3328 2718 3675 2773 recondamus
3700 2733 3713 2769 :
3740 2714 3838 2769 loco

2280 2816 2567 2869 verborum
2593 2824 2796 2871 temere
2822 2812 3148 2883 prolaturum
3177 2827 3388 2883 preces,
3418 2812 3536 2868 loco
3563 2820 3834 2881 aspectuum

2283 2908 2601 2963 lascivorum
2653 2905 3025 2976 eleemosynas
3067 2913 3123 2960 et
3160 2902 3385 2975 jejunia.
3412 2903 3470 2961 Si
3498 2903 3634 2959 enim
3672 2902 3835 2955 intem-

2282 3001 2485 3070 pestive
2526 2997 2696 3055 simus
2740 2997 3095 3067 insumpturi,
3131 2996 3264 3051 nihil
3305 3004 3486 3051 autem
3512 2988 3834 3059 recondituri,

2286 3107 2459 3162 neque
2482 3090 2606 3146 boni
2628 3089 2914 3161 quidquam
2932 3088 3086 3144 nobis
3116 3088 3168 3143 in
3196 3087 3464 3143 thesauris
3490 3084 3770 3156 reposituri,
3792 3079 3835 3135 in

2284 3192 2577 3237 extremam
2616 3189 2905 3250 egestatem
2932 3177 3179 3235 redactos
3220 3178 3465 3233 incautos
3512 3177 3563 3231 in
3602 3184 3823 3230 :ctemum

2286 3273 2425 3345 ignis
2468 3272 2785 3342 supplicium
2827 3271 3130 3342 prmcipites
3157 3284 3397 3341 agemus.
3428 3271 3506 3325 Ac
3537 3267 3837 3340 pecuniarum

2285 3366 2497 3436 quidem
2529 3378 2740 3419 summo
2765 3377 2922 3418 mane
2938 3362 3145 3418 olemus
3163 3362 3399 3417 rationes
3428 3361 3581 3427 inire,
3610 3357 3836 3414 actionum

2287 3464 2416 3513 vero
2444 3465 2566 3527 post
2592 3446 2894 3527 prandium,
2926 3454 3009 3510 vel
3036 3454 3137 3510 sub
3163 3454 3334 3525 ipsam
3361 3466 3637 3524 vesperam
3655 3450 3703 3505 iu
3728 3448 3841 3502 lecto

2284 3553 2546 3624 iacentes,
2575 3549 2789 3605 nemine
2829 3546 3222 3617 interpellante,
3253 3546 3470 3601 nemine
3496 3539 3840 3599 interturbante

2289 3660 2319 3699 a
2348 3645 2501 3700 nobis
2531 3642 2659 3715 ipsis
2686 3641 2947 3706 omnium,
2965 3656 3084 3711 qua:
3114 3638 3334 3695 fecimus
3354 3653 3420 3694 ac
3436 3637 3676 3701 diximus,
3702 3629 3838 3686 ratio-

2289 3749 2413 3790 nem
2439 3734 2732 3804 exigamus.
2763 3729 2916 3799 Quod
2940 3730 2984 3784 si
3009 3729 3132 3801 quid
3157 3736 3437 3799 peccatum
3481 3741 3598 3783 esse
3636 3716 3839 3778 animad-

2289 3834 2582 3890 vertamus,
2626 3824 2951 3893 castigemus
2995 3821 3403 3885 conscientiam,
3437 3828 3664 3889 meutem
3699 3814 3842 3868 inere-

2290 3929 2499 3988 pemus,
2527 3930 2622 3970 cor
2655 3922 2894 3969 nostrum
2938 3911 3010 3966 ita
3052 3910 3402 3965 vehementer
3442 3912 3839 3978 compungamusi

2295 4017 2353 4063 ut
2377 4022 2481 4061 non
2504 4004 2755 4074 amplius,
2784 4002 2872 4057 ubi
2895 4005 3309 4067 surrexerimus,
3333 4001 3388 4054 in
3407 4000 3545 4055 idem
3568 3993 3749 4067 peccati
3771 3990 3844 4045 ba-

2291 4098 2532 4155 rathrum
2558 4112 2656 4151 nos
2681 4094 2970 4150 audeamus
2996 4091 3292 4163 impellere,
3320 4089 3632 4161 vespertina:
3668 4092 3839 4138 memo-

2293 4205 2381 4246 res
2406 4189 2685 4245 sectionis.

2364 4284 2420 4337 5.
2439 4282 2553 4337 lloc
2567 4282 2706 4336 enim
2728 4289 2935 4349 tempus
2962 4276 3138 4347 aptius
3157 4289 3277 4331 esse
3301 4273 3370 4328 ad
3396 4268 3651 4344 ejusmodi
3674 4257 3843 4321 ratioci-

2296 4377 2462 4441 nium,
2481 4374 2721 4444 audiquo
2741 4380 2894 4442 pacto
2915 4379 3136 4425 testetur
3153 4366 3556 4439 propheta,cum
3566 4362 3699 4417 dicat
3714 4353 3846 4453 soul.

2296 4468 2462 4522 dicitis
2474 4467 2524 4520 iu
2536 4464 2769 4519 cordibus
2780 4463 2973 4528 uestris,
2989 4461 3042 4514 in
3054 4458 3297 4514 cubitibus
3312 4458 3485 4512 uestris
3496 4444 3846 4522 compungimini

2298 4557 2527 4632 (Ρωω.
2543 4555 2622 4628 5).
2641 4554 2798 4609 Multa
2813 4551 3039 4608 interdiu
3058 4565 3163 4605 non
3180 4560 3236 4604 ut
3252 4547 3496 4604 volumus
3509 4562 3538 4600 a
3556 4541 3698 4598 nobis
3711 4538 3842 4632 ﬁunt

2298 4628 2353 4707 et
2388 4648 2545 4703 amici
2593 4645 2901 4709 oli'eudunt,
2947 4652 3001 4697 et
3037 4649 3357 4711 eanperant
3380 4636 3560 4701 servi,
3604 4628 3843 4687 contristat

2300 4754 2455 4805 uxor,
2482 4738 2624 4793 ﬁlius
2659 4737 2845 4793 dolore
2885 4733 3064 4798 afﬁcit,
3094 4732 3427 4803 negotiorum
3463 4722 3773 4784 saecularium
3796 4727 3845 4767 ac

2300 4832 2632 4905 publicorum
2661 4844 2760 4886 nos
2788 4828 2941 4884 turba
2980 4825 3345 4888 circumsidet,
3392 4835 3560 4892 neque
3603 4823 3847 4888 possumus

2302 4904 2616 4996 intelligere,
2649 4939 2718 4980 ne
2744 4922 2961 4994 quidem
2996 4937 3099 4991 qua
3138 4920 3345 4974 ratione
3372 4916 3768 4987 supplantemur.
3793 4904 3846 4996 At

2304 5018 2388 5072 his
2433 4991 2680 5072 omnibus
2726 4991 2957 5084 eipediti
2983 5052 2999 5078 ,
3045 5025 3166 5066 cum
3216 5009 3317 5064 soli
3362 5008 3613 5063 fuerimus
3645 4991 3842 5065 vesperi.

2304 5112 2577 5181 multaque
2603 5109 2705 5164 frui
2732 5105 2939 5162 licuerit
2961 5103 3365 5174 tranquillitate,
3390 5099 3644 5186 judicium,
3666 5093 3711 5186 in
3733 5090 3846 5186 lecto

2304 5177 2620 5268 excitemus,
2646 5207 2704 5255 ut
2730 5199 2896 5254 Deum
2924 5196 3076 5253 nobis
3107 5194 3389 5265 propitium
3415 5185 3667 5261 ejusmodi
3698 5177 3845 5235 habita

2304 5294 2602 5365 quastione
2642 5290 2949 5346 reddamus.
2976 5287 3129 5355 Quod
3150 5289 3193 5341 si
3222 5284 3457 5355 quotidie
3503 5285 3780 5350 peccemus,
3804 5272 3846 5317 cl

2306 5387 2541 5443 animum
2570 5392 2811 5438 nostrum
2848 5381 3210 5439 vulneremus.
3245 5388 3528 5443 numquam
3554 5376 3715 5422 autem
3748 5370 3846 5411 seu-

2306 5481 2522 5543 tiamus,
2543 5488 2600 5531 ut
2622 5477 2708 5546 qui
2733 5474 2953 5529 vulnera
2980 5471 3286 5540 frequenter
3311 5465 3587 5535 accipiunt,
3610 5471 3667 5511 ac
3684 5445 3842 5508 deiud‘!

2308 5571 2628 5641 contemptis
2666 5569 2768 5623 illis
2817 5566 3004 5621 febrim
3031 5564 3130 5618 sibi
3162 5562 3247 5617 vel
3280 5554 3653 5616 intolerandum
3691 5552 3842 5641 accc“:

2309 5673 2426 5718 sunt
2449 5639 2720 5717 interitum
2753 5676 2768 5712 :
2798 5660 2873 5712 sic
2889 5667 2943 5712 et
2960 5672 3057 5710 nos
3077 5656 3176 5709 hoc
3201 5654 3451 5708 continuo
3473 5657 3692 5716 stupore.
3714 5639 3847 5693 ille”

2317 5754 2462 5809 tabili
2485 5768 2582 5807 nos
2609 5751 2866 5806 obnoxios
2894 5747 3150 5817 supplicio
3185 5743 3527 5799 reddidimus.
3564 5734 3678 5789 Scio
3703 5720 3839 5781 male‘

2311 5860 2392 5906 sta
2418 5862 2535 5904 esse
2563 5860 2680 5918 qua:
2716 5843 2961 5913 dicimus,
2985 5840 3079 5897 sed
3109 5841 3325 5897 multam
3357 5836 3557 5910 pariunt
3586 5826 3838 5886 utilitatem-
