4104 6440
371 362 487 419 659

372 470 438 529 δέ
462 474 757 560 μνήσθητι,
792 477 878 531 ἴνα
905 482 1286 552 σωφρονισμοῦ
1320 483 1492 560 λάϐῃς
1522 488 1798 549 ὑπόθεσιν.
1826 495 1954 549 Τού-

372 572 491 609 των
532 556 772 621 ἀκούσας
801 562 830 612 6
859 561 1068 646 Παῦλος
1090 601 1105 626 ,
1134 556 1571 638 ἁμαρτημάτων,
1600 565 1675 625 ὧν
1701 575 1801 628 οὐκ
1826 577 1955 646 ἐμέ-

377 654 552 709 μνητο
575 641 605 692 6
631 639 764 703 Θεὸς
788 683 803 706 ,
832 643 997 706 αὐτὸς
1034 644 1293 715 διηνεκῶς
1324 650 1600 722 ἐμέμνητο
1628 655 1828 710 οὑτωσὶ
1858 639 1954 712 ’λέ-

372 735 491 806 γων
512 724 680 806 οὔούκ
718 724 836 791 εἰμί
873 726 1079 793 ἱκανὸς
1117 730 1429 786 καλεῖσθαι
1470 734 1833 806 ἀπόστολος,
1863 740 1953 795 ὅτι

368 800 592 890 ἐδίωξα
616 803 730 872 τὴν
762 807 1153 890 Ἐκκλησίαν·
1204 813 1297 866 καὶ
1314 854 1330 880 ,
1357 816 1609 885 Χριστὸς
1654 800 1841 890 ἦλθέτὶ
1864 826 1954 890 εἰς

368 884 486 939 τὸν
505 887 749 971 κόσμον(
763 888 1150 971 ἁμαρτωλοὺς
1176 892 1229 965 [6
1238 891 1324 967 64]
1367 884 1591 964 σῶσαι,
1608 884 1695 955 ὧν)
1721 884 1951 971 πρῶτός

366 970 490 1037 ειμι
522 967 659 1058 ἐγώ.
687 970 801 1023 Οὐκ
832 967 1005 1058 εἷπεν,
1037 974 1109 1027 Ἤ
1116 993 1246 1048 μην,
1285 978 1421 1045 ἀλλ’,
1448 981 1602 1051 Εἰμί.
1642 984 1705 1037 Ἠ
1738 967 1951 1058 συγχώξ

369 1051 784 1139 ρησιςμέγὲνετο
807 1051 915 1107 τῶν
942 1055 1356 1129 ἁμαρτημάτων
1390 1063 1541 1135 παρὰ
1576 1066 1654 1137 τῷ
1688 1051 1952 1139 Θεῷξῖιαὶ

368 1134 407 1219 ἡ
455 1134 641 1219 μνήμη
690 1132 798 1188 τῶν
838 1141 1352 1219 συγκεχωρημένων
1401 1132 1819 1219 ἁμαρτημάτων
1849 1153 1951 1207 οὐκ

363 1215 861 1305 ἠφαῖίξετοηπαρδῖ
889 1219 1189 1305 ἳῷλῌαύλῳ
1211 1241 1224 1255 ·
1259 1226 1403 1299 ἅπερ
1435 1215 1463 1282 6
1507 1215 1783 1305 Δεσπότης
1837 1236 1947 1288 ὰπ-

363 1297 578 1368 ήλειψε,
605 1298 776 1389 ταῦτα
803 1301 964 1365 αὐτὸς
978 1297 1381 1389 ἐξεπόμπευενξ
1395 1311 1692 1368 Ἠκούσατε
1717 1297 1827 1389 γάρ
1853 1317 1947 1371 τοῦ

364 1382 648 1472 προφήτου
674 1381 958 1472 λέγοντοςἐ
982 1386 1092 1472 Καὶ
1112 1391 1191 1472 οὐ
1216 1389 1304 1460 μὴ
1323 1393 1606 1461 μνησθῶο
1643 1398 1707 1451 σὺ
1731 1381 1949 1472 δὲ’μνὴ-

365 1463 550 1532 σθητι.
587 1464 644 1517 ’0
666 1464 799 1547 Θεὸς
830 1465 1021 1533 σκεῦος
1044 1470 1276 1544 ἐκλογῆς
1299 1475 1461 1530 αὐτὸν
1479 1477 1653 1544 καλεῖ,
1669 1481 1764 1534 καὶ
1790 1463 1946 1547 οῦτος

362 1547 584 1619 πρῶτον
620 1546 727 1601 τῶν
772 1549 1115 1621 ἁμαρτωλῶν
1164 1555 1353 1612 ἐαυτὸν
1420 1560 1591 1615 καλεῖ.
1629 1562 1693 1615 Εἰ
1735 1563 1792 1617 δὲ
1836 1546 1945 1620 τῶν

365 1632 872 1702 συγκεχωρημένων
921 1634 1337 1709 ἁμαρτημάτων
1380 1642 1480 1696 οὐκ
1530 1644 1941 1714 ἐπελανθάνετο,

360 1714 618 1784 ἐννόησον
652 1714 768 1777 πῶς
800 1715 908 1769 τῶν
949 1717 1279 1789 εὐεργεσιῶν
1322 1724 1604 1798 ἐμέμνητο
1641 1724 1735 1781 τοῦ
1783 1729 1939 1785 Θεοῦ.

360 1793 484 1849 Καὶ
516 1796 757 1885 ’τί-λέγω,
801 1797 883 1885 ὅτι
909 1800 970 1885 ού
1013 1793 1371 1875 καταισχύνεί
1397 1793 1584 1882 μνήμη
1615 1812 1941 1885 ἁμαρτημά-

360 1895 511 1946 των;
544 1880 640 1950 οὐχ
657 1878 839 1967 οὓτως
854 1883 1003 1954 ἡμᾶς
1020 1887 1162 1938 ποιεῖ
1187 1887 1474 1962 λαμπροὺς
1490 1878 1941 1967 ’κατορθωμάτων

361 1961 471 2051 μνή
483 1979 579 2051 μη,
606 1963 682 2027 ὼς
708 1965 740 2033 ἡ
774 1964 880 2051 τῶν
916 1967 1331 2051 ἁμαρτημάτων
1350 1961 1546 2046 μνήμη
1562 1992 1576 2007 ο
1608 1961 1806 2048 μᾶλλον
1828 1979 1883 2033 δὲ
1907 1981 1939 2051 ἡ

320 2074 329 2081 -
361 2044 467 2111 μὲν
495 2042 603 2097 τῶν
643 2045 1079 2118 κατορθωμάτων
1136 2053 1323 2124 μνήμη
1360 2042 1639 2128 οὐῄμόνον
1685 2063 1746 2115 ού
1798 2042 1944 2117 ποιεί

356 2124 852 2214 λαμπρουςὶάλλά
883 2131 978 2184 καὶ
1008 2132 1269 2207 αἰσχύνης
1302 2124 1499 2209 πληροῖ
1536 2142 1630 2196 καὶ
1658 2145 1941 2214 καταγνώ-

303 2206 311 2211 ’
357 2212 621 2301 {mir-11
660 2210 739 2301 ᾂὲ,
763 2211 872 2266 τῶν
920 2206 1333 2301 ἀξμειρτημάλτων
1390 2206 1578 2296 ἐνήμη
1633 2206 1939 2301 παρρηὶτεας

354 2291 511 2362 ἡμᾶς
542 2292 849 2378 ἐμπίπλησι
876 2298 972 2351 καὶ
998 2298 1344 2374 δικαιοσύνης
1384 2291 1605 2378 πολλῆς.
1647 2291 1758 2375 Τίς
1777 2291 1939 2367 τοῦτό

353 2391 562 2467 φησινξ
601 2377 661 2467 ’ρ
692 2380 982 2467 Φαρισαῖος
1023 2384 1118 2436 καὶ
1149 2387 1177 2438 6
1203 2385 1461 2458 τελώνης.
1507 2377 1566 2444 Ὀ
1592 2392 1691 2463 μὲν
1716 2394 1823 2467 γὰρ
1860 2396 1939 2448 εἰ·

351 2456 478 2546 πὼν
505 2459 999 2546 τάᾼάμαρτήματα,
1041 2467 1277 2537 κατῆλθε
1327 2456 1844 2546 δεδικαιωμένος”ὁ
1878 2478 1936 2531 δὲ

349 2540 527 2594 εἰπὼν
548 2541 616 2596 τά
635 2545 1053 2618 κατορθώματα,
1082 2552 1350 2623 κατῆλθεν
1385 2556 1622 2613 ἐλάττων
1646 2561 1743 2615 τοῦ
1767 2561 1936 2616 τελώ-

349 2640 448 2719 νου
479 2626 782 2719 γενόμενος.
822 2628 984 2719 ’ρριξς
1030 2632 1128 2705 ὅση
1154 2635 1347 2719 βλάϐη
1386 2641 1694 2713 μεμνῆσθαι
1739 2663 1936 2719 κατορ-

348 2708 658 2802 θυωμάτων,
688 2712 786 2802 ὅση
817 2712 1054 2802 ώιρέλεια
1100 2718 1177 2802 μὴ
1224 2708 1574 2794 ἐπιλελῆσθαι
1601 2708 1935 2802 ἁμαρτημά-

346 2807 494 2859 των;
522 2793 630 2847 Καὶ
660 2794 806 2884 μάλα
836 2797 1158 2884 εἰκότωςςο
1189 2805 1287 2873 μὲν
1319 2793 1555 2878 γάρίτῶν
1581 2793 1935 2884 κατορθωμά-

345 2892 464 2967 των
488 2877 853 2967 -μεμνημένος
879 2883 959 2967 εἰς
991 2882 1247 2939 ἀπόνοιαν
1279 2877 1513 2960 αἴρεται,
1547 2877 1789 2967 ὑπερορᾷ
1823 2877 1932 2953 τῶν

345 2957 553 3013 λοιπῶν
576 2959 1061 3053 ἀνθρώπωνηδπερ
1087 2968 1115 3020 ό
1137 2957 1442 3053 -Φαρισαῖος
1477 2957 1678 3032 ἔπαθεν
1695 2957 1795 3032 ’.ού
1822 2979 1929 3053 γὰρ

346 3042 427 3129 ἂν
456 3045 551 3129 εἰς
585 3044 853 3129 τοσαύτην
898 3045 1215 3113 ἀλαζονείαν
1262 3048 1449 3125 ἦλθεν,
1492 3059 1593 3112 οὐκ
1637 3059 1704 3117 ἂν
1755 3042 1928 3129 εἶπεν,

347 3127 479 3180 Οὐκ
503 3126 618 3195 εἰμί
646 3126 726 3216 ῶς
750 3131 1052 3216 οἰῇλοιποί
1074 3132 1395 3204 ἅνθρωποι,
1445 3141 1496 3195 εἰ
1539 3142 1614 3214 μή
1657 3126 1931 3216 ἐμέμνητο

340 3209 450 3300 τῇς
479 3209 729 3300 νηστείας
761 3210 922 3300 αὐτοῦ
976 3215 1068 3268 καὶ
1098 3216 1199 3300 τῆς
1231 3218 1460 3300 δεκάτης
1481 3240 1494 3253 ·
1602 3209 1701 3278 δὲ*
1735 3209 1926 3300 μνήμη

344 3290 462 3345 τῶν
487 3292 897 3385 ἁμαρτημάτων
937 3290 1425 3385 καταστέλλείῄν
1450 3290 1707 3374 διάνοιαν,
1735 3290 1926 3365 ταπέιξ

341 3379 625 3445 νοφρονείν
655 3377 865 3443 πείθει,
905 3380 998 3433 καὶ
1029 3380 1117 3435 διὰ
1147 3383 1249 3455 τῆς
1278 3377 1777 3463 ταπεινοφροσύνης
1805 3395 1927 3447 ἐπι-

342 3459 552 3512 σπᾶται
583 3458 677 3513 τοῦ
704 3458 839 3515 Θεοῦ
865 3461 963 3534 τὴν
995 3462 1504 3525 εὔνοιαν.⁹Δκουσον
1534 3458 1666 3541 γοῦν
1690 3476 1807 3540 πῶς
1829 3477 1927 3530 καὶ

339 3543 375 3632 6
402 3542 644 3632 Χριστὸς
660 3543 868 3598 κελεύει
898 3545 1037 3632 λήθῃ
1069 3551 1461 3632 παραπέμπειν
1478 3557 1625 3626 ἡμᾶς
1640 3558 1709 3611 τά
1723 3575 1921 3632 κατορ-

340 3624 594 3696 θώματα.
623 3627 800 3682 Ὅταν
824 3629 1013 3683 ταῦτα
1038 3629 1237 3687 πάντα
1260 3624 1577 3706 ποιήσητε,
1597 3640 1802 3709 λέγετε
1829 3624 1921 3697 ὅτι

354 3707 601 3793 ᾉχρεῖρι
632 3708 840 3765 δοῦλοί
866 3711 1071 3782 ἐσμεν.
1088 3715 1161 3767 Σὺ
1192 3715 1317 3786 λέγε
1349 3719 1429 3773 ὅτι
1469 3707 1686 3793 ἀχρεῖος
1722 3724 1914 3790 δοῦλος

337 3786 418 3853 εἷ,
460 3790 569 3859 ἐγώ
605 3808 665 3846 σε
693 3793 753 3879 οὐ
784 3794 922 3848 ποιῶ
951 3796 1166 3879 ἀχρεῖον
1185 3815 1199 3830 ο
1232 3802 1295 3854 σὺ
1323 3801 1418 3855 ἐὰν
1444 3786 1790 3879 ὁμολογήσῃς
1820 3786 1919 3879 τὴν

336 3873 620 3929 εὐτέλειαν
663 3874 763 3948 τὴν
796 3878 1047 3944 σεαυτοῦ,
1092 3879 1205 3950 ἐγώ
1252 3898 1313 3936 σε
1361 3873 1788 3957 λαμπρὸνίποίῶ
1823 3892 1918 3945 καὶ

334 3973 612 4027 στεφανῶ.

424 4041 588 4113 Ὁρᾷς
614 4040 702 4095 διὰ
725 4042 905 4098 πόσων
938 4047 1072 4116 ἡμῖν
1099 4047 1474 4107 ἀποδέδεικται
1500 4053 1691 4124 κέρδος
1717 4054 1916 4126 ἔχουσα

331 4124 450 4179 τῶν
477 4126 693 4212 ἀμαρτη
704 4127 890 4197 μάτων
917 4130 950 4201 ή
985 4132 1196 4203 μνήμη,
1233 4134 1328 4186 καὶ
1351 4134 1548 4205 βλάϐος
1573 4137 1681 4191 τῶν
1715 4124 1914 4212 κατορ-

230 4218 243 4225 “
331 4208 607 4279 θωμάτων
641 4211 674 4280 ἡ
706 4211 930 4283 μνήμη,
976 4213 1069 4266 καὶ
1112 4216 1423 4273 τούναντίον
1466 4220 1656 4287 πάλιν,
1692 4208 1915 4289 κόλασις

334 4292 441 4363 μὲν
477 4293 587 4346 ἀπὸ
611 4294 710 4364 τῆς
751 4293 921 4365 λήθης
956 4296 1067 4351 τῶν
1101 4298 1534 4372 ἁμαρτημάτων,
1576 4305 1819 4374 ὠφέλεια
1853 4308 1911 4362 δέ

330 4376 457 4449 ἀπὸ
479 4378 579 4447 τῆς
616 4375 786 4463 λήθης
813 4377 925 4463 τῶν
965 4381 1406 4463 κατορθωμάτων
1447 4386 1579 4458 ἡμῖν
1616 4390 1906 4463 γινομένη;

330 4448 525 4511 Βούλει
550 4459 740 4543 μαθεῖν
769 4461 865 4514 καὶ
888 4448 1154 4533 ἑτέρωθεν
1185 4448 1268 4519 ὅτι
1296 4448 1909 4543 κατόρθωμέμέγιστδν

328 4542 400 4594 τὸ
458 4542 765 4613 μεμνῆσθαι
815 4544 1262 4615 ἀμαρτημάτων;
1309 4550 1572 4606 Ἄκουσον
1616 4542 1713 4609 τοῦ
1765 4556 1903 4613 Ἰώϐ.

329 4623 548 4694 Ὠσπερ
577 4626 685 4697 γὰρ
712 4625 807 4712 ἐπί
841 4630 959 4712 τοῖς
1000 4627 1180 4693 ἄλλοις
1209 4630 1633 4701 ἐκαλλωπίζετο,
1667 4637 1809 4693 οὕτω
1840 4640 1905 4712 δὴ

329 4707 430 4760 καὶ
461 4709 552 4761 ἐπὶ
584 4712 650 4780 τῇ
675 4708 1061 4782 ἐξομολογήσει
1090 4712 1199 4766 τῶν
1239 4714 1673 4788 ἁμαρτημάτων,
1706 4707 1905 4777 οὑτωσί

324 4789 541 4857 λέγων·
578 4793 649 4845 Εἰ
694 4790 764 4845 δὲ
795 4792 894 4847 καί
931 4793 1207 4864 ἁμαρτὼν
1244 4796 1538 4866 ἑκουσίως
1578 4800 1906 4873 διετρὰπην

325 4873 711 4940 πολυοχλίαν
758 4875 911 4930 λαοῦ
958 4894 1100 4946 μου,
1147 4877 1254 4933 τοῦ
1286 4880 1372 4949 μὴ
1415 4881 1756 4953 ἐξαγγεῖλαι
1798 4887 1905 4954 τὰς

323 4956 618 5025 ἁμαρτίας
637 4975 779 5027 μου.
816 4959 882 5012 Ὃ
904 4959 961 5013 δὲ
985 4959 1134 5029 λέγει
1166 4962 1404 5019 τοιοῦτόν
1433 4965 1581 5019 ἐστιν
1602 4982 1617 4997 ·
1649 4968 1902 5025 οὐδέποτέ

330 5055 403 5109 με
442 5037 696 5108 σύλλογος
730 5040 842 5095 τῶν
870 5042 1166 5099 συνδούλων
1198 5047 1278 5110 εἰς
1308 5048 1569 5121 αἰσχύνην
1597 5050 1794 5121 ἡγαγε.
1836 5053 1901 5106 Τί

323 5121 438 5193 γάρ
460 5121 650 5208 ὄφελος
675 5125 739 5177 ἐκ
762 5124 862 5195 τῆς
886 5126 1109 5208 ἀγνοίας
1125 5127 1233 5181 τῶν
1257 5129 1577 5201 ἀνθρώπων,
1595 5133 1688 5188 τοῦ
1711 5138 1899 5208 κριτοῦ

325 5204 506 5258 πάντα.
538 5204 770 5273 είδότος;
800 5208 854 5260 τί
885 5207 943 5261 δὲ
972 5207 1166 5279 βλάϐος
1201 5213 1265 5264 ἐκ
1300 5214 1395 5266 τοῦ
1427 5215 1627 5270 εἰδέναι
1669 5204 1898 5284 τούτους

322 5285 396 5340 τὰ
426 5286 937 5376 πεπλημμελημένα
956 5332 971 5357 ,
1003 5292 1132 5346 ὅταν
1171 5295 1375 5360 ἐκεῖνος
1401 5297 1671 5355 ἀπολῦσαι
1700 5301 1897 5376 βούλη-

320 5386 417 5423 ται
442 5370 541 5441 τῆς
571 5370 754 5442 δίκης;
786 5374 906 5428 Κᾶν
934 5376 1133 5460 πάντες
1158 5377 1468 5446 δικάζωσιν,
1498 5385 1526 5436 6
1553 5382 1609 5436 δέ
1636 5370 1899 5460 δικαστής·

320 5452 759 5541 ἀποψηφίσηται,
799 5457 973 5541 οὐδείς
1003 5477 1093 5529 μοι
1121 5460 1276 5529 λόγος
1304 5463 1402 5533 τῆς
1430 5465 1653 5523 ἐκείνων
1675 5452 1864 5541 ψήφου
1876 5452 1891 5505 λ

319 5533 429 5589 κᾶν
453 5536 693 5601 ἅπαντες
719 5540 1045 5596 ἐπαινέσωσι
1071 5544 1163 5596 καὶ
1191 5545 1563 5615 θαυμάσωσιν,
1597 5533 1805 5617 ἐκεῖνος
1836 5554 1893 5609 δέ

319 5634 395 5689 με
423 5618 789 5706 καταδικάζει,
826 5624 978 5677 οὐδέν
1016 5643 1105 5696 μοι
1144 5627 1305 5682 πάλιν
1335 5629 1526 5699 ὄφελος
1545 5637 1645 5706 τῆς
1667 5636 1893 5692 ἐκείνων

316 5703 575 5793 κρίσεως.
606 5704 887 5793 Πανταχοῦ
900 5708 1022 5793 *γὰρ
1053 5711 1189 5782 πρὸς
1219 5713 1424 5769 ἐκεῖνον
1464 5703 1609 5789 όρᾷν
1629 5721 1755 5793 χρὴ,
1797 5724 1891 5778 καὶ

314 5785 485 5840 ταὺτὸ
530 5791 703 5842 ποιεῖν
731 5790 824 5845 ἐπὶ
855 5790 962 5849 τῶν
992 5793 1432 5865 ἁμαρτημάτων,
1467 5785 1598 5871 δξτὲρ
1629 5785 1888 5869 ποιοῦμεν

1292 371 1427 426 NON
1469 373 1639 429 ESSE
1673 379 1764 432 AD
1801 379 2112 439 CRATIAM
2147 384 2708 447 CONCIONANDtM.

3530 403 3634 461 060

2062 500 2156 554 ἐπὶ
2205 503 2306 573 τῆς
2349 505 2457 560 τῶν
2507 508 2805 579 χρημάτων
2865 510 3126 582 δαπάνης.
3185 512 3398 580 Εὐθέως
3453 517 3634 597 [665]

2061 596 2391 664 ἀναστάντες
2421 600 2529 655 ἀπὸ
2558 602 2658 674 τῆς
2688 602 2896 675 κλίνης,
2935 607 3063 679 πρὶν
3111 610 3191 672 είς
3230 610 3434 683 ἀγορὰν
3459 596 3633 686 ὲμϐαὲ

2061 690 2205 759 λεῖν,
2237 694 2270 766 ἢ
2320 697 2698 769 μεταχειρίσαι
2740 716 2793 752 τι
2819 700 2931 757 τῶν
2967 702 3250 759 ἰδιωτικῶν
3291 706 3324 778 ἢ
3357 707 3634 780 δημοσίων

2060 791 2402 861 πραγμάτων
2425 831 2441 858 ,
2491 794 2583 848 τὸν
2640 796 2855 865 οἰκέτην
2920 799 3245 867 καλέσαντες
3295 804 3633 878 ἀπαιτοῦμεν

2058 883 2214 953 λόγον
2244 888 2353 964 τῶν
2376 889 2814 964 δαπανηθέντων,
2840 896 2889 949 ἵν
2912 896 3167 968 ἐἰδῶμεν
3204 898 3256 952 τί
3297 901 3394 972 μέν
3423 905 3627 970 κακῶς,

2056 980 2110 1033 τί
2139 981 2196 1035 δὲ
2223 984 2304 1046 εἰς
2327 984 2446 1039 δέον
2468 986 2762 1059 ἀνήλωται,
2796 993 2961 1045 πόσον
2992 993 3050 1047 δὲ
3088 976 3496 1053 ὑπολέλειπται·
3528 1000 3629 1055 κᾶν

2058 1077 2289 1150 εἰδῶμεν
2332 1080 2511 1152 ὀλίγον
2548 1083 2606 1138 ὃν
2636 1086 2697 1139 τὸ
2733 1088 3209 1161 ὑπολελειμμένον,
3253 1096 3416 1148 παντὶ
3445 1097 3631 1169 τρόπῳ

2059 1177 2339 1248 προσόδων
2361 1179 2616 1253 ἀφορμάς
2640 1183 2985 1255 ἐπινοοῦμεν,
3020 1186 3108 1239 ἵνα
3138 1188 3212 1259 μὴ
3245 1189 3498 1261 λάθωμεν
3523 1194 3632 1247 δια-

2058 1272 2358 1344 φθαρέντες
2391 1275 2553 1348 λιμῷ.
2602 1279 2772 1334 Τοῦτο
2795 1282 2973 1336 τοίνυν
3010 1286 3102 1338 καὶ
3132 1287 3225 1339 ἐπὶ
3249 1288 3356 1342 τῶν
3379 1290 3630 1362 πράξεων

2056 1367 2165 1424 τῶν
2193 1372 2478 1444 ἡμετέρων
2502 1374 2764 1446 ποιῶμεν.
2787 1377 2859 1430 Τὸ
2886 1379 3121 1446 συνειδὸς
3143 1382 3203 1435 τὸ
3228 1383 3496 1456 ἡμέτερον
3525 1404 3627 1441 κα-

2054 1466 2312 1531 λέσαντες
2340 1471 2656 1543 ποιήσωμεν
2693 1473 2842 1545 αὐτῷ
2880 1475 3036 1544 λόγον
3070 1478 3177 1533 τῶν
3207 1482 3487 1552 ῥημάτων,
3517 1483 3628 1537 τῶν

2055 1564 2422 1636 πραγμάτων,
2458 1566 2567 1621 τῶν
2597 1568 2950 1641 ἐνθυμήσεων
2972 1585 2987 1600 ’
3023 1572 3388 1647 ἐξετάσωμεν,
3425 1578 3479 1632 τί
3528 1580 3626 1651 μὲν

2054 1661 2134 1723 εἰς
2156 1659 2274 1713 δέον
2298 1660 2595 1732 ἀνήλωται,
2616 1663 2670 1716 τί
2690 1664 2747 1717 δὲ
2771 1666 2862 1719 ἐπὶ
2889 1665 3060 1740 βλάϐῃ
3085 1672 3152 1741 τῇ
3180 1672 3423 1746 ἡμετέρᾳ
3440 1692 3454 1707 ο
3476 1677 3626 1740 ποῖος

2051 1755 2206 1825 λόγος
2234 1757 2548 1832 ἐδαπανήθη
2576 1760 2787 1827 κακῶς,
2815 1765 2896 1829 εἰς
2925 1764 3212 1838 λοιδορίας,
3236 1771 3316 1834 εἰς
3342 1772 3628 1843 αἰσχρολο-

2051 1852 2197 1922 γίας,
2246 1856 2327 1919 εἰς
2367 1853 2589 1928 ὕϐρεις’
2628 1863 2778 1914 ποῖον
2809 1861 3096 1936 ἐνθύμημα
3123 1865 3214 1919 τὸν
3245 1867 3521 1939 ὀφθαλμὸν
3547 1872 3627 1933 εἰς

2049 1949 2346 2005 ἀκολασίαν
2370 1951 2619 2024 ἐκίνησε·
2648 1955 2734 2020 τίς
2765 1956 3023 2030 λογισμὸς
3067 1961 3161 2014 ἐπὶ
3193 1960 3367 2035 βλάϐῃ
3395 1968 3460 2037 τῇ
3485 1966 3624 2037 ἡμε-

2048 2046 2185 2121 τέρα
2212 2049 2292 2112 είς
2322 2048 2482 2121 ἔργον
2510 2052 2774 2126 ἐξηνέχθη
2796 2096 2810 2121 ,
2843 2055 2876 2126 ἢ
2913 2055 3001 2110 διά
3032 2056 3249 2129 χειρῶν,
3274 2060 3307 2130 ἢ
3335 2060 3422 2115 διὰ
3455 2061 3626 2131 γλώτ-

2047 2161 2180 2215 της,
2212 2144 2244 2217 ἡ
2278 2145 2368 2202 διά
2405 2147 2514 2202 τῶν
2548 2150 2813 2220 ὀμμάτων
2855 2152 3064 2207 αὐτῶν·
3103 2153 3196 2206 καὶ
3235 2155 3625 2229 σπουδάσωμεν

2048 2243 2146 2315 τῆς
2191 2244 2289 2314 μὲν
2320 2243 2553 2318 ἀκαίρου
2581 2245 2834 2320 ,δαπάνης
2877 2249 3181 2322 ἀποστῆναι
3207 2291 3221 2317 ,
3270 2252 3391 2306 ἀντί
3419 2253 3479 2307 δὲ
3514 2254 3622 2308 τῶν

2048 2339 2196 2405 ἅπαξ
2222 2341 2607 2397 ἀναλωθέντων
2631 2345 2838 2410 κακῶς,
2883 2346 3076 2418 ἑτέραν
3109 2347 3406 2402 ἀποθέσθαι
3450 2350 3621 2421 πρόσ-

2048 2436 2192 2505 οδον,
2217 2438 2342 2492 ἀντί
2372 2439 2481 2492 τῶν
2526 2441 2787 2512 ῥημάτων
2815 2441 2925 2495 τῶν
2965 2443 3087 2514 εἰκῆ
3128 2446 3617 2516 προσενεχθέντων,

2045 2534 2211 2604 εύχάς
2230 2574 2246 2600 ,
2279 2535 2403 2590 ἀντὶ
2445 2535 2554 2589 τῶν
2586 2535 2762 2606 ὄψεων
2803 2539 2913 2590 τῶν
2950 2538 3263 2604 ἀκολάστως
3289 2542 3617 2613 γενομένων,

2044 2630 2435 2703 ἐλεημοσύνας,
2484 2633 2757 2704 νηστείας.
2804 2635 2867 2687 Εἰ
2899 2635 3008 2706 γὰρ
3040 2636 3329 2708 μέλλοιμεν
3372 2638 3619 2709 δαπανᾷν

2047 2729 2145 2800 μὲν
2171 2729 2435 2802 ἀκαίρως,
2457 2731 2620 2802 μηδὲν
2645 2732 2702 2785 δέ
2719 2733 3092 2800 ἀποτίθεσθαι,
3113 2735 3247 2806 μηδὲ
3270 2735 3618 2807 θησαυρίζειν

2043 2827 2258 2890 ἑαυτοῖς
2288 2814 2526 2897 ἀγαθὸν,
2579 2831 2659 2892 εἰς
2688 2830 2922 2901 ἐσχάτην
2951 2830 3366 2902 κατενεχθέντες
3405 2834 3616 2902 πενίαν,

2042 2924 2280 2998 λήσομεν
2313 2925 2450 2997 πρὸς
2480 2927 2581 2999 τὴν
2604 2926 2873 2981 ἀθάνατον
2913 2927 3006 2979 τοῦ
3045 2928 3215 2998 πυρὸς
3253 2931 3479 2994 ἑαυτοὺς
3507 2948 3617 2986 πα-

2043 3021 2423 3095 ραπέμποντες
2467 3022 2709 3077 κόλασιν.
2752 3024 2795 3075 Τ
2798 3022 2872 3076 ῶν
2896 3024 2994 3093 μὲν
3043 3019 3136 3079 οὖν
3167 3026 3466 3097 χρημάτων
3509 3027 3616 3081 ὑπὸ

2036 3119 2135 3191 τὴν
2161 3119 2236 3173 ἔω
2264 3120 2357 3172 τὸν
2401 3119 2559 3188 λόγον
2587 3123 2759 3174 ποιεῖν
2784 3119 3081 3191 εἰώθαμεν,
3109 3122 3219 3175 τῶν
3259 3123 3317 3175 δέ
3359 3122 3614 3193 πράξεων

2040 3217 2178 3287 μετά
2230 3216 2293 3270 τὸ
2342 3217 2556 3270 δεῖπνον
2589 3218 2682 3270 καὶ
2716 3216 2816 3288 τὴν
2862 3218 3101 3290 ἑσπέραν
3133 3219 3323 3289 αὐτὴν,
3373 3221 3466 3273 ἐπὶ
3512 3221 3613 3292 τῆς

2036 3312 2223 3385 κλίνης
2255 3312 2496 3385 κείμενοι
2515 3354 2531 3380 ,
2561 3314 2774 3377 οὐδενὸς
2801 3313 3142 3384 ἐνοχλοῦντος
3166 3355 3181 3381 ,
3209 3315 3420 3378 οὐδενὸς
3452 3316 3614 3389 θορυα

2035 3408 2287 3475 ϐοῦντος,
2321 3408 2431 3463 τῶν
2482 3409 2600 3480 μεθ’
2640 3409 2851 3481 ἡμέραν
2898 3411 3031 3480 ἡμῖν
3073 3411 3477 3482 πεπραγμένων
3516 3413 3612 3466 καὶ

2032 3505 2377 3575 λελεγμένων
2413 3504 2670 3559 ἀπάντων
2700 3495 3023 3577 ἀπαιτῶμεν
3064 3506 3162 3570 τὰς
3194 3507 3422 3571 εὐθύνας
3458 3509 3611 3579 ἡμᾶς

2030 3604 2257 3669 ἑαυτούς
2277 3619 2291 3634 ·
2319 3604 2421 3659 κᾶν
2452 3603 2651 3675 ἴδωμέν
2683 3622 2735 3657 τι
2763 3604 3171 3677 ἡμαρτημένον,
3195 3606 3515 3677 κολάσωμεν
3540 3608 3603 3661 τὸ

2031 3700 2304 3767 συνειδὸς,
2356 3700 2771 3771 ἐπιτιμήσωμεν
2816 3703 2882 3773 τῇ
2933 3701 3163 3774 διανοίᾳ,
3215 3703 3607 3775 κατανύξμωμεν

2026 3799 2119 3853 τὸν
2168 3797 2430 3869 λογισμὸν
2468 3796 2617 3857 οὕτω
2648 3797 2894 3869 σφοδρῶς
2918 3841 2934 3863 ,
2970 3799 3046 3862 ὡς
3095 3800 3290 3871 μηκέτι
3336 3799 3604 3871 τολμῆσαι

2025 3893 2416 3957 διαναστάντας
2470 3894 2621 3966 ἡμᾶς
2672 3893 2808 3966 πρὸς
2865 3893 2927 3946 τὸ
2991 3893 3124 3947 αὐτὸ
3170 3894 3269 3966 τῆς
3328 3895 3607 3967 ἁμαρτίας

2025 3993 2253 4063 ἀγαγεῖν
2298 3991 2569 4065 βάραθρον
2613 3992 2714 4063 τῆς
2752 3994 2810 4046 ἐν
2852 3989 3063 4062 ἑσπέρᾳ
3122 3992 3332 4064 πληγῆς
3388 4010 3605 4066 μεμνη-

2069 4090 2208 4145 ένον.

2026 4108 2314 4241 μῗῗν⁶ῖοτι
2341 4184 2451 4258 γάρ
2469 4175 2624 4249 οὗτος
2653 4186 2682 4239 6
2705 4183 2897 4255 καιρός
2915 4184 3348 4259 ἐπιτηδειότερος
3382 4187 3518 4257 πρὸς
3538 4188 3600 4240 τὸ

2019 4282 2261 4338 τοιοῦτον
2289 4283 2620 4352 λογοθέσιον,
2643 4282 2872 4337 ἄκουσον
2888 4281 2984 4335 τοῦ
3007 4285 3285 4354 προφήτου
3314 4284 3563 4350 λέγοντος
3579 4303 3593 4316 ·

2026 4380 2085 4434 Ἃ
2116 4378 2323 4449 λέγετε
2347 4379 2416 4432 ὲν
2441 4376 2569 4440 ταῖς
2596 4375 2866 4445 καρδίαις
2887 4376 3077 4446 ὑμῶν,
3094 4377 3191 4432 ἐπὶ
3216 4379 3346 4443 ταῖς
3369 4379 3596 4447 κοίταις

2018 4476 2184 4546 ὑμῶν
2211 4477 2606 4547 κατανύγητε.
2641 4475 2818 4528 Πολλὰ
2852 4474 2971 4545 μεθ’
2997 4475 3212 4547 ἡμέραν
3240 4477 3337 4546 οὐχ
3365 4476 3442 4540 ώς
3471 4476 3595 4547 βου-

2019 4572 2221 4644 λόμεθα
2254 4573 2609 4645 ,πράττομεν
2652 4571 2744 4625 καὶ
2767 4570 2910 4641 φίλοι
2936 4571 3317 4643 παροξύνουσι,
3370 4573 3463 4625 καὶ
3513 4575 3593 4626 ol-

2016 4669 2172 4722 κέται
2223 4667 2570 4739 ἐκθηριοῦσι,
2616 4666 2712 4720 καὶ
2771 4666 2907 4739 γυνὴ
2960 4668 3154 4734 λυπεῖ,
3222 4667 3318 4720 καὶ
3379 4668 3590 4721 παιδίον

2013 4767 2194 4838 όδυνᾷ,
2226 4766 2319 4820 καὶ
2339 4765 2493 4836 ὄχλος
2523 4764 2864 4836 πραγμάτων
2896 4763 3164 4835 βιωτικῶν
3193 4764 3287 4819 καὶ
3313 4765 3589 4835 δημοσίων

2013 4852 2391 4934 περιίσταται’
2428 4861 2523 4914 καὶ
2569 4860 2631 4914 οὑ
2677 4859 2953 4930 δυνάμεθα
3001 4859 3228 4914 συνιδεῖν
3270 4862 3416 4926 τότε,
3468 4865 3589 4918 οὐδὲ

2012 4959 2161 5023 ὅπως
2203 4957 2689 5028 ὑποσκελιζόμεθα.
2737 4957 2962 5011 Πάντων
3005 4957 3063 5012 δὲ
3096 4957 3303 5013 τούτων
3345 4961 3589 5015 ἀπαλλα-

2010 5056 2234 5126 γέντες,
2263 5055 2358 5107 καὶ
2387 5053 2510 5107 καθ’
2545 5054 2770 5117 ἑαυτοὺς
2808 5053 3089 5126 γενόμενοι
3120 5056 3260 5110 κατὰ
3291 5057 3390 5129 τὴν
3424 5059 3586 5111 ἐσπέ-

2010 5170 2135 5225 ραν,
2166 5152 2262 5207 καὶ
2289 5151 2492 5222 πολλῆς
2523 5151 2887 5216 ἀπολαύοντες
2913 5153 3162 5224 ἡσυχίας,
3196 5157 3584 5227 συγκροτῶμεν

2008 5250 2101 5304 ἐπὶ
2143 5248 2243 5319 τῆς
2284 5246 2472 5319 κλίνης
2506 5248 2566 5301 τὸ
2608 5248 2978 5320 δικαστήριον,
3013 5251 3100 5304 ἵνα
3130 5252 3223 5307 τὸν
3259 5253 3389 5306 Θεὸν
3423 5253 3580 5306 ἵλεων

2006 5348 2094 5402 διὰ
2122 5347 2222 5419 τῆς
2253 5346 2507 5418 τοιαύτης
2537 5346 2775 5419 κρίσεως
2805 5347 3037 5420 ἔχωμεν.
3067 5350 3165 5402 "Av
3200 5348 3256 5402 δέ
3293 5349 3415 5401 καθ’
3449 5348 3580 5405 ἐκά-

2008 5457 2142 5511 στην
2171 5440 2387 5512 ἡμέραν
2421 5439 2845 5511 ἁμαρτάνωμεν,
2872 5440 2964 5493 καὶ
2992 5440 3242 5509 παίωμεν
3275 5439 3374 5510 τὴν
3401 5439 3578 5510 ψυχὴν

2004 5533 2104 5606 τὴν
2137 5534 2411 5605 ἡμετέραν
2431 5572 2447 5598 ,
2480 5532 2750 5604 μηδέποτε
2785 5532 2843 5586 δέ
2877 5531 3293 5602 αἰσθανώμεθα,
3325 5531 3576 5600 καθάπερ

2002 5626 2052 5678 οἰ
2100 5625 2293 5694 συνεχῆ
2354 5623 2644 5695 τραύματα
2692 5623 3087 5695 λαμϐάνοντες,
3138 5619 3254 5677 εἶτα
3303 5640 3577 5697 καταφρο-

2000 5716 2247 5779 νοῦντες,
2295 5715 2562 5787 πυρετοὺς
2612 5715 2707 5769 καὶ
2757 5715 2986 5769 θάνατον
3043 5715 3255 5779 ἑαυτοῖς
3302 5716 3573 5787 ἀφόρητον

2001 5806 2373 5861 ἐπισπῶνται·
2420 5805 2562 5860 οὕτω
2615 5804 2679 5874 δὴ
2721 5807 2814 5860 καὶ
2856 5807 3017 5874 ἡμεῖς
3057 5806 3122 5859 ἐκ
3163 5808 3263 5877 τῆς
3317 5807 3568 5879 συνεχοῦς
