  <div class='ocr_page' id='page_1' title='image "/cluster/home/n/w/nwhite01/storage/ocr_20150623/50:no.2:pt.2/coo.31924054869494/257.png"; bbox 0 0 4104 6440; ppageno 0'>
   <div class='ocr_carea' id='block_1_1' title="bbox 571 386 669 444">
    <p class='ocr_par' dir='ltr' id='par_1_1' title="bbox 571 386 669 444">
     <span class='ocr_line' id='line_1_1' title="bbox 571 386 669 444; baseline 0.01 -1"><span class='ocrx_word' id='word_1_1' title='bbox 571 386 669 444; x_wconf 77' lang='grc'>061</span> 
     </span>
    </p>
   </div>
   <div class='ocr_carea' id='block_1_2' title="bbox 568 493 2150 569">
    <p class='ocr_par' dir='ltr' id='par_1_2' title="bbox 568 493 2150 569">
     <span class='ocr_line' id='line_1_2' title="bbox 568 493 2150 569; baseline -0.003 -17"><span class='ocrx_word' id='word_1_2' title='bbox 568 498 774 569; x_wconf 77' lang='grc' dir='ltr'>ταύτης</span> <span class='ocrx_word' id='word_1_3' title='bbox 808 494 1163 566; x_wconf 76' lang='grc' dir='ltr'>ἀναισθησίας</span> <span class='ocrx_word' id='word_1_4' title='bbox 1195 495 1568 566; x_wconf 80' lang='grc' dir='ltr'>ἀπαραίτητον</span> <span class='ocrx_word' id='word_1_5' title='bbox 1600 494 1964 566; x_wconf 86' lang='grc' dir='ltr'>ἐπισπώμεθα</span> <span class='ocrx_word' id='word_1_6' title='bbox 1997 493 2150 567; x_wconf 79' lang='grc'>[666]</span> 
     </span>
    </p>
   </div>
   <div class='ocr_carea' id='block_1_3' title="bbox 568 572 2151 653">
    <p class='ocr_par' dir='ltr' id='par_1_3' title="bbox 568 572 2151 653">
     <span class='ocr_line' id='line_1_3' title="bbox 568 572 2151 653; baseline -0.004 -18"><span class='ocrx_word' id='word_1_7' title='bbox 568 580 861 653; x_wconf 86' lang='grc' dir='ltr'>τιμωρίαν.</span> <span class='ocrx_word' id='word_1_8' title='bbox 897 572 1027 633; x_wconf 77' lang='grc' dir='ltr'>Οἶδα</span> <span class='ocrx_word' id='word_1_9' title='bbox 1058 579 1139 631; x_wconf 85' lang='grc' dir='ltr'>ὅτι</span> <span class='ocrx_word' id='word_1_10' title='bbox 1167 578 1399 647; x_wconf 80' lang='grc' dir='ltr'>φορτικὰ</span> <span class='ocrx_word' id='word_1_11' title='bbox 1423 576 1494 630; x_wconf 83' lang='grc' dir='ltr'>τά</span> <span class='ocrx_word' id='word_1_12' title='bbox 1528 577 1796 649; x_wconf 74' lang='grc' dir='ltr'>εἰρημένα</span> <span class='ocrx_word' id='word_1_13' title='bbox 1817 618 1832 643; x_wconf 93' lang='grc'>,</span> <span class='ocrx_word' id='word_1_14' title='bbox 1868 578 1984 633; x_wconf 88' lang='grc' dir='ltr'>ἀλλ’</span> <span class='ocrx_word' id='word_1_15' title='bbox 2036 576 2151 649; x_wconf 75' lang='grc' dir='ltr'>ἔχει</span> 
     </span>
    </p>
   </div>
   <div class='ocr_carea' id='block_1_4' title="bbox 568 661 2154 734">
    <p class='ocr_par' dir='ltr' id='par_1_4' title="bbox 568 661 2154 734">
     <span class='ocr_line' id='line_1_4' title="bbox 568 661 2154 734; baseline -0.004 -14"><span class='ocrx_word' id='word_1_16' title='bbox 568 664 705 720; x_wconf 82' lang='grc' dir='ltr'>πολὺ</span> <span class='ocrx_word' id='word_1_17' title='bbox 755 663 815 717; x_wconf 91' lang='grc' dir='ltr'>τὸ</span> <span class='ocrx_word' id='word_1_18' title='bbox 861 662 1070 734; x_wconf 80' lang='grc' dir='ltr'>κέρδος.</span> <span class='ocrx_word' id='word_1_19' title='bbox 1118 662 1364 733; x_wconf 81' lang='grc' dir='ltr'>’Ἠμερον</span> <span class='ocrx_word' id='word_1_20' title='bbox 1410 661 1606 732; x_wconf 78' lang='grc' dir='ltr'>ἔχομεν</span> <span class='ocrx_word' id='word_1_21' title='bbox 1665 662 1973 732; x_wconf 69' lang='grc' dir='ltr'>Δεσπότην·</span> <span class='ocrx_word' id='word_1_22' title='bbox 2024 678 2154 733; x_wconf 82' lang='grc' dir='ltr'>προ-</span> 
     </span>
    </p>
   </div>
   <div class='ocr_carea' id='block_1_5' title="bbox 569 742 2151 817">
    <p class='ocr_par' dir='ltr' id='par_1_5' title="bbox 569 742 2151 817">
     <span class='ocr_line' id='line_1_5' title="bbox 569 742 2151 817; baseline -0.002 -15"><span class='ocrx_word' id='word_1_23' title='bbox 569 750 789 817; x_wconf 78' lang='grc' dir='ltr'>φάσεως</span> <span class='ocrx_word' id='word_1_24' title='bbox 846 742 1200 800; x_wconf 80' lang='grc' dir='ltr'>ἐπιλαϐέσθαι</span> <span class='ocrx_word' id='word_1_25' title='bbox 1256 744 1505 814; x_wconf 74' lang='grc' dir='ltr'>βούλεται</span> <span class='ocrx_word' id='word_1_26' title='bbox 1559 744 1758 815; x_wconf 89' lang='grc' dir='ltr'>μόνον,</span> <span class='ocrx_word' id='word_1_27' title='bbox 1823 745 1919 799; x_wconf 83' lang='grc' dir='ltr'>καὶ</span> <span class='ocrx_word' id='word_1_28' title='bbox 1970 745 2151 799; x_wconf 82' lang='grc' dir='ltr'>πᾶσαν</span> 
     </span>
    </p>
   </div>
   <div class='ocr_carea' id='block_1_6' title="bbox 569 827 2151 901">
    <p class='ocr_par' dir='ltr' id='par_1_6' title="bbox 569 827 2151 901">
     <span class='ocr_line' id='line_1_6' title="bbox 569 827 2151 901; baseline -0.001 -19"><span class='ocrx_word' id='word_1_29' title='bbox 569 830 771 893; x_wconf 83' lang='grc' dir='ltr'>εὐθέως</span> <span class='ocrx_word' id='word_1_30' title='bbox 822 828 1191 882; x_wconf 81' lang='grc' dir='ltr'>ἐπιδείκνυται</span> <span class='ocrx_word' id='word_1_31' title='bbox 1246 827 1343 899; x_wconf 83' lang='grc' dir='ltr'>τὴν</span> <span class='ocrx_word' id='word_1_32' title='bbox 1408 827 1844 899; x_wconf 76' lang='grc' dir='ltr'>φιλανθρωπίαν.</span> <span class='ocrx_word' id='word_1_33' title='bbox 1914 829 1978 882; x_wconf 80' lang='lat' dir='ltr'><strong>Ei</strong></span> <span class='ocrx_word' id='word_1_34' title='bbox 2040 827 2151 901; x_wconf 85' lang='grc' dir='ltr'>γάρ</span> 
     </span>
    </p>
   </div>
   <div class='ocr_carea' id='block_1_7' title="bbox 570 910 2150 984">
    <p class='ocr_par' dir='ltr' id='par_1_7' title="bbox 570 910 2150 984">
     <span class='ocr_line' id='line_1_7' title="bbox 570 910 2150 984; baseline -0.001 -17"><span class='ocrx_word' id='word_1_35' title='bbox 570 912 974 984; x_wconf 81' lang='grc' dir='ltr'>ἁμαρτάνοντες</span> <span class='ocrx_word' id='word_1_36' title='bbox 1025 911 1121 965; x_wconf 72' lang='grc' dir='ltr'>καὶ</span> <span class='ocrx_word' id='word_1_37' title='bbox 1157 910 1406 981; x_wconf 80' lang='grc' dir='ltr'>μένοντες</span> <span class='ocrx_word' id='word_1_38' title='bbox 1451 910 1790 983; x_wconf 84' lang='grc' dir='ltr'>ἀτιμώρητοι</span> <span class='ocrx_word' id='word_1_39' title='bbox 1842 911 1917 984; x_wconf 81' lang='grc' dir='ltr'>μὴ</span> <span class='ocrx_word' id='word_1_40' title='bbox 1971 912 2150 980; x_wconf 85' lang='grc' dir='ltr'>ἐγινό-</span> 
     </span>
    </p>
   </div>
   <div class='ocr_carea' id='block_1_8' title="bbox 572 993 2151 1066">
    <p class='ocr_par' dir='ltr' id='par_1_8' title="bbox 572 993 2151 1066">
     <span class='ocr_line' id='line_1_8' title="bbox 572 993 2151 1066; baseline 0.001 -19"><span class='ocrx_word' id='word_1_41' title='bbox 572 995 709 1065; x_wconf 86' lang='grc' dir='ltr'>μεθα</span> <span class='ocrx_word' id='word_1_42' title='bbox 743 994 984 1065; x_wconf 79' lang='grc' dir='ltr'>χείρους,</span> <span class='ocrx_word' id='word_1_43' title='bbox 1029 993 1131 1049; x_wconf 82' lang='grc' dir='ltr'>κᾶν</span> <span class='ocrx_word' id='word_1_44' title='bbox 1174 994 1385 1065; x_wconf 78' lang='grc' dir='ltr'>ἀφῆκεν</span> <span class='ocrx_word' id='word_1_45' title='bbox 1422 995 1555 1065; x_wconf 87' lang='grc' dir='ltr'>ήμῖν</span> <span class='ocrx_word' id='word_1_46' title='bbox 1600 994 1698 1066; x_wconf 75' lang='grc' dir='ltr'>τὴν</span> <span class='ocrx_word' id='word_1_47' title='bbox 1732 994 1984 1048; x_wconf 71' lang='grc' dir='ltr'>κόλασιν*</span> <span class='ocrx_word' id='word_1_48' title='bbox 2033 993 2151 1048; x_wconf 83' lang='grc' dir='ltr'>ἀλλ’</span> 
     </span>
    </p>
   </div>
   <div class='ocr_carea' id='block_1_9' title="bbox 568 1074 2151 1150">
    <p class='ocr_par' dir='ltr' id='par_1_9' title="bbox 568 1074 2151 1150">
     <span class='ocr_line' id='line_1_9' title="bbox 568 1074 2151 1150; baseline -0.001 -18"><span class='ocrx_word' id='word_1_49' title='bbox 568 1074 676 1132; x_wconf 81' lang='grc' dir='ltr'>οἶδε</span> <span class='ocrx_word' id='word_1_50' title='bbox 698 1078 857 1132; x_wconf 86' lang='grc' dir='ltr'>τοῦτο</span> <span class='ocrx_word' id='word_1_51' title='bbox 891 1076 1077 1147; x_wconf 81' lang='grc' dir='ltr'>σαφῶς</span> <span class='ocrx_word' id='word_1_52' title='bbox 1098 1119 1116 1147; x_wconf 88' lang='grc'>,</span> <span class='ocrx_word' id='word_1_53' title='bbox 1157 1078 1240 1132; x_wconf 75' lang='grc' dir='ltr'>δτι</span> <span class='ocrx_word' id='word_1_54' title='bbox 1269 1078 1378 1132; x_wconf 90' lang='grc' dir='ltr'>τῶν</span> <span class='ocrx_word' id='word_1_55' title='bbox 1412 1080 1823 1150; x_wconf 86' lang='grc' dir='ltr'>ἁμαρτημάτων</span> <span class='ocrx_word' id='word_1_56' title='bbox 1847 1077 2024 1133; x_wconf 74' lang='grc' dir='ltr'>αὐτῶν</span> <span class='ocrx_word' id='word_1_57' title='bbox 2049 1079 2151 1132; x_wconf 86' lang='grc' dir='ltr'>οὐκ</span> 
     </span>
    </p>
   </div>
   <div class='ocr_carea' id='block_1_10' title="bbox 569 1161 2152 1235">
    <p class='ocr_par' dir='ltr' id='par_1_10' title="bbox 569 1161 2152 1235">
     <span class='ocr_line' id='line_1_10' title="bbox 569 1161 2152 1235; baseline 0.002 -21"><span class='ocrx_word' id='word_1_58' title='bbox 569 1162 789 1215; x_wconf 77' lang='grc' dir='ltr'>ἔλαττον</span> <span class='ocrx_word' id='word_1_59' title='bbox 818 1163 964 1232; x_wconf 87' lang='grc' dir='ltr'>ήμᾶς</span> <span class='ocrx_word' id='word_1_60' title='bbox 1006 1161 1065 1215; x_wconf 87' lang='grc' dir='ltr'>τὸ</span> <span class='ocrx_word' id='word_1_61' title='bbox 1100 1162 1176 1232; x_wconf 82' lang='grc' dir='ltr'>μὴ</span> <span class='ocrx_word' id='word_1_62' title='bbox 1220 1161 1547 1228; x_wconf 78' lang='grc' dir='ltr'>κολάζεσθαι</span> <span class='ocrx_word' id='word_1_63' title='bbox 1582 1163 1996 1235; x_wconf 80' lang='grc' dir='ltr'>ἁμαρτάνοντας</span> <span class='ocrx_word' id='word_1_64' title='bbox 2024 1162 2152 1233; x_wconf 83' lang='grc' dir='ltr'>βλά-</span> 
     </span>
    </p>
   </div>
   <div class='ocr_carea' id='block_1_11' title="bbox 568 1243 2150 1317">
    <p class='ocr_par' dir='ltr' id='par_1_11' title="bbox 568 1243 2150 1317">
     <span class='ocr_line' id='line_1_11' title="bbox 568 1243 2150 1317; baseline 0.001 -19"><span class='ocrx_word' id='word_1_65' title='bbox 568 1261 713 1299; x_wconf 90' lang='grc' dir='ltr'>πτει.</span> <span class='ocrx_word' id='word_1_66' title='bbox 760 1245 861 1298; x_wconf 89' lang='grc' dir='ltr'>Διά</span> <span class='ocrx_word' id='word_1_67' title='bbox 910 1243 1068 1298; x_wconf 90' lang='grc' dir='ltr'>τοῦτο</span> <span class='ocrx_word' id='word_1_68' title='bbox 1116 1244 1391 1316; x_wconf 80' lang='grc' dir='ltr'>ἐπιτίθησι</span> <span class='ocrx_word' id='word_1_69' title='bbox 1443 1245 1543 1317; x_wconf 87' lang='grc' dir='ltr'>τὴν</span> <span class='ocrx_word' id='word_1_70' title='bbox 1591 1245 1885 1317; x_wconf 84' lang='grc' dir='ltr'>τιμωρίαν,</span> <span class='ocrx_word' id='word_1_71' title='bbox 1929 1247 1989 1300; x_wconf 82' lang='grc' dir='ltr'>οὐ</span> <span class='ocrx_word' id='word_1_72' title='bbox 2040 1245 2150 1300; x_wconf 89' lang='grc' dir='ltr'>τῶν</span> 
     </span>
    </p>
   </div>
   <div class='ocr_carea' id='block_1_12' title="bbox 568 1327 2150 1403">
    <p class='ocr_par' dir='ltr' id='par_1_12' title="bbox 568 1327 2150 1403">
     <span class='ocr_line' id='line_1_12' title="bbox 568 1327 2150 1403; baseline 0.001 -21"><span class='ocrx_word' id='word_1_73' title='bbox 568 1328 911 1383; x_wconf 77' lang='grc' dir='ltr'>ἀπελθόντων</span> <span class='ocrx_word' id='word_1_74' title='bbox 948 1328 1194 1383; x_wconf 87' lang='grc' dir='ltr'>ἀπαιτῶν</span> <span class='ocrx_word' id='word_1_75' title='bbox 1223 1328 1400 1400; x_wconf 89' lang='grc' dir='ltr'>δίκην,</span> <span class='ocrx_word' id='word_1_76' title='bbox 1439 1328 1575 1383; x_wconf 88' lang='grc' dir='ltr'>ἀλλά</span> <span class='ocrx_word' id='word_1_77' title='bbox 1601 1327 1670 1382; x_wconf 87' lang='grc' dir='ltr'>τά</span> <span class='ocrx_word' id='word_1_78' title='bbox 1700 1328 1963 1401; x_wconf 88' lang='grc' dir='ltr'>μέλλοντα</span> <span class='ocrx_word' id='word_1_79' title='bbox 2006 1329 2150 1403; x_wconf 90' lang='grc' dir='ltr'>διορ-</span> 
     </span>
    </p>
   </div>
   <div class='ocr_carea' id='block_1_13' title="bbox 568 1411 2147 1486">
    <p class='ocr_par' dir='ltr' id='par_1_13' title="bbox 568 1411 2147 1486">
     <span class='ocr_line' id='line_1_13' title="bbox 568 1411 2147 1486; baseline 0.003 -21"><span class='ocrx_word' id='word_1_80' title='bbox 568 1411 851 1479; x_wconf 89' lang='grc' dir='ltr'>θούμενος.</span> <span class='ocrx_word' id='word_1_81' title='bbox 896 1413 1009 1466; x_wconf 72' lang='grc' dir='ltr'>Καὶ</span> <span class='ocrx_word' id='word_1_82' title='bbox 1051 1413 1140 1466; x_wconf 86' lang='grc' dir='ltr'>ἴνα</span> <span class='ocrx_word' id='word_1_83' title='bbox 1185 1412 1363 1486; x_wconf 80' lang='grc' dir='ltr'>μάθῃς</span> <span class='ocrx_word' id='word_1_84' title='bbox 1406 1414 1490 1466; x_wconf 83' lang='grc' dir='ltr'>ὅτι</span> <span class='ocrx_word' id='word_1_85' title='bbox 1536 1411 1695 1466; x_wconf 88' lang='grc' dir='ltr'>τοῦτό</span> <span class='ocrx_word' id='word_1_86' title='bbox 1739 1414 1889 1467; x_wconf 90' lang='grc' dir='ltr'>ἐστιν</span> <span class='ocrx_word' id='word_1_87' title='bbox 1927 1413 2147 1485; x_wconf 82' lang='grc' dir='ltr'>ἀληθὲς,</span> 
     </span>
    </p>
   </div>
   <div class='ocr_carea' id='block_1_14' title="bbox 568 1494 2147 1569">
    <p class='ocr_par' dir='ltr' id='par_1_14' title="bbox 568 1494 2147 1569">
     <span class='ocr_line' id='line_1_14' title="bbox 568 1494 2147 1569; baseline 0.001 -21"><span class='ocrx_word' id='word_1_88' title='bbox 568 1494 799 1550; x_wconf 82' lang='grc' dir='ltr'>ἄκουσον</span> <span class='ocrx_word' id='word_1_89' title='bbox 844 1496 899 1550; x_wconf 87' lang='grc' dir='ltr'>τί</span> <span class='ocrx_word' id='word_1_90' title='bbox 943 1513 1078 1568; x_wconf 79' lang='grc' dir='ltr'>φησι</span> <span class='ocrx_word' id='word_1_91' title='bbox 1103 1495 1249 1569; x_wconf 77' lang='grc' dir='ltr'>,πρὸς</span> <span class='ocrx_word' id='word_1_92' title='bbox 1274 1495 1367 1548; x_wconf 87' lang='grc' dir='ltr'>τὸν</span> <span class='ocrx_word' id='word_1_93' title='bbox 1394 1494 1634 1551; x_wconf 83' lang='grc' dir='ltr'>Μωῦσέα</span> <span class='ocrx_word' id='word_1_94' title='bbox 1653 1510 1669 1526; x_wconf 74' lang='grc'><strong>⁸</strong></span> <span class='ocrx_word' id='word_1_95' title='bbox 1698 1496 1874 1564; x_wconf 73' lang='grc' dir='ltr'>Ἄφες</span> <span class='ocrx_word' id='word_1_96' title='bbox 1895 1512 1973 1566; x_wconf 80' lang='grc' dir='ltr'>με</span> <span class='ocrx_word' id='word_1_97' title='bbox 1995 1537 2010 1561; x_wconf 97' lang='grc'>,</span> <span class='ocrx_word' id='word_1_98' title='bbox 2050 1497 2147 1550; x_wconf 81' lang='grc' dir='ltr'>καὶ</span> 
     </span>
    </p>
   </div>
   <div class='ocr_carea' id='block_1_15' title="bbox 570 1577 2148 1650">
    <p class='ocr_par' dir='ltr' id='par_1_15' title="bbox 570 1577 2148 1650">
     <span class='ocr_line' id='line_1_15' title="bbox 570 1577 2148 1650; baseline 0.001 -20"><span class='ocrx_word' id='word_1_99' title='bbox 570 1578 861 1648; x_wconf 78' lang='grc' dir='ltr'>θυμωθεὶς</span> <span class='ocrx_word' id='word_1_100' title='bbox 886 1578 1149 1649; x_wconf 73' lang='grc' dir='ltr'>ἐκτρίψω</span> <span class='ocrx_word' id='word_1_101' title='bbox 1167 1579 1590 1647; x_wconf 81' lang='grc' dir='ltr'>αὑτούς.”Αφες</span> <span class='ocrx_word' id='word_1_102' title='bbox 1621 1594 1708 1649; x_wconf 86' lang='grc' dir='ltr'>με,</span> <span class='ocrx_word' id='word_1_103' title='bbox 1726 1577 2044 1650; x_wconf 78' lang='grc' dir='ltr'>ἔλεγεν,οὐχ</span> <span class='ocrx_word' id='word_1_104' title='bbox 2066 1579 2148 1633; x_wconf 80' lang='grc' dir='ltr'>ὅτι</span> 
     </span>
    </p>
   </div>
   <div class='ocr_carea' id='block_1_16' title="bbox 568 1658 2149 1733">
    <p class='ocr_par' dir='ltr' id='par_1_16' title="bbox 568 1658 2149 1733">
     <span class='ocr_line' id='line_1_16' title="bbox 568 1658 2149 1733; baseline -0.001 -17"><span class='ocrx_word' id='word_1_105' title='bbox 568 1661 810 1733; x_wconf 79' lang='grc' dir='ltr'>Μωῦσῆς</span> <span class='ocrx_word' id='word_1_106' title='bbox 840 1660 1001 1715; x_wconf 80' lang='grc' dir='ltr'>αὐτὸν</span> <span class='ocrx_word' id='word_1_107' title='bbox 1040 1663 1324 1731; x_wconf 84' lang='grc' dir='ltr'>κατεῖχεν·</span> <span class='ocrx_word' id='word_1_108' title='bbox 1357 1660 1506 1715; x_wconf 69' lang='grc' dir='ltr'>οὐδὲν</span> <span class='ocrx_word' id='word_1_109' title='bbox 1540 1659 1652 1732; x_wconf 83' lang='grc' dir='ltr'>γὰρ</span> <span class='ocrx_word' id='word_1_110' title='bbox 1677 1658 1976 1729; x_wconf 81' lang='grc' dir='ltr'>ἐφθέγξατο</span> <span class='ocrx_word' id='word_1_111' title='bbox 2012 1661 2149 1731; x_wconf 86' lang='grc' dir='ltr'>πρὸς</span> 
     </span>
    </p>
   </div>
   <div class='ocr_carea' id='block_1_17' title="bbox 569 1743 2144 1817">
    <p class='ocr_par' dir='ltr' id='par_1_17' title="bbox 569 1743 2144 1817">
     <span class='ocr_line' id='line_1_17' title="bbox 569 1743 2144 1817; baseline -0.001 -18"><span class='ocrx_word' id='word_1_112' title='bbox 569 1747 751 1813; x_wconf 78' lang='grc' dir='ltr'>αὑτὸν,</span> <span class='ocrx_word' id='word_1_113' title='bbox 784 1745 920 1800; x_wconf 86' lang='grc' dir='ltr'>ἀλλά</span> <span class='ocrx_word' id='word_1_114' title='bbox 944 1749 1071 1817; x_wconf 82' lang='grc' dir='ltr'>σιγῇ</span> <span class='ocrx_word' id='word_1_115' title='bbox 1100 1745 1458 1817; x_wconf 84' lang='grc' dir='ltr'>παρειστήκει</span> <span class='ocrx_word' id='word_1_116' title='bbox 1479 1762 1492 1775; x_wconf 76' lang='grc' dir='ltr'><strong><em>ο</em></strong></span> <span class='ocrx_word' id='word_1_117' title='bbox 1523 1743 1658 1798; x_wconf 89' lang='grc' dir='ltr'>ἀλλά</span> <span class='ocrx_word' id='word_1_118' title='bbox 1689 1743 1967 1814; x_wconf 68' lang='grc' dir='ltr'>πρόφασιν</span> <span class='ocrx_word' id='word_1_119' title='bbox 1993 1743 2144 1815; x_wconf 81' lang='grc' dir='ltr'>αὐτῷ</span> 
     </span>
    </p>
   </div>
   <div class='ocr_carea' id='block_1_18' title="bbox 569 1828 2147 1901">
    <p class='ocr_par' dir='ltr' id='par_1_18' title="bbox 569 1828 2147 1901">
     <span class='ocr_line' id='line_1_18' title="bbox 569 1828 2147 1901; baseline 0 -19"><span class='ocrx_word' id='word_1_120' title='bbox 569 1829 752 1882; x_wconf 85' lang='grc' dir='ltr'>δοῦναι</span> <span class='ocrx_word' id='word_1_121' title='bbox 779 1828 1104 1901; x_wconf 76' lang='grc' dir='ltr'>βουλόμενος</span> <span class='ocrx_word' id='word_1_122' title='bbox 1123 1829 1223 1899; x_wconf 87' lang='grc' dir='ltr'>τῆς</span> <span class='ocrx_word' id='word_1_123' title='bbox 1246 1828 1387 1900; x_wconf 81' lang='grc' dir='ltr'>ὑπὲρ</span> <span class='ocrx_word' id='word_1_124' title='bbox 1421 1828 1600 1882; x_wconf 86' lang='grc' dir='ltr'>αὐτῶν</span> <span class='ocrx_word' id='word_1_125' title='bbox 1634 1829 1936 1900; x_wconf 75' lang='grc' dir='ltr'>ἱκετηρίας.</span> <span class='ocrx_word' id='word_1_126' title='bbox 1969 1828 2147 1882; x_wconf 80' lang='grc' dir='ltr'>Ἐπειο</span> 
     </span>
    </p>
   </div>
   <div class='ocr_carea' id='block_1_19' title="bbox 571 1911 2147 1985">
    <p class='ocr_par' dir='ltr' id='par_1_19' title="bbox 571 1911 2147 1985">
     <span class='ocr_line' id='line_1_19' title="bbox 571 1911 2147 1985; baseline 0 -21"><span class='ocrx_word' id='word_1_127' title='bbox 571 1912 637 1983; x_wconf 83' lang='grc' dir='ltr'>δὴ</span> <span class='ocrx_word' id='word_1_128' title='bbox 674 1911 784 1985; x_wconf 83' lang='grc' dir='ltr'>γὰρ</span> <span class='ocrx_word' id='word_1_129' title='bbox 818 1912 943 1980; x_wconf 78' lang='grc' dir='ltr'>ἀξια</span> <span class='ocrx_word' id='word_1_130' title='bbox 974 1914 1072 1985; x_wconf 85' lang='grc' dir='ltr'>μὲν</span> <span class='ocrx_word' id='word_1_131' title='bbox 1102 1912 1375 1976; x_wconf 84' lang='grc' dir='ltr'>κολάσεως</span> <span class='ocrx_word' id='word_1_132' title='bbox 1400 1912 1648 1983; x_wconf 75' lang='grc' dir='ltr'>ἥμαρτον</span> <span class='ocrx_word' id='word_1_133' title='bbox 1676 1913 1896 1975; x_wconf 80' lang='grc' dir='ltr'>ἐκεῖνοι,</span> <span class='ocrx_word' id='word_1_134' title='bbox 1934 1912 2028 1965; x_wconf 74' lang='grc' dir='ltr'>καὶ</span> <span class='ocrx_word' id='word_1_135' title='bbox 2052 1928 2147 1964; x_wconf 88' lang='grc' dir='ltr'>κο-</span> 
     </span>
    </p>
   </div>
   <div class='ocr_carea' id='block_1_20' title="bbox 569 1992 2151 2068">
    <p class='ocr_par' dir='ltr' id='par_1_20' title="bbox 569 1992 2151 2068">
     <span class='ocr_line' id='line_1_20' title="bbox 569 1992 2151 2068; baseline -0.001 -20"><span class='ocrx_word' id='word_1_136' title='bbox 569 1993 782 2058; x_wconf 86' lang='grc' dir='ltr'>λάσεως</span> <span class='ocrx_word' id='word_1_137' title='bbox 813 1997 1212 2068; x_wconf 83' lang='grc' dir='ltr'>ἀπαραιτήτου,</span> <span class='ocrx_word' id='word_1_138' title='bbox 1261 1994 1486 2049; x_wconf 79' lang='grc' dir='ltr'>κολάσαι</span> <span class='ocrx_word' id='word_1_139' title='bbox 1521 1995 1576 2048; x_wconf 88' lang='grc' dir='ltr'>δὲ</span> <span class='ocrx_word' id='word_1_140' title='bbox 1616 1992 1811 2059; x_wconf 81' lang='grc' dir='ltr'>αὐτοὺς</span> <span class='ocrx_word' id='word_1_141' title='bbox 1856 1995 1956 2048; x_wconf 83' lang='grc' dir='ltr'>οὐκ</span> <span class='ocrx_word' id='word_1_142' title='bbox 2003 1994 2151 2048; x_wconf 75' lang='grc' dir='ltr'>ἐδού-</span> 
     </span>
    </p>
   </div>
   <div class='ocr_carea' id='block_1_21' title="bbox 569 2077 2149 2151">
    <p class='ocr_par' dir='ltr' id='par_1_21' title="bbox 569 2077 2149 2151">
     <span class='ocr_line' id='line_1_21' title="bbox 569 2077 2149 2151; baseline 0 -20"><span class='ocrx_word' id='word_1_143' title='bbox 569 2078 715 2141; x_wconf 89' lang='grc' dir='ltr'>λετο,</span> <span class='ocrx_word' id='word_1_144' title='bbox 734 2078 873 2132; x_wconf 86' lang='grc' dir='ltr'>ἀλλά</span> <span class='ocrx_word' id='word_1_145' title='bbox 894 2077 1741 2151; x_wconf 84' lang='grc' dir='ltr'>φιλανθρωπεύσασθαι,τοῦτοδὲ</span> <span class='ocrx_word' id='word_1_146' title='bbox 1762 2078 1959 2143; x_wconf 81' lang='grc' dir='ltr'>αὐτοὺς</span> <span class='ocrx_word' id='word_1_147' title='bbox 1986 2078 2149 2150; x_wconf 78' lang='grc' dir='ltr'>ρᾳθυ-</span> 
     </span>
    </p>
   </div>
   <div class='ocr_carea' id='block_1_22' title="bbox 575 2159 2148 2234">
    <p class='ocr_par' dir='ltr' id='par_1_22' title="bbox 575 2159 2148 2234">
     <span class='ocr_line' id='line_1_22' title="bbox 575 2159 2148 2234; baseline 0 -20"><span class='ocrx_word' id='word_1_148' title='bbox 575 2161 838 2233; x_wconf 80' lang='grc' dir='ltr'>μοτέρους</span> <span class='ocrx_word' id='word_1_149' title='bbox 855 2161 1049 2226; x_wconf 89' lang='grc' dir='ltr'>ἐποίει,</span> <span class='ocrx_word' id='word_1_150' title='bbox 1073 2162 1358 2234; x_wconf 87' lang='grc' dir='ltr'>ἀμφότερα</span> <span class='ocrx_word' id='word_1_151' title='bbox 1384 2161 1809 2227; x_wconf 82' lang='grc' dir='ltr'>κατεσκεύαζεν,</span> <span class='ocrx_word' id='word_1_152' title='bbox 1846 2159 1986 2215; x_wconf 84' lang='grc' dir='ltr'>ὥστε</span> <span class='ocrx_word' id='word_1_153' title='bbox 2010 2161 2148 2232; x_wconf 82' lang='grc' dir='ltr'>μήτε</span> 
     </span>
    </p>
   </div>
   <div class='ocr_carea' id='block_1_23' title="bbox 570 2242 2150 2317">
    <p class='ocr_par' dir='ltr' id='par_1_23' title="bbox 570 2242 2150 2317">
     <span class='ocr_line' id='line_1_23' title="bbox 570 2242 2150 2317; baseline 0 -20"><span class='ocrx_word' id='word_1_154' title='bbox 570 2242 671 2316; x_wconf 74' lang='grc' dir='ltr'>τὴν</span> <span class='ocrx_word' id='word_1_155' title='bbox 702 2245 975 2317; x_wconf 79' lang='grc' dir='ltr'>τιμωρίαν</span> <span class='ocrx_word' id='word_1_156' title='bbox 996 2246 1377 2317; x_wconf 79' lang='grc' dir='ltr'>ἐπενεχθῆναι,</span> <span class='ocrx_word' id='word_1_157' title='bbox 1412 2245 1549 2315; x_wconf 88' lang='grc' dir='ltr'>μήτε</span> <span class='ocrx_word' id='word_1_158' title='bbox 1578 2245 1820 2309; x_wconf 84' lang='grc' dir='ltr'>ἐκείνους</span> <span class='ocrx_word' id='word_1_159' title='bbox 1847 2243 2150 2317; x_wconf 80' lang='grc' dir='ltr'>ῥᾳθυμοτέ-</span> 
     </span>
    </p>
   </div>
   <div class='ocr_carea' id='block_1_24' title="bbox 572 2327 2147 2401">
    <p class='ocr_par' dir='ltr' id='par_1_24' title="bbox 572 2327 2147 2401">
     <span class='ocr_line' id='line_1_24' title="bbox 572 2327 2147 2401; baseline 0.001 -21"><span class='ocrx_word' id='word_1_160' title='bbox 572 2344 700 2398; x_wconf 88' lang='grc' dir='ltr'>ρους</span> <span class='ocrx_word' id='word_1_161' title='bbox 735 2329 800 2381; x_wconf 79' lang='grc' dir='ltr'>ἐκ</span> <span class='ocrx_word' id='word_1_162' title='bbox 819 2328 918 2400; x_wconf 83' lang='grc' dir='ltr'>τῆς</span> <span class='ocrx_word' id='word_1_163' title='bbox 949 2329 1327 2401; x_wconf 85' lang='grc' dir='ltr'>ἀτιμωρησίας</span> <span class='ocrx_word' id='word_1_164' title='bbox 1360 2327 1636 2397; x_wconf 70' lang='grc' dir='ltr'>γενέσθαι,</span> <span class='ocrx_word' id='word_1_165' title='bbox 1670 2327 1940 2399; x_wconf 82' lang='grc' dir='ltr'>μαθόντας</span> <span class='ocrx_word' id='word_1_166' title='bbox 1971 2328 2054 2382; x_wconf 82' lang='grc' dir='ltr'>ὅτι</span> <span class='ocrx_word' id='word_1_167' title='bbox 2084 2328 2147 2381; x_wconf 87' lang='grc' dir='ltr'>οὐ</span> 
     </span>
    </p>
   </div>
   <div class='ocr_carea' id='block_1_25' title="bbox 567 2409 2147 2483">
    <p class='ocr_par' dir='ltr' id='par_1_25' title="bbox 567 2409 2147 2483">
     <span class='ocr_line' id='line_1_25' title="bbox 567 2409 2147 2483; baseline 0 -19"><span class='ocrx_word' id='word_1_168' title='bbox 567 2410 723 2483; x_wconf 83' lang='grc' dir='ltr'>παρὰ</span> <span class='ocrx_word' id='word_1_169' title='bbox 743 2411 844 2482; x_wconf 78' lang='grc' dir='ltr'>τὴν</span> <span class='ocrx_word' id='word_1_170' title='bbox 863 2412 1068 2467; x_wconf 88' lang='grc' dir='ltr'>οἰκείαν</span> <span class='ocrx_word' id='word_1_171' title='bbox 1105 2413 1283 2479; x_wconf 81' lang='grc' dir='ltr'>ἀξίαν,</span> <span class='ocrx_word' id='word_1_172' title='bbox 1308 2411 1449 2468; x_wconf 91' lang='grc' dir='ltr'>ἀλλά</span> <span class='ocrx_word' id='word_1_173' title='bbox 1466 2411 1618 2482; x_wconf 81' lang='grc' dir='ltr'>παρά</span> <span class='ocrx_word' id='word_1_174' title='bbox 1637 2412 1737 2481; x_wconf 82' lang='grc' dir='ltr'>τὴν</span> <span class='ocrx_word' id='word_1_175' title='bbox 1757 2411 1853 2465; x_wconf 87' lang='grc' dir='ltr'>τοῦ</span> <span class='ocrx_word' id='word_1_176' title='bbox 1874 2409 2147 2476; x_wconf 79' lang='grc' dir='ltr'>Μωῦσέως</span> 
     </span>
    </p>
   </div>
   <div class='ocr_carea' id='block_1_26' title="bbox 568 2495 2150 2569">
    <p class='ocr_par' dir='ltr' id='par_1_26' title="bbox 568 2495 2150 2569">
     <span class='ocr_line' id='line_1_26' title="bbox 568 2495 2150 2569; baseline 0 -20"><span class='ocrx_word' id='word_1_177' title='bbox 568 2495 905 2565; x_wconf 84' lang='grc' dir='ltr'>προστασίαν</span> <span class='ocrx_word' id='word_1_178' title='bbox 937 2495 1035 2569; x_wconf 87' lang='grc' dir='ltr'>τὴν</span> <span class='ocrx_word' id='word_1_179' title='bbox 1052 2497 1223 2568; x_wconf 82' lang='grc' dir='ltr'>ὀργὴν</span> <span class='ocrx_word' id='word_1_180' title='bbox 1254 2496 1346 2551; x_wconf 90' lang='grc' dir='ltr'>τοῦ</span> <span class='ocrx_word' id='word_1_181' title='bbox 1369 2496 1639 2552; x_wconf 85' lang='grc' dir='ltr'>Δεσπότου</span> <span class='ocrx_word' id='word_1_182' title='bbox 1672 2496 1946 2566; x_wconf 76' lang='grc' dir='ltr'>διέφυγον.</span> <span class='ocrx_word' id='word_1_183' title='bbox 1978 2495 2150 2549; x_wconf 85' lang='grc' dir='ltr'>Τοῦτο</span> 
     </span>
    </p>
   </div>
   <div class='ocr_carea' id='block_1_27' title="bbox 569 2578 2151 2652">
    <p class='ocr_par' dir='ltr' id='par_1_27' title="bbox 569 2578 2151 2652">
     <span class='ocr_line' id='line_1_27' title="bbox 569 2578 2151 2652; baseline 0 -18"><span class='ocrx_word' id='word_1_184' title='bbox 569 2582 716 2652; x_wconf 83' lang='grc' dir='ltr'>καὶὴ</span> <span class='ocrx_word' id='word_1_185' title='bbox 725 2584 844 2651; x_wconf 77' lang='grc' dir='ltr'>μείς</span> <span class='ocrx_word' id='word_1_186' title='bbox 871 2579 1132 2645; x_wconf 81' lang='grc' dir='ltr'>πολλάκις</span> <span class='ocrx_word' id='word_1_187' title='bbox 1165 2579 1449 2650; x_wconf 80' lang='grc' dir='ltr'>ποιοῦμεν,</span> <span class='ocrx_word' id='word_1_188' title='bbox 1478 2580 1571 2634; x_wconf 87' lang='grc' dir='ltr'>καί</span> <span class='ocrx_word' id='word_1_189' title='bbox 1591 2579 1811 2643; x_wconf 79' lang='grc' dir='ltr'>οἰκέτας</span> <span class='ocrx_word' id='word_1_190' title='bbox 1838 2578 1963 2645; x_wconf 79' lang='grc' dir='ltr'>ἀξια</span> <span class='ocrx_word' id='word_1_191' title='bbox 1995 2578 2151 2634; x_wconf 81' lang='grc' dir='ltr'>κολά-</span> 
     </span>
    </p>
   </div>
   <div class='ocr_carea' id='block_1_28' title="bbox 570 2660 2149 2736">
    <p class='ocr_par' dir='ltr' id='par_1_28' title="bbox 570 2660 2149 2736">
     <span class='ocr_line' id='line_1_28' title="bbox 570 2660 2149 2736; baseline -0.003 -19"><span class='ocrx_word' id='word_1_192' title='bbox 570 2680 710 2728; x_wconf 87' lang='grc' dir='ltr'>σεως</span> <span class='ocrx_word' id='word_1_193' title='bbox 741 2664 1241 2736; x_wconf 80' lang='grc' dir='ltr'>πλημμελήσαντας</span> <span class='ocrx_word' id='word_1_194' title='bbox 1264 2663 1389 2718; x_wconf 77' lang='grc' dir='ltr'>οὔτε</span> <span class='ocrx_word' id='word_1_195' title='bbox 1416 2662 1641 2719; x_wconf 81' lang='grc' dir='ltr'>κολάσαι</span> <span class='ocrx_word' id='word_1_196' title='bbox 1674 2660 2149 2733; x_wconf 76' lang='grc' dir='ltr'>βουλόμενοι,οΰτε</span> 
     </span>
    </p>
   </div>
   <div class='ocr_carea' id='block_1_29' title="bbox 568 2741 2150 2817">
    <p class='ocr_par' dir='ltr' id='par_1_29' title="bbox 568 2741 2150 2817">
     <span class='ocr_line' id='line_1_29' title="bbox 568 2741 2150 2817; baseline 0.001 -19"><span class='ocrx_word' id='word_1_197' title='bbox 568 2746 664 2799; x_wconf 86' lang='grc' dir='ltr'>τοῦ</span> <span class='ocrx_word' id='word_1_198' title='bbox 680 2748 743 2799; x_wconf 84' lang='grc' dir='ltr'>ἐκ</span> <span class='ocrx_word' id='word_1_199' title='bbox 758 2747 858 2816; x_wconf 84' lang='grc' dir='ltr'>τῆς</span> <span class='ocrx_word' id='word_1_200' title='bbox 873 2747 1148 2810; x_wconf 86' lang='grc' dir='ltr'>κολάσεως</span> <span class='ocrx_word' id='word_1_201' title='bbox 1160 2746 1465 2815; x_wconf 80' lang='grc' dir='ltr'>ἀπαλλάξαι</span> <span class='ocrx_word' id='word_1_202' title='bbox 1476 2741 1842 2816; x_wconf 82' lang='grc' dir='ltr'>φόϐου,φίλοις</span> <span class='ocrx_word' id='word_1_203' title='bbox 1855 2745 2150 2817; x_wconf 81' lang='grc' dir='ltr'>κελεύομεν</span> 
     </span>
    </p>
   </div>
   <div class='ocr_carea' id='block_1_30' title="bbox 569 2827 2150 2902">
    <p class='ocr_par' dir='ltr' id='par_1_30' title="bbox 569 2827 2150 2902">
     <span class='ocr_line' id='line_1_30' title="bbox 569 2827 2150 2902; baseline 0.002 -22"><span class='ocrx_word' id='word_1_204' title='bbox 569 2827 680 2880; x_wconf 86' lang='grc' dir='ltr'>τῶν</span> <span class='ocrx_word' id='word_1_205' title='bbox 693 2827 979 2900; x_wconf 80' lang='grc' dir='ltr'>ἡμετέρων</span> <span class='ocrx_word' id='word_1_206' title='bbox 996 2829 1194 2893; x_wconf 80' lang='grc' dir='ltr'>αὐτοὺς</span> <span class='ocrx_word' id='word_1_207' title='bbox 1207 2827 1515 2902; x_wconf 78' lang='grc' dir='ltr'>ἐξαρπάσαι</span> <span class='ocrx_word' id='word_1_208' title='bbox 1530 2829 1752 2901; x_wconf 85' lang='grc' dir='ltr'>χειρῶν.</span> <span class='ocrx_word' id='word_1_209' title='bbox 1773 2827 1918 2883; x_wconf 85' lang='grc' dir='ltr'>ὥστε</span> <span class='ocrx_word' id='word_1_210' title='bbox 1945 2827 2043 2883; x_wconf 77' lang='grc' dir='ltr'>καὶ</span> <span class='ocrx_word' id='word_1_211' title='bbox 2058 2827 2150 2883; x_wconf 87' lang='grc' dir='ltr'>τὸν</span> 
     </span>
    </p>
   </div>
   <div class='ocr_carea' id='block_1_31' title="bbox 572 2910 2150 2984">
    <p class='ocr_par' dir='ltr' id='par_1_31' title="bbox 572 2910 2150 2984">
     <span class='ocr_line' id='line_1_31' title="bbox 572 2910 2150 2984; baseline 0.001 -21"><span class='ocrx_word' id='word_1_212' title='bbox 572 2911 737 2980; x_wconf 77' lang='grc' dir='ltr'>φόϐον</span> <span class='ocrx_word' id='word_1_213' title='bbox 763 2912 947 2977; x_wconf 79' lang='grc' dir='ltr'>αὐτοῖς</span> <span class='ocrx_word' id='word_1_214' title='bbox 974 2910 1354 2984; x_wconf 78' lang='grc' dir='ltr'>ἐνακμάζοντα</span> <span class='ocrx_word' id='word_1_215' title='bbox 1385 2913 1589 2984; x_wconf 85' lang='grc' dir='ltr'>μένειν,</span> <span class='ocrx_word' id='word_1_216' title='bbox 1605 2911 1700 2979; x_wconf 72' lang='grc' dir='ltr'>καὶ</span> <span class='ocrx_word' id='word_1_217' title='bbox 1719 2912 1819 2976; x_wconf 84' lang='grc' dir='ltr'>τὰς</span> <span class='ocrx_word' id='word_1_218' title='bbox 1840 2912 1971 2983; x_wconf 81' lang='grc' dir='ltr'>παρ’</span> <span class='ocrx_word' id='word_1_219' title='bbox 1990 2910 2150 2983; x_wconf 84' lang='grc' dir='ltr'>ήμῶν</span> 
     </span>
    </p>
   </div>
   <div class='ocr_carea' id='block_1_32' title="bbox 571 2994 2149 3066">
    <p class='ocr_par' dir='ltr' id='par_1_32' title="bbox 571 2994 2149 3066">
     <span class='ocr_line' id='line_1_32' title="bbox 571 2994 2149 3066; baseline 0.001 -20"><span class='ocrx_word' id='word_1_220' title='bbox 571 2994 787 3064; x_wconf 75' lang='grc' dir='ltr'>πληγάς</span> <span class='ocrx_word' id='word_1_221' title='bbox 816 2995 1117 3066; x_wconf 85' lang='grc' dir='ltr'>διαφυγεῖν.</span> <span class='ocrx_word' id='word_1_222' title='bbox 1169 2996 1340 3050; x_wconf 89' lang='grc' dir='ltr'>Τοῦτο</span> <span class='ocrx_word' id='word_1_223' title='bbox 1380 2996 1475 3050; x_wconf 76' lang='grc' dir='ltr'>καὶ</span> <span class='ocrx_word' id='word_1_224' title='bbox 1519 2997 1548 3050; x_wconf 88' lang='grc' dir='ltr'>ό</span> <span class='ocrx_word' id='word_1_225' title='bbox 1579 2994 1714 3061; x_wconf 86' lang='grc' dir='ltr'>Θεὸς</span> <span class='ocrx_word' id='word_1_226' title='bbox 1751 2995 1977 3066; x_wconf 81' lang='grc' dir='ltr'>ἐποίησε</span> <span class='ocrx_word' id='word_1_227' title='bbox 1998 3012 2011 3027; x_wconf 90' lang='grc'><strong>·</strong></span> <span class='ocrx_word' id='word_1_228' title='bbox 2054 2995 2149 3049; x_wconf 83' lang='grc' dir='ltr'>καὶ</span> 
     </span>
    </p>
   </div>
   <div class='ocr_carea' id='block_1_33' title="bbox 571 3078 2144 3152">
    <p class='ocr_par' dir='ltr' id='par_1_33' title="bbox 571 3078 2144 3152">
     <span class='ocr_line' id='line_1_33' title="bbox 571 3078 2144 3152; baseline 0.002 -21"><span class='ocrx_word' id='word_1_229' title='bbox 571 3080 657 3132; x_wconf 76' lang='grc' dir='ltr'>ὃτι</span> <span class='ocrx_word' id='word_1_230' title='bbox 683 3078 830 3132; x_wconf 74' lang='grc' dir='ltr'>ἐστὶν</span> <span class='ocrx_word' id='word_1_231' title='bbox 871 3079 1103 3152; x_wconf 83' lang='grc' dir='ltr'>ἀληθὲς,</span> <span class='ocrx_word' id='word_1_232' title='bbox 1143 3082 1236 3136; x_wconf 87' lang='grc' dir='ltr'>ἀπ’</span> <span class='ocrx_word' id='word_1_233' title='bbox 1282 3080 1463 3135; x_wconf 85' lang='grc' dir='ltr'>αὐτῶν</span> <span class='ocrx_word' id='word_1_234' title='bbox 1505 3079 1614 3133; x_wconf 90' lang='grc' dir='ltr'>τῶν</span> <span class='ocrx_word' id='word_1_235' title='bbox 1665 3079 1925 3152; x_wconf 77' lang='grc' dir='ltr'>ῥημάτων</span> <span class='ocrx_word' id='word_1_236' title='bbox 1963 3079 2144 3152; x_wconf 85' lang='grc' dir='ltr'>δῆλον·</span> 
     </span>
    </p>
   </div>
   <div class='ocr_carea' id='block_1_34' title="bbox 574 3162 2147 3237">
    <p class='ocr_par' dir='ltr' id='par_1_34' title="bbox 574 3162 2147 3237">
     <span class='ocr_line' id='line_1_34' title="bbox 574 3162 2147 3237; baseline 0 -20"><span class='ocrx_word' id='word_1_237' title='bbox 574 3163 760 3233; x_wconf 74' lang='grc' dir='ltr'>Ἄφες</span> <span class='ocrx_word' id='word_1_238' title='bbox 782 3179 881 3233; x_wconf 75' lang='grc' dir='ltr'>με,</span> <span class='ocrx_word' id='word_1_239' title='bbox 906 3164 1061 3237; x_wconf 71' lang='grc' dir='ltr'>φησι,</span> <span class='ocrx_word' id='word_1_240' title='bbox 1084 3163 1185 3218; x_wconf 84' lang='grc' dir='ltr'>καί</span> <span class='ocrx_word' id='word_1_241' title='bbox 1211 3165 1518 3234; x_wconf 81' lang='grc' dir='ltr'>θυμωθείς.</span> <span class='ocrx_word' id='word_1_242' title='bbox 1538 3164 1649 3219; x_wconf 80' lang='grc' dir='ltr'>Καὶ</span> <span class='ocrx_word' id='word_1_243' title='bbox 1668 3162 1774 3235; x_wconf 82' lang='grc' dir='ltr'>μὴν</span> <span class='ocrx_word' id='word_1_244' title='bbox 1802 3164 1931 3217; x_wconf 86' lang='grc' dir='ltr'>ὅταν</span> <span class='ocrx_word' id='word_1_245' title='bbox 1966 3163 2147 3235; x_wconf 87' lang='grc' dir='ltr'>βουλο-</span> 
     </span>
    </p>
   </div>
   <div class='ocr_carea' id='block_1_35' title="bbox 573 3245 2144 3319">
    <p class='ocr_par' dir='ltr' id='par_1_35' title="bbox 573 3245 2144 3319">
     <span class='ocr_line' id='line_1_35' title="bbox 573 3245 2144 3319; baseline 0.001 -19"><span class='ocrx_word' id='word_1_246' title='bbox 573 3245 769 3317; x_wconf 81' lang='grc' dir='ltr'>μένους</span> <span class='ocrx_word' id='word_1_247' title='bbox 792 3247 1209 3319; x_wconf 89' lang='grc' dir='ltr'>τιμωρήσασθαι</span> <span class='ocrx_word' id='word_1_248' title='bbox 1249 3246 1439 3318; x_wconf 74' lang='grc' dir='ltr'>μηδεὶς</span> <span class='ocrx_word' id='word_1_249' title='bbox 1471 3248 1606 3318; x_wconf 83' lang='grc' dir='ltr'>ἀφῇ,</span> <span class='ocrx_word' id='word_1_250' title='bbox 1644 3245 1764 3300; x_wconf 89' lang='grc' dir='ltr'>τότε</span> <span class='ocrx_word' id='word_1_251' title='bbox 1793 3245 2144 3318; x_wconf 87' lang='grc' dir='ltr'>θυμούμεθα·</span> 
     </span>
    </p>
   </div>
   <div class='ocr_carea' id='block_1_36' title="bbox 568 3329 2149 3404">
    <p class='ocr_par' dir='ltr' id='par_1_36' title="bbox 568 3329 2149 3404">
     <span class='ocr_line' id='line_1_36' title="bbox 568 3329 2149 3404; baseline 0.003 -23"><span class='ocrx_word' id='word_1_252' title='bbox 568 3329 730 3393; x_wconf 78' lang='grc' dir='ltr'>αὐτὸς</span> <span class='ocrx_word' id='word_1_253' title='bbox 755 3329 813 3383; x_wconf 84' lang='grc' dir='ltr'>δὲ</span> <span class='ocrx_word' id='word_1_254' title='bbox 832 3330 1001 3398; x_wconf 82' lang='grc' dir='ltr'>λέγει,</span> <span class='ocrx_word' id='word_1_255' title='bbox 1031 3330 1202 3400; x_wconf 80' lang='grc' dir='ltr'>’Δφες</span> <span class='ocrx_word' id='word_1_256' title='bbox 1227 3346 1295 3399; x_wconf 84' lang='grc' dir='ltr'>με</span> <span class='ocrx_word' id='word_1_257' title='bbox 1320 3330 1414 3383; x_wconf 76' lang='grc' dir='ltr'>καὶ</span> <span class='ocrx_word' id='word_1_258' title='bbox 1430 3329 1846 3401; x_wconf 86' lang='grc' dir='ltr'>θυμωθήσομαι,</span> <span class='ocrx_word' id='word_1_259' title='bbox 1867 3330 1954 3385; x_wconf 76' lang='grc' dir='ltr'>ἵνα</span> <span class='ocrx_word' id='word_1_260' title='bbox 1972 3330 2149 3404; x_wconf 81' lang='grc' dir='ltr'>μάθῃς</span> 
     </span>
    </p>
   </div>
   <div class='ocr_carea' id='block_1_37' title="bbox 568 3413 2151 3486">
    <p class='ocr_par' dir='ltr' id='par_1_37' title="bbox 568 3413 2151 3486">
     <span class='ocr_line' id='line_1_37' title="bbox 568 3413 2151 3486; baseline 0 -19"><span class='ocrx_word' id='word_1_261' title='bbox 568 3416 652 3468; x_wconf 82' lang='grc' dir='ltr'>ὃτι</span> <span class='ocrx_word' id='word_1_262' title='bbox 682 3413 853 3486; x_wconf 87' lang='grc' dir='ltr'>θυμὸς</span> <span class='ocrx_word' id='word_1_263' title='bbox 879 3418 939 3468; x_wconf 86' lang='grc' dir='ltr'>οὺ</span> <span class='ocrx_word' id='word_1_264' title='bbox 970 3414 1141 3479; x_wconf 85' lang='grc' dir='ltr'>πάθος</span> <span class='ocrx_word' id='word_1_265' title='bbox 1164 3414 1286 3469; x_wconf 79' lang='grc' dir='ltr'>ἐστὶ</span> <span class='ocrx_word' id='word_1_266' title='bbox 1315 3415 1443 3486; x_wconf 89' lang='grc' dir='ltr'>περί</span> <span class='ocrx_word' id='word_1_267' title='bbox 1463 3414 1617 3480; x_wconf 85' lang='grc' dir='ltr'>Θεὸν,</span> <span class='ocrx_word' id='word_1_268' title='bbox 1641 3414 1757 3467; x_wconf 88' lang='grc' dir='ltr'>ἀλλ’</span> <span class='ocrx_word' id='word_1_269' title='bbox 1785 3416 1818 3486; x_wconf 86' lang='grc' dir='ltr'>ή</span> <span class='ocrx_word' id='word_1_270' title='bbox 1848 3413 1971 3469; x_wconf 89' lang='grc' dir='ltr'>καθ’</span> <span class='ocrx_word' id='word_1_271' title='bbox 1990 3414 2151 3486; x_wconf 79' lang='grc' dir='ltr'>ἡμῶν</span> 
     </span>
    </p>
   </div>
   <div class='ocr_carea' id='block_1_38' title="bbox 568 3498 2147 3572">
    <p class='ocr_par' dir='ltr' id='par_1_38' title="bbox 568 3498 2147 3572">
     <span class='ocr_line' id='line_1_38' title="bbox 568 3498 2147 3572; baseline 0.002 -20"><span class='ocrx_word' id='word_1_272' title='bbox 568 3499 830 3570; x_wconf 81' lang='grc' dir='ltr'>γινομένη</span> <span class='ocrx_word' id='word_1_273' title='bbox 878 3499 1099 3563; x_wconf 89' lang='grc' dir='ltr'>κόλασις</span> <span class='ocrx_word' id='word_1_274' title='bbox 1143 3498 1316 3571; x_wconf 77' lang='grc' dir='ltr'>ταύτῃ</span> <span class='ocrx_word' id='word_1_275' title='bbox 1366 3499 1612 3553; x_wconf 86' lang='grc' dir='ltr'>καλεῖται</span> <span class='ocrx_word' id='word_1_276' title='bbox 1666 3500 1732 3571; x_wconf 83' lang='grc' dir='ltr'>τῇ</span> <span class='ocrx_word' id='word_1_277' title='bbox 1782 3499 2147 3572; x_wconf 82' lang='grc' dir='ltr'>προσηγορίᾳ.</span> 
     </span>
    </p>
   </div>
   <div class='ocr_carea' id='block_1_39' title="bbox 571 3577 2152 3653">
    <p class='ocr_par' dir='ltr' id='par_1_39' title="bbox 571 3577 2152 3653">
     <span class='ocr_line' id='line_1_39' title="bbox 571 3577 2152 3653; baseline 0.001 -17"><span class='ocrx_word' id='word_1_278' title='bbox 571 3583 742 3636; x_wconf 82' lang='grc' dir='ltr'>Ὅταν</span> <span class='ocrx_word' id='word_1_279' title='bbox 772 3577 867 3635; x_wconf 76' lang='grc' dir='ltr'>οὖν</span> <span class='ocrx_word' id='word_1_280' title='bbox 899 3581 1139 3653; x_wconf 80' lang='grc' dir='ltr'>ἀκούσῃς</span> <span class='ocrx_word' id='word_1_281' title='bbox 1172 3581 1265 3635; x_wconf 88' lang='grc' dir='ltr'>τοῦ</span> <span class='ocrx_word' id='word_1_282' title='bbox 1307 3581 1588 3646; x_wconf 83' lang='grc' dir='ltr'>Μωῡσέως</span> <span class='ocrx_word' id='word_1_283' title='bbox 1623 3582 1895 3650; x_wconf 87' lang='grc' dir='ltr'>λέγοντος,</span> <span class='ocrx_word' id='word_1_284' title='bbox 1932 3586 2004 3637; x_wconf 80' lang='lat' dir='ltr'><strong><em>El</em></strong></span> <span class='ocrx_word' id='word_1_285' title='bbox 2033 3584 2152 3651; x_wconf 79' lang='grc' dir='ltr'>μὲν</span> 
     </span>
    </p>
   </div>
   <div class='ocr_carea' id='block_1_40' title="bbox 570 3663 2148 3737">
    <p class='ocr_par' dir='ltr' id='par_1_40' title="bbox 570 3663 2148 3737">
     <span class='ocr_line' id='line_1_40' title="bbox 570 3663 2148 3737; baseline -0.002 -16"><span class='ocrx_word' id='word_1_286' title='bbox 570 3663 735 3735; x_wconf 68' lang='grc' dir='ltr'>ἁφῆς</span> <span class='ocrx_word' id='word_1_287' title='bbox 773 3665 978 3732; x_wconf 80' lang='grc' dir='ltr'>αὐτοῖς</span> <span class='ocrx_word' id='word_1_288' title='bbox 1003 3664 1117 3734; x_wconf 74' lang='grc' dir='ltr'>τὴν</span> <span class='ocrx_word' id='word_1_289' title='bbox 1141 3665 1456 3734; x_wconf 78' lang='grc' dir='ltr'>ἁμαρτίαν,</span> <span class='ocrx_word' id='word_1_290' title='bbox 1487 3664 1657 3734; x_wconf 67' lang='grc' dir='ltr'>ἄφες,</span> <span class='ocrx_word' id='word_1_291' title='bbox 1692 3665 1800 3737; x_wconf 89' lang='grc' dir='ltr'>πρὸ</span> <span class='ocrx_word' id='word_1_292' title='bbox 1823 3664 1917 3719; x_wconf 90' lang='grc' dir='ltr'>τοῦ</span> <span class='ocrx_word' id='word_1_293' title='bbox 1960 3664 2148 3720; x_wconf 87' lang='grc' dir='ltr'>δούλου</span> 
     </span>
    </p>
   </div>
   <div class='ocr_carea' id='block_1_41' title="bbox 569 3746 2150 3821">
    <p class='ocr_par' dir='ltr' id='par_1_41' title="bbox 569 3746 2150 3821">
     <span class='ocr_line' id='line_1_41' title="bbox 569 3746 2150 3821; baseline 0.001 -21"><span class='ocrx_word' id='word_1_294' title='bbox 569 3748 663 3800; x_wconf 80' lang='grc' dir='ltr'>τὸν</span> <span class='ocrx_word' id='word_1_295' title='bbox 697 3747 973 3817; x_wconf 83' lang='grc' dir='ltr'>Δεσπότην</span> <span class='ocrx_word' id='word_1_296' title='bbox 1000 3746 1325 3818; x_wconf 85' lang='grc' dir='ltr'>ἐκπλάγηθι,</span> <span class='ocrx_word' id='word_1_297' title='bbox 1356 3748 1441 3802; x_wconf 84' lang='grc' dir='ltr'>ὅτι</span> <span class='ocrx_word' id='word_1_298' title='bbox 1475 3747 1637 3813; x_wconf 83' lang='grc' dir='ltr'>αὐτὸς</span> <span class='ocrx_word' id='word_1_299' title='bbox 1665 3748 1816 3820; x_wconf 85' lang='grc' dir='ltr'>αὐτῷ</span> <span class='ocrx_word' id='word_1_300' title='bbox 1843 3749 1944 3821; x_wconf 80' lang='grc' dir='ltr'>τῆς</span> <span class='ocrx_word' id='word_1_301' title='bbox 1965 3749 2150 3819; x_wconf 87' lang='grc' dir='ltr'>φιλαν-</span> 
     </span>
    </p>
   </div>
   <div class='ocr_carea' id='block_1_42' title="bbox 573 3830 2151 3905">
    <p class='ocr_par' dir='ltr' id='par_1_42' title="bbox 573 3830 2151 3905">
     <span class='ocr_line' id='line_1_42' title="bbox 573 3830 2151 3905; baseline 0.003 -22"><span class='ocrx_word' id='word_1_302' title='bbox 573 3830 821 3903; x_wconf 85' lang='grc' dir='ltr'>θρωπίας</span> <span class='ocrx_word' id='word_1_303' title='bbox 847 3831 1048 3904; x_wconf 86' lang='grc' dir='ltr'>ταύτης</span> <span class='ocrx_word' id='word_1_304' title='bbox 1079 3832 1322 3904; x_wconf 84' lang='grc' dir='ltr'>παρέσχε</span> <span class='ocrx_word' id='word_1_305' title='bbox 1351 3833 1450 3895; x_wconf 89' lang='grc' dir='ltr'>τάς</span> <span class='ocrx_word' id='word_1_306' title='bbox 1478 3832 1752 3905; x_wconf 87' lang='grc' dir='ltr'>ἀφορμάς.</span> <span class='ocrx_word' id='word_1_307' title='bbox 1784 3833 1899 3887; x_wconf 86' lang='grc' dir='ltr'>Οὐκ</span> <span class='ocrx_word' id='word_1_308' title='bbox 1917 3832 2151 3888; x_wconf 87' lang='grc' dir='ltr'>ἐνταῦθα</span> 
     </span>
    </p>
   </div>
   <div class='ocr_carea' id='block_1_43' title="bbox 569 3913 2151 3991">
    <p class='ocr_par' dir='ltr' id='par_1_43' title="bbox 569 3913 2151 3991">
     <span class='ocr_line' id='line_1_43' title="bbox 569 3913 2151 3991; baseline -0.001 -21"><span class='ocrx_word' id='word_1_309' title='bbox 569 3915 631 3970; x_wconf 85' lang='grc' dir='ltr'>δέ</span> <span class='ocrx_word' id='word_1_310' title='bbox 672 3913 831 3985; x_wconf 86' lang='grc' dir='ltr'>μόνον</span> <span class='ocrx_word' id='word_1_311' title='bbox 864 3913 1021 3968; x_wconf 89' lang='grc' dir='ltr'>τοῦτο</span> <span class='ocrx_word' id='word_1_312' title='bbox 1055 3916 1343 3987; x_wconf 86' lang='grc' dir='ltr'>ἐποίησεν,</span> <span class='ocrx_word' id='word_1_313' title='bbox 1388 3914 1523 3969; x_wconf 91' lang='grc' dir='ltr'>ἀλλά</span> <span class='ocrx_word' id='word_1_314' title='bbox 1552 3916 1646 3969; x_wconf 81' lang='grc' dir='ltr'>καὶ</span> <span class='ocrx_word' id='word_1_315' title='bbox 1681 3915 1813 3989; x_wconf 79' lang='grc' dir='ltr'>πρὸς</span> <span class='ocrx_word' id='word_1_316' title='bbox 1852 3915 1943 3970; x_wconf 88' lang='grc' dir='ltr'>τὸν</span> <span class='ocrx_word' id='word_1_317' title='bbox 1987 3916 2151 3991; x_wconf 85' lang='grc' dir='ltr'>Ἰερε-</span> 
     </span>
    </p>
   </div>
   <div class='ocr_carea' id='block_1_44' title="bbox 567 4070 2402 4105">
    <p class='ocr_par' dir='ltr' id='par_1_44' title="bbox 567 4070 2402 4105">
     <span class='ocr_line' id='line_1_44' title="bbox 567 4070 2402 4105; baseline 0.003 -6"><span class='ocrx_word' id='word_1_318' title='bbox 567 4070 2402 4105; x_wconf 45' lang='lat' dir='ltr'>mm</span> 
     </span>
    </p>
   </div>
   <div class='ocr_carea' id='block_1_45' title="bbox 1300 369 3830 437">
    <p class='ocr_par' dir='ltr' id='par_1_45' title="bbox 1300 369 3830 437">
     <span class='ocr_line' id='line_1_45' title="bbox 1300 369 3830 437; baseline -0.004 0"><span class='ocrx_word' id='word_1_319' title='bbox 1300 384 1356 437; x_wconf 88' lang='lat' dir='ltr'>S.</span> <span class='ocrx_word' id='word_1_320' title='bbox 1393 380 1678 437; x_wconf 80' lang='lat' dir='ltr'>JOANNIS</span> <span class='ocrx_word' id='word_1_321' title='bbox 1714 377 2199 436; x_wconf 79' lang='lat' dir='ltr'>CIIRYSOSTOMI</span> <span class='ocrx_word' id='word_1_322' title='bbox 2239 371 2560 432; x_wconf 80' lang='lat' dir='ltr'>ARCHIEP.</span> <span class='ocrx_word' id='word_1_323' title='bbox 2609 369 3155 430; x_wconf 69' lang='lat' dir='ltr'>CONSTANTINOP.</span> <span class='ocrx_word' id='word_1_324' title='bbox 3738 371 3830 429; x_wconf 68' lang='lat'>663</span> 
     </span>
    </p>
   </div>
   <div class='ocr_carea' id='block_1_46' title="bbox 2257 484 3827 562">
    <p class='ocr_par' dir='ltr' id='par_1_46' title="bbox 2257 484 3827 562">
     <span class='ocr_line' id='line_1_46' title="bbox 2257 484 3827 562; baseline -0.003 -18"><span class='ocrx_word' id='word_1_325' title='bbox 2257 492 2407 562; x_wconf 87' lang='grc' dir='ltr'>μίαν,</span> <span class='ocrx_word' id='word_1_326' title='bbox 2454 490 2549 545; x_wconf 78' lang='grc' dir='ltr'>καὶ</span> <span class='ocrx_word' id='word_1_327' title='bbox 2607 489 2742 560; x_wconf 89' lang='grc' dir='ltr'>πρὸς</span> <span class='ocrx_word' id='word_1_328' title='bbox 2779 488 2871 542; x_wconf 89' lang='grc' dir='ltr'>τὸν</span> <span class='ocrx_word' id='word_1_329' title='bbox 2912 486 3170 556; x_wconf 80' lang='grc' dir='ltr'>Ἰεζεκιὴλ</span> <span class='ocrx_word' id='word_1_330' title='bbox 3198 485 3257 538; x_wconf 89' lang='grc' dir='ltr'>τὸ</span> <span class='ocrx_word' id='word_1_331' title='bbox 3305 484 3446 537; x_wconf 81' lang='grc' dir='ltr'>αὐτὸ</span> <span class='ocrx_word' id='word_1_332' title='bbox 3483 485 3643 537; x_wconf 90' lang='grc' dir='ltr'>τοῦτό</span> <span class='ocrx_word' id='word_1_333' title='bbox 3686 503 3827 557; x_wconf 82' lang='grc' dir='ltr'>φησι·</span> 
     </span>
    </p>
   </div>
   <div class='ocr_carea' id='block_1_47' title="bbox 2252 568 3826 644">
    <p class='ocr_par' dir='ltr' id='par_1_47' title="bbox 2252 568 3826 644">
     <span class='ocr_line' id='line_1_47' title="bbox 2252 568 3826 644; baseline -0.004 -14"><span class='ocrx_word' id='word_1_334' title='bbox 2252 573 2647 644; x_wconf 78' lang='grc' dir='ltr'>Περιδράμετε</span> <span class='ocrx_word' id='word_1_335' title='bbox 2674 571 2773 626; x_wconf 83' lang='grc' dir='ltr'>καί</span> <span class='ocrx_word' id='word_1_336' title='bbox 2797 570 2952 625; x_wconf 76' lang='grc' dir='ltr'>ἴδετε</span> <span class='ocrx_word' id='word_1_337' title='bbox 2973 570 3042 624; x_wconf 78' lang='grc' dir='ltr'>ἐν</span> <span class='ocrx_word' id='word_1_338' title='bbox 3061 570 3192 636; x_wconf 81' lang='grc' dir='ltr'>ταῖς</span> <span class='ocrx_word' id='word_1_339' title='bbox 3216 568 3382 635; x_wconf 81' lang='grc' dir='ltr'>ὁδοῖς</span> <span class='ocrx_word' id='word_1_340' title='bbox 3419 570 3826 641; x_wconf 77' lang='grc' dir='ltr'>Ἰερουσαλὴμ,</span> 
     </span>
    </p>
   </div>
   <div class='ocr_carea' id='block_1_48' title="bbox 2251 652 3826 725">
    <p class='ocr_par' dir='ltr' id='par_1_48' title="bbox 2251 652 3826 725">
     <span class='ocr_line' id='line_1_48' title="bbox 2251 652 3826 725; baseline -0.003 -12"><span class='ocrx_word' id='word_1_341' title='bbox 2251 660 2321 713; x_wconf 81' lang='grc' dir='ltr'>εί</span> <span class='ocrx_word' id='word_1_342' title='bbox 2341 659 2473 713; x_wconf 77' lang='grc' dir='ltr'>ἐστι</span> <span class='ocrx_word' id='word_1_343' title='bbox 2507 674 2598 724; x_wconf 90' lang='grc' dir='ltr'>τις</span> <span class='ocrx_word' id='word_1_344' title='bbox 2630 654 2819 709; x_wconf 79' lang='grc' dir='ltr'>ποιῶν</span> <span class='ocrx_word' id='word_1_345' title='bbox 2843 654 3024 725; x_wconf 82' lang='grc' dir='ltr'>κρίμα</span> <span class='ocrx_word' id='word_1_346' title='bbox 3052 653 3151 707; x_wconf 78' lang='grc' dir='ltr'>καί</span> <span class='ocrx_word' id='word_1_347' title='bbox 3191 652 3638 720; x_wconf 80' lang='grc' dir='ltr'>δικαιοσύνην·</span> <span class='ocrx_word' id='word_1_348' title='bbox 3669 652 3826 722; x_wconf 73' lang='grc' dir='ltr'>ἵλεως</span> 
     </span>
    </p>
   </div>
   <div class='ocr_carea' id='block_1_49' title="bbox 2251 734 3825 811">
    <p class='ocr_par' dir='ltr' id='par_1_49' title="bbox 2251 734 3825 811">
     <span class='ocr_line' id='line_1_49' title="bbox 2251 734 3825 811; baseline -0.002 -14"><span class='ocrx_word' id='word_1_349' title='bbox 2251 743 2465 811; x_wconf 74' lang='grc' dir='ltr'>ἔσομαι</span> <span class='ocrx_word' id='word_1_350' title='bbox 2492 740 2719 806; x_wconf 82' lang='grc' dir='ltr'>αὐτοῖς.</span> <span class='ocrx_word' id='word_1_351' title='bbox 2761 734 2918 803; x_wconf 79' lang='grc' dir='ltr'>Εἶδες</span> <span class='ocrx_word' id='word_1_352' title='bbox 2954 737 3406 809; x_wconf 85' lang='grc' dir='ltr'>φιλανθρωπίαν;</span> <span class='ocrx_word' id='word_1_353' title='bbox 3441 736 3561 808; x_wconf 80' lang='grc' dir='ltr'>Τῆς</span> <span class='ocrx_word' id='word_1_354' title='bbox 3595 736 3697 810; x_wconf 76' lang='grc' dir='ltr'>μὴν</span> <span class='ocrx_word' id='word_1_355' title='bbox 3723 740 3825 804; x_wconf 85' lang='grc' dir='ltr'>ἐνὸς</span> 
     </span>
    </p>
   </div>
   <div class='ocr_carea' id='block_1_50' title="bbox 2251 819 3827 896">
    <p class='ocr_par' dir='ltr' id='par_1_50' title="bbox 2251 819 3827 896">
     <span class='ocr_line' id='line_1_50' title="bbox 2251 819 3827 896; baseline -0.001 -17"><span class='ocrx_word' id='word_1_356' title='bbox 2251 825 2456 896; x_wconf 84' lang='grc' dir='ltr'>ἀρετῆς</span> <span class='ocrx_word' id='word_1_357' title='bbox 2484 824 2671 879; x_wconf 67' lang='grc' dir='ltr'>πολλοὶ</span> <span class='ocrx_word' id='word_1_358' title='bbox 2690 821 3118 877; x_wconf 75' lang='grc' dir='ltr'>συναπολαύουσι</span> <span class='ocrx_word' id='word_1_359' title='bbox 3138 821 3234 875; x_wconf 71' lang='grc' dir='ltr'>καὶ</span> <span class='ocrx_word' id='word_1_360' title='bbox 3255 819 3369 875; x_wconf 89' lang='grc' dir='ltr'>τῶν</span> <span class='ocrx_word' id='word_1_361' title='bbox 3392 821 3671 893; x_wconf 88' lang='grc' dir='ltr'>πονηρῶν·</span> <span class='ocrx_word' id='word_1_362' title='bbox 3699 827 3760 894; x_wconf 82' lang='grc' dir='ltr'>τῇ</span> <span class='ocrx_word' id='word_1_363' title='bbox 3778 824 3827 877; x_wconf 77' lang='grc' dir='ltr'>δέ</span> 
     </span>
    </p>
   </div>
   <div class='ocr_carea' id='block_1_51' title="bbox 2250 901 3811 979">
    <p class='ocr_par' dir='ltr' id='par_1_51' title="bbox 2250 901 3811 979">
     <span class='ocr_line' id='line_1_51' title="bbox 2250 901 3811 979; baseline -0.001 -17"><span class='ocrx_word' id='word_1_364' title='bbox 2250 908 2358 963; x_wconf 88' lang='grc' dir='ltr'>τῶν</span> <span class='ocrx_word' id='word_1_365' title='bbox 2399 907 2611 961; x_wconf 82' lang='grc' dir='ltr'>πολλῶν</span> <span class='ocrx_word' id='word_1_366' title='bbox 2656 905 2857 978; x_wconf 81' lang='grc' dir='ltr'>κακίᾳ,</span> <span class='ocrx_word' id='word_1_367' title='bbox 2904 904 3009 962; x_wconf 76' lang='grc' dir='ltr'>κᾶν</span> <span class='ocrx_word' id='word_1_368' title='bbox 3037 901 3117 970; x_wconf 76' lang='grc' dir='ltr'>εἷς</span> <span class='ocrx_word' id='word_1_369' title='bbox 3160 906 3191 958; x_wconf 85' lang='grc' dir='ltr'>ό</span> <span class='ocrx_word' id='word_1_370' title='bbox 3235 902 3592 979; x_wconf 87' lang='grc' dir='ltr'>κατορθῶν</span> <span class='ocrx_word' id='word_1_371' title='bbox 3625 907 3811 976; x_wconf 78' lang='grc' dir='ltr'>μεταξὺ</span> 
     </span>
    </p>
   </div>
   <div class='ocr_carea' id='block_1_52' title="bbox 2249 983 3823 1065">
    <p class='ocr_par' dir='ltr' id='par_1_52' title="bbox 2249 983 3823 1065">
     <span class='ocr_line' id='line_1_52' title="bbox 2249 983 3823 1065; baseline -0.001 -18"><span class='ocrx_word' id='word_1_372' title='bbox 2249 993 2421 1065; x_wconf 88' lang='grc' dir='ltr'>δήμου</span> <span class='ocrx_word' id='word_1_373' title='bbox 2459 991 2680 1058; x_wconf 84' lang='grc' dir='ltr'>πολλοῦ,</span> <span class='ocrx_word' id='word_1_374' title='bbox 2708 992 2769 1045; x_wconf 79' lang='grc' dir='ltr'>οὐ</span> <span class='ocrx_word' id='word_1_375' title='bbox 2809 988 3309 1061; x_wconf 81' lang='grc' dir='ltr'>συγκαταφέρεται·</span> <span class='ocrx_word' id='word_1_376' title='bbox 3347 988 3468 1043; x_wconf 86' lang='grc' dir='ltr'>ἀλλ’</span> <span class='ocrx_word' id='word_1_377' title='bbox 3504 983 3588 1054; x_wconf 74' lang='grc' dir='ltr'>εἷς</span> <span class='ocrx_word' id='word_1_378' title='bbox 3622 991 3716 1062; x_wconf 88' lang='grc' dir='ltr'>μὲν</span> <span class='ocrx_word' id='word_1_379' title='bbox 3742 991 3823 1045; x_wconf 82' lang='grc' dir='ltr'>άν-</span> 
     </span>
    </p>
   </div>
   <div class='ocr_carea' id='block_1_53' title="bbox 2251 1072 3824 1152">
    <p class='ocr_par' dir='ltr' id='par_1_53' title="bbox 2251 1072 3824 1152">
     <span class='ocr_line' id='line_1_53' title="bbox 2251 1072 3824 1152; baseline -0.003 -20"><span class='ocrx_word' id='word_1_380' title='bbox 2251 1079 2469 1152; x_wconf 89' lang='grc' dir='ltr'>θρωπος</span> <span class='ocrx_word' id='word_1_381' title='bbox 2536 1077 2715 1151; x_wconf 82' lang='grc' dir='ltr'>ὀρθῶς</span> <span class='ocrx_word' id='word_1_382' title='bbox 2774 1075 2882 1143; x_wconf 82' lang='grc' dir='ltr'>ζῶν</span> <span class='ocrx_word' id='word_1_383' title='bbox 2933 1075 3105 1147; x_wconf 84' lang='grc' dir='ltr'>δῆμον</span> <span class='ocrx_word' id='word_1_384' title='bbox 3169 1072 3473 1145; x_wconf 83' lang='grc' dir='ltr'>ὁλόκληρον</span> <span class='ocrx_word' id='word_1_385' title='bbox 3536 1073 3824 1147; x_wconf 74' lang='grc' dir='ltr'>ἐξαρπάσαι</span> 
     </span>
    </p>
   </div>
   <div class='ocr_carea' id='block_1_54' title="bbox 2248 1156 3823 1236">
    <p class='ocr_par' dir='ltr' id='par_1_54' title="bbox 2248 1156 3823 1236">
     <span class='ocr_line' id='line_1_54' title="bbox 2248 1156 3823 1236; baseline -0.004 -18"><span class='ocrx_word' id='word_1_386' title='bbox 2248 1164 2530 1236; x_wconf 88' lang='grc' dir='ltr'>δυνήσεται</span> <span class='ocrx_word' id='word_1_387' title='bbox 2563 1162 2664 1233; x_wconf 81' lang='grc' dir='ltr'>τῆς</span> <span class='ocrx_word' id='word_1_388' title='bbox 2692 1162 2864 1235; x_wconf 81' lang='grc' dir='ltr'>όργῆς</span> <span class='ocrx_word' id='word_1_389' title='bbox 2890 1157 2987 1214; x_wconf 88' lang='grc' dir='ltr'>τοῦ</span> <span class='ocrx_word' id='word_1_390' title='bbox 3033 1156 3170 1213; x_wconf 88' lang='grc' dir='ltr'>Θεοῦ</span> <span class='ocrx_word' id='word_1_391' title='bbox 3191 1197 3207 1221; x_wconf 90' lang='grc'>,</span> <span class='ocrx_word' id='word_1_392' title='bbox 3250 1157 3410 1221; x_wconf 88' lang='grc' dir='ltr'>πόλις</span> <span class='ocrx_word' id='word_1_393' title='bbox 3452 1157 3511 1211; x_wconf 85' lang='grc' dir='ltr'>δέ</span> <span class='ocrx_word' id='word_1_394' title='bbox 3549 1158 3823 1231; x_wconf 77' lang='grc' dir='ltr'>ὁλόκληρος</span> 
     </span>
    </p>
   </div>
   <div class='ocr_carea' id='block_1_55' title="bbox 2249 1241 3823 1319">
    <p class='ocr_par' dir='ltr' id='par_1_55' title="bbox 2249 1241 3823 1319">
     <span class='ocr_line' id='line_1_55' title="bbox 2249 1241 3823 1319; baseline -0.005 -17"><span class='ocrx_word' id='word_1_395' title='bbox 2249 1248 2620 1319; x_wconf 76' lang='grc' dir='ltr'>διεφθαρμένη</span> <span class='ocrx_word' id='word_1_396' title='bbox 2650 1245 2785 1318; x_wconf 87' lang='grc' dir='ltr'>πρὸς</span> <span class='ocrx_word' id='word_1_397' title='bbox 2817 1244 2916 1317; x_wconf 75' lang='grc' dir='ltr'>τὴν</span> <span class='ocrx_word' id='word_1_398' title='bbox 2944 1243 3154 1298; x_wconf 76' lang='grc' dir='ltr'>οἰκείαν</span> <span class='ocrx_word' id='word_1_399' title='bbox 3183 1241 3411 1297; x_wconf 89' lang='grc' dir='ltr'>κόλασιν</span> <span class='ocrx_word' id='word_1_400' title='bbox 3447 1243 3543 1294; x_wconf 67' lang='grc' dir='ltr'>καὶ⁵</span> <span class='ocrx_word' id='word_1_401' title='bbox 3570 1243 3823 1313; x_wconf 84' lang='grc' dir='ltr'>τιμωρίαν</span> 
     </span>
    </p>
   </div>
   <div class='ocr_carea' id='block_1_56' title="bbox 2250 1325 3819 1400">
    <p class='ocr_par' dir='ltr' id='par_1_56' title="bbox 2250 1325 3819 1400">
     <span class='ocr_line' id='line_1_56' title="bbox 2250 1325 3819 1400; baseline -0.004 -14"><span class='ocrx_word' id='word_1_402' title='bbox 2250 1332 2660 1387; x_wconf 75' lang='grc' dir='ltr'>ἐπισπάσασθαι</span> <span class='ocrx_word' id='word_1_403' title='bbox 2687 1331 2779 1386; x_wconf 92' lang='grc' dir='ltr'>τὸν</span> <span class='ocrx_word' id='word_1_404' title='bbox 2807 1325 2868 1384; x_wconf 80' lang='grc' dir='ltr'>εὖ</span> <span class='ocrx_word' id='word_1_405' title='bbox 2898 1329 3116 1400; x_wconf 84' lang='grc' dir='ltr'>βιοῦντα</span> <span class='ocrx_word' id='word_1_406' title='bbox 3154 1327 3249 1381; x_wconf 70' lang='grc' dir='ltr'>καὶ</span> <span class='ocrx_word' id='word_1_407' title='bbox 3279 1325 3541 1380; x_wconf 85' lang='grc' dir='ltr'>καθελεῖν</span> <span class='ocrx_word' id='word_1_408' title='bbox 3581 1328 3638 1380; x_wconf 84' lang='grc' dir='ltr'>οὐ</span> <span class='ocrx_word' id='word_1_409' title='bbox 3673 1328 3819 1398; x_wconf 73' lang='grc' dir='ltr'>δυνήο</span> 
     </span>
    </p>
   </div>
   <div class='ocr_carea' id='block_1_57' title="bbox 2250 1409 3820 1482">
    <p class='ocr_par' dir='ltr' id='par_1_57' title="bbox 2250 1409 3820 1482">
     <span class='ocr_line' id='line_1_57' title="bbox 2250 1409 3820 1482; baseline -0.006 -9"><span class='ocrx_word' id='word_1_410' title='bbox 2250 1433 2425 1473; x_wconf 80' lang='grc' dir='ltr'>σεται.</span> <span class='ocrx_word' id='word_1_411' title='bbox 2463 1416 2575 1471; x_wconf 77' lang='grc' dir='ltr'>Καὶ</span> <span class='ocrx_word' id='word_1_412' title='bbox 2615 1414 2774 1470; x_wconf 91' lang='grc' dir='ltr'>τοῦτο</span> <span class='ocrx_word' id='word_1_413' title='bbox 2821 1413 2931 1468; x_wconf 90' lang='grc' dir='ltr'>ἀπὸ</span> <span class='ocrx_word' id='word_1_414' title='bbox 2958 1411 3053 1466; x_wconf 89' lang='grc' dir='ltr'>τοῦ</span> <span class='ocrx_word' id='word_1_415' title='bbox 3087 1410 3210 1465; x_wconf 86' lang='grc' dir='ltr'>Νῶε</span> <span class='ocrx_word' id='word_1_416' title='bbox 3240 1410 3429 1482; x_wconf 66' lang='grc' dir='ltr'>δῆλον⁸</span> <span class='ocrx_word' id='word_1_417' title='bbox 3461 1410 3680 1464; x_wconf 85' lang='grc' dir='ltr'>πάντων</span> <span class='ocrx_word' id='word_1_418' title='bbox 3704 1409 3820 1478; x_wconf 80' lang='grc' dir='ltr'>γοῦν</span> 
     </span>
    </p>
   </div>
   <div class='ocr_carea' id='block_1_58' title="bbox 2250 1495 3819 1571">
    <p class='ocr_par' dir='ltr' id='par_1_58' title="bbox 2250 1495 3819 1571">
     <span class='ocr_line' id='line_1_58' title="bbox 2250 1495 3819 1571; baseline -0.004 -16"><span class='ocrx_word' id='word_1_419' title='bbox 2250 1500 2638 1571; x_wconf 85' lang='grc' dir='ltr'>ἀπολλυμένων</span> <span class='ocrx_word' id='word_1_420' title='bbox 2661 1498 2951 1563; x_wconf 75' lang='grc' dir='ltr'>διεσώζετο</span> <span class='ocrx_word' id='word_1_421' title='bbox 2984 1497 3165 1568; x_wconf 89' lang='grc' dir='ltr'>μόνος·</span> <span class='ocrx_word' id='word_1_422' title='bbox 3195 1495 3290 1549; x_wconf 56' lang='grc' dir='ltr'>καὶ⁵</span> <span class='ocrx_word' id='word_1_423' title='bbox 3305 1495 3420 1550; x_wconf 87' lang='grc' dir='ltr'>ἀπὸ</span> <span class='ocrx_word' id='word_1_424' title='bbox 3449 1495 3543 1549; x_wconf 86' lang='grc' dir='ltr'>τοῦ</span> <span class='ocrx_word' id='word_1_425' title='bbox 3564 1495 3819 1561; x_wconf 81' lang='grc' dir='ltr'>Μωῦσέως</span> 
     </span>
    </p>
   </div>
   <div class='ocr_carea' id='block_1_59' title="bbox 2251 1576 3819 1655">
    <p class='ocr_par' dir='ltr' id='par_1_59' title="bbox 2251 1576 3819 1655">
     <span class='ocr_line' id='line_1_59' title="bbox 2251 1576 3819 1655; baseline -0.003 -17"><span class='ocrx_word' id='word_1_426' title='bbox 2251 1583 2504 1655; x_wconf 68' lang='grc' dir='ltr'>φανερόν*</span> <span class='ocrx_word' id='word_1_427' title='bbox 2559 1583 2719 1655; x_wconf 90' lang='grc' dir='ltr'>μόνος</span> <span class='ocrx_word' id='word_1_428' title='bbox 2751 1580 2883 1652; x_wconf 92' lang='grc' dir='ltr'>γοῦν</span> <span class='ocrx_word' id='word_1_429' title='bbox 2911 1579 3098 1652; x_wconf 73' lang='grc' dir='ltr'>ἴσχυσε</span> <span class='ocrx_word' id='word_1_430' title='bbox 3137 1578 3309 1650; x_wconf 85' lang='grc' dir='ltr'>δῆμον</span> <span class='ocrx_word' id='word_1_431' title='bbox 3342 1576 3605 1632; x_wconf 89' lang='grc' dir='ltr'>τοσοῦτον</span> <span class='ocrx_word' id='word_1_432' title='bbox 3638 1595 3819 1651; x_wconf 85' lang='grc' dir='ltr'>παραι-</span> 
     </span>
    </p>
   </div>
   <div class='ocr_carea' id='block_1_60' title="bbox 2250 1658 3817 1737">
    <p class='ocr_par' dir='ltr' id='par_1_60' title="bbox 2250 1658 3817 1737">
     <span class='ocr_line' id='line_1_60' title="bbox 2250 1658 3817 1737; baseline -0.003 -18"><span class='ocrx_word' id='word_1_433' title='bbox 2250 1665 2540 1737; x_wconf 87' lang='grc' dir='ltr'>τήσασθαι.</span> <span class='ocrx_word' id='word_1_434' title='bbox 2588 1664 2732 1733; x_wconf 83' lang='grc' dir='ltr'>Ἐγὼ</span> <span class='ocrx_word' id='word_1_435' title='bbox 2760 1664 2817 1719; x_wconf 78' lang='grc' dir='ltr'>δέ</span> <span class='ocrx_word' id='word_1_436' title='bbox 2847 1662 2942 1718; x_wconf 73' lang='grc' dir='ltr'>καὶ</span> <span class='ocrx_word' id='word_1_437' title='bbox 2973 1663 3162 1734; x_wconf 71' lang='grc' dir='ltr'>ἕτερον</span> <span class='ocrx_word' id='word_1_438' title='bbox 3184 1658 3374 1732; x_wconf 81' lang='grc' dir='ltr'>μεῖζον</span> <span class='ocrx_word' id='word_1_439' title='bbox 3400 1660 3513 1733; x_wconf 76' lang='grc' dir='ltr'>ἔχω</span> <span class='ocrx_word' id='word_1_440' title='bbox 3534 1662 3632 1733; x_wconf 79' lang='grc' dir='ltr'>τῆς</span> <span class='ocrx_word' id='word_1_441' title='bbox 3651 1663 3817 1730; x_wconf 72' lang='grc' dir='ltr'>φιλαν-</span> 
     </span>
    </p>
   </div>
   <div class='ocr_carea' id='block_1_61' title="bbox 2250 1745 3818 1821">
    <p class='ocr_par' dir='ltr' id='par_1_61' title="bbox 2250 1745 3818 1821">
     <span class='ocr_line' id='line_1_61' title="bbox 2250 1745 3818 1821; baseline -0.003 -18"><span class='ocrx_word' id='word_1_442' title='bbox 2250 1748 2498 1821; x_wconf 88' lang='grc' dir='ltr'>θρωπίας</span> <span class='ocrx_word' id='word_1_443' title='bbox 2529 1747 2624 1802; x_wconf 90' lang='grc' dir='ltr'>τοῦ</span> <span class='ocrx_word' id='word_1_444' title='bbox 2649 1747 2786 1801; x_wconf 89' lang='grc' dir='ltr'>Θεοῦ</span> <span class='ocrx_word' id='word_1_445' title='bbox 2817 1748 3018 1817; x_wconf 82' lang='grc' dir='ltr'>δεῖγμα</span> <span class='ocrx_word' id='word_1_446' title='bbox 3050 1747 3246 1799; x_wconf 80' lang='grc' dir='ltr'>εἰπεῖν.</span> <span class='ocrx_word' id='word_1_447' title='bbox 3283 1745 3463 1799; x_wconf 86' lang='grc' dir='ltr'>Ὅταν</span> <span class='ocrx_word' id='word_1_448' title='bbox 3483 1745 3593 1817; x_wconf 87' lang='grc' dir='ltr'>γάρ</span> <span class='ocrx_word' id='word_1_449' title='bbox 3634 1745 3818 1810; x_wconf 79' lang='grc' dir='ltr'>ζῶντας</span> 
     </span>
    </p>
   </div>
   <div class='ocr_carea' id='block_1_62' title="bbox 2250 1826 3818 1903">
    <p class='ocr_par' dir='ltr' id='par_1_62' title="bbox 2250 1826 3818 1903">
     <span class='ocr_line' id='line_1_62' title="bbox 2250 1826 3818 1903; baseline -0.002 -19"><span class='ocrx_word' id='word_1_450' title='bbox 2250 1830 2573 1903; x_wconf 84' lang='grc' dir='ltr'>ἀνθρώπους</span> <span class='ocrx_word' id='word_1_451' title='bbox 2598 1831 2692 1884; x_wconf 74' lang='grc' dir='ltr'>καὶ</span> <span class='ocrx_word' id='word_1_452' title='bbox 2719 1829 3037 1901; x_wconf 81' lang='grc' dir='ltr'>παρῤησίαν</span> <span class='ocrx_word' id='word_1_453' title='bbox 3065 1826 3288 1899; x_wconf 77' lang='grc' dir='ltr'>ἔχοντας</span> <span class='ocrx_word' id='word_1_454' title='bbox 3326 1828 3404 1899; x_wconf 84' lang='grc' dir='ltr'>μὴ</span> <span class='ocrx_word' id='word_1_455' title='bbox 3441 1827 3580 1900; x_wconf 76' lang='grc' dir='ltr'>εὕρῃ</span> <span class='ocrx_word' id='word_1_456' title='bbox 3612 1827 3818 1899; x_wconf 81' lang='grc' dir='ltr'>δυναμέ-</span> 
     </span>
    </p>
   </div>
   <div class='ocr_carea' id='block_1_63' title="bbox 2250 1912 3817 1984">
    <p class='ocr_par' dir='ltr' id='par_1_63' title="bbox 2250 1912 3817 1984">
     <span class='ocr_line' id='line_1_63' title="bbox 2250 1912 3817 1984; baseline -0.003 -16"><span class='ocrx_word' id='word_1_457' title='bbox 2250 1931 2375 1979; x_wconf 85' lang='grc' dir='ltr'>νους</span> <span class='ocrx_word' id='word_1_458' title='bbox 2406 1912 2799 1983; x_wconf 75' lang='grc' dir='ltr'>ἐξαιτήσασθαι</span> <span class='ocrx_word' id='word_1_459' title='bbox 2834 1913 2961 1977; x_wconf 78' lang='grc' dir='ltr'>τοὺς</span> <span class='ocrx_word' id='word_1_460' title='bbox 2995 1912 3415 1984; x_wconf 79' lang='grc' dir='ltr'>ἡμαρτηκότας,</span> <span class='ocrx_word' id='word_1_461' title='bbox 3464 1914 3558 1966; x_wconf 77' lang='grc' dir='ltr'>ἐπὶ</span> <span class='ocrx_word' id='word_1_462' title='bbox 3601 1913 3721 1975; x_wconf 70' lang='grc' dir='ltr'>τοὺς</span> <span class='ocrx_word' id='word_1_463' title='bbox 3747 1929 3817 1964; x_wconf 86' lang='grc' dir='ltr'>τε·</span> 
     </span>
    </p>
   </div>
   <div class='ocr_carea' id='block_1_64' title="bbox 2246 1994 3815 2069">
    <p class='ocr_par' dir='ltr' id='par_1_64' title="bbox 2246 1994 3815 2069">
     <span class='ocr_line' id='line_1_64' title="bbox 2246 1994 3815 2069; baseline -0.002 -20"><span class='ocrx_word' id='word_1_464' title='bbox 2246 1996 2615 2069; x_wconf 88' lang='grc' dir='ltr'>λευτήσαντας</span> <span class='ocrx_word' id='word_1_465' title='bbox 2667 1994 3041 2065; x_wconf 85' lang='grc' dir='ltr'>καταφεύγει,</span> <span class='ocrx_word' id='word_1_466' title='bbox 3099 1996 3195 2049; x_wconf 73' lang='grc' dir='ltr'>καὶ</span> <span class='ocrx_word' id='word_1_467' title='bbox 3251 1994 3321 2049; x_wconf 86' lang='grc' dir='ltr'>δι’</span> <span class='ocrx_word' id='word_1_468' title='bbox 3383 1996 3630 2060; x_wconf 73' lang='grc' dir='ltr'>ἐκείνους</span> <span class='ocrx_word' id='word_1_469' title='bbox 3670 1996 3815 2066; x_wconf 68' lang='grc' dir='ltr'>φησιν</span> 
     </span>
    </p>
   </div>
   <div class='ocr_carea' id='block_1_65' title="bbox 2248 2075 3815 2152">
    <p class='ocr_par' dir='ltr' id='par_1_65' title="bbox 2248 2075 3815 2152">
     <span class='ocr_line' id='line_1_65' title="bbox 2248 2075 3815 2152; baseline -0.001 -18"><span class='ocrx_word' id='word_1_470' title='bbox 2248 2078 2561 2150; x_wconf 85' lang='grc' dir='ltr'>ἀφιέναιτά</span> <span class='ocrx_word' id='word_1_471' title='bbox 2588 2080 2987 2152; x_wconf 86' lang='grc' dir='ltr'>ἁμαρτήματα,</span> <span class='ocrx_word' id='word_1_472' title='bbox 3018 2078 3209 2152; x_wconf 88' lang='grc' dir='ltr'>ῶσπερ</span> <span class='ocrx_word' id='word_1_473' title='bbox 3235 2075 3332 2134; x_wconf 83' lang='grc' dir='ltr'>οῦν</span> <span class='ocrx_word' id='word_1_474' title='bbox 3371 2079 3453 2151; x_wconf 81' lang='grc' dir='ltr'>τῷ</span> <span class='ocrx_word' id='word_1_475' title='bbox 3492 2080 3702 2151; x_wconf 79' lang='grc' dir='ltr'>Ἐζεκίᾳ</span> <span class='ocrx_word' id='word_1_476' title='bbox 3725 2097 3815 2149; x_wconf 70' lang='grc' dir='ltr'>φη-</span> 
     </span>
    </p>
   </div>
   <div class='ocr_carea' id='block_1_66' title="bbox 2251 2160 3816 2234">
    <p class='ocr_par' dir='ltr' id='par_1_66' title="bbox 2251 2160 3816 2234">
     <span class='ocr_line' id='line_1_66' title="bbox 2251 2160 3816 2234; baseline -0.002 -17"><span class='ocrx_word' id='word_1_477' title='bbox 2251 2163 2360 2217; x_wconf 75' lang='grc' dir='ltr'>σίνο</span> <span class='ocrx_word' id='word_1_478' title='bbox 2406 2161 2789 2232; x_wconf 73' lang='grc' dir='ltr'>Ὑπερασπιῶ</span> <span class='ocrx_word' id='word_1_479' title='bbox 2816 2161 2929 2230; x_wconf 84' lang='grc' dir='ltr'>τῆς</span> <span class='ocrx_word' id='word_1_480' title='bbox 2960 2162 3194 2227; x_wconf 76' lang='grc' dir='ltr'>πόλεως</span> <span class='ocrx_word' id='word_1_481' title='bbox 3222 2163 3453 2232; x_wconf 86' lang='grc' dir='ltr'>ταύτης</span> <span class='ocrx_word' id='word_1_482' title='bbox 3475 2162 3551 2218; x_wconf 80' lang='grc' dir='ltr'>δι’</span> <span class='ocrx_word' id='word_1_483' title='bbox 3586 2162 3704 2234; x_wconf 77' lang='grc' dir='ltr'>ἐμὲ,</span> <span class='ocrx_word' id='word_1_484' title='bbox 3731 2160 3816 2215; x_wconf 79' lang='grc' dir='ltr'>καί</span> 
     </span>
    </p>
   </div>
   <div class='ocr_carea' id='block_1_67' title="bbox 2248 2244 3812 2316">
    <p class='ocr_par' dir='ltr' id='par_1_67' title="bbox 2248 2244 3812 2316">
     <span class='ocr_line' id='line_1_67' title="bbox 2248 2244 3812 2316; baseline -0.001 -15"><span class='ocrx_word' id='word_1_485' title='bbox 2248 2246 2348 2303; x_wconf 79' lang='grc' dir='ltr'>διὰ</span> <span class='ocrx_word' id='word_1_486' title='bbox 2367 2246 2550 2301; x_wconf 82' lang='grc' dir='ltr'>Δαυίδ</span> <span class='ocrx_word' id='word_1_487' title='bbox 2577 2246 2684 2301; x_wconf 76' lang='grc' dir='ltr'>τὸν</span> <span class='ocrx_word' id='word_1_488' title='bbox 2707 2244 2891 2300; x_wconf 78' lang='grc' dir='ltr'>παῖδά</span> <span class='ocrx_word' id='word_1_489' title='bbox 2904 2263 3046 2316; x_wconf 88' lang='grc' dir='ltr'>μου,</span> <span class='ocrx_word' id='word_1_490' title='bbox 3072 2246 3181 2300; x_wconf 78' lang='grc' dir='ltr'>τὸν</span> <span class='ocrx_word' id='word_1_491' title='bbox 3204 2245 3323 2316; x_wconf 76' lang='grc' dir='ltr'>ἤδη</span> <span class='ocrx_word' id='word_1_492' title='bbox 3348 2246 3812 2315; x_wconf 72' lang='grc' dir='ltr'>τετελευτηκότα.</span> 
     </span>
    </p>
   </div>
   <div class='ocr_carea' id='block_1_68' title="bbox 2250 2325 3817 2401">
    <p class='ocr_par' dir='ltr' id='par_1_68' title="bbox 2250 2325 3817 2401">
     <span class='ocr_line' id='line_1_68' title="bbox 2250 2325 3817 2401; baseline -0.002 -17"><span class='ocrx_word' id='word_1_493' title='bbox 2250 2329 2416 2385; x_wconf 84' lang='grc' dir='ltr'>Ταῦτ’</span> <span class='ocrx_word' id='word_1_494' title='bbox 2451 2325 2545 2386; x_wconf 80' lang='grc' dir='ltr'>οὖν</span> <span class='ocrx_word' id='word_1_495' title='bbox 2573 2329 2776 2394; x_wconf 86' lang='grc' dir='ltr'>εἰδότες</span> <span class='ocrx_word' id='word_1_496' title='bbox 2808 2329 2892 2385; x_wconf 86' lang='grc' dir='ltr'>ὅτι</span> <span class='ocrx_word' id='word_1_497' title='bbox 2922 2328 3100 2383; x_wconf 85' lang='grc' dir='ltr'>πάντα</span> <span class='ocrx_word' id='word_1_498' title='bbox 3131 2332 3270 2383; x_wconf 79' lang='grc' dir='ltr'>κινεῖ</span> <span class='ocrx_word' id='word_1_499' title='bbox 3299 2330 3401 2385; x_wconf 59' lang='grc' dir='ltr'>καὶ¹</span> <span class='ocrx_word' id='word_1_500' title='bbox 3444 2326 3817 2401; x_wconf 75' lang='grc' dir='ltr'>πραγματεύεσ-</span> 
     </span>
    </p>
   </div>
   <div class='ocr_carea' id='block_1_69' title="bbox 2246 2412 3813 2485">
    <p class='ocr_par' dir='ltr' id='par_1_69' title="bbox 2246 2412 3813 2485">
     <span class='ocr_line' id='line_1_69' title="bbox 2246 2412 3813 2485; baseline -0.001 -17"><span class='ocrx_word' id='word_1_501' title='bbox 2246 2431 2338 2469; x_wconf 86' lang='grc' dir='ltr'>ται</span> <span class='ocrx_word' id='word_1_502' title='bbox 2365 2416 2394 2470; x_wconf 86' lang='grc' dir='ltr'>ό</span> <span class='ocrx_word' id='word_1_503' title='bbox 2419 2414 2574 2480; x_wconf 86' lang='grc' dir='ltr'>Θεὸς,</span> <span class='ocrx_word' id='word_1_504' title='bbox 2606 2412 2748 2467; x_wconf 84' lang='grc' dir='ltr'>ὥστε</span> <span class='ocrx_word' id='word_1_505' title='bbox 2777 2414 2928 2485; x_wconf 78' lang='grc' dir='ltr'>ἡμᾶς</span> <span class='ocrx_word' id='word_1_506' title='bbox 2966 2413 3276 2480; x_wconf 79' lang='grc' dir='ltr'>ἀπαλλάξαι</span> <span class='ocrx_word' id='word_1_507' title='bbox 3313 2415 3595 2480; x_wconf 87' lang='grc' dir='ltr'>κολάσεως</span> <span class='ocrx_word' id='word_1_508' title='bbox 3625 2416 3712 2467; x_wconf 81' lang='grc' dir='ltr'>καὶ</span> <span class='ocrx_word' id='word_1_509' title='bbox 3744 2430 3813 2467; x_wconf 79' lang='grc' dir='ltr'>τι·</span> 
     </span>
    </p>
   </div>
   <div class='ocr_carea' id='block_1_70' title="bbox 2252 2495 3811 2570">
    <p class='ocr_par' dir='ltr' id='par_1_70' title="bbox 2252 2495 3811 2570">
     <span class='ocr_line' id='line_1_70' title="bbox 2252 2495 3811 2570; baseline -0.001 -21"><span class='ocrx_word' id='word_1_510' title='bbox 2252 2496 2482 2570; x_wconf 82' lang='grc' dir='ltr'>μωρίας,</span> <span class='ocrx_word' id='word_1_511' title='bbox 2504 2495 2702 2560; x_wconf 78' lang='grc' dir='ltr'>πολλάς</span> <span class='ocrx_word' id='word_1_512' title='bbox 2720 2495 3050 2568; x_wconf 85' lang='grc' dir='ltr'>παρέχωμεν</span> <span class='ocrx_word' id='word_1_513' title='bbox 3071 2495 3218 2567; x_wconf 80' lang='grc' dir='ltr'>αὐτῷ</span> <span class='ocrx_word' id='word_1_514' title='bbox 3238 2495 3341 2561; x_wconf 80' lang='grc' dir='ltr'>τὰς</span> <span class='ocrx_word' id='word_1_515' title='bbox 3362 2496 3811 2570; x_wconf 75' lang='grc' dir='ltr'>ἀφορμὰς,ἐξομο-</span> 
     </span>
    </p>
   </div>
   <div class='ocr_carea' id='block_1_71' title="bbox 2249 2577 3809 2652">
    <p class='ocr_par' dir='ltr' id='par_1_71' title="bbox 2249 2577 3809 2652">
     <span class='ocr_line' id='line_1_71' title="bbox 2249 2577 3809 2652; baseline -0.003 -17"><span class='ocrx_word' id='word_1_516' title='bbox 2249 2580 2591 2652; x_wconf 89' lang='grc' dir='ltr'>λογούμενοι,</span> <span class='ocrx_word' id='word_1_517' title='bbox 2658 2577 3071 2651; x_wconf 86' lang='grc' dir='ltr'>μετανοοῦντες,</span> <span class='ocrx_word' id='word_1_518' title='bbox 3121 2578 3477 2652; x_wconf 86' lang='grc' dir='ltr'>δακρύοντες,</span> <span class='ocrx_word' id='word_1_519' title='bbox 3531 2579 3809 2651; x_wconf 81' lang='grc' dir='ltr'>εὐχόμενοι,</span> 
     </span>
    </p>
   </div>
   <div class='ocr_carea' id='block_1_72' title="bbox 2247 2660 3811 2735">
    <p class='ocr_par' dir='ltr' id='par_1_72' title="bbox 2247 2660 3811 2735">
     <span class='ocr_line' id='line_1_72' title="bbox 2247 2660 3811 2735; baseline -0.005 -16"><span class='ocrx_word' id='word_1_520' title='bbox 2247 2667 2360 2729; x_wconf 81' lang='grc' dir='ltr'>τοῖς</span> <span class='ocrx_word' id='word_1_521' title='bbox 2390 2663 2619 2734; x_wconf 88' lang='grc' dir='ltr'>πλησίον</span> <span class='ocrx_word' id='word_1_522' title='bbox 2650 2662 2753 2735; x_wconf 83' lang='grc' dir='ltr'>τὴν</span> <span class='ocrx_word' id='word_1_523' title='bbox 2800 2660 2972 2734; x_wconf 82' lang='grc' dir='ltr'>ὀργὴν</span> <span class='ocrx_word' id='word_1_524' title='bbox 3023 2661 3277 2731; x_wconf 83' lang='grc' dir='ltr'>ἀφιέντες</span> <span class='ocrx_word' id='word_1_525' title='bbox 3300 2705 3316 2728; x_wconf 88' lang='grc'>,</span> <span class='ocrx_word' id='word_1_526' title='bbox 3373 2662 3474 2734; x_wconf 82' lang='grc' dir='ltr'>τὴν</span> <span class='ocrx_word' id='word_1_527' title='bbox 3518 2662 3624 2715; x_wconf 80' lang='grc' dir='ltr'>τῶν</span> <span class='ocrx_word' id='word_1_528' title='bbox 3662 2660 3811 2722; x_wconf 84' lang='grc' dir='ltr'>πέλας</span> 
     </span>
    </p>
   </div>
   <div class='ocr_carea' id='block_1_73' title="bbox 2250 2744 3809 2818">
    <p class='ocr_par' dir='ltr' id='par_1_73' title="bbox 2250 2744 3809 2818">
     <span class='ocr_line' id='line_1_73' title="bbox 2250 2744 3809 2818; baseline -0.004 -17"><span class='ocrx_word' id='word_1_529' title='bbox 2250 2747 2441 2801; x_wconf 91' lang='grc' dir='ltr'>πενίαν</span> <span class='ocrx_word' id='word_1_530' title='bbox 2468 2744 2879 2818; x_wconf 85' lang='grc' dir='ltr'>διορθούμενοι,</span> <span class='ocrx_word' id='word_1_531' title='bbox 2930 2746 2988 2797; x_wconf 85' lang='grc' dir='ltr'>ἐν</span> <span class='ocrx_word' id='word_1_532' title='bbox 3026 2747 3145 2809; x_wconf 88' lang='grc' dir='ltr'>ταῖς</span> <span class='ocrx_word' id='word_1_533' title='bbox 3186 2744 3380 2815; x_wconf 82' lang='grc' dir='ltr'>εὐχαῖς</span> <span class='ocrx_word' id='word_1_534' title='bbox 3412 2746 3686 2817; x_wconf 82' lang='grc' dir='ltr'>νήφοντες,</span> <span class='ocrx_word' id='word_1_535' title='bbox 3724 2758 3809 2795; x_wconf 80' lang='grc' dir='ltr'>τα-</span> 
     </span>
    </p>
   </div>
   <div class='ocr_carea' id='block_1_74' title="bbox 2250 2826 3808 2901">
    <p class='ocr_par' dir='ltr' id='par_1_74' title="bbox 2250 2826 3808 2901">
     <span class='ocr_line' id='line_1_74' title="bbox 2250 2826 3808 2901; baseline -0.003 -19"><span class='ocrx_word' id='word_1_536' title='bbox 2250 2827 2681 2901; x_wconf 80' lang='grc' dir='ltr'>πεινοφροσύνην</span> <span class='ocrx_word' id='word_1_537' title='bbox 2730 2826 3202 2900; x_wconf 86' lang='grc' dir='ltr'>ἐπιδεικνύμενοι,</span> <span class='ocrx_word' id='word_1_538' title='bbox 3250 2827 3367 2884; x_wconf 87' lang='grc' dir='ltr'>τῶν</span> <span class='ocrx_word' id='word_1_539' title='bbox 3427 2828 3808 2901; x_wconf 79' lang='grc' dir='ltr'>ἁμαρτημάτων</span> 
     </span>
    </p>
   </div>
   <div class='ocr_carea' id='block_1_75' title="bbox 2254 2910 2885 2986">
    <p class='ocr_par' dir='ltr' id='par_1_75' title="bbox 2254 2910 2885 2986">
     <span class='ocr_line' id='line_1_75' title="bbox 2254 2910 2885 2986; baseline -0.005 -18"><span class='ocrx_word' id='word_1_540' title='bbox 2254 2912 2594 2986; x_wconf 86' lang='grc' dir='ltr'>μεμνημένοι</span> <span class='ocrx_word' id='word_1_541' title='bbox 2622 2910 2885 2983; x_wconf 89' lang='grc' dir='ltr'>συνεχῶς.</span> 
     </span>
    </p>
   </div>
   <div class='ocr_carea' id='block_1_76' title="bbox 2324 2990 3808 3070">
    <p class='ocr_par' dir='ltr' id='par_1_76' title="bbox 2324 2990 3808 3070">
     <span class='ocr_line' id='line_1_76' title="bbox 2324 2990 3808 3070; baseline -0.003 -20"><span class='ocrx_word' id='word_1_542' title='bbox 2324 2997 2401 3051; x_wconf 83' lang='grc' dir='ltr'>Ού</span> <span class='ocrx_word' id='word_1_543' title='bbox 2435 2995 2545 3069; x_wconf 85' lang='grc' dir='ltr'>γὰρ</span> <span class='ocrx_word' id='word_1_544' title='bbox 2572 2997 2735 3070; x_wconf 86' lang='grc' dir='ltr'>ἀρκεῖ</span> <span class='ocrx_word' id='word_1_545' title='bbox 2753 2995 2817 3049; x_wconf 91' lang='grc' dir='ltr'>τὸ</span> <span class='ocrx_word' id='word_1_546' title='bbox 2850 2997 3045 3062; x_wconf 71' lang='grc' dir='ltr'>εἰπεῖν,</span> <span class='ocrx_word' id='word_1_547' title='bbox 3074 2995 3156 3050; x_wconf 86' lang='grc' dir='ltr'>ὅτι</span> <span class='ocrx_word' id='word_1_548' title='bbox 3187 2995 3517 3070; x_wconf 85' lang='grc' dir='ltr'>ἁμαρτωλός</span> <span class='ocrx_word' id='word_1_549' title='bbox 3543 2997 3669 3066; x_wconf 83' lang='grc' dir='ltr'>εἰμι,</span> <span class='ocrx_word' id='word_1_550' title='bbox 3692 2990 3808 3049; x_wconf 75' lang='grc' dir='ltr'>ἀλλὰ</span> 
     </span>
    </p>
   </div>
   <div class='ocr_carea' id='block_1_77' title="bbox 2254 3075 3807 3151">
    <p class='ocr_par' dir='ltr' id='par_1_77' title="bbox 2254 3075 3807 3151">
     <span class='ocr_line' id='line_1_77' title="bbox 2254 3075 3807 3151; baseline -0.005 -16"><span class='ocrx_word' id='word_1_551' title='bbox 2254 3080 2452 3136; x_wconf 76' lang='grc' dir='ltr'>δεῖκαὶ</span> <span class='ocrx_word' id='word_1_552' title='bbox 2488 3080 2609 3135; x_wconf 88' lang='grc' dir='ltr'>κατ’</span> <span class='ocrx_word' id='word_1_553' title='bbox 2647 3075 2785 3143; x_wconf 79' lang='grc' dir='ltr'>εἶδος</span> <span class='ocrx_word' id='word_1_554' title='bbox 2814 3077 2993 3133; x_wconf 83' lang='grc' dir='ltr'>αὐτῶν</span> <span class='ocrx_word' id='word_1_555' title='bbox 3019 3078 3333 3151; x_wconf 83' lang='grc' dir='ltr'>μεμνῆσθαι</span> <span class='ocrx_word' id='word_1_556' title='bbox 3366 3081 3477 3135; x_wconf 85' lang='grc' dir='ltr'>τῶν</span> <span class='ocrx_word' id='word_1_557' title='bbox 3507 3077 3807 3150; x_wconf 85' lang='grc' dir='ltr'>πλημμελη-</span> 
     </span>
    </p>
   </div>
   <div class='ocr_carea' id='block_1_78' title="bbox 2259 3157 3806 3237">
    <p class='ocr_par' dir='ltr' id='par_1_78' title="bbox 2259 3157 3806 3237">
     <span class='ocr_line' id='line_1_78' title="bbox 2259 3157 3806 3237; baseline -0.004 -20"><span class='ocrx_word' id='word_1_558' title='bbox 2259 3165 2464 3237; x_wconf 85' lang='grc' dir='ltr'>μάτων.</span> <span class='ocrx_word' id='word_1_559' title='bbox 2518 3161 2788 3234; x_wconf 84' lang='grc' dir='ltr'>Καθάπερ</span> <span class='ocrx_word' id='word_1_560' title='bbox 2832 3161 2943 3234; x_wconf 85' lang='grc' dir='ltr'>γὰρ</span> <span class='ocrx_word' id='word_1_561' title='bbox 2998 3159 3111 3235; x_wconf 90' lang='grc' dir='ltr'>πῦρ</span> <span class='ocrx_word' id='word_1_562' title='bbox 3152 3162 3243 3226; x_wconf 81' lang='grc' dir='ltr'>,εἰς</span> <span class='ocrx_word' id='word_1_563' title='bbox 3293 3162 3543 3227; x_wconf 81' lang='grc' dir='ltr'>ἀκάνθας</span> <span class='ocrx_word' id='word_1_564' title='bbox 3595 3157 3806 3231; x_wconf 81' lang='grc' dir='ltr'>ἐμπεσὸν</span> 
     </span>
    </p>
   </div>
   <div class='ocr_carea' id='block_1_79' title="bbox 2253 3239 3803 3319">
    <p class='ocr_par' dir='ltr' id='par_1_79' title="bbox 2253 3239 3803 3319">
     <span class='ocr_line' id='line_1_79' title="bbox 2253 3239 3803 3319; baseline -0.003 -18"><span class='ocrx_word' id='word_1_565' title='bbox 2253 3247 2506 3319; x_wconf 77' lang='grc' dir='ltr'>ἀφανίζει</span> <span class='ocrx_word' id='word_1_566' title='bbox 2536 3245 2736 3319; x_wconf 76' lang='grc' dir='ltr'>ῥᾳδίως</span> <span class='ocrx_word' id='word_1_567' title='bbox 2767 3244 2960 3309; x_wconf 81' lang='grc' dir='ltr'>αὐτὰς,</span> <span class='ocrx_word' id='word_1_568' title='bbox 2987 3243 3131 3299; x_wconf 74' lang='grc' dir='ltr'>οὕτω</span> <span class='ocrx_word' id='word_1_569' title='bbox 3160 3246 3255 3299; x_wconf 63' lang='grc' dir='ltr'>καὶ⁸</span> <span class='ocrx_word' id='word_1_570' title='bbox 3286 3244 3553 3317; x_wconf 88' lang='grc' dir='ltr'>λογισμὸς</span> <span class='ocrx_word' id='word_1_571' title='bbox 3596 3239 3803 3312; x_wconf 78' lang='grc' dir='ltr'>συνεχῶς</span> 
     </span>
    </p>
   </div>
   <div class='ocr_carea' id='block_1_80' title="bbox 2252 3326 3808 3404">
    <p class='ocr_par' dir='ltr' id='par_1_80' title="bbox 2252 3326 3808 3404">
     <span class='ocr_line' id='line_1_80' title="bbox 2252 3326 3808 3404; baseline -0.004 -18"><span class='ocrx_word' id='word_1_572' title='bbox 2252 3332 2384 3404; x_wconf 89' lang='grc' dir='ltr'>παρ’</span> <span class='ocrx_word' id='word_1_573' title='bbox 2413 3330 2593 3402; x_wconf 80' lang='grc' dir='ltr'>ἑαυτῷ</span> <span class='ocrx_word' id='word_1_574' title='bbox 2635 3328 3015 3403; x_wconf 85' lang='grc' dir='ltr'>περιστρέφων</span> <span class='ocrx_word' id='word_1_575' title='bbox 3047 3327 3117 3382; x_wconf 83' lang='grc' dir='ltr'>τά</span> <span class='ocrx_word' id='word_1_576' title='bbox 3144 3327 3690 3401; x_wconf 84' lang='grc' dir='ltr'>πεπλημμελημένα,</span> <span class='ocrx_word' id='word_1_577' title='bbox 3724 3326 3808 3396; x_wconf 61' lang='lat'>(5;-</span> 
     </span>
    </p>
   </div>
   <div class='ocr_carea' id='block_1_81' title="bbox 2249 3408 3805 3479">
    <p class='ocr_par' dir='ltr' id='par_1_81' title="bbox 2249 3408 3805 3479">
     <span class='ocr_line' id='line_1_81' title="bbox 2249 3408 3805 3479; baseline -0.006 -11"><span class='ocrx_word' id='word_1_578' title='bbox 2249 3414 2379 3479; x_wconf 91' lang='grc' dir='ltr'>δίως</span> <span class='ocrx_word' id='word_1_579' title='bbox 2407 3412 2547 3468; x_wconf 78' lang='grc' dir='ltr'>αύτά</span> <span class='ocrx_word' id='word_1_580' title='bbox 2576 3411 2837 3468; x_wconf 88' lang='grc' dir='ltr'>ἀπόλλυσι</span> <span class='ocrx_word' id='word_1_581' title='bbox 2863 3411 2957 3466; x_wconf 74' lang='grc' dir='ltr'>καὶ</span> <span class='ocrx_word' id='word_1_582' title='bbox 2981 3410 3259 3466; x_wconf 91' lang='grc' dir='ltr'>καταδύει.</span> <span class='ocrx_word' id='word_1_583' title='bbox 3295 3411 3358 3466; x_wconf 86' lang='lat'>&#39;0</span> <span class='ocrx_word' id='word_1_584' title='bbox 3376 3413 3434 3467; x_wconf 87' lang='grc' dir='ltr'>δὲ</span> <span class='ocrx_word' id='word_1_585' title='bbox 3457 3411 3587 3474; x_wconf 79' lang='grc' dir='ltr'>Θεὸς</span> <span class='ocrx_word' id='word_1_586' title='bbox 3613 3411 3641 3463; x_wconf 89' lang='grc' dir='ltr'>ό</span> <span class='ocrx_word' id='word_1_587' title='bbox 3658 3408 3805 3477; x_wconf 81' lang='grc' dir='ltr'>ὑπερ-</span> 
     </span>
    </p>
   </div>
   <div class='ocr_carea' id='block_1_82' title="bbox 2251 3487 3806 3570">
    <p class='ocr_par' dir='ltr' id='par_1_82' title="bbox 2251 3487 3806 3570">
     <span class='ocr_line' id='line_1_82' title="bbox 2251 3487 3806 3570; baseline -0.007 -16"><span class='ocrx_word' id='word_1_588' title='bbox 2251 3498 2451 3554; x_wconf 79' lang='grc' dir='ltr'>ϐαίνων</span> <span class='ocrx_word' id='word_1_589' title='bbox 2477 3497 2727 3570; x_wconf 85' lang='grc' dir='ltr'>ἀνομίας,</span> <span class='ocrx_word' id='word_1_590' title='bbox 2757 3495 2988 3567; x_wconf 80' lang='grc' dir='ltr'>ἐξαίρων</span> <span class='ocrx_word' id='word_1_591' title='bbox 3023 3495 3260 3561; x_wconf 86' lang='grc' dir='ltr'>ἀδικίας,</span> <span class='ocrx_word' id='word_1_592' title='bbox 3287 3497 3389 3551; x_wconf 77' lang='grc' dir='ltr'>καὶ</span> <span class='ocrx_word' id='word_1_593' title='bbox 3416 3496 3524 3550; x_wconf 91' lang='grc' dir='ltr'>τῶν</span> <span class='ocrx_word' id='word_1_594' title='bbox 3551 3487 3806 3567; x_wconf 84' lang='grc' dir='ltr'>ἁμαρτιῶν</span> 
     </span>
    </p>
   </div>
   <div class='ocr_carea' id='block_1_83' title="bbox 2249 3571 3805 3654">
    <p class='ocr_par' dir='ltr' id='par_1_83' title="bbox 2249 3571 3805 3654">
     <span class='ocr_line' id='line_1_83' title="bbox 2249 3571 3805 3654; baseline -0.01 -15"><span class='ocrx_word' id='word_1_595' title='bbox 2249 3584 2401 3654; x_wconf 77' lang='grc' dir='ltr'>ἡμᾶς</span> <span class='ocrx_word' id='word_1_596' title='bbox 2444 3581 2797 3650; x_wconf 82' lang='grc' dir='ltr'>ἀπαλλάξειε,</span> <span class='ocrx_word' id='word_1_597' title='bbox 2842 3580 2936 3633; x_wconf 75' lang='grc' dir='ltr'>καὶ</span> <span class='ocrx_word' id='word_1_598' title='bbox 2982 3572 3099 3649; x_wconf 66' lang='grc' dir='ltr'>τῆς</span> <span class='ocrx_word' id='word_1_599' title='bbox 3123 3578 3405 3649; x_wconf 80' lang='grc' dir='ltr'>βασιλείας</span> <span class='ocrx_word' id='word_1_600' title='bbox 3449 3579 3557 3633; x_wconf 88' lang='grc' dir='ltr'>τῶν</span> <span class='ocrx_word' id='word_1_601' title='bbox 3589 3571 3805 3647; x_wconf 82' lang='grc' dir='ltr'>οὐρανῶν</span> 
     </span>
    </p>
   </div>
   <div class='ocr_carea' id='block_1_84' title="bbox 2256 3653 3804 3736">
    <p class='ocr_par' dir='ltr' id='par_1_84' title="bbox 2256 3653 3804 3736">
     <span class='ocr_line' id='line_1_84' title="bbox 2256 3653 3804 3736; baseline -0.01 -16"><span class='ocrx_word' id='word_1_602' title='bbox 2256 3653 2530 3731; x_wconf 82' lang='grc' dir='ltr'>ἀξιώσειε,</span> <span class='ocrx_word' id='word_1_603' title='bbox 2563 3665 2746 3736; x_wconf 90' lang='grc' dir='ltr'>χάριτι</span> <span class='ocrx_word' id='word_1_604' title='bbox 2771 3663 2868 3717; x_wconf 74' lang='grc' dir='ltr'>καὶ</span> <span class='ocrx_word' id='word_1_605' title='bbox 2896 3662 3279 3733; x_wconf 78' lang='grc' dir='ltr'>φιλανθρωπίᾳ</span> <span class='ocrx_word' id='word_1_606' title='bbox 3313 3661 3414 3717; x_wconf 88' lang='grc' dir='ltr'>τοῦ</span> <span class='ocrx_word' id='word_1_607' title='bbox 3448 3661 3645 3733; x_wconf 82' lang='grc' dir='ltr'>Κυρίου</span> <span class='ocrx_word' id='word_1_608' title='bbox 3672 3653 3804 3727; x_wconf 81' lang='grc' dir='ltr'>ἡμῶν</span> 
     </span>
    </p>
   </div>
   <div class='ocr_carea' id='block_1_85' title="bbox 2270 3736 3800 3820">
    <p class='ocr_par' dir='ltr' id='par_1_85' title="bbox 2270 3736 3800 3820">
     <span class='ocr_line' id='line_1_85' title="bbox 2270 3736 3800 3820; baseline -0.008 -17"><span class='ocrx_word' id='word_1_609' title='bbox 2270 3747 2445 3819; x_wconf 83' lang='grc' dir='ltr'>Ἰησοῦ</span> <span class='ocrx_word' id='word_1_610' title='bbox 2480 3745 2738 3820; x_wconf 87' lang='grc' dir='ltr'>Χριστοῦ.</span> <span class='ocrx_word' id='word_1_611' title='bbox 2770 3745 2836 3799; x_wconf 88' lang='grc' dir='ltr'>δι’</span> <span class='ocrx_word' id='word_1_612' title='bbox 2881 3740 2942 3800; x_wconf 78' lang='grc' dir='ltr'>οῦ</span> <span class='ocrx_word' id='word_1_613' title='bbox 2972 3745 3067 3799; x_wconf 74' lang='grc' dir='ltr'>καὶ</span> <span class='ocrx_word' id='word_1_614' title='bbox 3110 3744 3227 3816; x_wconf 84' lang='grc' dir='ltr'>μεθ’</span> <span class='ocrx_word' id='word_1_615' title='bbox 3257 3736 3318 3798; x_wconf 79' lang='grc' dir='ltr'>οῦ</span> <span class='ocrx_word' id='word_1_616' title='bbox 3352 3745 3434 3817; x_wconf 81' lang='grc' dir='ltr'>τῷ</span> <span class='ocrx_word' id='word_1_617' title='bbox 3469 3743 3638 3814; x_wconf 83' lang='grc' dir='ltr'>Πατρ“ι</span> <span class='ocrx_word' id='word_1_618' title='bbox 3662 3738 3800 3803; x_wconf 78' lang='grc' dir='ltr'>δόξα,</span> 
     </span>
    </p>
   </div>
   <div class='ocr_carea' id='block_1_86' title="bbox 2258 3821 3802 3904">
    <p class='ocr_par' dir='ltr' id='par_1_86' title="bbox 2258 3821 3802 3904">
     <span class='ocr_line' id='line_1_86' title="bbox 2258 3821 3802 3904; baseline -0.008 -18"><span class='ocrx_word' id='word_1_619' title='bbox 2258 3831 2376 3902; x_wconf 74' lang='grc' dir='ltr'>ἅμα</span> <span class='ocrx_word' id='word_1_620' title='bbox 2404 3829 2482 3902; x_wconf 82' lang='grc' dir='ltr'>τῷ</span> <span class='ocrx_word' id='word_1_621' title='bbox 2528 3832 2668 3904; x_wconf 85' lang='grc' dir='ltr'>ἁγίῳ</span> <span class='ocrx_word' id='word_1_622' title='bbox 2695 3829 2997 3901; x_wconf 86' lang='grc' dir='ltr'>Πνεύματι,</span> <span class='ocrx_word' id='word_1_623' title='bbox 3037 3828 3132 3882; x_wconf 90' lang='grc' dir='ltr'>νῦν</span> <span class='ocrx_word' id='word_1_624' title='bbox 3174 3827 3271 3883; x_wconf 78' lang='grc' dir='ltr'>καὶ</span> <span class='ocrx_word' id='word_1_625' title='bbox 3313 3829 3438 3898; x_wconf 78' lang='grc' dir='ltr'>ἀεὶ,</span> <span class='ocrx_word' id='word_1_626' title='bbox 3466 3828 3557 3882; x_wconf 79' lang='grc' dir='ltr'>καὶ</span> <span class='ocrx_word' id='word_1_627' title='bbox 3589 3826 3663 3888; x_wconf 75' lang='grc' dir='ltr'>εἰς</span> <span class='ocrx_word' id='word_1_628' title='bbox 3695 3821 3802 3882; x_wconf 80' lang='grc' dir='ltr'>τοὺς</span> 
     </span>
    </p>
   </div>
   <div class='ocr_carea' id='block_1_87' title="bbox 2258 3911 3085 3984">
    <p class='ocr_par' dir='ltr' id='par_1_87' title="bbox 2258 3911 3085 3984">
     <span class='ocr_line' id='line_1_87' title="bbox 2258 3911 3085 3984; baseline -0.006 -14"><span class='ocrx_word' id='word_1_629' title='bbox 2258 3913 2462 3978; x_wconf 86' lang='grc' dir='ltr'>αἰῶνας</span> <span class='ocrx_word' id='word_1_630' title='bbox 2482 3915 2592 3968; x_wconf 88' lang='grc' dir='ltr'>τῶν</span> <span class='ocrx_word' id='word_1_631' title='bbox 2618 3913 2850 3969; x_wconf 83' lang='grc' dir='ltr'>αἰώνων.</span> <span class='ocrx_word' id='word_1_632' title='bbox 2888 3911 3085 3984; x_wconf 83' lang='grc' dir='ltr'>Ἀμήν.</span> 
     </span>
    </p>
   </div>
   <div class='ocr_carea' id='block_1_88' title="bbox 2458 4055 3779 4106">
    <p class='ocr_par' dir='ltr' id='par_1_88' title="bbox 2458 4055 3779 4106">
     <span class='ocr_line' id='line_1_88' title="bbox 2458 4055 3779 4106; baseline -0.01 -4"><span class='ocrx_word' id='word_1_633' title='bbox 2458 4055 3779 4106; x_wconf 47' lang='grc' dir='ltr'>ς-φ-.-Ψ--Μ</span> 
     </span>
    </p>
   </div>
   <div class='ocr_carea' id='block_1_89' title="bbox 2407 4075 2770 4087">
    <p class='ocr_par' dir='ltr' id='par_1_89' title="bbox 2407 4075 2770 4087">
     <span class='ocr_line' id='line_1_89' title="bbox 2407 4075 2770 4087; baseline -0.003 -1"><span class='ocrx_word' id='word_1_634' title='bbox 2407 4075 2770 4087; x_wconf 46' lang='grc' dir='ltr'>ι-σ--ᾷ</span> 
     </span>
    </p>
   </div>
   <div class='ocr_carea' id='block_1_90' title="bbox 2023 4224 2377 4303">
    <p class='ocr_par' dir='ltr' id='par_1_90' title="bbox 2023 4224 2377 4303">
     <span class='ocr_line' id='line_1_90' title="bbox 2023 4224 2377 4303; baseline 0 0"><span class='ocrx_word' id='word_1_635' title='bbox 2023 4224 2377 4303; x_wconf 70' lang='lat' dir='ltr'>MONITUM</span> 
     </span>
    </p>
   </div>
   <div class='ocr_carea' id='block_1_91' title="bbox 629 4424 3807 4506">
    <p class='ocr_par' dir='ltr' id='par_1_91' title="bbox 629 4424 3807 4506">
     <span class='ocr_line' id='line_1_91' title="bbox 629 4424 3807 4506; baseline -0.003 -20"><span class='ocrx_word' id='word_1_636' title='bbox 629 4430 784 4488; x_wconf 89' lang='lat' dir='ltr'><strong>Hanc</strong></span> <span class='ocrx_word' id='word_1_637' title='bbox 812 4431 1194 4488; x_wconf 85' lang='lat' dir='ltr'><strong>brevissimam</strong></span> <span class='ocrx_word' id='word_1_638' title='bbox 1234 4433 1537 4500; x_wconf 88' lang='lat' dir='ltr'><strong>bomiliam,</strong></span> <span class='ocrx_word' id='word_1_639' title='bbox 1567 4449 1691 4489; x_wconf 90' lang='lat' dir='ltr'>cum</span> <span class='ocrx_word' id='word_1_640' title='bbox 1722 4448 1829 4489; x_wconf 89' lang='lat' dir='ltr'>non</span> <span class='ocrx_word' id='word_1_641' title='bbox 1878 4434 2225 4490; x_wconf 78' lang='lat' dir='ltr'>commodior</span> <span class='ocrx_word' id='word_1_642' title='bbox 2250 4443 2504 4505; x_wconf 85' lang='lat' dir='ltr'><strong>suppetat</strong></span> <span class='ocrx_word' id='word_1_643' title='bbox 2535 4435 2711 4500; x_wconf 84' lang='lat' dir='ltr'><strong>locu‘s,</strong></span> <span class='ocrx_word' id='word_1_644' title='bbox 2753 4434 3143 4506; x_wconf 80' lang='lat' dir='ltr'><strong>subiungimus</strong></span> <span class='ocrx_word' id='word_1_645' title='bbox 3182 4436 3445 4505; x_wconf 73' lang='lat' dir='ltr'><strong>homilim,</strong></span> <span class='ocrx_word' id='word_1_646' title='bbox 3484 4431 3572 4489; x_wconf 88' lang='lat' dir='ltr'>cui</span> <span class='ocrx_word' id='word_1_647' title='bbox 3623 4424 3807 4489; x_wconf 77' lang='lat' dir='ltr'><strong>titulus,</strong></span> 
     </span>
    </p>
   </div>
   <div class='ocr_carea' id='block_1_92' title="bbox 558 4542 3799 4619">
    <p class='ocr_par' dir='ltr' id='par_1_92' title="bbox 558 4542 3799 4619">
     <span class='ocr_line' id='line_1_92' title="bbox 558 4542 3799 4619; baseline -0.002 -16"><span class='ocrx_word' id='word_1_648' title='bbox 558 4544 684 4604; x_wconf 81' lang='lat' dir='ltr'><strong>Non</strong></span> <span class='ocrx_word' id='word_1_649' title='bbox 734 4562 846 4601; x_wconf 77' lang='lat' dir='ltr'>me</span> <span class='ocrx_word' id='word_1_650' title='bbox 872 4546 943 4601; x_wconf 86' lang='lat' dir='ltr'><strong>ad</strong></span> <span class='ocrx_word' id='word_1_651' title='bbox 981 4548 1213 4618; x_wconf 75' lang='lat' dir='ltr'>gratiam</span> <span class='ocrx_word' id='word_1_652' title='bbox 1250 4545 1696 4615; x_wconf 83' lang='lat' dir='ltr'><strong>concionandum,</strong></span> <span class='ocrx_word' id='word_1_653' title='bbox 1731 4547 1924 4603; x_wconf 87' lang='lat' dir='ltr'><strong>eodem</strong></span> <span class='ocrx_word' id='word_1_654' title='bbox 1975 4549 2188 4609; x_wconf 77' lang='lat' dir='ltr'>scilicet</span> <span class='ocrx_word' id='word_1_655' title='bbox 2220 4547 2352 4612; x_wconf 89' lang='lat' dir='ltr'><strong>situ,</strong></span> <span class='ocrx_word' id='word_1_656' title='bbox 2381 4563 2493 4619; x_wconf 83' lang='lat' dir='ltr'><strong>quo</strong></span> <span class='ocrx_word' id='word_1_657' title='bbox 2545 4550 2600 4603; x_wconf 87' lang='lat' dir='ltr'>in</span> <span class='ocrx_word' id='word_1_658' title='bbox 2632 4549 2875 4606; x_wconf 82' lang='lat' dir='ltr'><strong>editione</strong></span> <span class='ocrx_word' id='word_1_659' title='bbox 2904 4549 3201 4607; x_wconf 86' lang='lat' dir='ltr'><strong>Frontonis</strong></span> <span class='ocrx_word' id='word_1_660' title='bbox 3226 4549 3433 4607; x_wconf 45' lang='grc' dir='ltr'>Πυθαεῖ.</span> <span class='ocrx_word' id='word_1_661' title='bbox 3469 4542 3799 4617; x_wconf 83' lang='lat' dir='ltr'><strong>Suspicantm‘</strong></span> 
     </span>
    </p>
   </div>
   <div class='ocr_carea' id='block_1_93' title="bbox 557 4647 3803 4751">
    <p class='ocr_par' dir='ltr' id='par_1_93' title="bbox 557 4647 3803 4751">
     <span class='ocr_line' id='line_1_93' title="bbox 557 4647 3803 4751; baseline -0.002 -34"><span class='ocrx_word' id='word_1_662' title='bbox 557 4664 780 4736; x_wconf 76' lang='lat' dir='ltr'><strong>quidam</strong></span> <span class='ocrx_word' id='word_1_663' title='bbox 814 4663 917 4721; x_wconf 86' lang='lat' dir='ltr'><strong>viri</strong></span> <span class='ocrx_word' id='word_1_664' title='bbox 940 4663 1107 4731; x_wconf 87' lang='lat' dir='ltr'><strong>docti,</strong></span> <span class='ocrx_word' id='word_1_665' title='bbox 1142 4672 1257 4720; x_wconf 92' lang='lat' dir='ltr'>tum</span> <span class='ocrx_word' id='word_1_666' title='bbox 1284 4680 1352 4722; x_wconf 81' lang='lat' dir='ltr'><strong>ex</strong></span> <span class='ocrx_word' id='word_1_667' title='bbox 1374 4666 1661 4751; x_wconf 76' lang='lat' dir='ltr'><strong>brevitate,</strong></span> <span class='ocrx_word' id='word_1_668' title='bbox 1698 4675 1815 4722; x_wconf 92' lang='lat' dir='ltr'>tum</span> <span class='ocrx_word' id='word_1_669' title='bbox 1839 4681 1905 4722; x_wconf 77' lang='lat' dir='ltr'><strong>ex</strong></span> <span class='ocrx_word' id='word_1_670' title='bbox 1932 4666 2183 4723; x_wconf 83' lang='lat' dir='ltr'><strong>ordiendi</strong></span> <span class='ocrx_word' id='word_1_671' title='bbox 2207 4667 2395 4732; x_wconf 88' lang='lat' dir='ltr'><strong>modo,</strong></span> <span class='ocrx_word' id='word_1_672' title='bbox 2425 4681 2546 4723; x_wconf 84' lang='lat' dir='ltr'>eam</span> <span class='ocrx_word' id='word_1_673' title='bbox 2572 4666 2731 4722; x_wconf 88' lang='lat' dir='ltr'><strong>initio</strong></span> <span class='ocrx_word' id='word_1_674' title='bbox 2758 4681 2883 4723; x_wconf 87' lang='lat' dir='ltr'><strong>esse</strong></span> <span class='ocrx_word' id='word_1_675' title='bbox 2908 4666 3180 4723; x_wconf 81' lang='lat' dir='ltr'><strong>mutilam.</strong></span> <span class='ocrx_word' id='word_1_676' title='bbox 3216 4666 3287 4721; x_wconf 84' lang='lat' dir='ltr'><strong>At</strong></span> <span class='ocrx_word' id='word_1_677' title='bbox 3319 4681 3387 4721; x_wconf 76' lang='lat' dir='ltr'><strong>ex</strong></span> <span class='ocrx_word' id='word_1_678' title='bbox 3415 4659 3671 4720; x_wconf 82' lang='lat' dir='ltr'><strong>brevitate</strong></span> <span class='ocrx_word' id='word_1_679' title='bbox 3696 4647 3803 4721; x_wconf 81' lang='lat' dir='ltr'><strong>qui-</strong></span> 
     </span>
    </p>
   </div>
   <div class='ocr_carea' id='block_1_94' title="bbox 559 4765 3803 4852">
    <p class='ocr_par' dir='ltr' id='par_1_94' title="bbox 559 4765 3803 4852">
     <span class='ocr_line' id='line_1_94' title="bbox 559 4765 3803 4852; baseline -0.003 -22"><span class='ocrx_word' id='word_1_680' title='bbox 559 4776 682 4831; x_wconf 81' lang='lat' dir='ltr'>dem</span> <span class='ocrx_word' id='word_1_681' title='bbox 719 4776 855 4830; x_wconf 85' lang='lat' dir='ltr'><strong>nihil</strong></span> <span class='ocrx_word' id='word_1_682' title='bbox 885 4774 1090 4833; x_wconf 79' lang='lat' dir='ltr'><strong>inferre</strong></span> <span class='ocrx_word' id='word_1_683' title='bbox 1121 4790 1438 4847; x_wconf 87' lang='lat' dir='ltr'><strong>possumus,</strong></span> <span class='ocrx_word' id='word_1_684' title='bbox 1470 4777 1913 4849; x_wconf 86' lang='lat' dir='ltr'><strong>quandoquidem</strong></span> <span class='ocrx_word' id='word_1_685' title='bbox 1947 4792 2015 4834; x_wconf 83' lang='lat' dir='ltr'>ex</span> <span class='ocrx_word' id='word_1_686' title='bbox 2040 4779 2399 4837; x_wconf 84' lang='lat' dir='ltr'><strong>concionibus</strong></span> <span class='ocrx_word' id='word_1_687' title='bbox 2430 4780 2773 4852; x_wconf 77' lang='lat' dir='ltr'><strong>panegyricis</strong></span> <span class='ocrx_word' id='word_1_688' title='bbox 2801 4781 2858 4836; x_wconf 87' lang='lat' dir='ltr'>in</span> <span class='ocrx_word' id='word_1_689' title='bbox 2912 4779 3145 4837; x_wconf 86' lang='lat' dir='ltr'><strong>Sanctos</strong></span> <span class='ocrx_word' id='word_1_690' title='bbox 3184 4779 3305 4836; x_wconf 76' lang='lat' dir='ltr'><strong>aliae</strong></span> <span class='ocrx_word' id='word_1_691' title='bbox 3341 4773 3571 4850; x_wconf 83' lang='lat' dir='ltr'><strong>proferri</strong></span> <span class='ocrx_word' id='word_1_692' title='bbox 3597 4765 3803 4841; x_wconf 76' lang='lat' dir='ltr'><strong>possunt</strong></span> 
     </span>
    </p>
   </div>
   <div class='ocr_carea' id='block_1_95' title="bbox 562 4875 3801 4968">
    <p class='ocr_par' dir='ltr' id='par_1_95' title="bbox 562 4875 3801 4968">
     <span class='ocr_line' id='line_1_95' title="bbox 562 4875 3801 4968; baseline -0.001 -20"><span class='ocrx_word' id='word_1_693' title='bbox 562 4893 669 4948; x_wconf 83' lang='lat' dir='ltr'><strong>hac</strong></span> <span class='ocrx_word' id='word_1_694' title='bbox 700 4892 1009 4963; x_wconf 80' lang='lat' dir='ltr'><strong>breviores,</strong></span> <span class='ocrx_word' id='word_1_695' title='bbox 1043 4910 1167 4966; x_wconf 73' lang='lat' dir='ltr'><strong>quae</strong></span> <span class='ocrx_word' id='word_1_696' title='bbox 1210 4904 1389 4952; x_wconf 86' lang='lat' dir='ltr'><strong>tamen</strong></span> <span class='ocrx_word' id='word_1_697' title='bbox 1421 4904 1553 4951; x_wconf 90' lang='lat' dir='ltr'><strong>sunt</strong></span> <span class='ocrx_word' id='word_1_698' title='bbox 1586 4895 1845 4951; x_wconf 86' lang='lat' dir='ltr'><strong>omnibus</strong></span> <span class='ocrx_word' id='word_1_699' title='bbox 1863 4903 1917 4951; x_wconf 88' lang='lat' dir='ltr'>et</span> <span class='ocrx_word' id='word_1_700' title='bbox 1954 4897 2200 4954; x_wconf 87' lang='lat' dir='ltr'><strong>numeris</strong></span> <span class='ocrx_word' id='word_1_701' title='bbox 2229 4908 2285 4953; x_wconf 89' lang='lat' dir='ltr'>et</span> <span class='ocrx_word' id='word_1_702' title='bbox 2314 4897 2563 4968; x_wconf 85' lang='lat' dir='ltr'><strong>partibus</strong></span> <span class='ocrx_word' id='word_1_703' title='bbox 2594 4897 2712 4954; x_wconf 88' lang='lat' dir='ltr'><strong>suis</strong></span> <span class='ocrx_word' id='word_1_704' title='bbox 2740 4897 3029 4955; x_wconf 59' lang='lat' dir='ltr'><strong>absolutae.</strong></span> <span class='ocrx_word' id='word_1_705' title='bbox 3061 4896 3143 4952; x_wconf 80' lang='lat' dir='ltr'><strong>Ex</strong></span> <span class='ocrx_word' id='word_1_706' title='bbox 3168 4893 3417 4955; x_wconf 83' lang='lat' dir='ltr'><strong>ordiendi</strong></span> <span class='ocrx_word' id='word_1_707' title='bbox 3445 4899 3621 4949; x_wconf 90' lang='lat' dir='ltr'><strong>autem</strong></span> <span class='ocrx_word' id='word_1_708' title='bbox 3658 4875 3801 4939; x_wconf 75' lang='lat' dir='ltr'><strong>modo</strong></span> 
     </span>
    </p>
   </div>
   <div class='ocr_carea' id='block_1_96' title="bbox 565 5003 3803 5083">
    <p class='ocr_par' dir='ltr' id='par_1_96' title="bbox 565 5003 3803 5083">
     <span class='ocr_line' id='line_1_96' title="bbox 565 5003 3803 5083; baseline 0.001 -20"><span class='ocrx_word' id='word_1_709' title='bbox 565 5021 675 5064; x_wconf 90' lang='lat' dir='ltr'>non</span> <span class='ocrx_word' id='word_1_710' title='bbox 707 5005 876 5076; x_wconf 86' lang='lat' dir='ltr'><strong>liquet</strong></span> <span class='ocrx_word' id='word_1_711' title='bbox 902 5006 1038 5062; x_wconf 88' lang='lat' dir='ltr'><strong>mihi</strong></span> <span class='ocrx_word' id='word_1_712' title='bbox 1067 5023 1136 5063; x_wconf 86' lang='lat' dir='ltr'>an</span> <span class='ocrx_word' id='word_1_713' title='bbox 1179 5008 1362 5081; x_wconf 83' lang='lat' dir='ltr'><strong>aliqua</strong></span> <span class='ocrx_word' id='word_1_714' title='bbox 1389 5008 1573 5066; x_wconf 86' lang='lat' dir='ltr'><strong>desint</strong></span> <span class='ocrx_word' id='word_1_715' title='bbox 1614 5008 1797 5065; x_wconf 89' lang='lat' dir='ltr'><strong>initio.</strong></span> <span class='ocrx_word' id='word_1_716' title='bbox 1833 5007 1902 5065; x_wconf 90' lang='lat' dir='ltr'><strong>Ut</strong></span> <span class='ocrx_word' id='word_1_717' title='bbox 1933 5024 2066 5066; x_wconf 85' lang='lat' dir='ltr'><strong>vero</strong></span> <span class='ocrx_word' id='word_1_718' title='bbox 2091 5020 2262 5082; x_wconf 87' lang='lat' dir='ltr'><strong>patet,</strong></span> <span class='ocrx_word' id='word_1_719' title='bbox 2304 5011 2421 5067; x_wconf 82' lang='lat' dir='ltr'><strong>haec</strong></span> <span class='ocrx_word' id='word_1_720' title='bbox 2445 5010 2667 5067; x_wconf 85' lang='lat' dir='ltr'><strong>bomilia</strong></span> <span class='ocrx_word' id='word_1_721' title='bbox 2701 5011 2756 5067; x_wconf 92' lang='lat' dir='ltr'>in</span> <span class='ocrx_word' id='word_1_722' title='bbox 2805 5027 2939 5083; x_wconf 85' lang='lat' dir='ltr'><strong>agro</strong></span> <span class='ocrx_word' id='word_1_723' title='bbox 2976 5010 3325 5069; x_wconf 83' lang='lat' dir='ltr'><strong>Antiocheno</strong></span> <span class='ocrx_word' id='word_1_724' title='bbox 3352 5007 3535 5068; x_wconf 80' lang='lat' dir='ltr'><strong>habita</strong></span> <span class='ocrx_word' id='word_1_725' title='bbox 3580 5007 3676 5064; x_wconf 69' lang='lat' dir='ltr'><strong>est.</strong></span> <span class='ocrx_word' id='word_1_726' title='bbox 3710 5003 3803 5065; x_wconf 64' lang='lat' dir='ltr'>(l‘Io</span> 
     </span>
    </p>
   </div>
   <div class='ocr_carea' id='block_1_97' title="bbox 1556 5334 2864 5425">
    <p class='ocr_par' dir='ltr' id='par_1_97' title="bbox 1556 5334 2864 5425">
     <span class='ocr_line' id='line_1_97' title="bbox 1556 5334 2864 5425; baseline 0.002 -8"><span class='ocrx_word' id='word_1_727' title='bbox 1556 5334 1728 5421; x_wconf 89' lang='grc' dir='ltr'>ΕΙΣ</span> <span class='ocrx_word' id='word_1_728' title='bbox 1802 5335 2373 5423; x_wconf 88' lang='grc' dir='ltr'>ΜΑΡΤΥΡΑΣ</span> <span class='ocrx_word' id='word_1_729' title='bbox 2441 5336 2864 5425; x_wconf 84' lang='grc' dir='ltr'>ΟΜΙΛΙΑ.</span> 
     </span>
    </p>
   </div>
   <div class='ocr_carea' id='block_1_98' title="bbox 654 5698 2143 5780">
    <p class='ocr_par' dir='ltr' id='par_1_98' title="bbox 654 5698 2143 5780">
     <span class='ocr_line' id='line_1_98' title="bbox 654 5698 2143 5780; baseline 0.006 -28"><span class='ocrx_word' id='word_1_730' title='bbox 654 5699 717 5753; x_wconf 81' lang='grc' dir='ltr'>Δί</span> <span class='ocrx_word' id='word_1_731' title='bbox 742 5698 850 5756; x_wconf 86' lang='grc' dir='ltr'>τῶν</span> <span class='ocrx_word' id='word_1_732' title='bbox 896 5700 1187 5775; x_wconf 87' lang='grc' dir='ltr'>μαρτύρων</span> <span class='ocrx_word' id='word_1_733' title='bbox 1226 5702 1410 5775; x_wconf 69' lang='grc' dir='ltr'>ἑορταὶ</span> <span class='ocrx_word' id='word_1_734' title='bbox 1452 5705 1552 5761; x_wconf 83' lang='grc' dir='ltr'>οὐκ</span> <span class='ocrx_word' id='word_1_735' title='bbox 1593 5707 1649 5763; x_wconf 87' lang='grc' dir='ltr'>ἐν</span> <span class='ocrx_word' id='word_1_736' title='bbox 1682 5711 1749 5780; x_wconf 81' lang='grc' dir='ltr'>τῇ</span> <span class='ocrx_word' id='word_1_737' title='bbox 1780 5707 2012 5779; x_wconf 83' lang='grc' dir='ltr'>περιόδῳ</span> <span class='ocrx_word' id='word_1_738' title='bbox 2038 5708 2143 5761; x_wconf 84' lang='grc' dir='ltr'>τῶν</span> 
     </span>
    </p>
   </div>
   <div class='ocr_carea' id='block_1_99' title="bbox 583 5780 2144 5864">
    <p class='ocr_par' dir='ltr' id='par_1_99' title="bbox 583 5780 2144 5864">
     <span class='ocr_line' id='line_1_99' title="bbox 583 5780 2144 5864; baseline 0.011 -33"><span class='ocrx_word' id='word_1_739' title='bbox 583 5780 803 5853; x_wconf 61' lang='grc' dir='ltr'>ἡμερῶν</span> <span class='ocrx_word' id='word_1_740' title='bbox 834 5786 1014 5853; x_wconf 83' lang='grc' dir='ltr'>μόνον,</span> <span class='ocrx_word' id='word_1_741' title='bbox 1061 5784 1194 5840; x_wconf 69' lang='grc' dir='ltr'>ἀλλὰ</span> <span class='ocrx_word' id='word_1_742' title='bbox 1236 5787 1328 5841; x_wconf 70' lang='grc' dir='ltr'>καὶ</span> <span class='ocrx_word' id='word_1_743' title='bbox 1371 5791 1434 5862; x_wconf 80' lang='grc' dir='ltr'>τῇ</span> <span class='ocrx_word' id='word_1_744' title='bbox 1478 5790 1668 5864; x_wconf 83' lang='grc' dir='ltr'>γνώμῃ</span> <span class='ocrx_word' id='word_1_745' title='bbox 1698 5793 1802 5849; x_wconf 74' lang='grc' dir='ltr'>τῶν</span> <span class='ocrx_word' id='word_1_746' title='bbox 1836 5793 2144 5847; x_wconf 68' lang='grc' dir='ltr'>ἐπιτελούν-</span> 
     </span>
    </p>
   </div>
   <div class='ocr_carea' id='block_1_100' title="bbox 2251 5700 3772 5788">
    <p class='ocr_par' dir='ltr' id='par_1_100' title="bbox 2251 5700 3772 5788">
     <span class='ocr_line' id='line_1_100' title="bbox 2251 5700 3772 5788; baseline -0.003 -27"><span class='ocrx_word' id='word_1_747' title='bbox 2251 5725 2359 5763; x_wconf 91' lang='grc' dir='ltr'>των</span> <span class='ocrx_word' id='word_1_748' title='bbox 2390 5708 2681 5778; x_wconf 89' lang='grc' dir='ltr'>κρίνονται.</span> <span class='ocrx_word' id='word_1_749' title='bbox 2732 5706 2857 5764; x_wconf 75' lang='grc' dir='ltr'>Οἷὸν</span> <span class='ocrx_word' id='word_1_750' title='bbox 2913 5727 2964 5763; x_wconf 90' lang='grc' dir='ltr'>τι</span> <span class='ocrx_word' id='word_1_751' title='bbox 3001 5708 3164 5779; x_wconf 76' lang='grc' dir='ltr'>λέγωο</span> <span class='ocrx_word' id='word_1_752' title='bbox 3219 5710 3473 5781; x_wconf 77' lang='grc' dir='ltr'>ἐμιμήσω</span> 
     </span>
    </p>
   </div>
   <div class='ocr_carea' id='block_1_101' title="bbox 2256 5783 3773 5867">
    <p class='ocr_par' dir='ltr' id='par_1_101' title="bbox 2256 5783 3773 5867">
     <span class='ocr_line' id='line_1_101' title="bbox 2256 5783 3773 5867; baseline -0.007 -22"><span class='ocrx_word' id='word_1_753' title='bbox 2256 5793 2533 5864; x_wconf 73' lang='grc' dir='ltr'>ἐζήλωσας</span> <span class='ocrx_word' id='word_1_754' title='bbox 2578 5794 2740 5851; x_wconf 72' lang='grc' dir='ltr'>αὐτοῦ</span> <span class='ocrx_word' id='word_1_755' title='bbox 2779 5793 2875 5867; x_wconf 70' lang='grc' dir='ltr'>τὴν</span> <span class='ocrx_word' id='word_1_756' title='bbox 2916 5794 3143 5866; x_wconf 76' lang='grc' dir='ltr'>ἀρετήν;</span> <span class='ocrx_word' id='word_1_757' title='bbox 3187 5796 3305 5849; x_wconf 80' lang='grc' dir='ltr'>κατ’</span> <span class='ocrx_word' id='word_1_758' title='bbox 3341 5794 3479 5864; x_wconf 80' lang='grc' dir='ltr'>ίχνος</span> <span class='ocrx_word' id='word_1_759' title='bbox 3516 5783 3661 5842; x_wconf 79' lang='grc' dir='ltr'>αὐτοῦ</span> <span class='ocrx_word' id='word_1_760' title='bbox 3693 5783 3773 5840; x_wconf 81' lang='grc' dir='ltr'>της</span> 
     </span>
    </p>
   </div>
  </div>
