4104 6446
348 402 451 458 861

343 496 678 550 Clementem
708 489 987 546 Dominum
1014 489 1272 545 habemus
1304 505 1316 541 :
1347 485 1682 543 occasionem
1728 494 1931 540 tantum

341 583 589 655 arripere
637 583 776 648 vult,
802 592 857 638 et
881 595 1095 636 onmem
1143 578 1420 635 confestim
1449 578 1666 635 exhibet
1690 575 1934 632 humani-

342 683 532 730 tatem.
563 673 618 731 Si
651 674 791 730 enim
816 687 936 727 cum
963 686 1244 742 peccamus
1274 680 1326 726 et
1354 670 1599 740 impuniti
1635 684 1932 734 manemus,

339 767 645 823 deteriores
669 757 1069 827 nonfieremus,
1098 764 1285 819 saltem
1314 763 1469 818 nobis
1495 777 1706 832 pcenam
1746 760 1934 816 remit-

342 866 517 924 teret;
548 857 640 913 sed
671 856 772 912 hoc
801 857 966 927 probe
1004 855 1171 923 novit,
1202 869 1308 910 non
1353 854 1528 908 minus
1572 851 1753 908 damni
1782 851 1939 907 nobis

340 958 687 1017 peccatorum
714 948 1100 1019 impunitatem,
1124 961 1281 1017 quam
1321 946 1544 1016 ipsamet
1571 942 1765 999 all‘erre
1805 956 1931 1013 pec-

344 1048 484 1094 cata.
516 1040 807 1110 Propterea
853 1039 1167 1109 supplicium
1208 1035 1385 1101 infert,
1417 1051 1526 1091 non
1554 1041 1612 1089 ut
1636 1033 1934 1104 praeterito-

340 1147 465 1185 rum
491 1145 676 1202 puenas
700 1131 898 1201 exigat,
930 1129 1026 1185 sed
1052 1129 1180 1183 utin
1206 1128 1443 1183 futurum
1470 1124 1739 1181 emendet.
1764 1124 1937 1193 Atque

343 1229 404 1274 ut
439 1222 768 1295 lioc‘verum
816 1236 938 1278 esse
977 1220 1213 1286 noveris,
1262 1218 1384 1273 audi
1423 1216 1550 1288 quid
1595 1215 1663 1270 ad
1700 1215 1937 1287 Moysem

344 1311 495 1366 dicat
542 1312 683 1366 Deus
711 1330 724 1364 :
754 1310 967 1365 Dimitte
991 1328 1090 1379 me,
1116 1320 1162 1365 et
1189 1310 1481 1381 indignatus
1506 1309 1587 1362 ira
1618 1315 1830 1361 atteram
1854 1320 1939 1359 eos

345 1399 548 1474 (Exod.
573 1403 660 1458 52.
686 1402 798 1473 10).
830 1402 1047 1458 Dimitte
1074 1416 1184 1465 me,
1211 1400 1441 1465 dicebat,
1475 1413 1580 1453 non
1629 1390 1786 1467 quod’
1813 1409 1937 1451 eum

344 1490 559 1563 Moyses
588 1493 879 1549 retineret:
908 1493 1036 1548 nihil
1063 1492 1208 1548 enim
1231 1491 1294 1546 ad
1323 1493 1495 1561 ipsum
1522 1489 1771 1559 loquutus
1799 1495 1935 1553 erat,

346 1582 445 1638 sed
496 1583 685 1637 tacitus
732 1596 914 1637 coram
935 1594 1002 1635 eo
1025 1582 1232 1647 stabat;
1276 1595 1464 1637 verum
1507 1578 1839 1635 occasionem
1886 1576 1938 1634 ei

345 1672 593 1743 pmbere
634 1672 848 1729 volebat
890 1686 987 1743 pro
1028 1671 1132 1728 illis
1177 1671 1385 1727 orandi.
1427 1669 1561 1725 Nam
1585 1668 1832 1741 quoniam
1858 1666 1940 1724 illi

346 1763 613 1833 supplicio
655 1764 816 1836 digna
854 1773 1069 1835 peccata
1114 1763 1528 1830 commiserant,
1578 1771 1635 1819 et
1676 1762 1939 1834 supplicio

346 1854 664 1921 inevitabili,
692 1869 793 1911 nec
822 1863 999 1911 tamen
1030 1855 1150 1911 illos
1179 1853 1391 1910 volebat
1412 1853 1615 1925 punire,
1635 1854 1730 1910 sed
1749 1853 1939 1910 huma-

346 1943 570 1999 nitatem
602 1944 655 1999 in
682 1959 780 2000 eos
804 1957 1075 2013 exercere,
1093 1943 1196 1999 hoc
1219 1958 1348 2001 vero
1372 1943 1647 2015 segniores
1672 1945 1791 2001 illos
1811 1944 1937 2001 red-

346 2032 514 2090 debat
541 2053 554 2089 :
587 2044 873 2107 utrumque
900 2035 1202 2106 przestabat,
1225 2043 1285 2091 ut
1323 2050 1496 2106 neque
1520 2035 1833 2107 supplicium
1858 2036 1940 2091 in-

347 2124 599 2195 ferretur,
620 2142 718 2183 nec
737 2127 1029 2184 deteriores
1062 2128 1373 2199 impunitate
1400 2127 1478 2183 illi
1492 2127 1700 2195 fierent,
1719 2143 1841 2184 cum
1858 2127 1940 2184 in-

346 2217 669 2288 telligerent,
717 2234 778 2277 se
810 2234 919 2275 non
959 2235 1059 2276 suo
1100 2220 1311 2289 merito,
1341 2220 1439 2276 sed
1487 2229 1703 2292 propter
1740 2220 1938 2293 Moysis

344 2309 704 2379 patrocinium
751 2310 886 2367 iram
931 2312 1141 2368 Domini
1184 2313 1431 2369 evitasse.
1476 2313 1591 2369 Hoc
1635 2327 1735 2369 nos
1777 2315 1940 2371 etiam

344 2413 721 2469 saepenumero
746 2401 991 2470 facimus,
1007 2402 1133 2459 dum
1159 2417 1344 2460 servos
1358 2405 1448 2475 qui
1470 2405 1940 2463 animadversione

342 2489 506 2561 digna
550 2492 741 2548 delicta
780 2495 1166 2563 commiserint,
1215 2510 1389 2566 neque
1428 2496 1618 2567 punire
1660 2496 1936 2566 volumus,

345 2595 523 2652 neque
557 2597 835 2652 pinnarum
860 2593 1005 2641 metu
1033 2585 1282 2656 liberare,
1309 2588 1494 2643 amicis
1520 2587 1862 2660 injungimus,
1882 2596 1941 2646 ut

342 2688 380 2729 e
410 2675 654 2731 manibus
695 2677 894 2733 nostris
938 2692 1036 2734 eos
1081 2679 1331 2749 eripiant,
1374 2688 1435 2734 ut
1480 2688 1536 2737 et
1575 2689 1751 2736 metus
1778 2681 1830 2736 in
1861 2682 1939 2739 eis

342 2780 502 2835 teque
528 2767 819 2824 vehemens
856 2777 1088 2837 maneat,
1121 2778 1177 2826 et
1194 2771 1375 2840 plagas
1402 2785 1434 2826 a
1459 2770 1614 2827 nobis
1638 2770 1940 2829 inferendas

341 2859 618 2931 effugiant.
649 2861 779 2917 Tale
804 2862 932 2934 quid
972 2863 1130 2919 etiam
1156 2863 1299 2919 Deus
1341 2864 1589 2935 prmstitit
1615 2881 1629 2919 :
1659 2864 1820 2935 idque
1843 2880 1939 2921 ve-

344 2968 469 3006 rum
498 2967 636 3021 esse,
656 2952 825 3024 ipsius
852 2960 1060 3009 constat
1085 2969 1153 3010 ex
1178 2953 1378 3022 verbis,
1396 2953 1606 3009 Dimitte
1630 2970 1728 3023 me,
1747 2954 1938 3025 inquit,

344 3053 397 3099 et
423 3044 716 3115 indignatus
741 3047 840 3100 ira.
872 3045 1034 3117 Atqui
1059 3061 1158 3103 nos
1183 3061 1305 3103 cum
1331 3060 1517 3116 pinnas
1550 3061 1764 3104 sumere
1789 3045 1945 3104 volu-

345 3151 492 3202 mus,
520 3145 574 3192 et
599 3151 759 3193 nemo
792 3137 1070 3208 permittit,
1098 3146 1210 3193 tum
1236 3138 1499 3210 indignari
1527 3139 1795 3203 solemus;
1826 3136 1942 3209 ipse

344 3241 480 3281 vero
528 3225 678 3294 dicit,
705 3227 942 3294 Dimitte,
971 3235 1026 3283 et
1054 3227 1370 3299 indignabor
1411 3228 1533 3284 ira:
1561 3235 1620 3283 ut
1646 3227 1936 3298 intelligas,

346 3317 483 3371 iram
511 3316 562 3371 in
582 3317 692 3372 Deo
720 3317 1173 3389 perturbationem
1193 3332 1298 3373 non
1322 3333 1460 3384 esse,
1485 3317 1580 3375 sed
1601 3317 1937 3388 supplicium,

344 3421 457 3474 quo
485 3421 582 3461 nos
605 3406 789 3476 afﬁcit,
822 3411 924 3463 hac
947 3407 1305 3479 appellatione
1323 3407 1612 3478 designari.
1628 3406 1761 3464 Cum
1782 3407 1941 3478 igitur

346 3497 585 3569 Moysem
601 3499 868 3556 dicentem
911 3499 1180 3556 audiveris
1220 3516 1236 3555 :
1276 3499 1342 3556 Si
1382 3500 1583 3571 quidem
1622 3500 1832 3555 remittis
1870 3500 1941 3554 eis

345 3598 626 3660 peccatum,
648 3593 844 3646 remitte
873 3590 1067 3664 (Exod.
1091 3591 1181 3648 52.
1202 3591 1292 3662 51)
1317 3608 1331 3647 :
1353 3592 1500 3664 prius
1519 3607 1676 3663 quam
1705 3606 1939 3659 servum,

351 3680 639 3736 Dominum
666 3682 886 3749 mirare,
912 3683 1054 3754 quod
1079 3682 1236 3754 hujus
1264 3684 1379 3755 ipse
1402 3684 1740 3757 benignitatis
1780 3697 1940 3739 occa-

346 3769 558 3824 sionem
609 3771 687 3826 illi
730 3773 1052 3842 przebuerit.
1097 3773 1280 3845 Neque
1325 3790 1452 3831 vero
1491 3784 1697 3830 tantum
1737 3774 1794 3831 id
1838 3774 1942 3832 hoc

348 3860 473 3914 loco
515 3859 660 3928 fecit,
690 3862 785 3918 sed
808 3873 861 3919 et
886 3865 953 3920 ad
981 3864 1269 3920 Jeremiam
1289 3876 1343 3921 et
1383 3865 1451 3922 ad
1486 3866 1824 3923 Ezechielem
1854 3866 1939 3923 id-

1530 392 1805 452 IIOMILIA
1845 394 1909 449 1N
1950 395 2346 453 MARTYRES.

3523 403 3627 458 662

2043 486 2213 557 ipsum
2239 488 2469 556 loquitur
2497 505 2510 541 :
2535 487 2943 555 Circumcurrite,
2978 497 3023 543 et
3050 489 3207 544 videte
3232 490 3283 544 in
3316 491 3405 545 viis
3426 491 3630 549 Jerusa-

2041 577 2159 645 lem,
2191 580 2236 633 si
2261 588 2335 634 est
2359 581 2545 651 aliquis
2588 581 2776 653 faciens
2807 582 3050 652 iudicium
3078 594 3123 637 et
3141 583 3418 653 justitiam,
3450 594 3493 639 et
3516 601 3638 655 pro-

2042 669 2198 740 pilius
2236 686 2321 725 ero
2362 671 2409 725 ei
2460 669 2592 741 (Jer.
2624 672 2783 743 5.1).
2821 670 2978 727 Vides
3021 672 3435 742 benignitatem?
3470 674 3637 731 Unius

2041 761 2235 815 virtute
2277 762 2429 818 multi
2477 763 2636 818 etiam
2679 765 2824 834 pravi
2878 764 3033 819 simul
3080 763 3326 820 fruuntur
3356 785 3368 820 :
3396 775 3450 820 at
3479 767 3523 822 si
3550 769 3634 829 vel

2040 868 2178 908 unus
2202 853 2362 910 fuerit
2403 856 2595 911 virtute
2638 855 2889 926 prmditus
2934 871 3053 910 cum
3103 871 3389 911 numeroso
3435 856 3636 928 populo

2044 942 2262 1010 mixtus,
2292 960 2398 1000 non
2423 945 2684 1015 abripitur
2704 946 2893 1012 simul;
2922 946 3013 1001 sed
3047 946 3209 1002 homo
3230 947 3441 1016 quidem
3466 962 3627 1012 unus.

2045 1037 2135 1107 qui
2164 1047 2308 1093 recte
2336 1039 2497 1107 vivat,
2517 1039 2776 1109 integrum
2809 1039 3057 1108 p0pulum
3085 1040 3291 1110 eripere
3320 1039 3515 1110 poterit
3537 1039 3630 1096 irae

2045 1127 2261 1196 divina},
2288 1129 2381 1184 sed
2409 1128 2610 1200 integra
2641 1129 2826 1184 civitas
2871 1129 3156 1199 depravata
3196 1128 3465 1185 hominem
3509 1130 3636 1186 vitae

2042 1219 2220 1288 proba:
2240 1219 2305 1274 ad
2335 1220 2640 1275 societatem
2667 1235 2836 1290 ptense
2856 1234 2918 1275 ac
2937 1221 3179 1291 supplicii
3208 1222 3291 1275 sui
3320 1220 3632 1290 pertrahere

2041 1325 2148 1365 non
2192 1311 2405 1381 poterit,
2437 1325 2499 1366 ac
2545 1311 2703 1366 simul
2747 1311 2994 1382 perdere.
3042 1312 3219 1382 Atque
3265 1312 3367 1367 hoc
3411 1328 3477 1368 ex
3519 1311 3632 1367 Noe

2040 1398 2248 1471 liquet:
2276 1400 2369 1472 qui
2397 1399 2742 1470 pereuntibus
2771 1400 2974 1456 cunctis
3016 1401 3160 1456 solus
3206 1402 3389 1457 salvus
3428 1401 3632 1469 evasit;

2041 1501 2199 1565 atque
2223 1509 2290 1550 ex
2316 1495 2432 1565 ipso
2456 1493 2638 1565 Moyse
2666 1502 2832 1564 patet,
2849 1493 2939 1564 qui
2959 1492 3102 1549 solus
3124 1494 3334 1549 veniam
3362 1501 3507 1548 tanto
3534 1508 3634 1563 po-

2042 1580 2168 1654 pulo
2208 1584 2376 1640 valuit
2424 1585 2731 1655 impetrare.
2781 1584 2892 1654 Ego
2939 1598 3067 1639 vero
3122 1598 3339 1654 possum
3383 1593 3439 1640 et
3487 1583 3631 1638 aliud

2042 1674 2208 1730 multo
2239 1675 2409 1745 majus
2450 1675 2648 1731 divinae
2693 1674 3035 1745 benignitatis
3076 1674 3327 1730 indicium
3370 1675 3632 1745 proferre.

2045 1766 2179 1822 Cum
2204 1767 2346 1822 enim
2380 1767 2624 1823 homines
2650 1767 2910 1834 viventes,
2940 1776 2993 1822 et
3018 1767 3107 1837 qui
3128 1767 3297 1838 gratia
3341 1767 3551 1821 valeant
3571 1781 3633 1821 ac

2045 1858 2255 1926 ﬁducia,
2287 1874 2392 1915 non
2422 1859 2641 1922 invenit,
2672 1859 2759 1930 qui
2783 1858 2986 1929 peccati
3015 1872 3136 1914 reos
3175 1857 3384 1929 possint
3426 1858 3635 1928 pericu-

2046 1950 2112 2006 lis
2138 1949 2387 2015 liberare,
2419 1950 2484 2005 ad
2509 1950 2614 2006 vita
2638 1949 2851 2007 functos
2878 1949 3133 2021 confugit.
3166 1957 3221 2005 et
3248 1957 3469 2020 propter
3513 1949 3633 2003 illos

2045 2040 2118 2095 ait
2144 2054 2202 2096 se
2241 2040 2434 2096 delicta
2478 2040 2765 2108 dimittere,
2811 2039 3258 2111 quemadmodum
3297 2048 3355 2097 et
3393 2040 3637 2096 Ezechim

2042 2132 2179 2187 dixit
2209 2150 2222 2186 :
2255 2128 2528 2204 Protegam
2570 2132 2743 2188 urbem
2779 2132 2930 2188 istam
2973 2142 3177 2204 propter
3218 2148 3317 2198 me,
3350 2141 3397 2186 et
3427 2141 3633 2202 propter

2044 2222 2210 2278 David
2249 2241 2447 2279 servum
2476 2240 2641 2278 meum
2672 2224 2747 2296 (4.
2771 2221 2901 2295 Reg.
2918 2222 3011 2279 20.
3041 2222 3122 2294 6),
3148 2222 3238 2294 qui
3258 2222 3368 2292 jam
3393 2230 3636 2276 mortuus

2042 2324 2176 2373 erat.
2206 2315 2341 2372 Cum
2368 2316 2528 2387 igitur
2546 2315 2661 2372 htec
2702 2315 2855 2372 nobis
2877 2315 3148 2385 explorata
3168 2314 3296 2381 sint,
3321 2312 3487 2367 Deum
3516 2327 3635 2367 om-

2041 2409 2131 2465 nia
2154 2424 2372 2465 movere
2394 2423 2458 2465 ac
2484 2408 2680 2475 moliri,
2714 2419 2771 2463 ut
2795 2421 2895 2464 nos
2917 2407 3092 2478 pmnis
3117 2420 3181 2463 ac
3206 2404 3468 2476 supplicio
3498 2404 3630 2459 libe-

2041 2508 2147 2565 ret,
2196 2499 2391 2556 multas
2434 2500 2743 2556 occasiones
2786 2499 2863 2554 illi
2901 2499 3251 2569 praebeamus,
3299 2496 3636 2564 confitentes,

2042 2592 2409 2663 paenitentiam
2453 2603 2693 2663 agentes,
2744 2590 3007 2663 lacrymas
3048 2589 3364 2655 fundentes,
3392 2597 3627 2652 orantes,

2042 2684 2175 2740 iram
2204 2683 2460 2755 proximis
2497 2682 2844 2750 dimittentes,
2872 2682 3295 2752 propinquorum
3343 2686 3636 2750 egestatem

2043 2773 2419 2841 sublevantes,
2455 2773 2511 2829 in
2554 2772 2882 2828 orationibus
2926 2770 3206 2843 vigilantes
3229 2811 3244 2836 ,
3280 2769 3631 2824 humilitatem

2043 2867 2376 2934 exhibentes,
2401 2875 2737 2937 peccatorum
2765 2862 2979 2920 assidue
3003 2862 3364 2919 recordantes.

2117 2957 2340 3012 Peccata
2378 2956 2672 3027 singulatim
2696 2953 3046 3025 exprimenda.
3070 2982 3146 2994 —
3169 2952 3284 3008 Non
3313 2952 3467 3025 enim.
3482 2949 3631 3006 sufﬁ-

2049 3050 2126 3105 cit
2152 3048 2353 3112 dicere,
2382 3047 2638 3104 Peccator
2664 3061 2804 3113 sum,
2831 3045 2927 3102 sed
2946 3053 3001 3100 et
3023 3043 3244 3115 singulae
3264 3053 3385 3098 sunt
3415 3042 3640 3099 delicto-

2048 3154 2168 3195 rum
2199 3137 2408 3209 species
2450 3136 2829 3207 exprimendae.
2879 3133 2945 3190 Ut
2971 3134 3114 3190 enim
3138 3134 3187 3189 si
3216 3133 3270 3189 in
3294 3133 3474 3203 Spinas
3499 3133 3638 3204 ignis

2046 3229 2317 3296 inciderit,
2349 3227 2505 3284 facile
2532 3228 2652 3283 illas
2668 3226 2974 3283 consumit:
3005 3226 3084 3281 sic
3107 3224 3269 3281 etiam
3315 3239 3469 3280 mens
3517 3239 3639 3294 qua»,

2045 3322 2239 3379 delicta
2258 3336 2353 3377 sua
2375 3321 2685 3391 frequenter
2702 3321 2845 3390 apud
2875 3334 2935 3376 se
2951 3326 3148 3385 versat,
3176 3314 3332 3374 facile
3352 3318 3442 3372 illa
3461 3317 3635 3388 perdit

2045 3428 2110 3470 ac
2135 3410 2418 3483 demérgit,
2448 3413 2588 3467 Deus
2616 3418 2796 3467 autem
2834 3411 2925 3482 qui
2955 3409 3285 3466 transcendit
3305 3409 3631 3479 iniquitates,

2045 3506 2285 3561 etaufert
2302 3504 2607 3574 injustitias,
2635 3517 2736 3558 nos
2752 3510 2808 3558 et
2835 3517 2865 3556 a
2887 3501 3125 3573 peccatis
3150 3500 3361 3566 liberet,
3391 3508 3446 3554 et
3474 3499 3635 3554 θεειο-

2046 3613 2166 3652 rum
2194 3611 2359 3667 regno
2385 3595 2569 3662 donet,
2599 3594 2765 3665 gratia
2791 3602 2846 3651 et
2872 3593 3201 3663 benignitate
3229 3590 3439 3647 Domini
3463 3591 3635 3645 nostri

2053 3686 2182 3743 Jesu
2210 3685 2429 3749 Christi.
2461 3700 2557 3755 per
2581 3675 2738 3754 quem
2768 3691 2823 3739 et
2859 3698 2980 3740 cum
3001 3697 3107 3754 quo
3127 3682 3273 3737 Patri
3314 3680 3503 3751 gloria,
3529 3693 3635 3733 una

2051 3791 2173 3833 cum
2201 3775 2398 3847 Spiritu
2424 3783 2631 3843 sancto,
2657 3789 2799 3830 nunc
2820 3781 2876 3830 et
2900 3787 3133 3844 semper,
3159 3781 3214 3828 et
3237 3771 3291 3828 in
3312 3770 3503 3827 saecula
3529 3783 3634 3824 sa:-

2051 3867 2314 3922 culorum.
2338 3868 2530 3921 Amen.

359 4021 3600 4062 ω

1387 4214 1491 4275 ΑΙ)
1539 4213 1973 4275 CONCIONEM
2021 4214 2100 4275 IN
2148 4214 2585 4277 MARTYRES.

341 4428 691 4487 conﬂuebant
725 4442 795 4484 ex
827 4426 1047 4484 civitate
1072 4428 1268 4497 multi;
1310 4428 1406 4486 sed
1455 4435 1748 4500 postquam
1791 4435 1846 4482 et
1875 4427 2084 4484 cultum
2118 4428 2458 4500 martyribus
2488 4429 2878 4497 exhibuerant,
2913 4440 2969 4488 et
2996 4433 3292 4491 conciones
3321 4425 3628 4502 audierant,

342 4545 418 4602 ad
446 4546 675 4618 popinas
700 4552 756 4601 et
791 4544 1230 4616 compotationes
1261 4544 1624 4603 divertebant.
1660 4544 1780 4613 Qua
1818 4545 1887 4603 de
1925 4561 1986 4602 re
2009 4546 2067 4602 in
2105 4560 2200 4603 eos
2243 4547 2446 4605 acriter
2487 4548 2774 4607 invehitur
2802 4560 3033 4608 sanctus
3076 4550 3290 4606 doctor.
3326 4548 3628 4620 Perpende,

343 4663 548 4733 inquit,
576 4677 737 4733 quam
757 4663 1041 4717 ridiculum
1069 4666 1160 4732 sit,
1191 4671 1311 4734 post
1332 4663 1597 4735 ejusmodi
1626 4672 1960 4733 conventum,
1985 4665 2367 4738 postvigilias,
2397 4675 2517 4737 post
2540 4685 2824 4724 sacrarum
2851 4668 3174 4725 auditionem
3202 4667 3628 4738 Scripturarum,

339 4792 464 4852 post
492 4781 793 4840 divinorum
829 4787 1293 4858 participationem
1319 4788 1712 4858 mysteriorum,
1748 4795 1798 4842 et
1821 4796 1941 4859 post
1966 4789 2305 4859 spiritualem
2334 4788 2698 4861 largitionem,
2721 4790 2894 4845 virum
2923 4800 3019 4845 aut
3041 4791 3321 4847 mulierem
3353 4800 3491 4846 totos
3519 4788 3633 4845 dies

339 4898 405 4954 in
438 4896 646 4968 popinis
683 4901 1033 4972 transigentes
1064 4902 1252 4958 videri.

420 5014 803 5085 tnterpretatio
828 5013 1020 5073 Latina
1053 5027 1137 5075 est
1169 5016 1466 5074 Frontonis
1498 5016 1704 5075 Ducaei.

1262 5431 1379 5503 IN
1435 5425 2030 5501 MARTYBES
2077 5424 2545 5500 HOMILIA
2590 5410 2702 5498 (α).

1744 5568 2157 5612 βοτοῦ-⁸³·-

390 5689 648 5759 Martpres
685 5702 796 5741 vere
818 5686 983 5741 colere
1009 5684 1129 5756 quid
1153 5684 1239 5741 sit.
1282 5683 1572 5754 Martyrum
1614 5680 1905 5736 solemnitas

2007 5659 2182 5714 schola
2205 5659 2465 5716 virtutum.
2487 5691 2559 5702 -
2579 5659 2870 5734 Martyrum
2889 5660 3022 5718 festa
3048 5675 3154 5717 non
3173 5675 3244 5717 ex
3263 5660 3472 5716 dierum
3485 5663 3596 5718 cir-
3628 5712 3633 5717 .

1942 5793 1950 5801 .
2006 5751 2150 5806 cuitu
2179 5752 2349 5807 solum
2369 5794 2383 5821 ,
2402 5753 2496 5809 sed
2521 5753 2681 5809 etiam
2703 5768 2769 5808 ex
2800 5767 2987 5808 eorum
3010 5766 3222 5821 animo,
3241 5752 3330 5824 qui
3358 5768 3419 5809 ea
3450 5754 3591 5809 cele-

383 5845 459 5908 (a)
490 5842 667 5894 Collata
689 5855 799 5895 cum
815 5843 923 5893 Cod.
948 5842 1135 5894 Cotsliu.
1162 5856 1209 5892 ιι.
1233 5841 1339 5902 I93,
1365 5842 1447 5905 qui
1473 5847 1551 5896 est
1567 5846 1638 5891 x1.
1669 5843 1852 5895 saeculi.

2001 5841 2174 5914 hrant,
2192 5844 2540 5907 aestimantur.
2561 5843 2805 5916 Exempli
2826 5859 2985 5902 causa
3013 5844 3274 5903 :imitatus
3291 5858 3349 5900 es
3378 5854 3576 5919 marty-
