4088 6440
536 404 643 463 663

539 515 950 579 remivlrtutem
970 533 1082 588 ejus
1094 515 1372 571 aemulatus
1389 514 1472 569 cs?
1490 510 1841 584 philosophiae
1853 508 2021 579 ipsius
2037 521 2131 558 ve-

541 611 712 683 stigiis
736 611 1017 669 institisti?
1041 609 1199 664 etiam
1219 624 1339 663 cum
1356 608 1545 664 festum
1564 620 1668 661 non
1688 611 1835 659 esset
1862 601 2132 673 martyris,

547 702 891 759 (cstivitatem
915 700 1166 770 martyris
1182 696 1487 754 celebrasti.
1513 695 1697 751 llonor
1720 694 1917 765 quippe
1933 700 2135 762 marty-

547 810 624 855 rts
647 793 870 848 imitatio
891 801 973 849 est
998 791 1265 866 martyris.
1299 790 1369 846 Ut
1387 789 1528 849 enim
1550 789 1641 860 qui
1664 785 1870 843 scelera
1891 782 2137 839 commit-

547 895 685 950 tunt,
707 886 867 939 etiam
891 884 943 944 in
963 882 1339 939 festivitatibus
1362 880 1480 939 sine
1506 879 1643 936 festo
1667 887 1791 935 sunt
1811 887 1865 934 et
1887 875 2092 948 profani
2120 892 2134 929 :

545 977 625 1033 sic
645 976 734 1046 qui
753 977 998 1033 virtutem
1021 984 1306 1040 exercent,
1331 974 1493 1028 etiam
1516 987 1639 1027 cum
1667 971 1810 1026 nulla
1834 980 1916 1025 est
1937 968 2137 1025 solem-

545 1071 706 1136 nitas,
735 1067 927 1125 festum
949 1068 1221 1125 celebrant
1239 1085 1254 1121 :
1275 1067 1537 1140 siquidem
1552 1063 1895 1123 conscientia:
1913 1061 2140 1132 puritate

546 1161 738 1219 festum
760 1162 1093 1231 exprimitur.
1125 1161 1237 1215 llnc
1252 1161 1411 1216 etiam
1426 1158 1666 1215 indicans
1688 1157 1881 1215 Paulus
1894 1154 2137 1209 dicebat:

546 1250 730 1322 Itaque
752 1255 933 1322 festum
954 1251 1257 1308 celebremus
1278 1268 1379 1305 non
1404 1250 1459 1304 in
1484 1250 1731 1320 fermento
1757 1246 1910 1301 veteri
1930 1243 2143 1300 malitia:

547 1357 594 1405 et
617 1347 869 1418 nequitur,
897 1347 986 1402 sed
1012 1348 1065 1401 in
1086 1346 1279 1417 azymis
1302 1344 1607 1400 sinceritatis
1621 1352 1670 1398 et
1690 1341 1907 1397 ueritatis
1924 1340 2000 1409 (1.
2019 1337 2138 1395 Cor.

546 1437 602 1493 5.
634 1437 710 1509 8).
738 1436 873 1494 Sunt
894 1437 1055 1509 igitur
1082 1451 1269 1508 azyma
1296 1436 1436 1507 apud
1464 1434 1699 1498 Judaeos,
1747 1443 1871 1487 sntit
1895 1440 1952 1487 et
2001 1426 2141 1499 apud

547 1542 648 1586 nos
674 1546 686 1583 :
712 1544 899 1585 verum
928 1527 1071 1598 apud
1099 1528 1225 1583 illos
1246 1526 1460 1598 quidem
1487 1540 1732 1600 azymum
1756 1533 1837 1580 cst
1863 1539 1928 1578 ex
1973 1521 2139 1576 farina

549 1616 875 1684 confectum,
908 1617 1050 1690 apud
1071 1632 1169 1673 nos
1189 1627 1364 1673 autem
1394 1618 1515 1674 vitre
1538 1615 1758 1688 purilas,
1816 1625 1871 1670 et
1920 1626 2146 1668 conver-

548 1709 691 1769 satio
714 1710 783 1766 ab
810 1711 957 1767 onmi
979 1710 1216 1782 nequitia
1242 1710 1436 1766 aliena.
1458 1709 1560 1777 Qui
1582 1724 1711 1780 ergo
1726 1707 1794 1763 ab
1817 1708 1962 1764 omni
1984 1705 2144 1762 sorde

551 1815 618 1861 ac
645 1801 851 1856 macula
882 1818 1066 1873 puram
1089 1803 1252 1862 vitam
1283 1818 1434 1859 suam
1459 1810 1764 1868 conservat,
1799 1798 2036 1871 quotidie
2061 1796 2144 1853 fe-

556 1902 702 1955 Stum
727 1894 960 1951 celebrat
981 1910 1043 1951 ac
1065 1897 1481 1962 solemnitatem,
1501 1895 1626 1950 licet
1655 1909 1754 1949 nec
1780 1894 1832 1948 in
1863 1893 1949 1948 die
1978 1906 2077 1947 nec
2092 1891 2145 1945 in

557 1989 773 2059 templis
793 1998 1108 2062 martyrum,
1129 1991 1223 2046 sed
1251 1990 1393 2045 domi
1413 1989 1619 2047 sctlcat.
1643 1989 1828 2044 Potest
1848 1987 1988 2043 enim
2005 1984 2146 2057 apud

557 2092 619 2137 se
650 2081 1014 2151 unusquisque
1042 2080 1237 2138 festum
1289 2090 1581 2154 martyrum
1621 2080 1918 2137 celebrare.
1970 2081 2147 2150 Atque

558 2170 675 2227 lucc
724 2187 753 2225 a
805 2186 893 2228 me
933 2173 1200 2239 dicuntur,
1233 2189 1337 2228 non
1383 2183 1439 2229 ιιι
1479 2172 1545 2228 ad
1582 2182 1877 2245 martyrutn
1904 2170 2148 2243 sepulcra

555 2276 663 2316 non
681 2261 1033 2328 accedamus;
1065 2263 1159 2320 sed
1182 2273 1238 2318 ιιι
1261 2265 1581 2321 accedentes
1621 2278 1742 2320 cum
1781 2278 1843 2319 ea
1864 2278 1967 2334 qua
1993 2261 2151 2317 decet

556 2354 835 2411 alacritate
854 2356 1020 2411 animi
1047 2358 1349 2424 veniamus,
1372 2368 1427 2413 et
1456 2374 1563 2414 non
1591 2357 1762 2413 solum
1794 2356 2005 2412 illorum
2036 2354 2151 2409 die-

557 2448 680 2517 bus,
704 2449 798 2505 scd
827 2449 934 2505 alio
961 2467 1176 2523 quoque
1194 2461 1436 2523 tempore
1466 2453 1721 2523 pietatem
1749 2449 1994 2506 eamdem
2039 2463 2150 2518 pne

556 2541 713 2598 nobis
765 2541 1022 2601 feramus.
1071 2545 1200 2613 Quis
1246 2548 1391 2601 enim
1437 2545 1695 2602 hodierno
1741 2543 1830 2600 die
1880 2558 1983 2599 non
2031 2556 2149 2599 co:-

559 2645 670 2694 tum
716 2644 961 2693 nostrum
1004 2646 1249 2702 miretur,
1293 2638 1632 2710 Splendidum
1676 2636 1818 2693 istud
1860 2636 2149 2702 theatrum,

557 2727 833 2786 caritatem
905 2730 1232 2799 ferventem,
1285 2730 1534 2786 allectum
1599 2729 1914 2794 ardentem,
1994 2728 2152 2784 inde-

560 2815 750 2870 mitutu
789 2820 1070 2875 amorem?
1121 2821 1195 2875 Ita
1242 2829 1351 2876 tota
1377 2821 1766 2891 propemodum
1815 2820 2001 2875 civitas
2048 2819 2155 2877 huc

560 2914 960 2986 couunigravit,
1010 2927 1066 2973 et
1109 2934 1283 2990 neque
1316 2934 1530 2975 servum
1574 2919 1776 2975 domini
1822 2922 1981 2976 timor
2024 2921 2155 2977 reti-

561 3005 713 3072 nuit,
770 3022 944 3078 neque
989 3024 1275 3081 pauperem
1319 3013 1571 3083 egestatis
1616 3014 1939 3080 necessitas,
1983 3029 2156 3084 neque

561 3100 947 3156 senemtctatis
1000 3101 1339 3159 imbecillitas
1372 3146 1388 3171 ,
1444 3118 1617 3175 neque
1666 3106 1945 3161 mulierem
1993 3120 2155 3164 sexus

561 3186 850 3256 mollities;
878 3206 985 3246 non
1013 3191 1230 3249 divitem
1263 3194 1429 3251 fastus
1453 3210 1633 3266 opum,
1659 3212 1765 3252 non
1788 3198 2155 3269 magistratum

562 3281 814 3350 superbia
843 3286 1122 3353 potestatis
1151 3304 1165 3341 :
1195 3286 1291 3343 sed
1340 3303 1492 3343 amor
1521 3298 1841 3362 martyrum,
1861 3291 1962 3346 hac
2008 3292 2155 3347 onmi

563 3371 773 3430 sublata
792 3374 1171 3447 inaequalitate,
1191 3388 1393 3436 natura!
1420 3380 1807 3450 imbecillitate,
1839 3397 1901 3439 ac
1923 3398 2154 3454 pauper~

565 3466 690 3522 tatis
729 3472 1081 3538 necessitate,
1125 3481 1329 3529 tamam
1366 3474 1760 3532 multitudinem
1807 3491 1912 3533 una
1966 3488 2157 3535 catena

565 3554 870 3616 devinctam
894 3561 1000 3619 huc
1014 3564 1258 3631 attraxit,
1284 3573 1340 3620 et
1369 3564 1563 3621 affectu
1614 3565 1666 3623 in
1694 3576 1960 3640 martyres
2003 3570 2157 3638 quasi

566 3651 764 3719 pennis
795 3652 1102 3723 subvectos,
1126 3657 1272 3711 velut
1299 3657 1365 3711 ad
1406 3659 1570 3713 vitam
1623 3659 1676 3715 in
1715 3660 1865 3717 caelis
1892 3662 2155 3732 agendam

566 3740 849 3801 incitavit:
872 3745 1135 3816 siquidem
1162 3750 1306 3804 omni
1332 3749 1567 3807 lascivia:
1593 3752 1922 3825 luxuriaeque
1943 3764 2156 3826 pertur-

565 3834 785 3893 batione
801 3850 1073 3909 superata,
1105 3854 1397 3914 martyrum
1419 3860 1606 3902 amore
1627 3849 1873 3904 succensi
1895 3850 2045 3905 estis.
2089 3849 2161 3906 Ut

568 3927 714 3986 enim
742 3943 863 3983 cum
892 3932 1119 4001 primum
1145 3936 1277 3990 radii
1305 3939 1432 3994 solis
1462 3939 1725 4007 oriuntur,
1758 3942 2037 4013 aufugiuut
2076 3943 2158 4000 fe-

571 4033 669 4085 rte,
702 4032 867 4091 seque
888 4022 1122 4081 latibulis
1151 4029 1262 4084 suis
1292 4013 1669 4087 abscondunt:
1714 4033 1785 4087 ita
1830 4048 1951 4089 cum
1991 4036 2160 4092 menti

568 4119 769 4167 nostra:
808 4124 1102 4188 martyrum
1131 4117 1312 4175 lumen
1331 4122 1611 4188 all‘ulserit,
1642 4126 1822 4180 omnia
1854 4126 1978 4182 vitia
2011 4143 2159 4183 mor-

566 4202 728 4274 biquc
752 4218 813 4261 se
841 4208 1128 4275 occultant,
1152 4225 1215 4266 ac
1239 4212 1517 4282 splendida
1548 4215 1902 4288 philosophiae
1944 4218 2160 4277 ﬂamma

566 4296 927 4354 succenditur.
955 4301 1061 4358 Sed
1083 4311 1141 4359 ut
1167 4321 1271 4360 non
1301 4307 1474 4362 solum
1528 4309 1628 4364 hoe
1680 4318 1940 4383 tempore,
1974 4327 2158 4368 verum

567 4387 727 4446 etiam
757 4404 989 4461 semper,
1025 4402 1080 4449 et
1107 4405 1385 4467 postquam
1412 4398 1644 4454 solutum
1676 4399 1835 4457 fuerit
1860 4401 1963 4459 hoc
1997 4404 2160 4474 spiri-

570 4482 709 4537 tuale
728 4483 992 4546 theatrum
1019 4528 1033 4553 ,
1084 4485 1352 4543 ﬂammant
1386 4490 1539 4546 istam
1565 4506 1942 4555 conservemus
1967 4536 1982 4561 ,
2037 4510 2161 4555 cum

568 4574 757 4630 eadem
789 4577 954 4632 animi
971 4577 1255 4636 devotione
1272 4580 1493 4637 domum
1517 4582 1852 4649 recedamus,
1872 4601 2046 4657 neque
2063 4601 2161 4642 nos

570 4670 781 4739 pnpinis
809 4685 873 4726 ac
899 4672 1104 4740 lustris,
1135 4674 1381 4731 ebrietati
1419 4685 1472 4732 ct
1501 4677 1981 4734 eomessationibus
2008 4679 2162 4735 addi-

568 4772 772 4819 camus.
800 4761 1023 4825 Noctem
1056 4768 1396 4823 convertistis
1425 4768 1477 4823 in
1505 4769 1648 4826 diem
1677 4784 1772 4840 per
1800 4784 1983 4826 sacras
2032 4771 2167 4827 istas

569 4848 779 4920 vigilias
804 4868 819 4905 :
851 4855 1016 4913 nolite
1040 4872 1226 4914 rursus
1246 4859 1388 4914 diem
1423 4860 1474 4914 in
1503 4869 1712 4916 noctem
1734 4876 1832 4931 per
1845 4861 2161 4920 ebrietatem

571 4951 629 4998 et
648 4943 919 5013 crapulam
937 4962 1001 5003 ac
1025 4951 1361 5006 meretricios
1387 4960 1578 5007 cantus
1599 4963 1941 5009 convertere.
1974 4953 2161 5010 Hono-

572 5034 707 5090 rasti
733 5042 1017 5108 martyres,
1046 5039 1170 5096 dum
1198 5041 1436 5109 adfuisti,
1459 5042 1586 5099 dum
1612 5043 1881 5108 audivisti,
1909 5044 2034 5101 dum
2052 5055 2165 5102 stu-

570 5127 722 5185 dium
747 5143 861 5199 pra:
902 5141 953 5186 te
980 5131 1144 5195 tulisti
1174 5153 1187 5188 :
1222 5134 1425 5197 honora
1451 5137 1612 5209 etiam
1645 5137 1765 5194 illos
1792 5138 2034 5199 modeste
2061 5139 2165 5197 do-

576 5236 720 5277 mum
740 5221 1065 5290 recedendo,
1099 5241 1166 5281 ne
1182 5227 1301 5297 quis
1331 5228 1418 5283 ubi
1448 5239 1498 5285 te
1526 5245 1712 5301 parum
1753 5228 1948 5285 decore
1974 5246 2165 5301 geren-

575 5322 680 5368 tem
702 5312 897 5368 viderit
915 5314 969 5370 in
994 5315 1212 5385 popina,
1238 5325 1289 5373 te
1306 5334 1413 5373 non
1438 5330 1660 5392 propter
1677 5329 1939 5395 martyres
1956 5322 2166 5379 venisse

573 5403 739 5475 dicat,
765 5406 861 5463 sed
890 5417 951 5463 ut
980 5408 1168 5469 vitium
1196 5425 1443 5482 augeres,
1501 5398 1558 5473 ut
1587 5414 1845 5485 improba:
1888 5415 2165 5486 cupiditati

572 5499 828 5553 servires.
851 5498 980 5557 Haec
1002 5516 1106 5556 non
1130 5518 1197 5559 eo
1222 5502 1364 5568 dico,
1391 5511 1447 5558 ut
1476 5503 1682 5561 deliciis
1705 5504 1903 5576 perfrui
1943 5515 2115 5561 vetem
2145 5548 2160 5573 ,

574 5586 670 5641 sed
694 5594 750 5649 ut
777 5602 994 5665 peccata
1013 5592 1284 5659 committi
1304 5603 1479 5650 vetem
1507 5612 1520 5650 :
1552 5612 1656 5651 non
1687 5598 1828 5667 quod
1856 5597 2038 5663 bibere
2067 5613 2166 5653 ve-

576 5685 709 5746 tem,
733 5682 828 5736 sed
860 5691 917 5737 ut
936 5685 1144 5740 ebrium
1191 5687 1306 5743 fieri
1330 5696 1525 5744 vetem.
1549 5687 1668 5744 Non
1695 5690 1836 5744 enim
1861 5689 2058 5750 malum
2087 5699 2169 5745 est

576 5772 785 5839 "illum.
801 5774 895 5827 sed
923 5775 1240 5842 immodicus
1264 5781 1380 5859 ejus
1399 5796 1527 5845 usus
1548 5793 1631 5837 est
1650 5796 1848 5853 pravus
1868 5796 1880 5834 :
1902 5797 1965 5847 ac
1986 5758 2167 5845 vinum

577 5860 788 5934 quidem
816 5864 914 5921 Dei
936 5865 1135 5925 donum
1164 5879 1269 5939 est,
1289 5887 1416 5932 usus
1439 5882 1616 5934 autem
1635 5872 1954 5934 immodicus
1967 5870 2165 5933 diaboli

1250 397 1306 453 S.
1346 392 1626 453 JOAN'NIS
1662 382 2139 446 Clllh’SOSTOiﬂ
2181 381 2501 440 ARCHIEP.
2541 376 3078 438 CONSTANTINOP.
3726 371 3816 426 εει

2246 507 2330 557 est
2364 501 2659 555 inventum.
2693 496 2890 553 Sereite
2924 496 3074 567 igitur
3105 489 3322 547 Domino
3348 489 3400 543 in
3435 489 3617 542 timore
3642 527 3655 551 ,
3686 496 3819 543 eter-

2244 593 2426 647 sttltate
2448 591 2494 645 ei
2513 591 2565 644 in
2599 603 2812 644 tremore
2842 586 3017 658 (Psaf.
3048 583 3102 639 Ξ.
3137 584 3248 654 ll).

2319 750 2362 802 Α
2410 747 2610 819 popinis
2653 747 2912 800 auditores
2954 742 3152 797 avertit.
3195 770 3267 783 -—
3306 738 3399 793 Vis
3445 736 3652 792 deliciis
3691 733 3815 791 frui?

2245 837 2392 894 domi
2428 836 2628 904 fruere,
2653 835 2742 890 ubi
2764 877 2779 901 ,
2812 835 2937 891 licet
2979 834 3034 888 in
3078 831 3390 887 ebrietatem
3426 827 3661 892 incidas,
3690 828 3819 879 multi

2245 938 2392 996 sunt,
2419 928 2511 1001 qui
2559 938 2610 985 te
2658 934 2880 999 possunt
2920 925 3177 996 obtegere
3208 939 3222 977 :
3253 936 3359 977 non
3411 921 3469 976 in
3527 918 3745 990 popina,
3766 935 3823 973 ne

2246 1022 2607 1092 spectaculum
2641 1019 2736 1075 tias
2762 1018 3135 1091 praesentibus,
3169 1026 3224 1072 et
3251 1014 3569 1071 scandalum
3614 1014 3817 1068 caeteris.

2245 1115 2421 1184 Atque
2443 1113 2559 1168 haec
2585 1127 2685 1183 ego
2705 1111 2846 1178 dico,
2870 1126 2976 1166 non
3004 1108 3147 1181 quod
3186 1107 3392 1164 ebrium
3423 1105 3542 1160 fieri
3579 1103 3715 1159 domi
3746 1103 3816 1172 ju—

2244 1205 2422 1269 beam,
2445 1205 2542 1261 sed
2581 1204 2723 1276 quod
2753 1205 2807 1259 in
2858 1203 3070 1275 popinis
3119 1200 3322 1258 versari
3355 1199 3691 1271 prohibeam.
3717 1199 3806 1253 Per

2247 1299 2424 1368 pende
2449 1312 2608 1368 quam
2633 1296 2914 1352 ridiculum
2948 1295 3039 1364 sit,
3064 1303 3184 1366 post
3205 1286 3479 1363 ejusmodi
3500 1300 3816 1355 conventum,

2247 1400 2370 1462 post
2396 1389 2641 1461 vigilias,
2673 1397 2793 1460 post
2834 1400 3109 1443 sacrarum
3156 1383 3490 1439 auditionem
3539 1381 3818 1451 Scriptum

2248 1496 2391 1549 rum,
2426 1490 2548 1552 post
2588 1480 2889 1535 divinorum
2934 1475 3399 1549 participationem
3429 1473 3815 1545 mysteriorum,

2250 1584 2303 1628 et
2328 1581 2449 1645 post
2473 1570 2804 1643 Spiritualem
2832 1568 3169 1640 largitionem
3196 1607 3211 1634 ,
3237 1566 3413 1619 virum
3446 1571 3542 1618 aut
3566 1562 3815 1617 mulierem

2249 1674 2394 1720 totos
2431 1664 2546 1720 dies
2570 1664 2623 1718 in
2666 1662 2877 1734 popinis
2912 1660 3267 1730 transigentes
3296 1655 3490 1711 videri.
3525 1656 3605 1709 An
3632 1652 3818 1708 nescitis

2250 1765 2506 1828 quantum
2562 1755 2727 1812 ebriis
2777 1752 3093 1824 supplicium
3144 1747 3470 1805 immineat?
3509 1746 3754 1817 siquidem
3792 1758 3819 1798 ιι

2250 1862 2416 1919 regno
2444 1847 2535 1901 Dei
2581 1845 2943 1916 expelluntur,
2992 1851 3048 1898 et
3093 1839 3459 1897 ineﬂabilibus
3507 1836 3660 1892 bonis
3705 1833 3819 1890 esci-

2250 1940 2386 1996 dunt
2409 1980 2424 2004 ,
2454 1948 2613 2011 atque
2637 1939 2689 1992 in
2721 1938 2897 2008 ignem
2927 1943 3186 1991 aeternum
3213 1931 3554 2002 ablegantur.
3582 1927 3703 1995 Quis
3727 1925 3820 1978 luce

2251 2033 2424 2089 dicit?
2467 2032 2663 2088 Beatus
2708 2029 2949 2087 Paulus:
2979 2026 3158 2099 Neque
3206 2024 3391 2093 avari,
3435 2022 3640 2093 inquit,
3689 2031 3819 2088 nequc

2253 2127 2455 2194 ebriosi,
2479 2141 2638 2196 neque
2666 2122 2926 2190 maledici,
2951 2136 3110 2191 neque
3135 2134 3348 2191 rapaces
3376 2131 3589 2187 regnum
3613 2111 3701 2166 Dei
3721 2124 3817 2180 pos-

2252 2217 2483 2273 sidebunt
2523 2218 2603 2288 (1.
2633 2213 2752 2272 Cor.
2794 2215 2849 2271 6.
2895 2211 3019 2285 10).
3051 2210 3192 2280 Quid
3234 2209 3389 2291 ebrip
3438 2204 3679 2263 miserius
3727 2197 3819 2255 fieri

2257 2316 2465 2380 potest,
2496 2308 2587 2379 qui
2615 2306 2686 2363 ob
2714 2306 2964 2377 exiguam
2983 2303 3313 2373 voluptatem
3343 2292 3523 2355 tantas
3550 2295 3687 2365 regni
3711 2291 3819 2347 deli.

2255 2400 2366 2456 cias
2386 2398 2618 2455 amittit?
2664 2397 2778 2453 lmo
2808 2411 2940 2452 vero
2968 2409 3037 2450 ne
3064 2392 3340 2463 voluptate
3373 2388 3590 2462 quidem
3618 2386 3710 2442 ulla
3737 2381 3817 2437 frui

2255 2498 2434 2562 potest
2455 2490 2641 2547 ebrius
2671 2506 2686 2558 ;
2719 2487 2984 2559 siquidem
3027 2480 3080 2540 in
3132 2491 3435 2554 temperato
3479 2495 3579 2537 usu
3608 2477 3817 2545 voluptas

2257 2585 2541 2651 consistit,
2575 2584 2627 2638 in
2681 2581 2967 2638 immodico
3012 2587 3188 2635 autem
3212 2619 3228 2645 ,
3268 2586 3461 2647 stupor
3498 2583 3553 2631 et
3601 2581 3818 2627 sensuum

2258 2681 2510 2754 privatio.
2542 2681 2714 2736 Porro
2739 2677 2828 2749 qui
2855 2676 3057 2733 sentire
3097 2673 3281 2745 nequit
3305 2671 3397 2727 ubi
3441 2670 3621 2726 sedeat
3647 2673 3730 2719 aut
3752 2662 3814 2754 ja:

2257 2749 2399 2841 ceat,
2421 2772 2510 2844 qui
2539 2771 2734 2843 poterit
2762 2768 3051 2839 voluptatis
3090 2765 3145 2822 in
3194 2760 3576 2836 potu'sensum
3618 2749 3816 2844 capere!

2257 2866 2349 2939 qui
2397 2843 2465 2922 ne
2494 2865 2664 2921 solem
2711 2861 2929 2934 quidem
2971 2860 3145 2931 ipsum
3189 2856 3260 2913 ob
3306 2856 3533 2913 densam
3583 2843 3817 2939 ebrietatis

2259 2934 2511 3015 nebulam
2553 2955 2723 3027 possit
2769 2953 3006 3019 intueri,
3054 2947 3325 3022 quomodo
3376 2945 3561 3002 laetitia
3608 2934 3817 2996 fruaturl

2260 3050 2448 3106 Tautre
2472 3026 2722 3104 nimirum
2751 3047 2926 3117 ipsum
2957 3049 3221 3113 occupant
3249 3038 3509 3099 tenebrm,
3529 3043 3584 3089 ut
3612 3030 3672 3086 ad
3697 3026 3813 3081 illam

2259 3140 2649 3199 discutiendam
2675 3139 2955 3210 caliginem
2983 3136 3085 3208 ipsi
3107 3132 3237 3190 radii
3259 3147 3366 3187 non
3394 3128 3671 3189 sufﬁciant.
3693 3121 3818 3210 Sent-

2260 3249 2358 3305 per
2386 3233 2625 3304 quidem,
2662 3228 3016 3293 dilectissimi,
3048 3225 3245 3281 malum
3271 3233 3355 3281 est
3383 3223 3628 3285 ebrietas,
3659 3209 3815 3287 preci.

2261 3340 2366 3397 pue
2396 3341 2525 3381 vero
2551 3324 2687 3380 festo
2711 3331 3008 3394 martyrum
3036 3319 3143 3376 die.
3171 3317 3307 3373 Nam
3349 3325 3546 3387 praeter
3580 3315 3814 3383 peccatum

2260 3414 2586 3471 contumelia
2636 3422 2722 3470 est
2776 3411 3029 3476 maxima,
3058 3417 3115 3465 et
3169 3406 3432 3474 stultitia,
3479 3407 3816 3464 sacrorumque

2262 3508 2597 3580 eloquiorum
2634 3512 2973 3576 contemptus
3006 3521 3019 3557 :
3052 3516 3212 3573 quam
3247 3499 3316 3557 ob
3352 3510 3568 3554 causam
3601 3501 3651 3548 et
3673 3484 3815 3556 dupli-

2262 3616 2380 3658 cem
2410 3616 2621 3672 pceuam
2660 3607 2915 3654 meretur.
2940 3595 2999 3652 Si
3024 3610 3153 3665 ergo
3189 3601 3474 3664 postquam
3502 3588 3566 3644 ad
3594 3591 3815 3665 martyres

2262 3692 2535 3749 accessisti
2559 3735 2573 3757 ,
2598 3700 2874 3762 postquam
2906 3687 3030 3743 hinc
3061 3685 3378 3742 discesseris
3403 3727 3420 3753 ,
3441 3676 3675 3738 ebrietati
3694 3684 3816 3725 vaca-

2264 3795 2416 3843 turus
2442 3801 2522 3853 es,
2550 3785 2742 3841 melius
2769 3792 2852 3839 est
2876 3821 2892 3849 ,
2923 3791 2982 3836 ut
3021 3779 3168 3836 domi
3199 3792 3420 3833 maneas
3440 3816 3458 3842 ,
3486 3787 3582 3829 nec
3606 3767 3815 3853 indecore

2265 3886 2320 3934 te
2347 3851 2536 3949 geras,
2562 3891 2736 3947 neque
2766 3886 3058 3946 martyrum
3090 3870 3487 3927 solemnitatem
3511 3863 3694 3936 probro
3718 3851 3811 3909 alli-

2264 3969 2376 4025 cias
2397 4010 2414 4035 ,
2445 3982 2620 4038 neque
2648 3966 2893 4038 proximo
2919 3966 2995 4021 sis
3025 3961 3346 4019 oll‘endiculo
3364 4002 3380 4028 ,
3408 3970 3582 4029 neque
3617 3954 3813 4038 mentem

2265 4037 2542 4128 obsidens,
2568 4037 2740 4131 neque
2784 4066 3002 4129 peccata
3054 4055 3149 4111 tibi
3190 4052 3517 4109 accumules.
3547 4037 3734 4102 Venisti
3771 4040 3815 4085 υι

2266 4153 2511 4210 homines
2533 4150 2814 4209 tormentis
2830 4149 3094 4205 laceratos
3110 4146 3342 4210 videres,
3360 4153 3552 4199 cruore
3570 4131 3812 4226 stillantes.

2266 4248 2548 4303 vulnerum
2607 4243 2855 4301 examine
2906 4241 3224 4304 decoratos,
3281 4237 3373 4309 qui
3435 4224 3814 4316 praesentiant}I

2268 4337 2434 4401 exuti,
2461 4336 2526 4392 ad
2554 4335 2789 4391 futuram
2812 4333 3135 4389 evolarunt:
3165 4330 3232 4386 da
3278 4341 3501 4408 operam
3546 4329 3599 4376 ut
3640 4310 3815 4408 athletis

2269 4430 2387 4485 istis
2411 4399 2601 4500 dignus
2628 4426 2845 4483 evadas.
2879 4403 3327 4489 Contempserunt
3347 4419 3426 4475 illi
3458 4416 3612 4471 vitam
3635 4450 3649 4474 ,
3671 4416 3719 4458 tu
3739 4399 3814 4453 tle-

2269 4519 2421 4574 licias
2465 4527 2751 4575 contemne
2783 4534 2798 4570 :
2825 4516 3136 4587 abjecerunt
3189 4513 3263 4568 illi
3312 4512 3474 4566 vitam
3515 4503 3813 4576 przcsentem.

2272 4618 2325 4665 tu
2353 4609 2626 4666 ebrietatis
2651 4622 2887 4663 amorem
2913 4605 3104 4675 abjice.

2344 4766 2476 4821 Ossa
2519 4774 2565 4820 et
2605 4762 2842 4835 sepulcra
2885 4761 3171 4832 Martyrum
3200 4750 3616 4813 benedictionibus
3637 4738 3811 4838 scale.“-

2270 4888 2342 4898 -—
2359 4857 2463 4914 Sed
2486 4857 2691 4912 deliciis
2719 4854 2822 4910 frui
2849 4854 3041 4925 cupis?
3069 4853 3247 4908 asside
3286 4850 3532 4921 sepulcro
3570 4841 3783 4903 ιιιωιιιτιε
3799 4862 3812 4888 ν

2272 4951 2629 5023 lacrymarum
2678 4950 2790 5005 illic
2830 4947 3009 5004 fontes
3060 4944 3296 5011 effunde,
3342 4944 3569 5006 animam
3612 4931 3810 5024 οοιιίεξτῗξ

2274 5022 2703 5099 benedictionem
2720 5057 2749 5095 a
2761 5042 3007 5111 septdcro
3024 5040 3139 5109 ejus
3156 5039 3314 5104 refer;
3334 5037 3552 5107 ejusque
3568 5022 3813 5112 Ραίφθίῖ¹¹⁰

2273 5136 2441 5191 fretus
2472 5135 2523 5188 in
2556 5110 2833 5202 precibus,
2860 5131 3259 5186 narrationibus
3301 5124 3639 5183 certaminum
3680 5110 3813 5176 ῘΡ⁵¹¹¹⁵

2275 5225 2517 5296 legendis
2547 5234 2597 5281 te
2630 5223 2943 5294 frequenter
2980 5237 3207 5287 exerce,
3233 5220 3461 5276 loculum
3501 5207 3813 5296 amplectere.

2277 5294 2514 5389 capsula:
2544 5318 2894 5388 reliquiarum
2920 5315 3112 5370 afﬁxus
3153 5321 3309 5369 esto:
3341 5328 3446 5368 non
3493 5316 3605 5361 ossa
3645 5294 3808 5389 alarii“

2275 5376 2394 5468 ruin
2441 5376 2682 5477 tantum;
2696 5408 2790 5465 sed
2820 5417 2874 5465 et
2900 5409 3138 5480 ipsorum
3167 5405 3411 5478 sepulcra
3434 5412 3485 5458 et
3506 5386 3713 5463 eapsqu
3736 5376 3811 5429 b8-

2275 5503 2672 5561 nedictionibus
2695 5502 2878 5556 multis
2902 5509 3128 5556 scatent.
3157 5498 3411 5555 Sanctum
3460 5491 3624 5553 oleum
3670 5480 3805 5529 sume.

2279 5607 2555 5667 totumque
2579 5604 2724 5649 tuum
2756 5607 2951 5664 corpus
2972 5592 3168 5664 inunge
3187 5632 3203 5657 ,
3232 5590 3463 5670 linguam
3483 5623 3498 5649 ι
3529 5576 3658 5670 Ῑίιδτξ
3677 5606 3691 5633 '

2277 5693 2471 5756 vicem,
2504 5688 2707 5753 oculos,
2739 5703 2839 5742 nec
2864 5699 3118 5756 umquam
3149 5685 3203 5739 in
3234 5658 3500 5737 ebrietatis
3528 5658 3804 5727 naufrag'um

2282 5782 2519 5849 incides.~
2538 5781 2812 5849 Siquidem
2843 5755 3018 5841 oleum
3057 5777 3238 5842 odoris
3270 5775 3524 5831 suavitate
3564 5755 3801 5849 martvl'tlﬂl

2287 5848 2723 5937 tibicertam’ina
2771 5874 2825 5930 in
2875 5871 3190 5933 memoriam
3251 5875 3502 5933 revocat,
3549 5867 3596 5913 et
3635 5848 3805 5903 οιιιυειιι
