4088 6450
435 361 539 420 5C5

436 471 759 546 φιλοσοφίας
792 474 1056 547 ἕδραμεςς
1084 479 1175 532 καὶ
1204 479 1304 533 οὐκ
1342 479 1509 552 οὔσης
1539 484 1756 555 ἡμέρας
1793 486 2007 558 μάρτυ-

433 577 550 632 ρος,
586 558 778 631 ἑορτὴν
808 562 1083 632 μάρτυρος
1109 562 1434 628 έπετέλεσας
1465 577 1513 619 ⁸.
1546 566 1693 638 Τιμὴ
1724 570 1833 641 γὰρ
1866 571 2009 641 μάρ-

429 658 616 713 τυρος,
655 644 886 715 μίμησις
921 646 1220 719 μάρτυρος.
1258 648 1467 721 Ὠσπερ
1508 651 1617 722 γὰρ
1644 654 1694 705 οί
1734 654 1801 707 τὰ
1831 655 2011 723 φαῦλα

431 724 953 799 [668]πράττοντες,
978 730 1070 782 καὶ
1097 732 1154 783 ὲν
1186 732 1396 803 ἑορταῖς
1416 734 1660 805 ἀνέορτοί
1688 738 1845 792 εἰσιν·
1866 738 2011 792 οὕτω

429 811 528 865 καὶ
563 813 612 864 οί
641 811 739 883 τὴν
776 814 978 884 ἀρετὴν
1015 814 1314 884 μετιόντες,
1370 817 1465 871 καὶ
1504 820 1867 892 πανηγύρεως
1910 824 2013 877 οὐκ

429 893 600 967 οῦσης
625 937 641 961 ,
699 897 889 968 ἑορτὴν
918 898 1272 954 ἐπιτελοῦσιν·
1305 901 1363 954 ὲν
1393 902 1504 973 γάρ
1536 902 1614 974 τῷ
1649 904 1877 976 καθαρῷ
1916 907 2011 960 τοῦ

432 978 735 1042 συνειδότος
778 981 812 1051 ἡ
860 980 1020 1051 ἑορτὴ
1076 983 1560 1055 χαρακτηρίζεται.
1626 986 1799 1041 Τοῦτο
1843 988 1936 1041 καὶ
1982 990 2013 1042 ὁ

429 1060 645 1141 ῌαῦλος
690 1062 863 1132 δηλῶν
917 1063 1121 1141 ἔλεγεν·
1175 1066 1357 1121 Ὥστε
1408 1067 1769 1139 ἑορτάζωμεν
1815 1070 1897 1140 μὴ
1942 1071 2015 1125 ἐν

434 1136 584 1213 ζύμῃ
606 1144 832 1213 παλαιᾷ
848 1136 1063 1213 κακίας
1086 1149 1183 1202 καί
1206 1136 1515 1217 πονηρίας.
1531 1136 1668 1206 ἀλλς
1685 1154 1755 1206 ἐν
1772 1136 2012 1224 citatam

423 1228 811 1308 εἱλικρινείας
835 1230 930 1283 καὶ
954 1231 1259 1299 ἀληθείας.
1280 1235 1435 1287 Ἔστι
1452 1228 1631 1287 τοίνυν
1659 1234 1844 1306 ἄζυμα
1861 1237 2014 1308 παρά

440 1306 736 1375 Ἰουδαίοις,
771 1311 886 1366 ἔστι
917 1315 1013 1368 καὶ
1039 1317 1166 1387 παρ’
1188 1317 1320 1388 ἡμῖν
1351 1316 1378 1356 ιι
1404 1333 1417 1347 ·
1454 1316 1592 1371 ἀλλὰ
1618 1322 1750 1390 παρ’
1782 1306 2013 1385 ἐκείνοις

430 1392 534 1475 μὲν
581 1393 793 1465 ἄζυμον
847 1395 907 1462 ἐξ
940 1397 1205 1470 ἀλεύρου,
1260 1400 1390 1471 παρ’
1422 1402 1555 1472 ἡμῖν
1592 1402 1650 1455 δὲ
1700 1403 2011 1475 καθαρότης

428 1474 571 1545 βίου,
602 1479 697 1530 καὶ
748 1476 862 1550 ζωὴ
910 1481 1107 1544 κακίας
1136 1480 1355 1554 ἀπάσης
1397 1482 1815 1556 ἀπηλλαγμένη.
1844 1474 2009 1539 Ὥστε

425 1560 458 1612 ὁ
491 1559 665 1631 ῥύπου
698 1564 793 1617 καὶ
818 1562 1031 1633 κηλῖδος
1073 1563 1323 1636 καθαρὰν
1363 1564 1461 1638 τὴν
1502 1566 1697 1621 ἑαυτοῦ
1737 1568 2010 1641 διατηρῶν

426 1641 595 1715 ζωὴν,
624 1644 746 1698 καθ’
777 1646 993 1718 ἡμέραν
1028 1647 1297 1720 ἑορτάζει,
1328 1650 1717 1721 πανηγυρίζων
1745 1652 1863 1716 ἀεὶ,
1901 1650 2009 1707 κᾶν

428 1726 506 1796 μὴ
546 1727 604 1781 ἐν
633 1727 836 1800 ἡμέρᾳ,
874 1731 1011 1800 μηδὲ
1043 1731 1101 1784 έν
1148 1734 1338 1803 σηκοῖς
1381 1732 1707 1804 μαρτύρων,
1747 1733 1884 1789 ἀλλά
1914 1735 2008 1790 καὶ

424 1810 568 1864 οἴκοι
614 1811 943 1884 καθήμενος.
983 1815 1139 1867 Ἐστι
1168 1814 1278 1887 γάρ
1316 1816 1409 1869 καὶ
1437 1816 1558 1870 καθ’
1586 1817 1780 1871 ἑαυτὸν
1813 1818 2006 1891 ἑορτὴν

426 1892 726 1968 μαρτύρων
759 1896 1049 1951 ἐπιτελεῖν.
1084 1899 1193 1951 Καὶ
1241 1897 1413 1951 ταῦτα
1431 1898 1597 1968 λέγω,
1649 1901 1749 1971 οὐχ
1802 1901 1890 1955 ἵνα
1929 1903 2005 1974 μὴ

423 1976 860 2051 παραγινώμεθα
877 1980 1013 2051 πρὸς
1036 1981 1161 2045 τοὺς
1184 1981 1391 2050 τάφους
1414 1982 1526 2037 τῶν
1550 1983 1866 2056 μαρτύρων,
1889 1986 2006 2040 ἀλλ’

422 2059 512 2115 ἵνα
546 2064 984 2135 παραγενόμενοι
1020 2067 1160 2136 μετά
1190 2067 1290 2136 τῆς
1331 2067 1717 2139 προσηκούσης
1754 2070 2008 2125 ἀπαντῶ-

424 2160 527 2215 μεν
566 2144 899 2218 προθυμίας,
934 2148 1030 2201 καὶ
1056 2148 1131 2220 μὴ
1178 2149 1339 2220 μόνον
1368 2152 1491 2214 ταῖς
1524 2152 1761 2222 ἡμέραις
1801 2153 2005 2215 αὐτῶν,

418 2226 560 2282 ἀλλά
597 2229 692 2282 καὶ
722 2228 933 2284 τούτων
968 2235 1156 2303 χωρὶς,
1190 2231 1289 2303 τὴν
1320 2233 1492 2303 αὐτὴν
1539 2235 1828 2290 εὐλάϐειαν
1863 2254 2009 2308 παρ-

420 2310 703 2382 εχώμεθα.
735 2313 832 2376 Τίς
881 2315 992 2386 γάρ
1029 2316 1129 2368 οὐκ
1173 2313 1239 2368 ἂν
1286 2315 1556 2383 ἀγάσαιτο
1581 2318 1821 2389 σήμερον
1849 2318 2005 2390 ἡμῶν

418 2394 515 2448 τὸν
548 2396 836 2463 σύλλογον,
867 2397 928 2451 τὸ
964 2397 1217 2469 λαμπρὸν
1255 2399 1414 2453 τοῦτο
1442 2399 1689 2473 θέατρον,
1724 2403 1825 2473 τὴν
1855 2402 2007 2468 ζέου-

423 2493 527 2531 σαν
547 2480 792 2550 ἀγάπην,
820 2481 922 2552 τὴν
953 2479 1164 2553 θερμὴν
1194 2481 1451 2547 διάθεσιν,
1494 2483 1584 2537 τὸν
1633 2484 2006 2556 ἀκατάσχετον

420 2560 633 2632 ἔρωτας
679 2564 767 2627 Ὠς
797 2565 947 2617 πᾶσα
970 2564 1070 2634 μὲν
1094 2564 1281 2635 σχεδὸν
1302 2566 1336 2636 ἡ
1367 2566 1522 2631 πόλις
1542 2567 1776 2621 ἐνταῦθα
1801 2568 2009 2640 μεθώρ-

423 2660 636 2714 μισται,
681 2647 777 2699 καὶ
803 2644 928 2700 οὐτε
976 2647 1196 2718 οἰκέτην
1223 2648 1483 2701 δεσπότου
1514 2648 1678 2718 φόϐος
1710 2650 2003 2722 κατέσχεν,

418 2726 549 2781 οὔτε
598 2728 807 2801 πένητα
849 2733 883 2801 ἡ
926 2731 1024 2802 τῆς
1054 2732 1328 2803 πτωχείας
1356 2733 1594 2805 ἀνάγκη,
1621 2732 1745 2787 οὔτε
1774 2735 2007 2807 γηραιὸν

418 2812 523 2882 τῆς
573 2812 788 2883 ἡλικίας
833 2814 1166 2885 ἡάσθένεια,
1219 2815 1344 2869 οὔτε
1392 2818 1628 2884 γυναῖκα
1667 2817 1729 2871 τὸ
1766 2819 1865 2889 τῆς
1902 2818 2004 2889 φύε

424 2911 564 2959 σεως
593 2896 821 2965 ἁπαλὸν,
844 2896 967 2951 οὐτε
1001 2898 1255 2952 πλούσιον
1280 2900 1377 2970 τῆς
1412 2900 1732 2971 περιουσίας
1764 2902 1792 2954 ὁ
1816 2899 2006 2971 τῦφος,

421 2977 486 3032 οὐ
540 2977 633 3033 τὸν
689 2979 925 3051 ἄρχοντα
976 2982 1075 3052 τῆς
1117 2980 1365 3049 ἐξουσίας
1412 2984 1446 3053 ἡ
1501 2981 1766 3036 ἀπόνοιαο
1810 2983 1926 3037 ἀλλ’
1979 2987 2009 3039 ὁ

421 3059 534 3115 τῶν
562 3063 857 3137 μαρτύρων
905 3065 1069 3130 πόθος
1106 3068 1292 3121 πᾶσαν
1315 3064 1518 3137 ταύτην
1548 3066 1647 3138 τὴν
1689 3067 2009 3137 ἀνωμαλίαν

423 3144 690 3210 ἐκϐαλὼν,
712 3147 806 3201 καί⁵
839 3147 1053 3217 φύσεως
1079 3148 1363 3203 ἀσθένειαν
1395 3150 1489 3203 καὶ
1515 3150 1703 3213 πενίας
1731 3152 2006 3224 ἀνάγκην,

426 3230 528 3302 μιᾷ
574 3230 764 3287 ἁλύσει
815 3231 1019 3304 πλῆθος
1061 3232 1311 3287 τοσοῦτον
1352 3231 1587 3286 ἐνταῦθα
1623 3233 1878 3299 εἵλκυσε,
1914 3237 2010 3290 καὶ

425 3313 505 3385 τῷ
542 3313 693 3386 πόθῳ
712 3316 822 3370 τῶν
873 3316 1168 3389 μαρτύρων
1209 3315 1541 3388 ἐπτέρωσεν,
1581 3316 1657 3380 ὡς
1694 3320 1753 3371 ὲν
1795 3318 2009 3391 οὐρανῷ

423 3398 522 3450 νύν
551 3397 996 3470 πολιτευομένους
1021 3398 1338 3470 διατρίϐειν·
1368 3401 1547 3453 πᾶσαν
1573 3400 1688 3475 γὰρ
1713 3401 2009 3468 ἀκολασίας

423 3481 522 3535 καὶ
565 3482 855 3552 ἀσελγείας
908 3485 1253 3557 πατήσαντες
1313 3485 1719 3554 προσπάθειαν,
1773 3485 1853 3557 τῷ
1896 3486 2008 3541 τῶν

427 3564 726 3637 μαρτύρων
770 3566 1176 3637 καταφλέγεσθε
1226 3566 1394 3638 πόθῳ.
1451 3567 1719 3641 Καθάπερ
1754 3569 1865 3640 γάρ
1910 3571 2010 3641 τῆς

422 3648 645 3713 ἀκτῖνος
684 3650 1018 3723 ἀνισχούσης
1048 3650 1374 3723 δραπετεύει
1403 3649 1472 3705 τὰ
1501 3649 1698 3722 θηρία,
1736 3654 1832 3707 καὶ
1871 3653 2011 3724 πρὸς

420 3733 553 3795 τοὺς
579 3732 809 3796 οἰκείους
842 3735 1168 3789 καταδύεται
1196 3733 1502 3806 χηραμούςο
1531 3734 1676 3787 οὕτω
1700 3734 1793 3788 τοῦ
1832 3735 2009 3806 φωτὸς

418 3813 535 3869 τῶν
564 3815 858 3889 μαρτύρων
880 3821 960 3882 τίς
982 3817 1081 3883 τάς
1114 3818 1387 3889 ὑμετέρας
1412 3817 1864 3889 καταλάμποντος
1895 3819 2010 3873 δια-

420 3898 595 3963 νοίας,
646 3900 862 3955 ἅπαντα
908 3901 1301 3974 κατορύττεται
1351 3900 1420 3954 τά
1477 3903 1781 3972 νοσήματα,
1830 3902 1926 3956 καὶ
1972 3903 2009 3972 ἡ

420 3980 656 4053 λαμπρά
682 3985 780 4055 τῆς
807 3985 1126 4056 φιλοσοφίας
1147 3985 1447 4039 ἀνάπτεται
1489 3984 1640 4055 φλόξ.
1694 3986 1835 4039 Ἀλλ’
1860 3986 2010 4051 ὅπως

426 4066 507 4137 μὴ
528 4066 624 4120 νῦν
657 4068 841 4138 μόνον,
875 4067 1012 4121 ἀλλά
1050 4068 1147 4121 καὶ
1175 4067 1459 4139 διηνεκῶς,
1514 4068 1609 4122 καὶ⁵
1644 4068 1739 4121 τοῦ
1777 4068 2007 4139 θεάτρου

421 4148 679 4215 λυθέντος
716 4150 811 4205 τοῦ
842 4152 1213 4223 πνευματικοῦ
1258 4152 1472 4219 τούτου,
1507 4150 1711 4223 ταύτην
1736 4151 2009 4221 διατηρῶ-

426 4250 532 4311 μεν
574 4234 674 4306 τὴν
733 4235 942 4305 φλόγα,
998 4234 1094 4289 καὶ
1157 4234 1299 4304 μετὰ
1351 4238 1451 4307 τῆς
1502 4234 1676 4305 αὐτῆς
1726 4234 2010 4300 εὐλαϐείας

420 4317 609 4371 οἶκαδε
653 4318 1054 4389 ἀναχωρῶμεν,
1099 4316 1174 4389 μὴ
1208 4319 1291 4381 είς
1333 4317 1609 4389 καπηλεῖα
1637 4318 1731 4372 καὶ
1764 4321 2005 4390 πορνεῖα,

422 4401 521 4454 καὶ
569 4399 761 4473 μέθην,
801 4402 895 4455 καὶ
931 4401 1139 4472 κώμοις
1171 4412 1194 4440 ο
1232 4401 1459 4464 ἑαυτοὺς
1482 4401 1751 4469 ἀφιέντες.
1788 4400 2008 4473 Ἐποιὴ-

427 4499 559 4536 σατε
601 4483 699 4554 τὴν
747 4484 920 4539 νύκτα
963 4484 1177 4556 ἡμέραν
1223 4483 1311 4538 διά
1364 4483 1475 4537 τῶν
1515 4482 1851 4553 παννυχίδων
1898 4485 2009 4538 τῶν

429 4564 615 4636 ἱερῶν·
660 4565 736 4639 μὴ
780 4568 1040 4638 ποιήσατε
1096 4567 1258 4621 πάλιν
1300 4566 1398 4637 τὴν
1444 4565 1659 4641 ἡμέραν
1702 4566 1873 4624 νύκτα
1921 4567 2011 4621 διὰ

422 4648 526 4718 τῆς
583 4649 755 4721 μέθης
811 4650 906 4704 καὶ
954 4650 1053 4720 τῆς
1094 4650 1441 4723 κραιπάλης,
1473 4651 1568 4704 καὶ⁸
1605 4649 1713 4703 τῶν
1750 4649 2009 4720 ᾀσμάτων

421 4732 538 4789 τῶν
567 4733 863 4805 πορνικῶν.
908 4734 1208 4806 Ἐτίμησας
1239 4735 1366 4798 τοὺς
1402 4734 1680 4806 μάρτυρας
1704 4736 1770 4804 τῇ
1798 4749 2005 4803 παρου-

426 4817 544 4888 σία,
581 4819 648 4887 τῇ
689 4818 987 4888 ἀκροάσει,
1033 4821 1099 4890 τῇ
1158 4818 1383 4888 σπουδῇο
1423 4818 1654 4887 τίμησον
1681 4817 1877 4879 αὐτοὺς
1916 4818 2010 4870 καὶ

421 4903 495 4970 τῇ
524 4902 737 4972 κοσμίῳ
791 4903 1160 4975 ἀναχωρήσει,
1217 4902 1290 4971 μὴ
1346 4917 1429 4963 τις
1471 4900 1594 4952 ἰδών
1649 4917 1708 4955 σε
1758 4901 2009 4971 ἀσχημο-

426 4984 624 5038 νοῦντα
655 4987 713 5038 ὲν
741 4985 1022 5055 καπηλείῳ
1044 4986 1197 5056 εἴπῃ,
1233 4985 1317 5037 ὃτι
1357 4985 1418 5037 οὐ
1446 4983 1535 5036 διὰ
1558 4984 1684 5047 τοὺς
1724 4984 2010 5055 μάρτυρας

430 5070 757 5141 παρεγένου,
779 5070 894 5124 ἀλλ’
918 5070 1005 5123 ἵνα
1030 5070 1091 5123 τὸ
1118 5068 1289 5133 πάθος
1316 5070 1579 5141 αὐξήσῃς,
1603 5068 1691 5122 ἵνα
1711 5071 1778 5139 τῇ
1798 5069 2012 5140 πονηρᾷ

429 5153 697 5225 ἐπιθυμία
725 5154 948 5227 χαρίσῃ.
990 5151 1176 5207 Ταῦτα
1204 5152 1370 5218 λέγω,
1401 5153 1462 5205 οὐ
1510 5151 1732 5205 κωλύων
1764 5154 2007 5222 τρυφᾷν,

427 5237 568 5293 ἀλλὰ
605 5236 831 5291 κωλύων
863 5235 1232 5307 ἁμαρτάνειν,
1264 5236 1325 5287 οὐ
1370 5234 1595 5297 κωλύων
1635 5235 1837 5300 πίνειν,
1873 5235 2011 5289 ἀλλά

430 5320 658 5376 κωλύων
710 5320 948 5392 μεθύειν.
995 5319 1071 5373 Οὐ
1118 5318 1226 5389 γὰρ
1278 5320 1306 5370 ὁ
1348 5312 1490 5381 οἶνος
1534 5318 1765 5387 φαῦλον,
1811 5318 1925 5372 ἀλλ’
1972 5323 2006 5391 ἡ

430 5405 671 5475 ἀμετρία
704 5404 955 5475 πονηρόν·
989 5404 1020 5455 ό
1053 5403 1149 5473 μὲν
1191 5400 1299 5472 γὰρ
1335 5397 1475 5463 οἶνος
1510 5401 1604 5453 τοῦ
1636 5401 1770 5454 Θεοῦ
1801 5401 2006 5472 δῶρον,

431 5484 585 5561 [669]
605 5489 638 5559 ἡ
664 5487 721 5540 δὲ
741 5486 979 5558 ἀμετρία
1002 5485 1097 5540 τοῦ
1112 5485 1357 5539 δ;αϐόλου
1374 5484 1435 5537 εὖ
1443 5500 1511 5559 ρη
1520 5502 1612 5555 μα.
1633 5486 2011 5539 Δουλεύσατε

497 5711 523 5773 ξ
545 5709 743 5773 Οοῇεῐὶῐι.
764 5710 941 5773 ἑορτὴν,
962 5709 1255 5773 έπετέλεσας.

496 5769 525 5813 ιν
546 5769 741 5834 qusjn.
769 5766 899 5834 ἔστιν
915 5772 1067 5831 ἄζυμα
1085 5772 1213 5834 παρὰ
1233 5769 1492 5834 Ἰουδαίοις.
1516 5768 1569 5834 ού
1592 5769 1701 5831 παρ’
1723 5769 1857 5827 ἡμῶν
1880 5766 2007 5832 (sic).

501 5837 524 5866 ‘
550 5832 632 5885 Sic
655 5837 803 5885 etiam
821 5833 1041 5893 Coislin.,
1063 5831 1441 5895 scd‘legendum
1466 5832 1671 5890 κώμους.

1612 372 1897 430 mnum
1936 352 2011 432 ια’
2038 376 2443 434 manus.

3590 371 3695 426 6371

2119 493 2329 549 τοίνυν
2361 489 2442 557 τῷ
2474 491 2666 559 Κυρίῳ
2694 490 2762 543 ἐν
2791 491 2972 560 φόϐῳ,
3001 489 3098 544 καί
3127 487 3499 560 ἀγαλλιᾶσθε
3537 484 3698 553 αὐτῷ

2118 581 2189 634 ἐν
2222 584 2433 651 τρόμῳ.

2194 672 2383 726 Βούλει
2441 671 2656 745 τρυφῆς
2711 671 3046 737 ἀπολαύειν;
3101 670 3340 724 ἀπόλαυε
3399 672 3457 724 ὲν
3506 667 3696 742 οἰκίᾳ,

2120 759 2277 824 ὅπου,
2308 759 2411 813 κᾶν
2462 761 2599 831 μέθη
2630 760 2876 831 γένηται,
2912 758 3099 813 πολλοὶ
3129 761 3176 812 οί
3210 757 3654 829 περιστέλλοντες
3678 772 3695 788 ⁸

2124 848 2199 919 μὴ
2243 850 2302 901 ἐν
2347 850 2660 921 καπηλείῳ,
2711 848 2797 901 ἵνα
2854 849 2928 920 μὴ
2976 848 3153 902 κοινὸν
3197 844 3263 922 ᾖς
3314 847 3538 917 θέατρον
3584 850 3697 912 τοῖς

2120 935 2405 1007 παροῦσιά
2442 937 2536 989 καὶ
2566 936 2857 991 σκάνδαλον
2888 937 3118 1005 ἑτέροις.
3163 935 3274 989 Καὶ
3313 935 3483 989 ταῦτα
3516 934 3693 1003 λέγω,

2119 1022 2179 1073 οὐ
2219 1022 2456 1077 κελεύων
2474 1023 2610 1076 οίκοι
2644 1022 2882 1093 μεθύειν,
2917 1022 3032 1075 ἀλλ’
3066 1022 3124 1074 έν
3163 1020 3441 1091 καπηλείῳ
3474 1019 3547 1090 μὴ
3574 1020 3694 1073 διαο

2118 1108 2347 1180 τρίϐειν.
2401 1110 2684 1180 Ἐννόησον
2735 1111 2920 1180 ἡλίκος
2977 1110 3185 1178 γέλως,
3258 1107 3393 1179 μετὰ
3441 1107 3694 1178 τοιαύτην

2121 1197 2376 1263 σύνοδον,
2432 1198 2571 1268 μετά
2622 1198 2981 1268 παννυχίδας,
3040 1196 3179 1267 μετά
3233 1197 3271 1247 Γ
3277 1195 3466 1267 ραφῶν
3525 1195 3696 1265 ἁγίων

2119 1285 2401 1357 ἀκρόασιν,
2458 1284 2595 1356 μετά
2651 1286 2964 1356 μυστηρίων
3020 1283 3178 1337 θείων
3238 1283 3539 1347 κοινωνίαν,
3600 1283 3697 1337 καὶ

2122 1372 2260 1443 μετὰ
2285 1373 2664 1442 πνευματικὴν
2712 1372 2993 1443 χορηγίαν,
3028 1374 3198 1443 ἄνδρα
3256 1373 3287 1443 ἢ
3338 1374 3574 1441 γυναῖκα
3636 1371 3697 1426 ὲν

2117 1460 2400 1532 καπηλείῳ
2428 1459 2711 1530 φαίνεσθαι
2741 1460 3181 1532 διημερεύοντας.
3205 1462 3319 1514 Οὐκ
3339 1460 3512 1514 οἴδατε
3529 1460 3692 1532 ἡλίκη

2117 1550 2293 1601 κεῖται
2317 1548 2538 1611 κόλασις
2558 1550 2673 1612 τοῖς
2707 1547 3000 1619 μεθύουσι;
3031 1549 3130 1613 τῆς
3156 1548 3263 1620 γὰρ
3294 1548 3570 1618 βασιλείας
3598 1546 3692 1599 τοῦ

2116 1636 2252 1690 Θεοῦ
2298 1635 2668 1701 ἐκϐάλλονται,
2710 1637 2804 1691 καὶ
2836 1635 2944 1690 τῶν
2975 1636 3298 1708 ἀπορρήτων
3339 1637 3695 1690 ἐκπίπτουσιν

2117 1723 2359 1792 ἀγαθῶν,
2405 1724 2499 1777 καί⁵
2531 1725 2611 1787 είς
2643 1723 2704 1777 τὸ
2747 1723 2963 1777 αἰώνιον
3013 1722 3124 1797 πῦρ
3168 1723 3694 1798 ἐκπέμπονται-Τίς

2114 1810 2287 1866 ταῦτά
2315 1828 2512 1883 φησιν;
2540 1812 2599 1866 '0
2631 1811 2901 1883 μακάριος
2925 1812 3138 1876 Παῦλος
3159 1829 3171 1842 ·
3202 1815 3285 1866 Οὐ
3316 1811 3691 1876 πλεονέκται,

2115 1899 2303 1971 φησὶν,
2326 1903 2399 1954 οὐ
2408 1899 2682 1968 μέθυσοι,
2699 1902 2771 1953 οὐ
2793 1898 3078 1967 λοίδοροι,
3106 1901 3218 1968 οὐχ
3242 1898 3692 1969 ἅρπαγες-βασι-

2113 1988 2288 2041 λείαν
2305 1986 2454 2041 Θεοῦ
2474 1988 2546 2042 οὐ
2569 1984 3170 2055 κληρονομήσουσι.ἰ“
3177 1986 3191 2038 ί
3207 1986 3401 2055 γένοιτ’
3422 1985 3488 2038 ἂν
3504 1984 3697 2038 ἀθλιώ-

2112 2092 2269 2148 τερον
2300 2076 2391 2130 τοῦ
2425 2075 2733 2147 μεθύοντος,
2760 2076 2887 2129 ὅταν
2923 2073 3015 2128 διά
3043 2074 3247 2146 μικράν
3276 2074 3467 2144 ἡδονὴν
3496 2073 3696 2127 τοσαύ-

2113 2181 2214 2234 της
2242 2163 2480 2235 ἀπολέσῃ
2509 2162 2785 2234 βασιλείας
2816 2162 3149 2226 ἁπόλαυσιν;
3180 2162 3395 2215 Μᾶλλον
3420 2161 3541 2215 οὐδὲ
3567 2162 3693 2232 ἡδοο

2114 2252 2211 2322 νῆν
2257 2252 2286 2304 δ
2323 2250 2535 2321 μεθύων
2594 2249 2992 2321 καρπώσασθαι
3040 2249 3302 2302 δύναται·
3354 2251 3413 2302 ἐν
3466 2250 3574 2322 γὰρ
3625 2253 3691 2320 τῇ

2116 2339 2429 2410 συμμετρίᾳ
2464 2338 2533 2390 τά
2559 2338 2660 2407 τῆς
2692 2336 2905 2408 ἡδονῆς,
2938 2338 2996 2389 ὲν
3031 2337 3087 2391 δὲ
3120 2339 3184 2407 τῇ
3214 2336 3451 2408 ἀμετρία
3483 2337 3551 2390 τά
3593 2337 3694 2407 τῆς

2116 2426 2491 2497 ἀναισθησίας.
2537 2427 2596 2479 '0
2640 2426 2696 2479 δὲ
2740 2426 2839 2478 οὐκ
2866 2424 3254 2495 αίσθανόμενος
3288 2424 3391 2477 ποῦ
3437 2425 3690 2494 κάθηται,

2114 2513 2148 2584 ἢ
2196 2515 2537 2577 κατάκειται,
2594 2512 2713 2575 πῶς
2764 2511 2831 2567 ἂν
2878 2512 3119 2566 αἴσθοιτο
3159 2515 3257 2583 τῆς
3312 2512 3405 2565 τοῦ
3455 2512 3697 2581 πόματος

2115 2601 2328 2673 ἡδονῆς,
2374 2601 2508 2672 μηδὲ
2550 2600 2642 2654 τὸν
2685 2600 2836 2671 ἡλιον
2889 2599 3052 2653 αὐτὸν
3092 2600 3391 2670 δυνάμενος
3431 2601 3563 2670 ὁρᾷν
3608 2600 3697 2654 διὰ

2114 2688 2215 2757 τὴν
2245 2689 2458 2760 πυκνὴν
2498 2688 2599 2757 τῆς
2654 2688 2828 2759 μέθης
2869 2688 3120 2759 νεφέλην,
3173 2688 3290 2751 πῶς
3341 2688 3407 2742 ἂν
3452 2687 3698 2742 ἀπολαύ-

2118 2794 2260 2831 σειεν
2292 2777 2665 2849 εὐφροσύνης;
2710 2777 2963 2831 τοσοῦτον
3007 2778 3117 2848 γὰρ
3164 2777 3330 2831 αὑτοῦ
3376 2778 3437 2830 τὸ
3483 2779 3695 2840 σκότος,

2116 2865 2194 2929 ὡς
2228 2866 2305 2937 μὴ
2334 2866 2525 2938 ἀρκεῖν
2565 2865 2715 2934 αὐτῷ
2758 2867 2858 2930 τὰς
2905 2866 3131 2928 ἀκτῖνας
3185 2866 3263 2929 είς
3309 2864 3369 2917 τὸ
3418 2863 3578 2918 λῦσαι
3607 2865 3697 2931 τὸν

2117 2952 2280 3023 ζόφον
2306 2954 2532 3008 ἐκεῖνον.
2581 2954 2694 3006 Ἀεὶ
2731 2953 2864 3023 μὲν,
2901 2954 3194 3023 ἀγαπητοὶ,
3236 2953 3405 3007 κακὸν
3437 2954 3470 3024 ἡ
3520 2951 3696 3024 μέθη,

2121 3040 2357 3111 μάλιστα
2384 3041 2440 3096 δὲ
2463 3043 2521 3095 έν
2550 3040 2734 3113 ἡμέρᾳ
2756 3042 3069 3113 μαρτύρων.
3093 3041 3249 3095 Μετά
3266 3040 3374 3112 γὰρ
3397 3029 3496 3112 τ’ῆς
3521 3042 3700 3112 ἀμαρ-

2115 3130 2240 3194 τίας
2276 3129 2371 3183 καὶ
2417 3128 2573 3202 ὕϐρις
2600 3129 2717 3182 ἐστὶ
2758 3129 2988 3199 μεγίστη
3024 3129 3117 3182 καὶ
3145 3129 3559 3199 παραφροσύνη.
3601 3128 3697 3183 καὶ

2117 3216 2463 3283 ἑξουδένωσις
2495 3215 2656 3270 θείων
2687 3216 2904 3285 λογίων
2938 3216 3059 3270 ὅθεν
3088 3215 3251 3285 διπλῆ
3281 3216 3477 3284 γένοιτ’
3507 3216 3575 3271 ἀν
3603 3217 3699 3271 καὶ

2118 3308 2152 3378 ἡ
2185 3305 2425 3369 κόλασις.
2474 3306 2538 3359 Εί
2584 3305 2799 3376 μέλλεις
2830 3305 3043 3371 τοίνυν,
3080 3306 3160 3369 είς
3198 3305 3479 3377 μάρτυρας
3518 3321 3700 3378 παρα-

2116 3393 2426 3464 γενόμενος,
2470 3393 2608 3465 μετά
2645 3392 2743 3464 τὴν
2772 3392 3020 3447 ἐντεῦθεν
3064 3392 3408 3465 ἀναχώρησιν
3446 3392 3693 3462 μεθύειν,

2119 3481 2327 3554 βέλτιον
2378 3480 2517 3535 οἴκοι
2572 3480 2790 3551 μένειν,
2846 3480 2941 3535 καὶ
3007 3480 3082 3552 μὴ
3142 3482 3491 3551 ἀσχημονεῖν,
3562 3481 3695 3551 μηδὲ

2118 3568 2363 3642 ὑϐρίζειν
2398 3567 2506 3622 τῶν
2544 3568 2837 3641 μαρτύρων
2860 3569 2960 3638 τὴν
2992 3567 3206 3639 ἑορτὴν,
3242 3566 3375 3638 μηδὲ
3409 3568 3695 3620 σκανδαλί-

2118 3657 2233 3724 ζειν
2278 3657 2371 3711 τὸν
2408 3656 2666 3729 πλησίον,
2730 3656 2864 3728 μηδὲ
2915 3656 3223 3727 πολιορκεῖν
3276 3654 3375 3726 τὴν
3422 3654 3692 3719 διάνοιαν,

2121 3746 2259 3820 μηδὲ
2288 3748 2663 3819 ἁμαρτήματα
2688 3745 3055 3819 προστιθέναι,
3079 3741 3283 3809 Ἧλθες
3320 3746 3446 3798 ἰδεῖν
3483 3745 3697 3816 ἀνθρώ.

2119 3855 2253 3901 πους
2289 3837 2595 3909 ξεομένους,
2627 3836 2817 3907 αἵματι
2853 3836 3332 3908 περιρρεομένους,
3365 3837 3696 3906 τραυμάτων

2116 3925 2264 3998 χορῷ
2297 3923 2838 3995 καλλωπιζομένους,
2887 3923 2984 3994 τὴν
3031 3922 3315 3996 παροῦσαν
3346 3921 3695 3990 ἀποδυσαμέ-

2117 4032 2238 4078 νους
2273 4013 2440 4083 ζωὴν,
2484 4012 2622 4084 πρὸς
2649 4011 2749 4081 τὴν
2789 4010 3088 4081 μέλλουσαν
3135 4009 3463 4081 ίπταμένους
3486 4026 3499 4040 ο
3533 4009 3694 4079 γενοῦ

2116 4099 2225 4154 τῶν
2255 4100 2571 4169 ἀγωνιστῶν
2600 4098 2767 4164 ἀξιος.
2813 4097 3237 4170 Κατεφρόνησαν
3276 4098 3474 4152 ἐκεῖνοι
3507 4096 3653 4168 ζωῆς
3675 4137 3692 4163 ,

2118 4188 2528 4259 καταφρόνησον
2576 4188 2640 4241 σὺ
2682 4186 2897 4257 τρυφῆς
2924 4202 2938 4216 ο
2988 4185 3324 4240 ἀπεδύσαντο
3367 4187 3563 4238 ἐκεῖνοι
3600 4184 3696 4238 τὸν

2118 4277 2361 4347 παρόντα
2392 4275 2526 4345 βίον,
2550 4273 2815 4328 ἀπόδυσαι
2844 4275 2907 4327 σὺ
2936 4274 3038 4344 τῆς
3070 4273 3241 4345 μέθης
3270 4274 3359 4327 τὸν
3384 4273 3569 4327 πόθον.

2200 4364 2359 4419 Ἀλλὰ
2405 4363 2582 4435 βούλει
2625 4363 2868 4434 τρυφᾷν;
2914 4362 3196 4432 παράμενε
3226 4373 3249 4401 θ
3280 4361 3358 4431 τῷ
3396 4361 3554 4432 τάφῳ
3597 4360 3692 4413 τοῦ

2121 4453 2416 4525 μάρτυρος,
2442 4452 2598 4524 έκχεε
2625 4454 2805 4522 πηγὰς
2832 4451 3082 4523 δακρύων
3110 4452 3244 4515 ἐκεῖ,
3280 4449 3566 4521 σύντριψον
3594 4448 3693 4520 τὴν

2115 4536 2374 4601 διάνοιαν,
2406 4533 2537 4608 ἆρον
2563 4536 2814 4604 εὐλογίαν
2842 4535 2951 4589 ἀπὸ
2971 4534 3062 4587 τοῦ
3091 4533 3284 4601 τάφου·
3316 4531 3495 4584 λαϐὼν
3522 4532 3692 4601 αὐτὴν

2121 4624 2419 4695 συνήγορον
2438 4626 2495 4675 ὲν
2526 4624 2647 4685 ταῖς
2682 4623 2889 4691 εὐχαῖς,
2918 4619 3220 4691 ἐνδιάτριϐε
3249 4618 3336 4672 ἀεὶ⁸
3363 4621 3473 4682 τοῖς
3498 4618 3692 4691 διηγὴ-

2121 4728 2254 4783 μασι
2304 4710 2414 4764 τῶν
2460 4709 2852 4781 παλαισμάτων
2894 4708 3124 4760 ἐκείνου·
3176 4706 3544 4777 περιπλάκηθι
3592 4707 3692 4777 τὴν

2120 4800 2300 4872 σορὸν,
2331 4796 2711 4868 προσηλῶθητι
2750 4799 2817 4867 τῇ
2857 4795 3105 4865 λάρνακι’
3140 4793 3259 4862 οὐχὶ
3280 4794 3345 4847 τὰ
3369 4793 3503 4847 ὀστᾶ
3533 4793 3691 4863 μόνον

2116 4888 2227 4942 τῶν
2254 4887 2565 4960 μαρτύρων,
2595 4886 2731 4939 ἀλλά
2757 4885 2850 4937 καὶ
2870 4885 2919 4937 οί
2953 4885 3114 4952 τάφοι
3138 4883 3337 4945 αὐτῶν,
3368 4883 3461 4936 καὶ
3482 4885 3538 4936 αἱ
3562 4884 3692 4953 λάρ-

2116 4994 2283 5040 νακες
2312 4975 2513 5044 πολλὴν
2546 4973 2801 5045 βρύουσιν
2830 4971 3103 5041 εὐλογίαν.
3139 4971 3287 5026 Λάϐε
3315 4971 3492 5025 ἔλαιον
3513 4970 3688 5040 ἀγιον,

2117 5067 2210 5119 καὶ
2242 5062 2262 5104 τ
2297 5063 2626 5135 κατάχρισόν
2655 5079 2749 5114 σου
2772 5060 2893 5114 ὅλον
2919 5060 2978 5114 τὸ
3006 5059 3186 5131 σῶμα,
3216 5060 3315 5131 τὴν
3341 5060 3607 5127 γλῶτταν,
3624 5058 3693 5113 τὰ

2116 5154 2292 5224 χείλη,
2333 5153 2425 5205 τὸν
2467 5150 2755 5222 τράχηλον,
2782 5150 2907 5212 τοὺς
2934 5148 3276 5221 ὀφθαλμοὺς,
3310 5150 3402 5201 καὶ
3438 5148 3688 5201 οὐδέποτε

2117 5243 2331 5313 ἐμπεσῇ
2365 5242 2444 5304 εἰς
2472 5239 2532 5292 τὸ
2563 5238 2821 5308 ναυάγιον
2848 5239 2947 5311 τῆς
2970 5237 3162 5309 μέθης.
3185 5237 3258 5290 Τὸ
3284 5238 3392 5308 γὰρ
3415 5236 3590 5289 ἔλαιον
3606 5236 3692 5288 διά

2116 5331 2215 5399 τῆς
2251 5328 2399 5399 [670]
2433 5326 2661 5390 εὐωδίας
2695 5327 3100 5397 ἀναμιμνήσκει
3132 5341 3190 5377 σε
3237 5323 3344 5377 τῶν
3372 5323 3547 5377 ἄθλων
3583 5323 3694 5375 τῶν

2122 5416 2433 5491 μαρτύρων,
2465 5415 2563 5491 καῖ
2586 5416 2766 5469 πᾶσαν
2788 5413 3081 5469 ἀκολασίαν
3103 5412 3329 5483 χαλινοῖ,
3358 5412 3451 5465 καὶ
3473 5412 3694 5482 κατέχει

2179 5640 2206 5680 d
2230 5640 2422 5688 Coistin.
2447 5638 2545 5694 τοῖς
2561 5634 2828 5699 παριοῦσιν.

2186 5704 2209 5731 θ
2236 5701 2434 5749 Coislin.
2464 5693 2697 5759 περίμενε.
2728 5696 2850 5759 Infra
2870 5693 3227 5759 idem_a~né'm-ov2

2154 5796 2157 5801 .
2186 5761 2206 5800 ῐ
2232 5746 2433 5813 ιίέοὶέίίῆξ
2454 5746 2747 5811 λάϐέέλαιον
2768 5757 2865 5812 τοῖς
2885 5752 3127 5818 ὁμηλίκοις
3147 5749 3244 5799 καί.
3272 5749 3441 5800 Lectio
3465 5746 3577 5799 obsc
3588 5756 3691 5792 rva-

2122 5832 2175 5876 tu
2197 5824 2359 5886 digna,
