4088 6446
398 385 503 444 665

394 504 669 562 lasciviam
693 502 947 572 rell-enat,
979 514 1138 575 atque
1163 505 1215 560 in
1257 502 1422 558 multa
1445 501 1647 558 detinet
1687 500 1938 572 patientia
1965 542 1981 565 ,

395 598 667 667 animique
693 597 909 653 morbos
939 597 1708 669 expugnatNerumenimvero
1736 595 1787 649 in
1813 592 1984 647 hortis

393 691 600 744 versari
627 690 802 759 cupis,
830 690 882 745 in
913 691 1080 760 pratis
1103 730 1119 756 ,
1151 698 1205 745 et
1239 688 1548 744 viridariis?
1575 687 1653 759 Ne
1691 687 1803 757 jam
1832 686 1882 740 id
1895 685 1983 740 ‘fa-

394 778 533 844 cias,
561 793 683 834 cum
716 790 895 834 tantus
919 781 1094 836 adstat
1123 781 1370 851 populus,
1400 779 1494 835 sed
1526 779 1631 833 alio
1658 779 1744 835 die
1774 796 1787 832 :
1822 777 1984 833 hodie

392 886 628 943 namque
649 872 913 929 lucturum
942 881 1153 944 tempus
1181 883 1282 942 est,
1312 874 1469 929 hodie
1497 873 1858 944 Spectaculum
1901 880 1985 927 est

389 965 769 1031 certaminum,
800 980 907 1020 non
933 967 1246 1022 deliciarum
1278 977 1369 1022 aut
1395 967 1746 1037 voluptatum.
1779 965 1981 1021 Venisti

393 1054 517 1120 huc,
553 1072 658 1110 non
692 1066 747 1112 ut
780 1057 1008 1127 teipsum
1050 1059 1279 1130 pigritiae
1323 1058 1487 1115 dedas
1508 1100 1523 1125 ,
1560 1059 1653 1115 sed
1686 1067 1743 1114 ut
1772 1066 1983 1114 certare

390 1144 601 1209 discas,
632 1149 909 1216 pancratio
938 1150 1154 1206 vincere
1174 1192 1189 1217 ,
1219 1161 1274 1207 et
1300 1150 1461 1205 homo
1491 1166 1611 1205 cum
1638 1151 1714 1206 sis
1733 1190 1749 1217 ,
1776 1150 1984 1205 deamo-

389 1252 521 1291 nnm
569 1236 911 1294 invisibilium
942 1242 1084 1296 vires
1115 1241 1425 1313 infringere.
1454 1242 1624 1299 Nemo
1651 1242 1848 1314 quippe
1884 1258 1983 1299 ve-

390 1329 469 1382 nit
488 1328 557 1383 ad
589 1330 886 1399 palaestram
911 1373 928 1395 ,
960 1341 1018 1387 ut
1040 1332 1243 1389 deliciis
1274 1343 1460 1401 vacet,
1487 1349 1663 1406 neque
1691 1349 1813 1390 cum
1845 1345 1983 1390 tem-

390 1434 523 1490 pore
555 1423 818 1479 luctarum
840 1426 1114 1497 ingressus
1142 1427 1307 1483 fuerit
1334 1469 1350 1496 ,
1376 1428 1601 1485 formam
1626 1444 1776 1485 suam
1815 1445 1985 1485 exco-

389 1512 470 1578 lit,
515 1523 607 1569 aut
642 1530 762 1571 eum
804 1519 951 1573 acies
998 1519 1293 1575 ordinanda
1314 1529 1436 1588 est,
1466 1536 1684 1577 mensas
1729 1522 1981 1592 exquirit.

394 1605 474 1660 Ne
498 1607 660 1677 igitur
690 1617 744 1664 tu
771 1625 985 1682 quoque
1030 1627 1152 1668 cum
1200 1613 1267 1669 ad
1299 1615 1490 1671 anima:
1513 1614 1877 1671 fortitudinem
1918 1632 1984 1673 ac

388 1699 586 1752 tuentis
617 1699 853 1769 vigorem
884 1702 1231 1771 spectandum
1270 1704 1553 1761 adveneris
1574 1747 1589 1773 ,
1621 1707 1687 1762 ad
1720 1716 1981 1778 tropazum

388 1801 586 1844 navum
613 1799 667 1844 et
691 1791 1026 1861 admirabile,
1052 1809 1282 1866 pugnam
1308 1797 1636 1867 inusitatam,
1666 1799 1732 1853 ad
1758 1789 1981 1855 vulnera

391 1888 448 1932 et
498 1880 683 1948 praelia
708 1920 724 1946 ,
775 1889 830 1937 et
870 1886 1205 1952 pancratium
1245 1886 1515 1956 hominis,
1564 1904 1635 1944 ne
1677 1890 1981 1947 daemonum

390 1971 633 2025 actiones
680 1972 1006 2042 introducas,
1034 1987 1089 2032 et
1132 1987 1255 2047 post
1293 1981 1487 2035 mirum
1533 1990 1589 2036 et
1643 1983 1982 2041 tremendum

392 2060 496 2118 hoc
513 2065 873 2133 spectaculum
903 2067 1146 2124 ebrietati
1172 2084 1236 2126 ac
1259 2070 1463 2128 deliciis
1490 2072 1715 2145 teipsun‘t
1741 2074 1980 2146 addicas,

389 2152 486 2208 sed
510 2155 748 2212 collectis
775 2157 970 2214 animae
999 2161 1163 2216 lucris
1191 2161 1409 2219 domum
1446 2164 1639 2221 deinde
1667 2176 1937 2225 revertere
1959 2211 1976 2236 ,

386 2252 546 2312 atque
572 2245 687 2314 ipso
713 2248 788 2304 tui
816 2260 1112 2327 conspectu
1138 2261 1336 2310 testare
1355 2256 1603 2312 omnibus
1622 2272 1654 2312 a
1683 2268 1979 2331 martyrum

389 2341 446 2389 te
465 2339 772 2405 Spectacula
813 2340 1010 2398 redire.
1036 2342 1166 2399 Nam
1187 2346 1639 2416 quemadmodum
1659 2349 1801 2421 quia
1830 2351 1985 2407 thea-

1578 389 1643 447 [Ν
1683 392 1740 444 S.
1782 384 2123 443 JULIANUM
2162 384 2570 444 MABTYREM.

3581 390 3685 446 666

2095 499 2189 555 tris
2231 498 2580 566 descendunt,
2631 500 2786 557 facile
2830 501 3079 558 euntibus
3140 502 3511 567 innotescunt,
3566 517 3688 573 per-

2093 592 2307 658 turbati,
2325 592 2557 660 coufusi,
2577 593 2820 659 emolliti,
2846 602 2901 648 et
2925 608 3108 648 eorum
3137 608 3254 664 qua:
3279 593 3384 648 illic
3413 593 3545 647 facta
3564 604 3687 647 sunt

2089 684 2376 741 simulacra
2432 694 2702 756 gestantes
2737 686 2851 740 :ita
2899 694 2956 741 et
2998 700 3121 742 eum
3170 686 3259 755 qui
3298 700 3330 740 a
3381 684 3689 755 spectaculo

2092 786 2386 849 martyrum
2432 787 2770 846 revertatur,
2815 777 2971 833 facile
3021 780 3091 833 ab
3161 779 3409 833 omnibus
3476 788 3689 847 Oportet

2090 870 2308 939 agnosci
2351 885 2417 925 ex
2443 881 2683 941 aspectu,
2712 886 2780 926 ex
2811 871 2989 927 habitu
3011 915 3025 938 ,
3067 888 3134 927 ex
3180 871 3413 938 incessu,
3444 886 3512 927 ex
3538 885 3690 925 com-

2091 963 2400 1032 punctione,
2427 978 2493 1019 ex
2524 965 2717 1021 mentis
2742 965 2985 1021 collecta:
3011 965 3343 1034 attentione;
3374 966 3551 1037 ignem
3574 967 3689 1037 spi-

2094 1062 2301 1109 rantem
2326 1096 2341 1123 ,
2375 1055 2698 1124 modestum,
2724 1058 3033 1122 contritum,
3063 1057 3326 1123 sobrium,
3355 1059 3691 1129 vigilantem,

2091 1153 2147 1199 et
2168 1144 2479 1202 interiorem
2512 1149 2916 1218 temperantiam
2945 1164 3008 1204 ac
3031 1149 3419 1220 philosophiam
3447 1152 3688 1220 corporis

2092 1237 2331 1292 moribus
2352 1239 2738 1317 propalantem.
2754 1240 2844 1296 Sic
2860 1241 3019 1311 igitur
3036 1242 3102 1295 ad
3123 1243 3305 1298 urbem
3330 1251 3685 1308 revertamur,

2090 1342 2211 1384 cum
2242 1345 2305 1384 ea
2335 1346 2435 1400 qua
2461 1345 2556 1401 par
2572 1339 2653 1385 est
2680 1331 2961 1397 modestia,
2981 1348 3102 1388 cum
3126 1335 3338 1388 incessu
3363 1333 3683 1403 composito,

2091 1435 2213 1476 cum
2268 1421 2547 1491 prudentia
2593 1432 2647 1478 et
2689 1424 3050 1491 continentia,
3105 1441 3225 1480 cum
3276 1426 3487 1495 placido
3536 1434 3687 1480 tran-

2090 1511 2362 1582 quilloque
2376 1522 2618 1582 aspectu.
2643 1514 2869 1569 Amictus
2895 1515 3024 1568 enim
3056 1516 3184 1580 viri,
3206 1525 3251 1569 et
3276 1516 3407 1569 risus
3436 1515 3698 1582 dentium,’

2092 1612 2141 1657 et
2169 1604 2427 1674 ingressus
2452 1603 2671 1660 hominis
2695 1607 2975 1661 euumiabil
3021 1606 3084 1660 de
3123 1606 3214 1660 illo
3246 1606 3430 1680 (Eccli.
3454 1607 3541 1662 l9.
3562 1606 3685 1677 27).

2090 1697 2165 1755 lta
2205 1714 2473 1769 sempera
2518 1701 2843 1772 martyribus
2887 1710 3255 1770 revertamur,
3286 1702 3355 1757 ab
3402 1702 3688 1773 unguentis

2090 1790 2477 1861 spiritualibus,
2503 1806 2534 1845 a
2563 1792 2866 1848 caelestibus
2910 1793 3113 1864 pratis,
3156 1807 3187 1847 a
3232 1793 3386 1849 novis
3432 1795 3688 1864 mirisque

2089 1884 2429 1955 spectaculis,
2454 1895 2511 1941 ut
2535 1894 2590 1942 et
2612 1885 2713 1956 ipsi
2742 1886 2962 1942 multam
2990 1884 3297 1942 facilitatem
3323 1888 3682 1957 experiamur,

2090 1989 2145 2034 et
2187 1981 2397 2036 caeteris
2451 1980 2751 2037 libertatem
2802 1980 3170 2061 conciliemus,
3215 1994 3279 2035 ac
3325 1980 3499 2035 futura
3548 1980 3687 2035 bona

2089 2087 2511 2144 consequamur,
2564 2074 2735 2144 gratia
2786 2083 2842 2129 et
2880 2073 3208 2144 benignitate
3254 2072 3465 2127 Domini
3517 2073 3687 2127 nostri

2088 2168 2217 2224 Jesu
2242 2166 2461 2234 Christi,
2490 2182 2610 2223 cum
2631 2181 2739 2237 quo
2768 2166 2912 2222 Patri
2951 2166 3214 2237 simulque
3251 2163 3473 2236 Spiritui
3490 2165 3686 2220 Sancto

2090 2261 2274 2330 gloria,
2302 2259 2608 2331 imperium,
2629 2259 2822 2327 honor,
2847 2272 2987 2314 nunc
3011 2266 3067 2314 et
3090 2272 3323 2328 semper,
3342 2265 3396 2312 et
3418 2257 3471 2311 in
3491 2254 3686 2310 smcula

2088 2353 2433 2409 sa’culorum.
2462 2354 2654 2408 Amen.

1072 3037 1176 3102 AD
1207 3037 1588 3103 HOMILIAM
1613 3038 1695 3102 IN
1724 3038 2081 3102 SANCTUM
2116 3038 2503 3101 JULIANUM
2530 3040 2986 3105 MARTYREM.

401 3377 754 3437 confessione
791 3375 996 3432 Christi
1040 3390 1101 3432 se
1131 3374 1199 3432 ad
1234 3384 1544 3432 extremum
1574 3388 1750 3446 usque
1783 3370 2037 3444 spiritum
2075 3379 2552 3442 perseveraturum
2593 3374 2825 3443 diceret,
2861 3376 2917 3431 in
2958 3392 3179 3434 saccum
3219 3394 3385 3436 arena
3421 3390 3474 3437 et
3501 3396 3670 3438 vene-

401 3497 547 3552 natis
570 3495 856 3566 reptilibus
871 3493 1131 3551 refertum
1152 3494 1418 3559 inclusus,
1438 3499 1492 3550 In
1507 3509 1658 3550 mare
1678 3493 1951 3567 projectus
1966 3500 2069 3559 est,
2081 3503 2134 3547 et
2153 3492 2401 3563 martyrii
2425 3507 2682 3549 coronam
2704 3495 2953 3567 adeptus.
2971 3496 3254 3552 Postremo
3267 3497 3485 3553 additur
3503 3517 3516 3553 :
3537 3496 3673 3552 Τοῦ-

399 3625 496 3665 τον
526 3614 555 3666 ὁ
579 3613 751 3686 μέγας
783 3612 1165 3685 Χρυσόστομος
1202 3611 1500 3683 ἐγκωμίοις
1527 3610 1809 3683 ἐτίμησεν.
1836 3607 1981 3664 Hum

2089 3624 2247 3680 agnus
2282 3604 2691 3680 Chrysostomus
2716 3610 2963 3667 laudibus
2995 3613 3290 3668 exornavit.
3323 3611 3382 3669 ln
3409 3615 3673 3687 Catalogo

399 3735 724 3806 Augustano
757 3742 1022 3791 tractatus
1052 3733 1140 3789 hic
1168 3741 1252 3790 est
1276 3734 1469 3791 ordine
1503 3729 1943 3804 septuagesimus
1975 3740 1981 3785 I

2089 3730 2190 3798 ius,
2221 3731 2304 3795 εἰς
2338 3730 2432 3785 τὸν
2461 3730 2717 3805 μάρτυρα
2751 3730 3062 3789 Ἰουλιανόν.
3095 3731 3159 3785 Εἰ
3182 3732 3240 3784 ἐν
3261 3735 3329 3805 τῇ
3361 3735 3453 3804 γῇ.
3487 3732 3671 3790 Codex

399 3856 678 3916 Mediceus
707 3858 989 3930 praeﬁxum
1029 3858 1226 3915 habuit
1251 3858 1392 3916 diem
1426 3856 1478 3931 μ’
1530 3857 1735 3931 Ἰουνίῳ
1759 3862 1871 3914 καί.
1894 3856 1955 3913 1η
1983 3853 2282 3926 Horologio
2312 3870 2530 3927 quoque
2558 3853 2870 3912 Graecorum
2898 3856 3037 3928 apud
3080 3854 3312 3913 Usuardi
3342 3856 3671 3930 Martyrolo-

402 3973 552 4046 gium
587 3991 617 4031 a
660 3975 880 4034 Molano
910 3976 1139 4044 editum,
1167 3977 1233 4033 2|
1287 3976 1460 4046 Junii,
1496 3976 1840 4034 Sacrosancti
1878 3976 2140 4049 Martyris
2178 3976 2391 4033 Iuliani
2437 3978 2612 4032 Tarsi.
2652 3976 2913 4034 Diversus
2942 3986 3027 4034 est
3059 3978 3152 4034 hic
3186 3979 3256 4034 ab
3294 3978 3389 4034 illo
3428 3976 3672 4045 Juliano,

401 4094 565 4163 cujus
596 4096 657 4151 lit
708 4095 917 4151 mentio
966 4094 1022 4150 in
1055 4093 1359 4168 Menologio
1389 4097 1611 4168 vulgato
1640 4097 1894 4168 Antiquae
1919 4096 2195 4153 Lectionis
2220 4095 2286 4151 T.
2322 4095 2462 4151 Vill.
2492 4094 2682 4167 Neque
2704 4096 2851 4152 enim
2893 4097 2949 4152 in
2977 4095 3235 4168 Egypto,
3285 4096 3380 4153 sed
3406 4096 3460 4151 in
3481 4095 3671 4151 Cilicia

399 4219 601 4276 passus
634 4215 719 4262 est
746 4225 762 4262 :
798 4207 872 4263 ita
901 4216 963 4263 ut
990 4208 1131 4279 quod
1160 4208 1252 4265 ille
1281 4224 1310 4263 a
1340 4208 1733 4282 Chrysostomo
1761 4210 2018 4267 laudatus
2041 4210 2261 4277 dicitur,
2297 4210 2366 4266 ab
2397 4211 2500 4267 hoc
2525 4219 2715 4267 nostro
2744 4211 2812 4267 ad
2840 4211 2996 4266 illum
3021 4225 3304 4283 perperam
3340 4210 3667 4266 translatum

401 4318 577 4382 fuisse
616 4326 882 4385 videatur.
939 4332 1000 4385 In
1041 4330 1241 4388 Codice
1304 4330 1473 4404 Regio
1524 4332 1746 4389 Henrici
1798 4333 1867 4398 ll,
1914 4341 1971 4389 et
2024 4329 2289 4386 Bavarico
2330 4330 2413 4386 sic
2466 4330 2869 4387 inscribebatur
2920 4328 3011 4384 hic
3075 4336 3339 4386 tractatus
3380 4344 3394 4381 :
3429 4325 3524 4388 Εἰς
3574 4322 3669 4376 τὸν

398 4437 561 4506 ἅγιον
608 4439 1069 4514 μεγαλομάρτυρα
1116 4442 1426 4504 Ἰουλιανόν.
1478 4465 1499 4499 ι
1529 4443 1692 4502 Plura
1734 4445 1859 4503 vide
1894 4445 1951 4501 in

2089 4443 2146 4500 .is
2179 4442 2509 4501 Sanctorum
2550 4444 2800 4501 Bollandi
2827 4444 2896 4501 ad
2923 4442 3193 4500 decimam
3230 4449 3443 4500 sextam
3485 4437 3671 4499 Martii

399 4551 572 4608 diem.

478 4702 858 4777 Interpretatio
886 4705 1078 4764 Latina
1107 4715 1191 4765 est
1219 4706 1518 4766 Frontonis
1547 4708 1751 4767 Ducrei.

883 5306 1440 5386 LAUDATIO
1483 5311 1869 5389 SANCTI
1930 5270 2523 5395 MARTYRIS
2583 5318 3014 5395 JULIANI
3081 5302 3192 5392 (α).

1900 5475 2213 5542 W

455 5625 508 5681 i.
546 5624 601 5681 Sl
620 5623 754 5679 tales
775 5623 826 5679 in
854 5625 1009 5681 terris
1039 5627 1268 5681 honores
1292 5628 1615 5701 martyribus
1639 5628 1974 5694 deferuntur,

386 5723 661 5790 pastqnam
704 5716 1032 5773 excesserint
1081 5734 1149 5773 ex
1195 5718 1293 5773 hac
1333 5720 1469 5785 vita,
1525 5719 1708 5789 quales
1756 5734 1972 5777 coronae

445 5828 522 5894 (tt)
544 5828 841 5883 contulimus
857 5844 967 5883 cum
994 5839 1093 5895 Mss,
1121 5832 1280 5895 Regiis
1305 5831 1441 5893 1970,
1460 5832 1603 5893 ΜΣ),
1634 5841 1684 5884 et
1705 5833 1853 5885 25B.

2083 5634 2280 5690 sanctis
2310 5648 2495 5690 eorum
2528 5634 2791 5706 capitibus
2820 5635 2871 5691 in
2913 5634 3059 5690 carlis
3088 5634 3410 5690 nectuntur?
3452 5632 3497 5691 si
3537 5643 3676 5690 tanta
3747 5685 3760 5702 ,

2081 5735 2161 5781 est
2200 5736 2323 5782 ante
2365 5729 2810 5783 resurrectionem
2848 5728 3037 5798 gloria.
3065 5736 3295 5797 quantus
3328 5737 3451 5799 post
3492 5744 3677 5783 resur-

2085 5822 2375 5879 rectionem
2415 5823 2515 5880 erit
2544 5822 2827 5893 splendor?
2857 5823 2900 5879 si
2943 5831 3091 5881 tanto
3118 5838 3213 5881 eos
3246 5824 3493 5881 conservi
3526 5824 3672 5879 cultu
