4088 6446
510 366 612 423 667

504 481 825 553 dignantur,
866 494 1062 555 quanta
1108 499 1201 540 eos
1246 485 1502 539 Dominus
1539 484 1906 540 benevolentia
1948 497 2097 537 com-

508 575 810 646 plectetur?
839 579 883 632 si
914 594 1013 632 nos
1040 578 1164 632 mali
1195 593 1502 640 conservos,
1536 579 1625 649 qui
1655 586 1801 633 recte
1829 593 1887 633 se
1915 592 2101 648 gesse-

505 676 660 730 runt,
696 668 775 723 sic
823 670 1114 723 honoribus
1153 670 1368 725 afﬁcere
1408 670 1651 725 novimus
1688 686 1752 726 ac
1793 672 2098 740 susiiicere,

505 761 627 829 quia
666 775 762 829 pro
803 761 1017 816 Christo
1058 763 1434 829 decertarunt,
1485 773 1684 833 quanto
1729 763 1898 833 magis
1947 763 2101 818 Pater

503 859 689 905 noster
713 850 943 906 czelestis
970 851 1250 915 innumera
1283 854 1421 908 liena
1442 853 1589 909 dabit
1612 855 1696 920 iis,
1725 855 1814 925 qui
1852 870 1949 925 pro
1984 855 2101 926 ipso

503 939 716 994 labores
757 942 1137 997 exantlarunt?
1182 944 1275 997 Est
1322 946 1464 998 enim
1519 946 1801 1000 muniﬁcus
1843 956 1898 1001 et
1944 945 2098 1000 beni-

502 1044 676 1099 gnus;
712 1048 896 1087 verum
937 1046 1041 1087 non
1081 1034 1150 1088 ob
1184 1034 1282 1089 hoc
1312 1035 1483 1103 ipsum
1524 1037 1685 1090 modo
1725 1036 1967 1107 ingentes
2004 1052 2098 1090 eos

506 1123 739 1178 honores
768 1137 1022 1191 manent,
1065 1127 1157 1179 sed
1193 1127 1443 1196 quoniam
1481 1126 1696 1182 debitor
1725 1137 1804 1182 est
1836 1127 2099 1198 ipsorum.

502 1212 609 1268 Pro
638 1215 790 1270 nobis
817 1227 1077 1288 martyres
1116 1220 1327 1273 mactati
1361 1234 1466 1273 non
1497 1229 1641 1285 sunt,
1676 1228 1854 1275 tamen
1900 1222 1951 1275 in
1995 1221 2096 1275 ho-

507 1320 691 1360 norem
726 1307 934 1363 illorum
963 1309 1313 1364 convenimus
1343 1326 1357 1363 :
1398 1310 1543 1379 quod
1571 1310 1616 1365 si
1648 1325 1745 1364 nos
1771 1326 1868 1380 pro
1905 1312 2099 1381 quibus

505 1399 715 1453 mactati
746 1415 849 1453 non
878 1411 1022 1465 sunt,
1049 1402 1421 1467 Convenimus,
1445 1400 1712 1466 Christus,
1746 1417 1843 1472 pro
1870 1418 1976 1472 quo
2002 1418 2098 1458 sua

500 1489 670 1558 capita
697 1489 1051 1556 devoverunt,
1078 1492 1205 1562 quid
1233 1508 1338 1545 non
1365 1492 1680 1561 praestabit?
1714 1493 1757 1547 si
1779 1493 1972 1562 quibus
2009 1494 2095 1548 ni-

501 1580 575 1635 hil
597 1582 822 1637 debebat
850 1591 995 1638 tanta
1025 1585 1162 1640 bena
1189 1582 1355 1651 dedit,
1386 1583 1504 1651 hos,
1526 1583 1717 1652 quibus
1756 1584 1965 1639 debitor
1989 1593 2092 1651 est,

500 1673 692 1743 quibus
724 1673 882 1729 donis
925 1691 1030 1729 non
1078 1676 1548 1731 remunerahitur?
1576 1676 1716 1731 Nihil
1744 1686 1900 1732 antea
1930 1688 2096 1734 terra-

500 1781 620 1819 rum
674 1766 790 1821 orbi
857 1766 1127 1823 debebat:
1179 1766 1368 1823 Omnes
1418 1770 1554 1823 enim
1602 1782 1969 1841 peccaverunt,
2021 1774 2098 1828 ait

499 1856 732 1926 Paulus,
763 1870 810 1912 et
843 1868 986 1930 egent
1030 1861 1195 1930 gloria
1228 1861 1325 1914 Dei
1355 1862 1527 1932 (Rom.
1557 1862 1610 1917 5.
1638 1861 1774 1934 23):
1813 1864 1921 1920 itno
1964 1881 2096 1922 vero

503 1965 716 2018 pteuam
766 1966 829 2006 ac
867 1953 1183 2023 supplicium
1230 1954 1502 2021 debebat;
1552 1965 1919 2012 verumtamen
1971 1973 2092 2012 cum

504 2056 716 2110 pinnam
760 2043 912 2098 nobis
937 2058 1002 2099 ac
1026 2045 1347 2115 supplicium
1383 2045 1622 2114 deberet,
1652 2048 1814 2103 vitam
1839 2060 2093 2104 retentam

504 2131 724 2202 largitus
766 2143 871 2189 est.
919 2133 973 2190 Si
1012 2135 1205 2205 quibus
1254 2136 1411 2206 igitur
1454 2138 1777 2208 supplicium
1824 2138 2092 2206 debebat,

502 2221 585 2276 his
611 2238 830 2294 regnum
861 2224 1002 2280 dedit
1031 2243 1045 2280 :
1077 2226 1269 2296 quibus
1299 2228 1459 2282 vitam
1489 2237 1741 2283 :etcrnam
1760 2228 1940 2298 debet,
1968 2230 2095 2300 quid

500 2331 606 2370 non
647 2318 832 2372 dabit?
858 2319 1050 2390 quibus
1090 2335 1196 2374 non
1236 2336 1330 2376 eos
1360 2321 1652 2377 honoribus
1685 2324 2021 2379 cumulabit?
2048 2326 2093 2381 si

504 2424 600 2477 pro
624 2409 746 2475 illis,
787 2411 876 2481 qui
910 2411 1081 2480 ipsum
1130 2413 1390 2480 oderant,
1423 2415 1708 2471 crucifixus
1738 2425 1851 2481 est,
1893 2425 1947 2473 et
1972 2432 2095 2473 san-

499 2501 713 2571 guinem
745 2502 877 2558 fudit
907 2521 921 2556 :
952 2519 1050 2575 pro
1081 2505 1206 2567 illis,
1236 2506 1326 2576 qui
1356 2508 1670 2578 sanguinem
1703 2524 1799 2578 pro
1824 2508 1940 2578 ejus
1965 2525 2096 2565 con-

500 2595 731 2651 fessione
761 2597 1026 2662 fuderunt,
1069 2598 1193 2667 quid
1241 2613 1343 2652 non
1386 2599 1669 2666 perﬁciet?
1710 2600 1755 2655 si
1783 2610 2093 2658 aversantes

501 2701 566 2740 ac
608 2686 908 2742 resilientes
947 2688 1018 2741 ita
1046 2687 1232 2743 dilexit
1257 2698 1314 2743 ut
1356 2705 1449 2759 pro
1477 2690 1605 2758 ipsis
1635 2703 1952 2759 moreretur,
1999 2709 2092 2749 eos

498 2780 588 2849 qui
638 2794 885 2834 mensura
930 2780 1107 2850 ipsum
1169 2783 1397 2836 maxima
1449 2783 1783 2849 dilexerunt;
1838 2785 2093 2857 Majorem

499 2873 640 2925 enim
678 2872 773 2926 hac
823 2873 1138 2927 dilectionem
1184 2891 1330 2929 nemo
1373 2874 1554 2943 habet,
1602 2886 1656 2930 ut
1688 2879 1912 2932 animam
1947 2896 2093 2933 suam

502 2976 656 3033 ponat
683 2966 794 3038 quis
828 2985 920 3037 pro
950 2969 1124 3022 amicis
1151 2970 1256 3023 suis
1284 2968 1458 3040 (Joan.
1492 2971 1577 3025 15.
1608 2968 1719 3042 15),
1747 2980 1942 3042 quanta
1970 2987 2091 3028 sus-

495 3056 658 3126 cipiet
712 3059 1136 3115 benevolentia?
1186 3061 1379 3130 quibus
1436 3062 1629 3116 ofﬁciis
1695 3063 2091 3133 prosequetur?

501 3148 729 3205 Athletae
769 3150 985 3220 quidem
1027 3153 1377 3207 certaminum
1422 3163 1763 3208 externorum
1804 3155 1993 3210 eodem
2037 3155 2090 3211 in

496 3256 789 3300 scanninate
816 3245 1122 3313 decertant,
1150 3255 1205 3301 et
1245 3252 1499 3313 vincunt,
1525 3249 1755 3303 victores
1781 3249 2092 3304 renuntian-

500 3343 604 3401 tur,
628 3345 681 3389 et
709 3347 1035 3391 eoronantur
1073 3354 1086 3391 :
1136 3346 1190 3392 at
1224 3339 1307 3392 isti
1351 3337 1562 3408 pietatis
1592 3338 1807 3393 athlette
1846 3354 1952 3394 non
1979 3341 2086 3407 ita;

496 3426 591 3480 sed
623 3426 674 3480 in
720 3428 967 3496 prmscnti
1000 3428 1214 3498 quidem
1254 3429 1452 3505 smcolo
1485 3429 1781 3495 decertant,
1830 3429 1882 3482 iu
1913 3429 2091 3484 futuro

496 3529 672 3572 autem
709 3529 1036 3574 coronantur
1065 3537 1078 3574 :
1105 3531 1406 3591 pugnatum
1433 3519 1518 3575 hic
1543 3534 1663 3574 cum
1694 3520 1906 3575 diabolo
1932 3530 2091 3591 atque

499 3609 780 3678 vicerunt,
829 3610 937 3666 illic
984 3619 1164 3666 autem
1208 3611 1436 3666 victores
1481 3611 1876 3666 renuntiantur.
1922 3611 1988 3666 Et
2035 3619 2093 3666 ut

495 3724 616 3764 esse
656 3723 840 3764 verum
883 3709 1020 3763 istud
1065 3708 1392 3779 intelligatis,
1443 3723 1545 3764 nec
1590 3708 1709 3762 illos
1751 3708 1839 3763 hic
1875 3708 2093 3764 coronis

498 3802 710 3868 donari,
744 3817 928 3857 verum
962 3802 1069 3857 illic
1096 3802 1243 3872 ipsos
1281 3801 1459 3857 omnia
1494 3816 1711 3858 manere
1739 3802 1901 3870 dona,
1945 3801 2089 3858 Pau-

498 3894 607 3948 lutn
648 3893 913 3948 dicentem
951 3896 1152 3962 audite,
1180 3893 1383 3950 Bonum
1424 3905 1676 3950 certamen
1713 3897 1925 3965 certavi,
1968 3913 2089 3951 cur-

494 4000 609 4038 sum
637 3987 999 4052 consummari,
1022 3986 1173 4054 [idem
1201 3987 1391 4041 servavi
1415 4002 1434 4041 :
1471 3987 1525 4040 in
1554 3987 1744 4058 reliquo
1770 3988 1991 4057 reposita
2019 3996 2090 4041 est

500 4076 620 4132 mihi
648 4091 835 4131 corona
847 4079 1066 4148 justitia:
1084 4079 1161 4149 (2.
1187 4077 1319 4133 Tim.
1347 4080 1404 4134 4.
1433 4078 1485 4133 7.
1510 4080 1568 4150 8)
1602 4097 1614 4132 :
1657 4079 1744 4133 ubi
1771 4087 1823 4135 et
1842 4079 2090 4149 quando?

505 4170 668 4234 Quam
695 4169 867 4224 reddet
909 4170 1034 4224 mihi
1072 4170 1320 4225 Dominus
1358 4173 1413 4225 in
1453 4172 1544 4226 illa
1573 4171 1673 4238 die,
1692 4173 1866 4243 justus
1901 4173 2089 4244 judex.

496 4261 595 4317 llic
638 4264 894 4331 cucurrit,
938 4264 1046 4318 illic
1084 4275 1408 4329 coronatur;
1455 4265 1541 4319 hic
1586 4267 1743 4331 vicit,
1776 4267 1883 4322 illic
1920 4268 2091 4323 victor

497 4357 858 4412 renuntiatur.
886 4357 1124 4413 Audistis
1146 4358 1317 4427 ipsum
1343 4354 1502 4413 hodie
1530 4374 1742 4429 quoque
1767 4360 2087 4414 clamantem

497 4462 560 4502 ac
598 4448 864 4505 dicentem
897 4467 913 4505 :
957 4448 1120 4504 Juxta
1148 4450 1299 4520 ﬁdem
1339 4450 1561 4522 defuncti
1603 4461 1720 4505 sunt
1749 4467 1921 4506 omnes
1966 4453 2085 4518 isti,

505 4556 604 4593 non
644 4542 861 4611 acceptis
900 4542 1372 4614 repromissionibus
1395 4582 1411 4607 ,
1448 4541 1537 4596 sed
1574 4558 1607 4596 a
1645 4542 1791 4613 longe
1826 4558 1914 4596 eos
1952 4542 2093 4613 aspi-

498 4631 682 4686 cientes
708 4642 756 4687 et
784 4633 1063 4689 salutantes
1103 4632 1287 4706 (Hebr.
1321 4635 1409 4689 11.
1442 4632 1554 4708 l3).
1587 4633 1695 4690 Cur
1727 4635 1886 4705 igitur
1913 4644 2094 4691 exter-

501 4721 584 4775 nis
618 4723 831 4792 quidem
864 4741 928 4782 ac
974 4725 1210 4797 profanis
1248 4726 1464 4782 athletis
1506 4726 1668 4781 simul
1705 4726 1994 4782 obveniant
2036 4734 2093 4782 et

500 4813 734 4868 victoria:
762 4823 817 4870 et
839 4830 1073 4882 coronm,
1104 4818 1314 4887 pietatis
1343 4826 1523 4872 autem
1552 4817 1769 4872 athletis
1793 4832 1899 4871 non
1928 4816 2089 4873 simul

498 4914 553 4960 et
579 4904 815 4960 victoria:
857 4915 911 4961 et
936 4922 1169 4976 coronze,
1201 4908 1294 4964 sed
1337 4917 1543 4963 tantum
1566 4917 1687 4978 post
1717 4908 1972 4977 temporis
2001 4909 2088 4963 in-

502 4994 827 5052 tervallum?
866 4996 1155 5067 Sudarunt,
1196 4999 1406 5056 labores
1446 5000 1531 5055 hic
1564 4999 1939 5067 exantlarunt,
1970 5015 2091 5055 sex-

493 5097 649 5143 centa
682 5088 901 5143 vulnera
941 5100 1299 5159 exceperunt,
1340 5107 1440 5148 nec
1464 5092 1641 5147 statim
1682 5092 1761 5147 eis
1798 5091 2092 5147 obveniunt

492 5178 748 5235 coronas?
790 5178 1132 5251 Nequaquam
1153 5222 1167 5247 ,
1199 5182 1369 5252 inquit
1399 5201 1413 5238 :
1445 5200 1553 5238 non
1592 5185 1736 5239 enim
1780 5184 1901 5239 vitte
1946 5198 2088 5254 prte-

495 5273 666 5327 sentis
704 5281 891 5326 natura
918 5273 1336 5342 magnitudinem
1372 5273 1591 5331 honoris
1620 5276 1758 5332 illius
1785 5275 1927 5345 capit
1957 5292 1971 5329 :
2001 5290 2089 5331 ca-

495 5362 688 5417 ducum
735 5372 818 5418 est
855 5363 1110 5419 satculum
1151 5379 1426 5434 prmsens,
1472 5382 1535 5421 ac
1578 5366 1775 5435 breve;
1825 5367 2089 5422 inﬁnitum

492 5453 645 5521 illud,
677 5455 977 5512 immortale
1024 5466 1078 5512 et
1097 5465 1377 5511 aeternum.

568 5545 907 5618 Temporauei
935 5550 1131 5606 labores
1166 5566 1380 5606 coronas
1417 5550 1641 5619 referunt
1685 5550 2094 5604 immortales.—

499 5636 790 5704 Propterea
833 5640 1042 5698 labores
1083 5643 1297 5713 quidem
1326 5658 1447 5698 cum
1479 5641 1627 5696 brevi
1667 5656 1731 5697 ac
1770 5642 2092 5710 temlorar‘o

500 5727 699 5781 sarculo
739 5730 841 5783 isto
865 5737 1176 5803 contremit,
1220 5750 1448 5791 coronas
1477 5743 1653 5789 autem
1701 5743 1902 5788 attcrno
1931 5742 2093 5803 atque

506 5819 788 5875 immortali
829 5827 1142 5894 reservavit,
1170 5836 1224 5884 ut
1263 5837 1314 5883 ct
1346 5827 1588 5883 laborum
1620 5825 1861 5881 molestia
1895 5825 2086 5895 pracci-

1270 369 1327 426 S.
1369 368 1649 426 JOANNIS
1677 362 2150 424 CllRYSOSTOMl
2190 363 2508 420 ARClllEP.
2551 366 3087 426 CUNSTANTINOP.

3689 378 3784 437 668

2209 479 2406 545 datur,
2453 497 2573 551 qua:
2602 498 2725 537 cum
2772 485 3029 554 temporis
3072 485 3330 542 brevitate
3374 485 3711 561 dissolvatur,
3734 508 3786 553 et

2210 573 2463 641 perennis
2499 588 2564 628 ac
2610 586 2896 645 perpetuus
2931 590 3250 630 coronarum
3297 593 3425 633 usus
3465 593 3777 651 permaneat,

2207 666 2296 735 qui
2334 681 2437 720 una
2468 682 2590 721 cum
2635 667 2964 723 inﬁnitarum
2995 670 3312 725 surculorum
3343 672 3555 727 illorum
3582 675 3771 731 immor.

2210 761 2409 814 talitate
2469 761 2741 830 perduret.
2781 763 2933 829 Quod
2993 764 3153 832 igitur
3206 765 3496 833 majoribus
3552 782 3645 823 eos
3695 770 3775 824 ho-

2208 852 2430 908 noribus
2459 867 2652 910 ornare
2689 856 2872 920 vellet,
2904 871 3099 912 munus
3121 856 3327 913 distulit
3355 876 3369 914 :
3401 874 3502 915 nec
3528 860 3647 916 ideo
3676 873 3775 917 tan-

2210 954 2319 996 tum
2344 984 2359 1008 ,
2402 943 2497 999 scd
2539 953 2595 998 ut
2633 960 2760 1014 pura
2803 945 3053 1018 deinceps
3094 948 3367 1020 voluptate
3395 951 3775 1020 perfundantur.

2207 1034 2340 1089 Nam
2380 1038 2833 1106 quemadmodum
2876 1039 2947 1107 is,
2985 1041 3077 1111 qui
3132 1042 3279 1112 prius
3326 1042 3532 1099 deliciis
3560 1061 3622 1101 ac
3648 1048 3778 1101 voln-

2210 1128 2443 1197 ptatibus
2469 1128 2683 1196 fruitur,
2708 1146 2771 1186 ac
2810 1129 3003 1186 deinde
3032 1133 3307 1188 vexandus
3341 1143 3456 1201 est,
3508 1149 3778 1205 pmsentes
3864 1168 3875 1181 -

2206 1220 2424 1275 delicias
2466 1221 2537 1276 ob
2567 1221 2861 1277 futurorum
2904 1224 3168 1279 malorum
3207 1228 3655 1296 exspectationem
3691 1230 3777 1284 mi-

2207 1311 2351 1367 nime
2375 1314 2575 1367 sentit:
2613 1316 2695 1369 sic
2722 1314 2810 1370 ille
2840 1316 2927 1385 qni
2957 1315 3103 1386 prius
3131 1327 3329 1387 pugnat
3356 1333 3418 1374 ae
3442 1318 3704 1387 decertat,
3727 1330 3775 1377 et

2205 1414 2457 1458 sexcenta
2489 1406 2626 1459 mala
2672 1405 2881 1470 tolerat,
2916 1405 3111 1463 deinde
3154 1423 3282 1463 vero
3320 1422 3625 1477 coronatur,
3655 1427 3774 1481 prae-

2204 1496 2436 1552 sentium
2480 1499 2742 1554 malorum
2790 1514 3008 1555 sensum
3056 1515 3163 1556 non
3209 1503 3371 1572 capit,
3418 1502 3547 1558 dum
3590 1504 3773 1561 futuro-

2203 1603 2322 1643 rum
2349 1588 2611 1645 bonorum
2640 1605 2737 1662 spe
2773 1601 3066 1648 recreatur.
3091 1592 3276 1663 Neque
3302 1609 3433 1650 vero
3462 1594 3643 1651 labore
3671 1605 3772 1651 tau-

2203 1688 2315 1735 tum
2352 1696 2446 1737 eos
2474 1685 2724 1753 praesenti
2763 1699 2856 1752 per
2883 1685 3020 1741 hanc
3062 1684 3359 1742 futurorum
3385 1702 3538 1759 spem
3577 1688 3769 1757 levavit,

2202 1774 2298 1829 sed
2335 1777 2494 1830 etiam
2524 1776 2667 1846 quod
2706 1776 2964 1843 olfecerit,
3007 1787 3067 1832 ut
3109 1778 3296 1834 ordine
3324 1780 3476 1851 prior
3520 1780 3771 1851 voluptate

2201 1875 2346 1921 esset
2373 1864 2635 1922 afflictio:
2685 1883 2754 1923 ne
2790 1867 3137 1925 vehementer
3162 1884 3193 1924 a
3233 1872 3587 1940 praesentibus
3611 1873 3767 1939 malis,

2202 1955 2328 2010 dum
2354 1956 2421 2011 ad
2451 1957 2540 2012 illa
2570 1958 2862 2028 respiciunt
2890 1969 3259 2030 torqueantur.
3282 1962 3370 2018 Sic
3388 1962 3667 2033 illi‘etiam,
3691 1966 3772 2036 qui

2164 2047 2496 2135 \pugilatum
2541 2056 2786 2116 certant,
2818 2051 3066 2107 alacriter
3101 2053 3320 2109 vulnera
3345 2055 3651 2125 excipiunt,
3674 2071 3771 2111 non

2201 2140 2437 2206 dolores,
2469 2140 2566 2197 sed
2595 2156 2850 2198 coronam
2895 2152 3199 2213 spectantes
3224 2161 3239 2211 ;
3271 2146 3348 2201 sic
3375 2156 3432 2203 et
3463 2158 3634 2204 nautzc
3659 2164 3769 2204 sex-

2202 2240 2357 2286 centa
2396 2232 2630 2302 pericula
2660 2233 2951 2290 subeuntes
2976 2275 2992 2302 ,
3036 2244 3418 2306 tempestates,
3449 2247 3503 2294 et
3541 2238 3769 2294 infestum

2202 2321 2471 2393 quoddam
2512 2323 2734 2391 bellum,
2774 2339 2839 2380 ae
2881 2326 3039 2380 smvis
3068 2341 3129 2383 se
3166 2327 3379 2395 belluis,
3420 2338 3480 2385 et
3505 2330 3771 2400 grassanti-

2200 2414 2299 2470 bus
2344 2414 2397 2468 in
2425 2415 2585 2469 .mari
2636 2404 2981 2484 pradonibus
3024 2416 3374 2488 objicientes,
3422 2420 3556 2476 nihil
3596 2420 3767 2477 horum

2202 2514 2381 2562 mente
2408 2515 2645 2576 versant,
2674 2507 2769 2563 sed
2812 2507 2878 2563 ad
2909 2518 3097 2581 portus
3124 2523 3188 2563 ac
3212 2508 3425 2566 divitias
3456 2527 3523 2567 ex
3550 2512 3766 2583 negotia-

2201 2602 2347 2656 tione
2392 2600 2720 2671 colligendas
2773 2603 3106 2672 respiciunt:
3149 2604 3222 2659 ita
3258 2613 3311 2660 et
3362 2615 3625 2678 martyres
3664 2622 3769 2662 sex-

2199 2702 2353 2748 centa
2383 2694 2519 2748 mala
2547 2694 2854 2759 tolerantes,
2896 2710 3124 2766 corpore
3160 2696 3320 2752 variis
3347 2700 3626 2755 tormentis
3650 2713 3766 2754 con-

2199 2786 2332 2848 ciso,
2379 2786 2509 2840 nihil
2555 2787 2777 2841 istorum
2826 2788 3165 2855 spectabant,
3213 2789 3305 2845 sed
3332 2790 3469 2845 caelo
3506 2800 3560 2847 et
3600 2791 3765 2855 bonis,

2199 2892 2317 2947 qua:
2357 2876 2480 2932 inde
2508 2888 2809 2947 sperantur,
2858 2879 3152 2934 inhiab..nt.
3181 2881 3358 2949 Atque
3400 2891 3461 2936 ut
3487 2881 3767 2950 intelligatis

2198 2983 2281 3034 ea,
2327 2983 2445 3039 quae
2475 2978 2660 3023 natura
2706 2983 2799 3024 sua
2837 2969 3018 3039 gravia
3057 2978 3183 3025 sunt
3219 2979 3274 3026 et
3301 2971 3651 3039 intoleranda,
3684 2986 3766 3042 spe

2197 3061 2496 3117 futurorttm
2526 3062 2659 3118 levia
2687 3061 2835 3117 reddi
2864 3078 2931 3118 ac
2965 3062 3235 3129 facillima,
3268 3066 3574 3134 praefectum
3602 3064 3763 3120 talium

2198 3157 2458 3212 bonorum
2490 3156 2755 3211 dicentem
2784 3156 2965 3212 audite
2993 3172 3006 3208 :
3036 3154 3103 3209 Id
3143 3157 3276 3210 enim
3301 3158 3438 3227 quod
3476 3159 3529 3211 in
3557 3154 3766 3229 pra-senti

2196 3257 2271 3302 est
2313 3254 2713 3302 momentarieum
2751 3256 2799 3301 et
2841 3248 2945 3301 leve
2987 3245 3323 3302 tribulationis
3371 3258 3587 3315 nostrae,
3626 3260 3765 3316 supra

2197 3339 2402 3394 modum
2428 3339 2481 3394 in
2509 3338 2812 3394 sublimitate
2838 3348 3083 3393 teternum
3123 3337 3302 3409 gloria:
3326 3340 3529 3409 pondus
3554 3347 3765 3409 aperatur

2196 3432 2338 3486 nobis
2362 3430 2441 3501 (2.
2472 3429 2591 3485 Cor.
2622 3431 2675 3485 4.
2705 3431 2814 3498 l7).
2847 3429 2964 3496 Quo
2992 3429 3204 3484 tandem
3234 3439 3387 3499 pacto
3410 3431 3633 3501 quaeso?
3657 3428 3763 3483 Non

2197 3519 2652 3591 contemplantibus
2694 3520 2834 3575 nobis
2860 3535 2972 3591 qua:
3017 3521 3265 3588 videntur,
3295 3520 3386 3575 sed
3426 3536 3544 3592 qua:
3586 3537 3679 3576 non
3702 3519 3766 3572 vim

2197 3614 2380 3669 dentur
2417 3612 2525 3687 (Ib.
2553 3630 2602 3668 υ.
2633 3612 2743 3684 l8).

2267 3706 2324 3760 2.
2367 3705 2492 3760 llaec
2526 3715 2706 3760 autem
2752 3718 2857 3759 non
2904 3703 3000 3759 abs
3045 3719 3106 3758 re
3148 3702 3288 3759 dicta
3333 3712 3461 3758 sunt
3487 3718 3517 3758 a
3544 3717 3645 3766 me,
3682 3698 3764 3755 sed

2197 3805 2418 3869 propter
2459 3811 2576 3861 vos,
2626 3803 2683 3849 ut
2719 3809 2841 3849 eam
2881 3794 3110 3864 aliquem
3151 3794 3204 3847 in
3240 3792 3341 3849 hac
3364 3794 3474 3848 vita
3500 3791 3689 3848 deliciis
3712 3802 3765 3843 ac

2196 3889 2553 3960 voluptatibus
2577 3887 2931 3958 perfrueotem
2951 3886 3210 3952 videritis,
3228 3885 3322 3941 sed
3352 3885 3467 3941 illic
3483 3892 3655 3957 postea
3678 3896 3763 3952 pu-

2197 3982 2472 4047 niendum,
2491 3995 2597 4035 non
2618 3995 2739 4036 eum
2754 3988 2971 4050 propter
3000 3986 3290 4048 praesentes
3318 3976 3538 4033 delicias
3554 3977 3762 4037 beatum.

2195 4077 2291 4132 sed
2322 4083 2538 4146 propter
2566 4072 2804 4128 futurum
2832 4071 3150 4142 supplicium
3187 4069 3439 4125 miserum
3470 4066 3762 4140 praedicetis.

2198 4170 2431 4225 Rursum
2464 4167 2552 4223 ubi
2574 4165 2877 4236 quempiam
2901 4178 3108 4226 eorum,
3134 4162 3227 4233 qui
3251 4163 3420 4216 multo
3444 4163 3556 4217 illic
3583 4162 3765 4215 honore

2197 4261 2485 4319 decorandi
2532 4268 2679 4326 sunt,
2723 4257 3010 4312 afllictione
3035 4271 3100 4312 ac
3127 4254 3486 4321 tribulatione,
3517 4263 3666 4325 atque
3689 4251 3762 4305 in-

2200 4354 2436 4410 numeris
2462 4351 2614 4407 malis
2644 4351 2696 4405 in
2719 4350 2819 4404 hac
2839 4347 3113 4419 temporali
3137 4347 3239 4401 vita
3266 4346 3507 4402 viderltis
3530 4341 3761 4399 obsideri.

2205 4461 2274 4502 ne
2320 4452 2540 4515 prOpter
2582 4441 2865 4510 praesentia
2907 4439 3047 4495 mala
3093 4438 3401 4508 deploretis,
3446 4437 3542 4494 sed
3581 4436 3763 4490 felicem

2191 4535 2442 4608 judicetis
2469 4550 2532 4589 ac
2556 4534 2768 4589 beatum
2795 4540 3014 4603 prOpter
3041 4518 3433 4601 repositas‘ipsi
3478 4529 3530 4583 in
3571 4523 3766 4581 inﬁnitis

2199 4630 2303 4685 illis
2332 4628 2543 4685 smculis
2584 4641 2812 4682 coronas
2837 4623 3118 4680 censeatis.
3161 4622 3315 4678 llunc
3341 4621 3522 4692 itaque
3546 4628 3761 4675 sanctum

2196 4721 2422 4777 Cilicum
2467 4718 2614 4773 natio
2659 4718 2795 4781 tulit,
2844 4730 2966 4786 qua:
3005 4714 3228 4771 Paulum
3276 4714 3437 4769 etiam
3471 4712 3619 4767 tulit:
3648 4706 3762 4762 civis

2197 4816 2340 4872 enim
2371 4815 2510 4869 illius
2537 4812 2654 4879 fuit,
2681 4821 2735 4868 et
2763 4819 2984 4879 uterque
3008 4807 3164 4864 nobis
3189 4806 3313 4863 inde
3329 4806 3571 4861 minister
3599 4798 3763 4857 Eccle-

2198 4909 2292 4965 siae
2323 4907 2537 4978 prodiit.

2270 4999 2580 5053 Diuturnum
2619 4995 2821 5051 Iuliani
2862 4992 3259 5064 martyrium.-—-
3278 4990 3561 5059 Postquam
3605 4991 3760 5038 autem

2200 5090 2413 5163 pietatis
2442 5097 2684 5159 apertum
2711 5096 2793 5142 est
2821 5085 3067 5149 stadium,
3103 5092 3155 5137 et
3180 5083 3246 5139 ad
3268 5081 3556 5138 certamina
3579 5083 3762 5143 tempus

2199 5185 2370 5255 ipsum
2416 5182 2645 5248 vocavit,
2698 5180 2750 5234 in
2799 5192 2994 5234 saivam
3035 5175 3222 5231 incidit
3248 5174 3498 5239 belluam,
3524 5184 3636 5241 quae
3662 5174 3759 5264 tum

2193 5274 2448 5345 judicium
2472 5270 2774 5327 exercebat.
2798 5270 2875 5323 Ae
2899 5266 3073 5323 videte
3092 5273 3451 5321 commentum
3471 5281 3487 5316 :
3506 5274 3618 5317 cum
3634 5264 3759 5311 enim

2198 5382 2321 5423 eum
2356 5364 2477 5419 forti
2505 5363 2684 5418 animo
2715 5360 2992 5431 praeditum
3021 5357 3246 5421 videret,
3277 5370 3450 5425 neque
3474 5364 3623 5424 posse
3646 5359 3757 5412 sup-

2200 5458 2339 5529 plicii
2375 5455 2710 5511 vehementia
2744 5452 2968 5524 rigidum
2998 5450 3126 5505 illud
3161 5447 3326 5505 animi
3356 5448 3515 5504 robur
3544 5435 3755 5540 infringi,

2199 5550 2249 5604 in
2280 5546 2785 5618 procrastinationes
2821 5544 2965 5597 illum
2994 5540 3225 5612 ‘eonjicit
3261 5555 3323 5595 ac
3361 5538 3645 5594 dilationes.
3676 5538 3756 5629 in-

2201 5640 2484 5696 troducens
2513 5636 2799 5692 identidem
2847 5645 2901 5690 et
2947 5634 3201 5689 edocens.
3234 5632 3350 5688 Non
3376 5632 3514 5687 enim
3540 5640 3637 5682 uno
3661 5619 3755 5720 die.

2200 5750 2321 5790 cum
2350 5732 2606 5797 audisset,
2642 5730 2712 5784 illi
2740 5737 2899 5798 caput
2922 5727 3163 5792 abscidit,
3198 5741 3266 5781 ne
3289 5721 3526 5793 supplicii
3549 5718 3753 5806 brevitas

2206 5824 2492 5884 faciliorem
2522 5821 2596 5876 illi
2638 5834 2851 5875 cursum
2899 5817 3178 5883 redderet;
3223 5815 3314 5872 sed
3345 5813 3529 5870 diebus
3563 5799 3753 5874 δίιιιωδ
