4088 6446
412 395 525 451 ⁷667

426 512 579 584 παρά
606 512 699 567 τοῦ
739 513 1013 569 Δεσπότου
1034 515 1134 587 τῆς
1167 517 1415 587 εὐνοίας;
1445 521 1494 573 εἰ
1520 520 1682 591 ἡμεῖς
1701 522 1751 574 οί
1773 522 2003 593 πονηροὶ

422 596 646 667 οἴδαμεν
662 598 790 662 τοὺς
803 600 1200 672 κατορθοῦντας
1224 602 1331 656 τῶν
1353 604 1654 658 συνδούλων
1679 603 1824 659 οὕτω
1838 605 2005 676 τιμᾷν

422 682 518 734 καὶ
552 681 972 752 ἐκπλήττεσθαι,
997 686 1185 757 ἐπειδὴ
1212 687 1353 759 ὑπὲρ
1376 687 1615 758 Χριστοῦ
1644 688 2000 757 ἠγωνίσαντο·

422 764 577 834 πόσῳ
611 765 814 833 μᾶλλον
839 769 867 820 ό
901 768 1092 840 Πατὴρ
1124 769 1282 840 ήμῶν
1301 773 1329 824 ό
1353 770 1607 843 οὐράνιος
1643 771 1807 825 δώσει
1833 771 2005 844 μυρία

419 847 602 916 ἀγαθά
624 851 737 913 τοῖς
754 850 893 922 ὑπὲρ
916 851 1081 927 αὐτοῦ
1103 854 1475 924 πεπονηκόσι;
1504 856 1616 909 Καὶ
1634 855 1746 927 γὰρ
1772 855 2005 927 μεγαλό-

418 932 593 1003 δωρός
620 935 737 986 ἐστι
775 936 870 988 καὶ
895 935 1300 1007 φιλάνθρωπος
1335 938 1453 992 ἀλλ’
1484 939 1544 992 οὐ
1584 939 1653 993 δι’
1686 940 1820 994 αὐτὸ
1842 939 2002 994 τοῦτο

423 1017 678 1086 μένουσιν
708 1017 908 1080 αὐτοὺς
940 1020 1177 1088 μεγάλαι
1197 1022 1254 1075 at
1282 1022 1464 1093 τιμαὶ,
1495 1022 1612 1077 ἀλλ’
1635 1024 1717 1077 ὅτι
1738 1024 1832 1078 καὶ
1851 1025 2003 1093 ὀφει-

418 1099 580 1171 λέτης
616 1100 766 1155 ἐστὶν
810 1102 1009 1158 αὐτῶν.
1060 1105 1174 1158 Οὐκ
1208 1106 1527 1177 ἐσφάγησαν
1571 1107 1714 1180 ὑπὲρ
1757 1108 1913 1179 ήμῶν
1950 1109 1999 1161 οί

419 1187 722 1258 μάρτυρες,
746 1188 841 1240 καὶ
865 1188 1015 1258 ὅμως
1045 1188 1409 1261 συντρέχομεν
1441 1192 1523 1255 εἰς
1550 1190 1649 1263 τὴν
1670 1190 1895 1245 ἐκείνων
1919 1210 2001 1246 τι-

418 1271 548 1342 μήν.
581 1271 644 1324 Εἰ
676 1271 734 1324 δὲ
765 1273 946 1342 ἡμεῖς,
978 1271 1123 1343 ὑπὲρ
1153 1266 1227 1326 ὧν
1253 1274 1355 1328 οὐκ
1396 1274 1738 1345 ἐσφάγησαν,
1775 1276 2000 1348 συντρέ-

412 1372 606 1425 χομεν,
642 1357 670 1408 ό
696 1354 952 1427 Χριστὸς,
986 1356 1128 1427 ὑπὲρ
1160 1352 1222 1410 οὗ
1243 1356 1345 1421 τὰς
1374 1358 1618 1427 κεφαλὰς
1638 1358 1923 1423 ἀπέθεντο,
1945 1360 1999 1413 τί

411 1438 476 1491 οὐ
524 1439 775 1510 ποιήσει;
827 1441 875 1492 εί
918 1434 999 1505 οἷς
1055 1440 1222 1511 μηδὲν
1252 1440 1477 1511 ὤφειλε,
1515 1442 1754 1497 τοσαῦτα
1798 1444 2000 1498 ἔδωκεν

411 1522 614 1591 ἀγαθὰ,
638 1521 884 1586 τούτους,
909 1517 991 1587 οἷς
1018 1522 1305 1596 ὀφειλέτης
1327 1524 1465 1589 ἐστὶ,
1494 1524 1694 1590 πόσαις
1715 1527 1815 1581 οὐκ
1836 1526 1997 1597 ἀμεί-

410 1611 575 1682 ψεται
604 1612 875 1682 δωρεαῖς;
910 1611 1076 1665 Οὐδὲν
1125 1610 1324 1682 ὤφειλε
1353 1614 1462 1686 πρὸ
1486 1613 1679 1668 τούτου
1711 1619 1778 1688 τῇ
1813 1618 1995 1670 οἰκου-

414 1696 575 1769 μένῃο
624 1694 855 1761 Πάντες
934 1696 1048 1764 γὰρ
1097 1695 1401 1765 ἥμαρτον,
1444 1696 1579 1769 φησί
1619 1698 1850 1762 Παῦλος,
1895 1699 1994 1753 καὶ

409 1778 808 1846 ὑστεροῦνται
822 1777 934 1847 τῆς
952 1777 1142 1847 δόξης
1168 1780 1274 1835 τοῦ
1296 1781 1465 1836 Θεοῦ·
1488 1781 1690 1853 μᾶλλον
1716 1782 1772 1836 δὲ
1796 1782 1994 1852 ὤφειλε

410 1862 633 1917 κόλασιν
651 1860 744 1914 καὶ
759 1859 1047 1931 τιμωρίανο
1066 1861 1179 1915 ἀλλ’
1196 1863 1348 1934 ὅμως
1370 1863 1594 1919 κόλασιν
1610 1865 1741 1936 ἡμῖν
1766 1864 1995 1934 ὀφείλων

411 1947 509 2000 καί⁸
539 1946 833 2016 τιμωρίαν,
867 1943 1014 2014 ζωὴν
1042 1945 1261 2001 αἰώνιον
1282 1947 1594 2019 ἐχαρίσατο.
1616 1949 1678 2003 Εἰ
1700 1947 1882 2002 τοίνυν
1912 1943 1995 2013 οἷς

411 2030 638 2083 κόλασιν
662 2027 883 2097 ὤφειλε,
912 2028 1123 2093 τούτοις
1146 2028 1425 2099 βασιλείαν
1477 2030 1699 2084 ἔδωκεν·
1728 2026 1812 2092 οἷς
1848 2030 1995 2103 ζωὴν

410 2110 631 2165 αἰώνιον
657 2109 883 2179 ὀφείλει,
934 2112 988 2163 τί
1021 2112 1083 2164 οὐ
1117 2111 1279 2165 δώσει
1304 2130 1319 2180 ;
1343 2114 1440 2167 καὶ
1470 2113 1670 2177 πόσαις
1695 2115 1898 2178 αὐτοὺς
1930 2115 1990 2168 οὐ

407 2197 633 2267 τιμήσει
656 2198 846 2265 τιμαῖς
870 2210 884 2258 ;
907 2195 956 2247 εί
983 2194 1126 2265 ὑπὲρ
1153 2195 1260 2250 τῶν
1296 2196 1603 2266 μισούντων
1624 2197 1787 2251 αὐτὸν
1806 2199 1996 2252 ἐσταυ-

411 2278 586 2351 ρώθη,
626 2278 723 2331 καὶ
753 2277 815 2331 τὸ
864 2272 1006 2348 αἷμα
1046 2276 1286 2348 ἐξέχεεν,
1333 2280 1473 2349 ὑπὲρ
1500 2279 1609 2333 τῶν
1641 2279 1703 2333 τὸ
1731 2276 1871 2350 αἷμα
1902 2282 1995 2336 ἐκ·

405 2362 650 2435 χεάντων
695 2359 847 2434 [672]
915 2360 1006 2415 διὰ
1058 2360 1158 2434 τὴν
1209 2364 1292 2425 εἰς
1346 2363 1510 2416 αὐτὸν
1571 2364 1882 2434 ὁμολογίαν,
1940 2366 1994 2419 τί

405 2442 509 2494 οὐκ
535 2439 865 2512 ἐργάσεται;
905 2441 954 2492 εἰ
983 2439 1111 2503 τοὺς
1156 2440 1673 2512 ἀποστρεφομένους
1724 2444 1819 2495 καὶ
1853 2444 1992 2497 ἀπο-

406 2519 697 2590 πηδῶντας
728 2518 904 2583 οὓτως
941 2519 1251 2589 ἠγάπησεν,
1281 2519 1356 2582 ὡς
1399 2521 1495 2573 καὶ
1532 2520 1823 2575 ἀποθανεῖν
1851 2522 1993 2594 ὑπὲρ

405 2601 623 2666 αὐτῶν,
671 2603 802 2666 τοὺς
851 2602 1247 2673 ἀγαπήσαντας
1298 2602 1463 2655 αὐτὸν
1518 2602 1701 2675 μέτρῳ
1750 2605 1992 2677 μεγίστῳ

406 2686 680 2758 (Μείζονα
715 2686 824 2756 γὰρ
859 2686 1082 2752 ταύτης
1112 2683 1356 2755 ἀγάπην
1378 2685 1577 2753 οὐδεὶς
1605 2687 1750 2756 ἔχει,
1778 2689 1879 2741 ἵνα
1901 2706 1993 2755 τις

403 2764 524 2831 τὴν
554 2763 769 2834 ψυχὴν
794 2762 983 2817 αὑτοῦ
1017 2761 1095 2831 θῇ
1117 2762 1272 2831 ὑπὲρ
1314 2761 1433 2817 τῶν
1474 2765 1668 2832 φίλων
1691 2765 1904 2836 αὐτοῦ)
1937 2778 1988 2829 ι,

405 2848 551 2920 πόσῃ
573 2847 784 2912 δέξεται
803 2846 988 2917 εὐνοίᾳ
1008 2847 1102 2899 καὶ
1118 2846 1385 2917 θεραπείᾳ
1406 2864 1420 2914 ;
1439 2846 1504 2901 Οί
1524 2848 1623 2918 μὲν
1644 2843 1736 2902 οὖν
1758 2848 1992 2920 ἀθληταὶ

405 2931 518 2986 τῶν
550 2931 749 2997 ἔξωθεν
784 2929 1013 2999 ἀγώνων
1051 2931 1110 2982 ἐν
1147 2929 1228 3000 τῷ
1256 2931 1404 3000 αὐτῷ
1440 2933 1724 3002 σκάμματι
1759 2931 1854 2985 καί⁸
1885 2950 1991 2986 πα-

404 3016 641 3081 λαίουσι,
679 3016 775 3069 καλ⁸
802 3014 1015 3080 νικῶσι,
1047 3014 1141 3067 καὶ
1183 3014 1686 3085 ἀνακηρύττονται,
1730 3016 1827 3068 καὶ
1866 3032 1991 3069 στε-

405 3099 723 3171 φανοῦνται·
758 3093 905 3153 οὗτοι
951 3098 1010 3151 δὲ
1047 3099 1098 3151 οί
1144 3097 1378 3169 ἀθληταί⁹
1418 3098 1520 3168 τῆς
1570 3098 1853 3162 εὐσεϐείας
1891 3099 1991 3169 οὐχ

404 3184 611 3247 οὕτως’
660 3182 774 3237 ἀλλ’
825 3181 1128 3235 ἐπάλαισαν
1180 3181 1282 3251 μὲν
1328 3184 1387 3235 ἐν
1422 3180 1501 3251 τῷ
1538 3182 1766 3253 παρόντι
1807 3182 1986 3247 αἰῶνι,

405 3265 802 3335 στεφανοῦνται
830 3266 887 3319 δὲ
921 3268 979 3320 ἐν
1007 3264 1204 3336 ἐκείνῳ
1222 3265 1301 3335 τῷ
1332 3264 1610 3332 μέλλοντι·
1646 3264 1989 3320 ἐπύκτευσαν

403 3352 643 3405 ἐνταῦθα
673 3350 752 3422 τῷ
773 3349 1005 3419 διαϐόλῳ
1034 3351 1127 3403 καὶ
1153 3349 1554 3419 περιεγένοντο,
1582 3349 1988 3421 ἀνακηρύττον-

402 3455 496 3491 ται
524 3437 579 3490 δὲ
619 3438 756 3489 ἐκεῖ.
781 3434 893 3489 Καὶ
917 3433 1004 3486 ἴνα
1033 3433 1264 3503 μάθητε,
1293 3433 1376 3485 δτι
1400 3430 1557 3486 τοῦτό
1586 3435 1736 3487 ἐστιν
1764 3433 1985 3504 ἀληθὲς,

403 3523 502 3577 καὶ
529 3520 631 3574 οὐκ
672 3517 909 3572 ἐνταῦθα
953 3517 1138 3580 αὐτοῖς
1195 3516 1245 3569 οἱ
1280 3517 1535 3586 στέφανοι
1572 3516 1828 3581 δίδονται,
1872 3516 1989 3571 ἀλλ’

404 3607 525 3659 ἐκεῖ
554 3604 727 3656 πᾶσαι
761 3601 961 3664 αὐτοὺς
982 3598 1346 3670 ἀναμένουσιν
1374 3600 1430 3652 αί
1454 3599 1677 3671 δωρεαὶ,
1713 3600 1987 3654 ἀκούσατε

399 3688 499 3742 τοῦ
523 3686 737 3740 Παύλου
760 3686 1031 3754 λέγοντος,
1056 3684 1169 3737 Τὸν
1189 3682 1391 3751 ἀγῶνα
1422 3683 1530 3737 τόν
1563 3682 1756 3738 καλὸν
1788 3684 1991 3755 ἠγώνι-

408 3787 582 3841 σμαι,
612 3768 719 3823 τόν
734 3770 956 3837 δρόμον
976 3765 1274 3828 τετέλεκα,
1294 3765 1412 3833 τὴν
1438 3767 1650 3821 πίστιν
1670 3766 1986 3838 τετήρηκα·

401 3853 624 3909 λοιπὸν
637 3850 952 3907 ἀπόκειταί
962 3866 1064 3919 μοι
1083 3851 1116 3903 o'
1134 3847 1244 3917 τῆς
1264 3847 1648 3917 δικαιοσύνης
1665 3850 1989 3919 στέφανος·

403 3936 512 3992 ποῦ
544 3936 638 3989 καὶ
668 3935 829 3999 πότε;
852 3934 962 3986 Ὃν
990 3929 1289 3986 ἀποδώσει
1313 3948 1418 4000 μοι
1456 3933 1666 4000 Κύριος
1693 3933 1763 3986 ἐν
1783 3933 1988 4002 ἐκείνῃ

400 4019 482 4088 τῇ
524 4019 726 4088 ἡμέρᾳ,
779 4020 813 4071 ὀ
866 4015 1094 4080 δίκαιος
1142 4013 1370 4083 κριτής.
1424 4014 1692 4069 Ἐνταῦθα
1728 4015 1987 4087 ἔδραμεν,

401 4106 521 4158 ἐκεῖ
548 4100 927 4171 στεφανοῦται·
959 4097 1199 4152 ἐνταῦθα
1226 4098 1468 4167 ἐνίκησε,
1503 4099 1664 4152 κάκεῖ
1690 4098 1991 4169 ἀναγορεύ-

402 4204 547 4242 εται.
591 4184 891 4239 Ἠκούσατε
923 4181 1088 4235 αὐτοῦ
1125 4181 1220 4235 καὶ
1245 4183 1484 4252 σήμερον
1515 4181 1746 4251 βοῶντος
1776 4184 1869 4235 καὶ
1902 4180 1990 4234 λέ-

401 4287 616 4341 γοντος,
643 4267 805 4323 Κατὰ
841 4266 1051 4319 πίστιν
1082 4264 1386 4319 ἀπέθανον
1423 4260 1590 4319 οὗτοι
1628 4264 1873 4332 πάντες,
1899 4265 1987 4336 μὴ

402 4350 793 4423 κομισάμενοι
814 4349 922 4414 τὰς
945 4346 1329 4416 ἐπαγγελίας,
1361 4347 1523 4401 ἀλλὰ
1550 4348 1856 4416 πόρρωθεν
1879 4351 1989 4404 αὺ-

402 4437 514 4503 τάς
538 4435 802 4499 ἰδόντες,
856 4429 954 4487 καί
1005 4428 1447 4498 ἀσπασάμενοι.
1490 4430 1647 4493 Τίνος
1682 4426 1774 4484 οὖν
1802 4432 1988 4488 ἕνεκεν

401 4523 519 4585 τοῖς
548 4519 646 4589 μὲν
672 4516 935 4587 ἀθληταῖς
963 4516 1076 4577 τοῖς
1101 4512 1300 4579 ἔξωθεν
1327 4514 1463 4584 ὁμοῦ
1495 4514 1591 4568 καὶ
1613 4516 1669 4568 αἱ
1698 4517 1865 4580 νῖκαι,
1894 4520 1989 4573 καὶ

401 4605 457 4658 οἰ
502 4602 781 4671 στέφανοι,
832 4601 948 4662 τοῖς
993 4596 1052 4650 δέ
1104 4595 1364 4667 ἀθληταῖς
1404 4596 1505 4666 τῆς
1554 4596 1839 4663 εὐσεϐείας
1889 4601 1989 4673 οὐχ

402 4685 541 4756 ὁμοῦ
566 4685 662 4738 καὶ
677 4684 734 4736 αἰ
752 4684 922 4745 νῖκαι,
942 4680 1036 4734 καὶ
1058 4681 1107 4732 οἱ
1131 4679 1408 4748 στέφανοι,
1426 4679 1562 4734 ἀλλά
1585 4680 1724 4751 μετά
1738 4681 1989 4739 τοσοῦτον

398 4769 466 4822 τὸ
484 4768 759 4837 διάστημα
778 4763 873 4818 τοῦ
890 4763 1085 4835 χρόνου
1107 4779 1122 4828 ;
1142 4762 1430 4832 Ἰδρωσαν,
1447 4762 1711 4817 ἐπόνεσαν
1731 4764 1986 4833 ἐνταῦθα,

405 4850 578 4924 μυρία
606 4849 910 4919 ὑπέμειναν
944 4845 1261 4917 τραύματα,
1296 4845 1392 4898 καὶ
1419 4845 1520 4898 οὐκ
1562 4845 1768 4912 εὐθέως
1790 4848 1988 4913 αὐτοὺς

402 4935 696 5002 στεφανοῖς
724 4931 879 5002 Οὐχὶ,
913 4929 1079 5001 φησίν
1100 4945 1113 4960 ·
1145 4930 1207 4982 οὐ
1235 4928 1343 5000 γὰρ
1386 4928 1601 4999 δέχεται
1634 4931 1667 5000 ἡ
1706 4928 1869 5000 φύσις
1892 4931 1987 4986 τοῦ

403 5016 679 5089 παρόντος
711 5014 826 5085 βίου
854 5013 915 5067 τὸ
953 5012 1183 5084 μεγέθος
1234 5012 1450 5082 ἐκείνης
1497 5012 1595 5082 τῆς
1645 5014 1830 5084 τιμῆς·
1870 5014 1990 5066 ἐπί-

402 5117 574 5172 κηρος
629 5103 658 5154 ὁ
700 5096 893 5169 παρὼν
948 5096 1083 5151 αἰών
1143 5098 1261 5149 ἐστι
1321 5096 1417 5150 καὶ
1472 5094 1709 5166 βραχὺς,
1763 5098 1989 5167 ἄπε.ρος

402 5186 640 5247 ἐκεῖνος,
681 5184 775 5236 καὶ
810 5180 1096 5243 ἀθάνατος,
1131 5180 1228 5233 καὶ
1252 5179 1628 5248 ἀτελεύτητος.

476 5266 578 5319 Διά
600 5265 755 5318 τοῦτο
788 5265 913 5326 τοὺς
947 5263 1044 5334 μὲν
1080 5263 1276 5326 πόνους
1321 5261 1705 5333 συνεκλήρωσε
1742 5261 1821 5333 τῷ
1852 5261 1986 5334 βρα-

402 5351 490 5419 χεῖ
531 5350 626 5403 καὶ
667 5346 990 5419 προσκαίρῳ
1039 5345 1219 5411 αἰῶνι,
1264 5346 1392 5409 τοὺς
1439 5345 1496 5398 δὲ
1535 5345 1834 5415 στεφάνους
1863 5349 1987 5399 ἐτα-

406 5431 670 5503 μιεύσατο
700 5430 780 5501 τῷ
811 5430 1003 5501 ἀγήρῳ
1025 5428 1121 5483 καὶ
1147 5427 1422 5498 ἀθανάτῳ,
1451 5427 1538 5480 ῖνα
1563 5430 1658 5482 καὶ
1680 5428 1787 5482 τῶν
1808 5429 1986 5481 πόνων

468 5648 496 5676 ⁸
520 5644 671 5696 Savil.
695 5648 750 5707 et
781 5643 1053 5707 unusBeg.
1080 5643 1198 5707 ὐπὲρ
1228 5642 1401 5707 αὐτῶν.
1426 5642 1512 5691 Διὸ
1533 5643 1613 5707 καί
1641 5645 1780 5707 λέγει·
1811 5666 1833 5689 η
1863 5648 1987 5697 Mea-

402 5712 516 5775 ζονᾳ
530 5709 621 5775 γὰρ
644 5706 820 5775 ταύτης
838 5704 1029 5775 ἀγάπῃῦ
1044 5704 1205 5775 ρύδεῖς
1226 5704 1341 5775 ἤχει,
1364 5704 1542 5775 ῖναχτις
1561 5706 1647 5762 τήν
1669 5704 1824 5775 ψξιχῄν
1839 5709 1984 5775 αὐτοῦ

402 5773 460 5844 θῇ
624 5770 721 5844 τῶν
745 5765 902 5844 ’φίλων
927 5765 1090 5844 αὐτοῦ’
1134 5785 1158 5843 τι
1179 5765 1288 5841 τοὺς
1309 5766 1644 5844 ἀγαπήσαντας
1667 5765 1809 5817 αὐτόν
1830 5772 1984 5834 μέτρῳ

399 5824 470 5897 τῷ
492 5824 605 5895 ῖσῴ,
630 5832 711 5879 καὶ
738 5824 933 5885 ἑαυτοὺς
954 5829 1070 5893 ὑπὲρ
1095 5824 1240 5876 αὐτοῦ
1264 5824 1485 5884 ἐκδόντας
1504 5829 1567 5885 εἰς
1585 5829 1795 5880 θάνατον.

1519 400 1585 457 IN
1630 402 1689 457 S.
1731 398 2083 458 JULIANUM
2127 401 2533 462 MARTYBEM.

3580 408 3686 466 668

2107 521 2168 574 τὸ
2198 522 2454 595 φορτικὸν
2485 523 2885 596 ὑποτέμνηται,
2925 529 2992 599 τῇ
3046 523 3322 597 ὀλιγότητι
3362 523 3458 577 τοῦ
3488 526 3684 596 χρόνον

2107 606 2650 678 συγκαταλυόμενον,
2695 610 2792 662 καὶ
2832 610 2942 663 τῶν
2976 609 3259 680 στεφάνων
3301 612 3335 678 ή
3383 608 3686 673 ἀπόλαυσις

2107 690 2243 762 μένῃ
2285 691 2519 763 διαρκὴς
2568 693 2664 748 καὶ
2718 694 3112 766 ἀτελεύτητος,
3152 696 3221 765 τῇ
3273 692 3383 746 τῶν
3441 691 3686 763 ἀπείρων

2102 771 2314 828 αἰώνων
2334 775 2558 829 ἐκείνων
2575 776 2845 850 ἀθανασίᾳ
2868 775 3476 849 συμπαρεκτεινομένη.
3492 774 3687 838 Μειζό-

2103 877 2209 924 νως
2235 862 2416 915 τοίνυν
2444 864 2645 927 αὐτοὺς
2673 864 2905 934 τιμῆσαι
2931 862 3253 933 βουλόμενος
3272 860 3565 914 ἀνεϐάλετο
3586 860 3684 932 τὴν

2100 946 2331 1017 δωρεάψ
2362 948 2422 1001 οὐ
2449 948 2538 1003 διὰ
2554 947 2715 1002 τοῦτο
2744 947 2802 1002 δέ
2834 948 3016 1020 μόνον,
3040 947 3156 1002 ἀλλ’
3190 947 3280 1000 ἵνα
3314 945 3410 1000 καὶ
3433 945 3685 1016 καθαρὰν

2100 1036 2287 1090 λοιπὸν
2330 1037 2496 1108 ἔχωσι
2537 1038 2636 1110 τὴν
2670 1038 2883 1111 ἡδονήν.
2930 1039 3145 1109 Ὥσπερ
3187 1036 3297 1107 γάρ
3338 1037 3367 1089 ό
3415 1036 3686 1107 πρότερον

2098 1126 2321 1197 τρυφῶν
2347 1129 2442 1182 καὶ
2465 1128 2704 1192 ἀνέσεως
2739 1127 3050 1205 ἀπολαύων,
3090 1125 3230 1199 μετά
3261 1125 3319 1180 δέ
3364 1125 3536 1180 ταῦτα
3566 1123 3685 1176 θλι-

2101 1212 2348 1284 ϐόμενος,
2384 1216 2487 1269 οὐκ
2536 1215 2855 1270 αἰσθάνεται
2884 1216 2986 1287 τῆς
3032 1214 3319 1289 παρούσης
3348 1215 3565 1287 τρυφῆς
3613 1214 3681 1284 τῇ

2099 1301 2398 1375 προσδοκίᾳ
2416 1303 2523 1356 τῶν
2562 1303 2863 1374 μελλόντων
2901 1305 3109 1359 δεινῶν·
3151 1302 3325 1367 οὕτως
3354 1306 3383 1357 ό
3414 1301 3683 1374 πρότερον

2098 1390 2408 1454 πυκτεύων,
2446 1393 2542 1446 καὶ
2570 1392 2783 1456 ἀθλῶν,
2825 1393 2917 1447 καὶ
2964 1393 3131 1466 μυρία
3173 1392 3461 1463 ὑπομένων
3510 1390 3678 1458 κακά,

2102 1478 2241 1549 μετά
2266 1480 2322 1533 δὲ
2369 1480 2545 1535 ταῦτα
2581 1481 3039 1550 στεφανούμενος,
3070 1482 3170 1534 οὐκ
3218 1479 3539 1534 αἰσθάνεται
3568 1478 3681 1533 τῶν

2099 1569 2383 1640 παρόντων
2404 1568 2614 1633 δεινῶν,
2656 1571 2723 1640 τῇ
2753 1567 2928 1621 ἐλπίδι
2960 1567 3070 1622 τῶν
3117 1568 3420 1638 μελλόντων
3460 1566 3680 1636 ἀγαθῶν

2096 1656 2516 1728 ἀνανεούμενος.
2551 1660 2625 1713 Οὐ
2660 1659 2755 1714 τοῦ
2793 1658 3060 1730 παρόντος
3096 1656 3154 1710 δέ
3197 1658 3355 1729 μόνον
3391 1655 3683 1726 ἐκούφισεν

2095 1742 2295 1808 αὐτοὺς
2318 1744 2480 1800 πόνου
2507 1748 2574 1818 τῇ
2615 1745 2885 1818 μελλούσῃ
2909 1745 3110 1811 ἐλπίδι,
3148 1744 3285 1799 ἀλλά
3315 1745 3411 1798 καὶ
3435 1746 3502 1815 τῇ
3524 1742 3679 1809 τάξει

2096 1831 2370 1904 προτέραν
2417 1836 2518 1905 τῆς
2563 1834 2801 1896 ἀνέσεως
2841 1833 3262 1897 κατασκευάσας
3300 1831 3548 1900 γίνεσθαι
3580 1829 3680 1902 τὴν

2097 1917 2306 1988 θλῖψιν,
2344 1920 2433 1974 ἵνα
2483 1920 2558 1993 μὴ
2591 1922 2796 1992 σφόδρα
2840 1921 2946 1976 ὑπὸ
2997 1921 3107 1975 τῶν
3156 1920 3442 1991 παρόντων
3490 1918 3681 1973 δεινῶν

2095 2009 2520 2064 κατατείνωνται
2573 2009 2711 2081 πρὸς
2755 2011 2939 2064 ἐκεῖνα
2975 2009 3286 2080 βλέποντες.
3318 2008 3475 2067 Οὕτω
3504 2007 3599 2062 καὶ
3628 2006 3680 2059 οἱ

2093 2096 2460 2160 πυκτεύοντες
2504 2095 2751 2167 δέχονται
2800 2098 2871 2152 τά
2920 2095 3214 2168 τραύματα
3255 2094 3574 2166 προθύμως,
3614 2093 3676 2146 οὐ

2094 2185 2234 2257 πρὸς
2263 2184 2362 2249 τὰς
2395 2184 2718 2256 ἀλγηδόνας,
2746 2184 2882 2239 ἀλλὰ
2926 2184 3064 2257 πρὸς
3090 2185 3186 2240 τὸν
3223 2185 3488 2254 στέφανον
3525 2180 3677 2254 [675]

2095 2275 2406 2346 βλέποντες
2443 2276 2586 2331 οὕτω
2633 2277 2729 2331 καὶ
2785 2276 2981 2331 ναῦται
3035 2275 3266 2348 μυρίους
3311 2272 3680 2344 ὑπομένοντες

2092 2364 2391 2429 κινδύνους,
2421 2364 2717 2435 χειμῶνας,
2750 2365 2843 2418 καὶ
2865 2363 3101 2434 πόλεμόν
3131 2377 3257 2415 τινα
3286 2359 3546 2432 χαλεπὸν,
3581 2359 3680 2412 καὶ

2092 2453 2230 2526 πρὸς
2262 2453 2426 2524 θηρία
2472 2453 2673 2525 ἄγρια,
2720 2450 2987 2525 καὶπρὸς
3034 2452 3161 2516 τοὺς
3207 2452 3268 2504 ἐν
3318 2452 3384 2521 τῇ
3437 2448 3676 2521 θαλάττῃ

2093 2542 2433 2615 κακούργους
2462 2544 2660 2596 ἀντιπα
2670 2543 3055 2614 ραταττόμενοι
3076 2581 3090 2605 ,
3114 2540 3267 2594 οὐδὲν
3294 2539 3500 2592 τούτων
3530 2533 3684 2605 λογε-

2093 2630 2298 2696 ζονται,
2356 2630 2493 2684 ἀλλά
2525 2631 2660 2702 πρὸς
2687 2631 2816 2694 τοὺς
2847 2629 3097 2700 λιμένας,
3143 2626 3239 2679 καὶ
3284 2626 3376 2680 τὸν
3428 2625 3538 2678 ἀπὸ
3576 2623 3680 2693 τῆς

2092 2719 2363 2789 ἐμπορίας
2384 2718 2612 2772 πλοῦτον
2644 2718 2866 2789 ὁρῶσιν⁶
2893 2716 3037 2772 οὕτω
3065 2716 3161 2770 κοιλ¹
3193 2716 3241 2768 οἰ
3275 2714 3552 2785 μάρτυρες
3579 2728 3681 2781 μυ-

2092 2807 2185 2880 ρία
2218 2807 2519 2879 πάσχοντες
2551 2806 2719 2869 δεινὰ,
2750 2807 2844 2860 καί¹
2882 2805 2943 2860 τὸ
2995 2805 3154 2876 σῶμα
3198 2802 3480 2873 διαφόροις
3511 2800 3682 2871 βασάο

2089 2914 2201 2961 νοις
2233 2896 2718 2968 κατατεμνόμενοι,
2742 2894 2879 2968 πρὸς
2900 2895 3053 2949 οὐδὲν
3078 2891 3285 2947 τούτων
3310 2889 3516 2962 ἐώρων,
3541 2887 3680 2943 ἀλλά

2089 2983 2227 3055 πρὸς
2254 2984 2346 3038 τὸν
2380 2984 2610 3057 οὐρανὸν
2653 2983 2749 3038 καὶ
2781 2982 2851 3037 τὰ
2879 2983 3090 3037 ἐκεῖθεν
3135 2982 3429 3053 κεχήνασιν
3474 2975 3677 3046 ἀγαθά.

2088 3075 2200 3128 Καὶ
2226 3075 2315 3129 ἵνα
2339 3074 2551 3145 μάθητε
2580 3073 2663 3128 ὅτι
2692 3072 2762 3128 τά
2792 3072 2955 3143 φύσει
3000 3070 3236 3144 φορτικά
3266 3070 3362 3123 καὶ
3402 3067 3676 3137 ἀφόρητα,

2088 3161 2261 3217 ταῦτα
2305 3165 2373 3234 τῇ
2406 3161 2581 3216 ἐλπίδι
2613 3161 2724 3215 τῶν
2758 3160 3063 3233 μελλόντων
3112 3157 3292 3227 κοῦφα
3349 3157 3444 3210 καὶ
3494 3156 3676 3226 ῥᾷστα

2087 3249 2334 3319 γίνεται,
2373 3249 2645 3305 ἀκούσατε
2692 3249 2788 3304 τοῦ
2841 3246 3229 3321 πρωτοστάτου
3272 3243 3381 3298 τῶν
3413 3241 3675 3296 τοιούτων

2087 3338 2310 3407 ἀγαθῶν
2339 3337 2609 3408 λέγοντος·
2657 3338 2729 3393 Τὸ
2754 3336 2865 3409 γὰρ
2897 3335 3236 3404 παραυτίκα
3273 3330 3540 3401 ἐλαφρὸν
3569 3327 3680 3397 τῆς

2088 3428 2350 3503 θλίψεως
2393 3428 2524 3481 καθ’
2553 3424 2900 3496 ὑπερϐολὴν
2925 3426 3011 3491 είς
3051 3419 3400 3490 ὑπερϐολὴν
3434 3414 3680 3471 αἰώνιον

2082 3513 2277 3584 βάρος
2311 3514 2500 3582 δόξης
2536 3512 2941 3584 κατεργάζεται
2982 3510 3146 3580 ἡμῖν.
3187 3507 3346 3575 Πῶς,
3384 3506 3507 3560 εἰπέ
3551 3521 3674 3577 μοις

2088 3603 2186 3672 Μὴ
2228 3604 2623 3658 σκοπούντων
2666 3601 2836 3674 ἡμῶν
2874 3602 2946 3656 τὰ
2971 3598 3328 3668 βλεπόμενα
3349 3636 3365 3664 ,
3395 3593 3558 3650 ἀλλὰ
3601 3592 3677 3648 τὰ
3786 3630 3789 3631 ν

2084 3691 2172 3762 μὴ
2213 3691 2585 3762 βλεπόμενα.

2162 3801 2227 3873 β’.
2245 3800 2433 3855 Ταῦτα
2462 3800 2519 3854 δέ
2545 3817 2634 3871 μοι
2664 3801 2763 3871 οὐχ
2791 3798 3235 3869 ἀπλῶςεῖρηται,
3255 3794 3393 3850 ἀλλά
3416 3794 3484 3850 δι’
3507 3793 3673 3867 ὑμᾶς,

2091 3890 2179 3944 ἵνα
2194 3889 2323 3942 ὅταν
2344 3888 2490 3958 ἴδητέ
2512 3905 2633 3941 τινα
2652 3886 2946 3959 τρυφῶντα
2962 3885 3056 3940 καὶ
3074 3886 3315 3945 ἀνέσεως
3331 3881 3675 3937 ἀπολαύοντα

2090 3977 2147 4030 ἐν
2162 3975 2239 4047 τῷ
2258 3975 2356 4047 βίῳ
2378 3975 2570 4047 τούτῳ,
2595 3973 2855 4045 μέλλοντα
2878 3973 2934 4027 δὲ
2965 3975 3083 4027 ἐκεῖ
3102 3968 3447 4035 κολάζεσθαι,
3472 3966 3546 4039 μὴ
3571 3985 3675 4037 μα-

2089 4064 2352 4136 καρίζητε
2381 4064 2545 4117 αὐτὸν
2564 4063 2650 4116 διά
2679 4061 2777 4134 τὴν
2802 4061 3087 4133 παροῦσαν
3104 4058 3339 4132 τρυφὴν,
3355 4056 3492 4111 ἀλλά
3512 4054 3675 4110 ταλα-

2090 4153 2273 4225 νίζητε
2296 4154 2384 4207 διὰ
2403 4155 2502 4227 τὴν
2530 4152 2830 4224 μέλλουσαν
2853 4152 3093 4206 κόλασιν.
3112 4150 3223 4205 Καὶ
3240 4149 3402 4203 πάλιν
3421 4147 3549 4199 ὅταν
3568 4146 3676 4215 ῖδησ

2088 4242 2149 4295 τέ
2173 4259 2295 4295 τινα
2328 4241 2436 4295 τῶν
2472 4241 2774 4312 μελλόντων
2801 4242 2920 4294 ἐκεῖ
2945 4239 3149 4309 πολλῆς
3185 4235 3479 4292 ἀπολαύειν
3503 4232 3672 4303 τιμῆς

2089 4330 2147 4382 ἐν
2176 4329 2352 4399 θλίψει
2386 4330 2483 4383 καὶ
2526 4328 2878 4401 στενοχωρίᾳ,
2909 4328 3005 4381 καὶ
3047 4326 3261 4399 μυρίοις
3298 4322 3428 4376 ὄντα
3481 4321 3675 4380 κακοῖς

2089 4418 2148 4471 ἐν
2180 4421 2248 4489 τῇ
2295 4418 2615 4490 προσκαίρῳ
2642 4417 2817 4491 ταύτῃ
2865 4416 3000 4488 ζωῇ,
3048 4415 3122 4486 μὴ
3170 4412 3443 4483 δακρύητε
3485 4406 3577 4491 διά
3604 4405 3674 4459 τὰ

2090 4487 2686 4575 παρόντανδεινάξάλλά
2728 4487 3097 4576 μακαρίξητε,
3125 4502 3221 4554 καὶ
3260 4494 3501 4567 ζηλωτὸν
3529 4487 3673 4547 εἶναι

2088 4593 2348 4665 νομίζητε
2376 4593 2465 4647 διὰ
2499 4594 2627 4657 τοὺς
2658 4591 3056 4661 ἀποκειμένους
3096 4584 3247 4656 αὐτῷ
3279 4583 3581 4651 στεφάνους
3611 4579 3671 4631 ἐν

2088 4683 2202 4744 τοῖς
2239 4682 2490 4753 ἀπείροις
2522 4681 2717 4733 αἰῶσιν
2753 4679 3005 4741 ἐκείνοις.
3047 4677 3286 4743 Ἥνεγκε
3330 4671 3430 4743 μὲν
3464 4665 3557 4724 οῦν
3577 4668 3671 4721 τὸν

2091 4769 2245 4837 ἆγιον
2271 4768 2460 4822 τοῦτον
2483 4767 2544 4821 τὸ
2566 4766 2673 4821 τῶν
2701 4765 2943 4821 Κιλίκων
2965 4764 3139 4826 ἔθνος,
3168 4762 3197 4815 ὃ
3225 4762 3320 4815 καὶ
3341 4760 3435 4814 τὸν
3456 4757 3670 4813 Παῦλον

2089 4857 2318 4928 ήνεγκε·
2360 4856 2700 4928 συμπολίτης
2732 4854 2840 4926 γὰρ
2862 4850 2941 4925 ’ἦν
2975 4852 3210 4915 ἐκείνου,
3245 4850 3340 4903 καὶ
3369 4849 3671 4920 ἀμφότεροι

2091 4945 2356 5015 ὑπουργοί
2378 4946 2476 5015 τῆς
2506 4942 2831 5014 Ἐκκλησίας
2851 4940 3058 4995 ἐκεῖθεν
3082 4941 3212 5009 ήμίν
3232 4935 3667 5009 προεϐλήθησαν.
3720 4980 3741 4993 κ

2172 5032 2389 5103 Ἐπειδὴ
2422 5032 2479 5085 δὲ
2524 5031 2586 5084 τὸ
2626 5031 2839 5084 στάδιον
2877 5027 3083 5099 ἀνέῳγε
3114 5027 3212 5097 τῆς
3241 5024 3545 5088 εὐσεϐείας,
3577 5022 3672 5077 καὶ

2088 5119 2228 5191 πρὸς
2264 5120 2390 5182 τοὺς
2415 5118 2611 5181 ἄθλους
2633 5117 2796 5170 αὐτὸν
2819 5120 2847 5170 ὁ
2885 5115 3076 5187 καιρὸς
3106 5113 3314 5177 ἐκάλει,
3351 5109 3670 5183 περιπίπτει

2087 5205 2312 5278 χαλεπῷ
2336 5205 2512 5277 θηρίῳ
2542 5204 2618 5275 τῷ
2643 5206 2765 5258 τότε
2794 5203 3092 5269 δικάζοντι.
3148 5203 3258 5256 Καὶ
3289 5202 3542 5255 σκοπεῖτε
3566 5198 3667 5269 τὴν

2091 5295 2358 5365 μηχανήν.
2385 5294 2532 5347 Ἰδὼν
2568 5292 2678 5365 γάρ
2711 5292 2874 5346 αὐτοῦ
2910 5292 2970 5346 τδ
3004 5291 3259 5364 φρόνημα
3289 5285 3536 5360 στερρὸν,
3574 5287 3669 5340 καὶ

2086 5381 2163 5444 ὡς
2181 5382 2242 5434 οὐ
2267 5381 2492 5436 δυνατὸν
2513 5384 2580 5453 τῇ
2606 5381 2929 5454 σφοδρότητι
2947 5381 3048 5452 τῆς
3065 5379 3337 5450 τιμωρίας
3362 5375 3667 5431 ύπεκλῦσαι

2085 5470 2147 5523 τὸ
2174 5469 2387 5524 εὔτονον
2403 5471 2502 5542 τῆς
2526 5470 2856 5543 προθυμίας,
2880 5472 2960 5532 εἰς
2986 5468 3268 5540 μελλήσεις
3286 5465 3448 5522 αὐτὸν
3464 5465 3670 5538 ἐμϐάλ-

2085 5560 2166 5614 λει
2214 5561 2310 5615 καὶ
2337 5561 2630 5625 ἀναϐολὰς,
2662 5563 2899 5631 εἰσάγων
2926 5559 3020 5614 καὶ
3048 5557 3259 5627 ἐξάγων
3291 5557 3554 5628 συνεχῶς.
3588 5558 3664 5611 UO

2085 5651 2193 5724 γὰρ
2234 5653 2293 5707 ἐν
2320 5653 2419 5725 μιᾷ
2450 5653 2637 5725 ήμέρᾳ
2663 5652 2903 5715 ἀκούσας
2939 5649 3213 5719 ἀπέτεμεν
3241 5647 3409 5703 αὐτοῦ
3443 5648 3544 5721 τὴν
3576 5665 3672 5701 κε·
3760 5642 3769 5649 ’

2087 5740 2283 5811 φαλὴν,
2307 5742 2396 5793 ἵνα
2431 5741 2507 5812 μὴ
2536 5741 2601 5794 τὸ
2641 5739 2904 5809 σύντομον
2932 5738 3033 5809 τῆς
3058 5737 3330 5808 τιμωρίας
3364 5735 3665 5791 εὐκολώτε-

2090 5847 2179 5900 ρον
2221 5829 2370 5900 αὑτῷ
2402 5831 2602 5901 ποιήσῃ
2652 5828 2742 5882 τὸν
2795 5826 3028 5899 δρόμον,
3079 5826 3213 5881 ἀλλὰ
3266 5827 3388 5881 καθ’
3430 5826 3669 5898 ἑκάστην
