4088 6440
526 380 632 438 669

523 495 741 568 ἡμέραν
773 496 1015 567 είσῆγεν,
1044 496 1261 568 ἐξῆγεν.
1295 499 1517 564 πεύσεις
1545 500 1811 573 προσῆγε,
1842 499 2102 571 βασάνους

530 578 734 650 μυρίας
771 580 1005 649 ἠπείλει,
1035 580 1215 651 λόγοις
1234 582 1642 647 κολακευτικοίς
1692 584 1963 650 ἐδελέαζε,
1996 586 2105 639 πά-

529 679 629 716 σαν
655 662 827 717 ἐκίνει
859 667 1109 736 μηχανὴν
1135 666 1227 719 τὸν
1256 666 1505 722 ἄσειστον
1529 668 1780 739 θεμέλιον
1810 668 2106 740 ἐπιχειρῶν

526 745 887 800 διασαλεύειν·
919 749 1012 801 καὶ
1050 750 1315 821 περιῆγεν
1338 750 1499 805 αὐτὸν
1535 751 1781 807 ἐνιαυτὸν
1806 753 2106 824 ὀλόκληρον

530 830 808 900 πανταχοῦ
841 831 940 902 τῆς
972 831 1223 894 Κιλικίας
1253 833 1653 905 καταισχύνων,
1684 836 1885 908 μᾶλλον
1916 836 1994 900 δὲ,
2029 836 2106 900 ('0;

527 915 625 967 οὐκ
673 912 843 984 ᾤετο,
898 913 1283 987 λαμπρότερον
1325 917 1675 988 ἀποφαίνων·
1723 922 1751 974 ό
1792 921 1849 975 δέ
1894 921 2106 992 μάρτυς

526 997 657 1051 ἐϐόα
679 1010 705 1038 ι
738 997 834 1051 καὶ
860 999 1024 1064 αὐτὸς
1050 998 1258 1069 συνῳδὰ
1290 1000 1368 1071 τῷ
1410 1001 1640 1073 Παύλῳ,
1669 1002 1849 1073 Χάρις
1880 1002 1961 1070 τῷ
1985 1002 2107 1069 Θεῷ

526 1077 607 1143 τῷ
645 1081 1054 1148 θριαμϐεύοντι
1082 1080 1240 1151 ἡμᾶς
1261 1082 1331 1136 ἐν
1353 1084 1587 1152 Χριστῷ
1611 1087 1837 1153 Ἰησοῦ,
1867 1086 1968 1140 καὶ
1992 1086 2109 1154 τὴν

527 1162 730 1232 ὀσμὴν
757 1162 868 1231 τῆς
897 1163 1175 1233 γνώσεως
1213 1166 1401 1220 αὐτοῦ
1435 1167 1795 1237 φανεροῦντι
1823 1169 1897 1224 δι’
1936 1167 2108 1238 ἡμῶν

524 1247 595 1299 ἐν
619 1246 796 1300 παντὶ
825 1248 1006 1311 τόπῳ.
1046 1248 1319 1321 Καθάπερ
1344 1250 1452 1322 γάρ
1492 1269 1663 1324 μυρον
1692 1251 1797 1316 ἕως
1823 1254 1920 1324 μὲν
1948 1255 2004 1307 ἐν
2027 1252 2108 1306 ἐνὶ

525 1332 676 1404 τόπῳ
714 1334 906 1398 κεῖται,
955 1332 1164 1387 ἐκεῖνον
1211 1332 1372 1402 μόνον
1417 1334 1790 1406 ἀναχρώννυσι
1835 1335 1925 1388 τὸν
1969 1335 2106 1405 ἀέρα

523 1416 622 1486 τῆς
653 1415 903 1483 εὐωδίας,
937 1415 1159 1470 ἐπειδὰν
1186 1415 1244 1468 δέ
1276 1418 1356 1480 εἰς
1382 1416 1555 1470 πολλὰ
1583 1418 1882 1490 προενεχθῇ
1908 1419 2103 1491 χωρία,

525 1499 704 1552 πάντα
735 1496 1045 1569 ἐμπίπλησι
1079 1497 1177 1567 τῆς
1208 1499 1417 1562 οἰκείας
1440 1500 1642 1572 ἀρετῆς
1670 1499 1721 1539 ι’·
1744 1500 1887 1555 οὕτω
1915 1502 1978 1573 δὴ
2012 1501 2107 1554 καὶ

524 1581 617 1635 ἐπὶ
643 1581 739 1634 τοῦ
770 1582 1047 1653 μάρτυρος
1069 1581 1354 1635 συνέϐαινε
1375 1583 1518 1637 τότε.
1543 1585 1846 1657 Περιήγετο
1879 1586 1977 1656 μέν
1997 1585 2105 1656 γὰρ

524 1666 599 1728 ὡς
647 1663 798 1738 [674]
848 1664 1058 1735 μέλλων
1108 1665 1598 1738 καταισχύνεσθαι,
1648 1668 1708 1722 τὺ
1756 1668 1814 1724 δὲ
1866 1669 2106 1723 ἐναντίον

524 1748 792 1815 ἐξέϐαινε·
840 1747 1223 1818 λαμπρότερος
1263 1750 1293 1803 ὀ
1336 1750 1575 1822 ἀθλητὴς
1625 1751 1714 1806 διὰ
1743 1751 1846 1822 τῆς
1879 1752 2106 1823 πομπῆς

524 1833 742 1903 ἐκείνης
770 1831 1039 1900 ἐγίγνετο,
1054 1832 1150 1884 καὶ
1169 1833 1377 1897 πάντας
1403 1836 1529 1899 τοὺς
1547 1834 1645 1904 τὴν
1662 1835 1901 1890 Κιλίκων
1924 1834 2105 1906 χώραν

524 1916 813 1981 οἰκοῦντας
844 1916 945 1987 τῆς
972 1916 1182 1980 οἰκείας
1221 1918 1396 1971 ἐποίει
1440 1917 1689 1990 ζηλωτὰς
1722 1919 1943 1991 ἀρετῆς.
1997 1921 2107 1972 Πε-

530 2001 753 2074 ριήγετο
786 1999 1087 2072 πανταχοῦ,
1130 2002 1218 2056 ἵνα
1271 2004 1345 2073 μὴ
1382 2002 1542 2073 μόνον
1593 2003 1653 2069 ἐξ
1690 2005 1860 2075 ἀκοῆς
1892 2004 2106 2077 μάθωσι

524 2085 595 2138 τὰ
624 2084 999 2154 παλαίσματα,
1023 2083 1161 2138 ἀλλά
1195 2084 1286 2137 καὶ
1314 2086 1476 2139 αὐτὸν
1517 2085 1758 2157 βλέπωσι
1779 2089 1871 2141 τὸν
1905 2105 2106 2159 στεφα-

524 2171 677 2237 νίτην
721 2171 771 2223 οί
810 2167 1018 2222 θεαταί·
1051 2169 1145 2223 καὶ
1186 2169 1296 2241 ὅσῳ
1345 2172 1718 2244 μακροτέρους
1750 2173 1900 2246 αὐτῷ
1931 2175 2107 2228 ἐποίει

524 2253 651 2316 τοὺς
682 2251 955 2318 διαύλους,
993 2251 1232 2325 τοσούτῳ
1270 2253 1642 2326 λαμπρότεροι
1675 2258 1723 2310 οἱ
1745 2256 1938 2330 δρόμοι
1966 2258 2106 2313 πάν-

523 2355 613 2401 τες
636 2337 931 2406 ἐγίγνοντο·
963 2339 1075 2409 ὅσῳ
1101 2337 1324 2409 μείζονα
1353 2338 1522 2393 ἐτίθει
1554 2339 1623 2394 τά
1657 2341 1978 2412 σκάμματα,
2013 2360 2105 2397 το-

525 2424 700 2494 σούτῳ
735 2422 1156 2494 θαυμαστότερα
1196 2418 1465 2491 ἀπέφαινε
1499 2423 1569 2477 τά
1598 2424 1972 2496 παλαίσματα·
1995 2428 2106 2496 ὅσῳ

521 2511 620 2581 τὴν
657 2509 834 2578 θλίψιν
870 2507 1150 2562 ἐπέτεινεν
1178 2509 1260 2571 εἰς
1281 2506 1475 2579 χρόνου
1516 2508 1713 2579 μῆκος,
1743 2509 1984 2583 τοσούτῳ
2006 2512 2106 2583 τὴν

522 2594 803 2666 ὑπομονὴν
859 2592 1025 2647 αὑτοῦ
1058 2592 1434 2662 δοκιμωτέραν
1481 2592 1793 2663 είργάζετο.
1837 2595 1947 2648 Καὶ
1996 2596 2106 2667 γὰρ

520 2679 745 2750 χρυσίον
776 2674 996 2729 πλείονα
1026 2674 1217 2744 χρόνον
1240 2677 1306 2744 τῇ
1333 2674 1429 2726 τοῦ
1455 2674 1630 2745 πυρὸς
1660 2675 1885 2747 ὁμιλοῦν
1921 2678 2102 2745 φύσει,

521 2759 905 2832 καθαρώτερον
932 2757 1160 2825 γίνεται·
1186 2755 1436 2829 καθάπερ
1468 2757 1591 2810 τότε
1634 2758 1728 2811 καὶ
1768 2759 1803 2829 ὴ
1827 2758 1920 2812 τοῦ
1948 2759 2103 2828 ἁγίου

520 2842 668 2914 ψυχὴ
697 2839 1097 2912 βασανιζομένη
1120 2837 1195 2909 τῷ
1222 2840 1401 2910 χρόνῳ
1426 2838 1625 2909 μᾶλλον
1662 2840 1976 2913 ἁπέλαμπε.
2011 2844 2105 2896 καὶ

520 2926 675 2980 οὐδὲν
707 2925 917 2993 ἕτερον,
949 2923 1064 2975 ἀλλ’
1098 2922 1131 2992 ἢ
1175 2922 1438 2991 τρόπαιον
1479 2922 1600 2976 καθ’
1631 2922 1829 2977 ἐαυτοῦ
1868 2925 1962 2978 καὶ
2009 2926 2103 2979 τοῦ

521 3011 792 3074 διαϐόλου,
832 3009 923 3062 τὸν
957 3006 1207 3080 μάρτυρα
1246 3007 1591 3079 περιέφερεν,
1629 3007 1849 3079 ἔλεγχον
1876 3010 1975 3079 τῆς
1997 3010 2104 3063 τῶν

533 3094 803 3164 Ἑλλήνων
830 3091 1143 3163 ὠμότητος,
1180 3090 1458 3157 ἀπόδειξιν
1484 3091 1584 3161 τῆς
1622 3090 1732 3143 τῶν
1762 3092 2104 3163 Χριστιανῶν

522 3178 837 3241 εὐσεϐείας,
893 3175 1148 3248 μέγιστον
1195 3176 1499 3247 τεκμήριον
1566 3174 1664 3242 τῆς
1716 3177 1812 3229 τοῦ
1865 3175 2102 3248 Χριστοῦ

519 3263 824 3334 δυνάμεως,
852 3261 1179 3332 παραίνεσιν
1209 3260 1302 3312 καὶ
1350 3258 1660 3331 συμϐουλὴν
1689 3263 1809 3324 τοῖς
1853 3264 2101 3327 πιστοῖς,

520 3344 663 3399 ὥστε
716 3343 1017 3418 προθύμως
1062 3345 1178 3406 τοῖς
1231 3342 1416 3406 αὐτοῖς
1469 3343 1828 3415 ἐγκαρτερεῖν
1887 3346 2101 3415 ἀγῶσι,

521 3429 740 3500 κήρυκα
777 3427 877 3497 τῆς
922 3424 1017 3479 τοῦ
1071 3424 1207 3478 Θεοῦ
1250 3423 1432 3495 δόξης,
1495 3425 1814 3481 διδάσκαλον
1860 3429 1962 3500 τῆς
1994 3428 2103 3484 τῶν

520 3511 774 3566 τοιούτων
818 3509 1215 3580 παλαισμάτων
1262 3510 1593 3582 ἐπιστήμης.
1650 3512 1957 3581 Παρεκάλει
1995 3513 2105 3585 γὰρ

522 3597 770 3658 ἅπαντας
796 3593 932 3665 πρὸς
985 3592 1076 3646 τὸν
1115 3593 1314 3646 οἰκεῖον
1343 3590 1504 3663 ζῆλον
1531 3594 1955 3663 μεταναστῆναι,
1984 3596 2105 3666 οὐχὶ

520 3678 607 3732 διὰ
632 3678 733 3747 τῆς
765 3677 975 3747 φωνῆς-
986 3676 1146 3746 μόνον
1185 3674 1590 3745 συμϐουλεύων,
1624 3674 1761 3730 ἀλλά
1793 3678 1885 3731 καὶ
1910 3677 1978 3731 δι’
2007 3680 2105 3733 αύ-

519 3761 629 3816 τῶν
659 3760 766 3814 τῶν
800 3758 1141 3832 πραγμάτων
1176 3757 1476 3826 σάλπιγγος
1503 3757 1891 3831 λαμπροτέραν
1925 3762 2106 3829 ἀφιεὶς

522 3845 729 3914 φωνήν.
760 3844 872 3898 Καὶ
922 3840 1174 3911 καθάπερ
1224 3843 1271 3894 οί
1324 3841 1544 3910 οὐρανοὶ
1591 3842 1903 3912 διηγοῦνται
1944 3843 2103 3910 δόξαν

522 3925 682 3990 Θεοῦ,
712 3926 832 3997 οὐχὶ
861 3924 1041 3995 φωνὴν
1067 3924 1339 3993 ἀφιέντες,
1362 3923 1499 3977 ἀλλά
1527 3927 1595 3996 τῇ
1632 3924 1977 3999 λαμπρότητι
2003 3931 2104 4000 τῆς

522 4009 700 4079 ὄψεως
734 4008 825 4061 τὸν
865 4006 1062 4078 θεατὴν
1113 4007 1249 4078 πρὸς
1295 4006 1355 4060 τὸ
1400 4006 1585 4078 θαῦμα
1630 4007 1724 4061 τοῦ
1768 4010 2103 4080 δημιουργοῦ

523 4090 1020 4165 παραπέμποντες·
1075 4088 1220 4142 οὕτω
1278 4089 1342 4161 δὴ
1407 4091 1500 4144 καὶ
1547 4091 1577 4142 ὁ
1627 4091 1838 4163 μάρτυς
1900 4095 2105 4158 ἐκεῖνος

521 4177 763 4246 διηγεῖτο
794 4174 914 4228 τότε
942 4172 1097 4238 δόξαν
1129 4171 1287 4237 Θεοῦ,
1318 4172 1548 4245 οὐρανὸς
1566 4173 1642 4227 ῶν
1669 4175 1760 4229 καὶ
1790 4176 1974 4239 αὐτὸς,
2011 4177 2106 4231 καὶ

524 4261 658 4313 πολὺ
696 4258 791 4311 τοῦ
834 4257 1163 4328 φαινομένου
1193 4255 1380 4310 τούτου
1413 4256 1764 4329 φαιδρότερος
1791 4269 1812 4298 ο
1838 4297 1851 4312 .
1889 4260 1963 4313 Οὐ
1995 4261 2106 4330 γάρ

523 4343 666 4397 οὕτω
716 4340 807 4395 τὸν
852 4340 1078 4412 οὐρανὸν
1136 4338 1390 4410 λαμπρὸν
1450 4341 1844 4408 ἀποφαίνουσιν
1901 4344 1950 4395 οἰ
1994 4342 2105 4396 τῶν

523 4428 739 4498 ἄστρων
787 4424 960 4495 χοροὶ,
1007 4423 1084 4486 ὡς
1117 4422 1179 4475 τὸ
1213 4420 1309 4475 τοῦ
1347 4422 1626 4493 μάρτυρος
1656 4423 1819 4495 σῶμα
1848 4425 2107 4497 λαμπρά-

524 4528 680 4582 τερον
701 4509 990 4578 ἀπέφηναν
1030 4507 1081 4559 οἱ
1117 4505 1226 4558 τῶν
1261 4505 1593 4576 τραυμάτων
1629 4506 1843 4577 ἰχῶρες.
1877 4509 1989 4561 Καὶ
2019 4510 2105 4562 ἵνα

530 4595 736 4666 μάθητε
770 4594 850 4647 ὃτι
879 4592 948 4646 τὰ
999 4590 1293 4662 τραύματα
1325 4589 1420 4643 τοῦ
1472 4589 1750 4662 μάρτυρος
1785 4591 1893 4645 τῶν
1923 4595 1980 4645 ἐν
2016 4593 2107 4647 οὐ-

531 4676 671 4749 ρανῷ
697 4677 1023 4746 πεπηγότων
1046 4677 1261 4746 ἄστρων
1290 4673 1645 4745 λαμπρότερα
1663 4715 1678 4741 ,
1724 4678 1997 4729 σκοπεῖτε.

598 4759 743 4830 Πρὸς
769 4762 973 4813 ἐκεῖνον
1001 4759 1101 4829 μὲν
1127 4759 1219 4811 τὸν
1249 4757 1478 4829 οὐρανδν
1504 4758 1597 4811 καὶ
1612 4759 1738 4820 τοὺς
1754 4759 1991 4830 ἀστέρας
2012 4759 2107 4812 καὶ

528 4841 624 4897 ἄνθ
634 4857 801 4910 ρωποι
822 4843 910 4894 καὶ
926 4842 1177 4912 δαίμονες
1204 4841 1482 4912 βλέπουσι,
1502 4840 1637 4911 πρὸς
1656 4840 1712 4892 δὲ
1728 4840 1797 4893 τὰ
1816 4842 2109 4912 τραύματα

436 4964 449 4971 -
527 4923 718 4979 τούτου
750 4923 1024 4994 ἄνθρωποι
1056 4925 1154 4995 μὲν
1187 4924 1479 4994 βλέπουσιν
1512 4925 1561 4975 οἱ
1595 4925 1801 4989 πιστοὶ,
1851 4924 2107 4995 δαίμονες

456 5038 460 5042 -
529 5010 586 5062 δὲ
611 5006 927 5076 ἀντιϐλέψαι
960 5009 1019 5061 οὐ
1041 5008 1334 5078 τολμῶσιν,
1359 5006 1497 5062 ἁλλά
1528 5005 1631 5059 κᾶν
1682 5006 2107 5078 ἐπιχειρήσωσιν

532 5092 678 5155 ἰδεῖν,
703 5089 905 5153 εὐθέως
935 5089 1370 5159 ἀποτυφλοῦνται
1418 5089 1518 5154 τὰς
1553 5089 1724 5159 ὄψεις,
1766 5089 1864 5159 τὴν
1898 5089 2108 5143 ἐκεῖθεν

530 5175 856 5246 ἐκπηδῶσαν
893 5173 1263 5245 μαρμαρυγὴν
1287 5173 1312 5213 τι
1340 5174 1399 5227 οὐ
1430 5172 1719 5243 δυνάμενοι
1754 5172 1964 5243 φέρειν.
1995 5174 2108 5226 Καὶ

528 5259 686 5313 τοῦτο
711 5259 808 5311 οὐκ
833 5257 943 5311 ἀπὸ
971 5256 1079 5310 τῶν
1110 5254 1277 5309 πάλαι
1302 5255 1728 5326 συμϐεϐηκότων
1760 5253 2108 5325 πιστώσομαι

533 5344 715 5411 μόνον,
755 5342 892 5396 ἀλλὰ
937 5341 1034 5396 καὶ
1081 5338 1189 5394 ἀπὸ
1221 5338 1328 5393 τῶν
1381 5338 1460 5391 ἔτι
1514 5340 1608 5393 καὶ
1638 5339 1732 5394 νῦν
1784 5338 2105 5408 γινομένων.

531 5427 726 5492 Λαϐὼν
747 5427 856 5497 γάρ
879 5444 999 5479 τινα
1022 5422 1362 5496 δαιμονῶντα
1380 5422 1474 5475 καὶ
1501 5422 1825 5494 μαινόμενον
1849 5421 2109 5490 εἰσάγαγε

592 5538 620 5566 ⁸³
646 5537 817 5606 Μρνθι.
843 5539 1165 5606 λαμπρότερον
1183 5538 1473 5606 ἀποφαίνων..
1497 5538 1522 5584 ὁ
1618 5536 1791 5606 μάρτρς
1973 5533 2111 5606 [ἷῃιιε

530 5596 656 5672 ξος.
688 5596 1013 5672 λαμπρότερόν
1034 5596 1240 5672 ἀπέφηνε
1275 5596 1515 5672 καὶςξϐόα.
1564 5596 1698 5647 Ιὺὶύξ
1724 5597 1876 5646 Savil.
1909 5604 1959 5645 et
1984 5596 2111 5645 alius

532 5657 781 5723 ng._§_§é
800 5657 1327 5723 μάρτύςπεριαγόμενος
1346 5660 1477 5706 ἐϐόα.

596 5718 623 5782 ἰ)
648 5718 746 5782 Alii
766 5718 851 5782 τῆς
868 5718 1043 5777 οἰκείας
1059 5718 1329 5782 δυνάμεως.

597 5780 624 5856 ξ
649 5777 786 5856 l‘]
809 5781 1113 5856 Bﬁﬁ.‘106‘to‘v
1130 5777 1464 5856 λαμπρότερος.

594 5832 624 5877 δ
644 5836 741 5886 Alii
764 5832 1044 5898 ἐπιπηδῶσαν
1062 5832 1321 5904 ἀπράπῆ·ι.

1221 384 1278 435 5.
1319 383 1601 438 JOANNIS
1638 380 2120 441 CHRYSOSTOMI
2160 379 2479 436 ARCHIEP.
2520 380 3066 439 CONSTANTINUP.

3677 382 3773 443 670

2210 498 2345 569 πρὸς
2364 501 2456 555 τὸν
2480 501 2635 570 ἀγιον
2667 503 2839 572 τάφον
2873 505 3100 566 ἐκεῖνον,
3129 499 3258 555 ἔνθα
3293 499 3384 553 τοῦ
3413 499 3691 571 μάρτυρος
3714 501 3779 555 τὰ

2207 582 2456 651 λείψανα,
2473 584 2569 638 καὶ
2591 584 2712 655 δψει
2736 586 2954 649 πάντως
2973 583 3340 655 ἀποπηδῶντα
3375 584 3467 637 καίΙ
3491 582 3774 652 φεύγοντα.

2206 667 2478 740 Καθάπερ
2498 669 2609 740 γὰρ
2641 668 2928 742 ἀνθράκων
2960 668 3168 740 μέλλων
3188 664 3509 726 ἐπιϐαίνειν,
3528 665 3703 730 οὕτως
3725 667 3780 732 ἐξ

2207 752 2387 806 αὐτῶν
2413 752 2614 817 εὐθέως
2639 752 2921 818 ἐξάλλεται
2940 753 3052 806 τῶν
3071 750 3384 823 προθύρων,
3396 749 3520 805 οὐδὲ
3538 749 3671 822 πρὸς
3688 750 3778 820 τὴν

2208 836 2385 908 θήκην
2434 837 2606 909 αὐτὴν
2648 837 2968 908 ἀντιϐλέψαι
3004 836 3242 907 τολμῶν.
3294 837 3357 889 Εἰ
3403 835 3460 888 δὲ
3504 834 3603 888 νῦν
3652 834 3780 905 μετά

2205 922 2460 976 τοσοῦτον
2496 923 2724 994 χρόνον,
2765 922 2855 977 ὅτε
2912 922 3061 983 κόνις
3109 920 3327 990 ἐγένετο
3354 918 3447 972 καὶ
3496 918 3695 989 τέφρα,
3723 918 3779 971 οὐ

2206 1006 2479 1077 τολμῶσιν
2539 1006 2842 1076 ἀναϐλέψαι
2892 1006 3032 1077 πρὸς
3059 1006 3121 1059 τὸ
3159 1005 3368 1077 μνῆμα,
3402 1000 3527 1056 ούδέ
3559 1000 3693 1071 πρὸς
3718 1001 3780 1054 τά

2206 1092 2388 1162 γυμνά
2412 1092 2546 1146 ὀστᾶ
2561 1092 2654 1146 τοῦ
2683 1092 2861 1160 ἀγίου,
2879 1089 3105 1161 εὔδηλον
3120 1092 3204 1144 ὅτι
3227 1090 3322 1142 καὶ
3341 1089 3485 1150 τότε,
3498 1086 3589 1139 ὅτε
3606 1084 3779 1156 ἐώρων

2207 1176 2371 1229 αὑτὸν
2429 1174 2625 1246 αἵματι
2674 1175 3084 1245 φοινισσόμενον
3147 1171 3433 1232 πάντοθεν,
3477 1168 3778 1240 τραύμασιν

2207 1258 2601 1313 ἀποστίλϐοντα
2634 1260 2858 1331 μᾶλλον,
2892 1259 2926 1331 ἢ
2963 1258 3054 1312 τὸν
3082 1257 3233 1329 ἥλιον
3260 1259 3380 1318 ταῖς
3401 1256 3612 1319 ἀκτῖσι,
3661 1270 3780 1307 κατ-

2211 1341 2551 1411 επλάγησαν,
2582 1345 2676 1396 καὶ
2698 1341 2998 1413 πληγέντες
3023 1339 3123 1404 τὰς
3160 1341 3312 1409 ὄψεις
3344 1336 3716 1407 ἀνεχώρησαν.

2281 1425 2350 1493 γ’.
2373 1420 2526 1488 Εἶδες
2547 1425 2667 1490 πῶς
2681 1424 2788 1479 τῶν
2810 1424 3076 1492 οὐρανίων
3092 1424 3339 1494 ἀστέρων
3355 1420 3423 1473 τὰ
3446 1419 3558 1473 τῶν
3587 1418 3779 1489 μαρτύ-

2208 1525 2318 1579 ρων
2330 1509 2623 1580 τραύματα
2639 1508 2890 1581 φαιδρότε
2899 1526 2967 1581 ρα
2986 1509 3082 1563 καὶ
3103 1504 3544 1577 θαυμαστότερα,
3557 1503 3649 1557 καὶ
3672 1502 3779 1572 μεί-

2208 1592 2335 1656 ζονα
2354 1593 2465 1663 ἔχει
2485 1593 2585 1665 τὴν
2621 1594 2803 1665 ἰσχύν;
2834 1592 3036 1662 Ἥγετο
3050 1593 3231 1648 τοίνυν
3252 1593 3332 1655 εἰς
3366 1589 3532 1660 μέσον
3559 1590 3588 1642 ὀ
3616 1586 3776 1654 ἆγιος,

2206 1678 2656 1751 καί[675]πικραὶ
2671 1678 3005 1750 πανταχόθεν
3027 1696 3181 1749 περιε
3191 1678 3507 1747 ιστήκεισαν
3519 1673 3777 1736 κολάσεις,

2208 1761 2372 1830 φόϐος
2399 1761 2508 1815 τῶν
2563 1762 2887 1832 μελλόντων.
2927 1762 3087 1826 πόνος
3121 1761 3228 1814 τῶν
3268 1760 3555 1832 παρόντων
3579 1797 3595 1820 ,
3629 1754 3778 1826 ὀδύνη

2206 1844 2316 1899 τῶν
2343 1845 2703 1907 ἐπελθόντων,
2726 1847 2935 1915 ἀγωνία
2954 1846 3063 1899 τῶν
3080 1842 3577 1915 προσδοκωμένων.
3605 1837 3778 1892 Καθά-

2208 1945 2314 2000 περ
2335 1928 2444 2000 γάρ
2470 1947 2614 1994 τινες
2642 1929 2809 2002 θῆρες
2835 1929 3085 2001 ἅγριοιοί
3113 1928 3299 1998 δήμιοι
3326 1923 3680 1997 περιστάντες
3694 1923 3780 1976 αὐ-

2207 2010 2301 2065 τοῦ
2334 2011 2396 2065 τὸ
2418 2012 2580 2083 σῶμα
2605 2013 2901 2086 διώρυττον
2918 2011 3016 2076 τὰς
3048 2010 3311 2083 πλευράς,
3339 2007 3660 2074 κατέξαινον
3691 2004 3780 2068 τὰς

2210 2095 2444 2167 σάρκας,
2469 2094 2826 2165 ἀπεγύμνουν
2868 2098 3026 2158 ὀστᾶ,
3059 2094 3197 2164 πρὸς
3239 2091 3384 2147 αὐτὰ
3407 2090 3482 2144 τά
3511 2092 3640 2145 εἴσω
3684 2087 3781 2142 τῶν

2209 2180 2537 2251 σπλάγχνων
2569 2179 2835 2245 ἐϐάδιζον.
2876 2179 3015 2234 Ἀλλ’
3041 2182 3190 2250 ὅμως
3230 2179 3326 2234 καὶ
3362 2177 3545 2231 πάντα
3583 2174 3778 2245 διερευ-

2207 2262 2440 2335 νώμενοι
2463 2263 2553 2317 τὸν
2587 2262 2862 2337 θησαυρὸν
2900 2264 3011 2335 τῆς.
3040 2262 3278 2325 πίστεως
3319 2257 3667 2328 ἀποσυλῆσαι
3691 2255 3780 2309 οὐκ

2209 2345 2457 2417 ἴσχυσαν.
2500 2347 2626 2401 Ἐπὶ
2685 2349 2783 2419 μὲν
2808 2343 2901 2402 οὖν
2924 2348 3033 2401 τῶν
3057 2346 3300 2417 ταμείων
3337 2343 3447 2398 τῶν
3478 2339 3776 2413 βασιλικῶν,

2205 2429 2334 2483 ἔνθα
2356 2430 2577 2502 χρυσίον
2598 2432 2887 2485 ἀπόκειται
2919 2431 3016 2484 καὶ
3067 2428 3297 2491 πλοῦτος
3345 2426 3538 2498 ἐτερος
3567 2425 3776 2493 ἄφατος.

2206 2514 2274 2568 ἂν
2301 2516 2426 2578 τοὺς
2462 2515 2672 2586 τοίχους
2706 2514 2886 2586 διέλῃς
2918 2513 3098 2585 μόνον,
3124 2514 3192 2567 ἂν
3228 2511 3327 2574 τὰς
3355 2509 3531 2581 θύρας
3555 2505 3776 2577 ἀνοίξῃς.

2205 2598 2410 2661 εὐθέως
2437 2599 2569 2668 ὁρᾷς
2602 2597 2692 2652 τὸν
2721 2597 2994 2670 θησαυρὸν
3017 2596 3416 2668 προκείμενον·
3455 2591 3688 2648 ἐνταῦθα
3729 2589 3778 2643 δὲ

2204 2682 2299 2735 ἐπὶ
2325 2681 2421 2734 τοῦ
2451 2680 2609 2750 ἀγίου
2645 2683 2740 2734 καὶ
2768 2681 3131 2753 χριστοφόρου
3166 2679 3359 2731 τούτου
3393 2676 3530 2731 ναοῦ
3557 2675 3616 2729 τὸ
3640 2676 3776 2728 ἐναν-

2203 2766 2318 2820 τίον
2340 2767 2605 2836 ἐγίγνετο.
2644 2766 2850 2819 Διεῖλον
2878 2765 3004 2828 τοὺς
3034 2765 3246 2835 τοίχους
3270 2763 3321 2815 οί
3363 2761 3573 2833 δήμιοι,
3603 2760 3692 2814 καὶ
3724 2757 3778 2810 τὰ

2207 2851 2406 2921 στέρνα
2435 2849 2765 2921 ἀνέρρηξαν,
2796 2849 2893 2903 καὶ
2920 2848 3011 2901 τὸν
3040 2846 3271 2900 πλοῦτον
3305 2845 3397 2898 τὸν
3432 2840 3776 2911 ἐναποκείμε-

2204 2950 2294 2987 νον
2323 2932 2447 2987 οὔτε
2469 2932 2697 2987 ἔϐλεπον
2716 2977 2729 2995 ,
2776 2931 2901 2986 οὔτε
2941 2930 3128 2989 λαϐεῖν
3177 2928 3441 3001 ἠδύναντο
3467 2943 3482 2959 ·
3514 2926 3626 2981 ἀλλ’
3656 2925 3775 2995 ὅπερ

2206 3017 2444 3087 ἔπασχον
2472 3017 2522 3069 οἰ
2556 3018 2613 3068 ἐν
2632 3015 2903 3085 Σοδόμοις,
2926 3012 3058 3086 παρ’
3086 3014 3225 3084 αὐτῇ
3253 3012 3350 3084 μέν
3370 3014 3435 3081 τῇ
3467 3010 3609 3083 θύρᾳ
3633 3006 3777 3061 ἐστῶ-

2202 3119 2295 3166 τες
2311 3102 2408 3172 τῆς
2439 3101 2533 3154 τοῦ
2569 3099 2693 3154 Λὼτ
2726 3100 2925 3164 οἰκίας,
2956 3099 3054 3171 τὴν
3076 3098 3134 3152 δέ
3160 3098 3364 3151 εἴσοδον
3385 3096 3489 3168 οὐχ
3516 3095 3776 3166 εὑρίσκον-

2204 3202 2294 3247 τες
2317 3201 2330 3214 ·
2359 3184 2503 3237 οὕτω
2529 3183 2594 3255 δὴ
2628 3184 2721 3237 καὶ
2745 3175 2891 3236 οῦτοι
2926 3181 3228 3255 δίηρεύνων
3279 3193 3302 3221 ο
3341 3180 3679 3252 πανταχόθεν
3724 3175 3776 3228 τὸ

2205 3269 2366 3338 σῶμα
2393 3267 2487 3320 τοῦ
2517 3268 2794 3338 μάρτυρος
2816 3307 2832 3330 ,
2861 3264 3216 3320 ἐπιλαϐέσθαι
3250 3264 3309 3318 δὲ
3349 3265 3457 3318 τοῦ
3493 3258 3773 3334 θησαυροῦ,

2205 3352 2300 3406 καί⁸
2334 3350 2569 3404 κενῶσαι
2604 3350 2695 3403 τὸν
2729 3348 2960 3402 πλοῦτον
3010 3349 3110 3420 τῆς
3164 3348 3401 3411 πίστεως
3437 3349 3542 3402 οὐκ
3588 3346 3771 3416 ἴσχυον.

2205 3435 2444 3488 Τοιαῦτα
2468 3434 2567 3504 τῆς
2586 3433 2765 3504 ψυχῆς
2790 3432 2899 3486 τῶν
2933 3432 3104 3501 ἁγίων
3125 3431 3197 3486 τά
3221 3429 3648 3503 κατορθώματα,
3700 3429 3777 3481 άν-

2210 3519 2486 3589 αφαίρετα
2513 3517 2608 3571 καὶ
2636 3515 3081 3586 ἀκαταγώνιστα,
3113 3515 3364 3586 καθάπερ
3392 3516 3452 3568 ἐν
3477 3513 3659 3584 ἀσύλῳ
3683 3512 3776 3567 τινὶ

2205 3602 2390 3673 χωρίῳ
2402 3604 2475 3674 τῇ
2503 3601 2603 3672 τῆς
2626 3600 2807 3671 ψυχῆς
2840 3598 3066 3671 ἀνδρείᾳ
3090 3600 3516 3670 ἐναποκείμενα,
3543 3599 3637 3652 καὶ
3666 3595 3773 3650 οὔτε

2203 3685 2484 3755 τυράννων
2510 3684 2648 3738 αύτά
2684 3683 2971 3754 βλέπουσιν
2989 3682 3281 3753 ὀφθαλμοὶ,
3303 3680 3426 3736 οὔτε
3457 3682 3665 3754 δημίων
3691 3680 3775 3747 ἀρο

2207 3770 2381 3823 πάσαι
2406 3768 2660 3821 δύνανται
2688 3769 2890 3839 χεῖρες,
2930 3765 3069 3820 ἀλλὰ
3100 3767 3205 3821 κᾶν
3235 3766 3406 3837 αὐτὴν
3442 3765 3659 3819 διέλωσι
3688 3763 3774 3833 τὴν

2207 3851 2454 3924 καρδίαν,
2484 3851 2518 3922 ἢ
2554 3852 2788 3922 μάλιστα
2808 3850 2909 3921 τῆς
2949 3849 3129 3921 ψυχῆς
3167 3850 3266 3920 τὴν
3318 3849 3576 3921 ἀνδρείαν
3629 3846 3773 3901 πεπί-

2206 3953 2443 4003 στευται,
2475 3937 2580 3991 κᾶν
2602 3938 2682 4001 είς
2704 3936 2875 4007 μικρά
2904 3935 3257 4006 κατατέμωσι
3294 3934 3436 4006 μέρη
3464 3975 3482 4001 ,
3507 3934 3625 3988 οὐδὲ
3649 3932 3775 3987 οὕτω

2208 4021 2422 4076 κενοῦσι
2454 4020 2546 4075 τὸν
2585 4019 3002 4102 πλοῦτονηάλλά
3047 4020 3144 4073 καί⁵
3191 4018 3361 4071 πλείω
3408 4019 3599 4102 τοῦτον
3627 4014 3776 4088 ἐργά-

2207 4105 2409 4169 ζονται,
2437 4105 2510 4159 Τὸ
2532 4105 2588 4158 δέ
2608 4104 2780 4158 αἴτιον
2802 4101 2937 4165 Θεός
2965 4104 3114 4154 ἐστιν
3138 4104 3167 4155 ὁ
3198 4104 3318 4165 ταῖς
3343 4101 3624 4165 τοιαύταις
3648 4102 3773 4152 ἐνοι⁴

2206 4189 2319 4243 κῶν
2346 4190 2577 4259 ςυχαῑς·
2627 4187 2718 4241 τὸν
2750 4186 2806 4239 δὲ
2835 4184 2956 4255 Θεῷ
2996 4184 3338 4255 πολεμοῦντα
3389 4185 3670 4257 ἀμήχανον
3705 4198 3774 4235 vv-

2208 4273 2374 4342 κῆσαί
2397 4289 2546 4338 ποτε,
2568 4270 2681 4324 ἀλλ’
2703 4269 2918 4339 ἀνάγκη
2942 4266 3418 4337 καταγελασθέντα
3437 4270 3535 4322 καὶ
3552 4264 3775 4337 αἰσχρῶς

2207 4355 2509 4427 ἡττηθέντα
2535 4353 2811 4408 ἀπελθεῖν.
2852 4352 2954 4405 Διά
2973 4351 3130 4406 τοῦτο
3156 4352 3249 4406 καὶ
3288 4352 3412 4405 τότε
3452 4352 3525 4406 τὰ
3572 4348 3775 4404 ἐναντία

2205 4439 2316 4491 τῶν
2343 4437 2609 4492 εἰωθότων
2633 4437 2900 4504 ἐγίγνετο.
2934 4433 3221 4505 Πανταχοῦ
3266 4435 3364 4505 μὲν
3415 4436 3528 4508 γὰρ
3555 4433 3622 4488 τά
3648 4430 3776 4502 πράο

2207 4539 2392 4590 γματα
2410 4524 2476 4593 ρη
2486 4522 2671 4590 μάτων
2700 4523 2925 4591 κρατεῖ·
2953 4520 3075 4573 τότε
3097 4518 3153 4571 δὲ
3175 4519 3323 4587 λόγοι
3348 4518 3601 4589 πράξεων
3623 4513 3773 4585 ἐκρά-

2205 4621 2409 4676 τησαν·
2441 4603 2559 4665 πῶς
2584 4620 2599 4671 ;
2629 4603 2912 4673 Προσῆγον
2948 4603 3102 4655 αὐτοὶ
3153 4601 3266 4673 πῦρ
3295 4601 3389 4654 καὶ
3446 4601 3660 4671 σίδηρον
3691 4594 3770 4648 καὶ

2210 4688 2475 4758 βασάνους
2496 4703 2509 4716 ·
2550 4687 2828 4756 προσῆγον
2854 4686 3123 4751 κολάσεις,
3158 4684 3451 4756 τιμωρίας,
3490 4684 3771 4755 μάστιγας·

2207 4771 2501 4845 διώρυττον
2528 4769 2793 4824 πάντοθεν
2813 4765 2945 4832 ίτάς
2971 4768 3233 4841 πλευρὰς,
3257 4770 3353 4822 καὶ
3372 4771 3401 4822 ὀ
3426 4769 3646 4838 πάσχων
3689 4765 3771 4815 ἀν·

2210 4856 2413 4920 ἀλωτος
2450 4855 2664 4926 ἔμενεν·
2694 4856 2902 4918 ἐκεῖνος
2941 4854 3240 4924 ἐφθέγγετο
3275 4853 3459 4925 μόνον,
3502 4852 3599 4906 καὶ⁵
3626 4846 3770 4918 ψιλὴν

2208 4939 2360 5009 ἠφίει
2407 4939 2615 5008 φωνὴν,
2673 4939 2769 4990 καὶ
2803 4936 2958 5004 λόγος
2993 4938 3172 5008 ἔργων
3210 4936 3538 5008 ἐκράτησεν.
3601 4928 3770 4998 Ἐξήλ·

2210 5024 2333 5077 λετο
2359 5022 2467 5093 γὰρ
2488 5024 2522 5094 ἡ
2555 5021 2687 5091 ἀγία
2710 5021 2862 5093 φωνὴ
2894 5021 2986 5074 τοῦ
3017 5020 3357 5093 μαρτυρικοῦ
3382 5020 3664 5091 στόματος,
3691 5014 3771 5066 καὶ

2210 5105 2490 5175 ἐφείλκετο
2526 5105 2644 5174 μεθ’
2670 5104 2869 5174 ἑαυτῆς
2895 5104 3011 5173 φῶς
3035 5104 3386 5176 φαιδρότερον
3432 5102 3533 5173 τῆς
3564 5096 3771 5172 ἡλιακῆς

2211 5190 2452 5252 ἀκτῖνος.
2486 5188 2702 5259 Ταύτης
2727 5188 2983 5242 τοσοῦτον
3008 5188 3070 5241 τὸ
3096 5187 3213 5257 φῶς
3242 5188 3411 5252 ἐστιν,
3442 5189 3564 5240 ὅσον
3588 5184 3647 5237 τὸ
3670 5181 3765 5232 διάο

2213 5290 2398 5344 στημα
2416 5272 2525 5326 ἀπὸ
2550 5272 2643 5326 τοῦ
2661 5273 2720 5326 οὐ
2730 5272 2890 5343 ρανοῦ
2916 5272 3053 5343 πρὸς
3077 5272 3177 5342 τὴν
3203 5272 3308 5341 γῆν
3328 5287 3341 5300 ·
3377 5270 3572 5341 μᾶλλον
3595 5267 3646 5319 δὲ
3663 5260 3769 5316 οὐδὲ

2211 5357 2369 5410 τοῦτο
2397 5357 2518 5410 ὅλον
2546 5356 2768 5409 δύναται
2789 5356 3061 5426 διαϐῆναι,
3092 5355 3275 5425 ὅτανὴ
3311 5355 3500 5424 στέγη,
3528 5353 3559 5421 ἢ
3589 5351 3766 5415 τοῖχος,

2212 5439 2452 5511 ῆνέφος,
2494 5438 2528 5509 ἢ
2562 5439 2690 5494 ἄλλο
2723 5458 2774 5493 τι
2803 5439 2960 5510 σῶμα
3016 5438 3219 5509 μεταξὺ
3274 5436 3620 5509 παρεμπέσῃ,
3649 5427 3770 5484 ἀλλὰ

2282 5587 2422 5650 ῗΑιὶἰ
2456 5588 2794 5650 διερευνῶντες.
2826 5640 2827 5643 η

2280 5648 2300 5689 ἲ
2326 5632 2422 5699 Ἡῖέ
2442 5632 3139 5711 (ξί-ὖίίῗήἶιιλίοτεί,σιτέεσθαι
3165 5652 3391 5706 deerant,
3412 5632 3765 5711 qum_ex__Savilo_

2212 5717 2266 5761 et
2288 5725 2353 5760 ex
2401 5724 2514 5760 mss.
2560 5713 2873 5772 supplentur.
2903 5704 3011 5759 Mox
3042 5718 3151 5772 post
3180 5712 3337 5774 φωνήν
3360 5704 3496 5774 aditi;
3521 5704 3767 5774 83‘;th

2215 5774 2435 5883 βασάνων
2456 5761 2717 5835 ὑπερορῶν,
2740 5774 2820 5820 καί
2839 5774 2934 5821 τῶν
2957 5761 3279 5834 μαστιζόντων
3297 5761 3599 5835 περιεγένετο-
3621 5761 3767 5814 οὔπα

2235 5836 2350 5883 .ογος
2373 5834 2520 5883 εογων
2542 5837 2790 5883 ἐκράτησε.
3726 5862 3731 5867 ~

2235 5836 2350 5895 .ὀγος
2373 5834 2520 5896 ἔργων
2542 5837 2790 5897 ἐκράτησε.
3364 5834 3369 5835 ⁷
3726 5862 3731 5867 ~
