  <div class='ocr_page' id='page_1' title='image "/cluster/home/n/w/nwhite01/storage/ocr_20150623/50:no.2:pt.2/coo.31924054869494/266.png"; bbox 0 0 4088 6458; ppageno 0'>
   <div class='ocr_carea' id='block_1_1' title="bbox 348 533 1942 611">
    <p class='ocr_par' dir='ltr' id='par_1_1' title="bbox 348 533 1942 611">
     <span class='ocr_line' id='line_1_1' title="bbox 348 533 1942 611; baseline -0.01 -8"><span class='ocrx_word' id='word_1_1' title='bbox 348 544 735 611; x_wconf 83' lang='lat' dir='ltr'><strong>introducebat,</strong></span> <span class='ocrx_word' id='word_1_2' title='bbox 781 542 1074 607; x_wconf 86' lang='lat' dir='ltr'><strong>educebat,</strong></span> <span class='ocrx_word' id='word_1_3' title='bbox 1130 537 1578 608; x_wconf 71' lang='lat' dir='ltr'><strong>interrogationes</strong></span> <span class='ocrx_word' id='word_1_4' title='bbox 1634 533 1942 595; x_wconf 87' lang='lat' dir='ltr'><strong>adhibebat.</strong></span> 
     </span>
    </p>
   </div>
   <div class='ocr_carea' id='block_1_2' title="bbox 348 624 1951 698">
    <p class='ocr_par' dir='ltr' id='par_1_2' title="bbox 348 624 1951 698">
     <span class='ocr_line' id='line_1_2' title="bbox 348 624 1951 698; baseline -0.009 -3"><span class='ocrx_word' id='word_1_5' title='bbox 348 638 498 695; x_wconf 90' lang='lat' dir='ltr'><strong>mille</strong></span> <span class='ocrx_word' id='word_1_6' title='bbox 522 643 787 693; x_wconf 89' lang='lat' dir='ltr'><strong>tormenta</strong></span> <span class='ocrx_word' id='word_1_7' title='bbox 817 633 1181 698; x_wconf 78' lang='lat' dir='ltr'><strong>minitabatur,</strong></span> <span class='ocrx_word' id='word_1_8' title='bbox 1208 629 1524 685; x_wconf 88' lang='lat' dir='ltr'><strong>adulatoriis</strong></span> <span class='ocrx_word' id='word_1_9' title='bbox 1549 628 1727 684; x_wconf 81' lang='lat' dir='ltr'><strong>verbis</strong></span> <span class='ocrx_word' id='word_1_10' title='bbox 1750 624 1951 682; x_wconf 88' lang='lat' dir='ltr'><strong>allicie-</strong></span> 
     </span>
    </p>
   </div>
   <div class='ocr_carea' id='block_1_3' title="bbox 348 715 1949 799">
    <p class='ocr_par' dir='ltr' id='par_1_3' title="bbox 348 715 1949 799">
     <span class='ocr_line' id='line_1_3' title="bbox 348 715 1949 799; baseline -0.009 -12"><span class='ocrx_word' id='word_1_11' title='bbox 348 733 463 799; x_wconf 89' lang='lat' dir='ltr'><strong>bat,</strong></span> <span class='ocrx_word' id='word_1_12' title='bbox 507 743 695 785; x_wconf 88' lang='lat' dir='ltr'><strong>omnes</strong></span> <span class='ocrx_word' id='word_1_13' title='bbox 741 727 1015 782; x_wconf 83' lang='lat' dir='ltr'><strong>machinas</strong></span> <span class='ocrx_word' id='word_1_14' title='bbox 1044 722 1384 788; x_wconf 76' lang='lat' dir='ltr'><strong>admovebat,</strong></span> <span class='ocrx_word' id='word_1_15' title='bbox 1410 730 1468 779; x_wconf 93' lang='lat' dir='ltr'><strong>et</strong></span> <span class='ocrx_word' id='word_1_16' title='bbox 1507 722 1782 777; x_wconf 91' lang='lat' dir='ltr'><strong>immotum</strong></span> <span class='ocrx_word' id='word_1_17' title='bbox 1822 715 1949 773; x_wconf 88' lang='lat' dir='ltr'><strong>illud</strong></span> 
     </span>
    </p>
   </div>
   <div class='ocr_carea' id='block_1_4' title="bbox 351 813 1954 883">
    <p class='ocr_par' dir='ltr' id='par_1_4' title="bbox 351 813 1954 883">
     <span class='ocr_line' id='line_1_4' title="bbox 351 813 1954 883; baseline -0.009 -5"><span class='ocrx_word' id='word_1_18' title='bbox 351 822 758 879; x_wconf 79' lang='lat' dir='ltr'><strong>fundamentum</strong></span> <span class='ocrx_word' id='word_1_19' title='bbox 800 826 1090 874; x_wconf 83' lang='lat' dir='ltr'><strong>concutere</strong></span> <span class='ocrx_word' id='word_1_20' title='bbox 1123 814 1429 881; x_wconf 80' lang='lat' dir='ltr'><strong>nitebatur;</strong></span> <span class='ocrx_word' id='word_1_21' title='bbox 1458 828 1601 868; x_wconf 91' lang='lat' dir='ltr'><strong>anno</strong></span> <span class='ocrx_word' id='word_1_22' title='bbox 1622 813 1832 883; x_wconf 90' lang='lat' dir='ltr'><strong>integro</strong></span> <span class='ocrx_word' id='word_1_23' title='bbox 1858 823 1954 880; x_wconf 89' lang='lat' dir='ltr'><strong>per</strong></span> 
     </span>
    </p>
   </div>
   <div class='ocr_carea' id='block_1_5' title="bbox 352 902 1953 976">
    <p class='ocr_par' dir='ltr' id='par_1_5' title="bbox 352 902 1953 976">
     <span class='ocr_line' id='line_1_5' title="bbox 352 902 1953 976; baseline -0.009 -6"><span class='ocrx_word' id='word_1_24' title='bbox 352 917 660 970; x_wconf 87' lang='lat' dir='ltr'><strong>universam</strong></span> <span class='ocrx_word' id='word_1_25' title='bbox 685 912 833 966; x_wconf 86' lang='lat' dir='ltr'><strong>illum</strong></span> <span class='ocrx_word' id='word_1_26' title='bbox 857 909 1095 965; x_wconf 86' lang='lat' dir='ltr'><strong>Ciliciam</strong></span> <span class='ocrx_word' id='word_1_27' title='bbox 1124 905 1585 972; x_wconf 83' lang='lat' dir='ltr'><strong>circuntducebat,</strong></span> <span class='ocrx_word' id='word_1_28' title='bbox 1632 902 1953 976; x_wconf 87' lang='lat' dir='ltr'><strong>ignominia-</strong></span> 
     </span>
    </p>
   </div>
   <div class='ocr_carea' id='block_1_6' title="bbox 351 993 1950 1075">
    <p class='ocr_par' dir='ltr' id='par_1_6' title="bbox 351 993 1950 1075">
     <span class='ocr_line' id='line_1_6' title="bbox 351 993 1950 1075; baseline -0.009 -16"><span class='ocrx_word' id='word_1_29' title='bbox 351 1022 455 1075; x_wconf 94' lang='lat' dir='ltr'><strong>que</strong></span> <span class='ocrx_word' id='word_1_30' title='bbox 487 1004 755 1059; x_wconf 90' lang='lat' dir='ltr'><strong>afﬁciebat</strong></span> <span class='ocrx_word' id='word_1_31' title='bbox 780 1020 794 1057; x_wconf 92' lang='lat'><strong>:</strong></span> <span class='ocrx_word' id='word_1_32' title='bbox 821 1002 930 1056; x_wconf 86' lang='lat' dir='ltr'><strong>imo</strong></span> <span class='ocrx_word' id='word_1_33' title='bbox 954 1013 1102 1063; x_wconf 89' lang='lat' dir='ltr'><strong>vero,</strong></span> <span class='ocrx_word' id='word_1_34' title='bbox 1131 999 1272 1069; x_wconf 87' lang='lat' dir='ltr'><strong>quod</strong></span> <span class='ocrx_word' id='word_1_35' title='bbox 1315 997 1537 1051; x_wconf 91' lang='lat' dir='ltr'><strong>minime</strong></span> <span class='ocrx_word' id='word_1_36' title='bbox 1577 993 1950 1057; x_wconf 86' lang='lat' dir='ltr'><strong>arbitrabatur,</strong></span> 
     </span>
    </p>
   </div>
   <div class='ocr_carea' id='block_1_7' title="bbox 350 1093 1955 1163">
    <p class='ocr_par' dir='ltr' id='par_1_7' title="bbox 350 1093 1955 1163">
     <span class='ocr_line' id='line_1_7' title="bbox 350 1093 1955 1163; baseline -0.008 -11"><span class='ocrx_word' id='word_1_37' title='bbox 350 1095 699 1155; x_wconf 89' lang='lat' dir='ltr'><strong>illustriorem</strong></span> <span class='ocrx_word' id='word_1_38' title='bbox 743 1094 1000 1150; x_wconf 81' lang='lat' dir='ltr'><strong>reddebat</strong></span> <span class='ocrx_word' id='word_1_39' title='bbox 1044 1103 1371 1163; x_wconf 79' lang='lat' dir='ltr'><strong>martyrem;</strong></span> <span class='ocrx_word' id='word_1_40' title='bbox 1426 1096 1629 1161; x_wconf 86' lang='lat' dir='ltr'><strong>martyr</strong></span> <span class='ocrx_word' id='word_1_41' title='bbox 1675 1097 1853 1141; x_wconf 89' lang='lat' dir='ltr'><strong>autem</strong></span> <span class='ocrx_word' id='word_1_42' title='bbox 1901 1093 1955 1140; x_wconf 89' lang='lat' dir='ltr'><strong>et</strong></span> 
     </span>
    </p>
   </div>
   <div class='ocr_carea' id='block_1_8' title="bbox 354 1179 1959 1262">
    <p class='ocr_par' dir='ltr' id='par_1_8' title="bbox 354 1179 1959 1262">
     <span class='ocr_line' id='line_1_8' title="bbox 354 1179 1959 1262; baseline -0.011 -15"><span class='ocrx_word' id='word_1_43' title='bbox 354 1193 469 1262; x_wconf 88' lang='lat' dir='ltr'><strong>ipse</strong></span> <span class='ocrx_word' id='word_1_44' title='bbox 500 1186 890 1245; x_wconf 86' lang='lat' dir='ltr'><strong>vociferabatur</strong></span> <span class='ocrx_word' id='word_1_45' title='bbox 915 1185 1342 1254; x_wconf 87' lang='lat' dir='ltr'><strong>concinebatque</strong></span> <span class='ocrx_word' id='word_1_46' title='bbox 1367 1197 1489 1238; x_wconf 91' lang='lat' dir='ltr'><strong>cum</strong></span> <span class='ocrx_word' id='word_1_47' title='bbox 1521 1181 1707 1247; x_wconf 89' lang='lat' dir='ltr'><strong>Paulo,</strong></span> <span class='ocrx_word' id='word_1_48' title='bbox 1736 1179 1839 1232; x_wconf 83' lang='lat' dir='ltr'><strong>Deo</strong></span> <span class='ocrx_word' id='word_1_49' title='bbox 1865 1196 1959 1232; x_wconf 87' lang='lat' dir='ltr'><strong>au-</strong></span> 
     </span>
    </p>
   </div>
   <div class='ocr_carea' id='block_1_9' title="bbox 356 1273 1959 1355">
    <p class='ocr_par' dir='ltr' id='par_1_9' title="bbox 356 1273 1959 1355">
     <span class='ocr_line' id='line_1_9' title="bbox 356 1273 1959 1355; baseline -0.01 -16"><span class='ocrx_word' id='word_1_50' title='bbox 356 1295 454 1339; x_wconf 80' lang='lat' dir='ltr'><strong>tem</strong></span> <span class='ocrx_word' id='word_1_51' title='bbox 501 1282 692 1355; x_wconf 76' lang='lat' dir='ltr'><strong>gratias</strong></span> <span class='ocrx_word' id='word_1_52' title='bbox 732 1280 819 1351; x_wconf 80' lang='lat' dir='ltr'><strong>qui</strong></span> <span class='ocrx_word' id='word_1_53' title='bbox 861 1278 1139 1348; x_wconf 76' lang='lat' dir='ltr'><strong>tn’umpltat</strong></span> <span class='ocrx_word' id='word_1_54' title='bbox 1191 1291 1283 1331; x_wconf 80' lang='lat' dir='ltr'><strong>nos</strong></span> <span class='ocrx_word' id='word_1_55' title='bbox 1335 1277 1388 1330; x_wconf 79' lang='lat' dir='ltr'><strong>in</strong></span> <span class='ocrx_word' id='word_1_56' title='bbox 1434 1274 1655 1338; x_wconf 75' lang='lat' dir='ltr'><strong>Christo,</strong></span> <span class='ocrx_word' id='word_1_57' title='bbox 1682 1283 1728 1328; x_wconf 86' lang='lat' dir='ltr'><strong>et</strong></span> <span class='ocrx_word' id='word_1_58' title='bbox 1753 1273 1959 1327; x_wconf 85' lang='lat' dir='ltr'><strong>odorem</strong></span> 
     </span>
    </p>
   </div>
   <div class='ocr_carea' id='block_1_10' title="bbox 356 1363 1955 1442">
    <p class='ocr_par' dir='ltr' id='par_1_10' title="bbox 356 1363 1955 1442">
     <span class='ocr_line' id='line_1_10' title="bbox 356 1363 1955 1442; baseline -0.008 -13"><span class='ocrx_word' id='word_1_59' title='bbox 356 1376 551 1429; x_wconf 66' lang='lat' dir='ltr'><strong>notitiae</strong></span> <span class='ocrx_word' id='word_1_60' title='bbox 578 1388 686 1428; x_wconf 68' lang='lat' dir='ltr'><strong>sum</strong></span> <span class='ocrx_word' id='word_1_61' title='bbox 724 1371 1012 1442; x_wconf 80' lang='lat' dir='ltr'><strong>manifestat</strong></span> <span class='ocrx_word' id='word_1_62' title='bbox 1039 1386 1128 1440; x_wconf 83' lang='lat' dir='ltr'><strong>per</strong></span> <span class='ocrx_word' id='word_1_63' title='bbox 1160 1385 1257 1423; x_wconf 85' lang='lat' dir='ltr'><strong>nos</strong></span> <span class='ocrx_word' id='word_1_64' title='bbox 1282 1372 1336 1423; x_wconf 80' lang='lat' dir='ltr'><strong>in</strong></span> <span class='ocrx_word' id='word_1_65' title='bbox 1361 1368 1498 1422; x_wconf 85' lang='lat' dir='ltr'><strong>omni</strong></span> <span class='ocrx_word' id='word_1_66' title='bbox 1525 1368 1634 1422; x_wconf 78' lang='lat' dir='ltr'><strong>loco</strong></span> <span class='ocrx_word' id='word_1_67' title='bbox 1656 1366 1731 1435; x_wconf 76' lang='lat'><strong>(2.</strong></span> <span class='ocrx_word' id='word_1_68' title='bbox 1755 1364 1873 1419; x_wconf 86' lang='lat' dir='ltr'><strong>Cor.</strong></span> <span class='ocrx_word' id='word_1_69' title='bbox 1901 1363 1955 1417; x_wconf 75' lang='grc'><strong>2.</strong></span> 
     </span>
    </p>
   </div>
   <div class='ocr_carea' id='block_1_11' title="bbox 360 1457 1961 1539">
    <p class='ocr_par' dir='ltr' id='par_1_11' title="bbox 360 1457 1961 1539">
     <span class='ocr_line' id='line_1_11' title="bbox 360 1457 1961 1539; baseline -0.007 -16"><span class='ocrx_word' id='word_1_70' title='bbox 360 1466 473 1539; x_wconf 71' lang='grc'><strong>14).</strong></span> <span class='ocrx_word' id='word_1_71' title='bbox 516 1465 587 1524; x_wconf 81' lang='lat' dir='ltr'><strong>Ut</strong></span> <span class='ocrx_word' id='word_1_72' title='bbox 628 1465 771 1521; x_wconf 89' lang='lat' dir='ltr'><strong>enim</strong></span> <span class='ocrx_word' id='word_1_73' title='bbox 819 1472 1166 1534; x_wconf 82' lang='lat' dir='ltr'><strong>unguentum,</strong></span> <span class='ocrx_word' id='word_1_74' title='bbox 1211 1461 1470 1533; x_wconf 82' lang='lat' dir='ltr'><strong>quamdiu</strong></span> <span class='ocrx_word' id='word_1_75' title='bbox 1519 1460 1734 1530; x_wconf 88' lang='lat' dir='ltr'><strong>quidem</strong></span> <span class='ocrx_word' id='word_1_76' title='bbox 1775 1473 1879 1512; x_wconf 92' lang='lat' dir='ltr'><strong>uno</strong></span> <span class='ocrx_word' id='word_1_77' title='bbox 1908 1457 1961 1512; x_wconf 93' lang='lat' dir='ltr'><strong>in</strong></span> 
     </span>
    </p>
   </div>
   <div class='ocr_carea' id='block_1_12' title="bbox 362 1550 1961 1621">
    <p class='ocr_par' dir='ltr' id='par_1_12' title="bbox 362 1550 1961 1621">
     <span class='ocr_line' id='line_1_12' title="bbox 362 1550 1961 1621; baseline -0.008 -6"><span class='ocrx_word' id='word_1_78' title='bbox 362 1561 482 1615; x_wconf 87' lang='lat' dir='ltr'><strong>loco</strong></span> <span class='ocrx_word' id='word_1_79' title='bbox 510 1559 670 1614; x_wconf 89' lang='lat' dir='ltr'><strong>situm</strong></span> <span class='ocrx_word' id='word_1_80' title='bbox 699 1565 803 1621; x_wconf 86' lang='lat' dir='ltr'><strong>est,</strong></span> <span class='ocrx_word' id='word_1_81' title='bbox 833 1557 1007 1611; x_wconf 90' lang='lat' dir='ltr'><strong>solum</strong></span> <span class='ocrx_word' id='word_1_82' title='bbox 1041 1554 1185 1608; x_wconf 90' lang='lat' dir='ltr'><strong>illum</strong></span> <span class='ocrx_word' id='word_1_83' title='bbox 1217 1567 1398 1608; x_wconf 87' lang='lat' dir='ltr'><strong>aerem</strong></span> <span class='ocrx_word' id='word_1_84' title='bbox 1421 1551 1585 1606; x_wconf 83' lang='lat' dir='ltr'><strong>odore</strong></span> <span class='ocrx_word' id='word_1_85' title='bbox 1611 1550 1809 1615; x_wconf 87' lang='lat' dir='ltr'><strong>inlicit;</strong></span> <span class='ocrx_word' id='word_1_86' title='bbox 1840 1563 1961 1603; x_wconf 91' lang='lat' dir='ltr'><strong>cum</strong></span> 
     </span>
    </p>
   </div>
   <div class='ocr_carea' id='block_1_13' title="bbox 361 1638 1966 1716">
    <p class='ocr_par' dir='ltr' id='par_1_13' title="bbox 361 1638 1966 1716">
     <span class='ocr_line' id='line_1_13' title="bbox 361 1638 1966 1716; baseline -0.007 -11"><span class='ocrx_word' id='word_1_87' title='bbox 361 1661 540 1705; x_wconf 88' lang='lat' dir='ltr'><strong>autem</strong></span> <span class='ocrx_word' id='word_1_88' title='bbox 561 1649 613 1703; x_wconf 93' lang='lat' dir='ltr'><strong>in</strong></span> <span class='ocrx_word' id='word_1_89' title='bbox 631 1648 793 1702; x_wconf 90' lang='lat' dir='ltr'><strong>multa</strong></span> <span class='ocrx_word' id='word_1_90' title='bbox 812 1646 973 1702; x_wconf 89' lang='lat' dir='ltr'><strong>fuerit</strong></span> <span class='ocrx_word' id='word_1_91' title='bbox 986 1645 1101 1700; x_wconf 88' lang='lat' dir='ltr'><strong>loca</strong></span> <span class='ocrx_word' id='word_1_92' title='bbox 1119 1643 1446 1716; x_wconf 82' lang='lat' dir='ltr'><strong>dispersum,</strong></span> <span class='ocrx_word' id='word_1_93' title='bbox 1467 1641 1646 1698; x_wconf 83' lang='lat' dir='ltr'><strong>omnia</strong></span> <span class='ocrx_word' id='word_1_94' title='bbox 1663 1655 1758 1695; x_wconf 90' lang='lat' dir='ltr'><strong>sua</strong></span> <span class='ocrx_word' id='word_1_95' title='bbox 1772 1638 1966 1694; x_wconf 89' lang='lat' dir='ltr'><strong>virtute</strong></span> 
     </span>
    </p>
   </div>
   <div class='ocr_carea' id='block_1_14' title="bbox 363 1728 1965 1811">
    <p class='ocr_par' dir='ltr' id='par_1_14' title="bbox 363 1728 1965 1811">
     <span class='ocr_line' id='line_1_14' title="bbox 363 1728 1965 1811; baseline -0.009 -14"><span class='ocrx_word' id='word_1_96' title='bbox 363 1741 598 1811; x_wconf 81' lang='lat' dir='ltr'><strong>complet</strong></span> <span class='ocrx_word' id='word_1_97' title='bbox 625 1758 640 1794; x_wconf 90' lang='lat'><strong>:</strong></span> <span class='ocrx_word' id='word_1_98' title='bbox 671 1740 741 1794; x_wconf 92' lang='lat' dir='ltr'><strong>ita</strong></span> <span class='ocrx_word' id='word_1_99' title='bbox 772 1738 1019 1794; x_wconf 87' lang='lat' dir='ltr'><strong>nimirum</strong></span> <span class='ocrx_word' id='word_1_100' title='bbox 1050 1745 1105 1791; x_wconf 93' lang='lat' dir='ltr'><strong>et</strong></span> <span class='ocrx_word' id='word_1_101' title='bbox 1132 1736 1183 1789; x_wconf 91' lang='lat' dir='ltr'><strong>in</strong></span> <span class='ocrx_word' id='word_1_102' title='bbox 1212 1744 1452 1807; x_wconf 80' lang='lat' dir='ltr'><strong>martyre</strong></span> <span class='ocrx_word' id='word_1_103' title='bbox 1481 1731 1694 1787; x_wconf 90' lang='lat' dir='ltr'><strong>accidit.</strong></span> <span class='ocrx_word' id='word_1_104' title='bbox 1722 1728 1965 1785; x_wconf 56' lang='lat' dir='ltr'><strong>Circum-</strong></span> 
     </span>
    </p>
   </div>
   <div class='ocr_carea' id='block_1_15' title="bbox 363 1822 1963 1905">
    <p class='ocr_par' dir='ltr' id='par_1_15' title="bbox 363 1822 1963 1905">
     <span class='ocr_line' id='line_1_15' title="bbox 363 1822 1963 1905; baseline -0.009 -16"><span class='ocrx_word' id='word_1_105' title='bbox 363 1834 621 1905; x_wconf 81' lang='lat' dir='ltr'><strong>agebatur</strong></span> <span class='ocrx_word' id='word_1_106' title='bbox 647 1832 788 1887; x_wconf 89' lang='lat' dir='ltr'><strong>enim</strong></span> <span class='ocrx_word' id='word_1_107' title='bbox 820 1840 932 1885; x_wconf 89' lang='lat' dir='ltr'><strong>tum</strong></span> <span class='ocrx_word' id='word_1_108' title='bbox 963 1827 1220 1898; x_wconf 89' lang='lat' dir='ltr'><strong>temporis</strong></span> <span class='ocrx_word' id='word_1_109' title='bbox 1251 1837 1308 1882; x_wconf 90' lang='lat' dir='ltr'><strong>ut</strong></span> <span class='ocrx_word' id='word_1_110' title='bbox 1332 1825 1626 1882; x_wconf 90' lang='lat' dir='ltr'><strong>inurendus</strong></span> <span class='ocrx_word' id='word_1_111' title='bbox 1651 1822 1963 1895; x_wconf 77' lang='lat' dir='ltr'><strong>ignominia,</strong></span> 
     </span>
    </p>
   </div>
   <div class='ocr_carea' id='block_1_16' title="bbox 366 1915 1969 1980">
    <p class='ocr_par' dir='ltr' id='par_1_16' title="bbox 366 1915 1969 1980">
     <span class='ocr_line' id='line_1_16' title="bbox 366 1915 1969 1980; baseline -0.004 0"><span class='ocrx_word' id='word_1_112' title='bbox 366 1924 461 1980; x_wconf 77' lang='lat' dir='ltr'><strong>sed</strong></span> <span class='ocrx_word' id='word_1_113' title='bbox 486 1921 813 1979; x_wconf 88' lang='lat' dir='ltr'><strong>contrarium</strong></span> <span class='ocrx_word' id='word_1_114' title='bbox 843 1920 1153 1975; x_wconf 83' lang='lat' dir='ltr'><strong>eveniebat:</strong></span> <span class='ocrx_word' id='word_1_115' title='bbox 1180 1918 1440 1974; x_wconf 83' lang='lat' dir='ltr'><strong>illustrior</strong></span> <span class='ocrx_word' id='word_1_116' title='bbox 1461 1918 1548 1972; x_wconf 88' lang='lat' dir='ltr'><strong>illa</strong></span> <span class='ocrx_word' id='word_1_117' title='bbox 1577 1915 1969 1974; x_wconf 84' lang='lat' dir='ltr'><strong>transvectione</strong></span> 
     </span>
    </p>
   </div>
   <div class='ocr_carea' id='block_1_17' title="bbox 368 2010 1970 2082">
    <p class='ocr_par' dir='ltr' id='par_1_17' title="bbox 368 2010 1970 2082">
     <span class='ocr_line' id='line_1_17' title="bbox 368 2010 1970 2082; baseline -0.004 -10"><span class='ocrx_word' id='word_1_118' title='bbox 368 2016 531 2072; x_wconf 87' lang='lat' dir='ltr'><strong>ﬁebat</strong></span> <span class='ocrx_word' id='word_1_119' title='bbox 571 2015 808 2081; x_wconf 85' lang='lat' dir='ltr'><strong>athleta,</strong></span> <span class='ocrx_word' id='word_1_120' title='bbox 850 2021 1176 2082; x_wconf 88' lang='lat' dir='ltr'><strong>cunctosque</strong></span> <span class='ocrx_word' id='word_1_121' title='bbox 1223 2012 1447 2068; x_wconf 87' lang='lat' dir='ltr'><strong>Cilicum</strong></span> <span class='ocrx_word' id='word_1_122' title='bbox 1492 2011 1727 2082; x_wconf 78' lang='lat' dir='ltr'><strong>regionis</strong></span> <span class='ocrx_word' id='word_1_123' title='bbox 1769 2010 1970 2065; x_wconf 85' lang='lat' dir='ltr'><strong>incolas</strong></span> 
     </span>
    </p>
   </div>
   <div class='ocr_carea' id='block_1_18' title="bbox 368 2105 1972 2175">
    <p class='ocr_par' dir='ltr' id='par_1_18' title="bbox 368 2105 1972 2175">
     <span class='ocr_line' id='line_1_18' title="bbox 368 2105 1972 2175; baseline -0.004 -12"><span class='ocrx_word' id='word_1_124' title='bbox 368 2125 479 2165; x_wconf 79' lang='lat' dir='ltr'><strong>sua:</strong></span> <span class='ocrx_word' id='word_1_125' title='bbox 522 2108 729 2162; x_wconf 89' lang='lat' dir='ltr'><strong>virtutis</strong></span> <span class='ocrx_word' id='word_1_126' title='bbox 779 2106 1119 2161; x_wconf 78' lang='lat' dir='ltr'><strong>aemulatores</strong></span> <span class='ocrx_word' id='word_1_127' title='bbox 1177 2105 1453 2161; x_wconf 86' lang='lat' dir='ltr'><strong>reddebat.</strong></span> <span class='ocrx_word' id='word_1_128' title='bbox 1504 2105 1972 2175; x_wconf 87' lang='lat' dir='ltr'><strong>Circumagebatur</strong></span> 
     </span>
    </p>
   </div>
   <div class='ocr_carea' id='block_1_19' title="bbox 370 2196 1971 2270">
    <p class='ocr_par' dir='ltr' id='par_1_19' title="bbox 370 2196 1971 2270">
     <span class='ocr_line' id='line_1_19' title="bbox 370 2196 1971 2270; baseline -0.003 -15"><span class='ocrx_word' id='word_1_129' title='bbox 370 2214 800 2270; x_wconf 89' lang='lat' dir='ltr'><strong>quoquoversus,</strong></span> <span class='ocrx_word' id='word_1_130' title='bbox 848 2207 905 2253; x_wconf 93' lang='lat' dir='ltr'><strong>ut</strong></span> <span class='ocrx_word' id='word_1_131' title='bbox 930 2198 1045 2268; x_wconf 82' lang='lat' dir='ltr'><strong>ejus</strong></span> <span class='ocrx_word' id='word_1_132' title='bbox 1073 2199 1372 2253; x_wconf 79' lang='lat' dir='ltr'><strong>certamina</strong></span> <span class='ocrx_word' id='word_1_133' title='bbox 1404 2212 1509 2252; x_wconf 89' lang='lat' dir='ltr'><strong>non</strong></span> <span class='ocrx_word' id='word_1_134' title='bbox 1535 2212 1602 2252; x_wconf 83' lang='lat' dir='ltr'><strong>ex</strong></span> <span class='ocrx_word' id='word_1_135' title='bbox 1631 2196 1770 2251; x_wconf 86' lang='lat' dir='ltr'><strong>fama</strong></span> <span class='ocrx_word' id='word_1_136' title='bbox 1800 2196 1971 2251; x_wconf 88' lang='lat' dir='ltr'><strong>solum</strong></span> 
     </span>
    </p>
   </div>
   <div class='ocr_carea' id='block_1_20' title="bbox 371 2289 1974 2359">
    <p class='ocr_par' dir='ltr' id='par_1_20' title="bbox 371 2289 1974 2359">
     <span class='ocr_line' id='line_1_20' title="bbox 371 2289 1974 2359; baseline -0.001 -14"><span class='ocrx_word' id='word_1_137' title='bbox 371 2291 664 2354; x_wconf 83' lang='lat' dir='ltr'><strong>discerent,</strong></span> <span class='ocrx_word' id='word_1_138' title='bbox 692 2289 788 2343; x_wconf 86' lang='lat' dir='ltr'><strong>sed</strong></span> <span class='ocrx_word' id='word_1_139' title='bbox 830 2296 886 2344; x_wconf 86' lang='lat' dir='ltr'><strong>et</strong></span> <span class='ocrx_word' id='word_1_140' title='bbox 926 2289 1098 2359; x_wconf 79' lang='lat' dir='ltr'><strong>ipsum</strong></span> <span class='ocrx_word' id='word_1_141' title='bbox 1133 2298 1442 2346; x_wconf 90' lang='lat' dir='ltr'><strong>coronatum</strong></span> <span class='ocrx_word' id='word_1_142' title='bbox 1470 2290 1726 2344; x_wconf 84' lang='lat' dir='ltr'><strong>victorem</strong></span> <span class='ocrx_word' id='word_1_143' title='bbox 1752 2297 1974 2343; x_wconf 78' lang='lat' dir='ltr'><strong>contue-</strong></span> 
     </span>
    </p>
   </div>
   <div class='ocr_carea' id='block_1_21' title="bbox 372 2379 1976 2457">
    <p class='ocr_par' dir='ltr' id='par_1_21' title="bbox 372 2379 1976 2457">
     <span class='ocr_line' id='line_1_21' title="bbox 372 2379 1976 2457; baseline -0.003 -20"><span class='ocrx_word' id='word_1_144' title='bbox 372 2391 559 2437; x_wconf 87' lang='lat' dir='ltr'><strong>rentur</strong></span> <span class='ocrx_word' id='word_1_145' title='bbox 583 2389 951 2450; x_wconf 81' lang='lat' dir='ltr'><strong>spectatores;</strong></span> <span class='ocrx_word' id='word_1_146' title='bbox 983 2388 1294 2452; x_wconf 89' lang='lat' dir='ltr'><strong>quantoque</strong></span> <span class='ocrx_word' id='word_1_147' title='bbox 1333 2381 1601 2451; x_wconf 92' lang='lat' dir='ltr'><strong>longiores</strong></span> <span class='ocrx_word' id='word_1_148' title='bbox 1627 2379 1700 2433; x_wconf 92' lang='lat' dir='ltr'><strong>illi</strong></span> <span class='ocrx_word' id='word_1_149' title='bbox 1725 2380 1976 2457; x_wconf 81' lang='lat' dir='ltr'><strong>circuitus</strong></span> 
     </span>
    </p>
   </div>
   <div class='ocr_carea' id='block_1_22' title="bbox 372 2470 1977 2541">
    <p class='ocr_par' dir='ltr' id='par_1_22' title="bbox 372 2470 1977 2541">
     <span class='ocr_line' id='line_1_22' title="bbox 372 2470 1977 2541; baseline -0.001 -14"><span class='ocrx_word' id='word_1_150' title='bbox 372 2473 531 2527; x_wconf 84' lang='lat' dir='ltr'><strong>stadii</strong></span> <span class='ocrx_word' id='word_1_151' title='bbox 557 2470 938 2541; x_wconf 75' lang='lat' dir='ltr'><strong>curriculoque</strong></span> <span class='ocrx_word' id='word_1_152' title='bbox 964 2470 1247 2537; x_wconf 87' lang='lat' dir='ltr'><strong>reddebat,</strong></span> <span class='ocrx_word' id='word_1_153' title='bbox 1276 2480 1423 2527; x_wconf 86' lang='lat' dir='ltr'><strong>tanto</strong></span> <span class='ocrx_word' id='word_1_154' title='bbox 1445 2471 1762 2525; x_wconf 88' lang='lat' dir='ltr'><strong>illustriores</strong></span> <span class='ocrx_word' id='word_1_155' title='bbox 1788 2485 1977 2525; x_wconf 92' lang='lat' dir='ltr'><strong>cursus</strong></span> 
     </span>
    </p>
   </div>
   <div class='ocr_carea' id='block_1_23' title="bbox 372 2565 1978 2635">
    <p class='ocr_par' dir='ltr' id='par_1_23' title="bbox 372 2565 1978 2635">
     <span class='ocr_line' id='line_1_23' title="bbox 372 2565 1978 2635; baseline -0.002 -14"><span class='ocrx_word' id='word_1_156' title='bbox 372 2581 562 2621; x_wconf 87' lang='lat' dir='ltr'><strong>omnes</strong></span> <span class='ocrx_word' id='word_1_157' title='bbox 590 2566 824 2621; x_wconf 86' lang='lat' dir='ltr'><strong>ﬁebant:</strong></span> <span class='ocrx_word' id='word_1_158' title='bbox 862 2576 1066 2635; x_wconf 86' lang='lat' dir='ltr'><strong>quanto</strong></span> <span class='ocrx_word' id='word_1_159' title='bbox 1099 2565 1299 2635; x_wconf 87' lang='lat' dir='ltr'><strong>majora</strong></span> <span class='ocrx_word' id='word_1_160' title='bbox 1340 2565 1413 2619; x_wconf 88' lang='lat' dir='ltr'><strong>illi</strong></span> <span class='ocrx_word' id='word_1_161' title='bbox 1456 2574 1749 2619; x_wconf 88' lang='lat' dir='ltr'><strong>scammata</strong></span> <span class='ocrx_word' id='word_1_162' title='bbox 1782 2579 1978 2633; x_wconf 84' lang='lat' dir='ltr'><strong>propo-</strong></span> 
     </span>
    </p>
   </div>
   <div class='ocr_carea' id='block_1_24' title="bbox 377 2657 1979 2728">
    <p class='ocr_par' dir='ltr' id='par_1_24' title="bbox 377 2657 1979 2728">
     <span class='ocr_line' id='line_1_24' title="bbox 377 2657 1979 2728; baseline -0.001 -15"><span class='ocrx_word' id='word_1_163' title='bbox 377 2660 559 2724; x_wconf 86' lang='lat' dir='ltr'><strong>nebat,</strong></span> <span class='ocrx_word' id='word_1_164' title='bbox 592 2667 741 2713; x_wconf 87' lang='lat' dir='ltr'><strong>tanto</strong></span> <span class='ocrx_word' id='word_1_165' title='bbox 767 2658 1100 2714; x_wconf 80' lang='lat' dir='ltr'><strong>mirabiliora</strong></span> <span class='ocrx_word' id='word_1_166' title='bbox 1126 2659 1416 2714; x_wconf 85' lang='lat' dir='ltr'><strong>certamina</strong></span> <span class='ocrx_word' id='word_1_167' title='bbox 1443 2657 1707 2713; x_wconf 88' lang='lat' dir='ltr'><strong>efﬁciebat</strong></span> <span class='ocrx_word' id='word_1_168' title='bbox 1737 2674 1754 2713; x_wconf 87' lang='lat'><strong>:</strong></span> <span class='ocrx_word' id='word_1_169' title='bbox 1782 2666 1979 2728; x_wconf 89' lang='lat' dir='ltr'><strong>quanto</strong></span> 
     </span>
    </p>
   </div>
   <div class='ocr_carea' id='block_1_25' title="bbox 374 2751 1980 2823">
    <p class='ocr_par' dir='ltr' id='par_1_25' title="bbox 374 2751 1980 2823">
     <span class='ocr_line' id='line_1_25' title="bbox 374 2751 1980 2823; baseline -0.002 -16"><span class='ocrx_word' id='word_1_170' title='bbox 374 2752 718 2808; x_wconf 75' lang='lat' dir='ltr'><strong>afllictioncm</strong></span> <span class='ocrx_word' id='word_1_171' title='bbox 748 2752 1014 2823; x_wconf 85' lang='lat' dir='ltr'><strong>temporis</strong></span> <span class='ocrx_word' id='word_1_172' title='bbox 1035 2751 1385 2806; x_wconf 89' lang='lat' dir='ltr'><strong>diuturnitate</strong></span> <span class='ocrx_word' id='word_1_173' title='bbox 1421 2751 1792 2820; x_wconf 88' lang='lat' dir='ltr'><strong>protendebat,</strong></span> <span class='ocrx_word' id='word_1_174' title='bbox 1833 2759 1980 2804; x_wconf 86' lang='lat' dir='ltr'><strong>tanto</strong></span> 
     </span>
    </p>
   </div>
   <div class='ocr_carea' id='block_1_26' title="bbox 377 2841 1978 2914">
    <p class='ocr_par' dir='ltr' id='par_1_26' title="bbox 377 2841 1978 2914">
     <span class='ocr_line' id='line_1_26' title="bbox 377 2841 1978 2914; baseline -0.001 -16"><span class='ocrx_word' id='word_1_175' title='bbox 377 2843 743 2914; x_wconf 86' lang='lat' dir='ltr'><strong>probatiorem</strong></span> <span class='ocrx_word' id='word_1_176' title='bbox 765 2843 1080 2914; x_wconf 80' lang='lat' dir='ltr'><strong>patientiam</strong></span> <span class='ocrx_word' id='word_1_177' title='bbox 1105 2842 1504 2912; x_wconf 86' lang='lat' dir='ltr'><strong>ejusrcddebat.</strong></span> <span class='ocrx_word' id='word_1_178' title='bbox 1528 2841 1660 2897; x_wconf 88' lang='lat' dir='ltr'><strong>Nam</strong></span> <span class='ocrx_word' id='word_1_179' title='bbox 1690 2852 1744 2898; x_wconf 91' lang='lat' dir='ltr'><strong>et</strong></span> <span class='ocrx_word' id='word_1_180' title='bbox 1769 2857 1978 2904; x_wconf 87' lang='lat' dir='ltr'><strong>aurum,</strong></span> 
     </span>
    </p>
   </div>
   <div class='ocr_carea' id='block_1_27' title="bbox 378 2935 1982 3009">
    <p class='ocr_par' dir='ltr' id='par_1_27' title="bbox 378 2935 1982 3009">
     <span class='ocr_line' id='line_1_27' title="bbox 378 2935 1982 3009; baseline 0.001 -20"><span class='ocrx_word' id='word_1_181' title='bbox 378 2951 487 3007; x_wconf 81' lang='lat' dir='ltr'><strong>quo</strong></span> <span class='ocrx_word' id='word_1_182' title='bbox 514 2936 715 2992; x_wconf 86' lang='lat' dir='ltr'><strong>diutius</strong></span> <span class='ocrx_word' id='word_1_183' title='bbox 739 2951 867 2992; x_wconf 82' lang='lat' dir='ltr'><strong>cum</strong></span> <span class='ocrx_word' id='word_1_184' title='bbox 895 2937 1031 3009; x_wconf 83' lang='lat' dir='ltr'><strong>ignis</strong></span> <span class='ocrx_word' id='word_1_185' title='bbox 1059 2947 1244 2992; x_wconf 88' lang='lat' dir='ltr'><strong>natura</strong></span> <span class='ocrx_word' id='word_1_186' title='bbox 1274 2946 1542 3005; x_wconf 83' lang='lat' dir='ltr'><strong>versatur,</strong></span> <span class='ocrx_word' id='word_1_187' title='bbox 1568 2937 1750 3005; x_wconf 88' lang='lat' dir='ltr'><strong>purius</strong></span> <span class='ocrx_word' id='word_1_188' title='bbox 1771 2935 1982 2991; x_wconf 85' lang='lat' dir='ltr'><strong>evadit:</strong></span> 
     </span>
    </p>
   </div>
   <div class='ocr_carea' id='block_1_28' title="bbox 375 3015 1983 3097">
    <p class='ocr_par' dir='ltr' id='par_1_28' title="bbox 375 3015 1983 3097">
     <span class='ocr_line' id='line_1_28' title="bbox 375 3015 1983 3097; baseline -0.001 -17"><span class='ocrx_word' id='word_1_189' title='bbox 375 3027 832 3097; x_wconf 73' lang='lat' dir='ltr'><strong>quemadmodum</strong></span> <span class='ocrx_word' id='word_1_190' title='bbox 860 3036 917 3083; x_wconf 91' lang='lat' dir='ltr'><strong>et</strong></span> <span class='ocrx_word' id='word_1_191' title='bbox 961 3036 1074 3083; x_wconf 91' lang='lat' dir='ltr'><strong>tum</strong></span> <span class='ocrx_word' id='word_1_192' title='bbox 1100 3015 1268 3083; x_wconf 77' lang='lat' dir='ltr'><strong>sancti</strong></span> <span class='ocrx_word' id='word_1_193' title='bbox 1309 3029 1485 3081; x_wconf 70' lang='lat' dir='ltr'><strong>anima</strong></span> <span class='ocrx_word' id='word_1_194' title='bbox 1514 3037 1752 3096; x_wconf 90' lang='lat' dir='ltr'><strong>tempore</strong></span> <span class='ocrx_word' id='word_1_195' title='bbox 1778 3026 1983 3080; x_wconf 80' lang='lat' dir='ltr'><strong>exami-</strong></span> 
     </span>
    </p>
   </div>
   <div class='ocr_carea' id='block_1_29' title="bbox 381 3118 1982 3191">
    <p class='ocr_par' dir='ltr' id='par_1_29' title="bbox 381 3118 1982 3191">
     <span class='ocr_line' id='line_1_29' title="bbox 381 3118 1982 3191; baseline -0.002 -16"><span class='ocrx_word' id='word_1_196' title='bbox 381 3126 506 3175; x_wconf 86' lang='lat' dir='ltr'><strong>nata</strong></span> <span class='ocrx_word' id='word_1_197' title='bbox 557 3121 729 3191; x_wconf 87' lang='lat' dir='ltr'><strong>magis</strong></span> <span class='ocrx_word' id='word_1_198' title='bbox 782 3118 1101 3190; x_wconf 78' lang='lat' dir='ltr'><strong>refulgebat,</strong></span> <span class='ocrx_word' id='word_1_199' title='bbox 1156 3133 1255 3173; x_wconf 91' lang='lat' dir='ltr'><strong>nec</strong></span> <span class='ocrx_word' id='word_1_200' title='bbox 1303 3118 1445 3172; x_wconf 90' lang='lat' dir='ltr'><strong>aliud</strong></span> <span class='ocrx_word' id='word_1_201' title='bbox 1499 3118 1770 3188; x_wconf 87' lang='lat' dir='ltr'><strong>quiddam,</strong></span> <span class='ocrx_word' id='word_1_202' title='bbox 1823 3132 1982 3187; x_wconf 85' lang='lat' dir='ltr'><strong>quam</strong></span> 
     </span>
    </p>
   </div>
   <div class='ocr_carea' id='block_1_30' title="bbox 385 3209 1985 3282">
    <p class='ocr_par' dir='ltr' id='par_1_30' title="bbox 385 3209 1985 3282">
     <span class='ocr_line' id='line_1_30' title="bbox 385 3209 1985 3282; baseline -0.002 -16"><span class='ocrx_word' id='word_1_203' title='bbox 385 3222 645 3282; x_wconf 62' lang='lat' dir='ltr'><strong>tropaeum</strong></span> <span class='ocrx_word' id='word_1_204' title='bbox 695 3209 955 3269; x_wconf 84' lang='lat' dir='ltr'><strong>adversus</strong></span> <span class='ocrx_word' id='word_1_205' title='bbox 1000 3212 1232 3280; x_wconf 90' lang='lat' dir='ltr'><strong>seipsum</strong></span> <span class='ocrx_word' id='word_1_206' title='bbox 1276 3225 1341 3264; x_wconf 90' lang='lat' dir='ltr'><strong>ac</strong></span> <span class='ocrx_word' id='word_1_207' title='bbox 1368 3209 1658 3274; x_wconf 90' lang='lat' dir='ltr'><strong>diabolum,</strong></span> <span class='ocrx_word' id='word_1_208' title='bbox 1693 3219 1985 3281; x_wconf 87' lang='lat' dir='ltr'><strong>martyrem</strong></span> 
     </span>
    </p>
   </div>
   <div class='ocr_carea' id='block_1_31' title="bbox 384 3301 1985 3371">
    <p class='ocr_par' dir='ltr' id='par_1_31' title="bbox 384 3301 1985 3371">
     <span class='ocr_line' id='line_1_31' title="bbox 384 3301 1985 3371; baseline -0.003 -13"><span class='ocrx_word' id='word_1_209' title='bbox 384 3303 834 3366; x_wconf 88' lang='lat' dir='ltr'><strong>circumferebat,</strong></span> <span class='ocrx_word' id='word_1_210' title='bbox 879 3302 1209 3357; x_wconf 89' lang='lat' dir='ltr'><strong>crudelitatis</strong></span> <span class='ocrx_word' id='word_1_211' title='bbox 1254 3301 1531 3371; x_wconf 77' lang='lat' dir='ltr'><strong>gentilium</strong></span> <span class='ocrx_word' id='word_1_212' title='bbox 1578 3310 1985 3371; x_wconf 82' lang='lat' dir='ltr'><strong>argumentum,</strong></span> 
     </span>
    </p>
   </div>
   <div class='ocr_carea' id='block_1_32' title="bbox 384 3391 1990 3468">
    <p class='ocr_par' dir='ltr' id='par_1_32' title="bbox 384 3391 1990 3468">
     <span class='ocr_line' id='line_1_32' title="bbox 384 3391 1990 3468; baseline -0.005 -15"><span class='ocrx_word' id='word_1_213' title='bbox 384 3397 810 3454; x_wconf 81' lang='lat' dir='ltr'><strong>Christianorum</strong></span> <span class='ocrx_word' id='word_1_214' title='bbox 841 3395 1053 3468; x_wconf 88' lang='lat' dir='ltr'><strong>pietatis</strong></span> <span class='ocrx_word' id='word_1_215' title='bbox 1080 3394 1354 3459; x_wconf 88' lang='lat' dir='ltr'><strong>indicium,</strong></span> <span class='ocrx_word' id='word_1_216' title='bbox 1374 3393 1583 3448; x_wconf 89' lang='lat' dir='ltr'><strong>virtutis</strong></span> <span class='ocrx_word' id='word_1_217' title='bbox 1603 3392 1799 3448; x_wconf 82' lang='lat' dir='ltr'><strong>Christi</strong></span> <span class='ocrx_word' id='word_1_218' title='bbox 1822 3391 1990 3445; x_wconf 76' lang='lat' dir='ltr'><strong>maxi-</strong></span> 
     </span>
    </p>
   </div>
   <div class='ocr_carea' id='block_1_33' title="bbox 389 3485 1986 3562">
    <p class='ocr_par' dir='ltr' id='par_1_33' title="bbox 389 3485 1986 3562">
     <span class='ocr_line' id='line_1_33' title="bbox 389 3485 1986 3562; baseline -0.004 -15"><span class='ocrx_word' id='word_1_219' title='bbox 389 3508 536 3547; x_wconf 89' lang='lat' dir='ltr'><strong>mum</strong></span> <span class='ocrx_word' id='word_1_220' title='bbox 583 3492 814 3562; x_wconf 87' lang='lat' dir='ltr'><strong>signum,</strong></span> <span class='ocrx_word' id='word_1_221' title='bbox 866 3490 1273 3546; x_wconf 87' lang='lat' dir='ltr'><strong>incitamentum</strong></span> <span class='ocrx_word' id='word_1_222' title='bbox 1316 3496 1371 3543; x_wconf 90' lang='lat' dir='ltr'><strong>et</strong></span> <span class='ocrx_word' id='word_1_223' title='bbox 1414 3486 1697 3542; x_wconf 84' lang='lat' dir='ltr'><strong>consilium</strong></span> <span class='ocrx_word' id='word_1_224' title='bbox 1723 3485 1986 3553; x_wconf 88' lang='lat' dir='ltr'><strong>ﬁdelibus,</strong></span> 
     </span>
    </p>
   </div>
   <div class='ocr_carea' id='block_1_34' title="bbox 385 3579 1987 3649">
    <p class='ocr_par' dir='ltr' id='par_1_34' title="bbox 385 3579 1987 3649">
     <span class='ocr_line' id='line_1_34' title="bbox 385 3579 1987 3649; baseline -0.003 -13"><span class='ocrx_word' id='word_1_225' title='bbox 385 3591 448 3637; x_wconf 91' lang='lat' dir='ltr'><strong>ut</strong></span> <span class='ocrx_word' id='word_1_226' title='bbox 472 3581 637 3638; x_wconf 88' lang='lat' dir='ltr'><strong>alacri</strong></span> <span class='ocrx_word' id='word_1_227' title='bbox 666 3582 845 3637; x_wconf 92' lang='lat' dir='ltr'><strong>animo</strong></span> <span class='ocrx_word' id='word_1_228' title='bbox 872 3581 930 3637; x_wconf 88' lang='lat' dir='ltr'><strong>in</strong></span> <span class='ocrx_word' id='word_1_229' title='bbox 951 3580 1137 3635; x_wconf 91' lang='lat' dir='ltr'><strong>iisdem</strong></span> <span class='ocrx_word' id='word_1_230' title='bbox 1151 3579 1532 3634; x_wconf 90' lang='lat' dir='ltr'><strong>certaminibus</strong></span> <span class='ocrx_word' id='word_1_231' title='bbox 1559 3586 1987 3649; x_wconf 86' lang='lat' dir='ltr'><strong>perseverarent,</strong></span> 
     </span>
    </p>
   </div>
   <div class='ocr_carea' id='block_1_35' title="bbox 387 3669 1991 3743">
    <p class='ocr_par' dir='ltr' id='par_1_35' title="bbox 387 3669 1991 3743">
     <span class='ocr_line' id='line_1_35' title="bbox 387 3669 1991 3743; baseline -0.001 -16"><span class='ocrx_word' id='word_1_232' title='bbox 387 3673 581 3727; x_wconf 76' lang='lat' dir='ltr'><strong>divina.-</strong></span> <span class='ocrx_word' id='word_1_233' title='bbox 598 3672 780 3743; x_wconf 76' lang='lat' dir='ltr'><strong>gloriae</strong></span> <span class='ocrx_word' id='word_1_234' title='bbox 796 3671 1313 3742; x_wconf 71' lang='lat' dir='ltr'><strong>pramonem,talium</strong></span> <span class='ocrx_word' id='word_1_235' title='bbox 1331 3670 1683 3726; x_wconf 88' lang='lat' dir='ltr'><strong>certaminum</strong></span> <span class='ocrx_word' id='word_1_236' title='bbox 1696 3669 1991 3739; x_wconf 66' lang='lat' dir='ltr'><strong>disciplina:</strong></span> 
     </span>
    </p>
   </div>
   <div class='ocr_carea' id='block_1_36' title="bbox 388 3758 1992 3835">
    <p class='ocr_par' dir='ltr' id='par_1_36' title="bbox 388 3758 1992 3835">
     <span class='ocr_line' id='line_1_36' title="bbox 388 3758 1992 3835; baseline -0.002 -17"><span class='ocrx_word' id='word_1_237' title='bbox 388 3766 724 3835; x_wconf 85' lang='lat' dir='ltr'><strong>magistrum.</strong></span> <span class='ocrx_word' id='word_1_238' title='bbox 773 3758 1009 3820; x_wconf 87' lang='lat' dir='ltr'><strong>Cunctos</strong></span> <span class='ocrx_word' id='word_1_239' title='bbox 1049 3763 1193 3817; x_wconf 88' lang='lat' dir='ltr'><strong>enim</strong></span> <span class='ocrx_word' id='word_1_240' title='bbox 1236 3762 1303 3817; x_wconf 90' lang='lat' dir='ltr'><strong>ad</strong></span> <span class='ocrx_word' id='word_1_241' title='bbox 1349 3762 1700 3817; x_wconf 88' lang='lat' dir='ltr'><strong>imitationem</strong></span> <span class='ocrx_word' id='word_1_242' title='bbox 1750 3761 1831 3816; x_wconf 87' lang='lat' dir='ltr'><strong>sui</strong></span> <span class='ocrx_word' id='word_1_243' title='bbox 1881 3775 1992 3815; x_wconf 86' lang='lat' dir='ltr'><strong>non</strong></span> 
     </span>
    </p>
   </div>
   <div class='ocr_carea' id='block_1_37' title="bbox 388 3852 1992 3922">
    <p class='ocr_par' dir='ltr' id='par_1_37' title="bbox 388 3852 1992 3922">
     <span class='ocr_line' id='line_1_37' title="bbox 388 3852 1992 3922; baseline -0.003 -12"><span class='ocrx_word' id='word_1_244' title='bbox 388 3869 526 3912; x_wconf 90' lang='lat' dir='ltr'><strong>voce</strong></span> <span class='ocrx_word' id='word_1_245' title='bbox 553 3865 754 3911; x_wconf 91' lang='lat' dir='ltr'><strong>tantum</strong></span> <span class='ocrx_word' id='word_1_246' title='bbox 784 3857 1041 3921; x_wconf 87' lang='lat' dir='ltr'><strong>suadens,</strong></span> <span class='ocrx_word' id='word_1_247' title='bbox 1089 3853 1186 3909; x_wconf 90' lang='lat' dir='ltr'><strong>sed</strong></span> <span class='ocrx_word' id='word_1_248' title='bbox 1211 3852 1364 3909; x_wconf 88' lang='lat' dir='ltr'><strong>faetis</strong></span> <span class='ocrx_word' id='word_1_249' title='bbox 1395 3853 1522 3922; x_wconf 82' lang='lat' dir='ltr'><strong>ipsis</strong></span> <span class='ocrx_word' id='word_1_250' title='bbox 1549 3853 1672 3909; x_wconf 90' lang='lat' dir='ltr'><strong>tuba</strong></span> <span class='ocrx_word' id='word_1_251' title='bbox 1710 3852 1992 3907; x_wconf 89' lang='lat' dir='ltr'><strong>clariorem</strong></span> 
     </span>
    </p>
   </div>
   <div class='ocr_carea' id='block_1_38' title="bbox 396 3942 1995 4017">
    <p class='ocr_par' dir='ltr' id='par_1_38' title="bbox 396 3942 1995 4017">
     <span class='ocr_line' id='line_1_38' title="bbox 396 3942 1995 4017; baseline -0.003 -16"><span class='ocrx_word' id='word_1_252' title='bbox 396 3949 619 4004; x_wconf 82' lang='lat' dir='ltr'><strong>mittens</strong></span> <span class='ocrx_word' id='word_1_253' title='bbox 639 3964 848 4017; x_wconf 90' lang='lat' dir='ltr'><strong>vocem,</strong></span> <span class='ocrx_word' id='word_1_254' title='bbox 874 3946 1278 4004; x_wconf 88' lang='lat' dir='ltr'><strong>cohortabatur.</strong></span> <span class='ocrx_word' id='word_1_255' title='bbox 1315 3946 1377 4000; x_wconf 86' lang='lat' dir='ltr'><strong>Et</strong></span> <span class='ocrx_word' id='word_1_256' title='bbox 1403 3943 1850 4014; x_wconf 87' lang='lat' dir='ltr'><strong>quemadmodum</strong></span> <span class='ocrx_word' id='word_1_257' title='bbox 1875 3942 1995 3999; x_wconf 70' lang='lat' dir='ltr'><strong>cmli</strong></span> 
     </span>
    </p>
   </div>
   <div class='ocr_carea' id='block_1_39' title="bbox 392 4036 1991 4112">
    <p class='ocr_par' dir='ltr' id='par_1_39' title="bbox 392 4036 1991 4112">
     <span class='ocr_line' id='line_1_39' title="bbox 392 4036 1991 4112; baseline -0.004 -15"><span class='ocrx_word' id='word_1_258' title='bbox 392 4056 503 4097; x_wconf 78' lang='lat' dir='ltr'><strong>non</strong></span> <span class='ocrx_word' id='word_1_259' title='bbox 534 4043 726 4097; x_wconf 90' lang='lat' dir='ltr'><strong>emissa</strong></span> <span class='ocrx_word' id='word_1_260' title='bbox 753 4057 885 4097; x_wconf 91' lang='lat' dir='ltr'><strong>voce</strong></span> <span class='ocrx_word' id='word_1_261' title='bbox 915 4043 1005 4096; x_wconf 89' lang='lat' dir='ltr'><strong>Dei</strong></span> <span class='ocrx_word' id='word_1_262' title='bbox 1034 4039 1261 4112; x_wconf 80' lang='lat' dir='ltr'><strong>gloriam</strong></span> <span class='ocrx_word' id='word_1_263' title='bbox 1306 4047 1561 4092; x_wconf 89' lang='lat' dir='ltr'><strong>enarrant</strong></span> <span class='ocrx_word' id='word_1_264' title='bbox 1597 4036 1768 4109; x_wconf 70' lang='lat' dir='ltr'><strong>(Paul.</strong></span> <span class='ocrx_word' id='word_1_265' title='bbox 1800 4037 1888 4092; x_wconf 90' lang='grc'><strong>18.</strong></span> <span class='ocrx_word' id='word_1_266' title='bbox 1914 4036 1991 4106; x_wconf 90' lang='grc'><strong>1),</strong></span> 
     </span>
    </p>
   </div>
   <div class='ocr_carea' id='block_1_40' title="bbox 395 4129 1997 4207">
    <p class='ocr_par' dir='ltr' id='par_1_40' title="bbox 395 4129 1997 4207">
     <span class='ocr_line' id='line_1_40' title="bbox 395 4129 1997 4207; baseline -0.005 -16"><span class='ocrx_word' id='word_1_267' title='bbox 395 4135 493 4191; x_wconf 83' lang='lat' dir='ltr'><strong>sed</strong></span> <span class='ocrx_word' id='word_1_268' title='bbox 520 4135 647 4189; x_wconf 88' lang='lat' dir='ltr'><strong>dttm</strong></span> <span class='ocrx_word' id='word_1_269' title='bbox 670 4145 918 4207; x_wconf 89' lang='lat' dir='ltr'><strong>aspectus</strong></span> <span class='ocrx_word' id='word_1_270' title='bbox 941 4135 1023 4189; x_wconf 90' lang='lat' dir='ltr'><strong>sui</strong></span> <span class='ocrx_word' id='word_1_271' title='bbox 1071 4132 1365 4203; x_wconf 84' lang='lat' dir='ltr'><strong>splendore</strong></span> <span class='ocrx_word' id='word_1_272' title='bbox 1401 4137 1758 4201; x_wconf 84' lang='lat' dir='ltr'><strong>spectatorem</strong></span> <span class='ocrx_word' id='word_1_273' title='bbox 1801 4129 1856 4183; x_wconf 89' lang='lat' dir='ltr'><strong>in</strong></span> <span class='ocrx_word' id='word_1_274' title='bbox 1904 4129 1997 4183; x_wconf 90' lang='lat' dir='ltr'><strong>ad-</strong></span> 
     </span>
    </p>
   </div>
   <div class='ocr_carea' id='block_1_41' title="bbox 394 4220 1999 4282">
    <p class='ocr_par' dir='ltr' id='par_1_41' title="bbox 394 4220 1999 4282">
     <span class='ocr_line' id='line_1_41' title="bbox 394 4220 1999 4282; baseline -0.006 0"><span class='ocrx_word' id='word_1_275' title='bbox 394 4226 736 4282; x_wconf 84' lang='lat' dir='ltr'><strong>mirationem</strong></span> <span class='ocrx_word' id='word_1_276' title='bbox 780 4225 1073 4280; x_wconf 88' lang='lat' dir='ltr'><strong>conditoris</strong></span> <span class='ocrx_word' id='word_1_277' title='bbox 1130 4223 1419 4279; x_wconf 87' lang='lat' dir='ltr'><strong>traducunt</strong></span> <span class='ocrx_word' id='word_1_278' title='bbox 1465 4239 1478 4275; x_wconf 90' lang='lat'>:</span> <span class='ocrx_word' id='word_1_279' title='bbox 1524 4221 1595 4275; x_wconf 86' lang='lat' dir='ltr'><strong>ita</strong></span> <span class='ocrx_word' id='word_1_280' title='bbox 1646 4220 1895 4275; x_wconf 87' lang='lat' dir='ltr'><strong>nimirum</strong></span> <span class='ocrx_word' id='word_1_281' title='bbox 1944 4228 1999 4274; x_wconf 88' lang='lat' dir='ltr'><strong>et</strong></span> 
     </span>
    </p>
   </div>
   <div class='ocr_carea' id='block_1_42' title="bbox 394 4310 1995 4388">
    <p class='ocr_par' dir='ltr' id='par_1_42' title="bbox 394 4310 1995 4388">
     <span class='ocr_line' id='line_1_42' title="bbox 394 4310 1995 4388; baseline -0.005 -15"><span class='ocrx_word' id='word_1_282' title='bbox 394 4326 604 4388; x_wconf 70' lang='lat' dir='ltr'><strong>martyr</strong></span> <span class='ocrx_word' id='word_1_283' title='bbox 644 4319 733 4373; x_wconf 92' lang='lat' dir='ltr'><strong>ille</strong></span> <span class='ocrx_word' id='word_1_284' title='bbox 765 4318 854 4373; x_wconf 88' lang='lat' dir='ltr'><strong>Dei</strong></span> <span class='ocrx_word' id='word_1_285' title='bbox 884 4318 1108 4387; x_wconf 82' lang='lat' dir='ltr'><strong>gloriam</strong></span> <span class='ocrx_word' id='word_1_286' title='bbox 1140 4326 1269 4370; x_wconf 89' lang='lat' dir='ltr'><strong>tunc</strong></span> <span class='ocrx_word' id='word_1_287' title='bbox 1293 4313 1595 4380; x_wconf 89' lang='lat' dir='ltr'><strong>enarrabat,</strong></span> <span class='ocrx_word' id='word_1_288' title='bbox 1637 4326 1757 4365; x_wconf 92' lang='lat' dir='ltr'><strong>cum</strong></span> <span class='ocrx_word' id='word_1_289' title='bbox 1806 4310 1995 4365; x_wconf 78' lang='lat' dir='ltr'><strong>ca-lutn</strong></span> 
     </span>
    </p>
   </div>
   <div class='ocr_carea' id='block_1_43' title="bbox 396 4401 1991 4479">
    <p class='ocr_par' dir='ltr' id='par_1_43' title="bbox 396 4401 1991 4479">
     <span class='ocr_line' id='line_1_43' title="bbox 396 4401 1991 4479; baseline -0.006 -15"><span class='ocrx_word' id='word_1_290' title='bbox 396 4419 546 4464; x_wconf 88' lang='lat' dir='ltr'><strong>esset</strong></span> <span class='ocrx_word' id='word_1_291' title='bbox 570 4410 685 4479; x_wconf 84' lang='lat' dir='ltr'><strong>ipse</strong></span> <span class='ocrx_word' id='word_1_292' title='bbox 710 4424 924 4479; x_wconf 90' lang='lat' dir='ltr'><strong>quoque</strong></span> <span class='ocrx_word' id='word_1_293' title='bbox 950 4408 1117 4463; x_wconf 91' lang='lat' dir='ltr'><strong>multo</strong></span> <span class='ocrx_word' id='word_1_294' title='bbox 1145 4408 1250 4461; x_wconf 87' lang='lat' dir='ltr'><strong>isto</strong></span> <span class='ocrx_word' id='word_1_295' title='bbox 1279 4405 1526 4471; x_wconf 87' lang='lat' dir='ltr'><strong>lucidius,</strong></span> <span class='ocrx_word' id='word_1_296' title='bbox 1560 4403 1701 4473; x_wconf 90' lang='lat' dir='ltr'><strong>quod</strong></span> <span class='ocrx_word' id='word_1_297' title='bbox 1730 4401 1991 4457; x_wconf 86' lang='lat' dir='ltr'><strong>videmus.</strong></span> 
     </span>
    </p>
   </div>
   <div class='ocr_carea' id='block_1_44' title="bbox 397 4492 1998 4563">
    <p class='ocr_par' dir='ltr' id='par_1_44' title="bbox 397 4492 1998 4563">
     <span class='ocr_line' id='line_1_44' title="bbox 397 4492 1998 4563; baseline -0.006 -8"><span class='ocrx_word' id='word_1_298' title='bbox 397 4499 516 4555; x_wconf 87' lang='lat' dir='ltr'><strong>Non</strong></span> <span class='ocrx_word' id='word_1_299' title='bbox 570 4500 714 4553; x_wconf 87' lang='lat' dir='ltr'><strong>enim</strong></span> <span class='ocrx_word' id='word_1_300' title='bbox 764 4500 836 4553; x_wconf 90' lang='lat' dir='ltr'><strong>ita</strong></span> <span class='ocrx_word' id='word_1_301' title='bbox 885 4498 1073 4553; x_wconf 66' lang='lat' dir='ltr'><strong>caelum</strong></span> <span class='ocrx_word' id='word_1_302' title='bbox 1122 4510 1394 4553; x_wconf 87' lang='lat' dir='ltr'><strong>astrorum</strong></span> <span class='ocrx_word' id='word_1_303' title='bbox 1454 4493 1608 4548; x_wconf 87' lang='lat' dir='ltr'><strong>ebori</strong></span> <span class='ocrx_word' id='word_1_304' title='bbox 1659 4492 1998 4563; x_wconf 88' lang='lat' dir='ltr'><strong>splendidum</strong></span> 
     </span>
    </p>
   </div>
   <div class='ocr_carea' id='block_1_45' title="bbox 400 4585 1998 4663">
    <p class='ocr_par' dir='ltr' id='par_1_45' title="bbox 400 4585 1998 4663">
     <span class='ocr_line' id='line_1_45' title="bbox 400 4585 1998 4663; baseline -0.008 -13"><span class='ocrx_word' id='word_1_305' title='bbox 400 4595 661 4661; x_wconf 88' lang='lat' dir='ltr'><strong>reddunt,</strong></span> <span class='ocrx_word' id='word_1_306' title='bbox 703 4603 761 4648; x_wconf 93' lang='lat' dir='ltr'><strong>ut</strong></span> <span class='ocrx_word' id='word_1_307' title='bbox 803 4591 1055 4663; x_wconf 88' lang='lat' dir='ltr'><strong>martyris</strong></span> <span class='ocrx_word' id='word_1_308' title='bbox 1097 4602 1298 4660; x_wconf 78' lang='lat' dir='ltr'><strong>corpus</strong></span> <span class='ocrx_word' id='word_1_309' title='bbox 1340 4586 1670 4658; x_wconf 87' lang='lat' dir='ltr'><strong>splendidius</strong></span> <span class='ocrx_word' id='word_1_310' title='bbox 1717 4585 1998 4639; x_wconf 87' lang='lat' dir='ltr'><strong>vulnerum</strong></span> 
     </span>
    </p>
   </div>
   <div class='ocr_carea' id='block_1_46' title="bbox 398 4676 2004 4753">
    <p class='ocr_par' dir='ltr' id='par_1_46' title="bbox 398 4676 2004 4753">
     <span class='ocr_line' id='line_1_46' title="bbox 398 4676 2004 4753; baseline -0.006 -12"><span class='ocrx_word' id='word_1_311' title='bbox 398 4687 582 4742; x_wconf 87' lang='lat' dir='ltr'><strong>sanies</strong></span> <span class='ocrx_word' id='word_1_312' title='bbox 604 4684 853 4740; x_wconf 89' lang='lat' dir='ltr'><strong>reddidit.</strong></span> <span class='ocrx_word' id='word_1_313' title='bbox 881 4684 1057 4753; x_wconf 85' lang='lat' dir='ltr'><strong>Atque</strong></span> <span class='ocrx_word' id='word_1_314' title='bbox 1076 4691 1135 4737; x_wconf 94' lang='lat' dir='ltr'><strong>ut</strong></span> <span class='ocrx_word' id='word_1_315' title='bbox 1155 4680 1407 4753; x_wconf 84' lang='lat' dir='ltr'><strong>martyris</strong></span> <span class='ocrx_word' id='word_1_316' title='bbox 1430 4680 1650 4733; x_wconf 85' lang='lat' dir='ltr'><strong>vulnera</strong></span> <span class='ocrx_word' id='word_1_317' title='bbox 1672 4677 1805 4733; x_wconf 64' lang='lat' dir='ltr'><strong>caelo</strong></span> <span class='ocrx_word' id='word_1_318' title='bbox 1827 4676 2004 4731; x_wconf 73' lang='lat' dir='ltr'><strong>inﬁxis</strong></span> 
     </span>
    </p>
   </div>
   <div class='ocr_carea' id='block_1_47' title="bbox 402 4771 1671 4848">
    <p class='ocr_par' dir='ltr' id='par_1_47' title="bbox 402 4771 1671 4848">
     <span class='ocr_line' id='line_1_47' title="bbox 402 4771 1671 4848; baseline -0.006 -16"><span class='ocrx_word' id='word_1_319' title='bbox 402 4781 565 4834; x_wconf 78' lang='lat' dir='ltr'><strong>aStris</strong></span> <span class='ocrx_word' id='word_1_320' title='bbox 591 4777 953 4848; x_wconf 83' lang='lat' dir='ltr'><strong>splendidiora</strong></span> <span class='ocrx_word' id='word_1_321' title='bbox 979 4789 1100 4830; x_wconf 90' lang='lat' dir='ltr'><strong>esse</strong></span> <span class='ocrx_word' id='word_1_322' title='bbox 1124 4774 1364 4836; x_wconf 81' lang='lat' dir='ltr'><strong>discatis,</strong></span> <span class='ocrx_word' id='word_1_323' title='bbox 1390 4771 1671 4827; x_wconf 89' lang='lat' dir='ltr'><strong>advertite.</strong></span> 
     </span>
    </p>
   </div>
   <div class='ocr_carea' id='block_1_48' title="bbox 482 4860 2001 4938">
    <p class='ocr_par' dir='ltr' id='par_1_48' title="bbox 482 4860 2001 4938">
     <span class='ocr_line' id='line_1_48' title="bbox 482 4860 2001 4938; baseline -0.003 -18"><span class='ocrx_word' id='word_1_324' title='bbox 482 4869 744 4923; x_wconf 60' lang='lat' dir='ltr'><strong>Damone:</strong></span> <span class='ocrx_word' id='word_1_325' title='bbox 772 4867 1061 4938; x_wconf 75' lang='lat' dir='ltr'><strong>Martyrum</strong></span> <span class='ocrx_word' id='word_1_326' title='bbox 1097 4864 1333 4935; x_wconf 78' lang='lat' dir='ltr'><strong>sepulcra</strong></span> <span class='ocrx_word' id='word_1_327' title='bbox 1360 4862 1745 4933; x_wconf 76' lang='lat' dir='ltr'><strong>{ormt’dant.—</strong></span> <span class='ocrx_word' id='word_1_328' title='bbox 1764 4860 1844 4916; x_wconf 89' lang='lat' dir='ltr'><strong>Ad</strong></span> <span class='ocrx_word' id='word_1_329' title='bbox 1876 4860 2001 4916; x_wconf 86' lang='lat' dir='ltr'><strong>illud</strong></span> 
     </span>
    </p>
   </div>
   <div class='ocr_carea' id='block_1_49' title="bbox 402 4955 1999 5034">
    <p class='ocr_par' dir='ltr' id='par_1_49' title="bbox 402 4955 1999 5034">
     <span class='ocr_line' id='line_1_49' title="bbox 402 4955 1999 5034; baseline -0.004 -19"><span class='ocrx_word' id='word_1_330' title='bbox 402 4962 621 5034; x_wconf 89' lang='lat' dir='ltr'><strong>quidem</strong></span> <span class='ocrx_word' id='word_1_331' title='bbox 668 4960 858 5016; x_wconf 85' lang='lat' dir='ltr'><strong>caelum</strong></span> <span class='ocrx_word' id='word_1_332' title='bbox 906 4976 971 5015; x_wconf 88' lang='lat' dir='ltr'><strong>ac</strong></span> <span class='ocrx_word' id='word_1_333' title='bbox 1010 4960 1194 5014; x_wconf 87' lang='lat' dir='ltr'><strong>stellas</strong></span> <span class='ocrx_word' id='word_1_334' title='bbox 1237 4973 1356 5013; x_wconf 87' lang='lat' dir='ltr'><strong>cmn</strong></span> <span class='ocrx_word' id='word_1_335' title='bbox 1402 4955 1650 5011; x_wconf 85' lang='lat' dir='ltr'><strong>homines</strong></span> <span class='ocrx_word' id='word_1_336' title='bbox 1691 4955 1999 5024; x_wconf 89' lang='lat' dir='ltr'><strong>respiciunt,</strong></span> 
     </span>
    </p>
   </div>
   <div class='ocr_carea' id='block_1_50' title="bbox 407 5046 2006 5120">
    <p class='ocr_par' dir='ltr' id='par_1_50' title="bbox 407 5046 2006 5120">
     <span class='ocr_line' id='line_1_50' title="bbox 407 5046 2006 5120; baseline -0.007 -10"><span class='ocrx_word' id='word_1_337' title='bbox 407 5066 523 5110; x_wconf 89' lang='lat' dir='ltr'><strong>tum</strong></span> <span class='ocrx_word' id='word_1_338' title='bbox 546 5054 856 5118; x_wconf 71' lang='lat' dir='ltr'><strong>(immanes;</strong></span> <span class='ocrx_word' id='word_1_339' title='bbox 888 5049 985 5107; x_wconf 90' lang='lat' dir='ltr'><strong>sed</strong></span> <span class='ocrx_word' id='word_1_340' title='bbox 1027 5050 1094 5105; x_wconf 90' lang='lat' dir='ltr'><strong>ad</strong></span> <span class='ocrx_word' id='word_1_341' title='bbox 1125 5051 1285 5120; x_wconf 84' lang='lat' dir='ltr'><strong>hujus</strong></span> <span class='ocrx_word' id='word_1_342' title='bbox 1304 5049 1467 5104; x_wconf 92' lang='lat' dir='ltr'><strong>etiam</strong></span> <span class='ocrx_word' id='word_1_343' title='bbox 1513 5047 1731 5102; x_wconf 81' lang='lat' dir='ltr'><strong>vulnera</strong></span> <span class='ocrx_word' id='word_1_344' title='bbox 1758 5046 2006 5100; x_wconf 89' lang='lat' dir='ltr'><strong>homines</strong></span> 
     </span>
    </p>
   </div>
   <div class='ocr_carea' id='block_1_51' title="bbox 404 5137 2007 5216">
    <p class='ocr_par' dir='ltr' id='par_1_51' title="bbox 404 5137 2007 5216">
     <span class='ocr_line' id='line_1_51' title="bbox 404 5137 2007 5216; baseline -0.007 -16"><span class='ocrx_word' id='word_1_345' title='bbox 404 5147 622 5216; x_wconf 84' lang='lat' dir='ltr'><strong>quidem</strong></span> <span class='ocrx_word' id='word_1_346' title='bbox 670 5144 961 5214; x_wconf 89' lang='lat' dir='ltr'><strong>respiciunt</strong></span> <span class='ocrx_word' id='word_1_347' title='bbox 1007 5141 1224 5206; x_wconf 88' lang='lat' dir='ltr'><strong>ﬁdeles,</strong></span> <span class='ocrx_word' id='word_1_348' title='bbox 1271 5141 1547 5195; x_wconf 80' lang='lat' dir='ltr'><strong>dat-mones</strong></span> <span class='ocrx_word' id='word_1_349' title='bbox 1596 5146 1775 5193; x_wconf 90' lang='lat' dir='ltr'><strong>autem</strong></span> <span class='ocrx_word' id='word_1_350' title='bbox 1824 5137 2007 5191; x_wconf 88' lang='lat' dir='ltr'><strong>oculos</strong></span> 
     </span>
    </p>
   </div>
   <div class='ocr_carea' id='block_1_52' title="bbox 406 5230 2009 5303">
    <p class='ocr_par' dir='ltr' id='par_1_52' title="bbox 406 5230 2009 5303">
     <span class='ocr_line' id='line_1_52' title="bbox 406 5230 2009 5303; baseline -0.007 -9"><span class='ocrx_word' id='word_1_351' title='bbox 406 5246 596 5294; x_wconf 89' lang='lat' dir='ltr'><strong>contra</strong></span> <span class='ocrx_word' id='word_1_352' title='bbox 623 5250 728 5290; x_wconf 92' lang='lat' dir='ltr'><strong>non</strong></span> <span class='ocrx_word' id='word_1_353' title='bbox 766 5234 966 5290; x_wconf 85' lang='lat' dir='ltr'><strong>audent</strong></span> <span class='ocrx_word' id='word_1_354' title='bbox 1005 5233 1276 5298; x_wconf 87' lang='lat' dir='ltr'><strong>attollere;</strong></span> <span class='ocrx_word' id='word_1_355' title='bbox 1326 5234 1452 5303; x_wconf 88' lang='lat' dir='ltr'><strong>quin</strong></span> <span class='ocrx_word' id='word_1_356' title='bbox 1485 5232 1646 5286; x_wconf 91' lang='lat' dir='ltr'><strong>etiam</strong></span> <span class='ocrx_word' id='word_1_357' title='bbox 1689 5230 1734 5284; x_wconf 89' lang='lat' dir='ltr'><strong>si</strong></span> <span class='ocrx_word' id='word_1_358' title='bbox 1764 5236 2009 5299; x_wconf 86' lang='lat' dir='ltr'><strong>spectare</strong></span> 
     </span>
    </p>
   </div>
   <div class='ocr_carea' id='block_1_53' title="bbox 408 5327 2009 5395">
    <p class='ocr_par' dir='ltr' id='par_1_53' title="bbox 408 5327 2009 5395">
     <span class='ocr_line' id='line_1_53' title="bbox 408 5327 2009 5395; baseline -0.008 -7"><span class='ocrx_word' id='word_1_359' title='bbox 408 5339 692 5395; x_wconf 84' lang='lat' dir='ltr'><strong>conentur,</strong></span> <span class='ocrx_word' id='word_1_360' title='bbox 726 5330 979 5384; x_wconf 90' lang='lat' dir='ltr'><strong>continuo</strong></span> <span class='ocrx_word' id='word_1_361' title='bbox 1021 5327 1311 5382; x_wconf 81' lang='lat' dir='ltr'><strong>luminibus</strong></span> <span class='ocrx_word' id='word_1_362' title='bbox 1340 5327 1622 5389; x_wconf 88' lang='lat' dir='ltr'><strong>orbantur,</strong></span> <span class='ocrx_word' id='word_1_363' title='bbox 1648 5338 1750 5380; x_wconf 90' lang='lat' dir='ltr'><strong>nec</strong></span> <span class='ocrx_word' id='word_1_364' title='bbox 1788 5331 2009 5393; x_wconf 88' lang='lat' dir='ltr'><strong>possunt</strong></span> 
     </span>
    </p>
   </div>
   <div class='ocr_carea' id='block_1_54' title="bbox 409 5416 2010 5489">
    <p class='ocr_par' dir='ltr' id='par_1_54' title="bbox 409 5416 2010 5489">
     <span class='ocr_line' id='line_1_54' title="bbox 409 5416 2010 5489; baseline -0.007 -10"><span class='ocrx_word' id='word_1_365' title='bbox 409 5423 746 5479; x_wconf 71' lang='lat' dir='ltr'><strong>exsilientem</strong></span> <span class='ocrx_word' id='word_1_366' title='bbox 777 5421 899 5475; x_wconf 90' lang='lat' dir='ltr'><strong>inde</strong></span> <span class='ocrx_word' id='word_1_367' title='bbox 932 5419 1185 5489; x_wconf 85' lang='lat' dir='ltr'><strong>fulgorem</strong></span> <span class='ocrx_word' id='word_1_368' title='bbox 1216 5419 1498 5474; x_wconf 89' lang='lat' dir='ltr'><strong>sustinere.</strong></span> <span class='ocrx_word' id='word_1_369' title='bbox 1528 5416 1645 5471; x_wconf 83' lang='lat' dir='ltr'><strong>Hoc</strong></span> <span class='ocrx_word' id='word_1_370' title='bbox 1672 5430 1771 5487; x_wconf 86' lang='lat' dir='ltr'><strong>ego</strong></span> <span class='ocrx_word' id='word_1_371' title='bbox 1799 5431 1906 5470; x_wconf 88' lang='lat' dir='ltr'><strong>non</strong></span> <span class='ocrx_word' id='word_1_372' title='bbox 1944 5424 2010 5468; x_wconf 73' lang='lat' dir='ltr'><strong>ex</strong></span> 
     </span>
    </p>
   </div>
   <div class='ocr_carea' id='block_1_55' title="bbox 413 5506 2012 5582">
    <p class='ocr_par' dir='ltr' id='par_1_55' title="bbox 413 5506 2012 5582">
     <span class='ocr_line' id='line_1_55' title="bbox 413 5506 2012 5582; baseline -0.003 -17"><span class='ocrx_word' id='word_1_373' title='bbox 413 5516 478 5567; x_wconf 90' lang='lat' dir='ltr'><strong>iis</strong></span> <span class='ocrx_word' id='word_1_374' title='bbox 508 5522 713 5567; x_wconf 89' lang='lat' dir='ltr'><strong>tantum</strong></span> <span class='ocrx_word' id='word_1_375' title='bbox 741 5528 859 5582; x_wconf 79' lang='lat' dir='ltr'><strong>qua:</strong></span> <span class='ocrx_word' id='word_1_376' title='bbox 888 5511 1016 5565; x_wconf 89' lang='lat' dir='ltr'><strong>olim</strong></span> <span class='ocrx_word' id='word_1_377' title='bbox 1036 5510 1366 5574; x_wconf 88' lang='lat' dir='ltr'><strong>acciderunt,</strong></span> <span class='ocrx_word' id='word_1_378' title='bbox 1385 5507 1479 5562; x_wconf 91' lang='lat' dir='ltr'><strong>sed</strong></span> <span class='ocrx_word' id='word_1_379' title='bbox 1506 5523 1571 5563; x_wconf 80' lang='lat' dir='ltr'><strong>ex</strong></span> <span class='ocrx_word' id='word_1_380' title='bbox 1600 5506 1667 5562; x_wconf 90' lang='lat' dir='ltr'><strong>iis</strong></span> <span class='ocrx_word' id='word_1_381' title='bbox 1687 5507 1869 5571; x_wconf 91' lang='lat' dir='ltr'><strong>etiam,</strong></span> <span class='ocrx_word' id='word_1_382' title='bbox 1893 5522 2012 5576; x_wconf 74' lang='lat' dir='ltr'><strong>qua:</strong></span> 
     </span>
    </p>
   </div>
   <div class='ocr_carea' id='block_1_56' title="bbox 416 5597 2011 5672">
    <p class='ocr_par' dir='ltr' id='par_1_56' title="bbox 416 5597 2011 5672">
     <span class='ocr_line' id='line_1_56' title="bbox 416 5597 2011 5672; baseline -0.005 -15"><span class='ocrx_word' id='word_1_383' title='bbox 416 5603 682 5672; x_wconf 89' lang='lat' dir='ltr'><strong>hodieque</strong></span> <span class='ocrx_word' id='word_1_384' title='bbox 723 5600 874 5668; x_wconf 90' lang='lat' dir='ltr'><strong>ﬁunt,</strong></span> <span class='ocrx_word' id='word_1_385' title='bbox 922 5599 1302 5670; x_wconf 86' lang='lat' dir='ltr'><strong>comprobabo.</strong></span> <span class='ocrx_word' id='word_1_386' title='bbox 1341 5599 1506 5653; x_wconf 87' lang='lat' dir='ltr'><strong>Sume</strong></span> <span class='ocrx_word' id='word_1_387' title='bbox 1533 5600 1677 5653; x_wconf 87' lang='lat' dir='ltr'><strong>enim</strong></span> <span class='ocrx_word' id='word_1_388' title='bbox 1708 5597 2011 5666; x_wconf 87' lang='lat' dir='ltr'><strong>quempiam</strong></span> 
     </span>
    </p>
   </div>
   <div class='ocr_carea' id='block_1_57' title="bbox 417 5688 2012 5762">
    <p class='ocr_par' dir='ltr' id='par_1_57' title="bbox 417 5688 2012 5762">
     <span class='ocr_line' id='line_1_57' title="bbox 417 5688 2012 5762; baseline -0.005 -14"><span class='ocrx_word' id='word_1_389' title='bbox 417 5709 448 5750; x_wconf 83' lang='lat' dir='ltr'><strong>a</strong></span> <span class='ocrx_word' id='word_1_390' title='bbox 478 5695 722 5748; x_wconf 74' lang='lat' dir='ltr'><strong>dzemone</strong></span> <span class='ocrx_word' id='word_1_391' title='bbox 761 5704 1065 5762; x_wconf 89' lang='lat' dir='ltr'><strong>correptum</strong></span> <span class='ocrx_word' id='word_1_392' title='bbox 1108 5706 1171 5746; x_wconf 90' lang='lat' dir='ltr'><strong>ac</strong></span> <span class='ocrx_word' id='word_1_393' title='bbox 1218 5691 1504 5756; x_wconf 87' lang='lat' dir='ltr'><strong>furentem,</strong></span> <span class='ocrx_word' id='word_1_394' title='bbox 1553 5699 1608 5746; x_wconf 91' lang='lat' dir='ltr'><strong>et</strong></span> <span class='ocrx_word' id='word_1_395' title='bbox 1652 5688 1724 5744; x_wconf 85' lang='lat' dir='ltr'><strong>ad</strong></span> <span class='ocrx_word' id='word_1_396' title='bbox 1768 5698 2012 5743; x_wconf 89' lang='lat' dir='ltr'><strong>sanctum</strong></span> 
     </span>
    </p>
   </div>
   <div class='ocr_carea' id='block_1_58' title="bbox 418 5781 2016 5857">
    <p class='ocr_par' dir='ltr' id='par_1_58' title="bbox 418 5781 2016 5857">
     <span class='ocr_line' id='line_1_58' title="bbox 418 5781 2016 5857; baseline -0.005 -15"><span class='ocrx_word' id='word_1_397' title='bbox 418 5787 550 5842; x_wconf 90' lang='lat' dir='ltr'><strong>illud</strong></span> <span class='ocrx_word' id='word_1_398' title='bbox 592 5786 893 5857; x_wconf 88' lang='lat' dir='ltr'><strong>sepulcrum</strong></span> <span class='ocrx_word' id='word_1_399' title='bbox 939 5783 1132 5851; x_wconf 85' lang='lat' dir='ltr'><strong>deduc,</strong></span> <span class='ocrx_word' id='word_1_400' title='bbox 1164 5800 1271 5855; x_wconf 91' lang='lat' dir='ltr'><strong>quo</strong></span> <span class='ocrx_word' id='word_1_401' title='bbox 1301 5783 1539 5854; x_wconf 67' lang='lat' dir='ltr'><strong>reliquiae</strong></span> <span class='ocrx_word' id='word_1_402' title='bbox 1566 5781 1820 5854; x_wconf 85' lang='lat' dir='ltr'><strong>martyris</strong></span> <span class='ocrx_word' id='word_1_403' title='bbox 1845 5782 2016 5835; x_wconf 87' lang='lat' dir='ltr'><strong>conti-</strong></span> 
     </span>
    </p>
   </div>
   <div class='ocr_carea' id='block_1_59' title="bbox 420 5876 2013 5950">
    <p class='ocr_par' dir='ltr' id='par_1_59' title="bbox 420 5876 2013 5950">
     <span class='ocr_line' id='line_1_59' title="bbox 420 5876 2013 5950; baseline -0.003 -15"><span class='ocrx_word' id='word_1_404' title='bbox 420 5887 638 5949; x_wconf 84' lang='lat' dir='ltr'><strong>nentur,</strong></span> <span class='ocrx_word' id='word_1_405' title='bbox 665 5885 775 5933; x_wconf 90' lang='lat' dir='ltr'><strong>tum</strong></span> <span class='ocrx_word' id='word_1_406' title='bbox 802 5876 1129 5934; x_wconf 83' lang='lat' dir='ltr'><strong>resilientem</strong></span> <span class='ocrx_word' id='word_1_407' title='bbox 1169 5877 1327 5946; x_wconf 86' lang='lat' dir='ltr'><strong>plane</strong></span> <span class='ocrx_word' id='word_1_408' title='bbox 1352 5887 1511 5949; x_wconf 87' lang='lat' dir='ltr'><strong>atque</strong></span> <span class='ocrx_word' id='word_1_409' title='bbox 1542 5879 1831 5950; x_wconf 80' lang='lat' dir='ltr'><strong>fugientem</strong></span> <span class='ocrx_word' id='word_1_410' title='bbox 1864 5877 2013 5932; x_wconf 89' lang='lat' dir='ltr'><strong>vide-</strong></span> 
     </span>
    </p>
   </div>
   <div class='ocr_carea' id='block_1_60' title="bbox 1475 413 2467 477">
    <p class='ocr_par' dir='ltr' id='par_1_60' title="bbox 1475 413 2467 477">
     <span class='ocr_line' id='line_1_60' title="bbox 1475 413 2467 477; baseline 0.003 -3"><span class='ocrx_word' id='word_1_411' title='bbox 1475 418 1539 476; x_wconf 81' lang='grc' dir='ltr'>ΙΝ</span> <span class='ocrx_word' id='word_1_412' title='bbox 1575 423 1631 474; x_wconf 85' lang='lat' dir='ltr'><strong>S.</strong></span> <span class='ocrx_word' id='word_1_413' title='bbox 1675 413 2019 473; x_wconf 78' lang='lat' dir='ltr'><strong>JULI.\t\UM</strong></span> <span class='ocrx_word' id='word_1_414' title='bbox 2057 413 2467 477; x_wconf 78' lang='lat' dir='ltr'><strong>MARTYREM.</strong></span> 
     </span>
    </p>
   </div>
   <div class='ocr_carea' id='block_1_61' title="bbox 3542 429 3646 487">
    <p class='ocr_par' dir='ltr' id='par_1_61' title="bbox 3542 429 3646 487">
     <span class='ocr_line' id='line_1_61' title="bbox 3542 429 3646 487; baseline -0.019 0"><span class='ocrx_word' id='word_1_415' title='bbox 3542 429 3646 487; x_wconf 84' lang='lat'><strong>070</strong></span> 
     </span>
    </p>
   </div>
   <div class='ocr_carea' id='block_1_62' title="bbox 2034 534 3653 613">
    <p class='ocr_par' dir='ltr' id='par_1_62' title="bbox 2034 534 3653 613">
     <span class='ocr_line' id='line_1_62' title="bbox 2034 534 3653 613; baseline 0.01 -25"><span class='ocrx_word' id='word_1_416' title='bbox 2034 534 2156 588; x_wconf 84' lang='lat' dir='ltr'><strong>-his.</strong></span> <span class='ocrx_word' id='word_1_417' title='bbox 2214 536 2287 593; x_wconf 93' lang='lat' dir='ltr'><strong>Ut</strong></span> <span class='ocrx_word' id='word_1_418' title='bbox 2336 539 2478 594; x_wconf 88' lang='lat' dir='ltr'><strong>enim</strong></span> <span class='ocrx_word' id='word_1_419' title='bbox 2524 540 2568 595; x_wconf 87' lang='lat' dir='ltr'><strong>si</strong></span> <span class='ocrx_word' id='word_1_420' title='bbox 2616 555 2714 613; x_wconf 89' lang='lat' dir='ltr'><strong>per</strong></span> <span class='ocrx_word' id='word_1_421' title='bbox 2761 557 2960 613; x_wconf 90' lang='lat' dir='ltr'><strong>prunas</strong></span> <span class='ocrx_word' id='word_1_422' title='bbox 3005 543 3311 601; x_wconf 77' lang='lat' dir='ltr'><strong>incessuras</strong></span> <span class='ocrx_word' id='word_1_423' title='bbox 3365 556 3526 613; x_wconf 85' lang='lat' dir='ltr'><strong>esset,</strong></span> <span class='ocrx_word' id='word_1_424' title='bbox 3570 550 3653 604; x_wconf 89' lang='lat' dir='ltr'><strong>sic</strong></span> 
     </span>
    </p>
   </div>
   <div class='ocr_carea' id='block_1_63' title="bbox 2055 628 3650 712">
    <p class='ocr_par' dir='ltr' id='par_1_63' title="bbox 2055 628 3650 712">
     <span class='ocr_line' id='line_1_63' title="bbox 2055 628 3650 712; baseline 0.01 -29"><span class='ocrx_word' id='word_1_425' title='bbox 2055 629 2124 684; x_wconf 90' lang='lat' dir='ltr'><strong>ab</strong></span> <span class='ocrx_word' id='word_1_426' title='bbox 2154 628 2271 700; x_wconf 89' lang='lat' dir='ltr'><strong>ipso</strong></span> <span class='ocrx_word' id='word_1_427' title='bbox 2312 632 2576 689; x_wconf 88' lang='lat' dir='ltr'><strong>vestibulo</strong></span> <span class='ocrx_word' id='word_1_428' title='bbox 2603 633 2783 690; x_wconf 89' lang='lat' dir='ltr'><strong>statim</strong></span> <span class='ocrx_word' id='word_1_429' title='bbox 2809 637 3006 706; x_wconf 82' lang='lat' dir='ltr'><strong>exsilit,</strong></span> <span class='ocrx_word' id='word_1_430' title='bbox 3037 649 3089 693; x_wconf 92' lang='lat' dir='ltr'><strong>et</strong></span> <span class='ocrx_word' id='word_1_431' title='bbox 3130 654 3197 694; x_wconf 90' lang='lat' dir='ltr'><strong>ne</strong></span> <span class='ocrx_word' id='word_1_432' title='bbox 3226 640 3409 695; x_wconf 88' lang='lat' dir='ltr'><strong>oculos</strong></span> <span class='ocrx_word' id='word_1_433' title='bbox 3433 643 3650 712; x_wconf 85' lang='lat' dir='ltr'><strong>quidem</strong></span> 
     </span>
    </p>
   </div>
   <div class='ocr_carea' id='block_1_64' title="bbox 2057 720 3653 799">
    <p class='ocr_par' dir='ltr' id='par_1_64' title="bbox 2057 720 3653 799">
     <span class='ocr_line' id='line_1_64' title="bbox 2057 720 3653 799; baseline 0.011 -26"><span class='ocrx_word' id='word_1_434' title='bbox 2057 720 2312 777; x_wconf 85' lang='lat' dir='ltr'><strong>adversus</strong></span> <span class='ocrx_word' id='word_1_435' title='bbox 2342 723 2509 794; x_wconf 85' lang='lat' dir='ltr'><strong>ipsam</strong></span> <span class='ocrx_word' id='word_1_436' title='bbox 2539 724 2744 782; x_wconf 89' lang='lat' dir='ltr'><strong>thecam</strong></span> <span class='ocrx_word' id='word_1_437' title='bbox 2773 729 2933 784; x_wconf 89' lang='lat' dir='ltr'><strong>audet</strong></span> <span class='ocrx_word' id='word_1_438' title='bbox 2963 731 3229 786; x_wconf 85' lang='lat' dir='ltr'><strong>attollere.</strong></span> <span class='ocrx_word' id='word_1_439' title='bbox 3261 732 3411 799; x_wconf 88' lang='lat' dir='ltr'><strong>Quod</strong></span> <span class='ocrx_word' id='word_1_440' title='bbox 3435 734 3477 789; x_wconf 91' lang='lat' dir='ltr'><strong>si</strong></span> <span class='ocrx_word' id='word_1_441' title='bbox 3511 748 3653 792; x_wconf 85' lang='lat' dir='ltr'><strong>nunc</strong></span> 
     </span>
    </p>
   </div>
   <div class='ocr_carea' id='block_1_65' title="bbox 2058 819 3650 893">
    <p class='ocr_par' dir='ltr' id='par_1_65' title="bbox 2058 819 3650 893">
     <span class='ocr_line' id='line_1_65' title="bbox 2058 819 3650 893; baseline 0.009 -27"><span class='ocrx_word' id='word_1_442' title='bbox 2058 819 2208 867; x_wconf 88' lang='lat' dir='ltr'><strong>tanto</strong></span> <span class='ocrx_word' id='word_1_443' title='bbox 2251 825 2370 883; x_wconf 89' lang='lat' dir='ltr'><strong>post</strong></span> <span class='ocrx_word' id='word_1_444' title='bbox 2415 825 2674 887; x_wconf 79' lang='lat' dir='ltr'><strong>tempore,</strong></span> <span class='ocrx_word' id='word_1_445' title='bbox 2725 833 2845 874; x_wconf 92' lang='lat' dir='ltr'><strong>cum</strong></span> <span class='ocrx_word' id='word_1_446' title='bbox 2894 821 3066 891; x_wconf 83' lang='lat' dir='ltr'><strong>pulvis</strong></span> <span class='ocrx_word' id='word_1_447' title='bbox 3097 831 3147 877; x_wconf 87' lang='lat' dir='ltr'><strong>et</strong></span> <span class='ocrx_word' id='word_1_448' title='bbox 3186 823 3320 881; x_wconf 88' lang='lat' dir='ltr'><strong>cinis</strong></span> <span class='ocrx_word' id='word_1_449' title='bbox 3345 835 3426 880; x_wconf 86' lang='lat' dir='ltr'><strong>est</strong></span> <span class='ocrx_word' id='word_1_450' title='bbox 3458 826 3650 893; x_wconf 82' lang='lat' dir='ltr'><strong>factus,</strong></span> 
     </span>
    </p>
   </div>
   <div class='ocr_carea' id='block_1_66' title="bbox 2060 905 3652 979">
    <p class='ocr_par' dir='ltr' id='par_1_66' title="bbox 2060 905 3652 979">
     <span class='ocr_line' id='line_1_66' title="bbox 2060 905 3652 979; baseline 0.01 -22"><span class='ocrx_word' id='word_1_451' title='bbox 2060 905 2331 974; x_wconf 88' lang='lat' dir='ltr'><strong>suspicere</strong></span> <span class='ocrx_word' id='word_1_452' title='bbox 2376 906 2427 960; x_wconf 90' lang='lat' dir='ltr'><strong>in</strong></span> <span class='ocrx_word' id='word_1_453' title='bbox 2465 921 2866 966; x_wconf 86' lang='lat' dir='ltr'><strong>monumentum</strong></span> <span class='ocrx_word' id='word_1_454' title='bbox 2904 929 3009 968; x_wconf 92' lang='lat' dir='ltr'><strong>non</strong></span> <span class='ocrx_word' id='word_1_455' title='bbox 3050 915 3266 979; x_wconf 86' lang='lat' dir='ltr'><strong>audent,</strong></span> <span class='ocrx_word' id='word_1_456' title='bbox 3297 932 3396 972; x_wconf 89' lang='lat' dir='ltr'><strong>nec</strong></span> <span class='ocrx_word' id='word_1_457' title='bbox 3426 917 3477 972; x_wconf 90' lang='lat' dir='ltr'><strong>in</strong></span> <span class='ocrx_word' id='word_1_458' title='bbox 3510 919 3652 973; x_wconf 88' lang='lat' dir='ltr'><strong>nuda</strong></span> 
     </span>
    </p>
   </div>
   <div class='ocr_carea' id='block_1_67' title="bbox 2062 997 3653 1081">
    <p class='ocr_par' dir='ltr' id='par_1_67' title="bbox 2062 997 3653 1081">
     <span class='ocr_line' id='line_1_67' title="bbox 2062 997 3653 1081; baseline 0.011 -33"><span class='ocrx_word' id='word_1_459' title='bbox 2062 997 2229 1050; x_wconf 87' lang='lat' dir='ltr'><strong>sancti</strong></span> <span class='ocrx_word' id='word_1_460' title='bbox 2276 1012 2419 1063; x_wconf 89' lang='lat' dir='ltr'><strong>ossa,</strong></span> <span class='ocrx_word' id='word_1_461' title='bbox 2457 1000 2678 1056; x_wconf 90' lang='lat' dir='ltr'><strong>minimc</strong></span> <span class='ocrx_word' id='word_1_462' title='bbox 2715 1003 2933 1057; x_wconf 88' lang='lat' dir='ltr'><strong>dubium</strong></span> <span class='ocrx_word' id='word_1_463' title='bbox 2975 1016 3077 1071; x_wconf 90' lang='lat' dir='ltr'><strong>est,</strong></span> <span class='ocrx_word' id='word_1_464' title='bbox 3117 1009 3242 1077; x_wconf 89' lang='lat' dir='ltr'><strong>quin</strong></span> <span class='ocrx_word' id='word_1_465' title='bbox 3271 1018 3381 1063; x_wconf 92' lang='lat' dir='ltr'><strong>tum</strong></span> <span class='ocrx_word' id='word_1_466' title='bbox 3419 1025 3653 1081; x_wconf 86' lang='lat' dir='ltr'><strong>quoque,</strong></span> 
     </span>
    </p>
   </div>
   <div class='ocr_carea' id='block_1_68' title="bbox 2062 1086 3657 1166">
    <p class='ocr_par' dir='ltr' id='par_1_68' title="bbox 2062 1086 3657 1166">
     <span class='ocr_line' id='line_1_68' title="bbox 2062 1086 3657 1166; baseline 0.011 -28"><span class='ocrx_word' id='word_1_467' title='bbox 2062 1099 2181 1139; x_wconf 91' lang='lat' dir='ltr'><strong>cum</strong></span> <span class='ocrx_word' id='word_1_468' title='bbox 2211 1086 2362 1142; x_wconf 90' lang='lat' dir='ltr'><strong>illum</strong></span> <span class='ocrx_word' id='word_1_469' title='bbox 2388 1089 2646 1160; x_wconf 82' lang='lat' dir='ltr'><strong>sanguine</strong></span> <span class='ocrx_word' id='word_1_470' title='bbox 2671 1105 3015 1162; x_wconf 88' lang='lat' dir='ltr'><strong>purpuratum</strong></span> <span class='ocrx_word' id='word_1_471' title='bbox 3052 1098 3319 1166; x_wconf 87' lang='lat' dir='ltr'><strong>videbant,</strong></span> <span class='ocrx_word' id='word_1_472' title='bbox 3349 1100 3657 1156; x_wconf 80' lang='lat' dir='ltr'><strong>vulneribus</strong></span> 
     </span>
    </p>
   </div>
   <div class='ocr_carea' id='block_1_69' title="bbox 2064 1178 3659 1262">
    <p class='ocr_par' dir='ltr' id='par_1_69' title="bbox 2064 1178 3659 1262">
     <span class='ocr_line' id='line_1_69' title="bbox 2064 1178 3659 1262; baseline 0.011 -32"><span class='ocrx_word' id='word_1_473' title='bbox 2064 1178 2298 1247; x_wconf 81' lang='lat' dir='ltr'><strong>undique</strong></span> <span class='ocrx_word' id='word_1_474' title='bbox 2343 1180 2573 1252; x_wconf 91' lang='lat' dir='ltr'><strong>amplius</strong></span> <span class='ocrx_word' id='word_1_475' title='bbox 2626 1197 2784 1253; x_wconf 90' lang='lat' dir='ltr'><strong>quam</strong></span> <span class='ocrx_word' id='word_1_476' title='bbox 2846 1187 3014 1241; x_wconf 90' lang='lat' dir='ltr'><strong>solem</strong></span> <span class='ocrx_word' id='word_1_477' title='bbox 3059 1188 3223 1244; x_wconf 91' lang='lat' dir='ltr'><strong>radiis</strong></span> <span class='ocrx_word' id='word_1_478' title='bbox 3262 1190 3612 1262; x_wconf 73' lang='lat' dir='ltr'><strong>refulgentent</strong></span> <span class='ocrx_word' id='word_1_479' title='bbox 3640 1234 3659 1262; x_wconf 88' lang='lat'><strong>,</strong></span> 
     </span>
    </p>
   </div>
   <div class='ocr_carea' id='block_1_70' title="bbox 2065 1269 3314 1341">
    <p class='ocr_par' dir='ltr' id='par_1_70' title="bbox 2065 1269 3314 1341">
     <span class='ocr_line' id='line_1_70' title="bbox 2065 1269 3314 1341; baseline 0.013 -21"><span class='ocrx_word' id='word_1_480' title='bbox 2065 1270 2295 1339; x_wconf 80' lang='lat' dir='ltr'><strong>perculsi</strong></span> <span class='ocrx_word' id='word_1_481' title='bbox 2319 1269 2538 1341; x_wconf 88' lang='lat' dir='ltr'><strong>fuerint,</strong></span> <span class='ocrx_word' id='word_1_482' title='bbox 2567 1282 2621 1329; x_wconf 91' lang='lat' dir='ltr'><strong>et</strong></span> <span class='ocrx_word' id='word_1_483' title='bbox 2642 1276 2809 1331; x_wconf 92' lang='lat' dir='ltr'><strong>oculis</strong></span> <span class='ocrx_word' id='word_1_484' title='bbox 2837 1277 2949 1333; x_wconf 82' lang='lat' dir='ltr'><strong>laesi</strong></span> <span class='ocrx_word' id='word_1_485' title='bbox 2974 1282 3314 1337; x_wconf 89' lang='lat' dir='ltr'><strong>recesserint.</strong></span> 
     </span>
    </p>
   </div>
   <div class='ocr_carea' id='block_1_71' title="bbox 2138 1361 3648 1447">
    <p class='ocr_par' dir='ltr' id='par_1_71' title="bbox 2138 1361 3648 1447">
     <span class='ocr_line' id='line_1_71' title="bbox 2138 1361 3648 1447; baseline 0.013 -31"><span class='ocrx_word' id='word_1_486' title='bbox 2138 1362 2190 1416; x_wconf 77' lang='grc'><strong>5.</strong></span> <span class='ocrx_word' id='word_1_487' title='bbox 2228 1361 2386 1419; x_wconf 85' lang='lat' dir='ltr'><strong>Vides</strong></span> <span class='ocrx_word' id='word_1_488' title='bbox 2431 1374 2488 1420; x_wconf 91' lang='lat' dir='ltr'><strong>ut</strong></span> <span class='ocrx_word' id='word_1_489' title='bbox 2532 1369 2692 1423; x_wconf 90' lang='lat' dir='ltr'><strong>astris</strong></span> <span class='ocrx_word' id='word_1_490' title='bbox 2731 1369 3032 1429; x_wconf 70' lang='lat' dir='ltr'><strong>cmlestibus</strong></span> <span class='ocrx_word' id='word_1_491' title='bbox 3076 1385 3369 1447; x_wconf 78' lang='lat' dir='ltr'><strong>martyrum</strong></span> <span class='ocrx_word' id='word_1_492' title='bbox 3428 1378 3648 1435; x_wconf 74' lang='lat' dir='ltr'><strong>vulnera</strong></span> 
     </span>
    </p>
   </div>
   <div class='ocr_carea' id='block_1_72' title="bbox 2068 1456 3659 1544">
    <p class='ocr_par' dir='ltr' id='par_1_72' title="bbox 2068 1456 3659 1544">
     <span class='ocr_line' id='line_1_72' title="bbox 2068 1456 3659 1544; baseline 0.013 -35"><span class='ocrx_word' id='word_1_493' title='bbox 2068 1456 2424 1524; x_wconf 79' lang='lat' dir='ltr'><strong>Splendidiora</strong></span> <span class='ocrx_word' id='word_1_494' title='bbox 2444 1459 2625 1516; x_wconf 88' lang='lat' dir='ltr'><strong>sintac</strong></span> <span class='ocrx_word' id='word_1_495' title='bbox 2649 1461 2994 1533; x_wconf 89' lang='lat' dir='ltr'><strong>mirabiliora,</strong></span> <span class='ocrx_word' id='word_1_496' title='bbox 3016 1467 3309 1539; x_wconf 88' lang='lat' dir='ltr'><strong>majorique</strong></span> <span class='ocrx_word' id='word_1_497' title='bbox 3333 1472 3526 1529; x_wconf 88' lang='lat' dir='ltr'><strong>virtute</strong></span> <span class='ocrx_word' id='word_1_498' title='bbox 3541 1474 3659 1544; x_wconf 82' lang='lat' dir='ltr'><strong>pol-</strong></span> 
     </span>
    </p>
   </div>
   <div class='ocr_carea' id='block_1_73' title="bbox 2070 1545 3660 1630">
    <p class='ocr_par' dir='ltr' id='par_1_73' title="bbox 2070 1545 3660 1630">
     <span class='ocr_line' id='line_1_73' title="bbox 2070 1545 3660 1630; baseline 0.013 -30"><span class='ocrx_word' id='word_1_499' title='bbox 2070 1545 2504 1605; x_wconf 89' lang='lat' dir='ltr'><strong>leant?Sanctus</strong></span> <span class='ocrx_word' id='word_1_500' title='bbox 2547 1551 2726 1622; x_wconf 90' lang='lat' dir='ltr'><strong>itaque</strong></span> <span class='ocrx_word' id='word_1_501' title='bbox 2765 1554 2819 1608; x_wconf 90' lang='lat' dir='ltr'><strong>in</strong></span> <span class='ocrx_word' id='word_1_502' title='bbox 2873 1556 3106 1611; x_wconf 91' lang='lat' dir='ltr'><strong>medium</strong></span> <span class='ocrx_word' id='word_1_503' title='bbox 3149 1561 3559 1630; x_wconf 89' lang='lat' dir='ltr'><strong>producebatur,</strong></span> <span class='ocrx_word' id='word_1_504' title='bbox 3605 1573 3660 1621; x_wconf 85' lang='lat' dir='ltr'><strong>et</strong></span> 
     </span>
    </p>
   </div>
   <div class='ocr_carea' id='block_1_74' title="bbox 2071 1639 3660 1714">
    <p class='ocr_par' dir='ltr' id='par_1_74' title="bbox 2071 1639 3660 1714">
     <span class='ocr_line' id='line_1_74' title="bbox 2071 1639 3660 1714; baseline 0.013 -23"><span class='ocrx_word' id='word_1_505' title='bbox 2071 1639 2260 1693; x_wconf 88' lang='lat' dir='ltr'><strong>acerba</strong></span> <span class='ocrx_word' id='word_1_506' title='bbox 2276 1641 2507 1711; x_wconf 90' lang='lat' dir='ltr'><strong>undique</strong></span> <span class='ocrx_word' id='word_1_507' title='bbox 2529 1644 2786 1714; x_wconf 89' lang='lat' dir='ltr'><strong>supplicia</strong></span> <span class='ocrx_word' id='word_1_508' title='bbox 2803 1647 3241 1712; x_wconf 83' lang='lat' dir='ltr'><strong>circumstabant,</strong></span> <span class='ocrx_word' id='word_1_509' title='bbox 3264 1664 3436 1710; x_wconf 89' lang='lat' dir='ltr'><strong>metus</strong></span> <span class='ocrx_word' id='word_1_510' title='bbox 3453 1657 3660 1711; x_wconf 86' lang='lat' dir='ltr'><strong>futuro-</strong></span> 
     </span>
    </p>
   </div>
   <div class='ocr_carea' id='block_1_75' title="bbox 2073 1731 3663 1817">
    <p class='ocr_par' dir='ltr' id='par_1_75' title="bbox 2073 1731 3663 1817">
     <span class='ocr_line' id='line_1_75' title="bbox 2073 1731 3663 1817; baseline 0.012 -34"><span class='ocrx_word' id='word_1_511' title='bbox 2073 1745 2215 1795; x_wconf 91' lang='lat' dir='ltr'><strong>rum,</strong></span> <span class='ocrx_word' id='word_1_512' title='bbox 2233 1731 2381 1786; x_wconf 89' lang='lat' dir='ltr'><strong>labor</strong></span> <span class='ocrx_word' id='word_1_513' title='bbox 2400 1736 2763 1803; x_wconf 77' lang='lat' dir='ltr'><strong>przesentium,</strong></span> <span class='ocrx_word' id='word_1_514' title='bbox 2783 1736 2937 1794; x_wconf 90' lang='lat' dir='ltr'><strong>dolor</strong></span> <span class='ocrx_word' id='word_1_515' title='bbox 2951 1739 3330 1811; x_wconf 87' lang='lat' dir='ltr'><strong>ingruentium,</strong></span> <span class='ocrx_word' id='word_1_516' title='bbox 3345 1760 3529 1801; x_wconf 86' lang='lat' dir='ltr'><strong>eorum</strong></span> <span class='ocrx_word' id='word_1_517' title='bbox 3546 1765 3663 1817; x_wconf 79' lang='lat' dir='ltr'><strong>quas</strong></span> 
     </span>
    </p>
   </div>
   <div class='ocr_carea' id='block_1_76' title="bbox 2072 1824 3662 1911">
    <p class='ocr_par' dir='ltr' id='par_1_76' title="bbox 2072 1824 3662 1911">
     <span class='ocr_line' id='line_1_76' title="bbox 2072 1824 3662 1911; baseline 0.013 -34"><span class='ocrx_word' id='word_1_518' title='bbox 2072 1824 2519 1894; x_wconf 82' lang='lat' dir='ltr'><strong>exspectabantur</strong></span> <span class='ocrx_word' id='word_1_519' title='bbox 2534 1827 2765 1885; x_wconf 91' lang='lat' dir='ltr'><strong>formido</strong></span> <span class='ocrx_word' id='word_1_520' title='bbox 2795 1839 3098 1904; x_wconf 90' lang='lat' dir='ltr'><strong>:tamqttam</strong></span> <span class='ocrx_word' id='word_1_521' title='bbox 3122 1837 3264 1891; x_wconf 90' lang='lat' dir='ltr'><strong>enim</strong></span> <span class='ocrx_word' id='word_1_522' title='bbox 3289 1838 3479 1895; x_wconf 72' lang='lat' dir='ltr'><strong>bellum</strong></span> <span class='ocrx_word' id='word_1_523' title='bbox 3510 1858 3662 1911; x_wconf 75' lang='lat' dir='ltr'><strong>quae-</strong></span> 
     </span>
    </p>
   </div>
   <div class='ocr_carea' id='block_1_77' title="bbox 2074 1915 3668 1998">
    <p class='ocr_par' dir='ltr' id='par_1_77' title="bbox 2074 1915 3668 1998">
     <span class='ocr_line' id='line_1_77' title="bbox 2074 1915 3668 1998; baseline 0.013 -29"><span class='ocrx_word' id='word_1_524' title='bbox 2074 1915 2195 1970; x_wconf 88' lang='lat' dir='ltr'><strong>dam</strong></span> <span class='ocrx_word' id='word_1_525' title='bbox 2239 1917 2502 1975; x_wconf 88' lang='lat' dir='ltr'><strong>immanes</strong></span> <span class='ocrx_word' id='word_1_526' title='bbox 2528 1922 2805 1979; x_wconf 87' lang='lat' dir='ltr'><strong>carniﬁces</strong></span> <span class='ocrx_word' id='word_1_527' title='bbox 2832 1940 3027 1995; x_wconf 87' lang='lat' dir='ltr'><strong>corpus</strong></span> <span class='ocrx_word' id='word_1_528' title='bbox 3061 1928 3177 1998; x_wconf 87' lang='lat' dir='ltr'><strong>ejus</strong></span> <span class='ocrx_word' id='word_1_529' title='bbox 3224 1931 3668 1990; x_wconf 88' lang='lat' dir='ltr'><strong>circumsidentes</strong></span> 
     </span>
    </p>
   </div>
   <div class='ocr_carea' id='block_1_78' title="bbox 2077 2008 3667 2087">
    <p class='ocr_par' dir='ltr' id='par_1_78' title="bbox 2077 2008 3667 2087">
     <span class='ocr_line' id='line_1_78' title="bbox 2077 2008 3667 2087; baseline 0.012 -25"><span class='ocrx_word' id='word_1_530' title='bbox 2077 2008 2242 2065; x_wconf 86' lang='lat' dir='ltr'><strong>latera</strong></span> <span class='ocrx_word' id='word_1_531' title='bbox 2268 2011 2613 2082; x_wconf 83' lang='lat' dir='ltr'><strong>eﬁ‘odiebant,</strong></span> <span class='ocrx_word' id='word_1_532' title='bbox 2646 2030 2862 2073; x_wconf 90' lang='lat' dir='ltr'><strong>carnem</strong></span> <span class='ocrx_word' id='word_1_533' title='bbox 2892 2019 3240 2087; x_wconf 87' lang='lat' dir='ltr'><strong>deradebant,</strong></span> <span class='ocrx_word' id='word_1_534' title='bbox 3273 2039 3396 2079; x_wconf 89' lang='lat' dir='ltr'><strong>ossa</strong></span> <span class='ocrx_word' id='word_1_535' title='bbox 3424 2024 3667 2080; x_wconf 85' lang='lat' dir='ltr'><strong>denuda-</strong></span> 
     </span>
    </p>
   </div>
   <div class='ocr_carea' id='block_1_79' title="bbox 2076 2102 3667 2182">
    <p class='ocr_par' dir='ltr' id='par_1_79' title="bbox 2076 2102 3667 2182">
     <span class='ocr_line' id='line_1_79' title="bbox 2076 2102 3667 2182; baseline 0.008 -24"><span class='ocrx_word' id='word_1_536' title='bbox 2076 2102 2225 2170; x_wconf 87' lang='lat' dir='ltr'><strong>bant,</strong></span> <span class='ocrx_word' id='word_1_537' title='bbox 2244 2105 2446 2161; x_wconf 90' lang='lat' dir='ltr'><strong>viscera</strong></span> <span class='ocrx_word' id='word_1_538' title='bbox 2470 2107 2581 2177; x_wconf 87' lang='lat' dir='ltr'><strong>ipsa</strong></span> <span class='ocrx_word' id='word_1_539' title='bbox 2606 2108 2858 2165; x_wconf 90' lang='lat' dir='ltr'><strong>interiora</strong></span> <span class='ocrx_word' id='word_1_540' title='bbox 2887 2113 3264 2182; x_wconf 90' lang='lat' dir='ltr'><strong>pervadebant.</strong></span> <span class='ocrx_word' id='word_1_541' title='bbox 3284 2118 3530 2172; x_wconf 82' lang='lat' dir='ltr'><strong>Attamen</strong></span> <span class='ocrx_word' id='word_1_542' title='bbox 3548 2133 3667 2172; x_wconf 88' lang='lat' dir='ltr'><strong>cum</strong></span> 
     </span>
    </p>
   </div>
   <div class='ocr_carea' id='block_1_80' title="bbox 2079 2200 3671 2279">
    <p class='ocr_par' dir='ltr' id='par_1_80' title="bbox 2079 2200 3671 2279">
     <span class='ocr_line' id='line_1_80' title="bbox 2079 2200 3671 2279; baseline 0.01 -31"><span class='ocrx_word' id='word_1_543' title='bbox 2079 2206 2269 2251; x_wconf 87' lang='lat' dir='ltr'><strong>cuncta</strong></span> <span class='ocrx_word' id='word_1_544' title='bbox 2302 2200 2739 2271; x_wconf 88' lang='lat' dir='ltr'><strong>pervestigarent,</strong></span> <span class='ocrx_word' id='word_1_545' title='bbox 2777 2203 3083 2260; x_wconf 88' lang='lat' dir='ltr'><strong>thesaurum</strong></span> <span class='ocrx_word' id='word_1_546' title='bbox 3112 2207 3235 2264; x_wconf 89' lang='lat' dir='ltr'><strong>ﬁdei</strong></span> <span class='ocrx_word' id='word_1_547' title='bbox 3253 2209 3549 2279; x_wconf 69' lang='lat' dir='ltr'><strong>depraedari</strong></span> <span class='ocrx_word' id='word_1_548' title='bbox 3572 2211 3671 2264; x_wconf 83' lang='lat' dir='ltr'><strong>mi-</strong></span> 
     </span>
    </p>
   </div>
   <div class='ocr_carea' id='block_1_81' title="bbox 2082 2287 3672 2368">
    <p class='ocr_par' dir='ltr' id='par_1_81' title="bbox 2082 2287 3672 2368">
     <span class='ocr_line' id='line_1_81' title="bbox 2082 2287 3672 2368; baseline 0.01 -28"><span class='ocrx_word' id='word_1_549' title='bbox 2082 2287 2225 2341; x_wconf 92' lang='lat' dir='ltr'><strong>nime</strong></span> <span class='ocrx_word' id='word_1_550' title='bbox 2247 2289 2547 2345; x_wconf 88' lang='lat' dir='ltr'><strong>valuerunt.</strong></span> <span class='ocrx_word' id='word_1_551' title='bbox 2592 2292 2878 2349; x_wconf 88' lang='lat' dir='ltr'><strong>Enimvero</strong></span> <span class='ocrx_word' id='word_1_552' title='bbox 2908 2297 2961 2350; x_wconf 91' lang='lat' dir='ltr'><strong>in</strong></span> <span class='ocrx_word' id='word_1_553' title='bbox 2992 2314 3174 2368; x_wconf 86' lang='lat' dir='ltr'><strong>regum</strong></span> <span class='ocrx_word' id='word_1_554' title='bbox 3205 2301 3410 2355; x_wconf 77' lang='lat' dir='ltr'><strong>:nrariis</strong></span> <span class='ocrx_word' id='word_1_555' title='bbox 3430 2341 3444 2365; x_wconf 88' lang='lat'><strong>,</strong></span> <span class='ocrx_word' id='word_1_556' title='bbox 3469 2302 3557 2357; x_wconf 88' lang='lat' dir='ltr'><strong>ubi</strong></span> <span class='ocrx_word' id='word_1_557' title='bbox 3576 2317 3672 2356; x_wconf 88' lang='lat' dir='ltr'><strong>att-</strong></span> 
     </span>
    </p>
   </div>
   <div class='ocr_carea' id='block_1_82' title="bbox 2083 2381 3671 2462">
    <p class='ocr_par' dir='ltr' id='par_1_82' title="bbox 2083 2381 3671 2462">
     <span class='ocr_line' id='line_1_82' title="bbox 2083 2381 3671 2462; baseline 0.009 -28"><span class='ocrx_word' id='word_1_558' title='bbox 2083 2396 2201 2434; x_wconf 92' lang='lat' dir='ltr'><strong>rum</strong></span> <span class='ocrx_word' id='word_1_559' title='bbox 2230 2381 2451 2451; x_wconf 72' lang='lat' dir='ltr'><strong>aliaeque</strong></span> <span class='ocrx_word' id='word_1_560' title='bbox 2478 2383 2710 2453; x_wconf 76' lang='lat' dir='ltr'><strong>copiosa:</strong></span> <span class='ocrx_word' id='word_1_561' title='bbox 2739 2396 2861 2440; x_wconf 90' lang='lat' dir='ltr'><strong>sunt</strong></span> <span class='ocrx_word' id='word_1_562' title='bbox 2891 2402 3020 2456; x_wconf 90' lang='lat' dir='ltr'><strong>opes</strong></span> <span class='ocrx_word' id='word_1_563' title='bbox 3045 2389 3351 2457; x_wconf 59' lang='lat' dir='ltr'><strong>reconditae,</strong></span> <span class='ocrx_word' id='word_1_564' title='bbox 3375 2392 3419 2445; x_wconf 91' lang='lat' dir='ltr'><strong>si</strong></span> <span class='ocrx_word' id='word_1_565' title='bbox 3441 2394 3671 2462; x_wconf 90' lang='lat' dir='ltr'><strong>parietes</strong></span> 
     </span>
    </p>
   </div>
   <div class='ocr_carea' id='block_1_83' title="bbox 2083 2472 3675 2548">
    <p class='ocr_par' dir='ltr' id='par_1_83' title="bbox 2083 2472 3675 2548">
     <span class='ocr_line' id='line_1_83' title="bbox 2083 2472 3675 2548; baseline 0.009 -23"><span class='ocrx_word' id='word_1_566' title='bbox 2083 2472 2252 2526; x_wconf 93' lang='lat' dir='ltr'><strong>solum</strong></span> <span class='ocrx_word' id='word_1_567' title='bbox 2270 2472 2584 2542; x_wconf 87' lang='lat' dir='ltr'><strong>perfoderis,</strong></span> <span class='ocrx_word' id='word_1_568' title='bbox 2608 2475 2653 2530; x_wconf 90' lang='lat' dir='ltr'><strong>si</strong></span> <span class='ocrx_word' id='word_1_569' title='bbox 2676 2472 2813 2532; x_wconf 88' lang='lat' dir='ltr'><strong>fores</strong></span> <span class='ocrx_word' id='word_1_570' title='bbox 2828 2482 3169 2548; x_wconf 79' lang='lat' dir='ltr'><strong>reseraveris,</strong></span> <span class='ocrx_word' id='word_1_571' title='bbox 3188 2483 3442 2537; x_wconf 89' lang='lat' dir='ltr'><strong>continuo</strong></span> <span class='ocrx_word' id='word_1_572' title='bbox 3461 2484 3675 2540; x_wconf 89' lang='lat' dir='ltr'><strong>thesau-</strong></span> 
     </span>
    </p>
   </div>
   <div class='ocr_carea' id='block_1_84' title="bbox 2082 2565 3675 2635">
    <p class='ocr_par' dir='ltr' id='par_1_84' title="bbox 2082 2565 3675 2635">
     <span class='ocr_line' id='line_1_84' title="bbox 2082 2565 3675 2635; baseline 0.008 -16"><span class='ocrx_word' id='word_1_573' title='bbox 2082 2580 2202 2619; x_wconf 91' lang='lat' dir='ltr'><strong>rum</strong></span> <span class='ocrx_word' id='word_1_574' title='bbox 2239 2565 2503 2635; x_wconf 92' lang='lat' dir='ltr'><strong>objcctum</strong></span> <span class='ocrx_word' id='word_1_575' title='bbox 2526 2567 2709 2632; x_wconf 89' lang='lat' dir='ltr'><strong>vides;</strong></span> <span class='ocrx_word' id='word_1_576' title='bbox 2740 2577 2796 2622; x_wconf 92' lang='lat' dir='ltr'><strong>at</strong></span> <span class='ocrx_word' id='word_1_577' title='bbox 2823 2570 2908 2624; x_wconf 75' lang='lat' dir='ltr'><strong>hic</strong></span> <span class='ocrx_word' id='word_1_578' title='bbox 2944 2571 2997 2625; x_wconf 90' lang='lat' dir='ltr'><strong>in</strong></span> <span class='ocrx_word' id='word_1_579' title='bbox 3035 2582 3221 2627; x_wconf 88' lang='lat' dir='ltr'><strong>sancto</strong></span> <span class='ocrx_word' id='word_1_580' title='bbox 3249 2574 3351 2629; x_wconf 88' lang='lat' dir='ltr'><strong>isto</strong></span> <span class='ocrx_word' id='word_1_581' title='bbox 3372 2574 3675 2631; x_wconf 82' lang='lat' dir='ltr'><strong>Christum-</strong></span> 
     </span>
    </p>
   </div>
   <div class='ocr_carea' id='block_1_85' title="bbox 2085 2658 3673 2730">
    <p class='ocr_par' dir='ltr' id='par_1_85' title="bbox 2085 2658 3673 2730">
     <span class='ocr_line' id='line_1_85' title="bbox 2085 2658 3673 2730; baseline 0.01 -20"><span class='ocrx_word' id='word_1_582' title='bbox 2085 2672 2187 2726; x_wconf 87' lang='lat' dir='ltr'><strong>que</strong></span> <span class='ocrx_word' id='word_1_583' title='bbox 2212 2658 2504 2713; x_wconf 89' lang='lat' dir='ltr'><strong>continenti</strong></span> <span class='ocrx_word' id='word_1_584' title='bbox 2556 2661 2757 2730; x_wconf 89' lang='lat' dir='ltr'><strong>templo</strong></span> <span class='ocrx_word' id='word_1_585' title='bbox 2786 2664 3109 2718; x_wconf 89' lang='lat' dir='ltr'><strong>contrarium</strong></span> <span class='ocrx_word' id='word_1_586' title='bbox 3151 2667 3445 2722; x_wconf 84' lang='lat' dir='ltr'><strong>accidebat.</strong></span> <span class='ocrx_word' id='word_1_587' title='bbox 3483 2668 3673 2725; x_wconf 85' lang='lat' dir='ltr'><strong>Perfo-</strong></span> 
     </span>
    </p>
   </div>
   <div class='ocr_carea' id='block_1_86' title="bbox 2086 2747 3678 2829">
    <p class='ocr_par' dir='ltr' id='par_1_86' title="bbox 2086 2747 3678 2829">
     <span class='ocr_line' id='line_1_86' title="bbox 2086 2747 3678 2829; baseline 0.009 -28"><span class='ocrx_word' id='word_1_588' title='bbox 2086 2747 2305 2802; x_wconf 85' lang='lat' dir='ltr'><strong>diebant</strong></span> <span class='ocrx_word' id='word_1_589' title='bbox 2346 2765 2529 2805; x_wconf 92' lang='lat' dir='ltr'><strong>muros</strong></span> <span class='ocrx_word' id='word_1_590' title='bbox 2550 2752 2861 2819; x_wconf 89' lang='lat' dir='ltr'><strong>carniﬁces,</strong></span> <span class='ocrx_word' id='word_1_591' title='bbox 2894 2764 3214 2824; x_wconf 79' lang='lat' dir='ltr'><strong>pectoraque</strong></span> <span class='ocrx_word' id='word_1_592' title='bbox 3244 2757 3678 2829; x_wconf 90' lang='lat' dir='ltr'><strong>disrumpebant,</strong></span> 
     </span>
    </p>
   </div>
   <div class='ocr_carea' id='block_1_87' title="bbox 2088 2840 3680 2923">
    <p class='ocr_par' dir='ltr' id='par_1_87' title="bbox 2088 2840 3680 2923">
     <span class='ocr_line' id='line_1_87' title="bbox 2088 2840 3680 2923; baseline 0.011 -31"><span class='ocrx_word' id='word_1_593' title='bbox 2088 2848 2142 2893; x_wconf 91' lang='lat' dir='ltr'><strong>et</strong></span> <span class='ocrx_word' id='word_1_594' title='bbox 2162 2840 2464 2895; x_wconf 89' lang='lat' dir='ltr'><strong>reconditas</strong></span> <span class='ocrx_word' id='word_1_595' title='bbox 2509 2856 2639 2911; x_wconf 89' lang='lat' dir='ltr'><strong>opes</strong></span> <span class='ocrx_word' id='word_1_596' title='bbox 2667 2859 2765 2898; x_wconf 90' lang='lat' dir='ltr'><strong>nec</strong></span> <span class='ocrx_word' id='word_1_597' title='bbox 2795 2847 3125 2915; x_wconf 86' lang='lat' dir='ltr'><strong>cernebant,</strong></span> <span class='ocrx_word' id='word_1_598' title='bbox 3164 2864 3264 2904; x_wconf 90' lang='lat' dir='ltr'><strong>nec</strong></span> <span class='ocrx_word' id='word_1_599' title='bbox 3305 2864 3496 2921; x_wconf 88' lang='lat' dir='ltr'><strong>rapere</strong></span> <span class='ocrx_word' id='word_1_600' title='bbox 3527 2861 3680 2923; x_wconf 89' lang='lat' dir='ltr'><strong>pote-</strong></span> 
     </span>
    </p>
   </div>
   <div class='ocr_carea' id='block_1_88' title="bbox 2089 2933 3680 3007">
    <p class='ocr_par' dir='ltr' id='par_1_88' title="bbox 2089 2933 3680 3007">
     <span class='ocr_line' id='line_1_88' title="bbox 2089 2933 3680 3007; baseline 0.01 -22"><span class='ocrx_word' id='word_1_601' title='bbox 2089 2940 2250 2997; x_wconf 88' lang='lat' dir='ltr'><strong>rant;</strong></span> <span class='ocrx_word' id='word_1_602' title='bbox 2275 2933 2368 2987; x_wconf 90' lang='lat' dir='ltr'><strong>sed</strong></span> <span class='ocrx_word' id='word_1_603' title='bbox 2408 2934 2550 3004; x_wconf 92' lang='lat' dir='ltr'><strong>quod</strong></span> <span class='ocrx_word' id='word_1_604' title='bbox 2578 2936 2754 2991; x_wconf 77' lang='lat' dir='ltr'><strong>evenit</strong></span> <span class='ocrx_word' id='word_1_605' title='bbox 2784 2935 3108 3007; x_wconf 88' lang='lat' dir='ltr'><strong>Sodomitis,</strong></span> <span class='ocrx_word' id='word_1_606' title='bbox 3145 2950 3201 2996; x_wconf 93' lang='lat' dir='ltr'><strong>ut</strong></span> <span class='ocrx_word' id='word_1_607' title='bbox 3242 2942 3308 2996; x_wconf 92' lang='lat' dir='ltr'><strong>ad</strong></span> <span class='ocrx_word' id='word_1_608' title='bbox 3356 2943 3547 3000; x_wconf 92' lang='lat' dir='ltr'><strong>domus</strong></span> <span class='ocrx_word' id='word_1_609' title='bbox 3579 2945 3680 3001; x_wconf 90' lang='lat' dir='ltr'><strong>Lot</strong></span> 
     </span>
    </p>
   </div>
   <div class='ocr_carea' id='block_1_89' title="bbox 2084 3022 3683 3100">
    <p class='ocr_par' dir='ltr' id='par_1_89' title="bbox 2084 3022 3683 3100">
     <span class='ocr_line' id='line_1_89' title="bbox 2084 3022 3683 3100; baseline 0.011 -22"><span class='ocrx_word' id='word_1_610' title='bbox 2084 3022 2302 3093; x_wconf 87' lang='lat' dir='ltr'><strong>januam</strong></span> <span class='ocrx_word' id='word_1_611' title='bbox 2343 3027 2558 3097; x_wconf 90' lang='lat' dir='ltr'><strong>quidem</strong></span> <span class='ocrx_word' id='word_1_612' title='bbox 2609 3030 2775 3100; x_wconf 88' lang='lat' dir='ltr'><strong>ipsam</strong></span> <span class='ocrx_word' id='word_1_613' title='bbox 2804 3041 3009 3086; x_wconf 88' lang='lat' dir='ltr'><strong>starent</strong></span> <span class='ocrx_word' id='word_1_614' title='bbox 3031 3073 3047 3100; x_wconf 95' lang='lat'><strong>,</strong></span> <span class='ocrx_word' id='word_1_615' title='bbox 3078 3034 3279 3090; x_wconf 90' lang='lat' dir='ltr'><strong>aditum</strong></span> <span class='ocrx_word' id='word_1_616' title='bbox 3309 3052 3436 3092; x_wconf 91' lang='lat' dir='ltr'><strong>vero</strong></span> <span class='ocrx_word' id='word_1_617' title='bbox 3460 3055 3566 3093; x_wconf 89' lang='lat' dir='ltr'><strong>non</strong></span> <span class='ocrx_word' id='word_1_618' title='bbox 3612 3040 3683 3094; x_wconf 83' lang='lat' dir='ltr'><strong>in-</strong></span> 
     </span>
    </p>
   </div>
   <div class='ocr_carea' id='block_1_90' title="bbox 2090 3117 3679 3196">
    <p class='ocr_par' dir='ltr' id='par_1_90' title="bbox 2090 3117 3679 3196">
     <span class='ocr_line' id='line_1_90' title="bbox 2090 3117 3679 3196; baseline 0.007 -26"><span class='ocrx_word' id='word_1_619' title='bbox 2090 3118 2334 3171; x_wconf 90' lang='lat' dir='ltr'><strong>venirent</strong></span> <span class='ocrx_word' id='word_1_620' title='bbox 2379 3117 2531 3189; x_wconf 81' lang='lat' dir='ltr'><strong>(Gen.</strong></span> <span class='ocrx_word' id='word_1_621' title='bbox 2565 3120 2647 3175; x_wconf 88' lang='lat' dir='ltr'><strong>l9.</strong></span> <span class='ocrx_word' id='word_1_622' title='bbox 2680 3120 2769 3175; x_wconf 86' lang='grc'><strong>10.</strong></span> <span class='ocrx_word' id='word_1_623' title='bbox 2812 3138 2920 3192; x_wconf 76' lang='lat' dir='ltr'><strong>sqq.</strong></span> <span class='ocrx_word' id='word_1_624' title='bbox 2955 3121 2973 3190; x_wconf 95' lang='lat'><strong>)</strong></span> <span class='ocrx_word' id='word_1_625' title='bbox 3010 3123 3130 3178; x_wconf 90' lang='lat' dir='ltr'><strong>:sic</strong></span> <span class='ocrx_word' id='word_1_626' title='bbox 3171 3124 3422 3180; x_wconf 86' lang='lat' dir='ltr'><strong>nimirum</strong></span> <span class='ocrx_word' id='word_1_627' title='bbox 3463 3136 3517 3182; x_wconf 89' lang='lat' dir='ltr'><strong>et</strong></span> <span class='ocrx_word' id='word_1_628' title='bbox 3560 3128 3679 3196; x_wconf 87' lang='lat' dir='ltr'><strong>isti,</strong></span> 
     </span>
    </p>
   </div>
   <div class='ocr_carea' id='block_1_91' title="bbox 2092 3212 3682 3285">
    <p class='ocr_par' dir='ltr' id='par_1_91' title="bbox 2092 3212 3682 3285">
     <span class='ocr_line' id='line_1_91' title="bbox 2092 3212 3682 3285; baseline 0.009 -25"><span class='ocrx_word' id='word_1_629' title='bbox 2092 3222 2213 3261; x_wconf 89' lang='lat' dir='ltr'><strong>cum</strong></span> <span class='ocrx_word' id='word_1_630' title='bbox 2238 3222 2432 3277; x_wconf 88' lang='lat' dir='ltr'><strong>corpus</strong></span> <span class='ocrx_word' id='word_1_631' title='bbox 2478 3212 2727 3281; x_wconf 88' lang='lat' dir='ltr'><strong>martyris</strong></span> <span class='ocrx_word' id='word_1_632' title='bbox 2759 3212 3100 3283; x_wconf 87' lang='lat' dir='ltr'><strong>undiquaque</strong></span> <span class='ocrx_word' id='word_1_633' title='bbox 3144 3224 3531 3285; x_wconf 86' lang='lat' dir='ltr'><strong>scrutarentur,</strong></span> <span class='ocrx_word' id='word_1_634' title='bbox 3562 3219 3682 3275; x_wconf 80' lang='lat' dir='ltr'><strong>tlte-</strong></span> 
     </span>
    </p>
   </div>
   <div class='ocr_carea' id='block_1_92' title="bbox 2092 3302 3684 3377">
    <p class='ocr_par' dir='ltr' id='par_1_92' title="bbox 2092 3302 3684 3377">
     <span class='ocr_line' id='line_1_92' title="bbox 2092 3302 3684 3377; baseline 0.008 -23"><span class='ocrx_word' id='word_1_635' title='bbox 2092 3315 2309 3355; x_wconf 91' lang='lat' dir='ltr'><strong>saurum</strong></span> <span class='ocrx_word' id='word_1_636' title='bbox 2334 3308 2507 3355; x_wconf 89' lang='lat' dir='ltr'><strong>tamen</strong></span> <span class='ocrx_word' id='word_1_637' title='bbox 2552 3302 2956 3371; x_wconf 90' lang='lat' dir='ltr'><strong>deprehendere</strong></span> <span class='ocrx_word' id='word_1_638' title='bbox 2986 3305 3217 3377; x_wconf 86' lang='lat' dir='ltr'><strong>ﬁdeique</strong></span> <span class='ocrx_word' id='word_1_639' title='bbox 3241 3307 3454 3363; x_wconf 88' lang='lat' dir='ltr'><strong>divitias</strong></span> <span class='ocrx_word' id='word_1_640' title='bbox 3481 3311 3684 3365; x_wconf 81' lang='lat' dir='ltr'><strong>exhau-</strong></span> 
     </span>
    </p>
   </div>
   <div class='ocr_carea' id='block_1_93' title="bbox 2093 3391 3685 3457">
    <p class='ocr_par' dir='ltr' id='par_1_93' title="bbox 2093 3391 3685 3457">
     <span class='ocr_line' id='line_1_93' title="bbox 2093 3391 3685 3457; baseline 0.008 -14"><span class='ocrx_word' id='word_1_641' title='bbox 2093 3391 2203 3444; x_wconf 88' lang='lat' dir='ltr'><strong>rire</strong></span> <span class='ocrx_word' id='word_1_642' title='bbox 2225 3405 2329 3444; x_wconf 90' lang='lat' dir='ltr'><strong>non</strong></span> <span class='ocrx_word' id='word_1_643' title='bbox 2353 3391 2621 3445; x_wconf 80' lang='lat' dir='ltr'><strong>valebant.</strong></span> <span class='ocrx_word' id='word_1_644' title='bbox 2653 3392 2797 3447; x_wconf 84' lang='lat' dir='ltr'><strong>Talia</strong></span> <span class='ocrx_word' id='word_1_645' title='bbox 2820 3404 2944 3447; x_wconf 89' lang='lat' dir='ltr'><strong>sunt</strong></span> <span class='ocrx_word' id='word_1_646' title='bbox 2972 3395 3166 3451; x_wconf 65' lang='lat' dir='ltr'><strong>animae</strong></span> <span class='ocrx_word' id='word_1_647' title='bbox 3204 3407 3512 3454; x_wconf 90' lang='lat' dir='ltr'><strong>sanctorum</strong></span> <span class='ocrx_word' id='word_1_648' title='bbox 3539 3413 3685 3457; x_wconf 86' lang='lat' dir='ltr'><strong>recte</strong></span> 
     </span>
    </p>
   </div>
   <div class='ocr_carea' id='block_1_94' title="bbox 2095 3483 3681 3559">
    <p class='ocr_par' dir='ltr' id='par_1_94' title="bbox 2095 3483 3681 3559">
     <span class='ocr_line' id='line_1_94' title="bbox 2095 3483 3681 3559; baseline 0.008 -23"><span class='ocrx_word' id='word_1_649' title='bbox 2095 3483 2231 3537; x_wconf 89' lang='lat' dir='ltr'><strong>facta</strong></span> <span class='ocrx_word' id='word_1_650' title='bbox 2254 3524 2268 3549; x_wconf 88' lang='lat'><strong>,</strong></span> <span class='ocrx_word' id='word_1_651' title='bbox 2297 3498 2415 3553; x_wconf 62' lang='lat' dir='ltr'><strong>qua:</strong></span> <span class='ocrx_word' id='word_1_652' title='bbox 2455 3499 2554 3538; x_wconf 91' lang='lat' dir='ltr'><strong>nec</strong></span> <span class='ocrx_word' id='word_1_653' title='bbox 2580 3486 2778 3540; x_wconf 85' lang='lat' dir='ltr'><strong>auferri</strong></span> <span class='ocrx_word' id='word_1_654' title='bbox 2807 3500 2905 3540; x_wconf 91' lang='lat' dir='ltr'><strong>nec</strong></span> <span class='ocrx_word' id='word_1_655' title='bbox 2933 3487 3069 3543; x_wconf 88' lang='lat' dir='ltr'><strong>vinci</strong></span> <span class='ocrx_word' id='word_1_656' title='bbox 3101 3501 3355 3559; x_wconf 89' lang='lat' dir='ltr'><strong>possunt,</strong></span> <span class='ocrx_word' id='word_1_657' title='bbox 3385 3492 3435 3545; x_wconf 91' lang='lat' dir='ltr'><strong>in</strong></span> <span class='ocrx_word' id='word_1_658' title='bbox 3486 3494 3681 3548; x_wconf 77' lang='lat' dir='ltr'><strong>anima:</strong></span> 
     </span>
    </p>
   </div>
   <div class='ocr_carea' id='block_1_95' title="bbox 2096 3573 3683 3652">
    <p class='ocr_par' dir='ltr' id='par_1_95' title="bbox 2096 3573 3683 3652">
     <span class='ocr_line' id='line_1_95' title="bbox 2096 3573 3683 3652; baseline 0.008 -23"><span class='ocrx_word' id='word_1_659' title='bbox 2096 3573 2407 3631; x_wconf 90' lang='lat' dir='ltr'><strong>fortitudine</strong></span> <span class='ocrx_word' id='word_1_660' title='bbox 2458 3586 2725 3648; x_wconf 83' lang='lat' dir='ltr'><strong>tamquam</strong></span> <span class='ocrx_word' id='word_1_661' title='bbox 2766 3579 2817 3632; x_wconf 92' lang='lat' dir='ltr'><strong>in</strong></span> <span class='ocrx_word' id='word_1_662' title='bbox 2850 3579 3001 3652; x_wconf 87' lang='lat' dir='ltr'><strong>asylo</strong></span> <span class='ocrx_word' id='word_1_663' title='bbox 3033 3582 3263 3650; x_wconf 91' lang='lat' dir='ltr'><strong>quodam</strong></span> <span class='ocrx_word' id='word_1_664' title='bbox 3300 3593 3355 3638; x_wconf 91' lang='lat' dir='ltr'><strong>et</strong></span> <span class='ocrx_word' id='word_1_665' title='bbox 3379 3598 3534 3639; x_wconf 87' lang='lat' dir='ltr'><strong>sacro</strong></span> <span class='ocrx_word' id='word_1_666' title='bbox 3564 3585 3683 3641; x_wconf 76' lang='lat' dir='ltr'><strong>loco</strong></span> 
     </span>
    </p>
   </div>
   <div class='ocr_carea' id='block_1_96' title="bbox 2098 3668 3689 3743">
    <p class='ocr_par' dir='ltr' id='par_1_96' title="bbox 2098 3668 3689 3743">
     <span class='ocr_line' id='line_1_96' title="bbox 2098 3668 3689 3743; baseline 0.006 -21"><span class='ocrx_word' id='word_1_667' title='bbox 2098 3668 2371 3723; x_wconf 89' lang='lat' dir='ltr'><strong>recondita</strong></span> <span class='ocrx_word' id='word_1_668' title='bbox 2393 3710 2409 3736; x_wconf 94' lang='lat'><strong>,</strong></span> <span class='ocrx_word' id='word_1_669' title='bbox 2434 3677 2492 3723; x_wconf 90' lang='lat' dir='ltr'><strong>ut</strong></span> <span class='ocrx_word' id='word_1_670' title='bbox 2522 3684 2620 3724; x_wconf 91' lang='lat' dir='ltr'><strong>nec</strong></span> <span class='ocrx_word' id='word_1_671' title='bbox 2657 3670 2796 3724; x_wconf 88' lang='lat' dir='ltr'><strong>oculi</strong></span> <span class='ocrx_word' id='word_1_672' title='bbox 2825 3681 3169 3742; x_wconf 85' lang='lat' dir='ltr'><strong>tyrannorum</strong></span> <span class='ocrx_word' id='word_1_673' title='bbox 3196 3688 3258 3728; x_wconf 88' lang='lat' dir='ltr'><strong>ea</strong></span> <span class='ocrx_word' id='word_1_674' title='bbox 3296 3685 3519 3731; x_wconf 90' lang='lat' dir='ltr'><strong>cernant</strong></span> <span class='ocrx_word' id='word_1_675' title='bbox 3544 3719 3557 3743; x_wconf 91' lang='lat'><strong>,</strong></span> <span class='ocrx_word' id='word_1_676' title='bbox 3590 3693 3689 3732; x_wconf 76' lang='lat' dir='ltr'><strong>nec</strong></span> 
     </span>
    </p>
   </div>
   <div class='ocr_carea' id='block_1_97' title="bbox 2100 3760 3684 3836">
    <p class='ocr_par' dir='ltr' id='par_1_97' title="bbox 2100 3760 3684 3836">
     <span class='ocr_line' id='line_1_97' title="bbox 2100 3760 3684 3836; baseline 0.006 -23"><span class='ocrx_word' id='word_1_677' title='bbox 2100 3773 2291 3814; x_wconf 87' lang='lat' dir='ltr'><strong>manus</strong></span> <span class='ocrx_word' id='word_1_678' title='bbox 2334 3760 2639 3815; x_wconf 88' lang='lat' dir='ltr'><strong>carniﬁcum</strong></span> <span class='ocrx_word' id='word_1_679' title='bbox 2693 3777 2882 3831; x_wconf 90' lang='lat' dir='ltr'><strong>rapere</strong></span> <span class='ocrx_word' id='word_1_680' title='bbox 2937 3765 3179 3832; x_wconf 91' lang='lat' dir='ltr'><strong>possint;</strong></span> <span class='ocrx_word' id='word_1_681' title='bbox 3225 3765 3317 3820; x_wconf 92' lang='lat' dir='ltr'><strong>sed</strong></span> <span class='ocrx_word' id='word_1_682' title='bbox 3362 3765 3485 3821; x_wconf 90' lang='lat' dir='ltr'><strong>licet</strong></span> <span class='ocrx_word' id='word_1_683' title='bbox 3512 3768 3684 3836; x_wconf 86' lang='lat' dir='ltr'><strong>ipsum</strong></span> 
     </span>
    </p>
   </div>
   <div class='ocr_carea' id='block_1_98' title="bbox 2102 3851 3767 3922">
    <p class='ocr_par' dir='ltr' id='par_1_98' title="bbox 2102 3851 3767 3922">
     <span class='ocr_line' id='line_1_98' title="bbox 2102 3851 3767 3922; baseline 0.006 -16"><span class='ocrx_word' id='word_1_684' title='bbox 2102 3866 2196 3906; x_wconf 90' lang='lat' dir='ltr'><strong>cor</strong></span> <span class='ocrx_word' id='word_1_685' title='bbox 2216 3851 2505 3920; x_wconf 88' lang='lat' dir='ltr'><strong>dissecent,</strong></span> <span class='ocrx_word' id='word_1_686' title='bbox 2538 3853 2622 3906; x_wconf 91' lang='lat' dir='ltr'><strong>cui</strong></span> <span class='ocrx_word' id='word_1_687' title='bbox 2652 3854 2915 3922; x_wconf 68' lang='lat' dir='ltr'><strong>praecipue</strong></span> <span class='ocrx_word' id='word_1_688' title='bbox 2950 3854 3151 3909; x_wconf 91' lang='lat' dir='ltr'><strong>credita</strong></span> <span class='ocrx_word' id='word_1_689' title='bbox 3197 3864 3279 3911; x_wconf 86' lang='lat' dir='ltr'><strong>est</strong></span> <span class='ocrx_word' id='word_1_690' title='bbox 3318 3858 3508 3912; x_wconf 85' lang='lat' dir='ltr'><strong>animae</strong></span> <span class='ocrx_word' id='word_1_691' title='bbox 3536 3859 3693 3914; x_wconf 87' lang='lat' dir='ltr'><strong>forti-</strong></span> <span class='ocrx_word' id='word_1_692' title='bbox 3762 3912 3767 3916; x_wconf 87' lang='lat'><strong>.</strong></span> 
     </span>
    </p>
   </div>
   <div class='ocr_carea' id='block_1_99' title="bbox 2103 3945 3688 4021">
    <p class='ocr_par' dir='ltr' id='par_1_99' title="bbox 2103 3945 3688 4021">
     <span class='ocr_line' id='line_1_99' title="bbox 2103 3945 3688 4021; baseline 0.003 -21"><span class='ocrx_word' id='word_1_693' title='bbox 2103 3945 2251 4012; x_wconf 91' lang='lat' dir='ltr'><strong>tudo,</strong></span> <span class='ocrx_word' id='word_1_694' title='bbox 2283 3946 2406 4001; x_wconf 80' lang='lat' dir='ltr'><strong>licet</strong></span> <span class='ocrx_word' id='word_1_695' title='bbox 2433 3945 2484 3999; x_wconf 92' lang='lat' dir='ltr'><strong>in</strong></span> <span class='ocrx_word' id='word_1_696' title='bbox 2517 3946 2715 4000; x_wconf 88' lang='lat' dir='ltr'><strong>minuta</strong></span> <span class='ocrx_word' id='word_1_697' title='bbox 2752 3945 2918 4001; x_wconf 88' lang='lat' dir='ltr'><strong>frusta</strong></span> <span class='ocrx_word' id='word_1_698' title='bbox 2943 3947 3242 4015; x_wconf 87' lang='lat' dir='ltr'><strong>concidant,</strong></span> <span class='ocrx_word' id='word_1_699' title='bbox 3269 3964 3336 4003; x_wconf 90' lang='lat' dir='ltr'><strong>ne</strong></span> <span class='ocrx_word' id='word_1_700' title='bbox 3371 3951 3450 4004; x_wconf 92' lang='lat' dir='ltr'><strong>sic</strong></span> <span class='ocrx_word' id='word_1_701' title='bbox 3472 3951 3688 4021; x_wconf 89' lang='lat' dir='ltr'><strong>quidem</strong></span> 
     </span>
    </p>
   </div>
   <div class='ocr_carea' id='block_1_100' title="bbox 2102 4036 3694 4106">
    <p class='ocr_par' dir='ltr' id='par_1_100' title="bbox 2102 4036 3694 4106">
     <span class='ocr_line' id='line_1_100' title="bbox 2102 4036 3694 4106; baseline 0.003 -16"><span class='ocrx_word' id='word_1_702' title='bbox 2102 4050 2233 4106; x_wconf 90' lang='lat' dir='ltr'><strong>opes</strong></span> <span class='ocrx_word' id='word_1_703' title='bbox 2282 4036 2623 4102; x_wconf 83' lang='lat' dir='ltr'><strong>exhauriunt,</strong></span> <span class='ocrx_word' id='word_1_704' title='bbox 2652 4036 2745 4090; x_wconf 88' lang='lat' dir='ltr'><strong>sed</strong></span> <span class='ocrx_word' id='word_1_705' title='bbox 2785 4051 2876 4091; x_wconf 86' lang='lat' dir='ltr'><strong>cas</strong></span> <span class='ocrx_word' id='word_1_706' title='bbox 2926 4038 3212 4106; x_wconf 89' lang='lat' dir='ltr'><strong>ampliores</strong></span> <span class='ocrx_word' id='word_1_707' title='bbox 3242 4039 3401 4093; x_wconf 91' lang='lat' dir='ltr'><strong>etiam</strong></span> <span class='ocrx_word' id='word_1_708' title='bbox 3440 4040 3694 4097; x_wconf 90' lang='lat' dir='ltr'><strong>reddunt.</strong></span> 
     </span>
    </p>
   </div>
   <div class='ocr_carea' id='block_1_101' title="bbox 2103 4128 3692 4200">
    <p class='ocr_par' dir='ltr' id='par_1_101' title="bbox 2103 4128 3692 4200">
     <span class='ocr_line' id='line_1_101' title="bbox 2103 4128 3692 4200; baseline 0.002 -16"><span class='ocrx_word' id='word_1_709' title='bbox 2103 4128 2273 4198; x_wconf 82' lang='lat' dir='ltr'><strong>Hujus</strong></span> <span class='ocrx_word' id='word_1_710' title='bbox 2292 4128 2369 4183; x_wconf 89' lang='lat' dir='ltr'><strong>rei</strong></span> <span class='ocrx_word' id='word_1_711' title='bbox 2391 4143 2549 4183; x_wconf 90' lang='lat' dir='ltr'><strong>causa</strong></span> <span class='ocrx_word' id='word_1_712' title='bbox 2587 4129 2725 4183; x_wconf 83' lang='lat' dir='ltr'><strong>Deus</strong></span> <span class='ocrx_word' id='word_1_713' title='bbox 2746 4139 2849 4194; x_wconf 89' lang='lat' dir='ltr'><strong>est,</strong></span> <span class='ocrx_word' id='word_1_714' title='bbox 2879 4130 2966 4200; x_wconf 90' lang='lat' dir='ltr'><strong>qui</strong></span> <span class='ocrx_word' id='word_1_715' title='bbox 2995 4131 3207 4185; x_wconf 89' lang='lat' dir='ltr'><strong>animas</strong></span> <span class='ocrx_word' id='word_1_716' title='bbox 3242 4131 3374 4187; x_wconf 89' lang='lat' dir='ltr'><strong>tales</strong></span> <span class='ocrx_word' id='word_1_717' title='bbox 3401 4132 3692 4198; x_wconf 87' lang='lat' dir='ltr'><strong>inhabitat;</strong></span> 
     </span>
    </p>
   </div>
   <div class='ocr_carea' id='block_1_102' title="bbox 2104 4223 3695 4296">
    <p class='ocr_par' dir='ltr' id='par_1_102' title="bbox 2104 4223 3695 4296">
     <span class='ocr_line' id='line_1_102' title="bbox 2104 4223 3695 4296; baseline 0.003 -19"><span class='ocrx_word' id='word_1_718' title='bbox 2104 4224 2193 4294; x_wconf 91' lang='lat' dir='ltr'><strong>qui</strong></span> <span class='ocrx_word' id='word_1_719' title='bbox 2217 4239 2343 4278; x_wconf 89' lang='lat' dir='ltr'><strong>vero</strong></span> <span class='ocrx_word' id='word_1_720' title='bbox 2365 4224 2475 4278; x_wconf 83' lang='lat' dir='ltr'><strong>Dco</strong></span> <span class='ocrx_word' id='word_1_721' title='bbox 2503 4223 2700 4277; x_wconf 90' lang='lat' dir='ltr'><strong>bellum</strong></span> <span class='ocrx_word' id='word_1_722' title='bbox 2734 4224 2943 4288; x_wconf 83' lang='lat' dir='ltr'><strong>inferat,</strong></span> <span class='ocrx_word' id='word_1_723' title='bbox 2977 4225 3093 4280; x_wconf 88' lang='lat' dir='ltr'><strong>ﬁeri</strong></span> <span class='ocrx_word' id='word_1_724' title='bbox 3118 4228 3303 4296; x_wconf 90' lang='lat' dir='ltr'><strong>nequit</strong></span> <span class='ocrx_word' id='word_1_725' title='bbox 3329 4242 3602 4296; x_wconf 86' lang='lat' dir='ltr'><strong>umquam,</strong></span> <span class='ocrx_word' id='word_1_726' title='bbox 3637 4237 3695 4281; x_wconf 90' lang='lat' dir='ltr'><strong>ut</strong></span> 
     </span>
    </p>
   </div>
   <div class='ocr_carea' id='block_1_103' title="bbox 2105 4314 3699 4388">
    <p class='ocr_par' dir='ltr' id='par_1_103' title="bbox 2105 4314 3699 4388">
     <span class='ocr_line' id='line_1_103' title="bbox 2105 4314 3699 4388; baseline 0.003 -21"><span class='ocrx_word' id='word_1_727' title='bbox 2105 4315 2276 4370; x_wconf 86' lang='lat' dir='ltr'><strong>victor</strong></span> <span class='ocrx_word' id='word_1_728' title='bbox 2289 4314 2495 4377; x_wconf 87' lang='lat' dir='ltr'><strong>evadat,</strong></span> <span class='ocrx_word' id='word_1_729' title='bbox 2524 4314 2614 4369; x_wconf 90' lang='lat' dir='ltr'><strong>sed</strong></span> <span class='ocrx_word' id='word_1_730' title='bbox 2635 4331 2853 4370; x_wconf 89' lang='lat' dir='ltr'><strong>necesse</strong></span> <span class='ocrx_word' id='word_1_731' title='bbox 2868 4325 2971 4383; x_wconf 91' lang='lat' dir='ltr'><strong>est,</strong></span> <span class='ocrx_word' id='word_1_732' title='bbox 2987 4327 3041 4370; x_wconf 92' lang='lat' dir='ltr'><strong>ut</strong></span> <span class='ocrx_word' id='word_1_733' title='bbox 3057 4317 3286 4372; x_wconf 88' lang='lat' dir='ltr'><strong>ludibrio</strong></span> <span class='ocrx_word' id='word_1_734' title='bbox 3308 4317 3520 4372; x_wconf 88' lang='lat' dir='ltr'><strong>habitus</strong></span> <span class='ocrx_word' id='word_1_735' title='bbox 3538 4319 3699 4388; x_wconf 88' lang='lat' dir='ltr'><strong>turpi-</strong></span> 
     </span>
    </p>
   </div>
   <div class='ocr_carea' id='block_1_104' title="bbox 2109 4407 3693 4478">
    <p class='ocr_par' dir='ltr' id='par_1_104' title="bbox 2109 4407 3693 4478">
     <span class='ocr_line' id='line_1_104' title="bbox 2109 4407 3693 4478; baseline 0.002 -18"><span class='ocrx_word' id='word_1_736' title='bbox 2109 4416 2293 4476; x_wconf 89' lang='lat' dir='ltr'><strong>terque</strong></span> <span class='ocrx_word' id='word_1_737' title='bbox 2339 4416 2617 4475; x_wconf 86' lang='lat' dir='ltr'><strong>superatus</strong></span> <span class='ocrx_word' id='word_1_738' title='bbox 2667 4407 2936 4461; x_wconf 89' lang='lat' dir='ltr'><strong>abscedat.</strong></span> <span class='ocrx_word' id='word_1_739' title='bbox 2979 4408 3271 4478; x_wconf 86' lang='lat' dir='ltr'><strong>Propterea</strong></span> <span class='ocrx_word' id='word_1_740' title='bbox 3316 4417 3426 4463; x_wconf 89' lang='lat' dir='ltr'><strong>tttm</strong></span> <span class='ocrx_word' id='word_1_741' title='bbox 3479 4424 3693 4478; x_wconf 87' lang='lat' dir='ltr'><strong>quoque</strong></span> 
     </span>
    </p>
   </div>
   <div class='ocr_carea' id='block_1_105' title="bbox 2107 4498 3693 4571">
    <p class='ocr_par' dir='ltr' id='par_1_105' title="bbox 2107 4498 3693 4571">
     <span class='ocr_line' id='line_1_105' title="bbox 2107 4498 3693 4571; baseline -0.001 -16"><span class='ocrx_word' id='word_1_742' title='bbox 2107 4510 2291 4555; x_wconf 87' lang='lat' dir='ltr'><strong>contra</strong></span> <span class='ocrx_word' id='word_1_743' title='bbox 2311 4542 2325 4563; x_wconf 91' lang='lat'><strong>,</strong></span> <span class='ocrx_word' id='word_1_744' title='bbox 2353 4515 2511 4571; x_wconf 87' lang='lat' dir='ltr'><strong>quam</strong></span> <span class='ocrx_word' id='word_1_745' title='bbox 2546 4515 2641 4553; x_wconf 89' lang='lat' dir='ltr'><strong>usu</strong></span> <span class='ocrx_word' id='word_1_746' title='bbox 2683 4501 2867 4554; x_wconf 86' lang='lat' dir='ltr'><strong>venire</strong></span> <span class='ocrx_word' id='word_1_747' title='bbox 2913 4500 3117 4565; x_wconf 86' lang='lat' dir='ltr'><strong>soleat,</strong></span> <span class='ocrx_word' id='word_1_748' title='bbox 3142 4498 3418 4554; x_wconf 88' lang='lat' dir='ltr'><strong>accidebat</strong></span> <span class='ocrx_word' id='word_1_749' title='bbox 3449 4517 3462 4554; x_wconf 91' lang='lat'>:</span> <span class='ocrx_word' id='word_1_750' title='bbox 3497 4500 3693 4569; x_wconf 92' lang='lat' dir='ltr'><strong>ubique</strong></span> 
     </span>
    </p>
   </div>
   <div class='ocr_carea' id='block_1_106' title="bbox 2108 4590 3694 4661">
    <p class='ocr_par' dir='ltr' id='par_1_106' title="bbox 2108 4590 3694 4661">
     <span class='ocr_line' id='line_1_106' title="bbox 2108 4590 3694 4661; baseline 0 -16"><span class='ocrx_word' id='word_1_751' title='bbox 2108 4590 2368 4661; x_wconf 84' lang='lat' dir='ltr'><strong>siquidem</strong></span> <span class='ocrx_word' id='word_1_752' title='bbox 2387 4606 2418 4645; x_wconf 88' lang='lat' dir='ltr'><strong>a</strong></span> <span class='ocrx_word' id='word_1_753' title='bbox 2450 4593 2601 4645; x_wconf 85' lang='lat' dir='ltr'><strong>tactis</strong></span> <span class='ocrx_word' id='word_1_754' title='bbox 2631 4592 2788 4645; x_wconf 86' lang='lat' dir='ltr'><strong>verba</strong></span> <span class='ocrx_word' id='word_1_755' title='bbox 2819 4599 3158 4659; x_wconf 88' lang='lat' dir='ltr'><strong>superantur,</strong></span> <span class='ocrx_word' id='word_1_756' title='bbox 3187 4600 3299 4644; x_wconf 89' lang='lat' dir='ltr'><strong>tum</strong></span> <span class='ocrx_word' id='word_1_757' title='bbox 3327 4606 3456 4646; x_wconf 90' lang='lat' dir='ltr'><strong>vero</strong></span> <span class='ocrx_word' id='word_1_758' title='bbox 3484 4604 3694 4645; x_wconf 88' lang='lat' dir='ltr'><strong>sermo-</strong></span> 
     </span>
    </p>
   </div>
   <div class='ocr_carea' id='block_1_107' title="bbox 2111 4679 3698 4751">
    <p class='ocr_par' dir='ltr' id='par_1_107' title="bbox 2111 4679 3698 4751">
     <span class='ocr_line' id='line_1_107' title="bbox 2111 4679 3698 4751; baseline 0.001 -16"><span class='ocrx_word' id='word_1_759' title='bbox 2111 4697 2207 4736; x_wconf 91' lang='lat' dir='ltr'><strong>nes</strong></span> <span class='ocrx_word' id='word_1_760' title='bbox 2234 4681 2534 4736; x_wconf 89' lang='lat' dir='ltr'><strong>actionibus</strong></span> <span class='ocrx_word' id='word_1_761' title='bbox 2560 4682 2924 4751; x_wconf 64' lang='lat' dir='ltr'><strong>praavalebant</strong></span> <span class='ocrx_word' id='word_1_762' title='bbox 2950 4698 2960 4733; x_wconf 94' lang='lat'>:</span> <span class='ocrx_word' id='word_1_763' title='bbox 2995 4680 3302 4749; x_wconf 84' lang='lat' dir='ltr'><strong>quomodo?</strong></span> <span class='ocrx_word' id='word_1_764' title='bbox 3324 4679 3698 4736; x_wconf 86' lang='lat' dir='ltr'><strong>Admovebant</strong></span> 
     </span>
    </p>
   </div>
   <div class='ocr_carea' id='block_1_108' title="bbox 2113 4770 3703 4846">
    <p class='ocr_par' dir='ltr' id='par_1_108' title="bbox 2113 4770 3703 4846">
     <span class='ocr_line' id='line_1_108' title="bbox 2113 4770 3703 4846; baseline 0.001 -17"><span class='ocrx_word' id='word_1_765' title='bbox 2113 4777 2285 4846; x_wconf 87' lang='lat' dir='ltr'><strong>ignem</strong></span> <span class='ocrx_word' id='word_1_766' title='bbox 2319 4775 2390 4829; x_wconf 91' lang='lat' dir='ltr'><strong>illi</strong></span> <span class='ocrx_word' id='word_1_767' title='bbox 2418 4784 2471 4829; x_wconf 90' lang='lat' dir='ltr'><strong>et</strong></span> <span class='ocrx_word' id='word_1_768' title='bbox 2488 4776 2685 4829; x_wconf 87' lang='lat' dir='ltr'><strong>ferrum</strong></span> <span class='ocrx_word' id='word_1_769' title='bbox 2713 4782 2767 4828; x_wconf 92' lang='lat' dir='ltr'><strong>ct</strong></span> <span class='ocrx_word' id='word_1_770' title='bbox 2787 4781 3071 4837; x_wconf 89' lang='lat' dir='ltr'><strong>tormenta;</strong></span> <span class='ocrx_word' id='word_1_771' title='bbox 3102 4770 3459 4828; x_wconf 80' lang='lat' dir='ltr'><strong>admovebant</strong></span> <span class='ocrx_word' id='word_1_772' title='bbox 3491 4786 3703 4843; x_wconf 74' lang='lat' dir='ltr'><strong>pmuas,</strong></span> 
     </span>
    </p>
   </div>
   <div class='ocr_carea' id='block_1_109' title="bbox 2112 4864 3711 4940">
    <p class='ocr_par' dir='ltr' id='par_1_109' title="bbox 2112 4864 3711 4940">
     <span class='ocr_line' id='line_1_109' title="bbox 2112 4864 3711 4940; baseline -0.004 -16"><span class='ocrx_word' id='word_1_773' title='bbox 2112 4870 2400 4940; x_wconf 89' lang='lat' dir='ltr'><strong>supplicia,</strong></span> <span class='ocrx_word' id='word_1_774' title='bbox 2426 4868 2668 4939; x_wconf 84' lang='lat' dir='ltr'><strong>ﬂagella;</strong></span> <span class='ocrx_word' id='word_1_775' title='bbox 2707 4864 3076 4937; x_wconf 80' lang='lat' dir='ltr'><strong>perfodiebant</strong></span> <span class='ocrx_word' id='word_1_776' title='bbox 3098 4864 3369 4935; x_wconf 88' lang='lat' dir='ltr'><strong>undique‘</strong></span> <span class='ocrx_word' id='word_1_777' title='bbox 3401 4865 3569 4921; x_wconf 89' lang='lat' dir='ltr'><strong>latera</strong></span> <span class='ocrx_word' id='word_1_778' title='bbox 3604 4882 3618 4920; x_wconf 93' lang='lat'><strong>:</strong></span> <span class='ocrx_word' id='word_1_779' title='bbox 3654 4882 3711 4921; x_wconf 79' lang='lat' dir='ltr'><strong>et</strong></span> 
     </span>
    </p>
   </div>
   <div class='ocr_carea' id='block_1_110' title="bbox 2112 4956 3708 5032">
    <p class='ocr_par' dir='ltr' id='par_1_110' title="bbox 2112 4956 3708 5032">
     <span class='ocr_line' id='line_1_110' title="bbox 2112 4956 3708 5032; baseline -0.003 -17"><span class='ocrx_word' id='word_1_780' title='bbox 2112 4963 2201 5032; x_wconf 94' lang='lat' dir='ltr'><strong>qui</strong></span> <span class='ocrx_word' id='word_1_781' title='bbox 2248 4962 2549 5031; x_wconf 86' lang='lat' dir='ltr'><strong>patiebatur</strong></span> <span class='ocrx_word' id='word_1_782' title='bbox 2595 4958 3019 5030; x_wconf 83' lang='lat' dir='ltr'><strong>inexpugnabilis</strong></span> <span class='ocrx_word' id='word_1_783' title='bbox 3068 4956 3350 5022; x_wconf 88' lang='lat' dir='ltr'><strong>manebat;</strong></span> <span class='ocrx_word' id='word_1_784' title='bbox 3388 4957 3708 5028; x_wconf 86' lang='lat' dir='ltr'><strong>loquebatur</strong></span> 
     </span>
    </p>
   </div>
   <div class='ocr_carea' id='block_1_111' title="bbox 2114 5048 3708 5121">
    <p class='ocr_par' dir='ltr' id='par_1_111' title="bbox 2114 5048 3708 5121">
     <span class='ocr_line' id='line_1_111' title="bbox 2114 5048 3708 5121; baseline -0.005 -15"><span class='ocrx_word' id='word_1_785' title='bbox 2114 5052 2207 5107; x_wconf 87' lang='lat' dir='ltr'><strong>ille</strong></span> <span class='ocrx_word' id='word_1_786' title='bbox 2230 5062 2455 5117; x_wconf 88' lang='lat' dir='ltr'><strong>tantum,</strong></span> <span class='ocrx_word' id='word_1_787' title='bbox 2491 5050 2897 5121; x_wconf 87' lang='lat' dir='ltr'><strong>simplicemquc</strong></span> <span class='ocrx_word' id='word_1_788' title='bbox 2929 5063 3111 5102; x_wconf 83' lang='lat' dir='ltr'><strong>vocem</strong></span> <span class='ocrx_word' id='word_1_789' title='bbox 3138 5048 3437 5116; x_wconf 87' lang='lat' dir='ltr'><strong>emittebat,</strong></span> <span class='ocrx_word' id='word_1_790' title='bbox 3456 5057 3509 5102; x_wconf 90' lang='lat' dir='ltr'><strong>et</strong></span> <span class='ocrx_word' id='word_1_791' title='bbox 3537 5062 3708 5117; x_wconf 87' lang='lat' dir='ltr'><strong>opera</strong></span> 
     </span>
    </p>
   </div>
   <div class='ocr_carea' id='block_1_112' title="bbox 2116 5141 3702 5212">
    <p class='ocr_par' dir='ltr' id='par_1_112' title="bbox 2116 5141 3702 5212">
     <span class='ocr_line' id='line_1_112' title="bbox 2116 5141 3702 5212; baseline -0.006 -13"><span class='ocrx_word' id='word_1_792' title='bbox 2116 5160 2293 5200; x_wconf 89' lang='lat' dir='ltr'><strong>sermo</strong></span> <span class='ocrx_word' id='word_1_793' title='bbox 2340 5145 2588 5198; x_wconf 83' lang='lat' dir='ltr'><strong>vincebat</strong></span> <span class='ocrx_word' id='word_1_794' title='bbox 2613 5145 2656 5196; x_wconf 78' lang='lat'><strong>’.</strong></span> <span class='ocrx_word' id='word_1_795' title='bbox 2702 5141 3000 5196; x_wconf 75' lang='lat' dir='ltr'><strong>Exsiliebat</strong></span> <span class='ocrx_word' id='word_1_796' title='bbox 3051 5156 3115 5195; x_wconf 86' lang='lat' dir='ltr'><strong>ex</strong></span> <span class='ocrx_word' id='word_1_797' title='bbox 3161 5141 3410 5212; x_wconf 88' lang='lat' dir='ltr'><strong>ntartyris</strong></span> <span class='ocrx_word' id='word_1_798' title='bbox 3452 5155 3546 5194; x_wconf 87' lang='lat' dir='ltr'><strong>ore</strong></span> <span class='ocrx_word' id='word_1_799' title='bbox 3596 5153 3702 5191; x_wconf 78' lang='lat' dir='ltr'><strong>vox</strong></span> 
     </span>
    </p>
   </div>
   <div class='ocr_carea' id='block_1_113' title="bbox 2115 5230 3703 5305">
    <p class='ocr_par' dir='ltr' id='par_1_113' title="bbox 2115 5230 3703 5305">
     <span class='ocr_line' id='line_1_113' title="bbox 2115 5230 3703 5305; baseline -0.004 -16"><span class='ocrx_word' id='word_1_800' title='bbox 2115 5245 2317 5299; x_wconf 86' lang='lat' dir='ltr'><strong>sancta,</strong></span> <span class='ocrx_word' id='word_1_801' title='bbox 2348 5235 2613 5305; x_wconf 88' lang='lat' dir='ltr'><strong>simulque</strong></span> <span class='ocrx_word' id='word_1_802' title='bbox 2648 5249 2770 5289; x_wconf 90' lang='lat' dir='ltr'><strong>cum</strong></span> <span class='ocrx_word' id='word_1_803' title='bbox 2800 5234 2910 5303; x_wconf 91' lang='lat' dir='ltr'><strong>ipsa</strong></span> <span class='ocrx_word' id='word_1_804' title='bbox 2941 5236 3123 5289; x_wconf 89' lang='lat' dir='ltr'><strong>lumen</strong></span> <span class='ocrx_word' id='word_1_805' title='bbox 3153 5235 3308 5287; x_wconf 88' lang='lat' dir='ltr'><strong>radio</strong></span> <span class='ocrx_word' id='word_1_806' title='bbox 3332 5232 3492 5284; x_wconf 89' lang='lat' dir='ltr'><strong>solari</strong></span> <span class='ocrx_word' id='word_1_807' title='bbox 3525 5230 3703 5299; x_wconf 88' lang='lat' dir='ltr'><strong>splen-</strong></span> 
     </span>
    </p>
   </div>
   <div class='ocr_carea' id='block_1_114' title="bbox 2118 5327 3704 5397">
    <p class='ocr_par' dir='ltr' id='par_1_114' title="bbox 2118 5327 3704 5397">
     <span class='ocr_line' id='line_1_114' title="bbox 2118 5327 3704 5397; baseline -0.004 -14"><span class='ocrx_word' id='word_1_808' title='bbox 2118 5329 2292 5383; x_wconf 87' lang='lat' dir='ltr'><strong>didius</strong></span> <span class='ocrx_word' id='word_1_809' title='bbox 2322 5328 2650 5383; x_wconf 78' lang='lat' dir='ltr'><strong>eliciebatur.</strong></span> <span class='ocrx_word' id='word_1_810' title='bbox 2682 5327 2849 5397; x_wconf 86' lang='lat' dir='ltr'><strong>llujus</strong></span> <span class='ocrx_word' id='word_1_811' title='bbox 2877 5336 3079 5382; x_wconf 88' lang='lat' dir='ltr'><strong>tantum</strong></span> <span class='ocrx_word' id='word_1_812' title='bbox 3106 5336 3187 5381; x_wconf 89' lang='lat' dir='ltr'><strong>est</strong></span> <span class='ocrx_word' id='word_1_813' title='bbox 3213 5327 3412 5389; x_wconf 89' lang='lat' dir='ltr'><strong>lumen,</strong></span> <span class='ocrx_word' id='word_1_814' title='bbox 3445 5332 3704 5392; x_wconf 83' lang='lat' dir='ltr'><strong>quantum</strong></span> 
     </span>
    </p>
   </div>
   <div class='ocr_carea' id='block_1_115' title="bbox 2120 5416 3709 5488">
    <p class='ocr_par' dir='ltr' id='par_1_115' title="bbox 2120 5416 3709 5488">
     <span class='ocr_line' id='line_1_115' title="bbox 2120 5416 3709 5488; baseline -0.006 -10"><span class='ocrx_word' id='word_1_815' title='bbox 2120 5424 2260 5478; x_wconf 87' lang='lat' dir='ltr'><strong>inter</strong></span> <span class='ocrx_word' id='word_1_816' title='bbox 2295 5421 2484 5476; x_wconf 68' lang='lat' dir='ltr'><strong>caelum</strong></span> <span class='ocrx_word' id='word_1_817' title='bbox 2527 5430 2581 5475; x_wconf 92' lang='lat' dir='ltr'><strong>et</strong></span> <span class='ocrx_word' id='word_1_818' title='bbox 2623 5432 2817 5475; x_wconf 81' lang='lat' dir='ltr'><strong>terram</strong></span> <span class='ocrx_word' id='word_1_819' title='bbox 2865 5420 3145 5488; x_wconf 78' lang='lat' dir='ltr'><strong>interjacet</strong></span> <span class='ocrx_word' id='word_1_820' title='bbox 3192 5416 3561 5482; x_wconf 85' lang='lat' dir='ltr'><strong>intervallum;</strong></span> <span class='ocrx_word' id='word_1_821' title='bbox 3601 5417 3709 5469; x_wconf 81' lang='lat' dir='ltr'><strong>into</strong></span> 
     </span>
    </p>
   </div>
   <div class='ocr_carea' id='block_1_116' title="bbox 2120 5507 3711 5585">
    <p class='ocr_par' dir='ltr' id='par_1_116' title="bbox 2120 5507 3711 5585">
     <span class='ocr_line' id='line_1_116' title="bbox 2120 5507 3711 5585; baseline -0.006 -15"><span class='ocrx_word' id='word_1_822' title='bbox 2120 5530 2251 5570; x_wconf 86' lang='lat' dir='ltr'><strong>vero</strong></span> <span class='ocrx_word' id='word_1_823' title='bbox 2296 5530 2374 5570; x_wconf 86' lang='lat' dir='ltr'><strong>ne&#39;</strong></span> <span class='ocrx_word' id='word_1_824' title='bbox 2404 5514 2506 5569; x_wconf 91' lang='lat' dir='ltr'><strong>hoc</strong></span> <span class='ocrx_word' id='word_1_825' title='bbox 2545 5514 2760 5585; x_wconf 87' lang='lat' dir='ltr'><strong>quidem</strong></span> <span class='ocrx_word' id='word_1_826' title='bbox 2784 5514 3047 5583; x_wconf 88' lang='lat' dir='ltr'><strong>integrum</strong></span> <span class='ocrx_word' id='word_1_827' title='bbox 3078 5519 3251 5579; x_wconf 78' lang='lat' dir='ltr'><strong>potest</strong></span> <span class='ocrx_word' id='word_1_828' title='bbox 3280 5507 3569 5577; x_wconf 81' lang='lat' dir='ltr'><strong>pervadere</strong></span> <span class='ocrx_word' id='word_1_829' title='bbox 3591 5549 3606 5575; x_wconf 94' lang='lat'><strong>,</strong></span> <span class='ocrx_word' id='word_1_830' title='bbox 3640 5508 3711 5563; x_wconf 85' lang='lat' dir='ltr'><strong>si-</strong></span> 
     </span>
    </p>
   </div>
   <div class='ocr_carea' id='block_1_117' title="bbox 2187 5685 3705 5754">
    <p class='ocr_par' dir='ltr' id='par_1_117' title="bbox 2187 5685 3705 5754">
     <span class='ocr_line' id='line_1_117' title="bbox 2187 5685 3705 5754; baseline -0.005 -10"><span class='ocrx_word' id='word_1_831' title='bbox 2187 5699 2203 5729; x_wconf 73' lang='grc' dir='ltr'>ί</span> <span class='ocrx_word' id='word_1_832' title='bbox 2240 5697 2322 5745; x_wconf 89' lang='lat' dir='ltr'><strong>ttic</strong></span> <span class='ocrx_word' id='word_1_833' title='bbox 2346 5703 2397 5745; x_wconf 88' lang='lat' dir='ltr'><strong>et</strong></span> <span class='ocrx_word' id='word_1_834' title='bbox 2421 5694 2542 5746; x_wconf 85' lang='lat' dir='ltr'><strong>infra</strong></span> <span class='ocrx_word' id='word_1_835' title='bbox 2578 5696 2626 5744; x_wconf 89' lang='lat' dir='ltr'><strong>in</strong></span> <span class='ocrx_word' id='word_1_836' title='bbox 2651 5693 2813 5743; x_wconf 74' lang='lat' dir='ltr'><strong>Morel.</strong></span> <span class='ocrx_word' id='word_1_837' title='bbox 2838 5691 3058 5754; x_wconf 53' lang='lat' dir='ltr'><strong>quadam</strong></span> <span class='ocrx_word' id='word_1_838' title='bbox 3092 5689 3317 5747; x_wconf 86' lang='lat' dir='ltr'><strong>deerant,</strong></span> <span class='ocrx_word' id='word_1_839' title='bbox 3350 5700 3459 5751; x_wconf 77' lang='lat' dir='ltr'><strong>qua:</strong></span> <span class='ocrx_word' id='word_1_840' title='bbox 3482 5701 3542 5737; x_wconf 81' lang='lat' dir='ltr'><strong>ex</strong></span> <span class='ocrx_word' id='word_1_841' title='bbox 3568 5685 3705 5737; x_wconf 81' lang='lat' dir='ltr'><strong>savii.</strong></span> 
     </span>
    </p>
   </div>
   <div class='ocr_carea' id='block_1_118' title="bbox 2126 5757 3683 5820">
    <p class='ocr_par' dir='ltr' id='par_1_118' title="bbox 2126 5757 3683 5820">
     <span class='ocr_line' id='line_1_118' title="bbox 2126 5757 3683 5820; baseline 0.007 -11"><span class='ocrx_word' id='word_1_842' title='bbox 2126 5768 2177 5811; x_wconf 94' lang='lat' dir='ltr'><strong>ct</strong></span> <span class='ocrx_word' id='word_1_843' title='bbox 2201 5772 2263 5808; x_wconf 79' lang='lat' dir='ltr'><strong>ex</strong></span> <span class='ocrx_word' id='word_1_844' title='bbox 2286 5766 2387 5810; x_wconf 80' lang='lat' dir='ltr'><strong>Mss.</strong></span> <span class='ocrx_word' id='word_1_845' title='bbox 2414 5757 2757 5820; x_wconf 77' lang='lat' dir='ltr'><strong>supplentur._</strong></span> <span class='ocrx_word' id='word_1_846' title='bbox 2831 5816 2840 5820; x_wconf 89' lang='lat'>_</span> <span class='ocrx_word' id='word_1_847' title='bbox 2973 5816 2982 5820; x_wconf 91' lang='lat'>_</span> <span class='ocrx_word' id='word_1_848' title='bbox 3050 5815 3060 5820; x_wconf 91' lang='lat'>_</span> <span class='ocrx_word' id='word_1_849' title='bbox 3136 5815 3145 5820; x_wconf 91' lang='lat'>_</span> <span class='ocrx_word' id='word_1_850' title='bbox 3467 5818 3474 5820; x_wconf 22' lang='grc' dir='ltr'><em>Α</em></span> <span class='ocrx_word' id='word_1_851' title='bbox 3572 5810 3581 5820; x_wconf 96' lang='grc'><em>.</em></span> <span class='ocrx_word' id='word_1_852' title='bbox 3674 5809 3683 5819; x_wconf 94' lang='grc'><strong><em>.</em></strong></span> 
     </span>
    </p>
   </div>
   <div class='ocr_carea' id='block_1_119' title="bbox 2189 5810 3706 5877">
    <p class='ocr_par' dir='ltr' id='par_1_119' title="bbox 2189 5810 3706 5877">
     <span class='ocr_line' id='line_1_119' title="bbox 2189 5810 3706 5877; baseline -0.004 -10"><span class='ocrx_word' id='word_1_853' title='bbox 2189 5825 2209 5853; x_wconf 79' lang='grc'>²</span> <span class='ocrx_word' id='word_1_854' title='bbox 2244 5829 2292 5869; x_wconf 84' lang='grc' dir='ltr'><strong>ιιι</strong></span> <span class='ocrx_word' id='word_1_855' title='bbox 2328 5810 2618 5877; x_wconf 61' lang='lat' dir='ltr'><strong>Savil.&#39;post,</strong></span> <span class='ocrx_word' id='word_1_856' title='bbox 2665 5816 2919 5873; x_wconf 66' lang='lat' dir='ltr'><strong>mzittcbat,</strong></span> <span class='ocrx_word' id='word_1_857' title='bbox 2946 5816 3017 5864; x_wconf 86' lang='lat' dir='ltr'><strong>sic</strong></span> <span class='ocrx_word' id='word_1_858' title='bbox 3049 5815 3248 5877; x_wconf 79' lang='lat' dir='ltr'><strong>legitur,</strong></span> <span class='ocrx_word' id='word_1_859' title='bbox 3273 5818 3509 5877; x_wconf 69' lang='lat' dir='ltr'><strong>tormenta</strong></span> <span class='ocrx_word' id='word_1_860' title='bbox 3548 5810 3706 5872; x_wconf 76' lang='lat' dir='ltr'><strong>despi-</strong></span> 
     </span>
    </p>
   </div>
   <div class='ocr_carea' id='block_1_120' title="bbox 2125 5875 3616 5945">
    <p class='ocr_par' dir='ltr' id='par_1_120' title="bbox 2125 5875 3616 5945">
     <span class='ocr_line' id='line_1_120' title="bbox 2125 5875 3616 5945; baseline -0.011 -10"><span class='ocrx_word' id='word_1_861' title='bbox 2125 5883 2255 5935; x_wconf 82' lang='lat' dir='ltr'><strong>ciens</strong></span> <span class='ocrx_word' id='word_1_862' title='bbox 2269 5889 2329 5943; x_wconf 83' lang='lat' dir='ltr'><strong>,et</strong></span> <span class='ocrx_word' id='word_1_863' title='bbox 2345 5875 2641 5945; x_wconf 71' lang='lat' dir='ltr'><strong>ﬂagellantes</strong></span> <span class='ocrx_word' id='word_1_864' title='bbox 2659 5878 2915 5943; x_wconf 76' lang='lat' dir='ltr'><strong>superarit.</strong></span> <span class='ocrx_word' id='word_1_865' title='bbox 2942 5877 3015 5929; x_wconf 81' lang='lat' dir='ltr'><strong>sic</strong></span> <span class='ocrx_word' id='word_1_866' title='bbox 3037 5875 3182 5940; x_wconf 72' lang='lat' dir='ltr'><strong>opera</strong></span> <span class='ocrx_word' id='word_1_867' title='bbox 3205 5888 3361 5928; x_wconf 72' lang='lat' dir='ltr'><strong>sermo</strong></span> <span class='ocrx_word' id='word_1_868' title='bbox 3386 5875 3616 5924; x_wconf 71' lang='lat' dir='ltr'><strong>vutcebut.</strong></span> 
     </span>
    </p>
   </div>
  </div>
