4088 6438
512 378 606 436 671
1139 373 1201 431 S.
1242 372 1520 430 JOANMS
1544 366 2018 427 CHRYSOSTOMI
2057 362 2378 422 ABCIIIEP.
2420 366 2950 427 CONSTANTINOP.
3670 378 3785 434 '612

512 495 728 564 quando
778 503 1015 557 tectum,
1055 490 1139 545 vel
1181 503 1400 555 murus,
1446 486 1529 543 vel
1580 485 1782 551 nubes,
1818 483 1904 537 vel
1955 478 2101 535 aliud

514 585 785 658 quoddam
814 599 1009 656 corpus
1036 577 1403 637 intercesserit
1420 620 1434 645 ,
1461 576 1555 632 sed
1579 574 1872 631 obstruitur
1899 585 1964 627 ac
1992 570 2107 627 dis-

516 677 751 733 cluditur
798 678 966 746 septis
1006 671 1287 743 ejusmodi,
1320 684 1389 725 ne
1433 667 1656 723 ulterius
1687 665 1889 721 feratur
1932 679 1946 716 :
2003 676 2104 717 vox

517 780 696 825 autem
740 766 993 837 martyris
1042 780 1107 820 ex
1150 763 1237 818 illa
1285 769 1468 817 sancta
1518 761 1695 830 lingua
1741 757 2024 829 prosiliens
2054 755 2107 810 in

516 863 706 916 cwlum
758 859 1007 914 subsiliit.
1039 857 1394 912 Przetervecta
1426 862 1510 909 est
1551 850 1743 906 caelum
1783 847 2111 914 ca:li;vidc-

517 965 768 1011 runteam
787 952 985 1023 angeli,
1002 952 1225 1021 locoque
1246 955 1545 1014 cesserunt,
1560 943 1883 1014 archangeli,
1903 941 2109 997 etviam

515 1048 800 1113 dederunt;
829 1045 1115 1101 Cherubim
1144 1051 1199 1098 et
1241 1041 1359 1095 alia:
1401 1040 1632 1094 virtutes
1679 1051 1892 1093 sursum
1938 1035 2108 1104 ipsam

517 1141 880 1204 deduxerunt;
911 1151 1011 1193 nec
1042 1136 1188 1205 prius
1213 1139 1574 1197 recesserunt,
1618 1143 1778 1201 quam
1809 1126 1876 1181 ad
1930 1125 2105 1196 ipsum

520 1232 769 1287 thronum
811 1229 1018 1300 regium
1069 1226 1437 1282 adduxissent.

590 1322 732 1377 Mors
783 1328 1065 1390 martyrum
1097 1327 1170 1370 est
1214 1314 1445 1368 victoria.
1479 1311 1543 1367 S.
1577 1309 1821 1364 Julianus
1869 1308 1923 1362 in
1972 1322 2114 1360 more

518 1415 792 1486 projectus.
825 1441 895 1452 —
922 1410 1055 1465 Post
1098 1407 1241 1463 hanc
1268 1413 1449 1460 autem
1498 1418 1683 1458 vocem
1737 1416 1858 1456 cum
1891 1399 2109 1454 vidisset

518 1507 583 1573 is,
614 1506 705 1577 qni
752 1512 861 1558 tum
888 1502 1148 1573 judicium
1177 1496 1496 1560 exercebat,
1526 1510 1585 1549 se
1610 1502 1815 1548 temere
1838 1499 2027 1546 cuncta
2060 1496 2115 1544 et

517 1599 787 1652 incassum
815 1610 937 1652 esse
981 1592 1343 1649 machinatum
1366 1631 1381 1656 ,
1406 1603 1572 1659 seque
1611 1595 1797 1641 contra
1835 1585 2111 1640 stimulum

517 1687 830 1752 calcitrare,
864 1695 1026 1756 atque
1075 1682 1411 1738 adamantem
1442 1685 1720 1750 percutere
1744 1717 1759 1742 ,
1786 1673 1913 1745 quid
1946 1671 2114 1727 facit?

520 1782 597 1837 Eo
636 1780 806 1836 tendit
832 1778 1121 1846 deinceps,
1149 1782 1208 1829 ut
1237 1774 1405 1828 victas
1446 1783 1638 1825 manus
1686 1766 1816 1823 dare
1843 1765 2110 1831 videatur,

518 1861 901 1943 et'martyrem
930 1884 997 1924 ex
1029 1867 1132 1922 hac
1155 1867 1261 1923 vita
1293 1863 1543 1921 subducit
1571 1878 1586 1917 :
1626 1875 1769 1916 mors
1799 1859 1944 1915 enim
1975 1873 2116 1912 mar-

522 1978 695 2040 tyrum
721 1979 906 2021 eorum
932 2006 946 2031 ,
974 1962 1060 2033 qui
1090 1962 1235 2031 ipsos
1263 1965 1519 2022 enecant,
1552 1964 1636 2011 εει
1664 1964 1846 2024 aperta
1896 1950 2113 2016 clades;

521 2074 708 2114 eorum
741 2065 917 2111 autem
939 2096 955 2122 ,
980 2053 1071 2125 qui
1100 2059 1379 2116 necantur,
1408 2049 1551 2103 clara
1597 2045 1840 2101 victoria.
1882 2042 1963 2098 Tu
1990 2057 2116 2097 vero

520 2152 650 2206 mihi
667 2148 967 2212 considera,
982 2160 1087 2216 quo
1105 2155 1259 2215 pacto
1283 2155 1484 2196 saevum
1510 2136 1775 2209 quoddam
1791 2143 1844 2190 et
1863 2133 2115 2189 acerbum

519 2256 687 2312 genus
708 2238 898 2294 mortis
918 2239 1034 2306 ejus
1054 2233 1475 2304 excogitaverit,
1509 2228 1650 2301 quod
1682 2235 1737 2284 et
1759 2225 1971 2298 tyranni
1997 2240 2119 2280 cru-

520 2336 793 2391 delitatem
822 2342 877 2388 et
903 2330 1155 2403 martyris
1184 2326 1550 2383 fortitudinem
1588 2323 1961 2378 demonstrare
1990 2334 2118 2389 pos-

521 2435 625 2482 set.
668 2423 950 2493 Quodnam
998 2420 1158 2490 igitur
1204 2416 1334 2472 illud
1388 2413 1641 2486 supplicii
1685 2412 1892 2483 genus?
1936 2410 2117 2466 Allato

521 2536 710 2587 sacco,
735 2526 791 2574 ct
831 2531 992 2571 arena
1022 2514 1290 2584 completo
1310 2552 1324 2578 ,
1354 2525 1476 2565 cum
1511 2509 1564 2563 in
1604 2522 1725 2562 eum
1770 2506 2117 2575 scorpiones,

522 2613 732 2683 viperas
774 2619 828 2666 et
855 2609 1119 2664 dracones
1148 2604 1420 2675 iujecisset
1443 2642 1459 2668 ,
1489 2617 1611 2656 cum
1643 2599 1750 2654 illis
1790 2607 1846 2654 ct
1866 2608 2113 2653 sanetum

524 2705 727 2775 injecit,
750 2710 803 2757 et
829 2699 883 2755 in
910 2714 1057 2755 mare
1082 2695 1318 2752 demisit.
1341 2693 1473 2749 Erat
1496 2705 1625 2762 ergo
1650 2700 1855 2761 martyr
1883 2704 2003 2744 cum
2031 2687 2124 2743 hc-

524 2797 643 2852 stiis
668 2805 741 2860 ,et
765 2806 951 2848 rursus
976 2806 1097 2845 cum
1132 2787 1320 2843 bestiis
1357 2783 1641 2842 conclusus
1670 2790 1787 2838 erat
1811 2780 2081 2850 virjustus
2105 2795 2120 2832 :

526 2901 713 2942 rursus
739 2892 916 2938 autem
945 2881 1075 2947 dixi,
1099 2886 1157 2933 ut
1184 2886 1420 2932 veterem
1436 2874 1589 2929 vobis
1614 2874 1665 2928 in
1694 2871 2005 2927 memoriam
2034 2886 2123 2924 re-

526 2991 773 3032 vocarcm
800 2972 868 3028 de
892 2964 895 2969 ’
915 2970 1133 3027 Daniele
1151 2966 1536 3024 narrationem.
1560 2965 1713 3020 Illum
1732 2962 1946 3034 quidem
1970 2962 2022 3016 in
2047 2962 2126 3017 la-

525 3085 646 3124 cum
664 3066 1011 3133 incluserunt,
1032 3061 1168 3116 hunc
1181 3068 1359 3115 autem
1380 3059 1431 3113 in
1460 3072 1672 3113 saccum
1694 3055 2026 3127 injecernnt:
2051 3053 2126 3109 illi

528 3171 637 3216 tum
664 3156 891 3229 lapidem
921 3156 1312 3225 imposuerunt,
1344 3150 1432 3206 hic
1455 3164 1668 3205 saccum
1701 3148 1934 3213 censuit,
1964 3146 2127 3217 etjn-

525 3262 610 3309 sto
629 3267 898 3307 carcerem
921 3247 1282 3320 angustiorem
1299 3244 1499 3300 effecit.
1514 3244 1583 3298 At
1599 3242 1794 3312 ubique
1816 3249 2125 3296 sanctorum

525 3361 749 3417 corpora
793 3343 980 3400 bestiae
1012 3350 1347 3405 reverentur,
1380 3339 1431 3393 in
1463 3353 1648 3392 eorum
1678 3337 2026 3408 ignominiam
2073 3343 2130 3390 et

525 3437 1048 3504 condemnationem,
1079 3435 1311 3505 quicum
1343 3431 1553 3487 ratione
1602 3430 1707 3485 sint
1737 3427 1910 3484 ornati
1956 3438 2011 3483 et
2039 3429 2129 3482 lm-

527 3547 700 3588 mante
717 3539 920 3585 natura:
941 3527 1245 3584 conditione
1269 3524 1409 3596 digni
1430 3522 1616 3587 habiti,
1640 3522 1902 3576 feritatem
1917 3520 2127 3576 illarum

527 3638 732 3701 summa
751 3637 844 3677 sua
868 3620 1195 3676 immanitate
1222 3623 1505 3685 superant:
1526 3613 1735 3684 qualem
1755 3611 1897 3666 hunc
1917 3624 2130 3680 quoque

530 3726 811 3788 tyrannum
833 3713 1001 3768 fuisse
1028 3709 1295 3780 conjicere
1321 3720 1624 3777 possumus.
1647 3702 1846 3758 Videre
1875 3709 1990 3756 erat
2014 3709 2130 3754 stu-

530 3805 763 3876 pendum
791 3800 1105 3858 miraculum
1129 3841 1146 3869 ,
1180 3813 1281 3854 nec
1312 3812 1376 3852 eo
1404 3795 1580 3850 minus
1606 3834 1622 3860 ,
1655 3791 1796 3864 quod
1830 3792 1880 3846 in
1912 3791 2130 3845 Daniele

529 3898 770 3969 contigit.
819 3896 954 3951 Nam
1003 3894 1141 3949 sicut
1186 3906 1308 3948 cum
1360 3897 1481 3960 post
1531 3888 1726 3943 multos
1780 3885 1898 3940 dies
1933 3899 1965 3940 c
2010 3882 2128 3937 lacu

531 3992 746 4045 leonum
774 3985 1151 4042 ascendentem
1179 3982 1326 4038 illum
1355 3980 1634 4046 vidissent,
1661 3987 1771 4032 tum
1803 3975 1981 4030 mirati
2006 3982 2132 4030 sunt

533 4080 807 4154 Babylonii
861 4077 1022 4148 (Dan.
1053 4078 1111 4147 7)
1143 4092 1157 4129 :
1184 4074 1264 4131 sic
1313 4082 1368 4129 et
1405 4071 1639 4127 animam
1683 4066 1899 4133 Juliani,
1932 4082 2055 4122 cum
2099 4080 2131 4122 ε

532 4187 689 4229 sacco
712 4181 766 4227 et
796 4169 1040 4225 fluctibus
1061 4164 1436 4222 ascendentem
1459 4163 1511 4217 in
1544 4163 1731 4216 cadum
1759 4158 2004 4214 viderent
2031 4172 2129 4211 an-

532 4268 670 4342 geli,
701 4264 877 4321 mirati
918 4270 1062 4317 sunt.
1097 4258 1281 4314 Daniel
1311 4258 1465 4312 binos
1505 4256 1688 4310 leones
1731 4251 1941 4322 subegit
1967 4265 2028 4305 ac
2055 4249 2132 4303 vi,

534 4360 626 4425 cit,
649 4356 742 4414 sed
770 4353 1048 4412 sensibiles
1071 4371 1083 4406 :
1109 4351 1197 4406 hic
1220 4350 1430 4405 leonem
1459 4363 1655 4409 unum,
1682 4344 1774 4400 scd
1802 4342 2129 4413 spiritualcm

535 4450 747 4522 subegit
781 4463 845 4504 ac
873 4446 1022 4522 vicit.
1053 4444 1234 4500 llostis
1261 4443 1459 4513 quippe
1500 4448 1682 4494 noster
1709 4437 1954 4492 diabolus
1990 4443 2131 4489 tant-

520 4558 696 4613 ‘qnam
725 4526 809 4596 leo
832 4516 1049 4611 rugiens
1073 4534 1300 4602 circuit,
1329 4544 1574 4603 qnzercns
1616 4544 1772 4599 quem
1805 4526 2022 4583 devoret
2054 4526 2129 4596 (ι.

541 4635 652 4689 ι’ρι.
684 4635 735 4690 5.
762 4632 818 4701 8)
847 4649 860 4684 :
895 4640 950 4685 at
980 4626 1288 4683 fortitudine
1318 4622 1569 4694 martyris
1597 4628 1878 4689 superatus
1897 4626 2012 4682 est,
2036 4633 2133 4672 ve-

540 4740 734 4781 nenum
797 4721 1059 4794 siquidem
1119 4716 1325 4789 peccati
1394 4715 1756 4784 deposuerat;
1810 4718 2136 4781 quapropter

541 4818 684 4873 hune
710 4815 927 4868 minime
956 4809 1251 4876 devoravit;
1281 4807 1481 4862 idcirco
1506 4819 1607 4860 nec
1626 4803 1858 4869 leonem,
1884 4816 1983 4857 nec
2002 4801 2132 4855 iratn

541 4909 830 4966 bestiarum
856 4901 1241 4959 reformidavit.

610 5000 664 5055 4.
693 4994 873 5051 Vultis
897 5001 952 5049 et
976 4993 1135 5047 aliam
1160 4988 1447 5062 quamdam
1475 4994 1714 5041 veterem
1741 4983 1971 5039 referam
2005 4998 2134 5037 nar-

536 5093 833 5152 rationem,
862 5084 951 5140 ubi
981 5093 1035 5140 et
1070 5083 1245 5155 justus
1273 5091 1328 5137 et
1347 5076 1572 5136 bestias?
1600 5074 1791 5133 Diluvii
1830 5074 1943 5131 Noe
1972 5081 2132 5144 atque

536 5202 677 5242 arcae
708 5177 1064 5238 recordamini
1095 5192 1109 5229 ε
1140 5184 1250 5230 tum
1276 5174 1419 5231 enim
1446 5185 1658 5245 quoque
1675 5170 1851 5239 justus
1878 5178 1931 5225 et
1952 5168 2136 5223 bcsnte

537 5278 695 5334 simul
722 5277 959 5331 fuerunt.
983 5273 1052 5328 At
1080 5267 1194 5325 Noe
1222 5267 1436 5339 quidem
1460 5267 1734 5338 ingressus
1759 5265 1920 5319 homo
1953 5271 2056 5327 est,
2081 5273 2137 5317 et

536 5382 786 5440 egressus
811 5374 893 5421 est
923 5364 1107 5429 homo;
1133 5359 1379 5417 Julianus
1401 5368 1579 5413 autem
1609 5357 1888 5428 ingressus
1917 5354 2133 5426 quidem

539 5469 623 5514 est
643 5460 836 5522 homo,
871 5455 964 5510 sed
993 5452 1217 5524 angelus
1254 5461 1336 5506 est
1358 5463 1601 5521 egressus
1634 5465 1648 5501 :
1680 5447 1768 5502 ille
1794 5446 1860 5502 de
1886 5456 2024 5500 terra
2058 5446 2138 5499 in-

539 5562 755 5617 gressus
783 5548 969 5611 est,’et
996 5547 1047 5600 in
1077 5554 1275 5599 terram
1318 5553 1401 5598 est
1428 5557 1612 5596 rursus
1638 5550 1920 5611 egressus;
1953 5539 2039 5594 hic
2068 5537 2136 5592 de

544 5648 685 5691 terra
714 5637 766 5689 in
796 5650 1010 5691 saccum
1039 5637 1310 5704 ingressus
1332 5642 1413 5689 est
1432 5674 1447 5698 ,
1476 5640 1532 5687 et
1571 5618 1638 5687 de
1679 5646 1837 5688 sacco
1867 5633 1917 5686 in
1944 5631 2133 5686 caelum

547 5736 629 5781 est
653 5725 943 5794 profectus.
978 5726 1201 5797 Accepit
1241 5740 1363 5782 eum
1397 5740 1579 5791 mare,
1603 5739 1708 5780 non
1731 5733 1789 5780 ut
1827 5723 2134 5791 occideret,

550 5814 640 5869 scd
687 5823 746 5867 ut
788 5824 1108 5883 coronaret,
1139 5826 1192 5872 et
1243 5825 1363 5887 post
1404 5831 1655 5872 coronam
1700 5814 1850 5871 nobis
1893 5825 2130 5871 sanctam

2216 482 2371 537 istam
2402 496 2582 538 arcam
2614 485 2869 557 martyris
2890 499 3086 555 corpus
3116 483 3385 543 reddidit:
3420 484 3563 544 hanc
3581 487 3635 545 in
3663 490 3791 548 hunc

2214 589 2384 646 usque
2423 575 2568 631 diem
2606 576 2939 643 retinemus,
2965 593 3087 648 qua:
3125 591 3503 636 scxcentorum
3545 581 3790 641 bonorum

2213 679 2297 725 est
2328 670 2630 726 thesaurus.
2651 669 2864 728 Etenim
2885 680 3149 744 martyres
3169 672 3448 730 nobiscum
3478 675 3625 731 Deus
3645 679 3791 746 parti~

2215 770 2303 818 tus
2330 771 2412 818 est
2443 780 2458 817 :
2484 778 2607 818 cum
2652 764 2861 818 animas
2881 764 2983 821 sibi
3023 764 3376 833 sumpsisset,
3399 780 3628 836 corpora
3653 768 3791 825 nobis

2213 855 2612 926 quodammodo
2640 856 2861 930 largitus
2885 867 3002 924 est,
3028 867 3085 915 ut
3125 868 3397 929 perpetua:
3436 861 3650 918 virtutis
3687 878 3791 918 mo-

2216 960 2471 1005 numenta
2499 960 2682 1008 sancta
2717 950 2906 1006 horum
2932 965 3053 1007 ossa
3080 959 3375 1009 teneamus.
3406 951 3546 1009 Nam
3576 953 3620 1009 si
3642 954 3791 1011 bella-

2217 1042 2350 1098 toris
2369 1057 2518 1098 arma
2534 1051 2813 1099 cruentata
2839 1044 2959 1114 quis
2980 1058 3213 1100 cernens
3228 1085 3243 1110 ,
3265 1045 3537 1116 clypeum,
3564 1045 3757 1103 hastam
3778 1089 3794 1114 ,

2216 1144 2271 1193 et
2289 1136 2530 1203 loricam,
2562 1136 2690 1194 licet
2723 1138 2962 1192 omnium
2990 1138 3057 1192 sit
3082 1137 3481 1209 ignavissimus,
3508 1141 3684 1197 statim
3708 1157 3789 1199 ex-

2216 1228 2343 1294 silit,
2374 1227 2695 1296 exardescit,
2724 1237 2780 1284 et
2808 1228 2876 1284 ad
2902 1228 3099 1284 bellum
3127 1239 3406 1301 promptus
3424 1232 3569 1298 exit,
3592 1242 3741 1304 atque
3763 1249 3788 1286 a

2217 1332 2507 1391 conspectu
2535 1337 2806 1377 armorum
2831 1322 2995 1378 sumit
3014 1323 3251 1378 animum
3270 1364 3285 1390 ,
3315 1332 3373 1379 ut
3396 1324 3614 1380 easdem
3640 1325 3791 1382 actio-

2219 1432 2314 1471 nes
2341 1415 2678 1488 aggrediatur
2707 1433 2719 1469 :
2745 1430 2844 1471 nos
2868 1416 2957 1487 qui
2986 1431 3090 1471 non
3113 1430 3284 1482 arma,
3301 1416 3396 1473 sed
3422 1432 3618 1488 corpus
3637 1418 3789 1488 ipsum

2217 1511 2486 1565 cernimus
2529 1511 2698 1565 sancti
2720 1551 2736 1577 ,
2764 1510 2907 1581 quod
2947 1510 3185 1581 dignum
3217 1510 3464 1568 habitum
3492 1521 3576 1568 est
3595 1554 3614 1580 ,
3640 1522 3693 1568 ut
3728 1513 3789 1568 ob

2217 1601 2413 1657 Christi
2450 1601 2840 1657 confessionem
2886 1610 3275 1668 cruentaretur,
3305 1602 3432 1659 licet
3473 1605 3703 1660 omnium
3727 1606 3790 1662 si-

2220 1709 2340 1748 mus
2381 1693 2702 1750 timidissimi
2727 1735 2743 1761 ,
2768 1694 2856 1764 qui
2906 1708 3192 1763 possumus
3238 1709 3347 1751 non
3393 1706 3643 1768 prompto
3683 1711 3790 1753 esse

2219 1788 2422 1853 animo,
2450 1802 2570 1842 eum
2594 1787 2682 1843 hic
2704 1799 2953 1858 aspectus
2976 1788 3126 1843 velut
3154 1786 3294 1858 ignis
3317 1788 3538 1859 quidam
3568 1790 3618 1844 in
3660 1805 3792 1845 men-

2222 1890 2328 1935 tem
2366 1889 2604 1935 nostram
2632 1879 2865 1946 incidat,
2892 1888 2946 1934 et
2971 1879 3039 1934 ad
3068 1878 3211 1935 idem
3237 1894 3337 1936 nos
3375 1886 3645 1936 certamen
3669 1879 3791 1935 invio

2223 1972 2335 2028 tet?
2362 1972 2651 2041 Propterea
2678 1983 2985 2029 sanctorum
3013 1987 3241 2043 corpora
3282 1988 3457 2044 usque
3497 1972 3566 2028 ad
3605 1984 3792 2042 tempus

2222 2062 2634 2119 resurrectionis
2672 2063 2813 2133 apud
2860 2078 2959 2119 nos
2984 2063 3236 2133 deposuit
3270 2064 3450 2131 Deus,
3479 2072 3540 2119 ut
3569 2064 3792 2121 maxima

2224 2155 2573 2227 philosophia:
2618 2158 2897 2211 materiam
2942 2155 3286 2211 haberemus.
3333 2154 3790 2211 Verumenimvero

2223 2264 2294 2305 ne
2331 2248 2581 2321 martyris
2619 2248 2806 2305 laudes
2844 2250 3039 2319 lingua:
3076 2256 3275 2303 nostra:
3316 2247 3678 2303 imbecillitate
3703 2245 3791 2300 mi-

2224 2349 2480 2407 nuantur,
2536 2339 2631 2395 sed
2684 2338 3062 2409 agonotbetam
3119 2338 3291 2394 Deum
3334 2346 3647 2409 exspectent
3676 2335 3791 2407 :qui

2223 2449 2318 2490 eos
2366 2442 2620 2498 coronat,
2676 2432 2767 2488 ille
2809 2440 2865 2487 et
2919 2429 3263 2487 collaudahit.
3338 2430 3486 2485 Laus
3545 2428 3680 2485 enim
3716 2443 3794 2482 eo-

2224 2542 2342 2582 rum
2372 2541 2477 2581 non
2504 2541 2569 2581 ex
2616 2524 2921 2581 hominibus
2960 2532 3044 2580 est
3064 2564 3080 2587 ,
3112 2523 3207 2580 sed
3229 2539 3293 2579 ex
3320 2524 3454 2590 Deo;
3479 2538 3599 2579 nam
3623 2531 3677 2579 et
3697 2521 3795 2576 haec

2226 2617 2375 2686 ipsa,
2426 2631 2546 2686 qum
2594 2614 2863 2681 diximus,
2919 2631 3025 2670 non
3071 2624 3128 2669 ut
3179 2614 3530 2670 illustriorem
3565 2611 3794 2669 reddere.

2228 2722 2349 2763 mus
2378 2716 2669 2778 martyrem
2691 2747 2705 2773 ,
2734 2706 2991 2775 diximus,
3018 2705 3115 2762 sed
3148 2714 3206 2763 ut
3235 2721 3328 2762 vos
3356 2706 3706 2777 promptiores
3726 2699 3792 2758 cf.

2227 2798 2528 2856 ficeremus.

2216 2926 2223 2931 -
2300 2890 2518 2948 Horatia
2541 2891 2845 2967 exhortatio.
2885 2920 2956 2932 -—
2983 2890 3092 2948 Nos
3122 2908 3273 2961 vero,
3300 2890 3550 2948 laudibus
3565 2886 3787 2950 omissis,

2228 2999 2445 3039 omnem
2466 2983 2534 3038 ad
2565 2999 2661 3040 vos
2702 2984 3001 3041 orationem
3028 2994 3416 3040 convert-imus
3453 3002 3467 3037 :
3491 2982 3616 3054 quin
3644 2978 3794 3050 potius

2230 3084 2525 3146 martyrum
2549 3075 2736 3133 laudes
2765 3091 2871 3132 non
2901 3086 3125 3145 Possunt
3161 3075 3334 3129 omitti
3358 3115 3376 3141 ,
3411 3089 3533 3131 cum
3563 3073 3614 3128 in
3637 3069 3790 3127 ecclec

2230 3168 2307 3223 sia
2332 3168 2452 3238 quis
2480 3166 2548 3222 de
2585 3166 2745 3222 rebus
2784 3166 3003 3223 utilibus
3029 3166 3190 3221 verba
3234 3165 3377 3220 facit.
3430 3164 3536 3222 Sed
3581 3162 3790 3219 animum

2230 3260 2532 3315 advertite:
2564 3274 2784 3329 pravam
2814 3259 2958 3315 enim
2995 3266 3052 3313 et
3077 3258 3430 3314 inveteratam
3474 3252 3790 3313 consuetudi-

2231 3368 2353 3408 nem
2373 3351 2693 3407 exseindere
2738 3353 2898 3408 statui
2930 3351 3189 3407 hodierno
3213 3350 3320 3415 die,
3346 3360 3410 3405 ut
3430 3366 3534 3405 non
3563 3349 3721 3405 solum
3739 3342 3793 3398 ad

2232 3453 2495 3517 martyres
2524 3443 2842 3499 accedamus
2865 3484 2881 3510 ,
2913 3441 3005 3498 sed
3045 3443 3206 3497 etiam
3233 3449 3505 3513 martyres
3530 3439 3789 3494 imitemur.

2234 3537 2416 3592 Honos
2458 3535 2655 3607 quippe
2702 3543 2996 3605 martyrum
3031 3544 3148 3600 cst,
3181 3548 3286 3587 non
3314 3534 3359 3587 si
3389 3532 3460 3589 ad
3499 3547 3593 3588 eos
3619 3537 3794 3585 tantum

2234 3628 2616 3700 procedamus,
2649 3627 2742 3684 sed
2771 3643 2879 3699 pra:
2926 3628 3030 3682 hoe
3071 3627 3118 3681 si
3167 3624 3536 3681 fortitudinem
3584 3623 3793 3693 ipsorum

2234 3722 2567 3776 temulemur.
2594 3720 2958 3786 Quamobrem
2998 3717 3147 3789 prius
3188 3717 3509 3788 exponenda
3535 3723 3616 3771 est
3658 3723 3794 3782 prava

2236 3815 2338 3869 ista
2372 3813 2708 3871 consuetudo
2740 3827 2901 3887 :nam
2947 3811 3131 3882 ignoto
3193 3810 3383 3866 morbo
3417 3809 3568 3864 facile
3604 3819 3699 3860 non
3725 3806 3796 3855 est

2235 3905 2493 3962 adhibere
2509 3904 2829 3960 medicinam
2849 3922 2863 3960 :
2885 3903 3006 3959 ideo
3022 3903 3212 3958 vulnus
3233 3903 3380 3971 prius
3397 3903 3605 3970 detego,
3626 3890 3795 3952 deinde

2235 3999 2684 4055 medicamentum
2706 4011 2936 4068 appono.
2960 3996 3215 4064 Quaenam
3248 3995 3411 4065 igitur
3439 3995 3525 4049 illa
3553 4000 3633 4047 est
3656 3998 3793 4058 prava

2198 4142 2207 4145 _
2235 4091 2609 4148 consuetudo?
2632 4089 2883 4146 Nonnulli
2904 4105 3089 4147 eorum
3114 4131 3130 4157 ,
3156 4089 3246 4160 qui
3278 4089 3366 4143 hic
3407 4087 3564 4144 hodie
3603 4092 3796 4150 congre-

2235 4188 2341 4258 gati
2373 4196 2499 4242 sunt
2519 4187 2685 4257 (absit
2709 4185 2852 4240 enim
2883 4193 2939 4239 ut
2966 4193 3129 4238 totam
3151 4183 3447 4239 Ecclesium
3485 4177 3694 4236 crimine
3719 4167 3796 4226 tali

2237 4276 2634 4352 condemnem),
2656 4293 2763 4348 prae
2786 4277 3031 4333 socordia
3049 4276 3274 4346 quadam
3303 4289 3364 4330 ac
3380 4273 3707 4343 simplicitate
3725 4262 3798 4319 die

2237 4372 2492 4438 crastino,
2519 4369 2793 4426 derelictis
2819 4368 2996 4435 nobis,
3029 4368 3281 4436 Daphnen
3304 4365 3379 4438 (ιι)
3415 4367 3722 4436 properant,
3748 4359 3796 4407 at

2237 4479 2356 4534 quae
2378 4462 2694 4532 collegimus
2724 4460 2913 4526 hodie,
2952 4475 3075 4516 cras
3097 4457 3370 4514 effundant
3395 4496 3411 4523 ,
3438 4467 3492 4513 et
3516 4467 3629 4525 qua:
3654 4445 3797 4505 aediﬁ-

2239 4558 2511 4621 cavintus,
2544 4555 2844 4610 destruant.
2893 4554 2973 4610 Nc
3021 4554 3180 4623 igitur
3221 4551 3424 4622 absque
3480 4550 3647 4605 fructu
3692 4538 3796 4596 huic

2239 4648 2484 4705 concioni
2529 4645 2902 4712 interfuerint,
2933 4644 3021 4700 ubi
3071 4645 3138 4699 de
3181 4643 3262 4699 his
3301 4657 3468 4712 pauca
3513 4628 3798 4695 disserueri-

2240 4756 2360 4796 mns
2384 4781 2400 4806 ,
2432 4738 2661 4795 orationi
2695 4738 2853 4794 linem
2904 4738 3257 4806 imponemus.
3303 4732 3441 4800 Quid
3478 4743 3651 4803 quasso
3689 4734 3795 4793 pro-

2241 4847 2396 4901 peras
2423 4831 2488 4886 ad
2517 4830 2828 4885 suburbium
2861 4829 3132 4884 civitatis?
3164 4830 3298 4883 Ecce
3337 4823 3641 4882 suburbium
3664 4817 3795 4872 Jeru-

2241 4922 2409 4977 salem
2440 4922 2615 4987 illius,
2653 4935 2773 4991 qua:
2803 4935 3015 4974 sursum
3050 4928 3152 4981 est;
3183 4934 3309 4973 ecce
3331 4916 3548 4986 Daphne
3571 4908 3794 4981 spiritua-

2242 5015 2308 5070 lis
2337 5032 2351 5069 :
2374 5015 2480 5069 illic
2505 5013 2682 5069 fontes
2709 5028 3003 5084 aquarum,
3038 5011 3126 5067 hie
3152 5010 3329 5066 fontes
3355 5018 3480 5064 sunt
3500 5009 3792 5074 martyrum:

2241 5108 2353 5164 illic
2395 5108 2637 5179 cupressi
2683 5106 2905 5162 arbores
2929 5104 3161 5160 infructu
3199 5120 3307 5167 s-.e,
3337 5102 3422 5157 hic
3447 5095 3672 5165 reliquite
3690 5102 3792 5144 saw

2241 5215 2450 5260 etorum
2476 5204 2600 5257 Sunt
2627 5217 2690 5257 ac
2713 5200 2920 5257 radices
2945 5199 3001 5255 in
3031 5208 3169 5254 terra
3201 5199 3469 5268 plantatm,
3498 5204 3612 5260 qua:
3640 5192 3793 5240 ramos

2243 5294 2296 5349 in
2324 5294 2511 5349 caelum
2540 5293 2888 5363 protendunt.
2923 5292 3086 5346 Visne
3114 5305 3382 5346 ramorum
3410 5287 3565 5341 etiam
3591 5281 3788 5363 istorqu

2242 5384 2474 5441 fructum
2505 5385 2734 5441 intueri?
2761 5384 2922 5454 Aperi
2961 5383 3148 5438 oculos
3176 5381 3332 5448 fidei,
3366 5388 3473 5433 tum
3503 5371 3667 5430 subito
3709 5357 3792 5454 Itli‘

2241 5480 2486 5537 rabilinm
2515 5479 2609 5533 tibi
2635 5451 2900 5533 fructuum
2929 5486 3171 5531 naturam
3200 5470 3503 5530 ostendam.
3541 5464 3648 5521 Non
3668 5451 3788 5512 enim

2243 5587 2547 5642 pomorum,
2579 5578 2671 5624 aut
2690 5586 2905 5635 nucum,
2936 5583 3036 5623 nec
3058 5565 3198 5622 aliud
3219 5563 3467 5635 quiddam
3499 5565 3666 5615 eorum
3689 5552 3786 5607 at“

2243 5673 2658 5735 corrumpuntur
2713 5673 2767 5718 et
2818 5670 3074 5731 pereunt,
3125 5672 3393 5713 ramorum
3445 5660 3524 5708 est
3573 5645 3788 5701 fructus:

2306 5822 2381 5885 (ε)
2417 5821 2611 5886 Daphne
2637 5821 2685 5870 in
2701 5832 2819 5884 agro
2840 5816 3098 5868 Antiochia:
3119 5814 3415 5866 suburbano.
