4088 6470
330 401 433 462 οτι

332 517 743 590 ἀποφράττεται
768 510 869 571 ,καὶ
916 506 1299 578 διατειχίζεται
1352 509 1465 573 τοῖς
1507 508 1768 571 τοιούτοις
1817 522 1918 559 κα-

332 604 614 674 λύμμασιν
643 599 677 669 ή
706 598 785 659 εἰς
809 594 870 649 τὸ
899 593 1091 665 πρόσω
1125 592 1268 665 φορά
1294 610 1306 622 ·
1335 591 1453 664 ήπδέ
1496 592 1589 647 τοῦ
1639 592 1917 664 μάρτυρος

334 688 488 760 φωνὴ
545 682 904 754 ἐκπηδήσασα
939 678 1047 733 ἀπὸ
1076 678 1176 749 τῆς
1202 676 1363 747 άγίας
1414 675 1659 753 γλώττης
1704 675 1917 760 ἐκείνης

329 757 674 841 ἀνεπήδησεν
702 767 780 829 είς
820 763 909 819 τὸν
935 761 1185 834 οὐρανόν.
1222 761 1490 832 -Παρῆλθε
1548 761 1641 814 τὸν
1689 757 1916 830 οὐρανὸν

331 855 428 909 τοῦ
453 850 684 925 οὐρανοῦ
706 867 719 880 ·
745 842 883 903 εἶδον
902 848 1071 918 αὐτὴν
1100 845 1344 916 ἄγγελοι,
1367 844 1461 900 καὶ
1480 844 1914 919 παρεχώρησαν.

330 937 687 1009 ἀρχάγγελοι,
717 933 811 986 καὶ
848 930 1229 1000 ὑπεξέστησαν
1251 948 1265 962 ”
1294 930 1363 984 τὰ
1413 929 1683 1001 χερουϐὶμ
1715 929 1808 1001 καὶ
1855 928 1913 981 αἱ

330 1022 491 1076 ἀλλαι
515 1017 774 1088 δυνάμεις
795 1013 964 1085 αὐτὴν
990 1013 1282 1083 ὡδήγησαν
1319 1011 1432 1066 ἀνω
1452 1055 1465 1074 ,
1498 1011 1593 1066 καὶ
1625 1012 1686 1065 οὐ
1713 1012 1913 1082 πρότε-

332 1122 427 1177 ρον
448 1104 786 1172 ἀπέστησαν,
819 1100 926 1163 ἕως
948 1092 1008 1152 οὗ
1032 1101 1167 1170 πρὸς
1196 1098 1358 1152 αὐτὸν
1383 1099 1591 1170 ήγαγον
1612 1099 1705 1152 τὸν
1723 1098 1915 1171 θρόνον

329 1186 485 1260 [676]
518 1185 612 1245 τὸν
640 1180 940 1256 βασιλικόν.

399 1290 557 1348 Μετά
595 1291 653 1344 δέ
694 1290 793 1360 τὴν
836 1290 1022 1360 φωνὴν
1046 1287 1274 1357 ταύτην,
1299 1289 1488 1361 ἐπειδὴ
1521 1285 1661 1343 εἶδεν
1708 1289 1737 1342 ό
1790 1287 1912 1341 τότε

324 1376 583 1441 δικάζων,
606 1376 687 1429 ὅτι
708 1374 885 1429 πάντα
915 1374 1037 1446 εἰκῆ
1058 1375 1152 1427 καὶ
1177 1374 1353 1444 μάτην
1382 1373 1787 1445 μεμηχάνηται,
1819 1373 1913 1428 καὶ

327 1459 468 1529 πρὸς
497 1459 700 1528 κέντρα
729 1457 994 1521 λακτίζει,
1014 1455 1109 1509 καὶ
1138 1454 1424 1527 ἀδάμαντα
1455 1455 1627 1520 παίει,
1649 1456 1702 1509 τί
1734 1459 1908 1518 ποιεῖ;

316 1542 476 1614 Πρὸς
504 1542 604 1612 τὴν
635 1541 1062 1612 ὡμολογημένην
1094 1534 1263 1611 ἧτταν
1301 1539 1506 1609 βαδίξει
1557 1539 1761 1603 λοιπὸν,
1815 1540 1911 1593 καὶ

323 1626 423 1679 τοῦ
450 1632 714 1697 παρόντος
747 1623 1009 1691 ὑπεξάγει
1044 1622 1135 1676 τὸν
1167 1623 1422 1695 μάρτυρα
1472 1622 1588 1694 βίου
1612 1639 1626 1652 ο
1680 1622 1911 1686 Θάνατος

322 1711 439 1782 γὰρ
463 1707 757 1780 μαρτύρων
790 1708 900 1760 τῶν
932 1708 1029 1778 μέν
1062 1706 1500 1761 ἀποκτιννύντων
1537 1701 1675 1778 ἧττα
1706 1707 1906 1775 σαφὴς,

320 1795 436 1848 τῶν
469 1794 526 1847 δὲ
549 1792 959 1863 ἀναιρουμένων
989 1793 1114 1862 νίκη
1140 1790 1390 1862 λαμπρά.
1418 1791 1489 1845 Σὺ
1511 1791 1569 1844 δέ
1600 1808 1691 1860 μοι
1716 1791 1909 1844 σκόπει

322 1877 446 1941 ⁸πῶς
474 1876 640 1931 αὐτοῦ
684 1876 785 1945 τῆς
813 1875 1071 1944 τελευτῆς
1115 1874 1207 1928 τὸν
1243 1873 1448 1944 τρόπον
1506 1872 1744 1943 χαλεπόν
1787 1890 1909 1927 τινα

322 1962 421 2015 καὶ
449 1959 647 2031 πικρὸν
675 1959 1000 2030 ἐπενόησεν,
1043 1957 1228 2011 ἱκανὸν
1265 1956 1603 2021 ἐνδείξασθαι
1640 1956 1770 2009 ὅντα
1809 1955 1911 2008 κά-

320 2044 505 2097 κείνου
527 2043 626 2113 τὴν
653 2042 937 2114 ὠμότητα,
964 2043 1059 2095 καὶ
1084 2041 1179 2094 τοῦ
1206 2040 1486 2111 μάρτυρος
1508 2040 1609 2111 τὴν
1632 2037 1902 2110 ἀνδρείαν.

320 2127 420 2190 Τίς
450 2122 542 2180 οὖν
578 2127 609 2179 ὀ
651 2126 851 2198 τρόπος
899 2125 998 2195 τῆς
1022 2124 1328 2195 τιμωρίας;
1384 2123 1594 2176 Σάκκον
1648 2120 1904 2191 κομίσας,

318 2212 420 2266 καὶ
454 2213 743 2283 ἐμπλήσας
771 2211 981 2282 ἄμμου,
1011 2210 1105 2264 καί
1132 2209 1448 2282 σκορπίους,
1489 2210 1583 2263 καὶ
1607 2199 1778 2279 ὄφεις,
1811 2210 1907 2262 καὶ

314 2295 488 2366 ἔχεις,
514 2298 609 2350 καὶ
635 2296 937 2367 δράκοντας
969 2291 1247 2364 ἐμϐαλὼν,
1274 2291 1496 2347 ἐνέϐαλε
1529 2296 1648 2364 μετ’
1683 2295 1906 2347 ἐκείνων

318 2381 420 2434 καὶ
460 2381 548 2433 τὸν
608 2380 784 2448 άγιον,
822 2381 916 2432 καὶ
950 2378 1131 2449 ῥίπτει
1163 2380 1244 2442 είς
1295 2376 1358 2431 τὸ
1408 2376 1663 2445 πέλαγος.
1700 2377 1811 2430 Καὶ
1836 2372 1905 2447 ἦν

323 2463 465 2532 μετὰ
495 2461 700 2533 θηρίων
730 2463 760 2515 ό
796 2461 1022 2533 μάρτυς,
1088 2461 1183 2514 καὶ
1223 2458 1648 2515 συναπεκλείετο
1694 2457 1905 2530 θηρίοις

318 2544 484 2600 πάλιν
510 2545 718 2606 δίκαιος
747 2544 1060 2616 ἄνθρωπος’
1090 2542 1250 2597 πάλιν
1270 2542 1325 2596 δέ
1347 2537 1519 2606 εἷπον,
1547 2543 1633 2596 ἵνα
1663 2543 1907 2614 ἀναμνή·

317 2628 489 2700 σθητέ
523 2646 612 2699 μοι
641 2628 873 2682 παλαιοῦ
909 2628 1252 2699 διηγήματος
1272 2626 1369 2680 τοῦ
1393 2629 1535 2680 κατά
1563 2627 1655 2681 τὸν
1678 2629 1901 2699 Δανιήλ.

331 2710 572 2766 Ἐκεῖνον
601 2711 699 2781 μέν
746 2713 828 2774 είς
859 2711 1063 2766 λάκκον
1106 2710 1461 2775 ἀπέκλεισαν,
1519 2710 1704 2763 τοῦτον
1731 2711 1789 2765 δὲ
1824 2714 1905 2776 είς

318 2795 527 2849 σάκκον
549 2795 804 2849 ἐνέϐαλον
821 2812 835 2825 ·
865 2795 1064 2848 ἐκεῖνοι
1089 2792 1238 2846 λίθον
1265 2793 1545 2863 ἐπέθηκαν
1577 2793 1722 2855 τότε,
1749 2789 1905 2859 οὗτος

314 2879 414 2931 τὸν
444 2878 646 2931 σάκκον
671 2877 900 2950 ἔρῤαψε,
942 2876 1254 2946 στενότερον
1290 2876 1460 2929 ποιῶν
1491 2876 1572 2945 τῷ
1615 2877 1806 2948 δικαίῳ
1843 2879 1905 2931 τὸ

314 2961 710 3033 δεσμωτήριον.
754 2959 915 3013 Ἀλλά
946 2957 1221 3030 πανταχοῦ
1252 2959 1523 3013 αἰδοῦνται
1575 2960 1644 3014 τὰ
1675 2960 1903 3032 σώματα

315 3043 429 3097 τῶν
479 3044 650 3112 άγίων
701 3044 753 3096 οί
784 3043 970 3114 θῆρες,
1010 3044 1090 3105 είς
1124 3042 1388 3112 αἰσχύνην
1420 3043 1514 3095 καὶ
1566 3045 1904 3115 κατηγορίαν

314 3126 429 3179 τῶν
457 3127 600 3197 λόγῳ
632 3127 1017 3199 τετιμημένων
1041 3165 1058 3192 ,
1109 3127 1205 3179 καὶ
1250 3124 1568 3195 ἀνθρώπων
1605 3126 1705 3195 μὲν
1764 3126 1903 3182 εἶναι

316 3209 763 3274 καταξιωθέντων
787 3249 802 3273 ,
837 3209 937 3279 τὴν
976 3208 1036 3263 δὲ
1066 3208 1291 3263 ἐκείνων
1336 3209 1638 3279 ἀγριότητα
1690 3213 1752 3282 τῇ
1802 3211 1904 3282 τῆς

314 3292 524 3357 οἰκείας
576 3292 847 3365 ὑπερϐολῇ
899 3291 1194 3364 θηριωδίας
1251 3292 1733 3363 ἀποκρυπτόντων·
1791 3290 1903 3347 οἷον

315 3376 469 3440 εἰκὸς
497 3372 636 3430 εῖναι
668 3375 762 3429 καὶ
812 3373 1000 3429 τοῦτον
1047 3374 1137 3427 τὸν
1165 3374 1449 3445 τύραννον.
1504 3376 1615 3429 Καὶ
1659 3371 1728 3447 ἦν
1775 3375 1904 3429 ίδείν

313 3461 505 3531 θαῦμα
566 3459 891 3531 παράδοξον,
932 3459 1032 3512 οὐκ
1070 3457 1291 3511 ἔλαττον
1345 3457 1377 3528 ἢ
1425 3457 1518 3510 ἐπὶ
1550 3457 1645 3512 τοῦ
1680 3459 1899 3528 Δανιήλ.

316 3543 592 3616 Καθάπερ
618 3543 729 3616 γὰρ
761 3544 970 3596 ἐκεῖνον
992 3542 1114 3595 τότε
1148 3540 1269 3609 μεθ’
1307 3539 1522 3610 ἡμέρας
1564 3540 1766 3605 πολλάς
1796 3543 1904 3596 ἀπὸ

313 3628 413 3681 τοῦ
443 3628 645 3681 λάκκου
665 3625 773 3680 τῶν
789 3624 1020 3678 λεόντων
1045 3622 1324 3677 ἀναϐάντα
1353 3621 1671 3693 ἐθαύμασαν
1704 3625 1904 3690 ίδόντες

313 3713 365 3764 οἱ
396 3709 746 3772 Βαϐυλώνιοι,
784 3707 926 3761 οὕτω
975 3707 1072 3761 καὶ
1108 3706 1207 3776 τὴν
1245 3704 1533 3759 Ἰουλιανοῦ
1576 3707 1757 3779 ψυχὴν
1794 3708 1903 3763 ἀπὸ

307 3793 412 3848 τοῦ
444 3792 647 3846 σάκκου
678 3792 775 3845 καὶ
806 3791 915 3844 τῶν
950 3788 1216 3861 κυμάτων
1266 3787 1669 3844 ἀναϐαίνουσαν
1699 3792 1779 3853 είς
1812 3792 1903 3845 τὸν

313 3875 547 3948 οὐρανὸν
584 3875 905 3944 ἐθαύμασαν
935 3873 1171 3945 ὁρῶντες
1205 3873 1254 3927 οἱ
1316 3871 1563 3940 ἄγγελοι.
1617 3873 1674 3929 Ὁ
1705 3876 1903 3948 Δανιὴλ

313 3960 732 4031 κατηγωνίσατο
759 3959 854 4012 καὶ
899 3959 1121 4028 ἐνίκησε
1159 3955 1253 4009 δύο
1283 3955 1528 4023 λέοντας,
1565 3957 1682 4012 ἀλλ’
1711 3959 1905 4031 αἰσθη-

312 4043 475 4107 τούς-
507 4035 660 4106 οὗτος
684 4041 1101 4112 κατηγωνίσατο
1140 4042 1233 4095 καὶ
1286 4041 1538 4113 ἐνίκησεν
1565 4041 1662 4099 ἕνα
1692 4043 1899 4109 λέοντα,

311 4128 454 4181 ἀλλά
480 4129 693 4198 νοητόν.
737 4125 798 4181 '0
826 4127 940 4197 γὰρ
971 4124 1164 4196 ἐχθρὸς
1193 4169 1208 4192 ,
1240 4127 1427 4196 φησὶν,
1460 4124 1619 4196 ήμῶν
1659 4125 1903 4192 διάϐολος

321 4212 669 4283 ,περιέρχεται
688 4210 764 4273 ὡς
784 4209 919 4261 λέων
940 4208 1275 4280 ὠρυόμενος,
1296 4207 1474 4277 ζητῶν
1489 4208 1614 4261 τίνα
1634 4210 1900 4283 καταπίῃ*

312 4294 436 4350 ἀλλ’
457 4293 666 4366 ἡττήθη
697 4295 764 4363 τῇ
798 4290 1021 4363 ἀνδρεία
1052 4290 1146 4345 τοῦ
1184 4292 1461 4362 μάρτυρος
1482 4306 1496 4320 °
1522 4290 1756 4345 ἀπέθετο
1795 4294 1903 4367 γὰρ

308 4378 407 4432 τὸν
440 4378 516 4430 ίὸν
538 4378 639 4447 τῆς
663 4375 939 4447 ἁμαρτίας
957 4392 970 4407 ·
993 4375 1184 4447 διόπερ
1211 4377 1272 4428 οὐ
1309 4374 1539 4428 κατέπιε
1570 4375 1759 4430 τοῦτον
1781 4395 1794 4408 -
1815 4378 1903 4432 διὰ

302 4461 473 4515 τοῦτο
508 4460 609 4514 οὐκ
635 4459 837 4514 ἔδεισεν
863 4457 988 4512 οὔτε
1032 4460 1245 4526 λέοντα,
1281 4457 1407 4512 οὔτε
1459 4457 1551 4511 τὸν
1598 4458 1769 4530 θυμὸν
1795 4461 1902 4515 τῶν

311 4543 541 4615 θηρίων.

386 4649 448 4703 δ’.
472 4648 737 4702 Βούλεσθε
759 4649 852 4702 καὶ
871 4646 998 4701 ἀλλο
1014 4663 1066 4699 τι
1087 4645 1227 4699 εἴπω
1244 4646 1473 4701 παλαιὸν
1494 4647 1757 4721 διήγημα,
1775 4649 1905 4706 ἔνθα

310 4736 524 4799 δίκαιος
555 4733 649 4786 καὶ
694 4731 890 4804 θηρία,
933 4729 1342 4801 Ἀναμνήσθητε
1381 4730 1476 4783 τοῦ
1514 4733 1901 4803 κατακλυσμοῦ

309 4818 412 4873 τοῦ
447 4819 539 4871 ἐπὶ
565 4818 688 4870 Νῶε
712 4817 806 4870 καὶ
831 4817 930 4887 τῆς
952 4814 1187 4868 κιϐωτοῦ
1210 4830 1223 4843 ⁸
1258 4814 1353 4867 καὶ
1395 4814 1507 4886 γὰρ
1554 4817 1647 4869 καὶ
1678 4818 1797 4871 τότε
1827 4819 1905 4872 δί-

307 4922 476 4968 καιος
505 4902 642 4974 ὁμοῦ
667 4904 762 4956 καὶ
789 4901 954 4973 θηρία
973 4918 986 4930 ·
1018 4899 1133 4953 ἀλλ’
1157 4901 1187 4952 ὁ
1238 4899 1336 4969 μὲν
1365 4899 1488 4951 Νῶε
1522 4901 1771 4970 εἰσῆλθεν
1812 4902 1903 4957 άν-

311 4987 556 5060 θρωπος,
576 4987 670 5038 καὶ
691 4983 913 5055 ἐξῆλθεν
944 4981 1040 5037 ἀνθ
1051 4998 1230 5051 ρωπος
1254 4997 1265 5010 ⁸
1302 4980 1588 5046 Ἰουλιανὸς
1609 4984 1665 5036 δὲ
1686 4986 1900 5057 εἰσῆλθε

317 5072 422 5142 μὲν
450 5069 758 5140 ἄνθρωπος,
784 5066 973 5136 ἐξῆλθε
999 5065 1056 5117 δέ
1104 5064 1335 5133 ἄγγελος
1359 5081 1373 5094 ’
1418 5066 1625 5130 ἐκεῖνος
1654 5069 1902 5140 εἰσῆλθεν

309 5155 427 5210 ἀπὸ
458 5153 559 5224 τῆς
589 5153 716 5223 γῆς,
746 5153 840 5206 καὶ
864 5150 1086 5222 ἐξῆλθεν
1119 5152 1198 5212 είς
1231 5150 1329 5221 τὴν
1372 5150 1477 5220 γῆν
1512 5151 1674 5205 πάλιν
1698 5170 1712 5183 ·
1748 5150 1901 5220 οὗτος

308 5238 568 5308 εἰσῆλθεν
594 5236 703 5290 ἀπὸ
725 5236 823 5306 τῆς
846 5236 951 5305 γῆς
979 5236 1056 5297 εἰς
1074 5235 1294 5298 σάκκον,
1321 5235 1415 5287 καὶ
1435 5234 1543 5287 ἀπὸ
1569 5235 1663 5287 τοῦ
1696 5237 1899 5292 σάκκου

310 5323 396 5383 εἰς
437 5321 528 5372 τὸν
550 5320 775 5387 οὐρανὸν
814 5317 1001 5388 ἀπῄει.
1040 5317 1272 5370 Ἔλαϐεν
1320 5318 1482 5371 αὐτὸν
1533 5318 1595 5372 τὸ
1641 5320 1897 5389 πέλαγος,

311 5405 418 5473 οὐχ
448 5404 535 5457 ἵνα
567 5403 881 5474 ἀποκτείνῃ,
910 5401 1025 5454 ἀλλ’
1052 5400 1139 5454 ἵνα
1165 5400 1505 5473 στεφανώεῃ,
1535 5403 1626 5456 καὶ
1646 5403 1783 5472 μετά
1809 5405 1900 5459 τὸν

314 5487 585 5555 στέφανον
615 5485 895 5559 ἀπέδωκεν
929 5488 1064 5556 ἡμῖν
1114 5485 1215 5559 τὴν
1247 5485 1407 5553 ἁγίαν
1433 5487 1637 5556 ταύψν
1666 5486 1899 5543 κιϐωτὸν

310 5570 380 5624 τὸ
405 5570 563 5641 σῶμα
587 5570 683 5625 τοῦ
712 5570 987 5643 μάρτυρος
1011 5587 1025 5600 ο
1058 5570 1262 5640 ταύτην
1292 5570 1596 5641 κατέχομεν
1623 5571 1785 5642 μέχρι
1802 5573 1899 5643 τῆς

313 5656 602 5728 παρούσης
644 5654 854 5727 ἡμέρας
888 5654 1097 5726 μυρίων
1140 5649 1307 5707 οὖσαν
1347 5653 1566 5722 ἀγαθῶν
1601 5654 1895 5728 θησαυρόν.

313 5743 432 5797 Καὶ
447 5741 555 5812 γὰρ
581 5740 878 5811 ἐμερίσατο
896 5742 924 5793 ό
948 5739 1078 5803 Θεὸς
1105 5739 1239 5810 πρὸς
1262 5738 1406 5809 ἡμᾶς
1427 5740 1555 5801 τοὺς
1590 5738 1897 5811 μάρτυρας,

312 5825 418 5889 τὰς
455 5825 630 5893 ψυχὰς
655 5823 834 5879 λαϐὼν
862 5823 1046 5887 αὐτὸς,
1072 5821 1137 5875 τὰ
1175 5820 1407 5892 σώματά
1434 5838 1546 5883 πως
1568 5866 1573 5870 .
1597 5822 1728 5892 ἡμῖν
1763 5822 1894 5878 ἔδω-

625 5909 898 5973 Ριτιιοι..
935 5915 1024 5974 Gn
1040 5959 1054 5975 .
1100 5917 1162 5975 ι..

1429 387 1494 446 IN
1530 390 1587 448 s.
1630 383 1981 446 JL‘LIANUM
2023 345 2438 445 mamma.

3496 402 3602 459 672

2023 523 2139 570 κεν,
2166 506 2253 561 ἴνα
2279 508 2493 579 ἔχωμεν
2520 507 2826 581 ὑπόμνησιν
2857 509 3058 582 ἀρετῆς
3090 509 3354 583 διηνεκῶς
3377 516 3445 570 τά
3470 516 3601 586 ἀγια

2018 597 2222 651 τούτων
2272 600 2453 653 ὀστέα.
2487 599 2552 653 Et
2606 601 2716 672 γὰρ
2745 602 2883 675 ὅπλα
2934 621 3018 668 τις
3055 602 3357 674 ἀγωνιστοῦ
3380 592 3601 680 βλέπων

2018 688 2333 760 ᾑμαγμένα,
2360 689 2512 764 [677]
2542 692 2765 755 ἀσπίδα,
2785 693 2882 746 καὶ
2907 693 3055 766 δόρυ,
3081 697 3175 750 καὶ
3213 696 3457 768 θώρακα,
3496 702 3602 756 κᾶν

2019 779 2277 834 ἁπάντων
2299 780 2633 851 νωθρότατος
2661 778 2718 857 ᾖ,
2736 781 2939 846 εὐθέως
2959 782 3263 851 ἐξάλλεται,
3290 787 3383 843 καὶ
3406 789 3603 862 θερμόα

2016 887 2177 942 τερος
2204 870 2433 941 γίνεται,
2463 873 2558 927 καὶ
2583 874 2721 946 πρὸς
2736 872 2827 928 τὸν
2851 875 3088 945 πόλεμον
3114 878 3350 951 ἐκπηδᾷ,
3374 882 3489 934 ἀπὸ
3503 882 3603 954 τῆς

2015 960 2192 1031 ὅψεως
2219 961 2330 1015 τῶν
2353 962 2532 1016 ὅπλων
2583 964 2762 1017 λαϐὼν
2802 966 3150 1038 παράκλησιν
3187 971 3327 1041 πρὸς
3377 971 3439 1025 τὸ
3489 974 3601 1037 τοῖς
3644 960 3654 1017 ῗ

2016 1055 2200 1119 αὐτοῖς
2228 1056 2573 1127 ἐπιχειρῆσαι
2592 1058 2912 1131 πράγμασιν
2932 1076 2945 1089 ·
2970 1062 3131 1131 ἡμεῖς
3151 1063 3250 1133 οὐχ
3269 1062 3409 1116 ὅπλα
3430 1063 3601 1136 ὁρῶν-

2015 1163 2127 1212 τες,
2160 1146 2274 1200 ἀλλ’
2304 1148 2435 1201 αὐτὸ
2454 1149 2514 1201 τὸ
2550 1149 2712 1220 σῶμα
2743 1151 2838 1204 τοῦ
2862 1153 3018 1221 ἁγίου
3052 1154 3113 1207 τὺ
3142 1155 3485 1222 καταξιωθέν
3511 1157 3599 1211 αί-

2018 1234 2293 1309 μειχθῆναι
2325 1236 2414 1290 διὰ
2442 1238 2539 1307 τὴν
2569 1240 2649 1302 είς
2682 1239 2915 1309 Χριστὸν
2941 1241 3258 1315 ὁμολογίαν,
3291 1230 3396 1297 κάν
3430 1244 3600 1298 ἁπάν-

2012 1345 2119 1380 των
2147 1322 2298 1398 ῶμεν
2325 1328 2634 1399 δειλότεροι,
2691 1330 2807 1394 πῶς
2832 1332 2893 1384 οὐ
2927 1332 3127 1404 πολλὴν
3173 1332 3370 1403 ἕξομεν
3400 1334 3597 1407 προθυ-

2017 1418 2165 1488 μίαν,
2195 1417 2382 1490 ῶσπερ
2411 1412 2555 1483 τινὸς
2581 1419 2753 1495 πυρὸς
2805 1421 2906 1493 τῆς
2933 1414 3106 1491 ὅψεως
3158 1425 3361 1503 ταύτης
3391 1428 3472 1490 είς
3497 1418 3596 1499 τὴν

2011 1510 2251 1564 διάνοιαν
2301 1511 2461 1582 ἡμῶν
2505 1511 2889 1583 ἐμπιπτούσης
2921 1556 2935 1579 ,
2978 1516 3255 1586 ,καὶπρὸς
3303 1517 3394 1570 τὸν
3432 1519 3597 1572 αὑτὸν

2000 1599 2202 1669 ,ἀγῶνα
2226 1600 2498 1672 καλούσης
2521 1604 2703 1672 ήμάςς
2729 1605 2827 1667 Διά
2846 1605 3004 1657 τοῦτο
3026 1607 3437 1675 παρακατέθετο
3465 1611 3598 1680 ήμῖν

2012 1694 2080 1748 τὰ
2112 1694 2342 1764 σώματα
2378 1694 2487 1747 τῶν
2542 1695 2713 1762 ἁγίων
2766 1699 2795 1749 ό
2822 1696 2955 1760 Θεὸς
3005 1697 3111 1761 ἕως
3148 1698 3239 1751 τοῦ
3277 1699 3469 1771 καιροῦ
3488 1703 3598 1775 ,τῆς

2005 1787 2382 1850 ἀναστάσεως,
2414 1786 2503 1841 ἵνα
2534 1787 2747 1859 ἔχωμεν
2780 1787 3038 1843 ὑπόθεσιν
3075 1789 3394 1860 φιλοσοφίας
3437 1794 3594 1863 μεγί-

2012 1894 2164 1948 στης.
2204 1878 2344 1931 Ἀλλ’
2367 1881 2416 1931 οί
2445 1878 2546 1948 μὲν
2574 1877 2669 1931 τοῦ
2701 1878 2981 1950 μάρτυρος
3005 1880 3215 1935 ἔπαινοι
3248 1882 3323 1953 μὴ
3346 1882 3597 1937 ἐλαττού-

2012 1968 2228 2022 σθωσαν
2254 1971 2320 2039 τῇ
2355 1968 2611 2038 ἀσθενείᾳ
2662 1969 2758 2040 τῆς
2817 1972 3092 2042 ἡμετέρας
3139 1969 3407 2043 γλώττης.
3461 1974 3597 2028 ἀλλά

2012 2060 2324 2131 μενέτωσαν
2347 2060 2439 2114 τὸν
2462 2060 2803 2132 ἀγωνοθέτην
2825 2061 2980 2115 Θεόν.
3031 2061 3090 2115 Ὃ
3122 2064 3405 2134 στεφανῶν
3440 2078 3466 2107 ι
3498 2069 3595 2120 αὐ-

2008 2159 2154 2221 τοὺς,
2172 2159 2376 2221 ἐκεῖνος
2406 2159 2500 2211 καὶ
2517 2159 2793 2211 ἐπαινέσει
2812 2175 2826 2188 ·
2855 2160 2883 2212 ὁ
2914 2158 3022 2230 γάρ
3049 2159 3269 2224 ἔπαινος
3295 2160 3476 2215 αὐτῶν
3498 2163 3597 2216 οὐκ

2008 2248 2067 2314 ἐξ
2093 2246 2558 2318 ἀνθρώπωνιάλϊ
2585 2249 2648 2300 ἐκ
2681 2246 2775 2301 τοῦ
2803 2248 2939 2302 Θεοῦ
2961 2266 2974 2279 ·
3010 2250 3102 2304 καὶ
3134 2251 3239 2320 γάρ
3292 2252 3385 2305 καὶ
3423 2251 3595 2305 ταῦτα

2000 2338 2152 2410 ,ἅπερ
2180 2339 2501 2410 εἰρήκαμεν,
2535 2338 2633 2411 οὐχ
2665 2339 2751 2393 ἴνα
2791 2339 2882 2393 τὸν
2917 2341 3172 2413 μάρτυρα
3213 2342 3594 2416 λαμπρότερον

2006 2430 2289 2502 δείξωμεν,
2315 2430 2565 2500 εἴπομεν,
2594 2430 2711 2483 ἀλλ’
2745 2431 2830 2497 ἵνα
2851 2433 2994 2496 ὑμᾶς
3028 2432 3472 2506 προθυμοτέρους
3499 2438 3596 2509 ἐρ-

2007 2528 2325 2601 γασώμεθα.
2380 2529 2574 2600 Ἡμεῖς
2621 2529 2700 2595 δὲ,
2741 2530 2971 2600 ἀφέντες
3021 2533 3090 2587 τά
3126 2532 3395 2605 ἐγκώμια,
3459 2536 3593 2609 πρὸς

2005 2625 2152 2696 ὑμᾶς
2208 2623 2300 2677 τὸν
2345 2624 2503 2692 λόγον
2534 2623 2825 2696 τρέψωμεν
2863 2625 3111 2681 ἅπαντα·
3150 2630 3353 2698 μᾶλλον
3386 2632 3444 2686 δέ
3494 2635 3595 2688 οὐκ

2005 2721 2084 2775 ενι
2113 2722 2330 2791 ἀφεῖναι
2362 2719 2616 2791 ἐγκώμια
2647 2708 2962 2792 μαρτύρων,
2982 2723 3109 2777 ὅταν
3134 2725 3191 2777 ἐν
3213 2726 3483 2801 ἐκκλησίᾳ
3511 2747 3597 2795 τις

2004 2818 2318 2890 διαλέγηται
2348 2817 2475 2889 περὶ
2503 2816 2610 2870 τῶν
2633 2818 3040 2890 συμφερόντων.
3085 2820 3244 2874 Ἀλλά
3278 2825 3593 2897 προσέχετε·

2007 2916 2100 2969 καὶ
2130 2916 2238 2987 γὰρ
2267 2914 2502 2985 πονηρὸν
2533 2913 2654 2978 ἐθος
2685 2914 2778 2967 καὶ
2805 2914 3034 2969 παλαιὸν
3066 2915 3331 2989 βούλομαι
3363 2921 3595 2992 ἐκκόψαι

2005 3014 2270 3085 σήμερον,
2292 3012 2379 3065 ἵνα
2407 3011 2483 3083 μὴ
2508 3011 2668 3081 μόνον
2691 3011 3123 3084 παραγινώμεθα
3148 3016 3283 3086 πρὸς
3305 3018 3430 3082 τοὺς
3454 3019 3598 3092 μάρ-

2003 3126 2194 3180 τυρας,
2236 3108 2374 3164 ἀλλά
2420 3109 2517 3163 καὶ
2575 3108 2895 3191 μιμώμεθα.
2933 3109 3239 3183 μάρτυρας.
3294 3116 3442 3188 Τιμή
3481 3117 3593 3191 γὰρ

2006 3205 2303 3277 μαρτύρων
2344 3205 2406 3258 οὐ
2436 3206 2500 3257 τὸ
2529 3205 2940 3275 παραγενέσθαι
2984 3206 3122 3278 πρὸς
3159 3208 3360 3274 αὐτοὺς
3404 3212 3589 3282 μόνον,

2001 3301 2139 3356 ἀλλά
2159 3302 2256 3356 καὶ
2284 3300 2391 3374 πρὸ
2412 3300 2603 3355 τούτου
2633 3300 2694 3355 τὸ
2715 3300 2958 3371 ζηλῶσαι
2993 3303 3092 3376 τὴν
3117 3304 3366 3376 ἀνδρείαν
3389 3309 3591 3365 αὐτῶν.

2002 3399 2095 3473 Διὸ
2122 3399 2206 3453 δεῖ
2241 3398 2459 3471 πρῶτον
2490 3399 2663 3452 εἰπεῖν
2691 3397 2753 3452 τὸ
2791 3398 3028 3470 πονηρὸν
3057 3400 3179 3464 ἔθος
3200 3416 3216 3432 ·
3254 3404 3347 3457 τοῦ
3376 3405 3485 3475 γάρ
3507 3426 3593 3461 νο.

2007 3497 2251 3568 σήματος
2296 3494 2663 3565 ἀγνοουμένου
2700 3493 2823 3548 οὐδὲ
2867 3495 3113 3568 ἰατρείαν
3159 3501 3459 3570 προσάγειν
3489 3506 3592 3577 ρᾁ.

2003 3593 2147 3647 διον·
2173 3592 2264 3647 διὰ
2289 3591 2448 3645 τοῦτο
2485 3591 2860 3647 ἀποκαλύπτω
2883 3592 2945 3647 τὸ
2974 3595 3197 3667 τραῦμα
3225 3598 3463 3669 πρῶτον,
3496 3606 3593 3658 καὶ

2004 3690 2127 3744 τότε
2163 3690 2226 3744 τὸ
2256 3689 2549 3765 φάρμακον
2575 3689 2885 3763 ἐπιτίθημι.
2919 3690 2985 3745 Τί
3006 3687 3098 3747 οὖν
3121 3695 3237 3748 ἐστι
3264 3696 3326 3750 τὸ
3356 3701 3593 3773 πονηρὸν

2004 3788 2160 3856 ἐθος;
2193 3788 2349 3852 Τινὲς
2373 3787 2482 3845 τῶν
2511 3787 2747 3843 ἐνταῦθα
2788 3789 3197 3863 συλλεγομένων
3221 3794 3461 3871 τήμερον
3490 3800 3592 3873 (μὴ

2005 3886 2113 3959 γάρ
2156 3903 2246 3958 μοι
2265 3886 2477 3956 γένοιτο
2510 3886 2695 3956 πάσης
2735 3888 3083 3956 καταγνῶναι
3127 3892 3230 3962 τῆς
3264 3893 3593 3966 Ἐκκλησίας

2003 3983 2260 4055 τοιαύτην
2284 3983 2668 4053 κατάγνωσιν)
2705 3983 2810 4037 ὑπὸ
2837 3984 3112 4057 ῥᾳθυμίας
3145 3987 3292 4053 τινὸς
3326 3991 3422 4047 καὶ
3452 3993 3593 4064 ἀφε-

2004 4080 2151 4146 λείας
2177 4080 2278 4152 τὴν
2304 4078 2494 4151 αὔριον
2525 4081 2676 4151 ἡμᾶς
2698 4081 3300 4155 ἐγκαταλιμπάνοντες,
3334 4087 3471 4159 πρὸς
3491 4090 3593 4162 τὴν

2004 4177 2223 4252 Δάφνην
2258 4175 2656 4253 ἀποπηδῶσιν“,
2714 4176 2858 4248 ἅπερ
2920 4179 3284 4253 συνελέξαμεν
3310 4186 3588 4260 σήμερον,

2004 4275 2194 4346 αὔριον
2232 4273 2536 4344 ἐκχέοντες,
2590 4273 2686 4326 καὶ
2720 4273 2865 4345 άπερ
2901 4274 3340 4350 ᾠκοδομήσαμεν
3397 4282 3592 4337 καθαι-

2009 4369 2251 4442 ροῦντες.
2280 4365 2488 4437 Ἷνῖοὖν
2512 4370 2590 4442 μὴ
2615 4371 2863 4443 ἄκαρπος
2887 4373 3071 4438 αὐτοῖς
3095 4376 3374 4450 γένηταιή
3403 4380 3592 4435 ἐνταῦ-

2008 4468 2077 4520 θα
2109 4467 2397 4538 παρουσία,
2432 4466 2592 4536 ὀλίγα
2618 4468 2748 4538 περὶ
2779 4467 2989 4523 τούτων
3011 4470 3388 4543 διαλεχθέντες
3416 4491 3591 4529 κατα-

2009 4561 2291 4634 παύσομεν
2311 4563 2401 4616 τὸν
2428 4562 2606 4632 λόγον.
2636 4564 2703 4617 Τί
2735 4565 2986 4631 σπεύδεις
3034 4569 3125 4620 ἐπὶ
3176 4546 3237 4621 τδ
3269 4570 3592 4642 προάστειον

2008 4663 2108 4734 τῆς
2142 4661 2373 4726 πόλεως,
2404 4661 2526 4715 εἰπέ
2555 4678 2676 4733 μοι;
2727 4662 2857 4715 Ἰδοὺ
2898 4663 2958 4715 τὸ
2987 4665 3311 4735 προάστειον
3345 4669 3441 4740 τῆς
3478 4671 3591 4725 ἀνω

2006 4759 2406 4833 ῘΙερουσαλήμο
2446 4760 2553 4814 ἰδοὺ
2587 4759 2772 4830 Δάφνη
2798 4760 2826 4800 ι’
2857 4766 3228 4835 πνευματική·
3275 4766 3390 4837 ἐκεῖ
3417 4772 3592 4839 πηγαὶ

2005 4859 2236 4918 ὑδάτων,
2267 4857 2505 4913 ἐνταῦθα
2542 4857 2714 4928 πηγαὶ
2739 4842 3032 4931 μαρτύρων
3051 4877 3065 4890 ·
3089 4862 3207 4915 ἐκεῖ
3233 4865 3586 4937 κυπάρισσοι,

2002 4955 2198 5028 δένδρα
2242 4955 2488 5025 ἄκαρπα,
2541 4953 2776 5009 ἐνταῦθα
2813 4954 3044 5023 λείψανα
3072 4957 3246 5025 ἁγίων
3293 4962 3388 5014 καὶ
3443 4962 3591 5034 ῥίζαι

2003 5053 2155 5108 κάτω
2182 5051 2611 5122 πεφυτευμέναι,
2641 5052 2881 5115 καὶτοὺς
2904 5051 3137 5117 κλάδους
3169 5057 3251 5119 εἰς
3301 5058 3392 5112 τὸν
3421 5061 3589 5132 οὐρα-

2004 5151 2095 5206 νὺν
2123 5151 2524 5205 ἀνατείνουσαι.
2553 5150 2742 5203 Βούλει
2765 5151 2860 5203 καὶ
2883 5149 2990 5204 τῶν
3020 5151 3231 5207 κλάδων
3264 5155 3469 5210 τούτων
3495 5160 3589 5214 τὸν

2006 5247 2217 5320 καρπὸν
2246 5246 2405 5314 ίδεῖν;
2436 5246 2680 5321 Ἀνοιξον
2710 5248 2846 5318 ἡμῖν
2866 5248 2992 5313 τοὺς
3012 5249 3112 5322 τῆς
3139 5252 3375 5313 πίστεως
3397 5253 3598 5322 ὀφθαλ-

2008 5346 2165 5415 μοὺς,
2201 5345 2297 5413 καὶ
2330 5344 2534 5408 εὐθέως
2556 5343 2809 5410 ἐπιδείξω
2838 5362 2918 5399 σοι
2937 5346 3099 5417 φύσιν
3121 5347 3586 5422 καρπῶν-θαυμα-

2005 5442 2165 5495 στῶν.
2197 5442 2273 5496 Οὐ
2304 5442 2412 5514 γάρ
2433 5442 2687 5513 ὀπωρῶν,
2716 5444 2817 5501 καὶ,
2840 5442 3191 5516 ἀκροδρύων,
3226 5444 3350 5505 οὐδὲ,
3373 5445 3502 5522 άλλο
3533 5466 3584 5502 τι

2002 5539 2113 5595 τῶν
2139 5538 2510 5612 φθειρομένων
2543 5546 2639 5594 καὶ
2669 5539 3061 5612 ἀπολλυμένων
3085 5539 3290 5595 τούτων
3326 5541 3437 5598 τῶν
3459 5544 3590 5601 κλά-

2002 5637 2107 5692 δων
2133 5639 2162 5690 ό
2190 5639 2431 5711 καρπὸς,
2467 5624 2602 5692 ἀλλά
2633 5638 2902 5712 σωμάτων
2955 5640 3370 5711 πεπυρωμένων
3419 5643 3585 5714 ἴασις,

2069 5771 2096 5832 9
2124 5769 2214 5818 Alii
2241 5773 2266 5818 ὁ
2295 5773 2628 5832 στεφανώσων.

2069 5830 2099 5868 ι
2122 5832 2246 5894 Reg.
2278 5830 2404 5883 unus
2424 5836 2550 5883 male
2572 5836 2734 5897 φάτνη.

3195 5922 3270 5983 17
