4088 6474
605 416 713 474 673

602 529 703 584 καὶ
737 524 1150 598 ἁμαρτημάτων
1211 526 1554 598 συγχώρησις
1580 567 1593 591 ,
1629 528 1827 590 κακίας
1883 528 2182 599 ἀναίρεσις,

605 614 929 683 νοσημάτων
951 611 1125 679 ψυχῆς
1159 610 1443 681 θεραπεία,
1465 612 1597 682 εὐχὴ
1628 611 1871 681 ἐκτενὴς,
1906 610 2186 682 παρρησία

606 695 745 766 πρὸς
774 694 924 757 Θεὸν,
955 693 1135 747 πάντα
1156 695 1521 765 πνευματικὰ,
1544 695 1637 748 καὶ
1658 695 1925 765 οὐρανίων
1949 695 2185 765 γέμοντα

606 777 846 846 ἀγαθῶν.
870 772 1028 830 Οὗτοι
1049 778 1099 830 οί
1126 778 1328 848 καρποὶ
1350 778 1436 831 ἀεὶ
1463 776 1804 850 τρυγώμενοι
1824 779 1912 832 ἀεὶ
1937 778 2182 849 βρύουσι,

606 860 700 913 καὶ
722 859 981 912 οὐδέποτε
1016 858 1168 931 [678]
1208 860 1646 930 ἀπολιμπάνουσι
1674 862 1802 919 τοὺς
1834 860 2069 923 οἰκείους
2090 860 2187 912 αὐ-

603 941 711 995 τῶν
738 941 1038 1012 γεωργούς.
1072 941 1178 994 Καὶ
1208 941 1277 995 τά
1311 941 1411 1012 μέν
1445 943 1539 995 ἐπὶ
1578 943 1681 1012 γῆς
1713 942 1957 1014 φυόμενα
1995 942 2185 1014 δένδρα

603 1024 752 1091 ἅπαξ
789 1024 884 1077 τοῦ
917 1023 1165 1078 ἐνιαυτοῦ
1191 1023 1375 1097 δίδωσι
1403 1024 1503 1097 τὴν
1535 1025 1852 1097 φορὰν,κᾶν
1884 1026 1958 1095 μὴ
1980 1026 2186 1096 τρυγή-

604 1124 723 1178 σῃς,
763 1107 1063 1177 ἐπιστάσης
1088 1107 1186 1176 τῆς
1214 1091 1365 1178 ὥρας
1393 1091 1488 1160 τοῦ
1509 1091 1777 1179 χειμῶνος
1803 1091 2067 1162 ἀπόλλυσι
2088 1091 2185 1179 τῆν

601 1192 805 1244 οίκείαν
822 1190 1181 1263 εὐπρέπειαν,
1210 1191 1570 1261 φθειρομένου
1596 1190 1693 1244 τοῦ
1724 1192 1942 1262 καρποῦ
1965 1193 2059 1245 καὶ
2086 1209 2186 1245 κα-

599 1274 953 1344 ταρρέοντος·
990 1271 1166 1327 ταῦτα
1211 1271 1271 1325 δὲ
1315 1273 1377 1324 οὐ
1408 1272 1654 1343 χειμῶνα
1684 1268 1848 1337 οἶδεν,
1894 1275 1954 1326 οὐ
2005 1272 2182 1344 θέρος,

597 1357 697 1408 ούκ
721 1356 936 1427 ἀνάγκη
961 1354 1171 1427 καιρῶν
1199 1354 1506 1419 ὑπόκειται,
1537 1355 1660 1408 οὐδέ
1706 1354 1822 1408 ἐστι
1854 1353 2040 1426 γυμνά
2075 1355 2184 1409 τῶν

595 1437 823 1508 καρπῶν
856 1437 999 1493 αύτά
1026 1438 1136 1491 τῶν
1155 1438 1374 1490 οίκείων
1398 1438 1549 1504 ίδεῖν,
1585 1438 1722 1491 ἀλλά
1750 1436 1837 1490 διὰ
1868 1437 2066 1501 πανιὸς
2092 1438 2183 1490 ἐπὶ

593 1520 696 1589 τῆς
727 1522 897 1591 αὐτῆς
924 1521 1158 1592 ἕστηκεν
1192 1521 1530 1593 εὐπρεπείας
1550 1537 1563 1549 ⁸
1595 1522 1695 1591 οὐχ
1732 1522 1960 1575 ἅπτεται
2003 1520 2183 1575 αὐτῶν

595 1603 792 1674 φθορὰ,
817 1603 937 1657 οὐδὲ
971 1603 1242 1674 μεταὸολὴ
1270 1603 1501 1676 καιρῶν.
1540 1605 1703 1657 Πόσοι
1732 1604 1884 1673 γοῦν,
1930 1603 1992 1668 ἐξ
2029 1597 2090 1657 οῦ
2121 1604 2182 1658 τὸ

597 1686 755 1756 σῶμα
798 1687 1069 1758 ἐφυτεύθη
1110 1687 1269 1740 τοῦτο
1315 1690 1375 1741 ἐν
1407 1691 1472 1759 τῇ
1511 1691 1604 1759 γῇ,
1642 1690 1839 1761 μυρίας
1876 1689 2182 1760 ἐτρύγησαν

596 1770 770 1832 ίάσεις
791 1770 900 1823 ἀπὸ
926 1770 1025 1840 τῆς
1048 1770 1207 1838 ἁγίας
1232 1770 1433 1839 ταύτης
1459 1770 1654 1841 θήκης,
1677 1774 1774 1825 καὶ
1802 1773 1902 1826 οὐκ
1924 1772 2180 1826 ἐπέλιπεν

595 1852 624 1902 ὁ
655 1851 901 1922 καρπός·
931 1852 1183 1923 ἐθέρισαν
1215 1853 1285 1906 τά
1310 1853 1459 1923 λήῖα,
1496 1854 1591 1906 καὶ
1634 1854 1735 1907 οὐκ
1764 1853 2182 1926 ἐδαπανήθησαν

593 1935 646 1988 οί
674 1934 932 2007 στάχυες·
984 1936 1257 2008 ἡντλησαν
1303 1936 1400 2000 τὰς
1426 1938 1635 2007 πηγάς,
1686 1938 1781 1991 κα)⁸
1810 1939 1911 1991 οὐκ
1939 1938 2178 2009 ἐκενώθη

594 2017 665 2070 τὰ
695 2019 934 2088 νάματα,
963 2018 1098 2073 ἀλλὰ
1125 2020 1354 2090 συνεχής
1382 2018 1465 2083 τίς
1487 2023 1636 2073 ἐστιν
1662 2021 1694 2090 ἡ
1729 2020 1993 2093 ἐπιρροὴ,
2028 2021 2180 2074 οὐδέ-ι

595 2119 727 2156 ποτε
758 2103 1218 2173 ἐπιλιμπάνουσα,
1242 2102 1381 2157 ἀλλά
1415 2102 1511 2157 τοῦ
1549 2104 1880 2174 κενουμένου
1914 2105 2074 2158 πλέον
2094 2104 2181 2158 ἀεὶ⁸

592 2183 910 2256 παρέχουσα
936 2185 1001 2240 τὸ
1033 2185 1333 2249 ἅναϐλύζον
1356 2185 1559 2256 θαῦμα.
1596 2186 1671 2239 Οὐ
1701 2185 1957 2256 θαύματα
1984 2187 2041 2240 δὲ
2083 2188 2179 2259 μό-

594 2285 683 2321 νον
715 2267 1028 2337 ἐργάζεται,
1061 2267 1198 2321 ἀλλά
1245 2268 1341 2323 καὶ
1372 2267 1682 2338 φιλοσοφεῖν
1732 2268 1929 2324 πείθει.
1989 2271 2089 2322 'Av
2119 2286 2180 2323 τε

591 2349 703 2423 γὰρ
735 2350 987 2415 πλούσιος
1008 2346 1096 2425 ᾖς,
1119 2350 1216 2406 καὶ
1243 2350 1674 2422 μεγαλοφρονῇς,
1693 2351 1789 2406 καὶ
1821 2352 2182 2422 φλεγμαίνουο

593 2451 694 2487 σαν
712 2433 840 2506 ἔχῃς
861 2435 961 2505 τὴν
975 2432 1175 2505 ψυχὴν,
1194 2432 1365 2487 ἐλθὼν
1381 2432 1644 2496 ἐνταῦθα,
1663 2436 1757 2487 καὶ
1783 2433 1905 2488 ίδὼν
1922 2435 2012 2489 τὸν
2034 2437 2180 2507 μάρ-

590 2535 753 2589 τυρα,
782 2520 876 2573 καὶ
906 2518 968 2572 τὸ
999 2519 1163 2590 μέσον
1189 2517 1545 2588 λογισάμενος
1565 2516 1661 2570 τοῦ
1693 2517 1787 2570 σοῦ
1814 2517 2069 2584 πλούτου,
2087 2521 2183 2576 καὶ

590 2603 691 2672 τῆς
722 2603 915 2658 τούτου
942 2601 1281 2673 περιουσίας,
1311 2600 1662 2664 καταστελεῖς
1689 2599 1893 2665 εὐθέως
1919 2602 1981 2656 τὸ
2003 2602 2181 2675 φύση-

595 2704 692 2756 μα,
722 2686 817 2740 καὶ
844 2687 941 2757 τὴν
976 2684 1285 2756 φλεγμονὴν
1304 2683 1643 2755 ἀποθέμενος
1662 2683 1940 2757 ἀπελεύσῃ
1978 2686 2181 2758 πολλὴν

592 2771 732 2838 ἔχων
756 2768 963 2837 ὑγίειαν
992 2771 1051 2822 ἐν
1079 2770 1147 2839 τῇ
1181 2766 1356 2838 ψυχῇ’
1395 2767 1461 2821 ἀν
1487 2783 1547 2819 τε
1601 2766 1769 2837 πένης
1799 2768 1895 2821 καὶ
1941 2768 2179 2825 εὐκατα-

560 2894 569 2907 .
593 2852 863 2922 φρόνητος
889 2847 1027 2904 εἶναι
1056 2850 1303 2921 νομίσῃς,
1327 2848 1498 2901 ἐλθὼν
1533 2848 1629 2902 καὶ
1670 2848 1794 2902 ίδὼν
1823 2850 1916 2905 τὸν
1953 2851 2181 2906 πλοῦτον

592 2935 687 2988 τοῦ
732 2936 1025 3006 μάρτυρος,
1059 2934 1154 2987 καὶ
1194 2931 1575 3001 καταγελάσας
1612 2931 1721 2985 τῶν
1741 2935 2041 3004 χρημάτων
2072 2934 2182 2990 τῶν

594 3019 812 3083 ἔξωθεν,
848 3018 1021 3083 οὕτως
1045 3018 1422 3088 ἀναχωρήσεις
1442 3016 1647 3086 πολλῆς
1675 3018 1870 3070 σαυτὸν
1894 3017 2182 3091 ἐμπλήσας

593 3102 929 3172 φιλοσοφίας,
960 3100 1063 3155 κᾶν
1088 3101 1365 3171 ἐπήρειαι,
1399 3099 1503 3153 κᾶν
1527 3098 1746 3170 ζημίαι,
1790 3099 1893 3154 κᾶν
1919 3102 2181 3172 μάστιγες

592 3185 957 3258 ἐπενεχθῶσιν
976 3202 988 3215 ·
1021 3182 1166 3247 ἰδὼν,
1204 3185 1287 3236 ὅτι
1318 3182 1530 3236 οὐδέπω
1550 3185 1790 3239 τοσαῦτα
1827 3182 2048 3252 ἔπαθες,
2079 3187 2182 3242 ὅσα

590 3274 619 3321 6
651 3270 862 3341 μάρτυς
881 3262 1035 3331 οὗτος
1063 3268 1091 3319 6
1122 3265 1298 3336 ἅγιος,
1335 3266 1528 3337 ἱκανὴν
1558 3265 1720 3319 πάλιν
1750 3265 1896 3340 λήψῃ
1922 3284 2182 3340 παραμυ-

592 3353 713 3406 θίαν
744 3352 1013 3407 ἐντεῦθεν.
1059 3346 1212 3415 Εἶδες
1247 3345 1351 3403 οἷοι
1381 3350 1431 3402 οἱ
1460 3351 1663 3421 καρποὶ
1689 3350 1799 3405 τῶν
1843 3350 2012 3422 ῥιζῶν
2051 3352 2179 3406 τού-

591 3453 733 3503 των;
767 3436 885 3501 πῶς
928 3436 1233 3501 ἀνάλωτοι;
1265 3433 1384 3498 πῶς
1412 3435 1807 3505 πνευματικοί;
1855 3436 1971 3500 πῶς
2008 3436 2177 3507 αὐτῆς

588 3520 852 3576 ἅπτονται
886 3519 983 3589 τῆς
1009 3518 1222 3589 ψυχῆς
1264 3518 1338 3571 Οὐ
1361 3516 1557 3571 κωλύω
1582 3518 1838 3572 ἀπελθεῖν
1859 3521 1939 3582 είς
1960 3520 2020 3572 τὸ
2049 3537 2181 3593 προ-

589 3607 804 3660 άστειον
826 3646 841 3670 ,
896 3604 1010 3657 ἀλλ’
1068 3602 1258 3674 αύριον
1290 3600 1505 3656 κωλύω·
1547 3600 1690 3667 τίνος
1722 3602 1940 3669 ἓνεκεν;
1998 3605 2115 3659 Ἵνα
2145 3606 2179 3674 ή

588 3687 779 3757 τέρψις
808 3687 884 3758 μὴ
905 3687 1002 3758 έχῃ
1034 3687 1399 3753 κατάγνωσιν,
1420 3685 1508 3739 ἵνα
1531 3686 1748 3758 καθαρὰ
1831 3689 1864 3757 ἡ
1886 3687 2068 3757 ἡδονὴ,
2104 3687 2179 3759 μὴ

592 3771 888 3841 ύπεισέλθῃ
919 3783 945 3810 ο
977 3771 1043 3838 δὲ
1081 3771 1115 3841 ἡ
1150 3769 1496 3837 κατάγνωσις
1518 3786 1532 3801 ·
1592 3771 1689 3823 καὶ
1735 3771 1845 3842 γὰρ
1879 3770 2087 3834 ἔξεστιν
2122 3774 2179 3825 ἐν

592 3853 728 3924 ἄλλῃ
746 3854 929 3925 ἡμέρᾳ
955 3854 1051 3906 καὶ
1068 3855 1134 3923 τῇ
1162 3852 1349 3924 τέρψει
1370 3852 1725 3922 χαρίσασθαι,
1745 3855 1839 3906 καὶ
1867 3854 1967 3922 τῆς
1998 3855 2182 3927 ἀμαρ-

590 3937 710 4000 τίας
739 3935 1141 4008 ἀπαλλαγῆναι.
1173 3937 1236 3989 EE
1257 3936 1312 3989 δὲ
1334 3935 1513 4005 βούλει
1535 3936 1630 3990 καί
1651 3935 1746 3991 νῦν
1775 3936 2021 4008 τέρψεως
2045 3940 2180 3992 ἀπο-

592 4019 809 4084 λαῦσαι,
839 4020 891 4073 τί
922 4020 1283 4091 τερπνότερον
1322 4018 1415 4072 τοῦ
1440 4019 1699 4089 συλλόγου
1737 4019 1968 4090 τούτου;
2004 4024 2057 4076 τί
2082 4040 2179 4094 χα-

594 4104 867 4176 ριέστερον
900 4103 993 4156 τοῦ
1029 4103 1256 4174 θεάτρου
1286 4102 1382 4156 τοῦ
1408 4103 1817 4172 πνευματικοῦ;
1856 4104 1964 4159 τῶν
1998 4106 2177 4177 μελῶν

590 4187 699 4239 τῶν
729 4188 865 4253 σῶν;
898 4187 997 4255 τῆς
1017 4186 1125 4239 τῶν
1147 4185 1389 4255 ἀδελφῶν
1421 4187 1743 4256 συνουσίας;
1775 4188 1934 4242 Ἀλλὰ
1955 4192 2049 4243 καὶ
2075 4207 2179 4242 σω-

595 4273 831 4341 ματικῆς
861 4270 1038 4334 θέλεις
1058 4268 1338 4343 τραπέζης
1372 4275 1690 4341 μετασχεῖν;
1725 4271 1960 4325 ἐνταῦθα
2001 4273 2175 4336 ἔξεστι

595 4355 732 4426 μετά
760 4356 820 4408 τὸ
847 4354 1073 4426 λυθῆναι
1095 4356 1188 4408 τὸν
1225 4355 1503 4423 σύλλογον,
1563 4357 1658 4409 τοῦ
1698 4357 2000 4429 μαρτυρίου
2041 4356 2178 4427 πλη-

593 4443 706 4493 σίον
733 4439 837 4493 ὑπὸ
866 4441 1035 4509 συκῆν
1086 4439 1181 4493 καὶ
1230 4440 1474 4510 ἄμπελον
1526 4439 1912 4497 καταλύσαντι.
1954 4440 2050 4493 καὶ
2098 4438 2177 4509 τῷ

593 4527 805 4594 σώματι
838 4523 1281 4595 χαρίσασθαιτὴν
1307 4523 1513 4589 ἄνεσιν,
1534 4524 1628 4576 καὶ
1647 4523 1707 4576 τὸ
1735 4522 1975 4586 συνειδὸς
1998 4523 2175 4577 ἁπαλ-

588 4609 748 4674 λάξαι
788 4605 1211 4676 καταγνώσεως.
1257 4607 1314 4659 Ὀ
1341 4606 1450 4678 γὰρ
1475 4607 1685 4677 μάρτυς
1712 4606 1940 4675 ἐγγύθεν
1966 4606 2177 4678 ὁρώμε-

591 4709 679 4754 νος
705 4691 800 4745 καὶ
826 4691 1055 4763 πλησίον
1091 4688 1167 4744 ῶν
1206 4689 1301 4742 καὶ
1352 4688 1719 4760 παρεστηκὼς
1766 4689 1903 4760 αὐτῇ
1945 4692 2010 4758 τῇ
2046 4706 2176 4760 τρα-

590 4774 754 4847 πέζῃ,
782 4775 882 4828 οὐκ
911 4773 1106 4845 ἀφίησι
1143 4772 1243 4843 τὴν
1278 4773 1471 4845 ἡδονὴν
1511 4775 1592 4836 είς
1625 4772 1896 4842 ἁμαρτίαν
1938 4772 2174 4843 ἐκχυθῆ-

592 4874 701 4922 ναι,
735 4857 850 4910 ἀλλ’
878 4857 1069 4927 ῶσπερ
1117 4873 1201 4919 τις
1248 4855 1611 4923 παιδαγωγὸς,
1662 4854 1911 4926 ἢπατὴρ
1955 4855 2174 4925 ἄριστος

592 4944 703 5003 τοῖς
731 4941 827 5011 τῆς
853 4941 1089 5002 πίστεως
1109 4939 1384 5012 ὁρώμενος
1406 4937 1702 5008 ὀφθαλμοῖς
1720 4937 2070 4991 καταστέλλει
2084 4939 2173 4991 τὸν

592 5025 826 5095 γέλωτα,
863 5024 1180 5095 περικόπτει
1205 5023 1305 5085 τάς
1321 5021 1512 5093 ἡδονὰς
1527 5020 1625 5085 τὰς
1650 5022 1904 5086 ἀτόπους,
1932 5021 2001 5074 τὰ
2024 5039 2176 5093 σκιρ-

591 5111 812 5182 τήματα
841 5107 941 5176 τῆς
972 5107 1175 5179 σαρκὸς
1208 5106 1422 5160 ἅπαντα
1455 5107 1685 5178 ἀναιρεῖ,
1737 5105 1881 5175 άπερ
1928 5106 2044 5157 ἐκεῖ
2074 5107 2174 5158 οὐκ

592 5194 707 5247 ἔστι
741 5192 1044 5260 διαφυγεῖν.
1080 5189 1235 5252 Τίνος
1267 5190 1452 5242 ἕνεκεν
1475 5206 1488 5255 ;
1514 5190 1637 5242 Ὅτι
1663 5189 1815 5261 χοροὶ
1844 5186 2051 5259 ἀνδρῶν
2074 5188 2172 5243 αύι

594 5293 706 5347 ριον
734 5275 795 5328 τὸ
829 5273 1150 5345 προάστειον
1176 5272 1712 5341 καταλαμϐάνουσιν
1758 5272 1790 5339 ἡ
1832 5269 1888 5322 δὲ
1922 5271 2030 5323 τῶν
2062 5289 2173 5323 τοι-

589 5360 761 5412 ούτων
794 5358 916 5427 ὄψις
954 5356 1050 5409 καὶ
1095 5353 1186 5407 τὸν
1237 5354 1557 5424 βουλόμενον
1614 5356 1913 5423 σωφρονεῖν
1970 5355 2173 5408 ἄκοντα

591 5444 853 5511 ὑπεξάγει
882 5441 1142 5503 πολλάκις
1170 5439 1305 5510 πρὸς
1336 5439 1433 5510 τὴν
1457 5439 1556 5508 τῆς
1583 5439 1754 5508 αὐτῆς
1786 5439 2173 5509 ἀσχημοσύνης

593 5526 743 5598 [679]
777 5529 1028 5597 μίμησιν,
1045 5526 1138 5578 καὶ
1163 5523 1400 5594 μάλιστα
1424 5524 1551 5575 ὅταν
1572 5523 1665 5576 καὶ
1691 5524 1718 5574 6
1737 5522 1980 5586 διάϐολος
2012 5524 2173 5592 μέσος

594 5609 823 5673 ἐκείνοις
851 5612 1000 5679 παρῇ
1023 5625 1035 5638 ·
1072 5608 1168 5662 καὶ
1197 5606 1304 5677 γὰρ
1340 5606 1600 5674 πάρεστιν
1625 5606 1728 5659 ὑπὸ
1765 5605 1874 5660 τῶν
1901 5607 2173 5679 πορνικῶν

597 5691 875 5761 ᾀσμάτων,
898 5693 1002 5743 ὑπὸ
1025 5691 1134 5745 τῶν
1156 5688 1399 5760 αἰσχρῶν
1423 5690 1703 5761 ῥημάτων,
1726 5689 1832 5744 ὐπὸ
1860 5690 1956 5762 τῆς
1981 5691 2171 5763 δαιμο-

665 5922 691 5952 λ
711 5923 812 5974 Α.Ηὶ
836 5921 1101 5981 ἐπεισέλθῃ.

1296 412 1353 467 S.
1411 412 1699 469 JOANNIS
1737 411 2179 470 (ςιιῐιγςοδτοι

2281 411 2586 467 AIHZHIEP.
2630 411 3178 471 CONSTANTINOI‘.

3729 427 3813 484 στι

2270 526 2447 597 νικῆς
2485 527 2705 597 πομπῆς
2726 528 3077 612 καλούμενος.
3106 531 3175 584 Σὺ
3204 530 3260 584 δὲ
3287 533 3535 601 ἀπετάξω
3562 537 3698 612 πάσῃ
3714 542 3818 595 ταύ-

2291 625 2360 682 τῃ
2385 612 2449 680 τῇ
2472 612 2686 680 πομπῇ,
2718 611 2813 664 καὶ
2845 615 2913 683 τῇ
2944 613 3037 666 τοῦ
3067 616 3304 686 Χριστοῦ
3333 616 3558 689 λατρεία
3587 625 3823 692 συνετάξω

2292 695 2433 748 κατά
2475 694 2575 764 τὴν
2616 694 2833 764 ἡμέραν
2869 696 3113 769 ἐκείνην,
3153 697 3275 752 καθ’
3304 700 3370 771 ἢν
3399 701 3510 755 τῶν
3536 703 3686 773 ίερῶν
3719 722 3824 759 κατ-

2291 775 2529 848 ηξιώθης
2555 776 2888 847 μυστηρίων.
2919 779 3321 852 Ἀναμνήσθητι
3340 782 3518 837 τοίνυν
3540 785 3640 838 τῶν
3672 788 3814 857 ῥημά-

2289 874 2396 911 των
2423 857 2651 911 ἐκείνων
2676 859 2886 931 καὶτῆς
2907 860 3200 934 συνθήκης,
3237 865 3331 918 καὶ
3374 864 3514 936 φύγε
3555 867 3647 939 τὴν
3675 871 3803 940 παρά

2290 940 2468 995 δασιν.

2361 1103 2420 1156 ε’.
2442 1101 2711 1173 Βούλομαι
2727 1102 2783 1156 δὲ
2801 1102 2895 1156 καὶ
2918 1103 3053 1174 πρὸς
3067 1104 3194 1167 τοὺς
3211 1104 3482 1176 παρόντας
3496 1108 3585 1160 καὶ
3607 1108 3674 1180 μὴ
3685 1109 3819 1162 ἀνιόν-

2290 1202 2389 1249 τας
2414 1185 2778 1255 διαλεχθῆναι,
2814 1187 2910 1240 καὶ
2937 1186 3146 1250 τούτοις
3182 1189 3487 1260 ἐγχειρίσαι
3517 1191 3610 1262 τὴν
3633 1192 3816 1246 ἐκείνων

2291 1269 2587 1339 σωτηρίαν.
2616 1270 2725 1323 Καὶ
2750 1269 2860 1342 γὰρ
2888 1270 3069 1341 ίατρὺς
3100 1270 3237 1342 πρὸς
3264 1272 3355 1325 τὸν
3386 1272 3653 1343 κάμνοντα
3677 1274 3806 1327 είσελ-

2291 1351 2399 1405 θὼν
2426 1353 2585 1421 ὀλίγα
2612 1352 2690 1423 τῷ
2716 1354 2954 1424 κειμένῳ
2982 1354 3320 1422 διαλέγεται·
3350 1355 3423 1409 τά
3457 1357 3514 1409 δὲ
3553 1358 3670 1429 περὶ
3703 1375 3812 1428 quap-

2293 1434 2483 1505 μάκων
2509 1434 2602 1488 καὶ
2633 1434 2818 1488 σιτίων
2847 1436 2940 1489 καὶ
2969 1435 3069 1507 τῆς
3095 1436 3259 1507 ἀλλης
3288 1438 3600 1508 θεραπείας,
3624 1440 3813 1501 καλέσας

2288 1518 2413 1581 τοὺς
2432 1518 2581 1588 αὐτῷ
2605 1519 3002 1589 προσήκοντας,
3025 1520 3254 1583 ἐκείνοις
3276 1521 3492 1574 ἅπαντα
3515 1522 3813 1592 ἐπισκήπτει.

2289 1600 2355 1652 Τί
2413 1600 2647 1671 δήποτε;
2695 1603 2814 1655 Ὀτι
2865 1603 2894 1655 6
2931 1602 3031 1672 μὲν
3065 1603 3291 1674 κάμνων
3319 1604 3379 1657 οὐ
3415 1603 3622 1675 δέχεται
3651 1605 3813 1668 εὐθέως

2287 1683 2386 1753 τὴν
2415 1683 2754 1754 παραίνεσιν,
2770 1685 2800 1736 6
2825 1683 2881 1737 δὲ
2901 1684 3162 1753 ὑγιαίνων
3180 1686 3317 1756 μετά
3332 1687 3533 1757 πολλῆς
3557 1685 3814 1759 προθυμίας

2288 1766 2545 1837 προσέχει
2569 1769 2682 1829 τοῖς
2701 1766 3013 1838 λεγομένοις
3032 1785 3047 1800 ο
3079 1768 3167 1823 διὰ
3192 1769 3350 1824 τοῦτο
3377 1772 3515 1842 μετά
3538 1772 3721 1825 τούτων
3744 1772 3813 1823 καὶ

2288 1850 2415 1920 ὑμῖν
2450 1849 2708 1920 βούλομαι
2735 1850 3104 1921 διαλεχθῆναι.
3134 1854 3639 1925 Προκατα).ά6ωμεν
3666 1852 3815 1922 αὔριον

2285 1934 2386 1995 τὰς
2417 1932 2613 1999 πύλας,
2652 1934 3066 2004 ἐφεδρεύσωμεν
3115 1939 3234 2000 ταῖς
3293 1937 3461 2003 ὁδοῖς,
3514 1936 3691 2009 ἄνδρες
3719 1937 3814 1997 τοὺς

2287 2014 2510 2086 ἄνδρας,
2540 2019 2798 2084 γυναῖκες
2843 2016 2940 2079 τὰς
2982 2021 3251 2085 γυναῖκας
3280 2020 3709 2089 κατασπάσωμεν
3733 2018 3816 2070 ἀπὸ

2285 2099 2396 2152 τῶν
2430 2098 2741 2168 ὑποζυγίων
2760 2115 2773 2129 ·
2800 2100 3238 2172 ἐπαναγάγωμεν
3257 2103 3495 2158 ἐνταῦθα
3522 2104 3573 2168 ι’,
3600 2101 3667 2174 μὴ
3696 2105 3798 2155 ἐπαι

2289 2184 2637 2255 σχυνθῶμενο
2672 2183 2802 2238 ἔνθα
2826 2186 3068 2257 σωτηρία
3101 2185 3355 2256 ἀδελφοῦ,
3373 2188 3475 2241 οὐκ
3502 2187 3640 2240 ἔστιν
3664 2185 3815 2256 αίσχύ-

2288 2284 2375 2339 νη.
2402 2266 2465 2320 El
2492 2269 2693 2322 ἐκεῖνοι
2729 2268 2830 2321 οὐκ
2858 2268 3206 2338 αἰσχύνονται
3243 2270 3381 2341 πρὸς
3418 2272 3516 2342 τὴν
3550 2270 3816 2341 παράνομον

2289 2350 2513 2420 πομπὴν
2552 2350 2815 2415 ἀνιόντες,
2849 2349 3032 2421 πολλῷ
3081 2351 3283 2422 μᾶλλον
3315 2355 3467 2425 ἡμᾶς
3517 2352 3816 2424 αίσχύνεσθαι

2287 2433 2347 2486 οὐ
2367 2434 2473 2504 χρὴ
2502 2433 2636 2505 πρὸς
2672 2433 2771 2505 τὴν
2807 2433 2960 2507 ίεράν
2984 2434 3189 2506 ταύτην
3219 2438 3530 2509 πανήγυριν
3575 2436 3816 2506 μέλλοντας

2287 2517 2486 2580 αὐτοὺς
2509 2519 2898 2586 ἐπαναγαγεῖν.
2931 2519 3099 2572 Ὅταν
3122 2517 3354 2588 ἀδελφοῦ
3379 2520 3616 2591 σωτηρία
3635 2516 3813 2589 προκέηι

2287 2618 2398 2668 ται,
2437 2601 2603 2673 μηδὲν
2630 2600 3050 2674 παραιτώμεθα.
3081 2603 3146 2655 El
3179 2602 3288 2674 γὰρ
3307 2605 3336 2657 6
3365 2604 3598 2674 Χριστὸς
3624 2601 3815 2656 ἀπέθανε

2285 2684 2352 2739 δι’
2373 2686 2539 2756 ἡμᾶς,
2581 2686 2798 2739 ἅπαντα
2841 2684 3133 2755 ὑπομένειν
3176 2685 3243 2737 δι’
3282 2687 3485 2751 αὐτοὺς
3519 2687 3658 2757 ἡμᾶς
3705 2683 3814 2754 χρή·

2288 2767 2391 2822 κᾶν
2414 2767 2628 2839 πληγὰς
2643 2768 2992 2834 ἐντείνονται,
3020 2769 3124 2824 κᾶν
3146 2769 3584 2842 λοιδορήσωνται,
3601 2769 3816 2835 κάτασχε,

2290 2855 2385 2908 καὶ
2430 2853 2507 2926 μὴ
2536 2854 2808 2925 πρότερον
2835 2856 3099 2926 ἀποστῇς,
3129 2852 3235 2919 ἕως
3268 2854 3335 2909 ἂν
3364 2856 3563 2921 αὐτοὺς
3585 2852 3814 2920 ἐπαναγά-

2290 2953 2394 3009 γῃς
2424 2938 2559 3010 πρὸς
2591 2939 2681 2991 τὸν
2723 2939 2876 3007 ἅγιον
2913 2937 3202 3009 μάρτυραο
3252 2938 3360 2992 κᾶν
3391 2938 3721 3010 δικαστήριον
3744 2936 3817 3006 δέῃ

2290 3022 2515 3075 καθίσαι
2544 3024 2609 3077 ἐκ
2633 3021 2744 3075 τῶν
2774 3022 3080 3092 παριόντων
3105 3061 3122 3087 ,
3154 3022 3203 3075 οί
3247 3020 3558 3095 βουλόμενοι
3589 3021 3816 3077 ἀκουέτωσ

2289 3120 2418 3157 σανο
2472 3103 2723 3174 ἀδελφὸν,
2776 3104 2933 3169 είπέ,
2988 3103 3255 3177 βούλομαι
3304 3105 3503 3170 σῶσαι,
3551 3104 3656 3177 ὁρῶ
3678 3103 3818 3173 ψυχὴν

2287 3187 2693 3259 ἀπολλυμένην,
2715 3188 2810 3241 καὶ
2832 3187 2934 3240 οὐκ
2963 3176 3233 3257 ἀνέχομαι
3262 3189 3527 3259 περιιδεῖν
3558 3176 3649 3260 τὴν
3668 3184 3818 3254 συγγέ-

2287 3287 2466 3325 νειαν·
2502 3272 2532 3323 6
2563 3270 2883 3341 βουλόμενος
2942 3270 3263 3338 ἐγκαλείτω,
3315 3272 3344 3324 6
3376 3271 3682 3342 βουλόμενος
3724 3282 3818 3322 κατ-

2285 3352 2594 3425 ηγορείτω·
2651 3352 2855 3424 μᾶλλον
2903 3351 2960 3405 δὲ
3011 3352 3187 3415 οὐδεὶς
3239 3353 3530 3421 ἐγκαλέσει
3555 3394 3570 3419 ,
3605 3351 3725 3406 ἀλλά
3748 3350 3819 3401 καὶ

2286 3436 2489 3499 πάντες
2539 3436 2916 3490 ἐπαινέσονται
2940 3474 2958 3499 ,
3009 3434 3211 3499 πάντες
3244 3437 3601 3492 ἀσπάσονται.
3636 3436 3703 3489 Οὐ
3736 3432 3818 3501 γὰρ

2288 3519 2430 3590 ὑπὲρ
2466 3517 2801 3589 χρημάτων,
2850 3518 2972 3572 ούδέ
3015 3518 3083 3572 δι’
3121 3519 3330 3572 οἰκείαν
3380 3521 3666 3591 ἀπέχθειαν
3707 3518 3820 3586 ἀμυ-

2286 3602 2508 3674 νόμενος
2529 3640 2545 3666 ,
2605 3600 2727 3654 οὐδὲ
2780 3602 2921 3672 ὑπὲρ
2988 3601 3148 3656 ἀλλου
3206 3602 3352 3666 τινὸς
3430 3604 3538 3657 τῶν
3598 3598 3817 3673 βιωτικῶν

2285 3686 2576 3755 φιλονεικῶ
2631 3684 2726 3738 καὶ
2774 3687 3055 3756 μάχομαι,
3114 3685 3230 3739 ἀλλ’
3286 3687 3432 3757 ὑπὲρ
3474 3685 3688 3755 ἀδελφοῦ
3734 3699 3817 3734 σω-

2285 3771 2512 3842 τηρίας’
2551 3769 2724 3823 ταῦτα
2775 3769 2859 3832 τίς
2916 3770 3018 3823 οὐκ
3065 3769 3425 3837 ἀποδέξεταις
3485 3770 3568 3834 τίς
3621 3768 3677 3821 οὐ
3719 3766 3821 3818 θαυ-

2289 3853 2563 3925 μάσεται;
2604 3852 2774 3910 Οὐδὲν
2804 3854 2955 3923 ἡμᾶς
3004 3853 3385 3923 προσήκοντας
3438 3852 3678 3924 ἀλλήλοις
3713 3844 3821 3902 κατὰ

2286 3940 2605 4008 συγγένειαν
2623 3940 2895 4012 σαρκικὴν
2917 3939 2949 4008 ή
2969 3938 3313 4009 πνευματικὴ
3332 3939 3618 4008 συγγένεια
3640 3930 3819 4003 πατρῶν

2286 4023 2801 4094 φιλοστοργοτέρους
2858 4022 3136 4091 ἐποίησεν.
3202 4022 3265 4073 El
3327 4020 3604 4091 βούλεσθε,
3639 4014 3819 4073 καὶτὸν

2287 4107 2540 4177 μάρτυρα
2594 4106 2849 4175 λάϐωμεν
2892 4106 3011 4175 μεθ’
3052 4104 3289 4161 ἑαυτῶν*
3326 4105 3429 4159 οὐκ
3478 4099 3820 4173 ἐπαισχύνεται

2284 4191 2392 4261 γὰρ
2432 4190 2607 4243 ἐλθεῖν
2637 4189 2731 4243 καὶ
2752 4188 2923 4242 σῶσαι
2953 4190 3079 4253 τοὺς
3124 4189 3408 4257 ἀδελφούς.
3454 4188 3821 4257 Ἐπιστήσωμεν

2283 4275 2466 4338 αὐτοῖς
2487 4274 2712 4327 ἐκείνων
2743 4270 3065 4342 ὀφθαλμοῖς,
3107 4272 3387 4342 φοϐηθῶσι
3430 4272 3682 4345 παρόντα,
3710 4263 3821 4320 αἰδε-

2284 4358 2455 4411 σθῶσι
2484 4355 2909 4428 παρακαλοῦντα
2952 4357 3049 4408 καὶ
3075 4356 3349 4426 δεόμενον·
3381 4356 3444 4409 οὐ
3474 4354 3582 4426 γὰρ
3621 4346 3821 4419 αἰσχύνε·

2280 4461 2371 4496 ται
2397 4444 2491 4496 καὶ
2523 4441 2922 4513 παρακαλέσαι.
2951 4440 3014 4493 Εί
3052 4440 3162 4511 γὰρ
3193 4442 3222 4494 6
3250 4441 3533 4509 Δεσπότης
3564 4434 3714 4491 αὐτοῦ
3742 4445 3821 4484 πα-

2285 4527 2515 4600 ρακαλεῖ
2549 4528 2651 4603 τὴν.
2678 4525 2954 4596 ἡμετέραν
2988 4524 3169 4594 φύσιν
3206 4522 3386 4591 Ὑπὲρ
3423 4520 3673 4591 Χριστοῦ
3708 4528 3820 4582 πρε·

2282 4612 2597 4679 σϐεύομεν,
2633 4610 2798 4679 φησὶν
2824 4610 2852 4661 6
2885 4608 3116 4675 Παῦλος,
3149 4607 3231 4673 ὡς
3269 4605 3379 4659 τοῦ
3400 4605 3568 4688 ,Θεοῦ
3597 4612 3821 4688 παραξαξ

2280 4698 2544 4764 λοῦντος
2576 4695 2651 4755 δι’
2680 4693 2870 4763 ἡμῶν,
2890 4690 3320 4760 Καταλλιὴηητε
3346 4687 3426 4755 τῷ
3455 4688 3573 4752 Θεῷ
3606 4697 3650 4726 ο·
3677 4681 3819 4747 πολλῷ

2285 4782 2486 4851 μᾶλλον
2516 4784 2545 4833 6
2569 4777 2755 4839 δοῦλος
2778 4776 2938 4829 τοῦτο
2964 4776 3199 4845 ποιήσει·
3221 4772 3282 4827 ἒν
3306 4773 3469 4826 αὐτὸν
3499 4771 3654 4824 λυπεῖ
3674 4765 3816 4851 μόνον..

2282 4846 2593 4936 ἦάπώλεια
2638 4865 2671 4933 ἡ
2722 4860 2989 4932 ἡμετέρα⁵
3042 4859 3102 4912 ἓν
3152 4858 3460 4928 εὐφραίνει,
3490 4858 3524 4927 ή
3557 4846 3816 4936 σωτηρὶφὴ

2280 4928 2546 5022 ἡμετέρα,
2567 4948 2662 5000 καὶ
2692 4945 2783 4999 διὰ
2815 4942 2977 4997 τοῦτο
3008 4945 3069 4996 οὐ
3116 4944 3514 5014 παραιτήσεται
3546 4938 3685 4992 οὐδὲν
3709 4928 3819 5022 ὐξτξρ

2280 5009 2738 5105 άύτῆςιποιῆσαι.
2773 5028 2866 5097 Μὴ
2909 5026 3092 5080 τοίνυν
3126 5009 3263 5096 μηδὲ
3296 5009 3454 5096 ἡμεῖς
3489 5009 3816 5105 ἐπαισχυνθῶ-

2285 5097 2418 5189 μεν,
2449 5115 2584 5186 μηδὲ
2609 5097 2873 5182 *περιττὸν
2909 5106 3050 5162 εἶναι
3081 5108 3409 5178 νομίσωμεν.
3430 5107 3491 5158 Εί
3510 5104 3621 5189 γὰρ
3650 5097 3819 5189 @000!-

2282 5183 2375 5256 ποι
2407 5183 2645 5270 θηραταῖ-
2673 5196 2955 5265 κρημνοὺς
2994 5193 3088 5245 καὶ
3115 5191 3213 5263 ὅρη
3233 5190 3328 5244 καὶ
3354 5188 3599 5259 βάραθρα
3627 5183 3710 5270 καί
3732 5183 3816 5270 πᾶν

2280 5263 2845 5353 ἄϐατον-ἀπέρχονται
2870 5276 3090 5347 χωρίον,
3121 5273 3232 5327 εἴτε
3263 5272 3494 5341 λαγωὸν,
3515 5267 3656 5356 ἶθὸθ]

2281 5371 2442 5430 κάδα,
2475 5367 2508 5437 ἦ
2541 5348 2750 5420 ἄλλοντι
2779 5362 2886 5415 τῶν
2903 5360 3182 5421 τοιούτων,
3211 5358 3244 5428 ἢ
3283 5359 3377 5411 καὶ
3412 5355 3626 5427 ὄρνιθας
3653 5348 3815 5437 πολλά-

2282 5471 2368 5516 κις
2399 5425 2716 5512 ταύταςτὰς
2742 5446 2945 5517 ἀγρίας
2980 5442 3245 5513 θηρεῦσαι
3279 5440 3609 5509 βουλόμενοι·
3639 5434 3697 5484 σὺ
3720 5425 3815 5517 μέλ-

2279 5510 2387 5591 λων
2418 5536 2517 5587 οὐκ
2546 5510 2742 5600 ἄλογον
2773 5510 3010 5591 εὐτελὲς,
3039 5510 3169 5578 ἀλλ’
3199 5522 3430 5593 ἀδελφὸν
3467 5510 3813 5600 πνευματικὸν,

2279 5624 2345 5677 δι’
2381 5622 2439 5674 ὃν
2465 5623 2493 5674 6
2528 5595 2758 5691 Χριστὸς
2776 5614 3071 5675 ἀπέθανεν,
3104 5605 3543 5691 ἐπαναγαγεῖνᾲέξ
3559 5595 3813 5691 ἀπινλξίξςν

2279 5707 2374 5758 καὶ
2405 5705 2507 5757 οὐκ
2543 5678 2644 5773 ὅρη
2680 5678 2775 5754 καὶ
2831 5698 3033 5761 νάπας,
3071 5693 3207 5748 ἀλλά
3253 5693 3353 5764 τὴν
3401 5688 3573 5758 πύλην
3598 5678 3813 5749 ἐξελθεῖν,

2344 5857 2372 5892 ιο
2393 5856 2477 5904 Sic
2495 5853 2643 5901 Savil.
2671 5857 2723 5898 ρι
2743 5850 2841 5897 duo
2869 5860 2981 5896 mss.
3008 5843 3172 5912 Rggii.
3198 5842 3254 5893 In
3279 5832 3663 5912 M_or§l._évra?aOa
3680 5825 3808 5878 dens!-

2347 5919 2370 5949 ‘
2398 5917 2545 5967 Savil.
2572 5920 2625 5964 et
2646 5925 2772 5963 unus
2792 5925 2882 5960 ms.
2911 5906 3261 5969 καταλλαγῆναι
3278 5907 3347 5970 τῷ
3371 5906 3498 5967 θεῷ.
3524 5944 3531 5951 .
