4088 6464
328 387 433 444 675

324 496 420 548 sed
450 506 734 562 corporum
755 490 1112 546 mutilatorum
1143 489 1367 556 sanatio,
1388 498 1441 545 et
1468 500 1804 559 peccatorum
1824 503 1909 543 re-

330 581 771 647 missio,abolitio
791 581 922 646 vitii,
939 580 1243 635 morborum
1265 580 1456 634 animze
1480 579 1712 644 curatio,
1740 579 1912 634 oratio

322 678 597 741 continua,
614 675 808 730 ﬁducia
825 676 964 746 apud
986 676 1172 740 Deum,
1195 673 1488 745 spiritualia
1503 683 1713 740 cuncta,
1731 673 1913 727 bonis-

323 786 432 840 que
459 769 762 824 caelestibus
788 768 1159 823 redundantia.
1182 768 1244 823 lli
1266 767 1466 822 fructus
1492 780 1706 837 semper
1726 764 1913 819 decer-

329 863 430 931 pti,
458 876 673 932 semper
695 860 974 931 pullulant,
998 875 1094 915 nec
1112 874 1358 929 umquam
1380 873 1507 913 suos
1528 858 1761 913 cultores
1777 854 1910 910 deﬁ-

324 955 491 1010 ciunt.
522 955 696 1024 Atque
718 954 940 1008 arbores
970 951 1206 1022 quidem,
1229 968 1348 1022 qua:
1369 958 1658 1005 nascuntur
1674 950 1725 1002 in
1748 958 1910 1014 terra,

322 1045 492 1101 semel
511 1046 562 1098 in
579 1060 719 1099 anno
736 1044 965 1098 fructum
986 1043 1180 1110 ferunt;
1195 1042 1334 1113 quod
1356 1043 1399 1096 si
1428 1058 1533 1095 non
1555 1039 1909 1107 decerpseris,

324 1139 651 1194 adventante
696 1137 903 1208 hyemis
955 1146 1197 1206 tempore
1243 1146 1493 1204 corrupto
1534 1148 1598 1188 ac
1645 1132 1914 1187 dilabente

325 1229 504 1283 fructu
530 1228 805 1298 proprium
827 1226 1079 1282 decorem
1108 1226 1360 1279 amittunt
1390 1242 1404 1278 :
1435 1223 1520 1277 lite
1541 1236 1668 1277 vero
1706 1221 1914 1292 hyemis

324 1318 522 1372 nesciae
551 1325 675 1371 sunt
702 1325 757 1371 et
782 1314 983 1370 aestatis
1003 1355 1019 1380 ,
1050 1329 1155 1368 non
1183 1323 1481 1383 temporum
1512 1311 1789 1380 subjaccnt
1816 1324 1914 1364 ne-

323 1408 583 1473 cessitati,
611 1422 714 1462 nec
741 1407 852 1461 suis
898 1405 1155 1461 fructibus
1204 1404 1417 1458 nudatae
1458 1411 1683 1471 possunt
1708 1401 1907 1466 videri,

323 1499 421 1555 sed
465 1497 711 1553 eumdem
758 1507 1017 1565 perpetuo
1057 1494 1308 1549 decorem
1349 1492 1622 1557 obtinent;
1663 1507 1769 1545 non
1823 1506 1914 1545 eas

325 1606 579 1661 umquam
610 1590 885 1658 corruptio
910 1590 994 1643 vel
1019 1588 1242 1642 mutatio
1273 1595 1649 1656 tempestatum
1682 1586 1911 1654 attingit.

324 1685 497 1749 Quam
542 1683 695 1736 multi
738 1682 999 1751 siquidem
1022 1723 1034 1742 ,
1072 1696 1137 1735 ex
1159 1696 1264 1749 quo
1282 1679 1575 1749 plantatum
1606 1687 1687 1732 est
1722 1692 1915 1746 corpus

327 1774 471 1830 istud
505 1773 557 1826 in
610 1780 1087 1835 terra,sexcentas
1124 1770 1434 1823 sanationes
1479 1783 1543 1822 ex
1588 1770 1688 1822 hoc
1731 1775 1916 1821 sancto

324 1864 506 1919 loculo
532 1864 912 1932 decerpserant
931 1903 947 1928 ,
978 1877 1077 1915 nec
1098 1860 1300 1914 fructus
1320 1858 1547 1923 defecit;
1578 1864 1918 1911 messuerunt

325 1967 589 2026 segetem,
610 1970 712 2010 nec
733 1963 1065 2023 consumptae
1082 1964 1205 2006 sunt
1231 1952 1411 2021 Spicaz;
1428 1967 1457 2005 e
1474 1949 1706 2004 fontibus
1733 1948 1919 2002 hause.

326 2058 475 2117 runt,
500 2064 599 2104 nec
617 2047 871 2104 exinaniti
901 2054 1027 2100 sunt
1057 2044 1260 2108 latices,
1283 2042 1376 2098 sed
1397 2040 1650 2112 perennis
1670 2050 1751 2095 εει
1768 2054 1916 2109 qna:-

327 2141 458 2196 dam
503 2140 804 2210 scaturigo,
854 2151 1145 2207 numquam
1194 2134 1478 2199 deficiens,
1511 2132 1607 2186 sed
1650 2146 1744 2198 co,
1777 2128 1917 2200 quod

330 2232 580 2287 haustum
611 2240 722 2296 est,
767 2229 1034 2299 copiosius
1080 2241 1294 2295 semper
1330 2222 1644 2279 miraculum
1696 2233 1920 2275 manans

329 2323 576 2378 effundit.
606 2321 790 2392 Neque
816 2336 945 2375 vero
988 2329 1196 2375 tantum
1241 2316 1498 2372 miracula
1520 2323 1793 2385 operatur,
1826 2312 1918 2367 sed

332 2414 699 2485 philosophari
743 2415 902 2469 etiam
954 2412 1165 2467 suadet.
1197 2410 1324 2466 Sive
1353 2409 1497 2465 enim
1549 2406 1699 2462 dives
1745 2406 1819 2461 sis
1858 2420 1920 2460 ac

332 2506 618 2576 superbius
665 2514 720 2559 et
762 2505 903 2559 elato
950 2503 1025 2558 sis
1068 2502 1431 2567 animo,cum
1479 2499 1584 2553 huc
1608 2498 1819 2553 veneris
1859 2510 1923 2551 ac

330 2605 624 2666 martyrem
651 2594 873 2648 intuitus
901 2593 1069 2648 fueris
1093 2635 1109 2659 ,
1138 2600 1502 2662 quantumque
1526 2589 1597 2644 sit
1624 2590 1763 2643 inter
1782 2586 1920 2642 divi-

331 2687 436 2740 tias
474 2696 592 2740 tuas
614 2696 668 2740 et
694 2684 852 2754 hujus
872 2683 1203 2753 opulentiam
1248 2681 1538 2737 discrimen
1560 2722 1575 2745 ,
1605 2688 1781 2735 tecum
1809 2678 1924 2747 ipse

331 2779 672 2848 reputaveris
702 2794 716 2829 :
744 2776 914 2831 elatos
952 2776 1162 2829 animos
1204 2773 1381 2829 subito
1425 2771 1724 2841 deprimes,
1749 2780 1803 2824 et
1830 2769 1926 2823 de-

332 2872 513 2942 posito
550 2869 687 2925 fastu
731 2886 795 2924 ac
821 2878 1066 2934 tumore,
1096 2866 1264 2921 multa
1305 2879 1428 2921 cum
1468 2864 1662 2918 animat
1700 2862 1925 2917 sanitate

333 2963 601 3028 discedes;
633 2961 745 3016 sive
768 2976 966 3031 pauper
999 2974 1061 3013 ac
1080 2958 1365 3027 despectus
1392 2956 1487 3011 tibi
1513 2970 1631 3010 esse
1656 2952 1919 3019 videaris,

335 3072 460 3111 cum
487 3056 589 3109 huc
614 3055 821 3110 veneris
845 3063 898 3108 et
922 3052 1133 3107 divitias
1162 3050 1411 3122 martyris
1430 3048 1648 3112 videris,
1674 3056 1925 3102 contem-

338 3148 445 3217 ptis
480 3157 534 3202 et
577 3146 746 3199 irrisis
780 3144 1114 3199 saecularium
1157 3141 1386 3205 divitiis,
1421 3140 1586 3194 multa
1630 3138 1924 3192 inStructus

339 3236 678 3307 philos0phia
726 3235 980 3298 recedes,
1022 3234 1123 3288 etsi
1148 3231 1527 3294 contumeliae,
1570 3229 1670 3285 etsi
1700 3228 1921 3295 damna,

337 3330 444 3384 etsi
477 3329 697 3383 verbera
737 3326 1064 3398 inﬁigantur;
1098 3340 1219 3380 cum
1250 3333 1303 3380 te
1351 3322 1585 3378 nondum
1614 3328 1759 3375 tanta
1802 3334 1925 3389 pas-

338 3435 461 3474 sum
487 3433 608 3474 esse
628 3460 643 3483 ,
671 3425 868 3488 quanta
896 3427 1113 3472 sanctus
1150 3416 1237 3470 hic
1264 3424 1466 3486 martyr
1509 3411 1753 3483 pertulit,
1776 3410 1925 3465 vide-

340 3512 419 3565 ris
442 3552 458 3576 ,
490 3525 734 3581 magnam
784 3509 912 3564 hinc
947 3509 1128 3578 capies
1167 3506 1608 3563 consolationem.
1639 3503 1806 3558 Vides
1829 3517 1924 3557 cu-

334 3602 573 3671 jnsmodi
617 3600 855 3655 radicum
896 3602 1118 3656 istarum
1163 3600 1272 3655 sint
1323 3597 1569 3652 fruetus?
1608 3605 1665 3651 ut
1686 3596 1926 3651 consumi

341 3692 653 3762 nequeant?
681 3702 738 3747 ttt
763 3692 1068 3763 spiritu-ales
1112 3691 1257 3745 sint?
1284 3700 1341 3744 ut
1374 3689 1441 3745 ad
1482 3689 1714 3743 animam
1759 3689 1927 3757 ipsam

340 3782 685 3852 pertingant?
708 3782 823 3837 Non
848 3782 1105 3852 prohibeo
1127 3824 1140 3847 ,
1178 3798 1245 3836 ne
1272 3782 1390 3851 quis
1420 3781 1470 3835 in
1500 3780 1814 3834 suburbium
1845 3780 1930 3833 ab-

342 3882 454 3938 eat,
477 3872 571 3928 sed
592 3888 659 3927 ne
685 3874 923 3927 crastino
951 3873 1058 3937 die,
1093 3872 1354 3941 prohibeo
1388 3885 1586 3940 :quam
1621 3870 1831 3924 tandem
1862 3869 1931 3923 ob

342 3961 604 4016 causam?
630 3962 709 4018 Ne
756 3962 1090 4017 damnationi
1137 3963 1205 4016 sit
1256 3961 1488 4016 obnoxia
1533 3959 1848 4024 delectatio;
1877 3969 1933 4013 ut

342 4054 590 4121 voluptas
619 4055 689 4108 sit
709 4068 860 4123 pura,
895 4053 1167 4107 damnatio
1195 4068 1325 4106 vero
1352 4067 1455 4106 non
1484 4050 1755 4119 subrepat.
1786 4050 1932 4104 Licet

343 4145 492 4199 enim
521 4145 625 4200 alio
652 4146 739 4199 die
762 4155 816 4200 et
845 4146 1099 4216 voluptati
1123 4145 1397 4217 indulgere
1417 4153 1473 4199 et
1499 4143 1657 4198 eximi
1689 4154 1929 4212 peccato.

342 4236 500 4302 Quod
533 4237 575 4290 si
598 4252 739 4291 nunc
776 4239 936 4292 etiam
969 4238 1171 4307 placeat
1197 4238 1467 4305 voluptate
1493 4236 1773 4306 perfundi,
1806 4236 1931 4306 quid

340 4327 632 4397 jucundius
672 4328 775 4382 hoc
794 4328 1097 4383 conventu?
1122 4328 1247 4397 quid
1277 4329 1486 4383 theatro
1527 4327 1785 4397 spirituali
1816 4343 1937 4396 gra-

350 4419 458 4471 tius
483 4459 498 4481 ,
528 4420 782 4474 membris
814 4420 917 4475 tuis
937 4461 952 4484 ,
986 4428 1198 4473 tuorum
1242 4419 1464 4473 fratrum
1509 4421 1841 4488 congressu?
1870 4421 1937 4473 At

344 4509 510 4562 etiam
532 4511 824 4579 corporalis
851 4525 1049 4564 mensae
1072 4510 1152 4563 vis
1186 4507 1298 4563 ﬁeri
1326 4510 1625 4579 particeps?
1648 4508 1735 4564 hic
1762 4509 1937 4564 soluto

346 4613 617 4657 conventu
646 4604 769 4658 licet
793 4604 941 4672 juxta
993 4603 1306 4674 martyrium
1332 4603 1411 4673 (α)
1453 4603 1553 4659 sub
1583 4602 1685 4658 ﬁcu
1705 4604 1790 4658 vel
1830 4605 1937 4658 vite

348 4694 641 4749 diversanti
662 4737 678 4760 ,
712 4695 869 4748 etiam
895 4694 1106 4762 corpori
1140 4694 1522 4748 recreationem
1549 4694 1856 4764 indulgere,
1885 4703 1940 4748 et

350 4786 797 4841 eondemnatione
817 4786 1198 4841 conscientiam
1233 4786 1480 4840 liberare.
1513 4786 1714 4857 Martyr
1742 4787 1884 4842 enim
1908 4803 1939 4841 e

348 4880 651 4949 propinquo
687 4889 956 4949 spectatus
986 4921 1001 4945 ,
1048 4889 1103 4934 et
1139 4894 1261 4933 cum
1312 4888 1383 4931 Sit
1431 4879 1633 4934 vicinus
1657 4921 1671 4942 ,
1728 4878 1939 4948 ipsique

352 4985 557 5025 mensae
586 4970 790 5037 adstet,
820 4971 1145 5040 voluptatem
1195 4971 1246 5025 in
1279 4980 1554 5040 peccatum
1587 4970 1786 5026 effundi
1832 4988 1937 5028 non

347 5061 500 5127 sinit;
518 5063 611 5117 sed
642 5072 909 5131 tamquam
932 5064 1248 5134 pxdagogus
1274 5076 1366 5117 aut
1393 5072 1542 5131 pater
1560 5065 1793 5133 optimus
1815 5082 1941 5119 ocu-

349 5153 423 5207 lis
467 5153 585 5208 ﬁdei
615 5168 937 5224 conspectus
967 5157 1131 5209 risum
1172 5157 1507 5226 comprimit,
1540 5156 1815 5213 indecoras
1842 5174 1939 5211 vo-

353 5244 585 5313 luptates
616 5246 979 5312 circumcidit,
1010 5247 1236 5301 lascivos
1280 5263 1467 5303 omnes
1510 5247 1745 5304 insultus
1764 5250 1942 5305 carnis

354 5336 519 5403 tollit,
551 5353 685 5407 quos
713 5337 820 5391 illic
846 5353 950 5391 non
979 5339 1103 5392 licet
1131 5338 1380 5393 evadere.
1405 5338 1543 5405 Quid
1567 5341 1634 5393 ita
1657 5340 1681 5393 ?
1704 5340 1836 5408 Quia
1863 5341 1943 5395 ni-

356 5432 551 5486 mirum
579 5431 881 5485 saltantium
912 5432 1146 5486 virorum
1171 5431 1321 5487 cltori
1368 5432 1452 5487 die
1480 5432 1716 5487 crastino
1751 5434 1943 5488 subur-

359 5522 504 5575 hium
533 5522 868 5590 occupabunt
895 5541 908 5577 :
933 5532 987 5577 at
1013 5522 1273 5592 ejusmodi
1320 5522 1597 5577 hominum
1625 5534 1943 5594 couSpectus

356 5627 729 5682 saepenumero
761 5615 907 5668 illum
937 5615 1129 5682 etiam,
1161 5615 1250 5684 qui
1276 5624 1639 5686 temperanter
1667 5632 1857 5685 gerere
1886 5632 1944 5671 se

376 5798 379 5799 ν
422 5741 494 5802 (κ)
527 5744 801 5807 Martyrium
823 5746 929 5794 sive
948 5745 1155 5797 ecclesia
1175 5753 1246 5797 ss.
1270 5752 1542 5810 martyrum,
1568 5759 1663 5809 qua
1681 5745 1745 5798 de
1766 5760 1821 5798 re
1846 5761 1942 5797 non

352 5810 517 5856 semel
538 5809 766 5871 superius
781 5815 939 5859 actum
964 5817 1056 5859 est.

1503 374 1567 431 IN
1607 373 1665 432 s.
1695 372 2035 433 JULIANUM
2075 328 2485 434 martum.

3492 393 3598 449 674

2023 488 2272 556 Voluerit,
2302 492 2499 547 sensim
2524 489 2591 546 ad
2621 491 2864 562 ejusdem
2890 494 3231 565 turpitudinis
3253 498 3602 557 imitationem

2021 582 2277 651 impellit;
2309 596 2372 637 ac
2406 592 2516 637 tum
2537 584 2767 641 maxime
2795 599 2917 639 cum
2949 586 3005 640 in
3032 586 3210 642 medio
3234 588 3449 643 illorum
3485 589 3604 644 dta-

2021 672 2171 727 bolus
2199 671 2429 728 adfuerit
2459 690 2474 727 :
2502 673 2655 729 adest
2686 676 2828 730 enim
2878 690 2909 729 a
2935 678 3252 733 meretriciis
3276 681 3561 736 cantilenis
3589 724 3606 746 ,

2019 770 2050 810 a
2074 756 2250 811 verbis
2274 756 2541 813 obscoenis
2565 799 2579 824 ,
2609 772 2639 812 a
2665 758 2929 815 diabolica
2960 775 3153 832 pompa
3178 772 3418 819 vocatus.
3442 767 3513 818 At
3554 780 3611 820 tu

2021 844 2321 915 hujnsmodi
2350 863 2557 918 pompae
2603 850 2847 905 nuntium
2878 852 3167 919 remisisti,
3203 864 3360 924 teque
3408 856 3608 910 Christi

2019 935 2182 988 cultui
2215 938 2525 1007 tnancipasti
2547 937 2769 1006 dieillo,
2795 956 2900 1011 quo
2929 944 3096 997 sacris
3122 944 3392 1015 mysteriis
3414 945 3610 1016 dignus

2020 1022 2234 1079 habitus
2269 1042 2345 1080 es.
2394 1027 2701 1084 Recordare
2748 1031 2925 1100 itaque
2970 1034 3253 1088 verborum
3284 1036 3505 1091 illorum
3558 1048 3612 1090 et

2022 1116 2160 1183 pacti
2188 1119 2454 1183 conventi,
2490 1128 2631 1175 etne
2658 1119 2785 1174 illud
2804 1122 2972 1177 violes
2999 1138 3147 1179 cave.

2092 1205 2146 1259 5.
2179 1204 2425 1261 Fratrum
2448 1219 2733 1263 nostrorum
2750 1213 2977 1266 curanda
3000 1214 3158 1269 salus.
3179 1246 3249 1257 -—
3264 1216 3411 1272 Libet
3427 1226 3610 1274 autem

2020 1306 2073 1351 et
2100 1296 2168 1351 ad
2193 1312 2307 1365 eos,
2352 1299 2445 1369 qui
2486 1300 2679 1355 adsunt
2724 1318 2825 1358 nec
2871 1305 2994 1359 illuc
3035 1307 3301 1375 abierunt,
3334 1310 3497 1364 verba
3528 1309 3611 1363 fa-

2020 1403 2162 1453 cere,
2190 1400 2347 1458 atque
2373 1389 2459 1445 his
2503 1392 2729 1447 salutem
2763 1395 2970 1450 illorum
2998 1399 3374 1453 commendare
3398 1418 3412 1465 ;
3442 1402 3609 1470 siqui-

2020 1479 2141 1533 da-m
2160 1480 2397 1535 medicus
2412 1481 2479 1535 ad
2495 1492 2751 1552 aegrotum
2774 1484 3061 1554 ingressus,
3081 1503 3247 1557 pauca
3268 1506 3386 1545 cunt
3401 1489 3611 1561 jacente

2021 1570 2379 1640 colloquitur;
2411 1588 2530 1642 quae
2572 1588 2702 1628 v.-ro
2743 1577 3012 1645 pertinent
3051 1578 3119 1633 ad
3151 1580 3532 1638 medicamenta
3557 1592 3612 1637 et

2020 1664 2276 1719 alimenta
2318 1666 2685 1738 reliquamque
2711 1672 3065 1737 curationem,
3097 1675 3299 1727 vocatis
3342 1676 3456 1743 ejus
3481 1691 3609 1745 pro~

2022 1756 2253 1825 pinquis,
2285 1757 2466 1812 omnia
2515 1759 2623 1813 illis
2670 1761 2915 1831 injungit.
2949 1761 3058 1816 Cur
3099 1762 3151 1817 id
3198 1764 3452 1820 tandem?
3480 1767 3610 1835 Quia

2022 1848 2272 1901 nimirum
2316 1864 2458 1920 aeger
2500 1850 2713 1921 quidem
2762 1868 2867 1907 non
2915 1853 3159 1923 protinus
3200 1855 3614 1911 admonitionem

2021 1937 2292 2004 admittit;
2322 1955 2483 1995 sanus
2513 1950 2689 1997 autem
2721 1957 2911 2013 magna
2941 1959 3061 1999 cum
3092 1945 3365 2017 diligentia
3404 1947 3469 2002 iis
3497 1964 3617 2018 qua:

2023 2027 2272 2083 dicuntur
2286 2029 2537 2085 attendit:
2557 2031 2755 2086 idcirco
2778 2043 2831 2087 et
2852 2049 2971 2088 cum
2990 2034 3108 2090 istis
3120 2035 3270 2091 vobis
3282 2038 3440 2092 etiam
3458 2038 3620 2093 collo-

2024 2123 2111 2191 qui
2127 2121 2309 2177 statui.
2334 2122 2778 2195 Prmoccupemus
2793 2127 3028 2182 crastino
3038 2127 3126 2183 die
3146 2139 3347 2198 portas,
3370 2129 3617 2186 obsidea-

2025 2228 2145 2268 mus
2164 2214 2297 2279 vias,
2325 2215 2422 2270 viri
2450 2215 2617 2283 viros,
2648 2216 2861 2272 feminae
2904 2217 3129 2274 feminas
3156 2219 3223 2275 de
3242 2220 3498 2290 jumentis
3522 2222 3621 2278 de-

2031 2304 2304 2362 trahamus
2328 2324 2343 2374 ;
2371 2307 2690 2365 reducamus
2720 2308 2843 2374 huc,
2874 2326 3047 2382 neque
3082 2313 3458 2371 erubescamus
3486 2334 3499 2370 :
3533 2316 3619 2370 ubi

2027 2395 2172 2451 salus
2202 2407 2283 2453 est
2311 2397 2512 2467 fratris,
2545 2400 2719 2470 pudor
2747 2417 2853 2457 non
2881 2410 2981 2458 est.
3015 2402 3071 2459 Si
3096 2404 3215 2459 illos
3240 2421 3345 2460 non
3371 2406 3533 2476 pudet
3555 2408 3620 2462 ad

2028 2488 2263 2559 iniquam
2296 2491 2440 2546 illam
2481 2507 2730 2563 pompam
2759 2495 2994 2563 prodire,
3025 2496 3192 2552 multo
3218 2498 3395 2553 minus
3424 2500 3624 2569 pudere

2028 2596 2128 2637 nos
2166 2581 2325 2637 debet
2352 2583 2470 2639 illos
2510 2585 2576 2639 ad
2621 2600 2826 2641 sacram
2867 2587 3021 2642 istam
3048 2589 3437 2647 solemnitatem
3466 2608 3624 2648 revo-

2029 2685 2176 2727 care.
2209 2672 2340 2728 Cum
2365 2674 2434 2730 de
2477 2675 2649 2731 salute
2698 2676 2878 2732 fratris
2919 2679 3111 2748 agitur,
3140 2680 3271 2736 nihil
3297 2697 3624 2740 recusemus.

2028 2762 2252 2830 Quando
2276 2765 2419 2819 enim
2444 2764 2686 2822 Christus
2709 2776 2928 2839 propter
2971 2786 3068 2825 nos
3096 2782 3341 2828 mortuus
3380 2784 3483 2840 est,
3530 2793 3628 2833 nos

2031 2864 2249 2924 propter
2298 2855 2419 2911 illos
2462 2866 2676 2927 oportet
2720 2868 2912 2915 cuncta
2959 2863 3189 2918 tolerare
3228 2864 3400 2920 :licet
3446 2868 3629 2937 alapas

2031 2944 2345 3017 impingunt,
2376 2947 2501 3003 licet
2544 2950 2836 3006 maledictis
2884 2952 3169 3017 incessunt,
3220 2956 3470 3021 retineto,
3519 2974 3621 3015 nec

2030 3039 2181 3106 prius
2206 3036 2464 3105 desistite,
2499 3055 2655 3110 quam
2680 3041 2747 3096 ad
2774 3054 3016 3099 sanctum
3042 3055 3326 3117 martyrem
3356 3064 3448 3103 eos
3471 3050 3630 3105 redu-

2032 3130 2212 3196 xeris;
2241 3131 2367 3186 licet
2390 3132 2454 3186 ad
2481 3137 2913 3203 praetereuntium
2942 3138 3199 3204 judicium
3229 3144 3622 3209 provocandum

2033 3221 2119 3284 sit,
2152 3221 2390 3290 audiant,
2417 3224 2508 3294 qui
2534 3225 2716 3281 volent
2750 3244 2762 3280 :
2794 3227 2900 3292 dic,
2925 3228 3142 3284 Salvum
3170 3229 3348 3287 facere
3377 3234 3499 3287 volo
3525 3233 3632 3289 fra-

2034 3321 2191 3383 trem,
2222 3324 2533 3384 pereuntcm
2582 3319 2813 3374 animam
2859 3335 3042 3388 cerno,
3094 3338 3268 3392 neque
3310 3326 3629 3395 cognatione

2029 3403 2245 3473 junctos
2272 3420 2485 3473 possum
2514 3416 2862 3464 contemnere
2892 3428 2905 3464 :
2939 3412 3297 3480 reprehendat
3323 3416 3413 3485 qui
3448 3417 3588 3472 volet
3612 3461 3626 3482 ,

2033 3506 2248 3553 accuset
2265 3500 2352 3569 qui
2381 3500 2545 3567 volet,
2568 3501 2677 3556 imo
2696 3518 2825 3557 vero
2845 3519 3006 3559 nemo
3028 3507 3413 3576 reprehendet;
3442 3525 3631 3565 omnes

2036 3589 2348 3659 laudabunt,
2380 3606 2568 3648 omnes
2607 3594 3016 3663 amplectentur.
3049 3597 3163 3651 Non
3193 3598 3336 3653 enim
3375 3602 3628 3669 pecunia-

2038 3697 2159 3736 rum
2183 3697 2361 3744 causa,
2407 3699 2507 3738 nec
2537 3695 2593 3739 ut
2617 3696 2838 3756 propter
2861 3686 3043 3742 odium
3087 3688 3349 3758 privatum
3381 3707 3467 3746 me
3497 3692 3630 3748 ulci-

2037 3787 2176 3836 scar,
2201 3787 2301 3828 nec
2316 3772 2384 3828 ob
2400 3773 2557 3827 aliam
2576 3789 2690 3830 rem
2711 3776 3012 3846 quampiam
3036 3780 3344 3835 sa-cnlarem
3367 3783 3633 3839 contendo

2036 3878 2343 3933 pugnoquc,
2374 3866 2466 3920 sed
2495 3867 2741 3921 fraternae
2770 3870 2955 3924 salutis
2995 3871 3161 3939 gratia
3194 3890 3206 3925 :
3239 3874 3355 3943 quis
3383 3874 3496 3929 haec
3528 3890 3630 3930 non

2040 3958 2395 4027 approbabit?
2421 3958 2540 4028 quis
2570 3975 2678 4013 non
2724 3960 2959 4016 laudabit
2983 3962 3006 4014 ?
3031 3962 3186 4017 Nulla
3228 3964 3404 4021 carnis
3433 3980 3632 4036 cogna-

2041 4049 2185 4104 tione
2224 4049 2437 4118 junctos
2486 4065 2583 4103 nos
2628 4052 3050 4121 propinquorum
3096 4056 3440 4123 amantiores,
3472 4073 3630 4127 quam

2041 4151 2240 4212 patres,
2286 4142 2532 4212 cognatio
2571 4143 2862 4212 spiritualis
2905 4144 3095 4201 effecit.
3142 4145 3197 4201 Si
3229 4148 3423 4215 velitis,
3473 4149 3633 4204 etiam

2043 4242 2329 4304 martyrem
2359 4234 2636 4289 nobiseum
2665 4252 2998 4291 assumamus
3028 4257 3039 4290 :
3071 4253 3177 4292 non
3203 4240 3344 4294 enim
3371 4243 3636 4296 erubescit

2042 4328 2225 4381 venire
2253 4327 2320 4381 ad
2349 4326 2574 4381 fratrum
2605 4328 2852 4385 salutem.
2887 4329 3208 4399 Oltjiciamus
3233 4347 3354 4386 eum
3400 4334 3637 4401 ipsorum

2043 4420 2211 4475 oculis
2229 4438 2240 4472 :
2260 4418 2611 4476 reformident
2631 4433 2969 4491 praesentem,
2996 4434 3341 4480 revercantur
3362 4436 3635 4495 regantem

2044 4519 2099 4566 et
2110 4513 2476 4566 obsecrantem
2496 4528 2628 4567 :non
2645 4515 2787 4568 enim
2808 4516 3074 4568 erubescit
3093 4516 3251 4569 etiam
3270 4530 3477 4584 rogare.
3503 4516 3634 4570 Nam

2045 4604 2089 4658 si
2118 4605 2372 4659 Dominus
2388 4605 2503 4674 ejus
2529 4617 2772 4660 naturam
2802 4619 3036 4661 nostram
3066 4615 3245 4676 rogat:
3278 4608 3380 4662 Pro
3406 4608 3632 4678 Christo,

1988 4738 1992 4745 .
2047 4696 2218 4767 inquit
2238 4697 2453 4761 Paulus,
2473 4699 2721 4765 legatione
2741 4700 2997 4769 fungimur
3022 4709 3277 4769 («inquam
3300 4702 3403 4754 Deo
3429 4714 3641 4772 rogante

2047 4807 2136 4861 per
2163 4789 2699 4856 uos,Reconciliamini
2728 4790 2832 4844 Deo
2851 4790 3251 4863 (2.Cor.5.20),
3282 4793 3640 4866 multomagis

2047 4898 2236 4938 servus
2262 4882 2362 4937 hoc
2388 4883 2545 4938 faciet
2571 4900 2588 4938 ι
2616 4900 2776 4938 unum
2802 4886 2971 4953 ipsum
2998 4884 3282 4938 contristat
3301 4889 3496 4948 solum,
3523 4902 3645 4956 per-

2046 4974 2179 5029 ditio
2215 4985 2432 5037 nostra;
2465 4991 2631 5029 unum
2659 4975 2940 5041 exhilarat,
2965 4976 3108 5029 salus
3127 4984 3331 5043 nostra,
3368 4986 3422 5032 et
3445 4978 3644 5033 idcirco

2048 5066 2184 5120 nihil
2211 5067 2328 5135 ejus
2370 5068 2538 5137 gratia
2579 5067 2852 5135 suscipere
2881 5075 3111 5121 recusat.
3142 5067 3326 5137 Neque
3356 5084 3452 5124 nos
3484 5070 3637 5137 igitur

2052 5157 2448 5219 erubescamus,
2499 5172 2674 5227 neque
2720 5173 3169 5227 supervncaneum
3214 5174 3335 5215 essr.
3363 5160 3643 5216 ducamus.

2048 5247 2103 5303 Si
2130 5249 2274 5303 enim
2303 5256 2581 5304 venatores
2606 5249 2720 5303 loca
2746 5260 3033 5319 praerupta,
3060 5260 3272 5305 montes
3292 5261 3345 5306 et
3370 5252 3643 5317 baratltra,

2048 5351 2101 5396 et
2129 5342 2269 5396 invia
2294 5357 2517 5412 quteque
2540 5342 2657 5398 loca
2679 5343 2996 5411 pervadunt,
3023 5360 3118 5399 seu
3143 5345 3402 5413 leporem,
3423 5353 3510 5396 aut
3544 5357 3633 5398 ca¢

2050 5447 2254 5501 pream,
2303 5442 2394 5487 aut
2431 5433 2571 5490 aliud
2620 5434 2891 5504 quidpiam
2931 5435 3213 5505 ejusmodi,
3261 5450 3357 5489 seu
3402 5434 3645 5490 volucres

2049 5524 2208 5580 etiam
2238 5526 2368 5580 istas
2394 5525 2705 5597 plerumque
2725 5528 3013 5598 sylvestres
3035 5526 3214 5581 venari
3236 5525 3403 5580 velint
3432 5543 3447 5584 :
3480 5539 3534 5581 tu
3553 5528 3644 5598 qui

2051 5630 2159 5671 non
2187 5614 2410 5670 bestiam
2440 5616 2624 5681 vilem,
2654 5617 2747 5671 sed
2782 5616 2996 5672 fratrem
3041 5615 3393 5685 spiritualem,
3428 5627 3646 5686 prepter

2053 5724 2214 5779 quem
2244 5719 2485 5764 mortuus
2508 5718 2591 5764 est
2610 5709 2853 5764 Christus
2880 5749 2894 5773 ,
2918 5723 2948 5761 a
2986 5707 3279 5776 perditione
3300 5716 3645 5762 revocaturus

2053 5819 2133 5868 es,
2158 5819 2262 5857 non
2281 5803 2389 5872 jam
2410 5812 2680 5859 montcset
2708 5801 2893 5868 saltus,
2917 5800 3010 5858 sed
3029 5810 3236 5872 portam
3256 5800 3429 5857 solum
3459 5802 3638 5872 egredi
