4088 6438
567 393 672 449 675

569 503 768 575 refugis
812 510 867 558 et
909 495 1217 556 erubescis?
1246 508 1402 565 quam
1428 489 1638 546 tandem
1667 501 1876 558 qucrso,
1908 482 2114 539 veniam
2136 523 2153 549 ,

569 594 882 652 obtinebis?
909 606 1013 646 non
1037 587 1187 644 audis
1213 587 1504 656 sapientem
1524 579 1804 652 quemdam
1827 585 2153 642 monentem,

570 703 633 742 ac
661 687 948 750 dicentem,
975 681 1068 734 Est
1086 679 1315 748 confusio
1336 673 1589 730 adducens
1609 679 1864 742 peccatum
1889 667 2078 737 (Eccti.
2098 666 2150 720 4.

567 777 704 849 25)?
733 775 836 832 Sed
861 789 927 828 ne
960 769 1314 842 reprehendat
1339 764 1597 836 quispiam
1617 803 1632 830 ,
1663 758 1863 815 times?
1905 754 2156 812 Transfer

567 871 621 924 in
647 883 730 922 me
747 866 976 934 culpam,
1001 865 1088 934 qui
1110 860 1248 926 dixi;
1271 859 1356 913 dic
1386 859 1454 911 ita
1480 855 1705 926 jussisse
1720 851 2025 908 doctorem:
2057 862 2155 917 ego

568 971 784 1032 paratus
804 973 921 1013 sum
941 972 1059 1011 eum
1085 955 1208 1019 illis,
1232 953 1318 1023 qui
1341 946 1760 1019 reprehendunt,
1779 943 2076 1011 disceptare
2095 954 2156 994 ac

570 1055 833 1111 rationem
863 1050 1089 1105 reddere
1119 1065 1132 1101 :
1166 1047 1271 1100 imo
1319 1057 1448 1097 vero
1475 1055 1646 1110 neque
1691 1051 1808 1102 vos,
1858 1049 2030 1103 neque
2058 1045 2157 1087 nos

568 1146 829 1216 quispiam
875 1136 1251 1209 reprehendet,
1298 1131 1509 1189 tametsi
1537 1128 1686 1183 valde
1727 1127 1796 1181 sit
1836 1123 2153 1194 impudens;

566 1213 661 1291 sed
688 1232 974 1290 laudabunt
1004 1243 1192 1284 omnes
1211 1267 1225 1292 ,
1254 1241 1316 1280 ac
1340 1239 1438 1278 nos
1465 1237 1608 1277 curae
1634 1218 1900 1287 studiique
1943 1213 2158 1269 nomine

566 1305 1032 1388 commendabunt,
1080 1335 1186 1374 non
1215 1318 1268 1372 in
1295 1315 1465 1387 patria
1506 1320 1711 1369 tantum
1744 1317 1949 1373 nostra,
1980 1305 2072 1361 sed
2105 1314 2159 1359 et

565 1423 600 1475 ii
630 1421 720 1491 qui
749 1419 952 1474 vicinas
978 1413 1218 1468 habitant
1248 1409 1428 1472 urbes,
1459 1403 1600 1476 quod
1625 1401 1765 1473 apud
1795 1415 1894 1456 nos
1919 1399 1988 1454 sit
2013 1406 2156 1452 tanta

564 1488 931 1575 vis‘caritalis,
962 1515 1140 1560 tantus
1164 1500 1323 1556 ardor
1347 1497 1547 1553 amoris
1576 1496 1626 1550 in
1656 1495 1867 1548 fratres.
1897 1490 2002 1546 Sed
2033 1488 2158 1560 quid

565 1617 666 1673 ego
699 1599 940 1654 homines
982 1595 1142 1650 dico?
1169 1593 1283 1662 ipse
1311 1589 1618 1660 angelorum
1642 1600 1742 1640 nos
1772 1581 2025 1638 Dominus
2050 1580 2152 1635 col-

563 1672 809 1748 laudabiL
860 1688 992 1744 Cum
1025 1687 1202 1755 itaque
1245 1682 1564 1753 propositam
1597 1676 1895 1733 mercedem
1934 1672 2149 1728 noveri—

565 1799 726 1849 mus,
777 1796 846 1836 ne
891 1777 1227 1834 venationem
1277 1773 1640 1842 negligamus,
1693 1783 1865 1838 neque
1915 1766 2015 1821 soli
2063 1764 2153 1818 die

564 1878 798 1934 crastino
826 1881 1178 1935 revertamur,
1207 1866 1301 1922 sed
1323 1864 1684 1933 unusquisque
1711 1859 1942 1932 praedam
1968 1873 2152 1913 secum

564 1969 769 2023 habens
798 1963 1062 2020 adveniat.
1115 1960 1170 2013 Si
1217 1959 1307 2012 illa
1356 1964 1557 2010 tantum
1604 1953 1732 2007 hora
1779 1950 2009 2016 veneris,
2056 1961 2158 2018 qua

563 2060 789 2131 quisque
831 2055 991 2111 domo
1029 2063 1272 2123 egressus
1299 2048 1351 2102 in
1391 2047 1527 2100 viam
1574 2058 1632 2100 se
1677 2041 1787 2108 dat,
1837 2053 2065 2109 eumque
2093 2035 2158 2091 ad

1330 382 1387 437 S.
1428 377 1702 435 JOANNIS
1737 369 2216 430 CllRYSOSTOMl
2255 367 2573 426 ARCHIEP.
2615 365 3140 424 CONS’I‘ANTINOP.

3741 363 3828 420 676

2270 483 2425 551 hujus
2452 481 2555 537 loci
2581 480 2934 535 visitationem
2962 477 3278 544 traduxeris,
3301 476 3451 532 nulla
3481 477 3728 548 deinceps
3747 482 3831 533 erit

2263 575 2583 640 difficultas;
2631 571 2728 628 sed
2779 580 2899 643 post
2943 571 3148 640 lapsum
3195 569 3454 640 temporis
3504 571 3716 624 multam
3760 569 3832 623 ille

2263 683 2475 739 quoque
2505 666 2598 722 tibi
2628 667 2851 737 gratiam
2901 663 3147 726 habebit,
3197 673 3252 718 et
3293 677 3392 717 vos
3436 662 3619 717 cmteri
3668 677 3831 716 omnes

2261 759 2553 814 laudabunt
2579 765 2634 813 et
2673 755 2896 812 etl‘erent
2925 771 2941 814 ξ
2974 755 3223 826 quodque
3265 753 3512 807 omnium
3568 754 3829 807 maximum

2261 860 2364 915 est,
2385 850 2549 904 multa
2567 848 2719 903 vobis
2744 848 2812 903 ob
2839 845 3020 900 isthaec
3049 845 3300 900 czelorum
3330 843 3597 898 Dominus
3619 843 3832 898 coaleret

2262 941 2499 1013 praemia,
2524 950 2577 996 et
2600 939 2805 994 lucrum
2836 937 2974 991 istud
3001 946 3052 992 et
3076 934 3284 989 laudem
3312 934 3553 1004 augebit.
3585 934 3829 1000 Qumstum

2261 1035 2422 1104 igitur
2449 1033 2626 1086 animo
2655 1037 2948 1096 versantes,
2994 1043 3151 1096 quem
3197 1025 3319 1080 inde
3363 1024 3704 1094 colligimus,
3729 1033 3832 1078 ante

2262 1124 2448 1178 urbem
2473 1136 2659 1176 omnes
2685 1119 2836 1174 effusi
2861 1117 3274 1186 comprehensos
3305 1117 3501 1170 fratres
3525 1125 3728 1170 nostros
3747 1115 3830 1169 huc

2262 1213 2597 1275 reducamus,
2629 1217 2685 1264 ut
2709 1209 2942 1265 crastino
2968 1207 3126 1261 etiam
3155 1207 3242 1261 die
3270 1205 3494 1276 plenum
3531 1205 3682 1260 nobis
3707 1203 3832 1258 thea-

2263 1315 2402 1360 trum
2449 1304 2719 1367 reddatur,
2770 1318 2834 1356 ac
2862 1308 3156 1356 conventus
3203 1300 3270 1352 sit
3298 1297 3574 1368 perfectus
3603 1313 3618 1359 ;
3645 1307 3698 1351 ut
3722 1311 3828 1367 pro-

2263 1411 2380 1470 pter
2425 1399 2526 1455 hoc
2568 1397 2798 1451 studium
2842 1403 3083 1449 nostrum
3125 1408 3188 1448 ac
3229 1394 3562 1463 diligentiam
3594 1393 3677 1448 hic
3699 1393 3828 1446 adbi-

2264 1493 2426 1548 bitam
2474 1492 2526 1545 in
2574 1499 2771 1544 aeterna
2818 1485 3159 1541 tabernacula
3203 1495 3421 1539 sanctus
3451 1494 3652 1554 martyr
3691 1485 3827 1538 multa

2265 1598 2384 1638 cum
2406 1581 2594 1636 fiducia
2614 1595 2710 1634 nos
2737 1579 2958 1650 recipiat
2983 1595 2997 1640 ;
3023 1592 3183 1648 quam
3208 1577 3410 1630 utinam
3431 1575 3682 1644 consequi
3703 1573 3828 1628 nobis

2263 1673 2510 1728 omnibus
2531 1672 2818 1740 contingat,
2852 1686 2947 1740 per
2991 1669 3212 1739 gratiam
3241 1675 3296 1721 et
3325 1665 3700 1735 benignitatem
3741 1664 3824 1718 ilo-

2265 1765 2391 1818 mini
2418 1763 2586 1818 nostri
2613 1761 2738 1816 Jesu
2779 1759 2999 1823 Christi,
3033 1771 3128 1828 per
3153 1773 3310 1827 quem
3343 1766 3399 1810 et
3429 1772 3552 1810 cum
3581 1771 3682 1826 quo
3709 1755 3826 1809 Patri

2267 1856 2454 1927 gloria,
2489 1870 2587 1908 una
2621 1867 2742 1908 cum
2788 1861 2973 1908 sancto
3013 1860 3069 1906 et
3118 1849 3325 1904 viviﬂco
3368 1849 3596 1920 Spiritu,
3641 1863 3764 1903 nunc
3785 1854 3826 1901 et

2267 1959 2504 2016 semper,
2527 1952 2582 2000 et
2608 1945 2660 2000 in
2688 1944 2880 2000 secula
2909 1941 3246 1998 saeculorum.
3273 1941 3468 1998 Amen.

597 2336 3795 2407 Μ

2004 2594 2422 2661 ADMONITIO

656 2867 725 2921 Ut
753 2873 909 2922 notat
931 2861 1135 2919 Fronto
1176 2855 1426 2927 Duceus,
1456 2859 1510 2913 in
1541 2853 1853 2926 Menologio
1881 2853 2197 2910 Graecorum
2236 2847 2473 2920 quodam
2505 2842 2884 2914 manuscripto
2908 2841 2976 2897 ad
3018 2841 3161 2896 diem
3189 2837 3255 2892 l6
3287 2833 3614 2892 Novembris
3636 2839 3819 2884 annun-

588 2984 754 3039 tiatur
785 2981 982 3039 festum
1016 2979 1075 3036 S.
1101 2977 1374 3034 Barlaami
1399 2974 1675 3048 martyris,
1710 2969 2173 3044 quemadmodum
2204 2974 2260 3023 et
2287 2965 2342 3021 in
2370 2961 2754 3036 Martyrologio
2783 2959 3056 3014 Romano.
3081 2955 3200 3012 Alia
3228 2967 3359 3010 vero
3389 2951 3694 3007 Graecorum
3726 2939 3820 2993 Me-

589 3101 806 3172 nologia
838 3100 943 3156 hoc
973 3097 1170 3154 festum
1207 3099 1273 3152 ad
1305 3095 1572 3151 decimam
1603 3106 1806 3148 nonam
1835 3086 2158 3146 Novembris
2181 3056 2446 3143 referunt.
2473 3082 2579 3138 Sed
2608 3082 2769 3151 longe
2789 3079 2897 3134 alia
2924 3082 3246 3148 tempestate
3267 3087 3330 3128 ea
3369 3065 3680 3128 solemuitas
3711 3067 3821 3112 tem-

584 3237 717 3294 pore
745 3218 1122 3292 Chrysostomi
1145 3215 1542 3273 celebrabatur.
1573 3211 1706 3267 Nam
1733 3212 1787 3268 in
1819 3209 2046 3267 homilia
2067 3210 2122 3264 in
2151 3207 2284 3264 illud
2307 3204 2555 3278 Apostoli
2587 3203 2818 3267 dictum,
2852 3198 2995 3254 Noto
3025 3214 3112 3253 vos
3139 3197 3408 3268 ignorare,
3445 3191 3676 3248 Fratres,
3707 3173 3818 3250 quod

589 3339 778 3394 Patres
817 3339 988 3394 nostri
1016 3354 1194 3393 omnes
1231 3335 1324 3392 sub
1358 3335 1492 3390 nube
1525 3334 1763 3402 fuerunt,
1797 3342 1928 3396 etc.,
1965 3346 2089 3402 quae
2117 3328 2344 3385 homilia
2369 3328 2457 3384 die
2497 3325 2697 3382 festum
2725 3323 2784 3378 S.
2824 3320 3096 3378 Barlaami
3131 3315 3282 3392 [681]
3314 3315 3637 3385 insequente
3665 3299 3818 3358 habita

586 3463 691 3521 est,
727 3465 785 3509 ut
809 3453 1007 3510 ibidem
1042 3453 1117 3508 ait
1142 3452 1589 3526 Chrysostomns,
1620 3451 1826 3506 diserte
1851 3449 1987 3504 dicit
2015 3447 2074 3504 S.
2127 3447 2316 3503 doctor
2342 3446 2592 3517 byemem
2628 3443 2741 3514 jam
2784 3439 3114 3512 praeteriisse
3140 3444 3500 3503 aestatemque
3525 3421 3816 3482 advenisse:

588 3570 830 3626 Liberati
859 3587 1061 3637 sumus,
1118 3570 1316 3641 inquit,
1352 3568 1553 3640 hyeme,
1592 3576 1642 3622 et
1681 3575 1868 3622 testate
1895 3564 2247 3635 perfruimur,
2303 3560 2493 3615 blande
2522 3559 2733 3632 amante
2775 3555 3021 3626 zephyro.
3056 3553 3189 3620 Quae
3216 3567 3340 3608 cum
3389 3550 3459 3606 ad
3495 3540 3816 3602 Novembrem

587 3703 830 3746 mensem
863 3690 1088 3746 minime
1140 3690 1411 3760 quadrare
1449 3688 1684 3753 valeant,
1740 3685 1868 3742 hinc
1898 3700 2030 3741 sane
2076 3683 2433 3755 consequitur
2463 3682 2620 3752 longe
2663 3676 2881 3733 diverso
2925 3674 3054 3730 anni
3089 3682 3334 3745 tempore
3363 3669 3685 3727 celebratum
3710 3664 3817 3712 tunc

1631 3930 3799 3979 ___________________________________...._.-

1024 4169 1573 4246 LAUDATIO
1631 4161 2016 4242 SANCTI
2070 4160 2660 4235 MARTYBIS
2709 4161 3242 4237 BARLAAM
3297 4147 3410 4237 (α).

2060 4344 2368 4406 m

2282 4504 2608 4557 consortium
2636 4504 2865 4560 Viderint
2894 4508 3220 4575 pervenisse.
3248 4495 3429 4576 Itaque
3454 4505 3496 4560 si
3522 4500 3633 4574 quis
3659 4499 3823 4560 marty-

2280 4609 2368 4649 res
2398 4596 2615 4652 laudare
2652 4599 2800 4661 velit,
2829 4608 3091 4670 martyres
3121 4599 3357 4654 imitetur
3387 4618 3399 4652 :
3431 4599 3474 4653 si
3503 4593 3616 4666 quis
3645 4582 3820 4652 religio-

2279 4688 2363 4742 nis
2389 4688 2620 4743 athletas
2637 4691 2912 4746 aelebrare
2934 4692 3213 4761 praeconiis
3242 4691 3387 4756 velit,
3419 4691 3618 4744 illorum
3647 4677 3820 4733 labores

2279 4780 2559 4834 temuletur
2591 4827 2602 4836 .
2637 4779 2739 4836 hoc
2770 4782 2937 4837 nihilo
2969 4783 3251 4846 minorem,
3283 4798 3440 4852 quam
3483 4771 3679 4848 propria
3703 4769 3818 4819 recte

2277 4868 2435 4936 facta,
2465 4873 2788 4944 martyribus
2814 4873 2999 4929 afferet
3039 4850 3387 4944 voluptatem.
3419 4873 3586 4940 Atque
3615 4871 3665 4917 ut
3689 4850 3816 4911 intel-

2277 4966 2410 5036 ligas
2437 4976 2560 5022 tunc
2589 4981 2683 5022 eos
2713 4966 2982 5037 pemcipue
3009 4981 3101 5022 sua
3119 4967 3257 5021 bona
3281 4967 3496 5028 sentire,
3524 4972 3636 5014 cum
3660 4953 3707 5006 in

2276 5073 2376 5113 nos
2422 5059 2650 5114 viderint
2695 5060 3002 5124 collocatos,
3052 5076 3271 5129 remque
3311 5059 3450 5113 illam
3491 5049 3704 5110 maximo
3736 5030 3812 5090 sibi

2278 5149 2468 5204 honori
2498 5149 2712 5215 ducere,
2743 5149 2960 5204 Paulum
2983 5150 3245 5205 dicentem
3273 5150 3393 5204 audi
3420 5168 3433 5203 :
3457 5145 3600 5200 Nunc
3619 5134 3810 5190 vivimus,

2276 5244 2318 5296 si
2345 5259 2430 5295 vos
2459 5243 2603 5296 statis
2629 5244 2679 5295 in
2706 5241 2920 5295 Domino
2953 5244 3024 5313 (l.
3046 5243 3222 5296 Thess.
3245 5243 3296 5296 5.
3318 5240 3393 5311 8).
3421 5240 3484 5294 Ει
3502 5246 3620 5288 vero
3638 5227 3812 5291 MoyseS

2275 5345 2401 5392 ante
2447 5337 2587 5390 hunc
2618 5338 2726 5391 Deo
2756 5335 2993 5400 dicebat,
3024 5335 3086 5390 Si
3123 5335 3320 5403 quidem
3345 5329 3547 5387 dimittis
3570 5323 3636 5378 eis
3662 5322 3811 5405 perca—

2277 5437 2405 5495 tum,
2439 5427 2633 5481 dimitte
2661 5443 2678 5482 :
2705 5428 2782 5481 sin
2826 5435 3013 5490 autem,
3047 5427 3156 5479 dele
3185 5442 3261 5478 me
3289 5425 3349 5478 de
3391 5422 3512 5477 libro
3549 5424 3678 5485 quem
3709 5412 3815 5454 sm"

2277 5521 2420 5593 Ρδίπῖ
2453 5519 2656 5593 (Εποάο
2699 5519 2786 5574 ’52-
2836 5519 2926 5573 51-
2972 5517 3063 5587 52)
3100 5535 3113 5571 :
3144 5518 3408 5571 cmlestem
3444 5513 3678 5567 honorem
3718 5499 3800 5545 ηοη

2275 5611 2448 5667 sentio
2495 5621 2712 5682 propter
2740 5611 2961 5666 istorum
3008 5609 3361 5664 calamitatem
3390 5625 3402 5661 :
3431 5594 3650 5672 corporis
3683 5593 3800 5682 {Wa}:

2275 5705 2394 5762 dam
2425 5705 2684 5760 connexio
2711 5712 2794 5760 est
2835 5712 2890 5758 et
2918 5711 3180 5758 structura
3223 5708 3392 5756 coetus
3421 5691 3636 5753 ﬁdelium
3663 5696 3673 5731 ε
3696 5663 3795 5738 αυίά

659 4516 713 4571 1.
748 4512 925 4569 Omnis
955 4519 1171 4582 potestas
1200 4508 1465 4580 impatiens
1490 4507 1732 4562 consortis
1769 4511 1859 4558 est.
1881 4531 1952 4544 —-
1979 4500 2056 4554 Ad
2083 4514 2167 4554 sa-

582 4621 727 4660 cram
759 4605 914 4658 istam
939 4602 1330 4658 solemnitatem
1363 4598 1663 4667 festumque
1691 4595 1879 4650 beatus
1919 4607 2016 4647 nos
2043 4591 2172 4645 Bar-

585 4702 720 4753 luam
763 4695 1106 4761 convocavit,
1160 4708 1267 4750 non
1311 4701 1369 4747 ut
1408 4692 1579 4761 ipsum
1625 4688 1921 4753 laudemus,
1974 4684 2068 4741 sed
2114 4693 2172 4739 ut

585 4792 755 4858 ipsum
795 4789 1140 4850 aemulemur;
1183 4800 1291 4840 non
1317 4793 1377 4838 ut
1421 4782 1634 4837 laudum
1671 4781 1839 4836 simus
1868 4778 2168 4843 auditores,

602 4880 678 4935 ‘ed
709 4888 766 4934 ut
794 4879 1170 4947 prazclarorum
1194 4876 1310 4946 ejus
1332 4874 1624 4929 facinorum
1650 4873 1836 4926 ﬁamus
1857 4870 2166 4924 imitatores.

591 4974 644 5027 lu
691 4971 1033 5027 saecularibus
1082 4969 1294 5040 quidem
1341 4966 1537 5032 rebus,
1582 4963 1672 5034 qui
1719 4962 1785 5017 ad
1833 4962 2172 5032 magistratus

587 5075 825 5118 summos
865 5057 1244 5131 provehuntur,
1278 5057 1418 5112 haud
1464 5055 1598 5110 alios
1635 5067 1884 5123 umquam
1931 5050 2167 5122 ejusdem

592 5153 810 5210 honoris
840 5150 1202 5221 prmrogativa:
1228 5155 1506 5203 consortes
1529 5146 1726 5203 vellent
1755 5158 1974 5200 cernere
1996 5160 2008 5196 :
2031 5142 2168 5196 livor

587 5250 726 5303 enim
757 5246 866 5301 illic
894 5252 948 5298 et
976 5241 1170 5296 invidia
1211 5241 1455 5296 dividunt
1495 5241 1766 5295 caritatem
1797 5254 1808 5289 :
1840 5239 1891 5292 in
1918 5235 2165 5307 spiritua-

587 5343 723 5396 iibus
752 5354 883 5395 vero
909 5352 1019 5392 non
1066 5335 1137 5389 ita
1159 5377 1172 5398 ,
1207 5333 1299 5389 sed
1342 5335 1667 5388 contrarium
1710 5330 1918 5400 penitus
1947 5325 2122 5382 evenit
2153 5344 2165 5379 :

583 5443 704 5486 tunc
742 5431 882 5485 enim
923 5427 1155 5483 maxime
1195 5425 1414 5480 honoris
1459 5424 1658 5494 proprii
1701 5437 1913 5476 sensum
1955 5419 2168 5488 capiunt

582 5531 864 5593 martyres.
891 5536 1013 5577 cum
1061 5534 1187 5575 suos
1223 5531 1518 5574 conservos
1559 5515 1625 5571 ad
1653 5516 1910 5570 bonorum
1949 5527 2166 5568 suorum

647 5718 722 5779 (α)
756 5716 926 5768 Collata
952 5733 1060 5769 cum
1086 5728 1190 5770 Mss.
1217 5711 1376 5782 Regiis
1416 5716 1551 5776 I959,
1579 5722 1629 5766 et
1649 5714 1788 5764 23w.
