4088 6476
337 452 447 512 675

342 571 503 644 μόνον
540 568 746 643 ἀναδύῃ
799 569 894 626 καὶ
940 569 1227 645 ἐρυθριᾷςς
1258 572 1352 627 καὶ
1385 572 1545 627 ποίαν
1589 570 1754 637 ἔξεις,
1788 569 1910 624 είπέ

342 670 452 724 μοι,
498 651 864 724 συγγνώμην;
920 655 1022 709 οὐκ
1054 656 1273 721 ἀκούεις
1313 654 1479 725 σοφοῦ
1520 671 1664 719 τινος
1711 670 1911 724 παραι-

340 733 559 798 νοῦντος
609 734 705 789 καὶ
736 736 1003 806 λέγοντος·
1043 739 1257 793 Ἔστιν
1291 740 1553 810 αἰσχύνη
1601 737 1912 807 ἐπάγουσα

338 820 664 892 dpaptla‘r;
693 821 857 875 Ἀλλά
889 822 1137 886 δέδοικας
1177 823 1250 895 μή
1305 840 1393 887 τις
1427 821 1732 894 ἐγκαλέσῃ;
1767 821 1913 874 Μετ-

339 907 512 973 άγαγε
537 903 633 975 τὴν
661 905 842 973 αίτίαν
865 906 952 957 ἐπ’
979 905 1079 975 ἐμὲ
1098 905 1187 960 τὸν
1209 906 1485 977 εἰρηκότα·
1522 906 1644 959 είπὲ
1671 905 1753 958 ὃτι
1782 905 1810 956 6
1834 903 1912 956 δι-

338 986 609 1049 δάσκαλος
647 986 823 1051 οὕτως
849 988 1158 1042 ἐκέλευσεν·
1196 989 1417 1060 ἕτοιμος
1457 987 1567 1058 ἐγὼ
1594 985 1910 1052 δικάζεσθαι

332 1072 450 1133 τοῖς
496 1068 791 1137 ἐγκαλοῦσι
825 1070 920 1126 καὶ
973 1076 1282 1143 παρασχεῖν
1319 1073 1569 1137 εὐθύνας·
1625 1071 1824 1143 μᾶλλον
1852 1070 1910 1123 δὲ

331 1152 460 1207 οὕτε
517 1154 666 1222 ὑμῖν,
717 1150 843 1206 οὔτε
895 1156 1029 1225 ἡμῖν
1081 1156 1370 1224 ἐγκαλέσει
1414 1174 1519 1222 τις,
1561 1155 1666 1209 κᾶν
1707 1154 1912 1225 σφόδρα

333 1238 690 1308 ἀναίσχυντος
715 1231 771 1310 ᾗ,
799 1236 916 1291 ἀλλ’
955 1239 1304 1304 ἀποδέξονται
1330 1240 1552 1304 πάντες,
1584 1239 1678 1293 καὶ
1702 1238 1912 1309 θαυμά-

336 1337 524 1373 σονται
559 1319 659 1388 τῆς
691 1321 1021 1390 κηδεμονίας
1052 1323 1220 1393 ἡμᾶς,
1252 1324 1373 1394 οὐχὶ
1413 1323 1462 1377 οἱ
1496 1325 1550 1377 ἐν
1595 1325 1662 1393 τῇ
1693 1319 1911 1391 πατρίδι

332 1404 399 1472 τῇ
432 1400 679 1472 ἡμετέρᾳ
725 1401 906 1472 μόνον,
939 1402 1076 1456 ἀλλὰ
1123 1406 1216 1458 καὶ
1244 1407 1293 1458 oi
1313 1405 1412 1469 τὰς
1447 1404 1693 1473 γείτονας
1727 1403 1912 1465 πόλεις

330 1484 630 1546 οἰκοῦντες,
663 1484 745 1536 ὅτι
773 1484 1010 1556 τοσαύτη
1045 1487 1173 1558 παρ’
1210 1490 1343 1558 ¹ἡμῖν
1372 1488 1594 1558 ἀγάπης
1636 1486 1909 1557 τυραννὶς,

328 1565 587 1629 τοσοῦτος
622 1565 1007 1638 φιλοστοργίας
1029 1568 1209 1639 ζῆλος.
1244 1569 1401 1624 Ἀλλά
1429 1571 1484 1624 τί
1515 1570 1656 1638 λέγω
1679 1570 1805 1633 τοὺς
1819 1571 1913 1623 ἀν-

333 1648 614 1718 θρώπους
659 1650 823 1714 αὐτὸς
866 1653 895 1704 6
936 1650 1048 1704 τῶν
1097 1653 1345 1723 ἀγγέλων
1393 1656 1542 1726 ἡμᾶς
1594 1651 1912 1717 ἀποδέξεται

333 1732 628 1803 Δεσπότης.
659 1733 877 1796 Είδότες
911 1729 1005 1788 οὖν
1038 1734 1132 1789 τὸν
1184 1736 1394 1808 μισθὸν,
1441 1736 1517 1808 μὴ
1565 1736 1910 1807 καταφρονή-

333 1831 517 1885 σωμεν
554 1816 655 1886 τῆς
685 1814 879 1887 θήρας,
923 1816 1058 1887 μηδὲ
1090 1818 1479 1889 ἐπανέλθωμεν
1508 1818 1660 1889 μόνοι
1694 1816 1902 1889 αὔριον,

330 1898 447 1952 ἀλλ’
467 1898 698 1962 ἕκαστος
723 1898 823 1969 τὴν
853 1898 1031 1969 ἄγραν
1064 1899 1203 1971 έχων
1239 1900 1358 1971 μεθ’
1392 1901 1587 1956 ἑαυτοῦ
1621 1900 1765 1956 οὕτω
1802 1916 1906 1954 πα-

334 1983 665 2053 ραγινέσθω.
698 1984 798 2037 Ἂν
824 1982 924 2053 τὴν
952 1981 1103 2054 ὥραν
1134 1984 1353 2056 ἐκείνην
1387 1984 1671 2057 παραγένῃ
1723 1985 1903 2056 μόνον,

335 2068 460 2124 καθ’
483 2069 550 2140 ἢν
577 2068 677 2140 τῆς
714 2066 891 2132 οἰκίας
937 2065 1097 2134 ἐξιὼν
1125 2068 1358 2125 ἅπτεται
1389 2068 1489 2140 τῆς
1511 2068 1651 2136 ὁδοῦ,
1684 2070 1779 2125 καὶ
1805 2087 1904 2142 με·

1397 450 1465 508 ΙΝ
1502 451 1564 509 S.
1601 450 2038 508 BARLAAMUM
2076 452 2485 509 MART-YREM.

2010 571 2290 644 ταστὴσῃς
2323 569 2486 625 αὑτὸν
2521 571 2659 641 πρὸς
2702 570 2802 643 τὴν
2848 570 3082 626 ἐνταῦθα
3129 569 3335 640 ἄφιξιν,
3365 571 3590 643 οὐδεμία

2010 650 2195 708 λοιπὸν
2220 653 2372 707 ἔσται
2396 652 2676 716 δυσκολία,
2703 654 2840 707 ἀλλά
2867 652 2960 707 τοῦ
2997 653 3191 725 καιροῦ
3228 653 3589 724 παρελθόντος

2010 734 2211 807 πολλὴν
2254 735 2461 789 εἴσεταί
2488 753 2571 789 σοι
2597 737 2850 801 κάκεῖνος
2897 738 2996 809 τὴν
3021 737 3203 808 χάριν,
3236 737 3331 789 καί¹
3362 737 3411 789 οί
3438 735 3589 791 ἄλλοι

2012 821 2216 886 πάντες
2245 820 2626 874 ἐπαινέσουσιν
2679 821 2845 892 ὑμᾶς,
2885 822 2979 874 καὶ
3030 820 3390 892 θαυμάσουσι·
3439 820 3532 873 καὶ
3559 820 3590 872 6

2012 903 2232 957 πάντων
2265 899 2451 974 μεῖζόν
2483 905 2655 968 ἐστιν,
2686 904 2714 956 ό
2738 902 2848 956 τῶν
2872 903 3120 975 οὐρανῶν
3150 902 3427 973 Δεσπότης
3459 902 3589 955 πολε

2010 987 2137 1053 λοὺς
2170 990 2298 1060 ὑμῖν
2360 988 2499 1059 ὑπὲρ
2552 987 2761 1041 τούτων
2804 988 3148 1059 παρασχήσει
3175 986 3303 1048 τοὺς
3339 985 3584 1057 μισθοὺς,

2011 1071 2106 1125 καὶ
2134 1071 2231 1138 τὴν
2256 1071 2527 1143 ἐμπορίαν
2546 1071 2753 1142 ταύτην
2779 1071 2875 1124 καὶ
2906 1072 2995 1124 τὸν
3024 1069 3244 1123 ἔπαινον
3275 1068 3582 1123 πλεονάσει.

2024 1154 2361 1219 Ἐννοοῦντες
2387 1155 2566 1209 τοίνυν
2589 1154 2649 1208 τὸ
2678 1153 2868 1226 κέρδος
2895 1153 2955 1207 τὸ
2974 1153 3183 1207 ἐκεῖθεν
3203 1154 3336 1224 ἡμῖν
3361 1167 3587 1225 προσγι-

2010 1236 2259 1307 νόμενον,
2304 1238 2411 1309 πρὸ
2448 1238 2549 1308 τῆς
2586 1237 2792 1301 πόλεως
2823 1236 3144 1307 ἐκχυθέντες
3186 1234 3449 1300 ἅπαντες,
3490 1233 3586 1287 καὶ

2012 1321 2366 1386 συλλαϐόντες
2395 1322 2519 1384 τοὺς
2545 1322 2846 1392 ἡμετέρους
2864 1320 3126 1390 ἀδελφοὺς
3142 1317 3584 1388 ἐπαναγάγωμεν

2010 1403 2267 1470 ἐνταῦθα,
2292 1404 2378 1458 ἵνα
2403 1404 2500 1457 καὶ
2536 1402 2879 1474 αὖριον·ἡμῖν
2908 1403 3118 1475 πλῆρες
3146 1403 3207 1456 τὸ
3237 1401 3462 1473 θέατρον
3490 1402 3586 1468 γέ-

2011 1504 2190 1558 νηται,
2210 1487 2304 1541 καὶ
2334 1486 2477 1541 οὕτω
2506 1485 2893 1557 ἀπηρτισμένη
2912 1487 2946 1556 ἡ
2982 1487 3309 1558 πανήγυρις·
3334 1484 3400 1538 ἵν’
3441 1482 3584 1553 ὑπὲρ

2010 1573 2109 1643 τῆς
2135 1569 2368 1625 ἐνταῦθα
2411 1569 2649 1641 σπουδῆς
2675 1570 2757 1633 είς
2785 1567 2888 1634 τὰς
2921 1569 3170 1634 αἰωνίους
3194 1569 3342 1642 ἡμᾶς
3365 1566 3582 1639 δέξηται

2013 1651 2216 1726 σκηνὰς
2248 1652 2277 1705 6
2299 1651 2453 1721 ἆγιος
2487 1652 2700 1724 μάρτυς
2734 1652 2871 1724 μετά
2905 1652 3219 1725 παρρησίας
3265 1650 3486 1720 πολλῆς·
3514 1643 3584 1722 ἧς

2010 1735 2221 1806 γένοιτο
2254 1735 2464 1799 πάντας
2507 1736 2657 1805 ἡμᾶς
2699 1737 2998 1807 ἐπιτυχεῖν,
3030 1735 3216 1807 χάριτι
3262 1734 3357 1787 καὶ
3395 1732 3585 1807 φιλανέ

2012 1805 2229 1891 θρωπίᾳ
2281 1817 2376 1871 τοῦ
2431 1818 2640 1888 Κυρίου
2694 1805 3068 1889 ἡμῶν-Ἰησοῦ
3111 1805 3372 1889 Χριστοῦ,
3406 1815 3474 1869 δι’
3521 1805 3583 1869 οὗ

1974 1916 1977 1919 ‘
2011 1902 2104 1958 καὶ
2137 1902 2255 1974 μεθ’
2281 1893 2342 1957 οὗ
2365 1902 2442 1974 τῷ
2464 1902 2641 1974 [Ιατρὶ⁵
2668 1902 2867 1974 ήδόξα,
2896 1902 3013 1973 ἅμα
3038 1901 3117 1974 τῷ
3148 1901 3287 1972 άγίῳ
3316 1902 3410 1955 καὶ
3445 1901 3584 1965 ζωο-

2012 1985 2151 2057 ποιῷ
2170 1984 2469 2057 Πνεύματι,
2492 1985 2587 2040 νῦν
2608 1986 2702 2039 καὶ
2729 1985 2836 2054 ἀεὶ,
2862 1986 2957 2040 καὶ
2989 1986 3069 2050 εἰς
3094 1984 3219 2051 τοὺς
3247 1984 3448 2049 αἰῶνας
3474 1982 3583 2038 τῶν

2013 2070 2248 2127 αἰώνων.
2285 2069 2477 2142 Ἀμήν.

328 2443 3552 2487 W

1098 2685 1198 2746 AD
1224 2683 1606 2746 HOMILIAM
1630 2684 1714 2746 IN
1751 2684 1816 2745 S.
1846 2682 2330 2745 BARLAAMUM
2364 2683 2818 2746 MARTYREM.

324 2929 502 2986 fuisse
575 2929 878 2987 Antiochiae
931 2928 992 2987 S.
1048 2929 1321 2986 Barlaami
1377 2928 1636 3002 martyris
1701 2927 1923 2991 festum.
1996 2928 2307 2986 Antiochiae
2373 2929 2488 2986 dixi
2546 2948 2560 2987 :
2620 2944 2747 2991 nam
2801 2944 2867 2988 ea
2929 2932 2984 2988 in
3040 2931 3178 2988 urbe
3228 2932 3426 2990 concio
3500 2930 3593 2986 illa

327 3046 516 3103 habita
543 3054 630 3103 est
665 3065 680 3103 :
708 3045 765 3102 in
789 3046 949 3118 cujus
971 3046 1139 3117 agris,
1164 3054 1227 3103 ut
1253 3046 1455 3103 ibidem
1484 3045 1707 3112 dicitur,
1736 3044 2041 3117 frequentia
2077 3053 2378 3117 martyrum
2410 3045 2657 3117 sepulcra
2679 3045 2985 3116 exstabant,
3009 3062 3120 3118 quo
3152 3047 3430 3105 conﬂuere
3455 3048 3595 3103 sole-

330 3166 466 3223 bant
507 3175 777 3238 quotquot
821 3181 887 3223 ex
942 3166 1157 3225 civibus
1206 3165 1525 3222 eorumdem
1574 3174 1878 3237 martyrum
1920 3165 2247 3222 memoriam
2304 3166 2567 3234 recolere,
2621 3168 2980 3240 ipsorumque
3021 3167 3261 3239 praesidii
3312 3174 3594 3224 consortes

328 3299 458 3341 esse
507 3284 763 3341 volebant
812 3303 826 3341 :
880 3285 1029 3356 quod
1090 3299 1225 3341 sane
1290 3282 1595 3349 Antiochiae
1650 3290 1962 3355 competere
2006 3296 2170 3338 nemo
2223 3282 2523 3355 negaverit.
2573 3281 2655 3337 Ad
2700 3283 2815 3339 haec
2880 3298 3008 3340 vero
3065 3283 3133 3339 ad
3193 3282 3399 3339 calcem
3441 3282 3591 3350 ejus-

330 3398 460 3455 dem
536 3416 702 3472 supra
771 3407 1086 3457 memoratae
1159 3399 1430 3466 homiliae,
1476 3399 1586 3454 τῶν
1648 3398 1911 3471 προέδρωγ

2011 3396 2260 3453 Ξιπάντων
2338 3411 2527 3467 preces
2587 3396 2829 3469 postulat
2902 3414 2918 3451 :
2988 3405 3045 3452 at
3116 3395 3594 3479 Constantinopoli

334 3514 599 3588 πρόεδρον
653 3516 864 3573 nullum
905 3516 1332 3590 Chrysostomus
1366 3523 1613 3584 noverat,
1644 3516 1761 3587 ipse
1784 3528 2074 3585 supremus
2095 3513 2342 3571 omnium
2383 3528 2608 3587 praeses.
2640 3513 2857 3570 Annum
2902 3528 3050 3580 vero,
3084 3529 3194 3585 quo
3222 3513 3367 3570 hanc
3405 3512 3598 3569 habuit

334 3628 641 3697 homiliam,
669 3643 738 3685 ne
768 3629 1086 3701 conjectura
1114 3629 1332 3701 quidem
1361 3628 1645 3701 assignare
1669 3642 1989 3700 possumus.

411 3738 792 3812 lnterpretatio
822 3740 1017 3799 Latina
1055 3754 1141 3800 est
1164 3741 1468 3801 Frontonis
1501 3741 1704 3799 Ducazi.

676 4254 1260 4348 ΕΓΚΩΜΙΟΝ
1331 4261 1504 4347 ΕΙΣ
1551 4263 1777 4348 TON
1841 4260 2181 4350 ΑΓΙΟΝ
2224 4261 2731 4355 ΜΑΡΤΥΡΑ
2773 4260 3287 4362 ΒΑΡΛΑΑΜ

405 4817 479 4866 α’.
508 4810 873 4897 Συνεκάλεσεν
898 4812 1044 4897 ἡμᾷς
1075 4813 1158 4880 είς
1184 4815 1284 4889 τὴν
1315 4817 1466 4889 ίεράν
1489 4819 1695 4892 ταύτην
1721 4821 1914 4897 ἑορτὴν

326 4897 431 4951 καὶ
464 4896 775 4968 πανήγυριν
801 4897 830 4950 6
871 4895 1141 4969 μακάριος
1178 4899 1461 4972 Βαρλαάμ,
1490 4902 1588 4975 οὐχ
1620 4905 1706 4960 ἵνα
1748 4895 1912 4961 αὖτδν

329 4979 736 5051 ἐπαινέσωμεν,
784 4980 1019 5038 ἀλλ’ἵνα
1069 4983 1233 5038 αὑτὸν
1268 4983 1623 5056 ζηλὼσωμεν·
1670 4991 1769 5062 οὐχ
1823 4990 1911 5045 ἵνα

328 5062 607 5132 ἀκροαταὶ
631 5063 918 5133 γενώμεθα
945 5065 1054 5119 τῶν
1079 5067 1391 5137 ἐγκωμίων,
1412 5068 1524 5122 ἀλλ’
1555 5070 1641 5125 ἵνα
1677 5075 1910 5143 μιμηταὶ

328 5143 626 5226 γενώμεθα
666 5145 776 5199 τῶν
803 5145 967 5200 αὑτοῦ
1015 5149 1473 5222 κατορθωμάτων.
1518 5153 1642 5208 Ἐπὶ
1674 5155 1773 5226 μὲν
1816 5151 1909 5211 οὖν

332 5225 449 5279 τῶν
487 5225 754 5296 βιωτικῶν
783 5230 1146 5302 πραγμάτων,
1198 5234 1297 5287 οὐκ
1336 5234 1401 5289 ἂν
1437 5233 1641 5290 ἒλοιντό
1675 5225 1805 5293 ποτε
1860 5242 1909 5293 οἱ

330 5305 476 5374 πρὸς
497 5310 598 5373 τὰς
627 5311 869 5382 μεγάλας
889 5314 1270 5380 ἀναϐαίνοντες
1292 5317 1466 5391 ἀρχὰς
1485 5318 1703 5389 ἑτέρους
1728 5337 1913 5375 κοινω-

329 5392 460 5454 νοὺς
484 5392 586 5461 τῆς
618 5393 790 5465 αὐτῆς
820 5397 1114 5469 προεδρίας
1148 5397 1295 5451 ἰδεῖν·
1328 5398 1521 5468 φθόνος
1543 5399 1652 5473 γὰρ
1680 5402 1798 5455 ἐκεῖ
1816 5405 1910 5458 καὶ

327 5474 608 5532 βασκανία
636 5475 991 5532 διακόπτουσι
1012 5479 1111 5546 τὴν
1134 5481 1374 5551 ἀγάπην·
1402 5482 1494 5535 ἐπὶ
1521 5483 1579 5536 δὲ
1607 5483 1716 5539 τῶν
1742 5502 1900 5539 πνευο

328 5557 583 5640 ματικῶν
607 5558 707 5631 οὐχ
732 5558 924 5627 οὕτως,
961 5562 1099 5617 ἀλλὰ
1132 5563 1443 5619 τούναντίον
1467 5565 1632 5621 ἅπαν·
1652 5567 1774 5621 τότε
1799 5568 1909 5640 γάρ

330 5638 572 5720 μάλιστα
613 5641 718 5712 τῆς
743 5643 951 5708 οἰκείας
977 5644 1145 5717 τιμῆς
1169 5644 1420 5718 αἴσθησιν
1458 5647 1832 5720 λαμϐάνουσιν
1858 5638 1908 5706 οἱ

330 5718 639 5808 μάρτυρες,
665 5725 811 5808 γόταν
856 5726 983 5791 τοὺς
1036 5728 1348 5794 συνδούλους
1377 5731 1501 5796 τοὺς
1532 5718 1741 5787 ἐαυτῶν
1770 5734 1907 5808 πρὸς

318 5798 429 5873 (τὴν
470 5804 578 5858 τῶν
608 5807 750 5861 ίδίων
776 5807 996 5876 ἀγαθῶν
1044 5813 1326 5867 κοινωνίαν
1357 5813 1669 5883 φθάσαντας
1699 5798 1901 5871 ἴδωσινξ

331 5886 498 5940 Ὥστε
535 5891 594 5947 el
621 5906 703 5955 τις
732 5889 979 5960 βούλεται
1008 5894 1249 5951 ἐπαινεῖν
1288 5896 1595 5970 μάρτυρας,
1631 5899 1906 5970 μιμείσθω

326 5970 632 6043 μάρτυρας
657 5972 713 6027 εί
734 5990 818 6039 τις
846 5973 1089 6044 βούλεται
1113 5979 1482 6052 ἐγκωμιάζειν
1512 5982 1637 6046 τοὺς
1662 5980 1901 6056 ἀθλητάς

2017 4827 2119 4898 τῆς
2133 4825 2436 4892 εὐσεϐείας,
2455 4826 2700 4899 ζηλούτω
2731 4827 2821 4883 τὸν
2843 4826 3069 4882 ἐκείνων
3096 4828 3278 4883 πόνον·
3300 4829 3460 4885 τοῦτο
3481 4832 3595 4898 τοῖς

2020 4912 2285 4983 μάρτυσιν
2305 4911 2405 4966 οὐκ
2420 4910 2627 4966 ἐλάττω
2653 4910 2762 4966 τῶν
2790 4912 3008 4967 οίκείων
3043 4912 3488 4985 κατορθωμάτων
3514 4918 3594 4970 οἴ-

2018 5011 2101 5048 σει
2130 4994 2226 5065 τὴν
2264 4993 2477 5066 ἡδονήν.
2517 4994 2630 5049 Καὶ
2660 4994 2748 5050 ἵνα
2781 4994 2959 5068 μάθῃς
2979 4995 3062 5049 ὅτι
3086 4995 3206 5050 τότε
3252 4997 3486 5068 μάλιστα
3505 5002 3593 5053 αξ-

2018 5077 2302 5132 σθάνονται
2323 5076 2433 5131 τῶν
2481 5077 2696 5132 οἰκείων
2727 5078 2969 5148 ἀγαθῶν,
3005 5079 3134 5134 ὅταν
3161 5081 3308 5151 ἡμᾶς
3332 5082 3516 5138 ῐδωσιν
3535 5084 3595 5137 ἐν

2013 5159 2283 5233 ἀσφαλείᾳ
2332 5160 2509 5226 ὄντας,
2560 5162 2654 5215 καὶ
2705 5162 2969 5234 μεγίστην
3024 5163 3192 5234 τιμὴν
3250 5165 3312 5219 τὸ
3362 5167 3594 5237 πρᾶγμα

2013 5243 2289 5312 ἡγοῦνται,
2325 5242 2554 5299 ἄκουσον
2578 5243 2674 5299 τοῦ
2707 5244 2918 5298 Παύλου
2938 5245 3205 5315 λέγοντος·
3233 5246 3366 5302 Νῦν
3387 5246 3593 5316 ζῶμεν,

2011 5324 2121 5381 ἐὰν
2166 5325 2334 5396 ὑμεῖς
2386 5326 2650 5396 στήκητε
2679 5328 2750 5382 ἐν
2778 5328 2989 5397 Κυρίῳ.
3030 5328 3141 5383 Καὶ
3178 5331 3207 5383 6
3252 5329 3493 5399 Μωῦσῆς
3536 5330 3596 5384 δὲ

2017 5410 2122 5481 πρὸ
2142 5409 2333 5464 τούτου
2357 5410 2493 5482 πρὸς
2515 5411 2605 5463 τὸν
2631 5411 2763 5466 Θεὸν
2788 5412 2995 5482 ἔλεγεν·
3017 5415 3087 5468 El
3111 5412 3228 5483 μὲν
3273 5411 3438 5482 ἀφῇς
3481 5415 3590 5481 αὺ-

2016 5492 2140 5556 τοῖς
2176 5492 2290 5561 τὴν
2321 5494 2630 5564 ἁμαρτίαν,
2670 5495 2837 5566 ἄφες·
2860 5499 2912 5551 εί
2949 5496 3141 5567 δὲμὴ,
3178 5496 3331 5566 κάμὲ
3360 5496 3593 5562 ἐξάλει-

2016 5577 2139 5643 uror
2151 5576 2220 5629 ἐκ
2247 5574 2357 5645 τῆς
2373 5578 2593 5642 βίϐλου
2622 5573 2697 5649 ἧς
2721 5579 3007 5649 ἕῃοαψας·
3032 5580 3132 5633 οὐκ
3152 5577 3595 5653 αἰσθάνομαιτῇς

2016 5660 2128 5713 ἀνω
2164 5659 2334 5732 τιμῆς
2355 5660 2445 5714 διὰ
2472 5662 2572 5733 τὴν
2597 5662 2804 5717 τούτων
2833 5662 3202 5735 δυσπραγίαν,
3227 5663 3386 5735 φησί·
3407 5664 3593 5738 σώμα-

2015 5759 2109 5806 τος
2135 5743 2243 5815 γάρ
2270 5744 2417 5797 ἐστιν
2457 5746 2750 5800 ἀκολουθία
2792 5746 2903 5799 τῶν
2953 5744 3161 5801 πιστῶν
3192 5746 3255 5801 τὸ
3292 5747 3590 5820 πλήρωμα·

2007 5824 2060 5876 τί
2093 5826 2273 5878 τοίνυν
2315 5826 2508 5895 ὄφελος
2552 5828 2652 5899 τὴν
2707 5828 2951 5902 κεφαλὴν
3005 5828 3426 5900 στεφανοῦσθαι,
3478 5829 3589 5886 τῶν

2010 5907 2187 5964 ποδῶν
2218 5908 2591 5980 κολαζομένων
2615 5928 2628 5979 ;
