4088 6458
333 411 436 468 67⁵1

332 539 461 592 ergo
493 529 653 591 caput
680 518 923 574 coronari
955 517 1192 589 prodest,
1225 516 1348 572 dum
1381 517 1543 586 pedes
1570 515 1924 586 torquentur?

413 613 665 683 Martyres
691 629 788 678 quo
820 622 965 681 pacto
988 610 1247 673 imitandi.
1274 641 1345 650 —
1374 610 1440 664 Et
1463 610 1551 680 qui
1581 610 1696 664 fieri
1726 616 1924 678 potest,

331 707 477 759 dicet
504 705 716 776 aliquis,
751 713 805 759 ut
836 714 1097 776 martyres
1122 703 1423 757 imitemur?
1446 718 1548 757 non
1580 702 1721 757 enim
1744 717 1928 772 perse»

335 798 609 866 quutionis
634 805 718 853 est
745 807 967 866 tempus.
1009 795 1267 867 Equidem
1296 796 1349 851 id
1370 796 1529 851 etiam
1555 795 1667 850 seio
1700 811 1713 848 :
1742 807 1922 863 perse-

336 887 612 955 quutionis
632 887 845 956 quidem
869 895 1076 955 tempus
1102 894 1328 953 nonest,
1349 895 1404 940 at
1422 885 1662 955 martyrii
1684 892 1766 939 est
1787 891 1927 938 tem-

341 994 441 1047 pus
471 995 483 1029 :
517 977 776 1032 lucturum
804 977 1065 1048 ejusmodi
1095 988 1301 1047 tempus
1328 992 1437 1032 non
1461 984 1563 1041 est,
1607 985 1661 1030 at
1698 989 1927 1030 corona-

338 1086 456 1124 rum
488 1080 570 1126 est
601 1078 809 1139 tempus
838 1087 850 1122 :
882 1085 986 1124 non
1016 1078 1407 1138 persequuntur
1432 1068 1696 1133 homines,
1729 1076 1782 1119 at
1807 1082 1928 1136 per-

337 1170 637 1232 sequuntur
661 1161 932 1216 dazmones
973 1179 989 1217 :
1031 1177 1135 1216 non
1165 1171 1321 1216 vexat
1347 1169 1603 1232 tyrannus
1624 1201 1639 1226 ,
1684 1167 1739 1215 at
1767 1166 1929 1213 vexat

340 1252 587 1307 diabolus
615 1260 959 1324 tyrannorum
982 1253 1216 1307 omnium
1245 1253 1610 1313 saevissimus;
1642 1267 1747 1306 non
1782 1252 1930 1320 obje-

340 1354 457 1398 ctas
494 1360 691 1413 prunas
718 1344 1017 1413 conspicis,
1048 1353 1103 1401 at
1131 1344 1434 1414 cupiditatis
1469 1344 1735 1414 conspicis
1771 1342 1928 1397 ﬂam-

341 1451 483 1490 mam
506 1448 786 1491 accensam
818 1452 832 1489 :
863 1436 936 1489 illi
970 1451 1169 1505 prunas
1198 1436 1490 1501 calcarunt,
1521 1443 1578 1489 tu
1607 1443 1809 1488 naturae
1835 1449 1930 1504 py-

343 1545 457 1583 ram
480 1529 625 1581 calca
661 1545 672 1578 :
699 1527 775 1581 illi
806 1543 925 1581 cum
956 1526 1139 1581 bestiis
1166 1533 1484 1597 pugnarunt,
1517 1535 1570 1580 tu
1602 1525 1732 1579 iram
1757 1525 1929 1579 immi-

345 1631 451 1675 tem
483 1630 536 1674 el
558 1618 869 1673 indomitam
901 1617 1135 1673 belluam
1163 1617 1307 1671 frena
1338 1634 1351 1669 :
1390 1617 1466 1670 illi
1497 1615 1753 1671 adversus
1792 1615 1931 1669 into-

342 1709 593 1764 lerabiles
640 1709 856 1763 dolores
896 1718 1190 1773 steterunt,
1235 1717 1289 1762 tu
1339 1708 1597 1763 absurdas
1638 1722 1930 1776 pravasque

306 1801 692 1870 .cogitationes
713 1841 727 1864 ,
758 1815 877 1869 qua:
907 1800 959 1853 in
997 1799 1159 1853 corde
1200 1808 1289 1853 tuo
1328 1798 1606 1868 pullulant,
1628 1799 1782 1853 vince
1812 1815 1825 1852 :
1857 1799 1930 1853 ita

341 1900 609 1961 martyres
635 1889 934 1945 imitabere.
961 1889 1115 1944 Nunc
1141 1891 1271 1944 enim
1296 1889 1436 1943 nobis
1465 1897 1659 1943 nonest
1685 1889 1930 1943 collucta-

344 1984 416 2036 tio
442 1981 681 2036 adversus
709 1999 909 2036 carnem
933 1991 977 2037 et
999 1984 1293 2053 sanguinem
1314 1999 1334 2048 ;
1359 1981 1447 2036 sed
1475 1982 1712 2037 adversus
1738 1982 1930 2051 princi-

346 2090 454 2143 pes,
484 2072 722 2127 adversus
769 2083 1056 2144 potestates,
1087 2074 1326 2128 adversus
1354 2073 1529 2127 mundi
1551 2083 1764 2128 rectores
1793 2082 1932 2127 tene-

346 2166 551 2220 brarum
577 2165 778 2234 harum,
809 2177 984 2221 contra
1026 2167 1311 2238 spiritualia
1343 2167 1578 2236 nequitiis
1618 2164 1638 2237 (
1656 2166 1844 2236 Ephes.
1876 2165 1929 2220 6.

348 2256 462 2328 η).
494 2257 633 2326 Ignis
660 2266 741 2312 est
769 2257 1030 2326 cupiditas
1056 2266 1260 2312 naturae
1280 2300 1293 2321 ,
1324 2257 1460 2328 ignis
1487 2257 1838 2312 inexstinctus
1871 2271 1934 2312 ac

349 2347 599 2418 perennis
620 2389 635 2415 ,
679 2349 827 2403 canis
852 2359 934 2404 est
960 2349 1177 2404 rabidus
1204 2356 1258 2403 et
1296 2349 1549 2404 insanus:
1581 2348 1706 2404 licet
1741 2347 1934 2403 millies

347 2452 470 2492 eum
524 2439 806 2509 propellas,
860 2440 1054 2496 millies
1096 2441 1349 2510 impetum
1379 2440 1521 2507 facit,
1560 2455 1659 2495 nec
1683 2440 1930 2496 absistit:

350 2543 490 2582 smva
521 2529 735 2599 quidem
779 2544 1066 2597 prunarum
1108 2540 1189 2585 est
1210 2529 1445 2597 ﬂamma,
1480 2546 1664 2585 verum
1691 2529 1805 2587 haec
1840 2547 1933 2587 ve-

348 2619 650 2674 hementior
671 2630 754 2675 est
774 2620 987 2675 ﬂamma
1008 2622 1311 2692 cupiditatis
1337 2639 1350 2675 :
1382 2638 1668 2693 numquam
1698 2622 1937 2679 inducias

347 2713 475 2769 belli
499 2713 655 2783 hujus
679 2713 1002 2782 obtinemus,
1035 2729 1323 2785 numquam
1354 2730 1545 2787 pugna:
1582 2716 1938 2772 cessationem

350 2805 652 2859 obtinemus
678 2803 803 2859 dum
832 2805 883 2859 in
915 2804 1016 2861 hac
1036 2805 1140 2860 vita
1170 2820 1466 2872 versamur,
1499 2805 1592 2861 sed
1623 2816 1940 2876 perpetuum

352 2903 438 2949 est
473 2904 743 2951 certamen
766 2937 780 2962 ,
808 2905 867 2951 ut
889 2905 944 2952 et
971 2896 1246 2967 splendida
1287 2896 1377 2951 ﬁat
1405 2912 1621 2952 corona.
1652 2897 1941 2967 Propterea

353 2986 549 3041 Paulus
576 3001 674 3042 nos
695 3001 907 3057 semper
934 2997 1126 3056 armat,
1155 2989 1278 3058 quia
1303 2987 1428 3044 belli
1449 2998 1531 3043 est
1560 2997 1789 3059 tempus,
1818 2988 1941 3060 quia

353 3080 538 3151 vigilat
565 3095 778 3151 semper
825 3080 1016 3136 hostis.
1058 3080 1223 3136 Visne
1265 3081 1559 3152 intelligere
1597 3080 1940 3152 cupiditatem

356 3186 464 3225 non
496 3172 671 3226 minus
695 3186 853 3243 quam
894 3172 1069 3242 ignem
1100 3172 1294 3227 urere?
1323 3172 1463 3226 Audi
1501 3172 1842 3228 Salomonem
1863 3172 1945 3227 di-

354 3272 587 3331 centem,
613 3262 894 3318 Ambulabit
910 3266 1021 3334 quis
1047 3279 1198 3335 super
1225 3282 1417 3335 prunas
1440 3265 1589 3336 ignis,
1610 3273 1656 3317 et
1672 3266 1823 3336 pedes
1843 3280 1943 3318 non

355 3353 649 3408 comburet?
687 3354 759 3408 sic
785 3355 873 3425 qui
900 3355 1054 3408 intrat
1093 3354 1162 3408 ad
1191 3353 1448 3407 mulierem
1477 3354 1695 3423 proximi
1736 3355 1818 3409 sui
1838 3396 1851 3420 ,
1899 3364 1946 3411 et

356 3443 447 3512 qui
471 3443 630 3515 tangit
654 3460 801 3512 eam,
850 3461 951 3498 non
979 3444 1071 3498 erit
1108 3444 1342 3498 innoxius
1386 3442 1578 3513 (Prov.
1611 3443 1664 3499 6.
1691 3445 1781 3500 28.
1813 3444 1942 3516 ‘29).

362 3534 523 3591 Vides
549 3543 606 3589 ut
633 3543 821 3589 natura
851 3535 1154 3605 cupiditatis
1185 3544 1426 3590 naturam
1467 3536 1602 3606 ignis
1627 3536 1947 3593 aemuletur?

358 3626 509 3681 Sicut
532 3626 673 3681 enim
700 3626 816 3683 ﬁeri
846 3629 1049 3699 nequit,
1075 3629 1242 3699 utqui
1270 3628 1438 3699 tangit
1465 3629 1663 3699 ignem,
1687 3644 1793 3684 non
1823 3645 1947 3684 ura-

361 3726 490 3771 tur:
525 3716 598 3769 ita
623 3715 981 3772 formosorum
1018 3718 1261 3772 vultuum
1286 3728 1537 3788 aspectus
1564 3718 1685 3789 igne
1724 3719 1951 3776 celerius

364 3808 563 3863 lascive
598 3808 891 3864 intuentem
918 3809 1149 3863 animam
1190 3809 1441 3880 corripit;
1470 3818 1525 3866 et
1554 3810 1698 3865 velut
1722 3824 1951 3867 accensu

363 3897 535 3954 facilis
568 3899 809 3969 quaedam
840 3900 1121 3967 materies,
1154 3899 1225 3954 ita
1251 3914 1476 3970 corpora
1513 3902 1752 3971 speciosa
1793 3902 1952 3958 lasci-

367 4005 558 4044 vorum
580 3990 746 4045 oculis
767 3998 890 4046 sunt
918 3991 1147 4061 objecta.
1178 3991 1536 4060 Quamobrem
1557 3999 1835 4063 aspectum
1858 4007 1955 4048 ex-

366 4083 619 4138 teriorem
663 4083 965 4153 cupiditatis
1011 4084 1117 4154 igni
1151 4099 1254 4138 non
1295 4091 1507 4153 oportet
1545 4084 1599 4138 in
1643 4084 1955 4139 alimentum

365 4173 583 4242 oﬂ‘errc,
607 4174 700 4229 sed
728 4174 874 4229 omni
896 4190 959 4229 ex
980 4183 1133 4245 parte
1153 4175 1406 4230 cohibere
1429 4174 1600 4239 illum,
1624 4174 1960 4245 cogitationi-

365 4267 469 4329 bus
497 4267 598 4336 piis
627 4267 1004 4337 exstinguere,
1048 4276 1208 4337 atque
1242 4266 1465 4322 ulterius
1491 4275 1823 4337 grassantem
1864 4269 1959 4322 de-

366 4358 734 4429 ﬂagrationem
761 4357 1054 4425 refrenare,
1085 4373 1186 4414 nec
1216 4359 1378 4413 animi
1410 4360 1575 4414 nostri
1605 4362 1957 4416 constantiam

369 4449 549 4503 sinere
575 4449 928 4518 supplantat-i.
961 4448 1101 4505 Sane
1125 4448 1341 4519 quidem
1362 4449 1603 4520 voluptas
1630 4451 1824 4519 omnis,
1852 4468 1960 4523 quo

371 4549 616 4609 tempore
654 4540 1081 4609 perturbationes
1102 4541 1488 4612 praavaluerint
1507 4583 1522 4608 ,
1548 4542 1688 4598 solet
1724 4544 1961 4599 animum

371 4631 497 4700 igne
540 4630 912 4687 vehementius
939 4631 1291 4700 inﬂammare,
1324 4632 1428 4688 nisi
1456 4634 1576 4704 quis
1603 4633 1811 4690 fortiter
1838 4651 1959 4691 cum

370 4721 654 4778 tolerantia
697 4722 906 4792 fideque
948 4723 1209 4779 adversus
1257 4724 1493 4795 singulas
1538 4727 1965 4794 perturbationes

371 4813 617 4868 decertet
645 4830 658 4866 :
690 4828 797 4883 quo
831 4823 989 4883 pacto
1028 4814 1217 4870 beatus
1253 4826 1414 4886 atque
1438 4831 1732 4887 generosus
1760 4819 1965 4875 athleta

373 4905 575 4960 Christi
610 4904 855 4959 Barlaam
894 4905 1018 4961 fecit
1038 4946 1054 4973 ,
1085 4906 1214 4962 dum
1243 4922 1433 4962 manus
1471 4909 1638 4979 ipsius
1668 4918 1959 4981 torquetur,

373 4999 635 5068 integram
655 4997 706 5052 in
733 4997 951 5054 dextera
973 5015 1156 5071 pyram
1177 5010 1411 5071 gestans,
1437 5015 1535 5057 nec
1550 5000 1721 5057 dolori
1746 5002 1963 5068 cedens,

373 5088 472 5142 sed
501 5090 570 5143 ita
598 5088 851 5156 affectus,
888 5099 945 5145 ut
974 5091 1149 5145 minus
1179 5106 1336 5162 quam
1365 5099 1538 5147 statua
1564 5091 1838 5148 doloribus
1862 5094 1964 5148 ob-

373 5181 570 5237 noxius
597 5190 760 5237 esset.
784 5181 896 5237 lmo
921 5196 1049 5238 vero
1075 5183 1289 5239 dolebat
1313 5183 1403 5239 ille
1433 5183 1646 5254 quidem
1666 5227 1681 5250 ,
1706 5199 1769 5239 ac
1802 5186 1969 5255 patie-

375 5277 568 5340 batur;
591 5288 786 5343 corpus
811 5273 952 5330 enim
982 5282 1128 5342 erat,
1153 5274 1296 5346 quod
1334 5275 1675 5345 subjacebat,
1723 5290 1828 5331 non
1861 5276 1971 5332 fer-

376 5381 496 5422 rum
531 5383 543 5419 :
578 5365 671 5421 sed
697 5366 885 5422 dolens
913 5381 976 5422 ac
1003 5367 1211 5437 patiens
1236 5367 1671 5437 incorporearum
1710 5367 1968 5423 virtutum

377 5459 432 5512 in
465 5457 675 5513 mortali
697 5472 923 5526 corpore
950 5458 1343 5528 philosophiam
1373 5474 1480 5527 pra:
1506 5474 1565 5514 se
1588 5458 1811 5524 ferebat,

452 5548 509 5601 2.
552 5548 914 5604 Narrationem
937 5550 1001 5604 de
1024 5550 1269 5621 martyrio
1296 5547 1539 5603 Barlaam
1568 5550 1780 5604 orditur.
1791 5550 1971 5607 -νο-

382 5641 781 5696 rumenimvero
808 5641 1121 5712 martyrium
1148 5641 1263 5711 ejus
1288 5640 1446 5695 altius
1463 5655 1689 5696 exorsus
1717 5644 1966 5709 narrabo,

385 5746 446 5791 ut
473 5734 809 5790 manifestior
836 5735 928 5789 ttat
954 5734 1176 5788 historia
1201 5749 1214 5786 :
1252 5743 1305 5788 tu
1332 5747 1461 5788 vero
1488 5731 1745 5788 malitiam
1776 5733 1973 5790 diaboli

380 5827 679 5884 considera.
703 5825 971 5895 Quosdam
1015 5826 1228 5896 quidem
1254 5835 1560 5882 sanctorum
1590 5826 1643 5881 in
1670 5827 1971 5899 sartagines

1369 400 1436 458 lN
1476 400 1532 457 S.
1577 397 2003 457 BARLAAMUM
2042 396 2453 456 MARTYREM.

3465 404 3565 461 (ΠΒ

2033 511 2276 582 impulit,
2303 513 2560 584 quosdam
2590 521 2767 572 autem
2800 516 2851 569 in
2884 515 3086 572 lebetes
3116 517 3335 577 immisit
3374 519 3495 591 igne
3524 537 3615 573 ve-

2031 604 2335 660 hementius
2370 605 2687 671 bullientes;
2718 615 2772 663 et
2799 607 2987 663 horum
3014 609 3227 681 quidem
3256 611 3419 666 latera
3448 611 3612 666 lania-

2032 697 2128 764 vit,
2159 698 2276 752 illos
2299 707 2475 754 autem
2503 699 2557 755 in
2591 715 2739 756 mare
2763 700 3020 757 demersit
3047 719 3060 755 :
3094 704 3226 759 alios
3263 703 3448 760 bestiis
3469 704 3618 767 obje-

2030 788 2124 854 cit,
2160 788 2293 844 alios
2337 788 2390 843 in
2432 790 2700 845 fornacem
2731 791 2944 862 injecit;
2997 802 3051 847 et
3099 792 3288 849 horum
3327 810 3618 865 compages

2031 881 2394 937 membrorum
2421 881 2656 949 divulsit,
2691 884 2901 939 illorum
2932 885 3105 940 adhuc
3127 887 3419 942 viventium
3451 891 3617 959 pelles

2034 971 2298 1028 detraxit:
2325 973 2546 1029 aliorum
2573 976 2864 1031 cruentatis
2882 979 3193 1047 corporibus
3217 991 3412 1049 prunas
3433 982 3617 1050 subje-

2033 1063 2128 1128 cit,
2157 1062 2297 1117 unde
2317 1063 2562 1118 scintilla:
2591 1065 2940 1134 prosiliebant
2968 1069 3019 1121 in
3051 1069 3252 1136 ulcera,
3270 1070 3391 1125 fera
3420 1073 3608 1141 quavis

2033 1154 2276 1209 acerbius
2307 1154 2528 1209 vulnera
2556 1156 2861 1212 mordentes
2892 1174 2907 1213 :
2939 1159 3057 1213 aliis
3081 1161 3185 1214 alia
3215 1161 3457 1231 graviora
3493 1178 3621 1233 sup-

2035 1243 2194 1314 plicia
2218 1245 2573 1316 excogitabat.
2606 1247 2893 1319 Postquam
2917 1249 3078 1320 igitur
3103 1251 3217 1309 haec
3241 1254 3419 1309 omnia
3442 1252 3619 1309 derisa

2034 1335 2183 1401 vidit,
2211 1343 2265 1390 et
2287 1350 2381 1390 eos
2400 1338 2485 1407 qui
2508 1338 2648 1408 passi
2668 1337 2783 1393 hmo
2801 1338 3033 1408 fuerant,
3060 1356 3181 1397 cum
3204 1358 3265 1399 ea
3295 1344 3461 1399 multa
3493 1342 3621 1401 faci-

2036 1426 2183 1481 litate
2226 1441 2291 1482 ac
2332 1428 2688 1497 praestantiori
2738 1430 2931 1486 virtute
2978 1444 3356 1503 superassent,
3413 1438 3622 1491 caneris

2036 1517 2123 1585 qui
2169 1517 2444 1586 sequuturi
2495 1532 2588 1572 eos
2637 1528 2818 1573 essent
2870 1528 2926 1574 et
2970 1521 3024 1574 in
3078 1524 3372 1579 certamina
3428 1525 3623 1582 eadem

2035 1606 2384 1673 descensuri,
2430 1622 2679 1677 magnam
2721 1609 3060 1666 conﬁdentiae
3101 1614 3435 1670 occasionem
3480 1624 3620 1670 attu-

2037 1699 2163 1754 lisse
2193 1716 2207 1755 :
2237 1699 2365 1769 quid
2384 1700 2532 1771 agit?
2556 1700 2763 1755 Novum
2790 1701 3098 1758 insidiarum
3123 1719 3291 1774 genus
3335 1707 3624 1776 excogitat,

2032 1798 2097 1845 ut
2134 1790 2480 1862 incogttatum
2508 1802 2562 1847 et
2587 1793 2856 1847 insolitum
2896 1795 3213 1865 supplicium
3240 1796 3451 1866 dejiciat
3481 1815 3626 1854 mar-

2038 1881 2169 1952 tyris
2216 1883 2450 1936 animum
2493 1892 2650 1952 atque
2693 1883 2968 1953 percellat.
3011 1886 3164 1954 Quod
3207 1887 3350 1945 enim
3388 1889 3626 1944 auditmn

2036 1983 2118 2029 est
2145 1981 2199 2029 et
2221 1975 2487 2045 cognitum
2508 2018 2523 2042 ,
2556 1976 2679 2032 licet
2710 1977 3044 2035 intolerabile
3073 1981 3177 2047 sit,
3225 1984 3626 2052 exSpectatione

2039 2066 2351 2123 meditatum
2377 2066 2534 2123 facile
2563 2068 2615 2123 in
2655 2080 3019 2141 contemptum
3047 2073 3193 2129 venit
3224 2093 3237 2129 :
3277 2075 3419 2145 quod
3446 2088 3626 2132 autem

2039 2166 2120 2211 est
2151 2157 2479 2226 inopinatum
2500 2199 2515 2225 ,
2548 2159 2671 2214 licet
2708 2159 2824 2216 leve
2850 2162 2951 2229 sit,
2984 2160 3033 2215 id
3078 2177 3185 2232 pra:
3215 2165 3425 2221 eteteris
3452 2167 3629 2221 omni-

2041 2245 2141 2301 bus
2168 2254 2252 2303 est
2290 2248 2702 2305 intolerandum.
2734 2251 2863 2306 Esto
2910 2254 3068 2323 igitur
3093 2269 3287 2310 novum
3319 2268 3588 2312 certamen
3614 2300 3629 2325 ,

2040 2338 2348 2393 inusitatum
2381 2340 2888 2410 machinamentum,
2914 2352 2970 2397 ut
2995 2358 3130 2399 nova
3158 2355 3212 2399 et
3242 2346 3488 2402 inusitata
3518 2348 3633 2419 ejus

2042 2431 2250 2499 species
2279 2431 2642 2500 perturbatum
2675 2432 2827 2489 facile
2862 2435 3117 2490 athletam
3144 2437 3467 2508 supplautet.
3495 2437 3634 2504 Quid

2041 2536 2169 2592 ergo
2196 2522 2357 2577 facit?
2379 2522 2631 2579 Sanctum
2650 2540 2680 2580 e
2696 2540 2911 2582 carcere
2939 2527 3174 2582 vinctum
3204 2528 3399 2584 educit.
3421 2528 3632 2584 Etenim

2045 2612 2149 2668 hoc
2172 2628 2383 2684 quoque
2409 2616 2623 2670 malitiae
2652 2616 2791 2672 illius
2821 2616 2949 2686 fuit,
2990 2617 3134 2689 quod
3156 2620 3331 2675 statim
3376 2636 3404 2675 a
3434 2622 3637 2691 princi-

2048 2706 2137 2776 pio
2175 2722 2364 2777 graves
2401 2708 2679 2766 machinas
2719 2725 2824 2765 non
2856 2710 3182 2779 admoverit,
3228 2728 3328 2768 nec
3372 2714 3638 2771 horrenda

2049 2798 2306 2867 supplicia
2338 2799 2607 2866 intulerit,
2636 2800 2731 2856 sed
2754 2816 2785 2856 a
2805 2802 3104 2860 minoribus
3131 2820 3359 2875 pugnam
3389 2807 3636 2875 iniverit;

2049 2888 2175 2960 quid
2193 2888 2303 2944 ita?
2332 2888 2401 2946 Ut
2427 2890 2474 2945 si
2518 2892 2733 2962 quidem
2763 2893 2835 2962 ii,
2876 2895 2965 2965 qui
3011 2894 3425 2968 depugnabant,
3457 2900 3640 2954 vince-

2046 2989 2252 3046 rentur,
2283 2982 2449 3052 turpis
2480 2981 2633 3040 fieret
2656 2999 2842 3040 eorum
2870 2986 3052 3042 clades
3078 3030 3092 3055 ,
3137 2988 3278 3059 quod
3327 3004 3392 3044 ue
3435 2991 3640 3061 exiguis

2055 3071 2274 3142 quidem
2312 3074 2662 3142 restitissent;
2710 3074 2790 3130 sin
2819 3088 2993 3132 autem
3033 3081 3335 3148 superiores
3361 3092 3541 3137 essent
3582 3099 3644 3138 ac

2052 3160 2367 3230 vincerent,
2418 3180 2540 3219 cum
2572 3166 2625 3221 in
2678 3167 2974 3223 minoribus
3027 3170 3174 3240 prius
3202 3186 3385 3225 eorum
3433 3172 3644 3229 al'ﬂictze

2054 3253 2196 3308 vires
2231 3262 2440 3322 essent,
2465 3270 2496 3310 a
2542 3257 2833 3326 majoribus
2862 3261 3154 3330 expugnari
3198 3259 3355 3317 facile
3405 3274 3643 3333 possent.

2052 3341 2258 3399 Idcirco
2282 3345 2490 3400 minora
2523 3347 2668 3416 prius
2697 3348 2967 3417 adhibuit,
2997 3359 3051 3405 ut
3081 3351 3195 3407 sive
3232 3354 3643 3423 expugnaverit,

2053 3436 2167 3493 sive
2208 3452 2315 3493 non
2346 3439 2760 3509 expugnaverit,
2792 3455 2881 3496 res
2937 3449 3130 3510 praeter
3168 3450 3348 3497 votum
3391 3459 3495 3499 non
3526 3460 3647 3500 suc-

2054 3527 2210 3583 cedat
2238 3545 2253 3582 :
2284 3527 2408 3584 Sive
2437 3529 2580 3584 enim
2625 3544 3031 3601 expugnavere,
3065 3532 3271 3603 inquit,
3322 3534 3468 3604 ipsos
3506 3536 3647 3590 deri-

2056 3631 2210 3684 sero;
2241 3620 2283 3673 si
2309 3628 2486 3693 autem
2505 3636 2611 3676 non
2642 3636 3035 3693 expugnavere,
3062 3623 3387 3681 infirmiores
3411 3626 3478 3681 ad
3509 3626 3649 3681 futu-

2056 3726 2116 3767 ra
2141 3710 2443 3769 reddidero.
2472 3714 2516 3769 E
2545 3729 2761 3771 carcere
2786 3715 2943 3787 igitur
2965 3717 3139 3786 ipsum
3157 3716 3365 3785 educit;
3397 3717 3485 3774 ille
3519 3734 3650 3774 vero
3678 3732 3687 3741 '

2060 3814 2328 3876 tamquam
2357 3819 2650 3876 generosus
2691 3806 2889 3862 athleta
2919 3808 3088 3863 multo
3119 3816 3358 3880 tempore
3394 3810 3449 3865 in
3488 3810 3650 3879 palae-

2060 3907 2169 3953 stra
2213 3899 2536 3954 exercitatus
2578 3899 2758 3955 exibat
2785 3916 2800 3954 :
2826 3900 3071 3971 palarstra
3123 3902 3383 3973 siquidem
3431 3907 3654 3977 martyri

2062 4005 2245 4046 career
2270 4000 2418 4056 erat;
2448 3990 2626 4062 ibique
2666 4005 2908 4047 seorsum
2939 4007 3060 4048 cum
3091 3993 3203 4050 Deo
3245 3994 3556 4065 colloquens
3585 3996 3654 4051 ab

2064 4083 2159 4139 illo
2198 4096 2386 4139 cuncta
2415 4084 2723 4139 luctationis
2764 4085 2986 4140 artificia
3034 4085 3271 4143 discebat
3309 4104 3323 4140 :
3376 4088 3467 4142 ubi
3510 4088 3652 4143 enim

2064 4177 2189 4231 talia
2218 4176 2425 4231 vincula
2445 4219 2460 4243 ,
2489 4177 2561 4232 ibi
2591 4184 2645 4232 et
2681 4176 2925 4233 Christus
2951 4179 3124 4235 adest.

2139 4268 2479 4340 lmponuntur
2505 4270 2679 4323 manui
2707 4270 2815 4340 ejus
2843 4285 3023 4342 pruna:
3047 4272 3314 4337 ardentes;
3335 4271 3550 4343 eleganti
3579 4271 3652 4325 si—

2066 4362 2354 4416 militudine
2377 4361 2566 4430 factum
2591 4373 2820 4416 exornat.
2843 4392 2912 4402 —
2939 4361 3121 4432 Itaque
3140 4363 3512 4435 egrediebatur
3537 4364 3655 4419 lon-

2068 4453 2203 4523 giori
2228 4453 2460 4508 carceris
2499 4451 2827 4508 habitatione
2846 4452 3114 4507 robustior
3142 4452 3352 4520 factus;
3378 4470 3652 4524 egressum

2070 4552 2249 4599 autem
2280 4543 2428 4597 illum
2458 4557 2579 4598 eum
2618 4544 2670 4597 in
2717 4543 2952 4597 medium
2998 4542 3238 4598 diabolus
3274 4559 3369 4614 per
3396 4559 3523 4609 eos,
3563 4548 3654 4617 qui

2072 4634 2240 4704 ipsius
2268 4632 2594 4703 improbitati
2626 4632 3036 4697 famulabantur,
3069 4633 3408 4695 adduxisset,
3438 4651 3543 4689 non
3590 4637 3656 4690 ad

2072 4725 2357 4795 equuleum
2405 4723 2675 4793 alligavit,
2734 4738 2839 4778 non
2892 4722 3234 4778 carnificibus
3273 4724 3491 4779 cinxit:
3544 4727 3658 4783 lucc

2072 4816 2215 4870 enim
2241 4828 2366 4869 eum
2390 4828 2713 4884 percupere,
2738 4828 2801 4868 ac
2830 4812 3255 4884 praemeditatum
3287 4831 3406 4871 esse
3427 4817 3657 4889 jampri-

2073 4904 2193 4962 dem
2217 4905 2466 4971 videbat;
2497 4905 2591 4959 sed
2622 4905 2854 4960 insolens
2879 4904 3144 4975 quoddam
3190 4921 3253 4961 ac
3281 4923 3474 4963 novum
3499 4951 3512 4976 ,
3563 4928 3661 4967 nec

2075 5011 2324 5068 umquam
2347 4995 2684 5051 formidatum
2715 4995 3199 5053 machinamentum
3227 5000 3480 5055 admovet
3507 5004 3656 5067 turri,

2077 5102 2183 5157 quo
2213 5086 2368 5142 facile
2407 5087 2576 5155 possit
2605 5086 2916 5141 deturbari:
2964 5087 3066 5142 hoc
3093 5088 3237 5143 enim
3267 5099 3379 5156 est,
3421 5091 3561 5160 quod
3607 5092 3662 5147 iu

2076 5181 2323 5236 omnibus
2351 5180 2530 5235 studet
2567 5181 2826 5247 maxime,
2856 5191 2911 5236 ut
2938 5183 3242 5252 supplantet
3272 5185 3476 5254 potius,
3506 5198 3662 5255 quam

2076 5281 2135 5326 ut
2158 5271 2345 5327 dolore
2382 5280 2627 5341 torqueat
2656 5281 2890 5328 sanctos.
2920 5272 3200 5341 Quodnam
3226 5275 3386 5345 igitur
3424 5274 3556 5329 illud
3584 5284 3667 5330 est

2078 5363 2602 5419 machinamentum?
2630 5362 2761 5419 Cum
2784 5380 2946 5436 super
2967 5380 3115 5421 aram
3139 5366 3427 5421 extendere
3448 5381 3665 5422 manum

2079 5458 2321 5529 supinam
2344 5457 2632 5527 jussissent
2657 5500 2671 5523 ,
2718 5472 2914 5528 prunas
2944 5467 2999 5514 et
3020 5459 3146 5514 thus
3171 5459 3349 5513 manui
3390 5458 3666 5530 imposue-

2082 5559 2240 5617 runt,
2269 5558 2326 5604 ut
2354 5550 2398 5604 si
2442 5548 2624 5605 doleat
2650 5565 2713 5605 ac
2747 5565 2965 5605 manum
3014 5551 3276 5617 invertat,
3324 5551 3547 5620 perinde
3594 5552 3672 5608 illi

2081 5643 2279 5699 factum
2307 5643 2567 5712 imputent
2587 5684 2601 5709 ,
2635 5658 2696 5698 ac
2729 5643 2772 5697 si
2796 5642 3173 5699 sacrificaverit
3190 5649 3350 5714 atque
3371 5652 3673 5715 transgres-

2083 5748 2174 5788 sus
2215 5733 2396 5802 lapsus
2424 5733 2600 5788 fuerit.
2634 5731 2796 5788 Vides
2818 5746 2978 5803 quam
3010 5741 3259 5789 versutus
3284 5732 3671 5789 sit‘diabolus?

2089 5826 2157 5881 At
2185 5824 2328 5893 vide,
2355 5840 2459 5897 quo
2481 5832 2634 5897 pacto
2670 5825 2742 5891 is,
2776 5826 2864 5893 qui
2892 5823 3305 5894 comprehendit»
3324 5824 3592 5897 sapientes
3613 5833 3667 5887 in
