4088 6452
560 420 665 477 679

559 536 755 591 astutia
781 534 967 590 eorum
992 530 1112 604 (Iob
1228 530 1317 601 l3)
1338 570 1355 599 ,
1382 527 1529 584 irrita
1561 525 1704 581 illius
1724 521 2151 579 machinamenta

562 626 893 693 reddiderit,
915 632 973 682 et‘
996 616 1654 691 insidiarum’diligentiam
1687 614 2024 685 malitimqum
2051 628 2146 666 va-

561 714 756 772 fritiem
785 719 837 771 in
863 715 1156 771 auctarium
1175 723 1229 769 et
1252 711 1523 768 cumulum
1551 704 1736 780 glorise
1759 704 2008 776 martyris
2027 717 2144 756 am-

562 807 747 877 plioris
779 808 1015 861 verterit.
1059 805 1191 859 Nam
1226 818 1344 858 cum
1377 800 1672 856 innumeris
1695 798 1855 853 rebus
1883 794 2155 849 malitiose

562 898 916 967 perpetratis,
967 896 1299 951 adversarius
1330 893 1522 948 deinde
1566 892 1738 947 victus
1790 884 2153 950 abscesserit,

562 1000 671 1044 tum
700 989 958 1045 illustrior
984 987 1160 1043 evadit
1201 986 1398 1040 athleta
1447 983 1698 1055 pietatis:
1736 982 1787 1036 id
1815 980 1954 1051 quod
1986 980 2153 1034 etiam'

562 1082 649 1136 hic
677 1081 874 1137 evenit.
903 1080 1097 1137 Beatus
1143 1080 1284 1133 enim
1330 1076 1571 1131 Barlaam
1596 1090 1691 1129 nec
1714 1073 2018 1128 inclinatam
2049 1078 2151 1124 nec

562 1172 1068 1229 inversammanum
1101 1178 1289 1225 tenens
1337 1168 1661 1239 permansit,
1717 1164 1866 1236 quasi
1914 1179 1977 1218 ex
2007 1162 2149 1216 ferro

559 1260 840 1319 conﬂatam
863 1262 1121 1318 haberet:
1151 1261 1393 1335 quamvis
1414 1260 1456 1315 si
1481 1272 1740 1313 conversa
1772 1256 1906 1312 foret
1934 1268 2144 1321 manus,

562 1356 631 1413 ne
658 1354 735 1411 sic
754 1344 977 1426 quidem
997 1353 1248 1425 martyris
1280 1353 1331 1407 id
1358 1353 1562 1407 crimen
1584 1350 1789 1404 fuisset.

627 1452 681 1506 5.
715 1449 812 1504 llic
838 1448 970 1503 mihi
997 1447 1280 1517 diligenter
1307 1444 1540 1498 animum
1566 1456 1752 1499 omnes
1773 1438 2030 1496 advertite
2052 1479 2066 1503 ,
2092 1447 2149 1492 ut

556 1532 898 1610 intelligatis,
927 1538 1138 1595 tametsi
1175 1536 1391 1590 dextera
1425 1534 1610 1588 fuisset
1641 1531 1881 1597 inversa,
1928 1540 2035 1584 non
2066 1538 2146 1582 ta-

559 1626 683 1684 men
722 1629 924 1685 idcirco
947 1629 1155 1683 vietum
1178 1640 1301 1682 eum
1330 1618 1742 1680 existimandum
1769 1621 1933 1677 fuisse
1962 1638 1978 1677 :
2021 1619 2149 1690 quid

557 1722 675 1777 ita?
702 1721 836 1790 Quia
868 1706 1156 1786 nimirum,
1188 1727 1247 1773 ut
1281 1717 1350 1773 de
1395 1717 1499 1772 illis
1519 1760 1532 1782 ,
1563 1715 1755 1788 quibus
1792 1714 1959 1770 latera
1992 1712 2149 1769 dera—

556 1809 779 1880 duntur,
828 1820 921 1869 aut
971 1811 1063 1882 qui
1104 1811 1209 1866 alia
1255 1810 1502 1883 quapiam
1551 1808 1759 1864 ratione
1805 1812 2145 1877 torquentur,

553 1906 894 1977 judicamus‘,
922 1905 994 1960 ita
1031 1905 1117 1961 hic
1154 1910 1367 1976 quoque
1398 1902 1657 1974 judicium
1710 1899 1990 1958 ferendum
2041 1907 2146 1955 est.

557 1998 692 2054 Nam
755 1998 800 2054 si
861 1999 1078 2069 quidem
1149 1999 1413 2054 cesserint
1465 2010 1530 2052 ac
1595 1993 1986 2061 sacriﬁcarint,
2036 2001 2147 2049 tum

558 2090 614 2147 in
685 2089 1100 2146 imbecillitatem
1148 2079 1360 2146 illorum
1410 2089 1568 2159 culpa
1620 2087 1960 2154 transfertur,
2003 2082 2147 2158 quod

559 2197 683 2238 cum
711 2181 923 2238 dolores
962 2180 1183 2236 minime
1213 2180 1437 2249 ferrent,
1481 2179 1867 2245 sacrifiearint;
1915 2177 1962 2233 si
1988 2192 2147 2244 vero,

559 2287 682 2328 cum
715 2275 766 2327 in
796 2275 1081 2329 tormentis
1122 2276 1560 2344 perseverassent
1583 2312 1598 2335 ,
1626 2270 1899 2328 doluerint
1926 2269 2001 2325 illi
2028 2269 2149 2339 qui-

556 2365 679 2419 dem
714 2363 784 2420 ob
812 2379 872 2420 ea
894 2406 910 2431 ,
938 2380 1057 2435 qua:
1084 2363 1441 2437 patiebantur,
1476 2371 1530 2418 at
1550 2363 1860 2435 religionem
1888 2377 1993 2416 non
2023 2374 2151 2431 pro-

558 2455 821 2522 diderint,
858 2456 1059 2511 nullum
1091 2456 1167 2511 eis
1197 2471 1227 2510 a
1255 2470 1520 2527 quoquam
1555 2464 1773 2526 propter
1802 2453 1900 2508 hos
1938 2454 2151 2508 dolores

556 2548 760 2603 crimen
804 2546 1115 2619 impingitur
1144 2566 1159 2603 :
1190 2548 1317 2617 quin
1350 2547 1525 2617 potius
1553 2545 1782 2617 amplius
1809 2542 1904 2600 eos'
1952 2544 2151 2600 idcirco

560 2638 833 2698 eﬂ‘erimu’s
873 2653 937 2693 ac
962 2639 1269 2705 laudamus,
1317 2639 1458 2710 quod
1505 2638 1778 2693 doloribus
1814 2637 1989 2692 affecti
2018 2635 2153 2691 tole-

555 2730 830 2796 raverint,
873 2745 972 2786 nec
1008 2730 1344 2800 abnegarint.
1386 2729 1455 2785 Et
1498 2729 1586 2785 hic
1624 2729 1803 2802 igitur,
1853 2724 2148 2799 siquidem,

557 2839 680 2880 cum
728 2825 810 2880 uri
881 2840 941 2880 se
989 2839 1096 2880 non
1151 2823 1342 2891 ferret,
1397 2820 1587 2881 beatus
1649 2824 1891 2880 Barlaam
1945 2824 2152 2881 sacrifi-

558 2926 802 2972 caturum
866 2933 927 2974 se
1003 2917 1381 2989 promisisset,
1448 2913 1620 2972 victus
1685 2927 1860 2982 esset;
1911 2912 1957 2972 si
2023 2930 2152 2971 vero

560 3026 667 3065 non
695 3010 920 3066 cedente
947 3011 1039 3068 illo
1068 3026 1256 3067 manus
1286 3013 1496 3067 inversa
1524 3012 1744 3079 fuisset,
1776 3026 1881 3065 non
1904 3011 2016 3081 jam
2048 3009 2152 3066 hoc

561 3107 811 3178 martyris
830 3106 991 3160 animi
1021 3107 1224 3161 crimen
1242 3115 1387 3162 esset
1419 3124 1432 3160 :
1464 3121 1573 3161 non
1603 3106 1745 3161 enim
1771 3121 1836 3161 ex
1865 3090 2153 3160 voluntatis

559 3195 901 3264 infirmitate,
948 3195 1040 3252 sed
1080 3208 1283 3252 natura:
1309 3194 1599 3252 nervorum
1631 3212 1729 3252 suo
1762 3196 1944 3267 vigore
1980 3196 2151 3252 desti-

561 3298 686 3342 tuta:
706 3327 721 3353 ,
745 3287 885 3359 quod
917 3287 1067 3342 inviti
1084 3288 1244 3343 etiam
1267 3289 1437 3343 sancti
1461 3304 1651 3343 manus
1678 3288 1747 3343 ab
1800 3289 1922 3359 igne
1963 3289 2154 3345 fuisset

561 3380 785 3448 inﬂexa,
818 3376 957 3437 istud
1003 3383 1334 3454 contigisset.
1366 3381 1827 3452 Quemadmodum
1868 3383 2010 3438 enim
2051 3384 2148 3451 iis,

560 3475 756 3544 quibus
801 3474 1134 3530 deraduntur
1181 3477 1377 3541 latera,
1433 3490 1538 3530 non
1591 3474 1803 3530 crimini
1853 3474 2149 3541 vertimus,

560 3566 700 3637 quod
729 3582 916 3622 eorum
957 3581 1083 3622 caro
1110 3562 1407 3624 dissecetur
1441 3586 1454 3621 :
1495 3567 1603 3623 imo
1632 3576 1689 3623 ut
1714 3567 1935 3637 propius
1964 3581 2150 3622 exem-

560 3660 705 3731 plum
736 3661 995 3716 adducam
1019 3701 1035 3728 ,
1064 3662 1201 3718 sicut
1225 3677 1347 3728 eos,
1380 3663 1470 3732 qui
1502 3661 1635 3718 febri
1674 3670 1767 3717 aut
1816 3675 2033 3732 Spasmo
2072 3661 2154 3716 la—

560 3753 789 3819 borant,
827 3744 985 3809 nemo
1026 3754 1391 3822 accusaverit,
1435 3755 1575 3824 quod
1608 3754 1712 3810 illis
1740 3769 1929 3810 manus
1970 3755 2154 3810 incur-

561 3856 752 3902 ventur
784 3840 926 3902 :uon
958 3848 1099 3902 enim
1142 3849 1194 3904 id
1241 3862 1424 3929 eorum
1449 3849 1670 3919 ignavia:
1712 3850 1865 3920 culpa
1913 3851 2002 3918 fit,
2057 3849 2153 3906 sed

562 3926 703 4011 quod
735 3928 1008 3996 humorem
1052 3941 1244 3997 ardore
1269 3926 1438 3997 morbi
1477 3941 1802 4012 depascente
1822 3952 2018 4013 praeter
2058 3959 2154 3997 na-

564 4043 739 4088 turam
797 4048 1054 4106 compago
1114 4050 1397 4089 nervorum
1463 4033 1811 4090 contrahatur
1858 4053 1872 4088 :
1935 4035 2008 4089 ita
2055 4048 2154 4090 nec

562 4134 807 4180 sanctum
852 4112 1028 4192 hunc,
1074 4125 1118 4180 si
1159 4112 1416 4182 cenversa
1463 4141 1651 4182 manus
1675 4134 1851 4193 esset,
1901 4141 2155 4183 accusare

563 4220 683 4290 quis
712 4218 989 4289 potuisset.
1041 4206 1096 4274 Si
1122 4218 1263 4274 enim
1319 4218 1482 4274 febris
1533 4217 1700 4274 invito
1748 4219 1908 4274 etiam
1952 4228 2156 4290 aegroto

563 4299 803 4367 membra
852 4309 1391 4365 contraherenatura
1415 4316 1511 4365 sua
1551 4311 1830 4365 consuevit
1858 4326 1922 4367 ac
1958 4310 2156 4366 distor-

561 4418 749 4476 quere,
780 4403 946 4458 multo
997 4403 1165 4473 magis
1210 4403 1310 4457 hoc
1352 4403 1614 4473 impositae
1649 4401 1886 4457 dextera:
1934 4417 2149 4472 pronae,

563 4496 724 4551 etiam
750 4503 984 4568 martyre
1015 4510 1120 4549 non
1148 4493 1658 4567 cedente,pr:estare
1698 4502 1985 4563 potuerunt
2015 4511 2030 4547 :
2057 4509 2155 4549 ve-

563 4595 862 4643 rumtamen
883 4602 986 4643 non
1002 4587 1382 4657 praestiterunt,
1405 4594 1463 4640 ut
1475 4600 1540 4641 ex
1558 4586 1845 4642 abundanti
1862 4601 2157 4657 cognoscas

563 4682 788 4757 gratiam
822 4681 916 4736 Dei
946 4682 1143 4746 fuisse,
1184 4695 1307 4752 quae
1334 4681 1491 4736 simul
1537 4678 1753 4745 aderat,
1800 4690 1856 4736 et
1895 4680 2156 4735 corrobo—

566 4773 718 4827 rabat
757 4772 1012 4829 athletam
1032 4813 1048 4842 ,
1076 4788 1140 4828 ac
1168 4783 1373 4828 natura:
1396 4768 1663 4829 defectum
1691 4773 2025 4845 corrigebat:
2057 4787 2158 4829 nec

568 4869 621 4923 iu
653 4867 757 4924 hoc
798 4869 909 4939 ipsa
952 4868 1240 4940 quidquam
1270 4860 1366 4923 sua
1404 4867 1712 4923 conditione
1745 4876 1800 4923 et
1845 4865 2157 4922 infirmitate

566 4961 785 5033 dignum
831 4976 983 5031 passa
1011 4971 1123 5028 est,
1155 4960 1250 5017 sed
1288 4959 1438 5032 quasi
1479 4974 1545 5014 ex
1592 4958 1878 5015 adamante
1907 4969 2157 5015 concreta

566 5062 745 5117 esset,
801 5067 992 5107 manus
1035 5052 1126 5108 illa
1179 5050 1529 5122 permanebat
1580 5052 1819 5106 immota.
1866 5049 1998 5118 Quis
2045 5057 2157 5104 tum

568 5151 618 5206 id
642 5132 874 5205 cernens
898 5162 1004 5205 non
1033 5147 1443 5218 obstupuisset?
1470 5146 1589 5218 quis
1616 5163 1722 5202 non
1754 5144 2160 5202 cohorruisset?

565 5243 896 5313 Spectabant
957 5241 1166 5296 caelitus
1224 5240 1433 5311 angeli,
1502 5238 2004 5310 contemplabantur
2062 5253 2156 5294 ar-

566 5336 814 5409 changeli
847 5354 861 5390 :
891 5334 1205 5405 prmelarum
1234 5342 1350 5389 erat
1377 5334 1738 5403 spectaculum
1763 5373 1779 5399 ,
1810 5332 1951 5403 quod
1976 5341 2031 5388 et
2058 5331 2161 5387 hu-

569 5445 782 5484 manam
822 5427 981 5497 plane
1006 5434 1252 5482 naturam
1279 5423 1591 5481 excedebat.
1624 5424 1754 5493 Quis
1781 5424 1928 5480 enim
1974 5424 2159 5480 videre

571 5533 679 5576 non
729 5529 967 5590 optasset
1002 5518 1273 5575 hominem
1319 5516 1715 5583 decertantem,
1766 5528 1869 5570 nec
1912 5530 1975 5570 ea
1997 5556 2013 5581 ,
2043 5531 2162 5587 quae

573 5624 697 5668 sunt
738 5613 1013 5669 hominum
1034 5656 1048 5679 ,
1079 5610 1406 5684 patientem?
1432 5610 1522 5681 qui
1548 5609 1718 5666 altare
1745 5609 1910 5675 idem,
1949 5619 2006 5665 et
2076 5610 2161 5662 vi-

574 5706 755 5772 ctima,
783 5717 836 5762 et
856 5708 1106 5767 sacerdos
1132 5704 1301 5760 factus
1325 5703 1508 5759 esset?
1528 5702 1861 5772 Quapmpter
1893 5706 1947 5754 et
1962 5696 2163 5771 duplex

575 5799 750 5855 furnus
779 5798 1140 5867 ascendebat,
1193 5797 1280 5854 hic
1308 5798 1521 5869 quidem
1561 5795 1733 5853 thuris
1782 5796 2019 5862 incensi,
2075 5795 2166 5854 ille
2220 5850 2225 5859 ,

577 5908 705 5949 vero
731 5889 1025 5968 liquefacta:
1062 5895 1246 5953 carnis
1280 5910 1292 5946 :
1322 5902 1482 5968 atque
1529 5889 1617 5951 hic
1643 5901 1759 5950 erat
1805 5891 1895 5946 illo
1950 5892 2161 5948 suavior

1273 412 1330 468 s.
1371 408 1649 470 JOANNIS
1677 384 2147 464 cuavsosrom
2189 399 2506 459 ARCHIEP.
2548 390 3081 461 cousrammor.
3721 415 3809 473 sse

2258 513 2471 579 fumus,
2498 526 2554 572 et
2579 516 2696 573 hcce
2742 520 2855 591 ipsa
2903 522 3242 593 praestantior
3287 524 3372 581 illa
3417 526 3711 598 fragrantia.
3756 535 3810 590 Et

2255 606 2529 663 accidebat
2558 609 2701 675 idem
2729 610 2871 683 quod
2901 623 2954 670 et
2984 615 3037 670 in
3064 616 3200 671 rubo
3227 614 3418 691 (Exod.
3437 622 3490 677 3.
3519 622 3655 695 init.)
3680 642 3693 678 :
3716 627 3806 680 sic-

2258 706 2316 752 ut
2339 698 2480 754 enim
2521 700 2685 756 rubus
2728 702 2817 759 ille
2858 704 3109 773 ardebat,
3156 717 3213 762 et
3259 724 3365 764 non
3407 710 3805 781 comburebatur,

2257 792 2334 846 sic
2378 799 2433 848 et
2457 793 2539 847 hic
2564 794 2787 850 ardebat
2827 797 3039 867 quidem
3087 798 3337 867 dextera,
3366 803 3459 857 sed
3513 805 3680 860 anima
3717 823 3806 863 non

2257 883 2684 941 incendebatur:
2732 890 3115 945 contidiebatur
3158 907 3389 963 corpus,
3436 905 3492 950 at
3544 897 3667 954 fides
3719 915 3807 956 non

2256 979 2674 1035 consumebatur
2710 997 2878 1037 :caro
2920 975 3232 1050 fatiscebat,
3286 996 3340 1041 at
3376 988 3621 1045 alaeritas
3670 995 3806 1049 animi

2257 1091 2363 1130 non
2397 1076 2694 1134 fatiscebat.
2725 1078 2788 1133 Et
2820 1092 3002 1149 pronae
3028 1081 3243 1151 quidem
3271 1096 3391 1137 cum
3430 1086 3602 1140 volam
3645 1102 3807 1144 manus

2258 1169 2623 1238 perforasscnt
2641 1214 2656 1237 ,
2684 1171 2941 1227 deorsum
2966 1173 3254 1241 cadebant,
3289 1187 3344 1230 at
3368 1178 3557 1234 animae
3584 1178 3807 1235 fortitudo

2259 1274 2362 1313 non
2385 1261 2734 1327 concidebat;
2765 1263 2857 1318 sed
2882 1279 3073 1319 manus
3103 1265 3317 1336 quidem
3343 1278 3649 1339 consumpta
3673 1281 3808 1327 estet

2255 1348 2517 1418 difﬂuxit,
2560 1365 2688 1408 caro
2716 1354 2983 1424 siquidem
3014 1365 3165 1423 erat,
3212 1372 3318 1413 non
3366 1360 3609 1426 adamas;
3659 1363 3807 1418 anima

2255 1459 2385 1498 vero
2405 1458 2592 1499 rursus
2616 1446 2840 1501 alteram
2870 1462 3087 1502 manum
3119 1450 3459 1521 requirebat.
3495 1462 3553 1507 ut
3588 1462 3641 1509 et
3661 1456 3709 1509 in
3735 1456 3806 1511 illa

2258 1538 2588 1619 tolerantiam
2616 1530 2915 1597 exhiberet.
2965 1542 3035 1598 Et
3062 1545 3512 1614 quemadmodum
3553 1549 3809 1618 generosus

2256 1630 2409 1686 miles
2434 1630 2487 1685 in
2514 1631 2699 1688 hostes
2744 1632 3152 1704 impressionem
3201 1636 3438 1706 faciens,
3483 1655 3602 1694 cum
3642 1640 3808 1696 adver-

2256 1723 2485 1777 santium
2507 1723 2609 1780 sibi
2641 1724 2955 1798 phalangem
2986 1728 3317 1797 conciderit,
3346 1731 3676 1803 gladiumque
3699 1746 3809 1787 con-

2257 1813 2527 1870 tinuorum
2583 1817 2864 1871 vulnerum
2912 1818 3201 1876 crebritate
3243 1819 3604 1892 confregerit,
3648 1821 3810 1877 deinde

2256 1923 2546 1965 conversus
2606 1909 2832 1966 alterum
2897 1912 3159 1981 requirit,
3214 1913 3361 1985 quod
3426 1929 3553 1969 eum
3608 1912 3809 1968 nondum

2256 1998 2419 2057 caedis
2460 2002 2692 2058 hostium
2714 2005 2932 2060 satietas
2958 2005 3164 2075 ceperit
3191 2023 3205 2060 :
3237 2006 3317 2061 sic
3345 2006 3596 2061 nimirum
3624 2016 3674 2062 et
3696 2006 3810 2062 beati

2257 2088 2503 2149 Barlaam
2555 2094 2732 2149 anima
2763 2110 2885 2150 cum
2912 2095 3214 2152 dmmonhm
3241 2090 3533 2169 phalanges
3560 2097 3811 2153 conciden-

2256 2182 2327 2238 do
2356 2199 2570 2239 manum
2617 2189 3071 2257 consumpsisset,
3118 2188 3341 2244 alteram
3367 2189 3637 2245 dexteram
3665 2188 3806 2259 requi-

2257 2275 2411 2331 rebat
2429 2317 2445 2342 ,
2474 2287 2531 2332 ut
2555 2276 2607 2332 in
2626 2277 2712 2332 illa
2735 2293 2947 2349 quoque
2973 2278 3138 2338 animi
3167 2279 3497 2335 alacritatem
3519 2279 3809 2336 ostenderet.

2258 2367 2374 2422 Noli
2407 2368 2550 2423 enim
2579 2369 2709 2423 mihi
2731 2369 2910 2425 dicere
2932 2375 3094 2425 unam
3119 2371 3266 2426 illum
3295 2371 3609 2442 exposuisse
3629 2386 3811 2427 manum

2259 2466 2459 2514 tantum
2483 2476 2498 2525 ;
2521 2459 2616 2515 sed
2656 2460 2758 2515 hoc
2783 2461 2961 2533 potius
2979 2502 2995 2528 ,
3028 2476 3186 2532 quam
3218 2460 3348 2517 illud
3377 2463 3552 2534 cogita
3572 2504 3587 2527 ,
3609 2462 3692 2533 qui
3720 2476 3813 2515 Ina-

2258 2568 2387 2607 num
2416 2552 2668 2621 tradidit,
2695 2556 2817 2609 eum
2851 2562 3012 2624 caput
3034 2554 3194 2609 etiam
3222 2555 3538 2625 exposuisse
3556 2596 3570 2619 ,
3592 2569 3651 2610 ac
3674 2554 3812 2608 latera

2255 2638 2507 2714 dedisse,
2555 2657 2609 2702 et
2643 2645 2776 2719 igni,
2803 2647 2990 2703 bestiis
3011 2689 3028 2715 ,
3077 2648 3246 2715 mari,
3286 2648 3625 2720 prmcipitiis,
3661 2645 3811 2712 cruci,

2255 2748 2413 2805 rotae,
2428 2746 2586 2810 atque
2605 2739 2874 2807 omnibus,
2904 2754 3025 2811 qua:
3046 2754 3296 2811 umquam
3311 2738 3478 2796 fando
3497 2748 3619 2796 sunt
3642 2737 3811 2800 audita,

2257 2830 2535 2901 suppliciis
2571 2830 2868 2901 obiecisse,-
2922 2840 3223 2902 cunctaque
3254 2846 3570 2901 perpessum
3609 2844 3745 2893 esse,
3776 2827 3814 2882 si

2257 2923 2434 2978 minus
2480 2922 2884 2993 eiperimento,
2922 2922 3084 2977 animi
3116 2921 3330 2993 quidem
3375 2933 3528 2979 certe
3558 2921 3813 2993 proposito.

2257 3014 2390 3071 Nam
2412 3030 2510 3071 nec
2531 3016 2596 3071 ad
2615 3025 2789 3072 certas
2809 3032 2868 3073 se
2888 3032 2951 3072 ac
2973 3015 3221 3072 deﬂnitas
3246 3031 3438 3089 ptenas
3461 3016 3678 3072 oﬂerunt
3695 3028 3813 3069 mar-

2260 3118 2437 3182 tyres,
2470 3108 2564 3166 sed
2594 3107 2661 3164 ad
2713 3109 2916 3165 incerta
2962 3107 3219 3180 supplicia
3264 3124 3325 3165 se
3372 3110 3694 3181 accingunt:
3728 3120 3814 3161 non

2257 3205 2401 3258 enim
2449 3203 2619 3258 estin
2665 3217 2850 3257 eorum
2896 3212 3159 3273 potestate
3211 3203 3425 3259 animus
3470 3211 3813 3276 tyrannorum,

2258 3309 2433 3364 neque
2483 3293 2768 3349 terminum
2798 3292 2904 3349 illis
2953 3295 3278 3365 modumque
3320 3294 3697 3365 prmscribu‘nt,
3737 3289 3816 3347 sed

2257 3383 2677 3455 quibuscumque
2705 3385 2862 3440 malis
2902 3398 2996 3439 eos
3022 3382 3236 3439 afficere
3271 3384 3593 3440 inhumanus
3629 3398 3686 3439 ac
3719 3380 3815 3437 bel-

2257 3470 2435 3531 luinus
2486 3476 2673 3531 eorum
2718 3475 2928 3531 animus
2975 3474 3330 3543 desiderarit,
3368 3466 3453 3531 tot
3482 3485 3719 3545 tantaque
3757 3470 3814 3526 illi

2258 3566 2525 3639 prodeunt
2545 3568 2851 3641 perpessuri
2882 3588 2897 3624 :
2928 3569 3026 3624 nisi
3056 3566 3193 3623 forte
3223 3568 3436 3624 interim
3462 3570 3698 3625 fatiscens
3722 3580 3818 3621 cor-

2260 3674 2357 3730 pus
2423 3654 2745 3731 iiiespletam
2796 3660 2849 3715 in
2895 3658 3072 3715 medio
3120 3669 3470 3732 tyrannorum
3511 3659 3815 3730 cupiditatem

2260 3742 2555 3822 reliquerit.
2584 3744 2894 3806 Tabefiebat
2921 3767 3048 3822 ergo
3071 3766 3200 3805 caro
3216 3793 3232 3818 ,
3254 3760 3313 3805 at
3332 3751 3501 3806 animi
3523 3750 3816 3822 propositum

2259 3838 2491 3896 alacrius
2518 3838 2710 3908 ﬂebat,
2742 3842 2883 3913 quod
2909 3842 3196 3913 splendore
3217 3843 3484 3899 carbones
3520 3844 3657 3913 ipsos
3683 3854 3817 3909 supe-

2260 3935 2422 3989 rahat
2440 3943 2495 3989 et
2518 3935 2684 3989 multo
2704 3935 2933 4005 amplius
2953 3935 3218 3992 emicabat
3241 3951 3256 3989 :
3281 3935 3575 4005 spiritualis
3591 3930 3818 4003 siquidem

2262 4018 2407 4083 intus
2435 4027 2571 4099 ignis
2620 4042 2879 4084 accensus
2909 4037 3027 4085 erat
3056 4030 3223 4084 multo
3263 4028 3541 4084 ardentior
3570 4029 3683 4100 igne
3705 4027 3817 4087 isto;

2262 4119 2462 4177 idcirco
2512 4106 2786 4176 ﬂammam
2827 4130 3105 4176 externam
3146 4121 3235 4176 ille
3287 4120 3513 4176 minime
3560 4117 3819 4176 sentiebat.

2261 4214 2403 4284 quod
2442 4213 2675 4269 fervidus
2698 4213 2847 4268 illum
2875 4222 2930 4270 et
2969 4212 3166 4269 ardens
3202 4208 3397 4270 Christi
3437 4212 3672 4271 caritatis
3708 4206 3821 4281 ignis

2262 4303 2406 4360 intus
2432 4305 2806 4360 inﬂammaret.

2333 4398 2388 4453 4.
2422 4388 2641 4453 Moralis
2661 4398 2965 4452 exhortatio.
2992 4428 3062 4438 —
3086 4384 3215 4453 llrec
3233 4412 3302 4453 ne
3326 4382 3606 4452 audiamus
3626 4398 3819 4453 tantum,

2263 4486 2596 4544 dilectissimi
2615 4531 2630 4557 ,
2661 4488 2755 4544 sed
2781 4497 2835 4544 et
2863 4489 3133 4544 imitemur
3161 4509 3175 4545 :
3202 4488 3342 4560 quod
3368 4489 3514 4545 enim
3543 4504 3573 4542 a
3594 4480 3820 4559 principio

2263 4579 2506 4636 dicebam
2529 4621 2545 4648 ,
2569 4595 2712 4636 nunc
2729 4582 2886 4637 etiam
2905 4581 3065 4637 dico:
3094 4597 3163 4636 ne
3188 4581 3290 4638 hac
3319 4590 3522 4637 tantum
3552 4582 3674 4634 hora
3693 4619 3707 4643 ,
3736 4587 3821 4640 tl“a

2265 4673 2356 4731 hic
2396 4662 2677 4731 versamur
2699 4717 2714 4742 ,
2760 4675 3060 4732 celebretur
3110 4684 3314 4747 martyr
3340 4715 3356 4741 ,
3411 4674 3507 4731 sed
3546 4684 3599 4729 et
3632 4671 3819 4727 domum

2265 4768 2451 4824 abiens
2470 4768 2833 4839 unusquisque
2853 4777 3094 4824 sanctum
3120 4767 3381 4834 deducat,
3407 4777 3463 4821 et
3483 4767 3535 4820 in
3560 4763 3696 4819 aedes
3719 4767 3822 4814 sua!

2265 4862 2351 4917 vel
2377 4863 2431 4918 in
2455 4876 2550 4916 cor
2586 4876 2740 4917 suum
2769 4861 2948 4931 potius
2989 4875 3085 4930 per
3110 4874 3295 4915 eorum
3320 4901 3335 4926 ,
3358 4873 3481 4929 quae
3505 4857 3643 4913 dicta
3681 4856 3789 4907 sunt
3805 4886 3818 4911 ο

2267 4954 2690 5011 recordationem
2722 4954 3040 5009 introducat.
3067 4952 3293 5023 Suscipe
3322 4952 3490 5017 illum,
3520 4959 3577 5005 ut
3612 4956 3725 5003 ante
3753 4940 3811 4997 di-

2267 5056 2413 5103 ctum
2441 5054 2543 5113 est,
2567 5055 2622 5102 et
2651 5047 2704 5101 in
2733 5045 2896 5102 corde
2916 5046 3063 5101 illum
3091 5055 3181 5100 tuo
3201 5055 3504 5116 protensam
3522 5036 3723 5097 manum
3743 5035 3819 5087 ha-

2268 5141 2481 5197 bentem
2510 5142 2643 5197 siste
2669 5157 2682 5194 :
2712 5140 2925 5211 suscipe
2951 5140 3205 5195 victorem
3242 5147 3552 5195 coronatum
3572 5178 3587 5201 ,
3616 5146 3708 5189 nec
3728 5140 3822 5182 um-

2268 5247 2426 5302 quam
2453 5247 2520 5286 ex
2545 5240 2727 5287 mente
2754 5239 2844 5286 tua
2866 5230 3016 5289 exire
3042 5231 3313 5302 permitte.
3341 5229 3541 5284 Idcirco
3570 5239 3660 5278 vos
3686 5218 3821 5276 etiam

2269 5325 2336 5380 ad
2363 5323 2509 5395 ipsos
2534 5332 2840 5379 sanctorum
2865 5330 3159 5395 martyrum
3187 5321 3388 5377 loculos
3413 5316 3748 5374 adduximus.
3778 5311 3824 5358 ιιι

2271 5418 2388 5488 ipse
2408 5433 2502 5473 vos
2522 5426 2839 5488 conspectus
2873 5415 2941 5471 ad
2968 5417 3217 5471 virtutem
3231 5409 3623 5485 quodammodo
3647 5403 3821 5499 incitet.

2273 5524 2327 5570 et
2349 5513 2416 5568 ad
2440 5512 2686 5570 eumdem
2718 5529 2815 5570 vos
2830 5512 3002 5567 zelum
3019 5506 3327 5577 aecingatis.
3346 5505 3474 5561 Nam
3496 5501 3706 5557 militem
3727 5504 3823 5561 qut-

2271 5610 2393 5666 dem
2424 5609 2849 5681 praestantissimi
2873 5606 3169 5677 cuiuspiam
3186 5601 3457 5659 bellatoris
3482 5596 3673 5653 excitat
3688 5586 3822 5644 etiam

2274 5705 2445 5772 fama;
2473 5705 2639 5760 multo
2661 5712 2837 5758 autem
2863 5697 3231 5757 vehementius
3251 5695 3473 5751 intuitus
3494 5699 3547 5746 et
3569 5688 3789 5755 aspectus
3806 5710 3819 5735 ν

2273 5811 2336 5854 ac
2357 5797 2653 5869 praesertim
2679 5795 2722 5851 si
2751 5796 2925 5865 ipsum
2952 5789 3224 5848 fortissimi
3271 5782 3543 5842 bellatoris
3568 5773 3819 5871 tentorium

2281 5897 2572 5968 ingressus,
2596 5886 3059 5963 sanguinolentum
3082 5896 3267 5942 ensem
3286 5872 3502 5947 viderit,
3520 5877 3669 5945 caput
3682 5869 3819 5923 hostis
