4088 6456
469 438 577 494 879

470 552 564 608 καί
608 554 671 605 τὸ
709 554 809 624 τῆς
847 552 1139 627 ἐπιϐουλῆς
1165 554 1550 626 ἐπιτεταμένον
1575 555 1665 608 καὶ
1685 553 1756 607 ντὸ
1782 552 1882 623 τῆς
1912 566 2052 604 κακ-

467 636 695 708 ουργίας
740 637 981 692 ποικίλον
1040 639 1355 710 προσθήκην
1384 638 1479 692 καὶ
1510 635 1845 707 πλεονασμὸν
1871 634 2051 687 πλείο-

463 735 558 782 νος
586 716 746 788 δόξης
796 721 1173 790 παρεσκεύασε
1216 721 1565 792 γενέσθαιτῷ
1591 721 1845 791 μάρτυρι.
1880 719 2049 771 Ὅταν

465 800 578 870 γάρ
596 800 762 872 μυρία
778 804 1161 874 κακουργήσας
1173 806 1202 857 ὁ
1222 805 1645 876 ἀνταγωνιστὴς,
1659 800 1780 857 εἶτα
1797 800 2049 873 ἡττηθεὶς

464 884 699 956 ἀπέλθῃ,
740 885 861 937 τότε
918 886 1296 959 λαμπρότερος
1322 888 1527 957 γίνεται
1574 887 1673 956 τῆς
1716 884 2048 948 εύσεϐείαςδ

464 966 729 1036 ἀθλητής·
758 966 895 1037 ὅπερ
915 969 1008 1020 καί¹
1031 970 1269 1023 ἐνταῦθα
1296 970 1627 1024 συνέϐαινεν.
1657 969 1859 1038 Ἐμενε
1890 966 2000 1036 γὰρ
2020 967 2050 1019 ό

465 1051 741 1122 μακάριος
791 1050 1054 1123 Βαρλαάμ
1083 1053 1274 1125 ἀκλινῆ
1320 1055 1415 1107 καὶ
1445 1054 1842 1125 ἀπερίτρεπτον
1865 1048 2048 1121 τηρῶν

460 1135 565 1201 τὴν
589 1136 765 1204 χεῖρα,
796 1133 1049 1207 καθάπερ
1079 1136 1190 1189 ἀπὸ
1233 1137 1448 1208 σιδήρου
1489 1134 1852 1206 συγκειμένην
1884 1132 2044 1202 ἐχων-

462 1215 644 1268 καίτοι
673 1217 721 1269 εἰ
752 1215 902 1288 [684]
934 1220 1260 1292 παρετράπη
1293 1222 1326 1291 ή
1356 1221 1497 1292 χεὶρ,
1524 1219 1634 1274 οὐδ’
1656 1218 1827 1282 οὕτως
1856 1213 1924 1288 ἦν
1951 1216 2046 1286 ἐγ-

463 1298 568 1368 κλη
576 1315 652 1367 μα
683 1299 776 1352 τοῦ
813 1301 1106 1371 μάρτυρος.

534 1382 604 1450 γ’.
639 1382 905 1438 Ἐνταῦθά
929 1403 1018 1453 μοι
1044 1385 1184 1456 μετά
1201 1386 1487 1461 ἀκριϐείας
1506 1386 1801 1459 προσέχετε
1823 1385 2043 1451 πάντες,

466 1463 553 1516 ἵνα
588 1462 817 1533 μάθητε,
854 1466 937 1520 ὃτι
975 1469 1024 1521 εί
1053 1470 1146 1523 καὶ
1182 1470 1522 1540 περιετράπη
1570 1471 1604 1541 ή
1632 1468 1800 1533 δεξιὰ,
1834 1470 1935 1522 οὐκ
1975 1464 2044 1539 ἦν

462 1542 602 1619 ἧττα
632 1547 694 1600 τὸ
729 1549 1035 1620 γενόμενον·
1059 1552 1111 1604 τί
1132 1552 1500 1623 δήποτε;”οτι
1533 1552 1785 1624 καθάπερ
1813 1553 1905 1606 ἐπὶ
1935 1551 2043 1605 τῶν

464 1631 564 1694 τάς
590 1630 829 1702 πλευρὰς
878 1633 1352 1706 καταξαινομένων
1378 1634 1411 1705 ἢ
1447 1636 1541 1689 καὶ
1568 1635 1770 1706 ἐτέρως
1795 1651 1914 1697 πως
1948 1634 2046 1704 βας

464 1713 833 1784 σανιζομένων
874 1716 1153 1787 κρίνομεν,
1197 1718 1340 1773 οῦτω
1385 1719 1481 1772 καὶ
1528 1718 1764 1774 ἐνταῦθα
1802 1718 2043 1784 δικάζειν

466 1798 589 1868 χρή.
618 1796 715 1849 Ἂν
737 1797 835 1869 μὲν
866 1799 974 1871 γὰρ
995 1800 1185 1854 ὲνδῶσι
1208 1802 1301 1855 καὶ
1328 1801 1552 1863 θύσωσι,
1582 1802 1645 1855 τὸ
1665 1801 1916 1872 ἔγκλημα
1942 1802 2043 1871 τῆς

462 1880 747 1944 ἀσθενείας
773 1881 952 1935 αὐτῶν
979 1882 1206 1952 γίνεται,
1235 1884 1430 1948 δτιτάς
1463 1884 1654 1948 ὀδύνας
1679 1885 1781 1938 οὐκ
1802 1885 2047 1953 ἐνεγκόν-

462 1979 554 2026 τες
578 1962 797 2017 ἔθυσανο
820 1963 887 2018 ἂν
913 1964 970 2019 δέ
997 1967 1499 2039 ἐγκαρτερήσαντες
1519 1970 1641 2031 ταῖς
1680 1967 1934 2038 βασάνοις
1955 1968 2044 2021 ἀλ·

466 2045 677 2116 γήσωσι
709 2047 810 2117 μὲν
830 2047 915 2116 ἐφ’
948 2042 1031 2111 οἷς
1052 2050 1322 2120 πάσχωσι,
1368 2051 1442 2121 μὴ
1471 2049 1714 2123 προδῶσι
1744 2049 1802 2103 δὲ
1826 2049 1925 2123 τὴν
1947 2050 2041 2103 εύ-

463 2126 700 2191 σέϐειαν,
730 2128 905 2193 οὐδεὶς
927 2131 1124 2196 αὐτοὺς
1147 2133 1286 2203 ὑπὲρ
1310 2133 1420 2186 τῶν
1453 2132 1761 2204 ἀλγηδόνων
1801 2134 2040 2186 αἰτιᾶται

463 2209 685 2271 τούτων.
701 2211 840 2266 ἀλλά
861 2213 951 2267 διὰ
976 2212 1134 2269 τοῦτο
1153 2216 1413 2286 μειζόνως
1428 2217 1623 2281 αὐτοὺς
1643 2216 2037 2288 ἀποδεχόμεθα,

461 2294 558 2347 καὶ
579 2292 952 2367 θαυμάζομεν,
992 2297 1075 2350 ὅτι
1101 2299 1196 2351 καὶ
1220 2298 1571 2370 όδυνηθέντες
1590 2299 1910 2371 ὑπέμειναν,
1946 2300 2041 2354 καὶ

454 2376 560 2430 οὐκ
587 2377 912 2447 ἠρνήσαντο.
942 2379 1052 2434 Καὶ
1073 2380 1307 2435 ἐνταῦθα
1328 2382 1527 2448 τοίνυν,
1558 2383 1606 2435 εἰ
1631 2382 1731 2452 μὲν
1751 2383 1852 2436 οὐκ
1882 2385 2036 2452 ἐνεγ-

457 2458 574 2512 κὼν
597 2462 626 2513 ό
642 2460 910 2530 μακάριος
941 2462 1208 2534 Βαρλαάμ
1226 2464 1289 2517 τὸ
1313 2464 1559 2519 καίεσθαι
1581 2464 1848 2535 ὑπέσχετο
1867 2465 2036 2532 θύειν,

456 2542 689 2614 ἡττήθη*
725 2544 775 2595 εἰ
823 2542 881 2598 δὲ
938 2545 1104 2599 αὐτοῦ
1155 2546 1230 2618 μὴ
1267 2547 1560 2612 ἐνδιδόντος
1612 2548 1955 2620 περιετράπη
2002 2550 2036 2620 ή

457 2628 602 2696 χεὶρ,
627 2625 727 2679 οὐκ
764 2626 911 2682 ἐστιν
939 2627 1191 2700 ἔγκλημα
1216 2629 1374 2683 τοῦτο
1389 2630 1487 2701 τῆς
1506 2629 1730 2701 γνώμης
1753 2629 1846 2684 τοῦ
1893 2632 2037 2702 μάρ-

456 2720 642 2779 τυρος
690 2709 750 2762 οὐ
784 2710 892 2780 γάρ
946 2712 1044 2783 τῆς
1080 2713 1455 2783 προαιρέσεως
1501 2712 1851 2784 ἀσθενούσης,
1902 2714 2038 2769 ἀλλά

458 2791 559 2862 τῆς
590 2791 703 2846 τῶν
755 2793 963 2866 νεύρων
999 2794 1213 2863 φύσεως
1251 2795 1392 2849 κατὰ
1430 2796 1523 2851 τὸν
1549 2796 1677 2851 ίδιον
1720 2798 1893 2863 τόνον,
1943 2803 2037 2856 καὶ

455 2872 685 2939 ἄκοντος
705 2875 805 2946 τῆς
846 2877 1028 2947 χειρὸς
1053 2877 1147 2931 τοῦ
1170 2879 1328 2946 ἀγίου
1357 2879 1771 2952 καμπτομένης,
1809 2881 1915 2935 ὑπὸ
1941 2880 2035 2935 τοῦ

460 2957 632 3028 πυρὸς
656 2958 816 3011 τοῦτο
834 2960 1169 3015 συνέϐαινεν.
1202 2962 1409 3033 Ὠσπερ
1440 2962 1549 3035 γάρ
1572 2967 1685 3027 τοῖς
1722 2976 1747 3005 ³
1782 2964 2035 3035 ξαινομέ-

454 3054 574 3101 νοις
596 3040 696 3103 τάς
752 3041 996 3113 πλευρὰς
1046 3046 1148 3097 οὐκ
1185 3044 1544 3116 ἐγκαλοῦμεν,
1576 3047 1658 3099 ὅτι
1699 3046 2035 3118 διασχίζεται

454 3121 639 3177 αὐτῶν
685 3124 720 3193 ἠ
762 3124 920 3197 σάρξ’
966 3127 1165 3197 μᾶλλον
1203 3126 1263 3180 δὲ
1306 3129 1391 3183 ἵνα
1420 3129 1710 3202 ἐγγύτερον
1742 3132 1933 3199 ἀγάγω
1975 3134 2037 3184 τὸ

456 3206 832 3278 παράδειγμαο
884 3207 1075 3282 ὥσπερ
1115 3214 1226 3274 τοῖς
1253 3211 1580 3283 πυρέττουσι
1608 3214 1700 3267 καὶ
1730 3216 2036 3284 σπωμένοις

452 3289 632 3352 οὐδεὶς
650 3289 715 3344 ἂν
740 3291 1007 3361 μέμφοιτο
1039 3294 1439 3363 καμπτομένων
1468 3295 1650 3360 αὐτοῖς
1676 3294 1784 3349 τῶν
1815 3297 2031 3368 χειρῶν·

451 3374 522 3427 οὐ
554 3372 662 3445 γὰρ
689 3376 788 3445 τῆς
808 3376 1034 3429 ἐκείνων
1065 3375 1318 3446 βλακείας
1343 3378 1460 3432 ἐστὶ
1486 3379 1548 3431 τὸ
1582 3378 1882 3450 γινόμενον,
1901 3380 2036 3435 ἀλλά

451 3456 560 3526 τῆς
592 3456 789 3525 φλογὸς
815 3456 911 3511 τοῦ
960 3460 1264 3530 νοσήματος
1294 3463 1392 3530 τὴν
1425 3460 1603 3514 νοτίδα
1640 3461 2036 3534 ἀναλισκούσης

454 3539 554 3592 καὶ
600 3540 961 3611 συνελκούσης
1010 3543 1161 3616 παρά
1200 3542 1359 3611 φύσιν
1406 3543 1591 3598 λοιπὸν
1622 3546 1732 3599 τῶν
1771 3548 1799 3586 b
1829 3546 2035 3619 νεύρων

451 3621 559 3690 τὴν
589 3622 931 3678 ἀκολουθίαν’
972 3624 1146 3689 οὕτως
1183 3626 1301 3678 ούδέ
1334 3625 1426 3680 τὸν
1460 3626 1615 3696 ἀγιον
1632 3628 1820 3682 τοῦτον
1845 3631 1910 3685 ἀν
1951 3646 2036 3695 τις

452 3703 742 3775 ἐμέμψατο
791 3706 893 3777 τῆς
940 3709 1119 3779 χειρὸς
1173 3710 1620 3782 περιτραπείσης.
1682 3713 1746 3766 Εἰ
1782 3712 1891 3781 γὰρ
1928 3730 2035 3767 πυ-

458 3787 615 3857 ρετὸς
644 3790 735 3841 καὶ
762 3787 985 3854 ἄκοντος
1016 3790 1109 3843 τοῦ
1154 3791 1449 3862 κάμνοντος
1486 3795 1763 3849 συνέλκειν
1788 3798 1857 3851 τὰ
1898 3799 2033 3869 μέλη

454 3871 672 3940 πέφυκε
726 3873 819 3928 καὶ
866 3874 1243 3947 διαστρέφειν,
1292 3877 1470 3948 πολλῷ
1518 3879 1718 3949 μᾶλλον
1763 3880 2035 3952 ἄνθρακες

455 3955 796 4039 ἐπικείμενοι
842 3957 1013 4030 δεξιᾷ,
1064 3961 1159 4013 καὶ
1209 3962 1283 4033 μὴ
1339 3962 1579 4028 ἐνδόντος
1611 3966 1706 4019 τοῦ
1758 3968 2035 4039 μάρτυρος

452 4037 618 4093 τοῦτο
647 4040 713 4093 ἂν
738 4041 1083 4112 είργάσαντο.
1124 4044 1262 4097 Ἀλλ’
1278 4046 1428 4117 ὅμως
1459 4048 1560 4101 οὐκ
1584 4050 1929 4121 εἰργάσαντο,
1943 4037 2037 4106 -ἴνα

452 4124 526 4176 ἐκ
549 4139 615 4175 πε
623 4126 1080 4199 ριουσίαςμάθῃς,
1099 4129 1180 4182 ὅτι
1194 4130 1330 4184 Θεοῦ
1352 4131 1510 4203 χάρις
1522 4129 1640 4204 ἧνή
1672 4136 2035 4206 συμπαροῦσα

453 4206 555 4259 καὶ
586 4206 882 4276 ἀλείφουσα
904 4209 993 4263 τὸν
1019 4211 1275 4284 ἀθλητὴν,
1308 4215 1403 4269 καὶ
1429 4216 1491 4269 τὸ
1509 4218 1609 4287 τῆς
1641 4216 1854 4286 φύσεως
1872 4219 2032 4273 ἐλάτ-

449 4305 615 4359 τωμα
643 4290 1019 4363 διορθουμένη·
1048 4294 1172 4348 οὔτε
1202 4296 1339 4368 αὑτὴ
1376 4298 1446 4351 τά
1465 4301 1665 4369 ἐαυτῆς
1692 4301 1859 4354 ἔπαθε
1893 4303 2035 4357 κατά

449 4370 634 4458 τοῦτο,
663 4373 776 4427 ἀλλ’
797 4376 872 4440 ὠς
896 4377 956 4442 ἐξ
970 4388 992 4415 ο
1014 4378 1317 4448 ἀδάμαντος
1334 4384 1613 4453 πεπηγυῖα
1637 4386 1671 4455 ή
1691 4384 1811 4457 χεὶρ
1827 4386 2032 4458 ἐκείνη,

450 4454 630 4518 οὔτως
675 4458 1076 4531 άπερίτρεπτος
1123 4462 1333 4532 ἔμενεν.
1368 4465 1462 4529 Τίς
1492 4465 1616 4519 τότε
1655 4454 1797 4537 δρῶν
1830 4470 1931 4523 οὐκ
1968 4454 2034 4526 ἀν

452 4538 772 4626 ἐθαύμασες
803 4543 888 4608 τίς
916 4544 1016 4599 οὐκ
1037 4545 1104 4599 ἀν
1128 4546 1350 4618 ἐφριξε;
1385 4549 1681 4604 Διέκυπτον
1709 4552 1915 4608 ἀνωθεν
1938 4556 2035 4626 ἀγ-

450 4623 625 4711 γελοι,
649 4623 917 4711 ἐθεώρουν
944 4628 1296 4699 ἀρχάγγελοιο
1319 4632 1572 4705 λαμπρὸν
1603 4630 1672 4706 ἦν
1696 4636 1759 4690 τὸ
1788 4623 2032 4711 θέατρον,

448 4706 554 4796 καὶ
575 4707 902 4796 ύπερϐαίνον
919 4710 1088 4796 δντως
1116 4714 1213 4786 τὴν
1240 4715 1584 4789 ἀνθρωπίνην
1612 4720 1793 4789 φύσιν.
1816 4722 1912 4788 Τίς
1922 4706 2036 4796 γὰρ

449 4789 560 4874 ούκ
590 4789 656 4874 ἀν
680 4791 1027 4865 ἐπεθύμησεν
1044 4795 1172 4849 ἰδεῖν
1192 4797 1479 4870 ἄνθρωπον
1503 4802 1924 4874 ἀγωνιζόμενον,
1940 4789 2037 4863 καὶ

450 4872 518 4925 ού
536 4873 815 4963 πάσχοντα
840 4877 911 4963 τά
934 4878 1044 4933 τῶν
1070 4879 1408 4949 ἀνθρώπως
1438 4884 1529 4938 τὸν
1551 4887 1716 4941 αὑτὸν
1741 4872 2037 4963 θυσιαστή-

453 4971 598 5027 ριον,
620 4959 715 5011 καὶ
735 4961 950 5029 ίερείον,
971 4964 1068 5016 καὶ
1090 4964 1240 5035 ἱερέα
1259 4967 1571 5038 γινόμενον;
1593 4972 1684 5024 Διδ
1703 4972 1797 5025 καὶ
1816 4959 2040 5036 διπλοῦς

448 5040 710 5124 δίκαπνδς
729 5041 905 5113 ἀνῄει,
917 5046 947 5097 ό
967 5045 1067 5115 μὲν
1085 5047 1182 5100 τοῦ
1203 5047 1502 5105 λιϐανωτοῦ
1521 5053 1827 5124 ἁπτομένου
1843 5054 1891 5122 τί,
1933 5061 1961 5112 ό
1978 5058 2032 5113 δέ

445 5123 552 5192 τῆς
583 5124 787 5195 σαρκὸς
813 5128 1124 5199 τηκομένης
1147 5145 1161 5157 ·
1190 5133 1288 5184 καὶ
1325 5128 1393 5204 ἦν
1417 5136 1446 5186 ό
1472 5123 1677 5200 καπνὸς
1700 5131 1857 5201 οὗτος
1887 5140 2035 5194 ἐκεί-

447 5222 547 5258 νου
592 5207 1026 5283 προσηνέστερος
1047 5223 1092 5278 ε,
1121 5212 1262 5286 αῦτη
1285 5217 1342 5271 δέ
1378 5220 1411 5290 ή
1443 5221 1641 5277 εὑιώία
1673 5224 1888 5298 ἐκείνης
1917 5227 2036 5298 βελε-

516 5349 545 5418 ξ
568 5350 668 5418 Alii
685 5353 847 5418 ὥσπερ
867 5354 949 5404 οὖν
964 5358 1080 5415 τοῖς.

516 5408 1175 5496 ΗῙΙ-υξῃῐξςξζι
1191 5423 1328 5472 λυπεῖ
1347 5426 1459 5475 τῶν.
1495 5426 1625 5479 Infra
1643 5430 1771 5496 δεξιᾷ
1795 5436 1908 5495 post
1929 5432 2037 5483 ἐπι-

450 5474 833 5541 κείμενοιρερεῐ
850 5474 1209 5541 ἱιιίιὶιὶδίιεόειη
1239 5498 1356 5534 mss.

523 5533 739 5613 ξενίη..
754 5533 1079 5613 διορθρυμένητς
1102 5544 1236 5593 οὐδὲν
1257 5533 1410 5613 γάρτι
1429 5551 1525 5597 τῶν
1549 5552 1717 5611 ἑαυτῆς
1750 5556 1875 5603 κατά
1895 5553 2040 5605 τοῦτο

456 5593 1169 5692 ἐξέτηϊξὶἑλέρἒέέἒέξξξς
1202 5593 1340 5685 ,υιίίιέ
1364 5593 2039 5681 δίοὲδόυῐιὶἢτὶῡέῖῖγέιῐῑὶί

451 5662 709 5765 τῶἔέἶτῆς
732 5662 857 5708 κατά
874 5662 1035 5711 τοῦτο’
1063 5662 1270 5740 ἀλλξῲς,
1441 5662 1453 5675 ’
1553 5662 1564 5675 ·
1657 5662 1667 5672 ·
1877 5662 1949 5681 αττ
2001 5662 2035 5667 ν-

530 5789 555 5798 ,
574 5731 657 5798 cl?
682 5724 996 5798 £9'_'£*‘!'!"9
1015 5736 1044 5773 θ
1065 5725 1276 5798 Samio;
1297 5731 1560 5798 ἓβεειέεωτ
1576 5736 1870 5798 ὀπτωμενου.
1897 5738 2035 5789 Enn.

528 5789 555 5819 ε
574 5779 656 5863 δίε
682 5779 856 5863 Μᾼοτει.
878 5789 932 5835 οι
954 5798 1082 5838 unus
1102 5789 1226 5853 Reg.
1250 5779 1392 5843 Ᾰϋιῖὲ
1414 5779 1547 5859 RBE
1563 5779 2035 5863 ᾖνέσῗῷἇςῖέῖιῖιῆί

447 5847 812 5912 θυμηρέστερος.

1528 435 1599 490 IN
1638 436 1676 490 S
1737 429 2170 489 ΒΑιιιΑΑιιωι
2209 430 2621 492 MARTYREM.

3619 443 3729 501 630

2153 548 2305 604 τίων.
2334 552 2446 606 Καὶ
2476 553 2640 607 ταυτὸ
2667 553 2975 607 συνέϐαινεν
2997 555 3134 626 ὅπερ
3162 554 3255 609 καὶ
3278 554 3373 609 ἐπὶ
3396 555 3495 627 τῆς
3523 557 3685 628 βάτου
3705 577 3725 594 σ

2151 632 2404 708 καθάπερ
2434 637 2543 709 γὰρ
2572 640 2754 708 ἐκείνη
2797 641 2830 708 ἡ
2881 639 3041 708 βάτος
3082 640 3317 701 ἐκαίετο,
3358 638 3451 694 καὶ
3494 641 3554 693 ού
3588 660 3725 696 κατ-

2151 717 2389 780 ἐκαίετο,
2419 719 2564 774 οὕτω
2582 722 2677 774 καὶ
2696 722 2935 776 ἐνταῦθα
2957 723 3173 776 ἐκαίετο
3199 723 3298 794 μὲν
3326 723 3548 794 ήδεξιά,
3573 724 3727 798 [685]

2150 801 2216 853 οὐ
2239 802 2607 872 κατεφλέγετο
2637 803 2693 858 δέ
2718 805 2751 875 ὴ
2778 804 2925 877 ψυχή
2946 820 2962 835 θ
2994 805 3300 859 ἐδαπανᾶτο
3326 807 3386 859 τὸ
3418 808 3597 878 σῶμα,
3632 810 3727 862 καὶ

2148 883 2250 937 οὐκ
2279 884 2543 955 ἀνηλοῦτο
2570 888 2604 957 ή
2637 887 2820 951 πίστις
2838 905 2851 917 ·
2888 888 3234 959 ἀπηγόρευεν
3262 889 3296 960 ή
3326 886 3483 960 σὰρξ,
3510 891 3602 943 καὶ⁹
3627 891 3729 943 οὐκ

2150 967 2493 1040 ἀπηγόρευεν
2520 971 2553 1041 ἠ
2580 969 2892 1042 προθυμία’
2924 972 3019 1024 καὶ
3038 974 3087 1024 οί
3123 972 3219 1042 μέν
3248 970 3519 1043 ἄνθρακες
3548 973 3610 1025 τὸ
3638 974 3730 1042 μέ-

2151 1067 2241 1104 σον
2273 1051 2375 1120 τῆς
2412 1052 2593 1124 χειρὸς
2621 1052 3010 1124 διατρήσαντες
3053 1053 3341 1120 ἐξέπιπτον
3386 1054 3558 1120 κάτω,
3590 1058 3623 1127 ἡ
3668 1056 3727 1110 δὲ

2147 1134 2368 1203 ἀνδρεία
2412 1137 2511 1205 τῆς
2553 1136 2731 1207 ψυχῆς
2776 1137 2837 1191 οὐ
2884 1136 3190 1190 διέπιπτεν’
3238 1137 3413 1209 ἀλλ’ἢ
3462 1139 3558 1209 μὲν
3603 1139 3726 1212 χεὶρ

2147 1217 2393 1287 ἀνήλωτο
2417 1219 2511 1272 καὶ
2538 1220 2710 1292 ἐρῤύη
2729 1238 2744 1254 ο
2775 1221 2913 1294 σάρξ
2938 1220 3046 1294 γάρ
3073 1216 3163 1293 ἦν,
3210 1222 3303 1274 καὶ
3335 1221 3435 1274 οὑκ
3470 1222 3681 1291 ἀδάμας
3708 1241 3722 1254 ⁸

2147 1300 2181 1369 ἡ
2211 1299 2266 1352 δὲ
2293 1301 2439 1371 ψυχὴ
2466 1302 2661 1372 ἑτέραν
2689 1305 2943 1378 ἐπεζήτει
2966 1307 3124 1375 χεῖρα
3154 1303 3336 1365 πάλιν,
3367 1302 3509 1357 ὥστε
3544 1302 3639 1357 καὶ
3666 1308 3725 1359 ἐν

2145 1381 2329 1453 ἐκείνῃ
2378 1384 2475 1455 τὴν
2521 1387 2817 1456 καρτερίαν
2863 1386 3254 1454 ἐπιδείξασθαι.
3310 1388 3421 1440 Καὶ
3472 1387 3725 1459 καθάπερ

2147 1464 2486 1537 στρατιώτης
2534 1471 2779 1535 γενναῖος
2826 1471 2907 1532 εἰς
2956 1469 3249 1540 πολεμίους
3299 1469 3579 1531 εἰσελθὼν,
3628 1472 3724 1525 καὶ

2145 1547 2461 1617 κατακόψας
2484 1548 2582 1620 τὴν
2598 1550 2855 1620 φάλαγγα
2879 1551 2987 1607 τῶν
3010 1552 3526 1623 ἀνταγωνιζομένων
3550 1552 3719 1623 αὐτῷ,

2142 1630 2441 1696 διακλάσας
2479 1635 2541 1686 τὸ
2581 1632 2733 1703 ξίφος
2779 1637 2846 1706 τῇ
2898 1635 3196 1706 πυκνότητι
3247 1634 3355 1688 τῶν
3404 1634 3723 1706 ἐπαλλήλων

2144 1713 2391 1783 πληγῶν,
2431 1709 2550 1769 εἶτα
2598 1718 2957 1788 ἐπιστραφεὶς
3008 1717 3194 1789 ἕτερον
3241 1719 3511 1786 ἐπιζητεῖ,
3547 1719 3635 1772 διὰ
3663 1720 3724 1773 τδ

2146 1796 2372 1867 μηδέπω
2396 1797 2555 1869 κόρον
2582 1798 2862 1870 εἰληφέναι
2894 1804 2994 1872 τῆς
3022 1801 3131 1855 τῶν
3164 1801 3438 1873 πολεμίων
3470 1806 3683 1872 σφαγῆς
3703 1819 3720 1836 ⁶

2141 1877 2287 1933 οὕτω
2307 1879 2373 1950 δὴ
2393 1881 2486 1934 καὶ
2508 1882 2541 1952 ἡ
2568 1881 2715 1953 ψυχὴ
2738 1881 2832 1935 τοῦ
2859 1884 3133 1955 μακαρίου
3153 1883 3421 1957 Βαρλαάμ
3446 1884 3543 1956 τὴν
3566 1889 3725 1956 χεῖρα

2141 1961 2466 2017 ἀναλώσασα
2509 1966 2568 2018 ἐν
2613 1966 2694 2035 τῷ
2741 1966 3107 2021 κατακόπτειν
3147 1966 3248 2031 τὰς
3295 1967 3585 2036 φάλαγγας
3614 1968 3724 2023 τῶν

2139 2043 2431 2114 δαιμόνων,
2454 2046 2647 2117 ἐτέραν
2677 2046 2934 2119 ἐπεζήτει
2962 2048 3141 2113 δεξιάν
3170 2049 3353 2116 πάλιν,
3386 2049 3527 2104 ὥστε
3554 2052 3647 2104 καὶ
3666 2053 3725 2104 ἐν

2141 2128 2323 2199 ἐκείνῃ
2345 2129 2444 2201 τὴν
2465 2129 2777 2201 προθυμίαν
2803 2130 3196 2196 ἐπιδείξασθαι.
3215 2130 3302 2205 Μὴ
3324 2132 3434 2206 γάρ
3458 2152 3546 2205 μοι
3566 2134 3726 2189 τοῦτο

2140 2212 2320 2284 εῐπῃς,
2345 2212 2426 2266 ὅτι
2460 2214 2588 2283 μίαν
2610 2214 2841 2280 ἐξέδωκε
2870 2217 3031 2287 χεῖρα
3058 2216 3219 2287 μόνον
3239 2234 3255 2250 ο
3278 2218 3415 2273 ἀλλά
3439 2218 3597 2272 τοῦτο
3619 2219 3725 2291 πρὸ

2140 2293 2348 2347 ἐκείνου
2377 2296 2568 2359 ἐννόει,
2609 2297 2693 2350 ὃτι
2740 2298 2769 2350 δ
2815 2299 2915 2369 τὴν
2949 2301 3109 2370 χεῖρα
3138 2301 3392 2371 προδοὺς,
3426 2294 3583 2365 οὗτος
3628 2303 3724 2356 καὶ

2139 2375 2239 2447 τὴν
2285 2378 2529 2451 κεφαλὴν
2571 2378 2834 2447 ἐξέδωκεν
2862 2380 2950 2445 ἂν,
2992 2383 3088 2436 καὶ
3123 2382 3224 2446 τὰς
3259 2383 3500 2457 πλευρὰς
3549 2383 3723 2457 1:906-

2141 2458 2299 2530 θηκε,
2333 2462 2429 2514 καὶ⁴
2464 2463 2618 2533 πυρὶ,
2660 2463 2753 2516 καὶ
2784 2462 3017 2534 θηρίοις,
3054 2465 3147 2518 καὶ
3170 2466 3418 2534 πελάγει,
3455 2468 3550 2521 καὶ
3593 2484 3726 2539 κρη-

2143 2543 2279 2613 μνῷ.
2312 2546 2406 2598 καὶ
2435 2545 2674 2618 σταυρῷ,
2710 2548 2805 2599 καὶ
2852 2546 3053 2620 τροχῷ,
3089 2549 3184 2601 καὶ
3229 2550 3366 2620 πρὸς
3412 2550 3596 2615 πάσας
3622 2552 3724 2616 τάς

2139 2626 2503 2692 ἀκουσθείσας
2551 2629 2683 2682 ποτέ
2712 2618 3386 2700 τιμωρίαςπαρετάξατο,
3420 2633 3513 2686 καὶ
3545 2635 3722 2688 πάντα

2138 2707 2361 2771 ἔπαθεν,
2410 2712 2460 2763 εἰ
2506 2711 2600 2764 καὶ
2641 2709 2717 2782 μὴ
2745 2714 2811 2783 τῇ
2844 2712 3029 2784 πείρᾳ,
3067 2714 3208 2768 ἀλλά
3236 2718 3302 2786 τῇ
3334 2715 3609 2786 προθέσει.
3644 2718 3721 2772 Οὐ

2137 2790 2246 2862 γάρ
2280 2791 2418 2863 πρὸς
2455 2792 2771 2864 ὡρισμένας
2800 2794 3055 2859 κολάσεις
3091 2796 3404 2851 ἀπαντῶσιν
3437 2800 3487 2851 οἰ
3519 2799 3724 2869 μάρτυ-

2140 2892 2254 2945 ρες,
2293 2876 2429 2930 ἀλλά
2456 2877 2595 2949 πρὸς
2630 2877 2918 2950 ἀορίστους
2956 2878 3282 2934 ἀποδύονται
3327 2882 3626 2953 τιμωρίας·
3659 2884 3720 2935 οὐ

2136 2959 2246 3029 γάρ
2291 2961 2397 3012 εἰσι
2444 2960 2625 3031 κύριοι
2671 2961 2772 3033 τῆς
2818 2960 3045 3033 γνώμης
3090 2963 3199 3017 τῶν
3255 2963 3556 3035 τυράννων,
3602 2965 3724 3018 οὐδὲ

2136 3043 2296 3113 ὅρους
2328 3044 2513 3107 αὐτοῖς
2537 3045 2629 3098 καὶ
2657 3044 2833 3115 μέτρα
2862 3045 3143 3116 τιμωριῶν
3170 3046 3413 3101 τιθέασιν
3433 3065 3446 3078 ·
3485 3048 3599 3101 ἀλλ’
3621 3049 3723 3102 ὅσα

2137 3124 2204 3178 ἂν
2230 3126 2427 3189 αὐτοὺς
2455 3127 2488 3196 ἡ
2518 3125 2887 3197 ἀπάνθρωπος
2910 3128 3005 3180 καὶ
3035 3127 3307 3199 θηριώδης
3333 3129 3557 3184 ἐκείνων
3582 3130 3717 3199 γνώ-

2140 3222 2215 3278 μη
2245 3207 2510 3262 διαθεῖναι
2553 3208 2874 3282 ἐπιθυμήσῃ
2918 3209 3083 3275 κακὰ,
3119 3211 3354 3264 τοσαῦτα
3383 3212 3722 3284 εἰσέρχονται

2136 3289 2448 3360 πεισόμενοι
2469 3307 2482 3320 ’
2516 3291 2656 3361 πλὴν
2688 3291 2754 3345 ἂν
2796 3292 2871 3363 μὴ
2900 3292 3103 3362 μεταξὺ
3134 3294 3196 3346 τὸ
3224 3294 3385 3365 σῶμα
3415 3295 3724 3366 ἀπαγορεῦ-

2138 3388 2235 3425 σαν
2260 3372 2582 3443 ἀπλήρωτον
2617 3377 2674 3428 ἐν
2721 3373 2799 3445 τῷ
2856 3376 3007 3445 μέσῳ
3038 3377 3318 3451 καταλίπῃ
3344 3379 3445 3448 τὴν
3482 3379 3591 3431 τῶν
3626 3398 3723 3433 τυ-

2136 3455 2348 3527 ράννων
2383 3456 2698 3527 ἐπιθυμίαν.
2718 3458 3077 3530 Ἐμαραίνετο
3102 3460 3279 3513 τοίνυν
3312 3464 3344 3532 ἡ
3379 3462 3538 3533 σὰρξ,
3570 3463 3664 3515 καὶ
3688 3466 3722 3534 ἡ

2136 3539 2452 3609 προαίρεσις
2477 3540 2862 3612 προθυμοτέρα
2887 3542 3119 3610 ἐγίνετο,
3144 3543 3341 3607 αὐτοὺς
3372 3545 3500 3608 τοὺς
3528 3543 3625 3597 ἀνθ
3636 3563 3725 3616 ρα-

2136 3637 2238 3683 κας
2265 3623 2648 3695 παρερχομένη
2682 3627 2751 3695 τῇ
2782 3624 3149 3696 λαμπρότητι,
3180 3626 3274 3678 καὶ
3311 3625 3510 3697 μᾶλλον
3543 3626 3724 3680 αὐτῶν

2134 3706 2540 3760 ὰποστίλϐουσα
2558 3723 2572 3737 ’
2602 3708 2975 3779 πνευματικὸν
2994 3708 3104 3779 γὰρ
3130 3709 3275 3762 ἐνδον
3302 3710 3587 3763 ἀνεκαίετο
3612 3710 3722 3781 πῦρ

2135 3791 2271 3844 πολὺ
2320 3790 2414 3843 τοῦ
2461 3791 2631 3864 πυρὸς
2671 3793 2862 3845 τούτου
2912 3793 3375 3865 φλογωδέστερον.
3414 3794 3514 3848 Διά
3563 3794 3724 3847 τοῦτο

2135 3876 2340 3938 ἐκεῖνος
2373 3876 2470 3945 τῆς
2500 3875 2699 3941 ἔξωθεν
2733 3877 2832 3929 οὐκ
2863 3876 3131 3948 ᾐσθάνετο
3175 3877 3394 3946 φλογὸς,
3431 3877 3617 3949 ἐπειδὴ
3660 3879 3723 3932 τὸ

2134 3957 2283 4011 ἔνδον
2326 3959 2489 4012 αὑτὸν
2534 3959 2688 4013 ἔκαιε
2724 3960 2835 4032 πῦρ
2860 3961 2923 4014 τὸ
2942 3960 3205 4033 διάπυρον
3231 3962 3326 4016 καὶ
3357 3960 3582 4027 διακαὲς
3624 3962 3723 4033 τῆς

2134 4041 2355 4113 ἀγάπης
2386 4042 2481 4096 τοῦ
2516 4042 2775 4114 Χριστοῦ.

2206 4214 2269 4268 δ’.
2312 4212 2497 4267 Ταῦτα
2530 4213 2602 4285 μὴ
2630 4212 2790 4283 μόνον
2821 4210 3128 4283 ἀκούωμεν,
3151 4213 3445 4286 ἀγαπητοί,
3470 4214 3605 4269 ἀλλά
3629 4216 3722 4270 καὶ

2139 4296 2433 4369 μιμώμεθα
2461 4296 2480 4335 ί
2491 4298 2694 4368 ,Ὅπερ
2721 4296 2829 4368 γάρ
2860 4297 2921 4362 ἐξ
2948 4298 3121 4368 ἀρχῆς
3146 4298 3351 4367 ἔλεγον,
3386 4297 3481 4353 καὶ
3511 4297 3606 4351 νῦν
3641 4299 3724 4351 λέ-

2135 4398 2249 4452 γω’
2305 4382 2380 4453 μὴ
2416 4380 2580 4453 μέχρι
2625 4382 2723 4453 τῆς
2756 4381 3038 4453 παρούσης
3084 4381 3233 4454 ὧρας
3284 4381 3647 4453 θαυμαζέσθω
3692 4385 3722 4437 ό

2140 4466 2352 4539 μάρτυς
2373 4465 2554 4537 μόνον,
2574 4465 2711 4519 ἀλλά
2732 4468 2826 4519 καὶ
2844 4468 3026 4521 οἴκαδε
3046 4466 3223 4521 ἀπιὼν
3253 4465 3484 4529 ἕκαστος
3515 4466 3721 4535 ἐπαγέ-

2140 4552 2251 4606 σθω
2278 4551 2370 4605 τὸν
2396 4551 2570 4618 ἆγιον,
2596 4551 2689 4604 καὶ
2713 4553 2793 4615 εἰς
2824 4550 2922 4622 τὴν
2953 4552 3133 4605 οἰκίαν
3163 4551 3431 4619 εἰσαγέτω
3451 4551 3551 4621 τὴν
3592 4553 3723 4605 ἐαυ-

2137 4637 2255 4702 τοῦ,
2298 4636 2498 4709 μᾶλλον
2542 4636 2599 4688 δὲ
2637 4638 2717 4699 είς
2744 4636 2844 4706 τὴν
2872 4635 3067 4689 ἑαυτοῦ
3096 4636 3327 4706 καρδίαν
3361 4634 3451 4688 διὰ
3482 4637 3582 4706 τῆς
3611 4635 3724 4690 τῶν

2136 4719 2442 4792 εἰρημένων
2477 4719 2717 4790 μνήμης.
2736 4718 3023 4782 Ὑπόδεξαι
3053 4718 3237 4784 αὐτὸν,
3266 4717 3343 4782 ώς
3371 4719 3719 4792 προείρηται,

2137 4804 2233 4858 καὶ
2262 4803 2458 4873 στῆσον
2487 4802 2582 4854 ἐπὶ
2605 4801 2704 4872 τῆς
2724 4801 2954 4872 καρδίας
2981 4800 3080 4872 τῆς
3104 4802 3205 4873 σῆς
3223 4801 3324 4874 τὴν
3348 4805 3505 4875 χεῖρα
3528 4803 3720 4874 ἔχοντα

2137 4885 2505 4957 ἐκτεταμένην
2527 4901 2540 4915 ·
2575 4884 2827 4950 ὑπόδεξαι
2843 4884 2933 4939 τὸν
2953 4886 3301 4959 στεφανίτην,
3328 4889 3422 4942 καὶ
3453 4888 3723 4959 μηδέποτε

2137 4971 2283 5042 ἀφῇς
2313 4968 2550 5037 ἐξελθεῖν
2577 4970 2677 5042 τῆς
2712 4968 2950 5033 διανοίας
2976 4970 3076 5040 τῆς
3105 4970 3223 5040 σῆς.
3262 4971 3363 5026 Διά
3388 4971 3547 5026 τοῦτο
3578 4973 3723 5043 ὑμᾶς

2138 5055 2232 5108 καὶ
2259 5054 2409 5125 παρὰ
2430 5053 2529 5116 τὰς
2559 5052 2734 5123 θήκας
2759 5051 2869 5105 τῶν
2892 5052 3068 5121 ἁγίων
3093 5053 3389 5128 μαρτύρων
3418 5056 3725 5127 ἠγάγομεν,

2138 5137 2225 5190 ’ίνα
2277 5138 2371 5190 καὶ
2422 5136 2531 5190 ἀπὸ
2581 5136 2683 5205 τῆς
2732 5136 2907 5205 ὅψεως
2960 5136 3161 5207 λάϐητέ
3201 5156 3325 5193 τινα
3376 5138 3725 5210 παράκλησιν

2135 5218 2336 5290 ἀρετῆς
2353 5228 2401 5281 Β,
2439 5219 2534 5273 καὶ
2580 5219 2717 5290 πρὸς
2756 5220 2847 5273 τὸν
2884 5222 3046 5274 αὑτὸν
3079 5221 3494 5292 ἐπαποδύσησθε
3535 5221 3719 5291 ζῆλον.

2138 5304 2248 5356 Καὶ
2266 5304 2374 5373 γάρ
2394 5302 2732 5374 στρατιώτην
2757 5302 3009 5375 ἀνίστησι
3031 5304 3132 5376 μὲν
3152 5306 3247 5358 καὶ
3267 5304 3404 5375 ἀκοὴ
3427 5305 3722 5377 ἀριστέως·

2138 5383 2318 5454 πολλῷ
2337 5385 2393 5438 δέ
2413 5385 2574 5439 πλέον
2593 5385 2717 5455 ὄψις
2738 5386 2833 5439 καὶ
2853 5387 3075 5457 θεωρία,
3099 5389 3192 5440 καὶ
3225 5387 3457 5458 μάλιστα
3482 5390 3608 5440 ὃταν
3641 5390 3721 5452 εἰς

2138 5468 2307 5537 αὐτὴν
2324 5467 2418 5521 τοῦ
2442 5469 2709 5541 ἀριστέως
2734 5470 2833 5539 τὴν
2860 5472 3065 5541 σκηνὴν
3090 5468 3348 5523 εἰσελθὼν
3377 5469 3459 5540 ῐδῃ
3484 5469 3544 5523 τὸ
3564 5470 3721 5539 ξίφος

2138 5551 2479 5622 ᾑμαγμένον,
2500 5550 2651 5623 [686]
2665 5551 2763 5623 τὴν
2784 5552 3024 5622 κεφαλὴν
3044 5552 3137 5605 τοῦ
3158 5552 3417 5635 πολεμίου
3435 5553 3717 5627 κειμένην,

2137 5745 2224 5873 si;
2261 5747 2395 5858 ῐῐῖξιε,
2417 5750 2538 5799 ἀλλὰ
2577 5751 2656 5799 καὶ
2683 5752 2949 5813 μιμώμεθα,
2971 5751 3151 5803 desunt
3186 5753 3236 5802 in
3274 5754 3424 5806 Sam.
3453 5763 3506 5807 el
3532 5758 3580 5808 in
3615 5755 3715 5806 Re-

2241 5824 2268 5857 u
2342 5849 2352 5859 .

2241 5824 2352 5859 uno.

2204 5873 2229 5913 σ
2264 5870 2455 5937 Ἀρετῆς
2476 5873 2685 5924 deesun
2709 5874 2859 5926 Savil.
2887 5878 3011 5929 etin
3036 5891 3132 5929 uno
3150 5878 3326 5943 Regio.
