4088 6512
512 470 612 526 681

501 581 724 651 jacens,
748 583 918 653 spolia
940 582 1169 640 sublime
1192 580 1476 653 pendentia
1497 620 1513 646 ,
1542 588 1814 637 recentem
1842 594 2089 636 cruorem

504 687 571 725 ex
616 673 863 729 manibus
902 675 1018 745 ejus
1075 674 1397 741 stillantem,
1442 673 1533 744 qui
1588 681 1844 743 tropteum
1884 673 2088 740 erexit,

504 764 699 833 ubique
728 767 940 823 lanceas
960 780 1012 823 et
1033 768 1278 838 clypeos,
1307 774 1360 821 et
1384 780 1538 821 arcus
1556 807 1571 832 ,
1604 772 1661 820 et
1684 780 1898 821 omnem
1930 765 2089 820 aliam

508 868 834 912 armaturam
853 860 1138 929 jacentem.
1170 859 1372 915 Idcirco
1396 874 1492 913 nos
1521 858 1679 913 etiam
1711 859 1798 913 hic
1826 857 2088 913 conveni-

501 965 666 1005 mus:
701 953 988 1004 tentorium
1032 951 1174 1005 enim
1216 961 1298 1006 est
1324 949 1551 1005 militare
1587 958 1878 1022 martyrum
1910 961 2088 1005 tumu-

502 1041 585 1094 lus
618 1058 633 1094 :
658 1054 721 1095 ac
740 1041 787 1095 si
812 1040 933 1095 fidei
960 1042 1143 1095 oculos
1172 1042 1445 1109 aperueris
1465 1081 1481 1105 ,
1511 1040 1597 1095 hic
1620 1041 1840 1110 justitia‘.
1866 1039 2084 1094 loricam

492 1129 763 1200 jacentem
817 1132 1123 1194 intuebcre,
1170 1143 1376 1187 scutum
1422 1133 1579 1196 ﬁdei,
1618 1134 1823 1203 galeam
1854 1131 2039 1185 salutis
2066 1172 2082 1195 ,

495 1236 683 1276 ocreas
712 1217 1009 1291 Evangelii,
1034 1221 1268 1292 gladium
1301 1221 1530 1293 Spiritus
1550 1222 1768 1294 (Epltes.
1791 1222 1844 1277 6.
1870 1220 2082 1291 M-l7),

494 1313 670 1381 ipsum
702 1312 905 1367 diaboli
929 1322 1087 1382 caput
1115 1314 1166 1367 in
1199 1324 1391 1369 terram
1422 1314 1736 1384 projectum.
1779 1313 1912 1367 Cum
1939 1313 2083 1366 enim

492 1404 766 1460 hominem
793 1415 1094 1475 cnrreptum
1114 1422 1143 1459 a
1172 1406 1415 1461 dmmone
1449 1407 1597 1476 juxta
1625 1406 1873 1476 martyris
1907 1403 2084 1472 sepul-

490 1510 643 1549 crum
672 1496 870 1551 videris
895 1498 1141 1566 supinum
1164 1498 1431 1566 jacentem
1453 1539 1468 1564 ,
1502 1513 1565 1552 ac
1583 1497 1816 1566 seipsum
1841 1509 2081 1565 persaepe

489 1585 779 1642 laniantem
804 1631 817 1650 ,
843 1587 972 1642 nihil
999 1588 1140 1643 aliud
1179 1589 1279 1643 nisi
1309 1589 1431 1642 mali
1461 1598 1619 1657 caput
1642 1596 1969 1657 amputatum
1997 1587 2079 1640 vi—

488 1675 605 1730 des.
636 1677 876 1748 Namque
901 1678 1096 1734 Christi
1126 1680 1378 1735 militibus
1412 1680 1526 1734 hmc
1575 1694 1722 1733 arma
1752 1693 1890 1733 nunc
1919 1678 2077 1732 etiam

485 1767 733 1838 adjacent
777 1788 792 1824 :
831 1778 883 1825 et
934 1771 1378 1839 quemadmodum
1428 1771 1712 1825 bellatores
1761 1769 2077 1825 fortissimos

485 1872 607 1912 cum
659 1860 774 1915 suis
818 1860 1081 1931 sepeliunt
1127 1862 1290 1916 armis
1340 1861 1713 1931 Imperatores,
1742 1861 1813 1915 ita
1855 1860 1980 1916 fecit
2022 1868 2078 1914 et

484 1947 727 2004 Christus
755 1968 769 2003 :
794 1966 914 2011 cum
936 1952 1047 2006 suis
1071 1967 1165 2007 eos
1188 1952 1352 2007 armis
1375 1952 1651 2023 sepelivit,
1676 1961 1732 2006 ut
1756 1952 1915 2007 etiam
1949 1959 2074 2006 ante

482 2041 929 2096 resurrectionem
957 2043 1182 2113 gloriam
1209 2058 1424 2099 omnem
1455 2044 1810 2113 virtutemque
1857 2051 2069 2097 sancto-

481 2147 599 2185 rum
629 2133 955 2189 ostenderet.
984 2134 1260 2204 Cognosce
1299 2136 1456 2206 igitur
1479 2135 1809 2204 spiritualem
1833 2136 2066 2205 ipsorum

480 2233 843 2293 armaturam;
887 2237 942 2282 et
982 2230 1230 2283 maximis
1282 2232 1544 2299 perceptis
1592 2230 1904 2285 utilitatibus
1944 2229 2069 2285 hinc

479 2314 744 2371 discedes.
774 2317 997 2373 Multum
1017 2328 1070 2375 et
1096 2320 1188 2376 tibi
1213 2337 1331 2376 cum
1359 2320 1572 2376 diabolo
1602 2321 1797 2376 bellum
1835 2330 1953 2386 est,
1984 2322 2067 2376 di-

475 2405 766 2463 lectissime
785 2449 800 2475 ,
820 2410 1040 2463 multum
1071 2410 1284 2480 inquam
1301 2453 1317 2477 ,
1341 2426 1588 2480 magnum
1616 2422 1671 2466 et
1696 2426 1954 2481 perenne.

549 2495 815 2552 Inus/titur
838 2500 890 2553 in
912 2501 1119 2554 delicias
1145 2511 1193 2556 et
1235 2502 1411 2555 fumum
1429 2541 1448 2567 ,
1470 2512 1515 2555 el
1541 2502 1595 2555 in
1624 2518 1709 2556 eos
1733 2503 1820 2571 qui
1844 2503 2065 2557 theatro—

475 2606 589 2644 rum
612 2591 901 2661 spectacula
927 2597 1216 2664 frequenter
1240 2593 1680 2650 adeunt.-Disce
1710 2596 1868 2666 igitur
1891 2597 2063 2653 lucta-

475 2681 684 2750 tiones,
712 2691 772 2738 ut
816 2684 1067 2740 victorias
1111 2686 1379 2742 imiteris:
1422 2702 1710 2757 aspernare
1743 2688 1961 2744 divitias
2001 2704 2066 2746 ac

473 2775 760 2843 pecunias,
813 2784 869 2832 et
935 2792 1152 2833 omnem
1203 2778 1465 2848 reliquam
1517 2780 1699 2836 saeculi
1749 2795 1998 2851 pompam
2043 2798 2058 2835 :

472 2880 542 2921 ne
569 2865 750 2922 beatos
764 2867 970 2938 judices
990 2884 1104 2933 eos,
1133 2871 1222 2938 qui
1250 2870 1442 2927 divites
1463 2883 1607 2941 sunt,
1631 2872 1724 2928 sed
1756 2873 1938 2929 beatos
1968 2888 2063 2929 eos

467 2956 647 3027 judica
669 2998 685 3025 ,
707 2958 798 3028 qui
836 2960 1148 3031 martyrium
1180 2961 1454 3030 patiuntur
1484 2979 1500 3017 :
1525 2976 1631 3018 non
1653 2978 1748 3018 eos
1765 2963 1857 3034 qui
1887 2964 1939 3018 in
1961 2963 2061 3020 de-

470 3050 638 3118 liciis,
669 3051 765 3106 sed
806 3053 897 3122 qui
937 3052 991 3107 in
1025 3054 1383 3124 sartaginibus
1414 3063 1697 3111 versantur
1729 3074 1744 3110 :
1773 3071 1880 3111 non
1928 3071 2058 3124 eos,

469 3143 562 3213 qui
607 3143 840 3213 opiparas
864 3158 1066 3199 menste
1093 3144 1369 3214 assident,
1392 3145 1487 3201 sed
1513 3161 1609 3202 eos
1627 3186 1644 3211 ,
1680 3147 1771 3216 qui
1800 3147 1854 3202 in
1885 3146 2060 3205 lebete

469 3244 742 3291 torrentur
767 3253 783 3291 :
806 3251 912 3291 non
938 3251 1067 3302 eos,
1098 3237 1188 3307 qui
1209 3237 1414 3292 diurnis
1435 3238 1487 3291 in
1514 3238 1721 3293 balneis
1742 3277 1760 3305 ,
1791 3237 1888 3292 sed
1928 3254 2055 3305 eos,

466 3326 558 3396 qui
580 3326 632 3381 in
658 3326 794 3382 diris
815 3336 944 3382 sunt
981 3326 1325 3383 fornacibus:
1357 3343 1462 3382 non
1503 3341 1633 3394 eos,
1661 3328 1750 3398 qui
1779 3328 1928 3384 olent
1960 3345 2059 3383 un-

462 3429 691 3487 guenta,
721 3418 815 3473 sed
842 3433 969 3488 eos,
997 3419 1085 3489 qui
1127 3418 1330 3474 fumum
1375 3433 1442 3474 ac
1470 3419 1712 3474 nidorem
1751 3420 1855 3475 usti
1898 3421 2056 3475 emit-

464 3518 588 3565 tnnt
618 3529 632 3565 :
660 3510 750 3566 hic
777 3511 944 3565 multo
986 3511 1084 3567 illo
1124 3512 1464 3581 prteStantior
1491 3521 1546 3566 et
1585 3510 1767 3566 utilior
1781 3519 1864 3566 est
1890 3512 2054 3578 odor;

462 3602 728 3672 siquidem
751 3602 842 3658 ille
866 3602 932 3657 ad
960 3602 1284 3673 supplicium
1327 3603 1447 3658 illos
1467 3604 1643 3674 quieo
1669 3601 1937 3670 fruuntur,
1969 3603 2057 3658 hic

461 3702 639 3749 autem
665 3693 731 3748 ad
758 3693 973 3763 prmmia
997 3708 1328 3763 coronasque
1347 3695 1587 3750 caelestes
1615 3694 1849 3750 abducit.
1880 3697 2055 3765 Atque

460 3791 523 3838 ut
544 3783 805 3855 intelligas
820 3782 1012 3838 malam
1024 3798 1139 3838 rem
1155 3799 1275 3841 esse
1285 3783 1524 3851 delicias,
1543 3800 1804 3855 usumque
1817 3800 2059 3856 unguen-

461 3883 640 3929 torum
658 3914 675 3939 ,
722 3882 779 3930 et
805 3874 1119 3930 ebrietatem
1139 3915 1156 3942 ,
1177 3885 1233 3931 et
1258 3875 1436 3930 vinum
1463 3876 1747 3933 immodice
1759 3887 2050 3948 sumptum,

460 3974 521 4021 et
546 3966 818 4036 opiparam
842 3980 1083 4021 mensam
1101 4006 1117 4031 ,
1150 3966 1274 4021 audi
1303 3965 1428 4036 quid
1456 3966 1601 4022 dicat
1625 3967 1883 4037 propheta
1917 3985 1930 4019 :
1966 3966 2056 4023 Va

460 4061 768 4116 dormientes
791 4062 846 4114 in
867 4059 1009 4115 lectis
1034 4060 1280 4123 eburneis,
1304 4061 1558 4132 aﬂluentes
1586 4062 1781 4115 deliciis
1804 4063 1859 4115 in
1883 4061 2055 4115 stratis

459 4152 598 4217 suis,
624 4162 672 4206 et
698 4151 1011 4206 comedentes
1031 4151 1204 4206 haedos
1229 4152 1291 4205 de
1310 4152 1563 4222 gregibus,
1592 4162 1638 4207 et
1655 4152 1893 4208 lactentes
1922 4154 2052 4208 vitu-

462 4242 544 4297 los
583 4243 646 4297 de
668 4243 942 4310 armentis;
969 4244 1053 4313 qui
1082 4242 1256 4296 bibunt
1285 4244 1452 4298 vinum
1480 4243 1782 4314 defazcatum
1803 4284 1818 4307 ,
1870 4253 1916 4297 et
1943 4243 2051 4313 pri-

459 4334 560 4387 mis
583 4334 848 4404 unguentis
876 4342 1137 4403 unguntur
1183 4332 1362 4405 (Amos
1402 4334 1455 4389 6.
1486 4333 1633 4406 4-6).
1661 4333 1814 4402 Quod
1843 4335 1887 4389 si
1935 4334 2054 4389 haec

461 4426 661 4481 veteris
711 4424 1041 4480 Testamenti
1091 4434 1328 4494 tempore
1394 4425 1830 4495 prohibebantur,
1885 4425 2054 4480 multo

460 4518 634 4589 magis
677 4527 916 4587 tempore
953 4516 1173 4587 gratim,
1225 4517 1315 4572 ubi
1363 4518 1535 4586 major
1575 4525 1658 4572 est
1695 4516 2051 4587 philosophia.

460 4609 593 4664 Haec
611 4623 732 4664 cum
762 4607 831 4664 ad
857 4608 999 4663 viros
1017 4649 1033 4675 ,
1058 4616 1170 4662 tum
1196 4607 1264 4662 ad
1294 4608 1544 4662 mulieres
1563 4623 1593 4662 a
1621 4624 1708 4663 me
1736 4607 2049 4663 suntdicta:

459 4714 749 4755 commune
771 4699 1031 4770 siquidem
1047 4709 1126 4754 est
1148 4700 1376 4755 stadium
1392 4717 1407 4767 ;
1431 4715 1537 4755 non
1560 4712 1778 4769 propter
1793 4714 1952 4755 sexus
1966 4699 2052 4754 di-

462 4792 777 4847 versitatem
798 4792 1000 4848 divisus
1023 4803 1107 4849 est
1126 4793 1325 4849 Christi
1353 4795 1620 4849 exercitus
1645 4834 1661 4859 ,
1683 4794 1777 4850 sed
1806 4810 1942 4850 unus
1970 4803 2053 4850 est

460 4893 653 4938 cestus.
684 4883 913 4939 Possunt
935 4892 991 4940 et
1018 4884 1229 4938 femina:
1256 4884 1477 4939 loricam
1504 4884 1761 4949 induere,
1815 4900 1877 4941 ac
1928 4888 2046 4958 cly-

462 4989 624 5045 peum
662 4989 935 5045 Opponere
961 5017 976 5039 ,
1025 4977 1294 5045 telumque
1342 4975 1598 5045 jaculari,
1642 4992 1765 5031 cum
1805 4979 2046 5050 martyrii

462 5074 741 5134 tempore,
772 5074 883 5120 tum
928 5067 1087 5123 etiam
1118 5066 1223 5120 alio
1247 5107 1263 5131 ,
1293 5066 1437 5137 quod
1487 5067 1733 5123 ﬁduciam
1779 5069 2050 5140 ingentem

463 5156 719 5224 requirat.
746 5155 814 5211 Et
840 5156 978 5211 sicut
1001 5157 1234 5226 optimus
1252 5158 1586 5228 sagittarius,
1617 5161 1705 5228 qui
1732 5169 1878 5216 recte
1901 5161 2052 5215 colli.

463 5249 892 5305 mansachorda
939 5251 1183 5322 sagittam
1235 5252 1507 5319 emiserit,
1555 5268 1768 5308 omnem
1818 5254 2049 5309 hostium

463 5340 747 5395 conturbat
773 5340 943 5396 aciem
974 5357 989 5395 :
1034 5341 1112 5397 sic
1145 5350 1201 5397 et
1227 5342 1395 5397 sancti
1423 5351 1687 5415 martyres
1729 5352 1888 5413 atque
1913 5344 2048 5400 adeo

465 5430 644 5487 cuncti
674 5431 913 5487 veritatis
943 5432 1224 5488 bellatores
1245 5475 1261 5502 ,
1293 5433 1381 5504 qui
1410 5433 1666 5490 adversus
1692 5435 1912 5490 insidias
1933 5436 2044 5490 dia-

1609 469 1678 526 IN
1717 468 1774 526 S.
1815 466 2245 526 BARLAAMUM
2273 470 2676 529 MARTYREM.

3669 483 3776 541 682

2197 578 2304 634 boli
2346 579 2663 652 fraudesque
2701 581 3035 655 depugnant,
3068 596 3331 658 tamquam
3358 607 3388 646 a
3418 591 3616 651 chorda
3644 612 3780 667 qua-

2196 670 2348 737 dam,
2379 686 2407 726 a
2438 675 2799 744 lingua‘verba
2845 677 2982 732 bene
3011 679 3345 737 collimantes
3369 688 3646 755 emittunt,
3683 706 3780 744 ea—

2195 777 2300 832 que
2326 772 2590 834 tamquam
2613 766 2711 821 tela
2734 781 2829 837 per
2853 784 3031 824 aerem
3053 772 3281 828 volantia
3299 816 3316 839 ,
3344 790 3465 831 cum
3490 778 3781 836 invisibiles

2194 851 2499 909 dmmonum
2530 857 2580 910 in
2627 856 2915 929 phalanges
2969 862 3291 932 inciderint,
3334 880 3547 922 omnem
3593 884 3778 924 eorum

2192 945 2362 1000 aciem
2412 949 2771 1003 conturbant:
2804 951 2945 1020 quod
2999 953 3178 1024 utique
3226 966 3279 1012 et
3335 958 3490 1015 beato
3527 961 3777 1019 Barlaam

2194 1036 2414 1091 evenit:
2465 1038 2619 1093 nudis
2643 1041 2785 1094 enim
2827 1042 3005 1097 verbis
3049 1053 3317 1112 tamquam
3344 1049 3648 1104 volantibus
3691 1067 3775 1106 sa-

2190 1124 2337 1193 gittis
2380 1126 2623 1192 emissis,
2667 1138 2837 1184 t0tunt
2876 1131 3069 1187 diaboli
3093 1136 3384 1191 exercitum
3425 1141 3777 1208 perturbavit.

2189 1212 2338 1269 Hanc
2373 1223 2429 1269 et
2476 1230 2575 1270 nos
2610 1217 2876 1287 jaculandi
2919 1223 3187 1278 solertiam
3236 1226 3526 1282 imitemur.
3581 1230 3772 1286 Nonne

2190 1302 2311 1356 illos
2335 1346 2349 1367 ,
2371 1305 2461 1375 qui
2490 1322 2520 1360 a
2550 1307 2770 1363 theatris
2795 1309 3154 1381 descendunt,
3186 1316 3376 1371 videtis
3400 1319 3669 1376 molliores
3699 1322 3778 1377 ef-

2189 1391 2391 1447 fectos?
2428 1396 2480 1450 id
2503 1411 2631 1451 vero
2661 1398 2712 1452 in
2757 1414 2915 1454 causa
2942 1412 3054 1469 est,
3079 1405 3221 1473 quod
3260 1407 3325 1461 iis
3355 1408 3623 1479 studiose,
3653 1428 3773 1483 qua:

2188 1485 2257 1538 ibi
2281 1485 2441 1554 fiunt,
2474 1490 2749 1544 attendant
2775 1508 2789 1544 :
2821 1508 2942 1547 nam
2969 1510 3089 1549 cum
3119 1498 3393 1554 oculorum
3419 1502 3769 1572 inversiones,

2159 1591 2548 1648 .manunmque
2566 1584 2933 1639 contorsiones
2955 1626 2971 1652 ,
3014 1602 3079 1641 ac
3103 1589 3294 1656 pedum
3313 1607 3503 1663 gyros,
3552 1603 3607 1649 et
3652 1611 3769 1651 om-

2183 1669 2330 1724 nium
2373 1673 2810 1742 simulacrorum,
2856 1693 2976 1747 qure
3007 1680 3060 1733 in
3087 1681 3409 1739 distorsione
3452 1686 3760 1743 circumacti

2182 1762 2424 1828 corporis
2443 1774 2733 1831 apparent,
2764 1767 3022 1838 imagines
3053 1770 3104 1823 in
3132 1774 3398 1828 mentibus
3425 1777 3536 1832 suis
3561 1777 3764 1834 defixe-

2182 1851 2322 1919 rint,
2352 1852 2548 1910 deinde
2573 1855 2872 1912 discedunt.
2917 1861 3108 1917 Annon
3156 1863 3316 1934 igitur
3352 1867 3626 1939 indignum
3652 1880 3763 1938 est,

2180 1954 2237 1998 ut
2265 1944 2340 2000 illi
2363 1955 2560 2003 tantam
2588 1949 2641 2004 in
2668 1951 2860 2007 anima:
2888 1968 2999 2008 suae
3037 1957 3272 2025 pernicie
3300 1962 3629 2028 procuranda
3657 1965 3763 2018 sol-

2179 2035 2510 2095 licitudinem
2530 2045 2850 2113 exhibeant,
2874 2060 2938 2102 ac
2962 2062 3245 2116 perennem
3268 2066 3452 2106 eorum
3472 2094 3488 2118 ,
3510 2069 3630 2124 qua:
3659 2055 3765 2111 illic

2176 2138 2298 2181 sunt
2322 2140 2467 2199 gesta
2486 2173 2502 2196 ,
2536 2135 2845 2188 memoriam
2889 2148 3231 2202 conservent,
3260 2157 3359 2197 nos
3384 2152 3594 2208 autem,
3625 2160 3761 2215 quos

2175 2216 2360 2273 isthtec
2382 2221 2605 2276 imitatio
2634 2239 2788 2292 pares
2811 2227 3013 2296 angelis
3042 2227 3309 2285 redditura
3335 2239 3435 2295 est,
3459 2247 3524 2286 ne
3553 2236 3759 2304 aequale

2172 2310 2386 2378 quidem
2431 2312 2534 2367 illis
2580 2315 2814 2370 studium
2860 2320 2929 2372 ad
2972 2335 3068 2386 ea,
3098 2335 3217 2391 qua:
3256 2321 3396 2377 dicta
3440 2332 3596 2390 sunt,
3627 2341 3763 2381 con-

2172 2403 2430 2457 servanda
2458 2404 2835 2463 conferamus?
2863 2410 2968 2475 Ne,
3001 2426 3097 2465 oro
3117 2454 3132 2480 ,
3162 2413 3508 2486 obtestorque
3534 2431 3648 2484 vos,
3690 2434 3760 2474 ne

2170 2492 2394 2549 salutem
2440 2506 2674 2552 nostram
2723 2500 2795 2554 ita
2851 2502 3211 2573 negligamus,
3239 2504 3334 2561 sed
3366 2508 3637 2563 mentibus
3656 2524 3757 2564 no-

2168 2583 2295 2638 stris
2319 2600 2508 2642 omnes
2538 2599 2799 2661 martyres
2825 2593 3066 2648 conditos
3087 2603 3380 2661 teneamus,
3400 2612 3506 2652 una
3531 2613 3652 2653 cum
3677 2600 3757 2654 le-

2169 2671 2415 2741 hetibus,
2469 2692 2571 2732 una
2606 2693 2724 2733 cum
2772 2681 2890 2735 aliis
2928 2682 3231 2752 suppliciis,
3281 2693 3335 2739 et
3362 2686 3501 2739 sicut
3529 2686 3759 2756 pictores

2169 2765 2453 2837 imaginem
2482 2784 2625 2838 saepe
2652 2769 2800 2825 fumo
2843 2787 2907 2828 ac
2946 2773 3165 2843 fuligine
3209 2776 3474 2845 longoque
3519 2785 3761 2846 tempore

2166 2855 2561 2913 inobscuratam
2588 2859 2870 2933 detergunt
2893 2878 2956 2917 ac
2975 2863 3253 2928 mundant,
3284 2866 3360 2921 sic
3383 2875 3439 2920 tu
3453 2875 3758 2922 sanctorum

2166 2961 2463 3024 martyrum
2510 2964 2661 3011 utere
2706 2956 2987 3024 memoria,
3015 2956 3361 3014 dilectissime
3399 2977 3413 3013 :
3449 2975 3569 3015 cum
3604 2960 3761 3016 obre-

2165 3052 2354 3116 pentes
2399 3046 2683 3103 saeculares
2724 3063 2870 3103 cura:
2926 3056 3070 3103 tuam
3108 3059 3343 3105 mentem
3384 3050 3755 3116 obscurarint,

2165 3149 2283 3188 eam
2316 3151 2410 3205 per
2430 3122 2725 3209 martyrum
2753 3140 3063 3194 memoriam
3085 3138 3321 3209 deterge.
3352 3139 3405 3196 Si
3446 3142 3589 3197 enim
3619 3143 3759 3198 hanc

2166 3227 2218 3281 in
2245 3228 2420 3281 anima
2459 3237 2545 3283 tua
2588 3231 2900 3284 memoriam
2931 3233 3295 3299 conservatis,
3326 3248 3431 3288 non
3485 3249 3615 3305 opes
3662 3252 3755 3291 su-

2166 3319 2360 3388 spicies
2379 3358 2396 3384 ,
2429 3336 2534 3375 non
2576 3328 2940 3390 paupertatem
2972 3322 3293 3391 dcplorabis,
3324 3338 3429 3377 non
3454 3324 3677 3395 gloriam
3702 3334 3757 3380 et

2165 3411 2455 3479 potentiam
2477 3411 2720 3467 laudabis
2739 3454 2754 3478 ,
2786 3412 2920 3467 nihil
2946 3413 3175 3485 denique
3204 3430 3270 3470 ex
3301 3417 3457 3471 rebus
3484 3416 3753 3483 humanis,

2162 3508 2297 3564 nihil
2343 3523 2567 3574 eorum,
2622 3524 2743 3578 qua:
2788 3509 3066 3578 splendida
3113 3519 3274 3577 sunt,
3328 3527 3575 3582 magnum
3625 3526 3745 3568 esse

2161 3599 2410 3670 quiddam
2438 3599 2768 3656 arbitrabere
2786 3643 2802 3667 ,
2826 3601 2958 3655 nihil
2980 3617 3186 3668 eorum,
3215 3619 3334 3673 quae
3355 3605 3578 3658 molesta
3601 3612 3747 3671 sunt,

2161 3694 2588 3759 intolerandum;
2617 3694 2711 3750 sed
2741 3711 2862 3749 cum
2893 3694 2977 3749 his
3005 3695 3250 3751 omnibus
3277 3696 3520 3764 superior
3561 3710 3752 3751 evaseo

2160 3788 2256 3853 ris,
2284 3796 2607 3858 perpetuum
2634 3803 2697 3843 ex
2744 3786 2988 3858 imaginis
3018 3787 3176 3856 hujus
3205 3788 3647 3857 contemplatione
3666 3801 3757 3842 ca-

2162 3882 2276 3952 pies
2303 3881 2705 3935 documentum.
2726 3878 2858 3934 Nam
2880 3878 2969 3949 qui
2999 3880 3195 3934 milites
3218 3879 3270 3933 in
3298 3879 3450 3933 bellis
3470 3893 3533 3934 ac
3553 3878 3753 3947 prazliis

2160 3981 2378 4028 strenue
2407 3987 2466 4029 se
2488 3980 2734 4043 gerentes
2761 3971 2997 4040 quotidie
3026 3979 3262 4041 spectat,
3294 3987 3403 4026 non
3434 3970 3749 4026 deliciarum

2161 4078 2412 4133 umquam
2441 4063 2728 4132 cupiditate
2754 4063 3042 4128 tenebitur,
3075 4078 3178 4116 non
3221 4062 3503 4118 delicatam
3539 4070 3595 4117 et
3619 4062 3750 4116 mol-

2160 4154 2264 4209 lem
2288 4153 2499 4209 vivendi
2529 4154 2787 4208 rationcm
2815 4153 2867 4208 in
2889 4153 3060 4221 pretio
3082 4153 3328 4217 habebit,
3376 4152 3471 4209 sed
3507 4168 3751 4223 asperam

2161 4254 2216 4300 et
2240 4245 2465 4315 rigidam
2488 4254 2649 4314 atque
2683 4245 2751 4298 ad
2778 4255 3049 4300 certamen
3072 4248 3442 4315 compositam.
3466 4246 3751 4313 Qttaeenim

2160 4336 2392 4390 societas
2430 4343 2513 4389 est
2549 4334 2798 4389 ebrietati
2838 4348 2959 4389 cum
3010 4334 3221 4405 pugna?
3266 4350 3409 4389 curm
3452 4335 3752 4389 abdominis

2159 4442 2282 4482 cum
2310 4425 2488 4480 studio
2522 4423 2884 4480 fortitudinis?
2910 4426 3185 4495 urguentis
3212 4439 3332 4479 cum
3364 4425 3527 4478 armis
3550 4464 3566 4491 ,
3610 4424 3754 4479 bello

2159 4526 2213 4572 et
2239 4516 2755 4572 comessationibus?
2805 4516 2957 4571 Miles
3003 4514 3202 4570 Christi
3254 4528 3333 4580 es,
3364 4515 3747 4579 dilectissime;

2159 4621 2394 4673 armare,
2422 4621 2529 4661 non
2572 4621 2789 4661 comere
2814 4623 2827 4659 :
2860 4605 3060 4659 athleta
3084 4620 3141 4659 es
3161 4618 3453 4674 generosus
3478 4620 3495 4669 ;
3524 4603 3753 4659 viriliter

2158 4713 2276 4768 age,
2309 4713 2415 4751 non
2445 4698 2667 4752 concilia
2696 4705 3051 4752 venustatem.
3086 4695 3159 4749 ita
3205 4702 3420 4749 sanctos
3466 4695 3595 4748 istos
3636 4695 3754 4749 imi-

2161 4799 2366 4853 temur;
2406 4790 2475 4843 ita
2509 4789 2675 4844 fortes
2700 4788 3004 4856 bellatores,
3032 4794 3318 4841 coronatos
3343 4786 3604 4855 athletas,
3657 4786 3751 4841 Dei

2158 4881 2361 4937 amicos
2391 4880 2688 4935 honoribus
2721 4894 3145 4951 prosequamur;
3174 4886 3229 4934 et
3247 4894 3368 4933 cum
3392 4894 3488 4949 per
3507 4879 3752 4935 eamdem

2160 4991 2281 5030 cum
2324 4975 2424 5029 illis
2451 4974 2592 5029 viam
2623 4973 3022 5037 incesserimus,
3054 4971 3268 5027 easdem
3299 4986 3421 5027 cum
3454 4971 3557 5026 illis
3586 4985 3746 5026 coro—

2158 5085 2256 5124 nas
2281 5083 2673 5140 consequemur
2702 5086 2716 5123 :
2756 5083 2887 5138 quas
2916 5064 3072 5120 nobis
3100 5064 3349 5120 omnibus
3376 5065 3578 5119 utinam
3610 5061 3750 5119 obti-

2158 5177 2287 5218 nere
2308 5163 2601 5232 contingat,
2632 5161 2800 5231 gratia
2850 5167 2905 5214 et
2949 5158 3273 5229 benignitate
3331 5156 3537 5213 Domini
3583 5155 3752 5210 nostri

2157 5254 2284 5309 Jesu
2323 5253 2556 5320 Christi,
2606 5267 2725 5309 cum
2756 5265 2860 5321 quo
2878 5249 3019 5307 Patri
3041 5249 3204 5319 gloria
3224 5292 3241 5316 ,
3274 5264 3375 5302 una
3403 5260 3522 5301 cum
3550 5244 3751 5315 Spiritu

2157 5355 2379 5401 sancto.
2412 5359 2553 5399 nunc
2601 5354 2653 5400 et
2698 5358 2931 5414 semper,
2977 5350 3031 5398 et
3074 5341 3126 5397 in
3176 5340 3367 5397 saecula
3406 5338 3749 5395 smculorum.

2158 5439 2348 5492 Amen.

1527 5721 2676 5802 mm
