4088 6438
499 407 608 463 683

1198 402 1256 457 S.
1297 395 1584 454 JOANNIS
1620 387 2114 454 CHRYSOSTOMI
2154 381 2476 444 ARCHIEP.
2514 379 3076 442 CONSTANTINOP.

3653 376 3750 429 €85

2903 573 3206 587 -ῌ

2806 569 3719 603 ω

2479 595 2796 608 _—.———

1183 881 1284 944 AD
1307 876 1688 943 HOMILIAM
1734 877 1812 938 IN
1841 875 2192 936 SANCTAM
2221 869 2607 935 DROSIDEM
2654 861 3112 927 MARTYREM.

583 1176 733 1252 [688]
757 1176 908 1232 lianc
925 1176 1206 1231 houiiliam
1225 1174 1280 1230 in
1305 1190 1433 1247 agro
1447 1173 1789 1230 Antiocheno
1808 1170 2454 1242 habuitChrysostomus,
2475 1181 2599 1222 cum
2619 1172 2836 1232 arrepta
2856 1172 3062 1216 serenae
3078 1154 3182 1208 diei
3202 1151 3491 1209 occasione
3515 1150 3754 1222 populum

512 1298 910 1354 Autiochenum
932 1311 999 1352 eo
1021 1295 1244 1350 deduxit
1262 1293 1558 1348 Flavianus
1580 1292 1906 1360 Episcopus,
1931 1297 1991 1343 ut
2013 1303 2240 1342 numero
2263 1286 2298 1340 2
2319 1286 2539 1340 dicitur.
2571 1282 2747 1352 Hujus
2777 1292 2941 1349 porro
2968 1273 3026 1328 S.
3054 1268 3311 1338 martyris
3339 1282 3517 1337 pauca
3553 1265 3734 1318 admo-

514 1410 642 1462 dum
674 1416 969 1476 supersunt
1001 1411 1356 1460 monumenta
1390 1422 1404 1456 :
1442 1404 1641 1473 vixque
1668 1403 1814 1456 aliud
1837 1400 2114 1471 quidpiam
2144 1398 2293 1454 circa
2319 1397 2639 1468 martyrium
2669 1390 3080 1460 certaminaque
3120 1389 3240 1459 ejus
3267 1384 3545 1447 novimus,
3603 1392 3754 1448 quam

515 1524 658 1594 quod
679 1524 756 1577 ait
785 1523 843 1577 S.
884 1523 1074 1578 doctor
1106 1535 1248 1583 eam,
1282 1519 1336 1572 iu
1368 1534 1558 1590 rogum
1590 1519 1894 1588 conjectum
1931 1516 2120 1571 fuisse.
2151 1511 2339 1585 Neque
2363 1513 2539 1569 solum
2578 1511 2637 1568 S.
2664 1507 2974 1576 Drosidem,
2997 1506 3092 1563 sed
3135 1515 3190 1560 et
3225 1503 3368 1559 alios
3397 1500 3567 1556 etiam
3595 1491 3756 1567 pluri-

494 1737 3756 1772 W

1832 1828 2436 1915 LAUDATIO

1038 2018 1274 2065 MAGNE
1310 2017 1390 2060 ΕΤ
1433 2015 1692 2060 SANCTE
1735 2013 2056 2059 MABTYRIS
2098 2009 2416 2066 DBOSIDIS,
2468 2010 2551 2054 ET
2591 2011 2676 2054 DE
2707 2009 3006 2056 MEMORIA
3049 2009 3310 2055 MORTIS.

1923 2148 2350 2210 meum

564 2293 616 2348 1.
643 2289 748 2348 SS.
790 2289 1140 2362 Reliquiurum
1163 2287 1378 2343 utilitas.
1401 2316 1472 2327 -—-
1499 2285 1786 2357 Diligciites
1812 2292 2054 2354 pastores
2070 2323 2087 2350 ,

492 2369 580 2440 ubi
609 2399 703 2454 per
726 2383 932 2453 longam
949 2381 1194 2452 hyemem
1217 2378 1636 2434 viderintradios
1652 2377 1780 2431 solis
1801 2375 2089 2443 affulsisse,

491 2477 740 2547 diemque
767 2474 1079 2530 calidiorem
1111 2470 1411 2528 reddidisse
1442 2511 1456 2536 ,
1485 2468 1717 2540 pecudes
1745 2483 1776 2523 e
1802 2469 1966 2523 caulis
1996 2483 2090 2521 ex-

489 2571 622 2623 citas
647 2566 715 2621 ad
751 2581 945 2636 pascua
987 2572 1244 2619 consueta
1282 2561 1578 2617 deducunt:
1625 2561 1722 2614 bos
1769 2559 2006 2614 imitatus
2038 2571 2094 2614 et

492 2659 666 2714 bonus
697 2659 795 2713 iste
836 2664 1018 2726 pastor
1049 2668 1258 2708 sacrum
1291 2652 1432 2707 hunc
1471 2666 1686 2723 gregem
1727 2665 1790 2706 ac
1816 2649 2092 2720 Spirituale

498 2749 695 2804 Christi
737 2746 881 2801 ovile
916 2744 982 2798 ad
1034 2743 1151 2797 haec
1199 2742 1492 2812 spiritualia
1541 2756 1732 2811 pascua
1786 2750 2092 2795 sanctorum

491 2840 696 2896 eduxit.
728 2837 860 2893 Nam
890 2836 1222 2892 exsatiantur
1255 2833 1468 2904 quidem
1497 2843 1550 2889 ct
1579 2832 1830 2902 pecudes,
1859 2831 1986 2886 dum
2023 2831 2090 2887 ad

495 2929 754 3002 praesepia
798 2937 1175 2982 stantzverum
1208 2926 1299 2980 ubi
1339 2924 1535 2979 fuerint
1563 2939 1594 2980 e
1631 2923 1799 2978 caulis
1826 2938 2088 2992 egressrc,

494 3023 662 3078 multo
691 3021 949 3093 majorem
979 3036 1044 3074 ex
1069 3021 1273 3091 campis
1302 3018 1583 3073 utilitatem
1610 3017 1938 3087 percipiunt,
1965 3017 2090 3071 dum

495 3119 548 3172 in
580 3127 774 3173 terram
806 3129 989 3186 pronae
1019 3114 1183 3168 multa
1213 3128 1333 3167 cum
1377 3112 1649 3180 voluptate
1680 3110 1927 3164 dentibus
1966 3126 2090 3180 gra-

497 3224 619 3264 men
650 3207 977 3272 detondent,
1013 3221 1191 3261 acrem
1239 3218 1427 3274 purum
1473 3201 1773 3271 reSpiraut,
1820 3209 1875 3255 et
1919 3199 2092 3254 claros

494 3300 908 3370 splendidosque
934 3298 1111 3352 radios
1147 3295 1277 3350 solis
1318 3302 1580 3365 spectant,
1627 3301 1680 3347 et
1721 3293 1870 3361 juxta
1920 3291 2085 3355 lacus,

496 3393 693 3456 fontes,
726 3401 781 3446 et
812 3390 1028 3445 ﬂumina
1060 3389 1332 3454 saltitant;
1366 3401 1540 3456 neque
1578 3401 1710 3440 vero
1752 3383 2093 3438 mediocriter

494 3499 585 3537 cas
619 3493 756 3537 terra
788 3481 1038 3546 delectat,
1087 3479 1308 3534 ﬂoribus
1334 3478 1480 3532 omni
1520 3492 1587 3531 ex
1629 3484 1776 3545 parte
1817 3475 2089 3529 decorata.

493 3575 600 3630 Sed
628 3592 730 3628 non
760 3574 864 3627 illis
895 3583 1120 3637 tantum,
1148 3584 1333 3626 verum
1364 3568 1525 3624 etiam
1557 3568 1710 3622 nobis
1738 3565 1840 3621 hoc
1869 3566 2092 3619 multam

496 3667 780 3720 utilitatem
809 3665 945 3733 parit
978 3682 992 3717 ε
1029 3663 1154 3716 licet
1197 3662 1340 3718 enim
1384 3660 1525 3714 intus
1568 3657 1931 3728 spiritualibus
1959 3657 2095 3712 cibis

497 3755 692 3811 referta
721 3754 991 3826 proposita
1043 3753 1196 3807 nobis
1235 3759 1382 3807 esset
1410 3762 1614 3816 mensa,
1649 3758 1824 3803 tamen
1871 3747 1987 3802 lucc
2026 3747 2094 3802 ad

498 3857 711 3901 sanctos
769 3847 901 3899 istos
947 3843 1187 3914 egressio
1237 3841 1420 3896 nescio
1460 3854 1565 3910 quo
1621 3847 1826 3894 recreat
1869 3853 1967 3892 nos
2005 3851 2095 3892 so-

499 3938 649 4003 latio,
699 3943 754 3992 et
791 3933 1071 3989 utilitatem
1113 3931 1279 3987 nihilo
1318 3931 1653 3988 recreatione
1681 3930 1945 3984 minorem
1996 3944 2093 3999 pa-

499 4029 588 4094 rit,
619 4046 723 4083 non
754 4027 894 4097 quod
923 4041 1113 4096 purum
1142 4039 1322 4080 aerem
1350 4023 1695 4092 respiremus,
1727 4021 1821 4075 sed
1844 4021 1985 4091 quod
2025 4019 2093 4074 ad

499 4120 753 4190 prmclara
776 4131 1158 4189 generosorum
1187 4116 1412 4171 istorum
1438 4114 1674 4169 virorum
1704 4113 1938 4168 facinora
1967 4127 2096 4166 ocu-

500 4213 580 4267 los
616 4218 1022 4276 convertamus;
1054 4222 1159 4263 non
1203 4206 1348 4279 quod
1371 4206 1520 4276 juxta
1560 4204 1836 4258 ﬂuminum
1874 4204 2092 4268 ﬂuenta,

499 4305 594 4362 sed
625 4305 766 4376 quod
791 4304 938 4373 juxta
963 4302 1193 4372 Spiritus
1221 4299 1390 4355 sancti
1419 4299 1678 4352 donorum
1708 4297 1905 4352 ﬂuenta
1932 4297 2096 4351 salte-

502 4415 655 4465 mus;
685 4413 790 4452 non
820 4395 959 4466 quod
982 4395 1033 4449 in
1057 4402 1252 4449 terram
1278 4391 1429 4462 proni
1455 4390 1704 4446 dentibus
1733 4388 1952 4443 herbam
1976 4397 2098 4442 ton-

503 4492 745 4557 deamus,
777 4489 870 4545 sed
915 4486 1058 4558 quod
1109 4485 1331 4540 virtutes
1373 4491 1665 4554 martyrum
1705 4480 2092 4549 decerpamus;

503 4597 610 4638 non
631 4581 770 4655 quod
793 4588 1032 4636 ornatam
1052 4575 1272 4632 ﬂoribus
1295 4583 1488 4630 terram
1516 4587 1816 4636 cernamus,
1839 4571 1931 4626 sed
1955 4570 2096 4642 quod

505 4689 730 4744 corpora
759 4671 916 4728 donis
944 4667 1309 4741 spiritualibus
1338 4665 1610 4722 afﬂuentia
1651 4663 2094 4733 contemplemur.

505 4765 586 4821 Ac
627 4763 847 4832 singulae
888 4760 1102 4833 quidem
1133 4768 1426 4830 martyrum
1456 4755 1696 4812 ecclesiae
1738 4754 1946 4810 lucrum
1989 4769 2095 4808 non

508 4855 758 4926 exiguum
786 4853 1025 4923 priebent
1053 4852 1138 4918 iis,
1167 4851 1253 4921 qui
1281 4848 1420 4919 apud
1445 4863 1536 4902 eas
1565 4854 1973 4915 congregantur,
2002 4842 2097 4900 sed

509 4965 621 5022 prie
647 4947 860 5002 caeteris
887 4944 1132 4999 omnibus
1159 4943 1257 4997 ista
1283 4957 1298 4996 :
1328 4939 1489 4998 simul
1513 4937 1656 4993 enim
1681 4945 1842 5007 atque
1867 4935 2102 4991 vestibu-

510 5045 621 5100 lum
651 5039 772 5112 quis
811 5038 1084 5108 ingressus
1116 5046 1220 5102 est,
1256 5043 1312 5090 et
1345 5032 1624 5089 confestim
1653 5031 1704 5086 in
1729 5030 1916 5086 oculos
1945 5029 2100 5085 undi-

507 5152 614 5210 que
665 5130 950 5189 multitudo
1003 5129 1368 5198 sepulcrorum
1398 5127 1641 5191 incurrit,
1681 5133 1735 5180 et
1763 5137 2099 5194 quocumque

505 5227 822 5299 respexerit,
850 5221 1117 5294 capsulas,
1140 5221 1426 5275 memorias
1442 5229 1497 5275 et
1524 5219 1706 5276 thecas
1725 5217 2098 5274 defunctorum

507 5323 766 5376 intuetur.
799 5317 983 5387 Neque
1024 5328 1153 5368 vero
1187 5311 1527 5366 mediocriter
1571 5311 1726 5366 nobis
1768 5310 1988 5380 prodest
2033 5309 2099 5364 ad

508 5413 844 5469 inserendam
866 5408 1060 5464 animis
1081 5403 1277 5461 nostris
1297 5402 1610 5459 modestiam
1632 5419 1693 5459 ac
1709 5402 2098 5474 philosophiam

510 5505 612 5559 hoc
639 5504 1004 5573 spectaculum
1035 5499 1380 5556 tumulorum.
1409 5497 1634 5553 Animus
1677 5498 1819 5553 enim
1850 5497 1967 5552 sive
2010 5511 2098 5551 se-

509 5595 628 5665 guis
670 5595 760 5656 sit,
803 5592 906 5648 hoc
935 5602 1152 5661 aspectu
1182 5599 1503 5654 commotus,
1533 5589 1708 5644 statim
1735 5588 2042 5658 percellitur
2080 5605 2093 5641 :

506 5685 624 5738 sive
649 5681 875 5751 diligens
891 5683 960 5736 sit
983 5691 1036 5736 et
1063 5681 1344 5746 excitatus,
1364 5679 1667 5750 diligentior
1687 5678 1927 5734 redditur
1951 5697 1966 5734 :
1989 5679 2102 5736 sive

513 5780 877 5843 paupertatem
906 5773 1023 5842 quis
1053 5772 1392 5840 lamentetur,
1425 5788 1488 5828 ex
1519 5771 1622 5828 hoc
1661 5771 1839 5826 statim
1881 5779 2100 5844 aspectu

2196 2285 2618 2340 consolationem
2647 2286 2873 2357 percipit
2906 2304 2920 2342 :
2950 2287 3064 2343 sive
3091 2287 3291 2344 divitiis
3321 2287 3659 2350 intumescat.
3685 2289 3772 2345 hu-

2197 2377 2340 2431 milis
2376 2377 2434 2432 ﬂt
2460 2386 2514 2432 et
2540 2377 2894 2432 contrahitur.
2927 2379 3024 2434 Hic
3054 2381 3197 2435 enim
3227 2390 3499 2460 aspectus.
3519 2383 3772 2453 sepulcro-

2195 2483 2316 2522 rum
2347 2484 2782 2540 unumquemque
2805 2479 3170 2539 spectatorum
3199 2471 3341 2542 cogit
3363 2471 3589 2527 invitum
3609 2473 3671 2528 de
3692 2488 3770 2528 sua

2195 2570 2370 2615 morte
2395 2560 2778 2630 philosophari,
2805 2571 2968 2632 utque
2995 2561 3124 2616 nihil
3155 2563 3209 2616 in
3241 2562 3343 2618 hoc
3373 2564 3578 2619 mundo
3601 2565 3771 2619 stabile

2196 2665 2316 2705 esse
2343 2660 2579 2718 censeat,
2626 2652 2931 2722 persuadet,
2982 2667 3078 2707 seu
3119 2653 3404 2709 molestum
3451 2655 3543 2718 sit,
3583 2670 3672 2710 seu
3695 2655 3772 2724 ju-

2195 2742 2426 2798 cundum
2457 2759 2471 2797 :
2506 2759 2665 2812 porro
2693 2744 2737 2799 is
2763 2744 2850 2798 cui
2877 2759 3186 2813 persuasum
3229 2744 3330 2800 hoc
3361 2745 3546 2809 fuerit,
3575 2761 3671 2800 non
3701 2745 3769 2798 fa-

2195 2833 2296 2888 cilc
2317 2834 2514 2902 peccati
2545 2835 2733 2904 laqueo
2758 2835 3017 2904 capietur.
3043 2835 3334 2904 Propterea
3361 2838 3580 2905 sapiens
3604 2836 3768 2890 admo-

2197 2931 2288 2977 net
2313 2925 2577 2994 quispiam
2605 2924 2792 2980 dicens
2823 2942 2837 2980 :
2869 2923 2933 2978 In
2965 2925 3196 2979 omnibus
3220 2928 3540 2981 sermonibus
3569 2929 3661 2980 tuis
3688 2943 3769 2980 me-

2193 3033 2393 3070 morare
2421 3017 2694 3071 novissima
2721 3029 2828 3083 tua,
2858 3027 2904 3070 et
2928 3017 2980 3070 in
3007 3027 3250 3071 wternum
3272 3034 3372 3071 non
3403 3019 3628 3088 peccabis
3661 3016 3769 3086 (Ec-

2195 3108 2279 3160 cli.
2313 3107 2359 3162 7.
2395 3107 2487 3175 40)
2523 3126 2536 3164 :
2582 3117 2637 3164 et
2665 3110 2802 3164 alter
2832 3109 3093 3178 quispiam
3127 3109 3210 3163 his
3258 3124 3499 3164 consona
3540 3110 3768 3179 loquitur,

2196 3200 2322 3254 dum
2365 3201 2435 3253 ita
2478 3201 2709 3256 consulit
2742 3219 2755 3255 :
2791 3199 3038 3271 Prtepara
3082 3201 3135 3253 in
3175 3201 3365 3255 exitum
3399 3218 3559 3272 opera
3593 3211 3700 3266 tua,
3733 3208 3772 3252 et

2197 3309 2430 3364 prwpara
2461 3304 2508 3347 te
2535 3293 2603 3346 ad
2629 3295 2721 3347 iter
2750 3291 2932 3365 (Prov.
2968 3294 3062 3350 24.
3088 3293 3182 3365 27)
3220 3312 3234 3348 :
3263 3309 3370 3348 non
3399 3296 3547 3366 quod
3573 3296 3636 3350 de
3661 3310 3770 3348 sen-

2197 3384 2348 3438 sibus
2373 3385 2617 3454 subjccto
2648 3385 2838 3441 itinere
2864 3384 3024 3440 verba
3048 3385 3224 3454 faciat,
3253 3387 3346 3441 sed
3375 3387 3446 3442 de
3475 3388 3700 3443 discessu
3717 3400 3770 3440 ex

2197 3477 2298 3532 hac
2327 3478 2452 3532 vita.
2483 3478 2618 3533 Nam
2659 3480 2703 3534 si
2748 3487 3007 3549 perpetuo
3036 3494 3098 3533 ac
3135 3480 3356 3550 singulis
3397 3481 3602 3545 diebus,
3635 3493 3772 3550 quam

2197 3567 2434 3624 incertus
2457 3570 2524 3624 sit
2539 3571 2736 3634 obitus,
2757 3570 3212 3640 priemeditemur,
3237 3571 3374 3626 haud
3402 3571 3558 3627 facile
3579 3580 3770 3640 peccata

2197 3661 2592 3716 committemus
2621 3678 2634 3714 :
2660 3661 2754 3715 sed
2782 3675 2957 3730 neque
2984 3659 3144 3716 rebus
3171 3661 3328 3732 hujus
3355 3663 3480 3718 vitae
3507 3660 3771 3732 splendidis

2197 3760 2356 3822 atque
2385 3753 2680 3823 magniﬁcis
2708 3753 3085 3820 intumescere,
3110 3768 3281 3823 neque
3307 3754 3551 3808 molestis
3569 3749 3772 3822 deprimi

2198 3845 2494 3917 poterimus
2519 3855 2610 3899 aut
2639 3845 2864 3912 turbari,
2910 3861 3032 3900 cum
3073 3847 3308 3901 incertus
3346 3854 3683 3916 utrarumque
3713 3844 3771 3897 sit

2199 3935 2341 3990 ﬁnis.
2369 3934 2522 4005 Saepe
2552 3949 2785 4005 namque
2829 3935 2920 4006 qui
2951 3935 3112 3991 hodie
3137 3937 3288 4002 vivit,
3322 3952 3388 3990 ne
3414 3938 3485 3992 ad
3515 3948 3768 4006 vesperam

2199 4025 2413 4097 quidem
2441 4035 2523 4081 est
2542 4034 2832 4096 superstes.
2866 4025 3050 4097 Itaque
3091 4027 3136 4081 si
3170 4027 3222 4081 in
3267 4027 3397 4082 urbe
3448 4026 3770 4084 remansisse-

2199 4134 2340 4186 inus,
2372 4133 2480 4173 non
2509 4117 2794 4173 admodum
2817 4119 3104 4174 verisimile
3129 4127 3214 4175 est
3237 4135 3334 4174 nos
3362 4120 3490 4174 talia
3515 4118 3769 4174 meditatu-

2200 4225 2291 4266 ros
2319 4225 2382 4265 ac
2425 4210 2899 4280 philosophaturos
2941 4209 3143 4276 fuisse;
3184 4220 3240 4266 at
3283 4221 3434 4267 extra
3479 4209 3767 4282 pomarium

2200 4314 2468 4372 egressos,
2501 4311 2554 4356 et
2584 4301 2649 4356 ad
2682 4301 2795 4355 lucc
2825 4301 3066 4370 sepulcra
3118 4302 3414 4371 venientes,
3455 4311 3607 4372 atque
3651 4299 3767 4353 hanc

2201 4393 2568 4449 defunctorum
2616 4392 3008 4448 multitudinem
3050 4402 3354 4463 spectantes
3383 4408 3601 4449 necesse
3630 4391 3765 4460 plane

2201 4485 2320 4550 fuit,
2347 4485 2608 4540 vellemus
2634 4483 2916 4550 nollemus,
2939 4483 3040 4538 hoc
3061 4489 3350 4554 conspeCtu
3371 4483 3664 4538 admonitos
3685 4479 3765 4532 has

2201 4576 2549 4648 cogitationes
2573 4576 2753 4630 animo
2781 4575 3018 4640 volvere,
3045 4590 3109 4630 ac
3134 4575 3473 4630 sublimiores
3502 4573 3626 4638 fieri,
3655 4571 3764 4625 dum

2204 4667 2321 4724 illas
2350 4668 2634 4730 volvimus,
2683 4680 3005 4735 omnemque
3031 4681 3156 4736 erga
3204 4681 3292 4720 res
3331 4666 3610 4721 szeculares
3649 4658 3764 4714 atie-

2201 4770 2346 4815 ctum
2368 4773 2585 4813 exuere.
2619 4757 2802 4827 Neque
2832 4773 2960 4812 vero
2991 4766 3192 4811 tantum
3221 4756 3483 4825 ejusmodi
3508 4750 3760 4825 cogitatio-

2202 4868 2300 4909 nes
2327 4854 2562 4908 animum
2595 4860 2835 4906 nostrum
2866 4849 3138 4915 subibunt,
3173 4848 3266 4905 sed
3309 4857 3363 4904 et
3387 4845 3660 4906 sufﬁcienti
3683 4855 3762 4897 eo-

2205 4944 2506 4998 hortatione
2527 4941 2934 5006 concitabimur,
2964 4949 3023 4994 ut
3058 4938 3121 4993 ad
3148 4947 3403 4993 aeternam
3444 4937 3654 5009 patriam
3675 4945 3760 4986 no-

2203 5045 2369 5092 stram
2410 5033 2744 5098 festinemus,
2789 5031 2856 5086 ad
2903 5047 3130 5100 eamque
3164 5045 3263 5086 nos
3303 5040 3678 5101 comparemus,
3717 5027 3762 5074 ct

2203 5126 2384 5182 omnia
2411 5125 2564 5181 nobis
2591 5124 2656 5180 ad
2680 5124 2823 5178 illam
2847 5121 3228 5192 profectionem
3251 5121 3547 5176 necessaria
3577 5126 3761 5186 parpa-

2203 5234 2404 5284 remus,
2429 5233 2549 5272 cum
2575 5217 2828 5282 sciamus,
2851 5227 3240 5284 quamcumque
3265 5228 3442 5267 rerum
3482 5215 3757 5266 nostrarum

2204 5310 2292 5366 hic
2317 5309 2713 5380 reliquerimus,
2757 5321 2876 5360 eam
2909 5304 3062 5359 nobis
3084 5305 3460 5358 detrimentum
3488 5301 3753 5355 allaturam.

2205 5401 2338 5457 Nam
2382 5397 2829 5471 quemadmodum
2859 5397 2948 5467 qui
2980 5396 3195 5466 longum
3227 5396 3329 5451 iter
3356 5395 3526 5449 viator
3547 5383 3754 5446 coniicit,

2203 5502 2258 5549 et
2283 5493 2334 5547 in
2364 5492 2586 5562 patriam
2615 5505 2764 5544 suam
2787 5487 2963 5542 redire
2993 5485 3223 5551 festinat,
3256 5485 3618 5555 quodcumque
3646 5474 3754 5530 reli-

2203 5585 2380 5655 querit
2409 5583 2460 5636 in
2490 5581 2739 5652 hospitio,
2773 5579 2928 5648 plane
2955 5577 3167 5641 amittit,
3191 5577 3411 5646 ejusque
3426 5575 3669 5646 jacturam
3690 5565 3754 5618 fa-

2203 5676 2278 5731 cit
2307 5690 2320 5732 :
2353 5674 2432 5730 sic
2457 5673 2705 5727 nimirum
2735 5679 2789 5728 et
2816 5686 2916 5726 nos
2949 5683 3310 5741 quascumque
3339 5683 3425 5724 res
3463 5675 3656 5722 nostras
3683 5655 3751 5707 hic

2203 5769 2528 5826 dimittentes
2556 5766 2862 5833 abierimus,
2891 5747 3074 5820 eaium
3095 5762 3331 5818 omnium
3348 5761 3593 5833 jacturam
3618 5747 3752 5809 facie-
