4088 6456
1597 396 1683 452 DE
1723 399 1783 455 S.
1824 397 2122 458 DROSIDE
2168 401 2528 462 MARTYRE.

436 579 3701 631 ram

1154 611 1161 612 κ
1203 611 1813 620 *ἡ
1836 611 1985 621 -ι

2089 611 3568 631 *—W

3722 702 3727 709 υ

3723 712 3727 721 ι

1887 870 2265 935 MONITUM.

427 1143 553 1185 mos
589 1139 881 1203 martyres,
918 1151 1153 1206 quorum
1182 1157 1306 1200 ossa
1328 1146 1517 1202 eodem
1548 1145 1670 1201 loco
1692 1147 1936 1217 deposita
1965 1160 2145 1220 erant,
2176 1151 2431 1211 laudibus
2454 1159 2801 1214 commendat
2825 1159 3273 1233 Chrysostomus,
3307 1178 3610 1233 eorumque
3638 1163 3695 1220 in

417 1242 701 1303 daemonas
737 1256 790 1303 et
821 1249 872 1304 in
906 1253 1127 1311 morbos
1154 1260 1429 1327 quoslibet
1454 1270 1777 1332 potestatem
1810 1265 2172 1335 deprmdicat;
2203 1283 2268 1325 ac
2290 1279 2550 1341 quantam
2579 1287 2645 1327 ex
2679 1288 2869 1329 eorum
2905 1277 3053 1331 aditu
3089 1278 3379 1336 utilitatem
3402 1281 3695 1352 decerpere

414 1361 605 1430 liceat,
643 1366 891 1436 pluribus
924 1375 1168 1443 exponit.
1194 1374 1270 1431 De
1297 1394 1442 1433 anno
1468 1395 1580 1451 quo
1610 1380 1726 1437 haec
1763 1384 1990 1440 homilia
2026 1390 2379 1457 pronuntiata
2411 1388 2511 1445 fuit
2533 1391 2666 1445 nihil
2698 1409 2923 1463 prorsus
2952 1394 3236 1453 habemus.

498 1478 877 1548 lnterpretatio
909 1483 1095 1539 Latina
1118 1495 1202 1541 est
1234 1486 1527 1545 Frontonis
1551 1490 1754 1546 Ducazi.

448 1729 3673 1768 MM

1661 1966 1813 2045 [688]
1877 1981 2470 2075 ΕΓΚΩΜΙΟΝ

908 2158 1015 2228 Είς
1050 2161 1167 2232 τὴν
1193 2162 1369 2234 ἁγίαν
1390 2162 1887 2235 μεγαλομίρτυρα
1909 2169 2187 2239 Δροσίδα,
2216 2167 2313 2221 καὶ
2339 2169 2428 2233 είς
2450 2165 2518 2221 τὸ
2535 2165 2879 2238 μεμνῆσθαι
2912 2164 3194 2224 θανάτου.

500 2474 569 2531 α’.
599 2477 659 2530 Οί
696 2476 969 2546 φιλόπονοι
993 2482 1103 2539 τῶν
1124 2484 1416 2556 ποιμένων,
1434 2485 1652 2540 ἐπειδὰν
1675 2486 1762 2539 διὰ
1784 2486 1996 2559 μακροῦ

422 2565 690 2633 χειμῶνος
737 2564 888 2620 ίδωσι
934 2568 1192 2644 λαμπρὰν
1244 2573 1460 2636 ἀκτῖνα,
1507 2573 1603 2627 καὶ
1655 2572 1997 2645 θερμοτέραν

419 2650 720 2721 γενομένην
746 2652 981 2725 ημέραν,
1000 2657 1100 2726 τῆς
1133 2657 1373 2729 μάνδρας
1394 2657 1753 2727 ἐξαγαγόντες
1771 2660 1840 2713 τὰ
1859 2660 1995 2729 πρό-

421 2735 585 2801 ϐατα,
620 2738 757 2809 πρὸς
784 2738 883 2803 τάς
909 2743 1159 2813 συνήθεις
1185 2744 1375 2813 ἄγουσι
1402 2746 1578 2816 νομάς
1597 2763 1611 2777 ο
1656 2746 1878 2811 τούτους
1903 2749 1998 2802 καὶ

414 2824 454 2876 ὁ
489 2823 648 2889 καλὸς
683 2825 884 2897 ποιμὴν
910 2820 1065 2892 οὗτος
1096 2832 1452 2902 μιμούμενος,
1476 2833 1577 2902 τὴν
1614 2832 1765 2905 ίεράν
1794 2832 1998 2904 ταύτην

415 2911 646 2983 ἀγέλην,
682 2914 777 2967 καὶ
798 2915 897 2985 τὴν
927 2916 1301 2988 πνευματικὴν
1341 2918 1436 2972 τοῦ
1484 2919 1723 2991 Χριστοῦ
1762 2921 1997 2993 ποίμνην

416 2997 558 3068 πρὸς
599 2998 698 3063 τὰς
735 2999 845 3053 τῶν
871 3000 1043 3070 ἀγίων
1073 3005 1244 3073 νομὰς
1274 3005 1449 3076 ἤγαγε
1474 3006 1678 3071 ταύτας
1710 3008 1808 3070 τὰς
1834 3026 1998 3063 πνευ-

418 3090 673 3158 ματικάς.
705 3091 1068 3162 Κορέννυνται
1099 3095 1197 3165 μὲν
1220 3097 1311 3148 ἐπὶ
1338 3095 1438 3166 τῆς
1463 3096 1669 3167 φάτνης
1696 3097 1907 3152 ἑστῶτα
1927 3099 1997 3153 τὰ

415 3174 695 3243 πρόϐατα⁹
736 3176 851 3229 ἀλλ’
891 3178 1111 3233 ἐπειδάν
1166 3180 1271 3245 ἔξω
1323 3182 1551 3253 γένηται
1608 3182 1717 3236 τῶν
1772 3185 1992 3256 σηκῶν,

412 3260 638 3315 πλείονα
674 3263 780 3315 ἀπὸ
815 3263 923 3317 τῶν
961 3265 1159 3321 πεδίων
1196 3267 1534 3340 καρποῦνται
1573 3269 1673 3341 τὴν
1701 3271 1992 3340 ὠφέλειαν,

415 3349 556 3418 μετά
599 3349 795 3422 πολλῆς
835 3351 936 3421 τῆς
984 3352 1228 3424 τέρψεως
1273 3355 1706 3418 κατακύπτοντα.
1758 3360 1852 3412 καὶ
1896 3359 1993 3431 τὴν

410 3435 554 3488 πόαν
578 3436 664 3489 διὰ
689 3437 796 3490 τῶν
819 3438 1045 3493 ὀδόντων
1073 3440 1433 3512 ἀποκείροντα
1449 3483 1462 3507 ,
1496 3442 1737 3516 καθαρόν
1762 3461 1821 3497 τε
1856 3445 1994 3510 ἀέρα

409 3523 784 3594 ἀναπνέοντα,
825 3525 919 3578 καὶ
962 3525 1100 3597 πρὸς
1134 3526 1329 3580 ἀκτῖνα
1375 3527 1641 3598 βλέποντα
1683 3529 1849 3602 διειδῆ
1895 3532 1994 3584 καὶ

410 3610 667 3682 φαιδρὰν,
696 3611 848 3684 παρά
871 3612 1067 3683 λίμνας
1101 3615 1194 3668 καὶ
1222 3615 1400 3686 πηγὰς
1425 3617 1728 3689 σκιρτῶντα
1756 3619 1849 3672 καὶ
1891 3636 1992 3673 πο·-

405 3697 652 3767 ταμούςο
698 3699 853 3771 φέρει
901 3699 959 3754 δὲ
1004 3701 1186 3766 αὐτοῖς
1212 3703 1306 3755 καὶ
1339 3703 1471 3774 ήγῆ
1514 3720 1636 3757 τινα
1663 3704 1850 3776 τέρψιν
1881 3709 1993 3769 τοῖς

408 3783 602 3838 ἄνθεσι
628 3785 1079 3860 καλλωπιζομένη
1114 3788 1398 3843 πάντοθεν.
1427 3791 1540 3844 Ούκ
1571 3792 1658 3844 ἐπ’
1676 3792 1901 3846 ἐκείνων
1933 3792 1992 3846 δὲ

409 3872 594 3943 μόνον,
638 3872 774 3928 ἀλλὰ
820 3873 915 3928 καὶ
961 3874 1051 3945 ἐφ’
1082 3874 1239 3946 ἡμῶν
1276 3875 1434 3930 τοῦτο
1479 3877 1682 3949 πολλὴν
1731 3877 1847 3949 ἔχει
1888 3878 1989 3949 τὴν

404 3959 697 4028 ὠφέλειαν.
724 3960 946 4033 Πλήρης
967 3961 1068 4033 μὲν
1090 3962 1199 4033 γὰρ
1226 3963 1354 4034 ἡμῖν
1376 3964 1471 4017 καὶ
1498 3963 1647 4019 ἔνδον
1681 3967 1716 4035 ὴ
1739 3964 1989 4035 τράπεζα

401 4045 518 4100 τῶν
547 4047 929 4118 πνευματικῶν
951 4048 1264 4120 ἐδεσμάτων
1305 4051 1618 4122 παρέκειτο,
1647 4052 1764 4106 ἀλλ’
1786 4055 1820 4124 ὴ
1851 4054 1989 4123 πρὸς

404 4135 535 4197 τοὺς
558 4135 744 4204 ἁγίους
771 4134 948 4200 ἔξοδος
967 4135 1191 4200 τούτους
1216 4136 1330 4208 ἔχει
1356 4139 1477 4192 τινὰ
1508 4138 1603 4191 καὶ
1627 4138 1985 4209 ψυχαγωγίαν

402 4221 506 4273 καὶ
534 4220 727 4293 κέρδος
762 4222 862 4292 τῆς
888 4222 1246 4293 ψυχαγωγίας
1272 4224 1372 4277 οὐκ
1405 4224 1645 4291 ἔλαττον,
1669 4227 1771 4279 οὐκ
1796 4226 1984 4298 ἐπειδὴ

332 4378 335 4379 ν
400 4306 652 4379 καθαρὸν
682 4308 775 4363 τὸν
820 4308 956 4378 ἀέρα
998 4310 1362 4381 ἀναπνέομεν,
1394 4312 1509 4365 ἀλλ’
1533 4312 1722 4385 ἐπειδὴ
1755 4313 1891 4384 πρὸς
1914 4314 1985 4367 τὰ

397 4392 516 4447 τῶν
558 4396 822 4464 γενναίων
868 4395 1072 4449 τούτων
1123 4397 1525 4469 κατορθώματα
1573 4398 1872 4470 βλέπομεν·
1920 4401 1983 4454 οὐ

399 4479 561 4552 παρὰ
584 4484 863 4551 ποταμοὺς
892 4482 1119 4549 ὑδάτων,
1147 4483 1282 4537 ἀλλά
1325 4485 1476 4556 παρά
1519 4489 1801 4557 ποταμοὺς
1825 4505 1984 4559 χαρι-

401 4568 628 4638 σμάτων
678 4568 1037 4638 σκιρτῶντες·
1093 4570 1155 4623 ού
1200 4571 1662 4639 κατακύπτοντες,
1704 4575 1800 4628 καὶ
1845 4575 1982 4630 πόαν

399 4657 681 4727 κείροντες
732 4660 844 4721 τοῖς
893 4655 1123 4724 ὀδοῦσιν,
1148 4658 1285 4715 ἀλλά
1315 4660 1607 4732 μαρτύρων
1626 4663 1826 4733 ἀρετὰς
1852 4664 1982 4717 ἀνα-

399 4743 721 4815 Αεγόμενοι*
761 4744 883 4815 οὐχὶ
918 4745 1022 4816 γῆν
1045 4744 1281 4817 ὁρῶντες
1304 4748 1787 4821 καλλωπιζομένην
1825 4751 1981 4806 ἀνθε-

401 4847 528 4895 σιν,
572 4830 708 4885 ἀλλὰ
763 4831 990 4902 σώματα
1049 4832 1333 4902 βλέποντες
1393 4836 1695 4907 χαρίσμασι
1746 4837 1980 4910 βρύοντα

397 4919 1086 4989 πνωματικοῖς.Ἔκαστον
1123 4920 1222 4992 μὲν
1250 4917 1341 4975 οὖν
1363 4920 1470 4975 τῶν
1499 4924 1812 4996 μαρτυρίων
1841 4943 1982 4997 παρ-

396 5005 519 5075 έχει
564 5008 678 5069 τοῖς
728 5005 1141 5079 συλλεγομένοις
1173 5007 1363 5079 κέρδος
1401 5010 1463 5064 οὗ
1493 5010 1708 5081 μικρὸν.
1745 5012 1978 5082 μάλιστα

393 5093 461 5148 δὲ
490 5094 741 5149 ἀπάντων
767 5093 957 5148 τοῦτο·
1004 5095 1139 5167 ὁμοῦ
1174 5113 1234 5149 τε
1263 5096 1372 5169 γὰρ
1399 5098 1568 5170 ἐπέϐη
1598 5117 1682 5162 τις
1706 5099 1815 5155 τῶν
1846 5118 1978 5174 προ-

394 5180 603 5252 θύρων,
636 5183 731 5236 καὶ
764 5180 967 5252 πλῆθος
991 5182 1195 5247 εὐθέως
1216 5184 1404 5253 τάφων
1439 5186 1774 5256 πανταχόθεν
1804 5205 1975 5261 προσ-

395 5270 590 5323 πίπτει
611 5273 724 5333 τοῖς
742 5269 1057 5341 ὀφθαλμοῖς,
1082 5272 1175 5324 καὶ
1193 5274 1327 5326 ὅπου
1354 5285 1460 5343 περ
1487 5273 1553 5328 ἂν
1576 5273 1681 5346 ίδῃ,
1701 5273 1978 5346 λάρνακας

393 5358 494 5409 καὶ
540 5360 800 5429 μνήματα
842 5358 935 5411 καὶ
980 5358 1152 5429 θήκας
1177 5360 1280 5430 ὁρᾷ
1308 5359 1418 5413 τῶν
1443 5362 1867 5433 κατοιχομένων.
1899 5365 1975 5418 Ού

395 5445 593 5517 μικρὸν
616 5444 680 5516 δὴ
711 5446 843 5516 ἡμῖν
866 5446 945 5508 εἰς
977 5443 1126 5518 [689]
1156 5446 1470 5516 φιλοσοφίας
1502 5448 1665 5521 μέρος
1686 5448 1823 5521 αῦτη
1848 5466 1972 5502 συν-

388 5532 542 5587 τελεῖ
584 5533 691 5586 τῶν
733 5534 919 5603 τάφων
956 5536 990 5607 ἡ
1036 5534 1259 5606 θεωρία.
1296 5534 1358 5589 Ἦ
1394 5535 1502 5607 γὰρ
1544 5536 1693 5607 ψυχὴ
1738 5537 1828 5590 διὰ
1872 5539 1971 5609 τῆς

387 5619 567 5689 ὄψεως
594 5620 819 5689 ταύτης,
853 5621 956 5674 κᾶν
988 5621 1229 5694 ῥᾴθυμος
1255 5618 1320 5695 ᾖ,
1355 5625 1562 5694 ταχέως
1603 5625 1970 5692 συστέλλεται,

390 5709 498 5764 κᾶν
527 5709 787 5763 σπουδαία
804 5709 910 5762 καὶ
947 5710 1364 5780 διεγηγερμένη,
1404 5712 1795 5784 σπουδαιοτέρα
1825 5713 1971 5781 γίνε-

386 5810 510 5851 ται·
536 5796 639 5851 κᾶν
665 5794 1002 5867 ἀποδύρηταί
1025 5815 1107 5863 τις
1134 5799 1343 5866 πενίαν,
1374 5799 1483 5854 ἀπὸ
1507 5800 1608 5871 τῆς
1636 5800 1809 5869 ὄψεως
1838 5798 1970 5854 ταύ-

2104 2504 2203 2559 της
2246 2486 2448 2551 εὐθέως
2491 2487 2844 2559 παραμυθίαν
2885 2488 3124 2559 δέχεται,
3167 2487 3271 2541 κᾶν
3315 2488 3409 2541 ἐπὶ
3462 2485 3679 2556 πλούτῳ

2105 2574 2248 2643 μέγα
2281 2577 2473 2646 φρονῇ,
2502 2575 2851 2629 ταπεινοῦται
2884 2576 2977 2630 καὶ
3018 2574 3456 2630 καταστέλλεται.
3477 2574 3542 2628 Ἦ
3567 2572 3683 2642 γὰρ

2099 2662 2209 2715 τῶν
2252 2663 2439 2731 τάφων
2486 2662 2606 2732 ὄψις
2652 2663 2881 2718 ἕκαστον
2914 2663 3020 2715 τῶν
3048 2661 3296 2732 ὁρώντων
3320 2663 3389 2714 τὰ
3415 2662 3542 2732 περὶ
3574 2661 3673 2729 τῆς

2096 2749 2350 2819 τελευτῆς
2381 2750 2477 2820 τῆς
2512 2749 2704 2805 ἑαυτοῦ
2733 2751 2831 2804 καὶ
2866 2752 3067 2805 ἄκοντα
3098 2749 3409 2818 φιλοσοφεῖν
3435 2749 3685 2816 ἀναγκάε

2098 2835 2201 2901 ζει,
2235 2838 2329 2890 καὶ
2361 2836 2538 2890 πείθει
2578 2837 2743 2908 μηδὲν
2784 2837 2891 2891 τῶν
2930 2837 3215 2909 παρόντων
3260 2836 3500 2907 νομίζειν
3536 2831 3678 2890 εἶναι

2100 2920 2337 2992 βέϐαιον,
2371 2924 2446 2994 μὴ
2471 2924 2734 2995 λυπηρὸν,
2786 2923 2859 2994 μὴ
2908 2923 3144 2995 χρηστόν
3163 2937 3177 2951 ·
3211 2921 3239 2973 ὁ
3268 2923 3323 2975 δὲ
3352 2921 3543 2975 ταῦτα·
3566 2937 3680 2975 πει-

2098 3009 2245 3073 σθεὶς
2290 3010 2350 3063 ού
2402 3010 2596 3082 ῥᾳδίως
2641 3010 2907 3067 ἁλώσεται
2940 3014 3006 3082 τῇ
3036 3012 3136 3081 τῆς
3165 3010 3436 3081 ἁμαρτίας
3470 3007 3683 3076 παγίδια

2097 3096 2196 3150 Διά
2219 3097 2377 3153 τοῦτο
2406 3098 2500 3151 καὶ
2526 3098 2689 3168 σοφός
2732 3115 2817 3161 τις
2862 3100 3118 3168 παραινεῖ
3149 3096 3321 3165 λέγων
3347 3115 3360 3128 ·
3403 3093 3679 3149 Ἐν-πᾶσι

2095 3182 2219 3249 τοῖς
2250 3185 2453 3252 λόγοις
2496 3199 2613 3237 σου
2654 3182 3000 3253 μιμνήσκου
3039 3182 3111 3236 τὰ
3140 3181 3371 3253 ἔσχατά
3407 3197 3542 3243 σου,
3575 3180 3675 3234 καὶ

2093 3273 2182 3337 είς
2211 3271 2319 3324 τὸν
2356 3270 2541 3325 αἰῶνα
2568 3270 2653 3341 μὴ
2679 3270 2943 3340 ἁμάρτῃς
2963 3286 2977 3302 ο
3017 3272 3112 3325 καὶ
3137 3271 3322 3343 ἔτερος
3351 3270 3409 3322 δέ
3436 3287 3520 3332 τις
3550 3285 3676 3321 συν-

2094 3357 2204 3427 ῳδά
2250 3357 2424 3428 τούτῳ
2469 3358 2766 3427 φθέγγεται
2818 3357 3201 3428 συμϐουλεύων
3242 3356 3449 3420 οὕτως·
3492 3357 3674 3409 Ἑτοί-

2086 3442 2232 3512 μαζε
2279 3449 2366 3510 εις
2410 3443 2527 3513 τὴν
2576 3443 2793 3509 ἔξοδον
2832 3442 2907 3496 τὰ
2949 3443 3092 3513 ἔργα
3149 3458 3301 3504 σου,
3347 3443 3447 3497 καὶ
3489 3457 3674 3510 παρα.

2093 3529 2385 3591 σκευάζου
2434 3530 2585 3598 πρὸς
2610 3529 2726 3599 τὴν
2758 3529 2934 3583 ὁδόν-⁸
2968 3532 3032 3583 οὐ
3085 3530 3214 3601 περὶ
3264 3532 3361 3601 τῆς
3408 3528 3673 3600 αίσθητῆς

2090 3614 2211 3669 ὁδοῦ
2259 3614 2659 3686 διαλεγόμενος,
2696 3614 2831 3669 ἀλλά
2876 3616 3006 3686 περὶ¹
3049 3616 3149 3687 τῆς
3184 3615 3433 3669 ἐντεῦθεν
3468 3615 3673 3678 ἀποδη-

2095 3701 2350 3773 μίας.“¹Αν
2383 3702 2492 3773 γὰρ
2519 3702 2784 3773 διηνεκῶς
2809 3702 2904 3757 καὶ
2936 3702 3058 3756 καθ’
3081 3703 3320 3774 ἑκάστην
3353 3703 3568 3773 ἡμέραν
3611 3702 3672 3754 τὸ

2090 3789 2192 3858 τῆς
2218 3789 2474 3861 τελευτῆς
2499 3788 2898 3862 προϐλέπωμεν
2924 3789 3141 3862 ἄδηλον,
3173 3791 3234 3843 οὐ
3255 3790 3466 3861 ταχέως
3490 3790 3673 3859 ἀμαρ-

2092 3875 2402 3947 τησόμεθα·
2439 3874 2565 3929 οὔτε
2593 3874 2704 3949 γὰρ
2735 3875 2803 3931 τά
2841 3877 3069 3950 λαμπρά
3105 3877 3201 3931 τοῦ
3243 3876 3360 3947 βίου
3404 3876 3677 3945 φυσῆσαι,

2090 3960 2218 4016 οὔτε
2244 3963 2313 4016 τά
2344 3962 2565 4034 λυπηρά
2591 3963 2840 4017 καθελεῖν
2873 3965 3021 4035 ἡμᾶς
3057 3966 3153 4018 καὶ
3179 3962 3482 4035 θορυϐῆσαι
3508 3962 3670 4033 δυνή-

2095 4064 2245 4103 σεται
2272 4049 2464 4120 ἄδηλον
2492 4050 2730 4121 ἑκάτερα
2752 4050 2812 4104 τὸ
2842 4051 2993 4115 τέλος
3015 4051 3226 4122 ἔχοντα.
3258 4052 3369 4104 Καὶ
3400 4049 3511 4121 γὰρ
3537 4048 3669 4102 πολ-

2091 4134 2248 4198 λάκις
2272 4137 2302 4189 ὁ
2326 4138 2568 4208 σήμερον
2597 4134 2708 4201 ζῶν
2744 4137 2865 4190 οὐδὲ
2905 4138 3071 4211 μέχρι
3096 4137 3196 4207 τῆς
3222 4138 3461 4208 ἑσπέρας
3492 4136 3664 4205 μένει.

2092 4222 2282 4277 Ἐνδον
2306 4223 2405 4293 μὲν
2429 4220 2520 4277 οὖν
2544 4224 2603 4277 ὲν
2624 4226 2691 4295 τῇ
2723 4224 2875 4278 πόλει
2902 4223 3343 4297 ἐνδιατρίϐοντας
3368 4223 3429 4277 οὐ
3461 4221 3675 4293 σφόδρα.

2089 4311 2235 4375 είκὺς
2259 4313 2328 4366 τὰ
2354 4312 2579 4366 τοιαῦτα
2602 4314 2835 4384 μελετᾷν
2863 4312 2959 4366 καὶ
2979 4312 3288 4382 φιλοσοφεῖν
3304 4328 3319 4343 ·
3350 4308 3668 4374 ἐξελθόντας

2088 4399 2194 4465 ἔξω
2222 4400 2437 4472 τειχῶν,
2460 4403 2556 4457 καὶ
2587 4402 2723 4474 πρὸς
2749 4403 2877 4466 τοὺς
2906 4403 3111 4473 τάφους
3138 4401 3361 4464 τούτους
3382 4397 3672 4461 ἐλθόντας,

2087 4487 2184 4541 καὶ
2245 4488 2304 4541 τὸ
2372 4488 2574 4560 πλῆθος
2627 4489 2737 4543 τῶν
2790 4488 3193 4560 κατοιχομένων
3256 4485 3665 4555 θεασαμένους,

2086 4576 2297 4649 ἀνάγκη
2363 4578 2513 4631 πᾶσα
2557 4578 2649 4631 καὶ
2680 4578 2901 4641 ἑκόντας
2931 4578 3024 4632 καὶ
3049 4577 3280 4637 ἄκοντας
3306 4573 3527 4656 τούτους
3551 4571 3673 4627 ἀπὸ

2084 4665 2184 4735 τῆς
2208 4665 2380 4736 ὅψεως
2406 4665 2659 4729 δέξασθαι
2686 4666 2812 4728 τοὺς
2850 4664 3162 4735 λογισμοὺς,
3200 4663 3295 4716 καὶ
3334 4660 3661 4731 δεξαμένους

2087 4752 2448 4823 ὑψηλοτέρους
2477 4752 2747 4820 γενέσθαι,
2772 4752 2866 4804 καὶ
2888 4751 2985 4820 τῆς
3012 4750 3147 4821 πρὸς
3168 4749 3234 4802 τά
3260 4746 3490 4819 βιωτικά
3519 4747 3661 4817 πρά-

2083 4854 2270 4909 γματα
2316 4837 2658 4909 συμπαθείας
2691 4836 3092 4907 ἀπαλλαγῆναι.
3133 4836 3208 4888 Ού
3240 4835 3398 4906 μόνον
3428 4833 3485 4887 δὲ
3516 4833 3667 4904 λογι-

2086 4928 2255 4997 σμοὺς
2282 4927 2554 4989 τοιούτους
2576 4925 2857 4996 δεξόμεθα,
2886 4924 3020 4979 ἀλλά
3046 4924 3140 4977 καὶ
3164 4924 3299 4993 πρὸς
3320 4924 3420 4994 τὴν
3442 4921 3669 4977 αἰώνιον

2083 5013 2239 5084 ἡμῶν
2265 5013 2498 5085 πατρίδα
2523 5013 2773 5066 σπεύδειν
2794 5012 2888 5066 καὶ
2915 5010 3430 5083 παρασκευάζεσθαι
3451 5009 3655 5080 ἀρκοῦο

2084 5116 2182 5153 σαν
2212 5100 2556 5169 παράκλησιν
2587 5098 2800 5167 ἕξομεν,
2840 5098 2935 5153 καὶ
2964 5099 3143 5152 πάντα
3171 5098 3307 5169 πρὸς
3337 5098 3437 5167 τὴν
3462 5095 3669 5165 ἀποδην

2086 5187 2215 5255 μίαν
2236 5187 2336 5258 τὴν
2356 5187 2475 5239 ἐκεῖ
2493 5185 2558 5239 τὰ
2582 5185 2702 5239 καθ’
2725 5188 2870 5256 ἡμᾶς
2892 5186 3255 5257 εὐτρεπίζειν,
3286 5184 3495 5247 εἰδότας
3517 5184 3666 5255 ὅπερ·

2081 5275 2148 5329 ἂν
2193 5275 2428 5329 ἐνταῦθα
2477 5274 2586 5328 τῶν
2633 5275 2922 5346 ἡμετέρων
2970 5275 3389 5343 καταλίπωμεν,
3449 5272 3667 5341 ζημίαν

2082 5365 2211 5435 ἡμῖν
2256 5363 2425 5417 οίσειν
2471 5361 2848 5432 καταλειφθέν.
2892 5362 3162 5433 Καθάπερ
3214 5360 3325 5431 γὰρ
3372 5359 3655 5433 ὁδοιπόρος

2085 5451 2523 5524 μακρὰνιόδεύων
2549 5452 2666 5505 ὁδὸν
2692 5451 2784 5505 καὶ
2817 5452 2953 5521 πρὸς
2982 5451 3081 5523 τὴν
3111 5450 3345 5522 πατρίδα
3370 5449 3660 5518 ἐπειγόμε-

2077 5556 2165 5601 νος
2189 5539 2286 5610 τὴν
2316 5538 2529 5605 ἑαυτοῦ,
2563 5539 2700 5610 ὅπερ
2741 5538 2809 5593 ἂν
2834 5540 2893 5591 ὲν
2923 5538 3003 5609 τῷ
3029 5536 3333 5607 πανδοχείῳ
3354 5535 3653 5606 καταλίπῃ,

2072 5625 2291 5689 πάντως
2320 5625 2590 5689 ἀπώλεσε,
2617 5626 2711 5679 καὶ
2743 5624 3082 5698 ὲζημίωται··
3103 5624 3250 5678 οὕτω
3278 5623 3343 5694 δὴ
3375 5623 3470 5677 καὶ
3490 5624 3653 5693 ἡμεῖς

2062 5715 2172 5768 -δσα
2196 5714 2427 5769 ἐνταῦθα
2455 5715 2564 5769 τῶν
2590 5715 2881 5787 ἡμετέρων
2898 5714 3132 5784 ἀφέντες
3155 5713 3501 5785 ἀπέλθωμεν,
3521 5712 3657 5779 ὲζηέ

2078 5799 2335 5872 μιώμιθα
2364 5803 2574 5859 πάντα’
2610 5800 2690 5854 διὸ
2715 5800 2820 5871 χρὴ
2854 5799 3054 5872 τὰμὲν
3084 5800 3203 5872 μεθ’
3224 5798 3454 5866 ἑαυτῶν,
3489 5797 3557 5865 τὰ
3591 5797 3651 5851 δὲ
