4088 6472
489 481 597 552 πρὸ
640 479 849 533 ἑαυτῶν
896 479 1289 551 παραπέμπειν
1322 481 1457 537 ἐκεῖ.
1477 482 1623 543 Ὁδὸς
1653 482 1759 551 γὰρ
1799 484 1828 535 6
1872 482 2061 554 παρὼν

490 571 605 642 βίος
634 570 773 634 ἐστὶ,
813 571 910 624 καὶ
932 571 1085 625 οὐδὲν
1120 572 1380 642 στάσιμον
1407 570 1540 641 ἔχει,
1577 572 1714 625 ἀλλά
1741 574 1837 626 καὶ
1867 577 1936 626 τά
1967 573 2062 626 λυ-

486 662 640 733 πηρά
686 660 849 714 αὑτοῦ
896 661 992 714 καὶ
1039 662 1108 715 τὰ
1156 660 1366 733 χρηστὰ
1418 660 1810 733 παροδεύομεν.
1864 662 1965 716 Διά
1996 662 2062 734 δὴ

485 756 643 809 τοῦτο
671 755 905 824 μάλιστα
926 754 1143 808 πάντων
1168 755 1315 808 τουτὶ
1349 750 1489 823 φιλῶ
1518 755 1579 808 τὸ
1606 757 1825 827 χωρίον,
1856 756 1937 809 ὅτι
1963 756 2063 809 οὑκ

490 848 548 899 ἐν
580 846 794 911 συνάξει
831 846 1011 916 μόνον,
1043 846 1179 899 ἀλλά
1199 847 1292 900 καὶ
1316 845 1587 911 συνάξεως
1609 847 1776 918 χωρὶς
1805 847 2065 910 πολλάκις

489 937 722 991 ἐνταῦθα
772 937 1165 1008 ἀφικνούμενος
1187 977 1201 1001 ,
1246 936 1451 990 τούτων
1501 936 1740 1008 συνεχῶς
1785 938 2064 1010 ἐμνήσθην

485 1029 593 1082 τῶν
624 1028 817 1098 λόγων,
844 1030 951 1081 τῶν
973 1029 1263 1100 ὀφθαλμῶν
1299 1049 1399 1102 μου
1432 1032 1559 1094 τοὺς
1584 1031 1791 1100 τάφους
1835 1033 1895 1085 ἐν
1933 1032 2062 1102 ἐρη-

488 1123 585 1194 μίᾳ
634 1123 802 1194 πολλῇ
854 1124 972 1193 μεθ’
1000 1126 1231 1195 ἡσυχίας
1273 1125 1772 1195 περισκοπούντων,
1820 1125 1915 1180 καὶ
1963 1127 2063 1198 τὴν

483 1212 661 1283 ψυχὴν
704 1214 840 1278 πρὸς
869 1215 998 1278 τοὺς
1040 1217 1460 1288 κατοιχομένους
1495 1217 1588 1270 καὶ
1611 1217 1708 1289 τὴν
1738 1217 1856 1270 ἐκεῖ
1888 1233 2064 1287 παρα-

486 1305 811 1369 πεμπόντων
840 1305 1193 1360 κατάστασιν.

556 1500 708 1573 [690]
742 1502 808 1573 β’.
841 1503 939 1557 Διά
965 1504 1027 1575 δὴ
1046 1505 1219 1560 ταῦτα
1242 1507 1334 1561 καὶ
1354 1506 1445 1561 τὸν
1467 1510 1714 1577 γενναῖον
1736 1508 1924 1564 τοῦτον
1938 1508 2064 1564 θαυ-

486 1589 644 1659 μάζω
674 1592 902 1662 πατέρα,
936 1593 1021 1644 ὄτι
1054 1594 1295 1664 γαληνῆς
1323 1597 1534 1667 ἡμέρας
1562 1597 1949 1667 ἐπιλαϐόμενος
1977 1601 2062 1651 ἐν-

480 1676 657 1730 ταῦθα
690 1679 835 1748 ἡμᾶς
869 1678 1135 1750 ἐξήγαγε,
1177 1683 1586 1754 προηγουμένης
1619 1684 1675 1737 δὲ
1714 1686 1809 1738 καὶ⁸
1838 1685 2061 1755 ὁδηγού-

486 1780 586 1833 σης
627 1765 725 1833 τῆς
758 1768 1032 1836 μακαρίας
1073 1769 1324 1837 Δροσίδος
1349 1811 1362 1834 ,
1401 1765 1468 1840 ἧς
1496 1770 1593 1841 τὴν
1627 1772 1847 1842 μνήμην
1872 1773 2053 1824 ἐπιτεο

483 1851 705 1922 λοῦμεν.
730 1853 833 1906 Καὶ
853 1856 961 1925 γὰρ
980 1856 1114 1926 πρὸς
1138 1861 1249 1921 τοῖς
1264 1860 1570 1929 εἰρημένοις
1591 1860 1774 1932 ’έτερόν
1796 1879 1849 1915 τι
1874 1863 2059 1932 μεῖζον

484 1940 592 1993 ἀπὸ
616 1939 711 1993 τοῦ
741 1942 902 1995 τόπου
922 1943 1118 2013 κέρδος
1146 1945 1261 1997 ἐστὶ
1292 1945 1709 2017 καρπώσασθαι.
1748 1948 1918 2002 Ὅταν
1949 1949 2060 2021 γὰρ

482 2028 584 2093 τάς
627 2030 791 2094 ἀλλας
831 2032 1277 2104 παραδραμόντες
1328 2033 1605 2105 λάρνακας
1653 2037 1748 2092 ἐπὶ
1797 2038 1897 2101 τὰς
1949 2039 2060 2094 τῶν

487 2120 781 2192 μαρτύρων
809 2122 978 2192 θήκας
1012 2122 1274 2194 ἔλθωμεν,
1313 2125 1642 2198 ὑψηλότερον
1672 2129 1806 2199 ἡμῖν
1832 2128 1895 2181 τὸ
1921 2128 2057 2201 φρό-

481 2229 630 2284 νημα
674 2213 880 2281 γίνεται
903 2254 915 2277 ,
952 2215 1286 2289 εὑτονωτέρα
1321 2220 1355 2289 ἡ
1396 2218 1575 2291 ψυχὴ,
1612 2219 1813 2291 μείζων
1846 2222 1881 2291 ἡ
1929 2238 2062 2292 προ-

483 2303 672 2374 θυμία,
703 2305 1006 2378 θερμοτέρα
1034 2308 1068 2378 ἡ
1095 2308 1298 2372 πίστις.

562 2483 813 2537 Ἐπειδὰν
840 2479 934 2538 οῦν
958 2486 1085 2550 τοὺς
1116 2487 1312 2551 πόνους
1339 2489 1434 2542 καὶ
1457 2490 1584 2554 τοὺς
1612 2490 1830 2559 ἀγῶνας
1868 2492 1962 2546 καὶ
1989 2493 2059 2547 τά

479 2575 685 2629 ἔπαθλα
710 2577 804 2631 καὶ
819 2577 889 2631 τά
913 2577 1143 2648 βραϐετα
1170 2581 1264 2633 καὶ
1283 2581 1409 2643 τοὺς
1431 2583 1730 2653 στεφάνους
1752 2584 1862 2638 τῶν
1886 2585 2058 2653 ἁγίων

479 2667 932 2738 ἀναλογισώμεθα
962 2668 1167 2723 τούτων
1189 2709 1205 2733 ,
1242 2671 1404 2729 πάλιν
1442 2673 1636 2741 ἐτέραν
1667 2674 1889 2745 μείζονα
1920 2675 2057 2745 πρό-

481 2776 644 2825 φασιν
672 2761 1169 2833 ταπεινοφροσύνης
1192 2764 1538 2835 εὑρίσκομεν.
1569 2765 1688 2819 Κᾶν
1714 2765 1822 2838 γὰρ
1848 2765 2058 2837 μεγάλα

479 2848 622 2924 τιςῇ
659 2851 1061 2922 κατωρθωκὼς,
1096 2854 1248 2907 οὐδὲν
1281 2856 1548 2927 ἡγήσεται
1581 2858 1723 2929 μέγα
1755 2859 2057 2929 πεποιηκέο

479 2958 604 3008 ναι,
644 2942 810 2996 αὑτοῦ
843 2942 939 3015 τὴν
978 2944 1177 3017 ἀρετὴν
1221 2948 1335 3010 τοῖς
1393 2947 1616 3002 ἐκείνων
1664 2948 2005 3019 παλαίσμασι
2039 2967 2052 2980 ·

480 3032 582 3084 κᾶν
633 3032 799 3103 μηδὲν
942 3034 1086 3104 μέγα
1126 3035 1220 3088 καὶ
1267 3035 1472 3104 ἀγαθὸν
1520 3038 1900 3110 είργασμένος,
1955 3041 2056 3095 οὑκ

478 3122 855 3193 ἀπογνώσεται
881 3126 979 3196 τῆς
1007 3125 1201 3182 ἐαυτοῦ
1235 3127 1528 3199 σωτηρίας,
1564 3128 1700 3199 πρὸς
1726 3129 1926 3201 ἀρετῆς
1956 3146 2055 3201 με-

477 3216 710 3288 ταϐολὴν
735 3218 843 3271 ἀπὸ
861 3219 960 3288 τῆς
985 3218 1229 3290 ἀνδρείας
1250 3217 1455 3272 τούτων
1484 3219 1663 3274 λαϐὼν
1686 3220 2053 3292 παράκλησιν,

478 3309 573 3361 καὶ⁹
604 3309 740 3378 πρὸς
768 3310 958 3363 ἐαυτὸν
988 3312 1266 3383 ἐννοήσας,
1299 3312 1380 3364 ὅτι
1415 3311 1755 3383 συμϐήσεταί
1790 3330 1919 3366 ποτε
1959 3314 2054 3367 καὶ

475 3400 640 3454 αὑτὸν
671 3400 800 3463 ἴσως
825 3401 924 3470 τῆς
948 3401 1041 3455 τοῦ
1071 3402 1206 3456 Θεοῦ
1236 3402 1643 3473 φιλανθρωπίας
1671 3402 2050 3475 καταξιούσης,

475 3489 700 3543 τοιαῦτα
726 3491 981 3544 ἅλλεσθαι
1005 3492 1245 3563 ἅλματα,
1269 3494 1362 3548 καὶ
1389 3493 1584 3565 ἀθρόον
1612 3495 1750 3563 πρὸς
1775 3495 1867 3548 τὸν
1898 3498 2055 3569 οὐρα-

476 3581 567 3634 νὸν
601 3582 887 3653 ἀναϐῆναι,
921 3585 1015 3637 καὶ
1045 3584 1145 3655 τῆς
1185 3584 1451 3655 μεγίστης
1481 3585 1697 3656 ἐκείνης
1741 3588 2054 3657 παρρησίας

475 3673 777 3744 ἐπιτυχεῖνο
810 3675 905 3727 καὶ
939 3674 1113 3729 ταῦτα
1141 3675 1235 3728 καὶ
1267 3675 1429 3746 ἕτερα
1455 3676 1636 3746 πολλῷ
1668 3675 1889 3731 πλείονα
1931 3677 2053 3730 τού-

471 3779 586 3817 των
631 3762 879 3817 ἐντεῦθεν
916 3763 1030 3820 ἐστι
1079 3765 1545 3836 φιλοσοφήσαντας
1589 3766 1862 3820 ἀπελθεῖν.
1900 3769 2055 3837 Μαρ-

474 3851 654 3922 τύρων
682 3854 791 3926 γάρ
834 3853 1083 3920 θάνατος,
1114 3857 1320 3908 πιστῶν
1361 3857 1478 3908 ἐστι
1520 3857 1880 3928 παράκλησις.
1930 3857 2055 3912 Ἐκ-

477 3945 717 4016 κλησιῶν
740 3948 1039 4018 παρρησία,
1066 3948 1495 4019 Χριστιανισμοῦ
1521 3949 1798 4016 σύστασις,
1822 3950 2051 4005 θανάτου

476 4037 801 4104 κατάλυσις,
835 4039 1185 4102 ἀναστάσεως
1213 4034 1519 4105 ἀπόδειξις,
1548 4040 1817 4111 δαιμόνων
1858 4041 2049 4110 γέλως,

474 4127 722 4182 διαϐόλου
747 4129 1067 4201 κατηγορία,
1091 4131 1405 4200 φιλοσοφίας
1424 4131 1765 4194 διδασκαλία,
1796 4133 2052 4204 παραίνεε-

476 4237 561 4283 σις
598 4218 701 4290 τῆς
737 4220 1037 4291 ὑπεροψίας
1071 4221 1182 4275 τῶν
1211 4223 1496 4292 παρόντων
1530 4225 1872 4296 πραγμάτων
1892 4265 1908 4290 ,
1957 4225 2053 4279 καὶ

473 4312 575 4382 τῆς
605 4311 712 4364 τῶν
748 4311 1046 4382 μελλόντων
1078 4312 1372 4383 ἐπιθυμίας
1400 4314 1538 4380 ὁδὸς,
1579 4315 1903 4387 παραμυθία
1942 4315 2052 4370 τῶν

473 4404 811 4476 κατεχόντων
855 4406 1003 4475 ἡμᾶς
1052 4405 1262 4471 δεινῶν,
1303 4409 1400 4459 καὶ
1442 4407 1718 4477 ὑπομονῆς
1755 4408 2049 4481 πρόφασις,

472 4497 767 4569 καρτερίας
805 4496 1048 4569 ἀφορμὴ,
1085 4497 1179 4551 καὶ
1229 4499 1448 4553 πάντων
1481 4498 1590 4552 τῶν
1640 4500 1859 4568 ἀγαθῶν
1905 4499 2050 4573 ῥίζα,

473 4589 565 4641 καὶ
595 4589 765 4660 πηγὴ,
799 4590 894 4642 καῖ
930 4591 1112 4661 μήτηρ
1135 4605 1149 4618 ·
1182 4590 1276 4644 καὶ
1318 4592 1366 4643 εί
1396 4590 1651 4661 βούλεσθε
1681 4591 1886 4647 τούτων
1918 4593 2051 4647 ἐκα-

473 4695 596 4731 στον
633 4679 1009 4751 ἀποδείξομεν,
1038 4683 1130 4735 καὶ
1161 4683 1396 4754 ἐροῦμεν
1422 4684 1539 4748 πῶς
1564 4686 1678 4738 ἐστι
1713 4685 1917 4739 πιστῶν
1947 4702 2053 4739 πα-

476 4763 756 4834 ράκλησις,
806 4767 1139 4837 Ἐκκλησιῶν
1175 4771 1479 4843 παρρησία,
1526 4775 1873 4840 ἀναστάσεως
1910 4775 2049 4829 ἀπό-

471 4851 654 4918 δειξις,
683 4857 775 4909 καὶ
803 4858 870 4911 τὰ
900 4859 1063 4913 λοιπά
1090 4862 1326 4925 ἅπαντα,
1362 4864 1506 4935 άπερ
1536 4863 1688 4919 εἶπον
1728 4868 1844 4924 νῦν.
1883 4870 2050 4923 Ὅταν

469 4942 563 5000 οὖν
596 4946 734 5016 πρός
765 4948 1033 5021 Ἕλληνας
1063 4954 1193 5022 ἡμῖν
1221 4953 1430 5021 ἀγῶνες
1458 4955 1716 5010 κινῶνται
1746 4958 1843 5011 καὶ
1878 4959 2049 5029 μάχαι

438 5079 441 5083 .
475 5039 602 5108 περὶ
629 5038 945 5109 δογμάτων,
979 5042 1073 5096 καὶ
1114 5043 1475 5099 διαϐάλλωσιν
1521 5046 1677 5118 ἡμῶν
1716 5048 1814 5120 τὴν
1843 5050 2046 5115 πίστιν,

472 5131 611 5204 μετά
643 5129 754 5184 τῶν
784 5131 958 5185 ἄλλων
986 5135 1080 5188 καὶ
1105 5137 1261 5189 τοῦτο
1286 5137 1718 5211 προϐαλλιῖῳεθα
1748 5141 1882 5214 πρὸς
1906 5144 2050 5197 ὲκεί-

467 5241 609 5289 νους,
638 5222 748 5277 τῶν
781 5223 1076 5295 μαρτύρων
1104 5227 1246 5296 φημὶ
1269 5230 1359 5283 τὸν
1383 5230 1629 5299 θάνατον,
1657 5233 1925 5301 λέγοντες·
1951 5237 2047 5301 Τίς

463 5316 688 5382 τούτους
727 5316 911 5372 ἔπεισε
949 5318 1049 5388 τῆς
1092 5321 1373 5393 παρούσης
1407 5326 1819 5396 καταφρονῆσαι
1862 5329 2043 5398 ζωῆςς

464 5407 528 5458 El
558 5407 667 5479 γὰρ
694 5409 963 5463 ἀπέθανεν
1003 5411 1031 5462 6
1065 5410 1299 5481 Χριστὸς
1326 5414 1419 5465 καὶ
1456 5416 1556 5468 οὐκ
1595 5416 1815 5488 ἀνέστη,
1850 5419 1935 5482 τίς
1977 5421 2046 5473 τά

468 5494 610 5564 ὑπὲρ
648 5498 808 5565 φύσιν
849 5499 1020 5554 ταῦτα
1053 5500 1448 5573 κατώρθωσεν;
1498 5507 1619 5560 Ὅτι
1667 5508 1776 5581 γάρ
1821 5510 1921 5563 οὐκ
1952 5513 2046 5564 άν-

468 5585 747 5658 θρωπίνης
775 5590 1057 5661 δυνάμεως
1100 5594 1366 5664 μυριάδας
1397 5597 1667 5662 τοσαύτας
1687 5602 1758 5653 ’ἐκ
1788 5602 2042 5657 τοσούτου

467 5674 661 5743 χρόνου
696 5680 797 5733 οὐκ
841 5682 1051 5752 ἀνδρῶν
1096 5683 1288 5753 μόνον,
1323 5684 1461 5740 ἀλλὰ
1495 5689 1591 5741 καὶ
1634 5691 1908 5757 γυναικῶν
1953 5696 2044 5748 καὶ⁵

468 5756 751 5827 παρθένων
784 5773 1175 5845 άπειρογάμων
1204 5779 1297 5833 καὶ
1325 5778 1554 5837 παιδίων
1585 5782 1798 5853 μικρῶν
1837 5785 2043 5863 πείθειν

1183 367 1241 424 S.
1281 368 1566 426 JOANNIS
1608 369 2098 429 CHRYSOSTOHI
2144 371 2460 427 ARCIIIEI’.
2505 370 3043 428 CONSTANTINOP.

3642 370 3747 427 686

2175 485 2448 556 ὑπερορᾶν
2488 483 2588 553 τῆς
2630 483 2912 555 παρούσης
2943 482 3107 552 ζωῆς,
3134 484 3233 537 καὶ
3268 480 3612 553 κατατολμᾷν
3650 485 3750 554 θη.

2173 573 2336 641 ρίων,
2364 571 2669 643 καταγελᾷν
2712 571 2905 642 πυρὸς,
2940 573 3276 625 καταπατεῖν
3303 570 3448 624 ἀπαν
3482 566 3622 634 εἶδος
3650 589 3748 625 κο-

2170 661 2377 724 λάσεως
2406 663 2498 715 καὶ
2524 661 2792 732 τιμωρίας
2811 698 2826 723 ,
2859 662 2957 714 καλ⁵
2985 660 3121 732 πρὸς
3144 660 3245 731 τὴν
3280 660 3576 731 μέλλουσαν
3599 662 3751 714 ἐπεί-

2170 753 2361 821 γεσθαι
2385 753 2529 824 ζωὴν
2550 793 2564 817 ,
2588 754 2708 807 οὐδέ
2732 752 2840 806 τῶν
2863 753 3147 825 ἡμετέρων
3171 752 3409 823 ἐλέγχων
3436 753 3746 822 δεήσονται,

2169 845 2282 898 ἀλλ’
2313 846 2539 909 ἐαυτοὺς
2564 844 2834 916 ἐροῦνται,
2862 844 2957 899 καὶ
2976 844 3168 915 ἱκανὴν
3194 842 3468 909 ἀπόδειξιν
3486 843 3750 914 λήψονται

2170 935 2279 988 τῶν
2311 934 2637 1004 λεγομένων.
2684 933 2777 999 Ἐξ
2805 927 2866 987 οὗ
2906 934 3014 1006 γὰρ
3054 937 3083 988 6
3126 933 3358 1004 Χριστὸς
3391 935 3747 1004 παρεγένετο,

2168 1025 2424 1092 γεγόνασι
2460 1024 2559 1095 μὲν
2593 1025 2811 1078 ἄπιστοι
2846 1024 3103 1094 βασιλεῖς,
3145 1025 3401 1092 γεγόνασι
3430 1024 3487 1077 δὲ
3517 1023 3611 1077 καὶ
3645 1041 3746 1076 πι-

2171 1114 2307 1179 στοὶ,
2338 1114 2474 1167 ἀλλὰ
2498 1114 2607 1167 τῶν
2638 1115 2738 1185 μὲν
2766 1116 3009 1168 ἀπίστων
3033 1116 3083 1167 οἱ
3112 1115 3326 1179 πλείους
3349 1116 3439 1168 ἐπὶ
3469 1115 3744 1186 βάραθρα,

2169 1204 2262 1258 καὶ
2296 1206 2495 1276 πυράς,
2543 1207 2638 1259 καὶ
2677 1205 2828 1278 [691]
2876 1208 3174 1277 κρημνοὺς,
3225 1207 3320 1260 καὶ
3366 1207 3600 1277 πελάγη,
3650 1207 3747 1261 καὶ

2169 1297 2372 1366 θηρίων
2404 1297 2621 1366 μανίαν,
2649 1299 2743 1350 καὶ
2769 1298 3139 1370 πολυτρόπους
3160 1300 3429 1365 κολάσεις,
3454 1304 3548 1355 καὶ
3571 1319 3751 1371 τιμω-

2170 1388 2291 1457 ρίας
2343 1388 2469 1449 τοὺς
2516 1390 2741 1453 πιστοὺς
2780 1384 2934 1461 ἦγον,
2984 1392 3147 1444 παντὶ
3185 1393 3373 1464 τρόπῳ
3415 1395 3514 1463 τὴν
3557 1394 3748 1446 πίστιν

2168 1477 2629 1548 ἀναμοχλεύοντες
2670 1481 2771 1551 τῆς
2803 1481 3029 1536 ἐκείνων
3054 1482 3235 1553 ψυχῆς
3254 1526 3269 1550 ,
3301 1485 3395 1538 καὶ
3422 1486 3574 1539 οὐδὲν
3606 1487 3745 1556 ﬂvu-

2169 1586 2289 1632 σαν,
2340 1570 2476 1623 ἀλλὰ
2507 1572 3004 1641 καταγελασθέντες
3051 1575 3312 1645 ἀπῆλθον,
3343 1576 3452 1631 τῶν
3499 1577 3599 1647 μὲν
3648 1595 3748 1631 πι-

2168 1660 2464 1715 στευόντων
2503 1664 2667 1714 παντὶ
2710 1664 2897 1735 τρόπῳ
2945 1666 3297 1736 κοπτομένων
3320 1707 3337 1730 ,
3372 1667 3470 1730 τῆς
3502 1670 3749 1732 πίστεως

2166 1750 2223 1803 δὲ
2254 1750 2559 1824 αὐξομένης
2594 1751 2875 1823 μειζόνως.
2906 1755 3148 1826 Εὐσεϐὴς
3182 1756 3240 1809 δέ
3275 1756 3527 1827 βασιλεὺς
3565 1760 3750 1822 οὐδεὶς

2165 1839 2421 1894 οὐδέποτε
2465 1842 2636 1914 ἄνδρα
2668 1843 2894 1897 άπιστον
2939 1846 3163 1899 κολάσαι
3198 1847 3291 1899 καὶ
3319 1847 3750 1918 τιμωρήσασθαι

2166 1932 2358 1997 εἵλετο,
2391 1935 2820 2005 καταναγκάζων
2850 1939 3153 2008 ἀποστῆναι
3179 1940 3278 2010 τῆς
3311 1940 3540 2013 πλάνης.
3598 1943 3753 1996 Ἀλλ’

2165 2021 2314 2092 ὅμως
2341 2025 2436 2077 καὶ
2460 2023 2634 2089 οὑτως
2662 2028 2982 2100 αὐτομάτως
3010 2032 3276 2102 καταρρεῖ
3301 2032 3395 2086 καὶ
3418 2031 3750 2100 ἀπόλλυται,

2167 2113 2253 2166 ἵνα
2281 2112 2459 2186 μάθῃς
2484 2118 2578 2171 καὶ
2605 2118 2705 2188 τῆς
2733 2118 2989 2189 ἀληθείας
3017 2122 3115 2194 τὴν
3157 2124 3327 2192 ἰσχὺν,
3370 2124 3464 2177 καὶ
3488 2124 3583 2177 τοῦ
3610 2125 3758 2194 ψεύ-

2166 2204 2291 2268 δους
2327 2205 2426 2277 τὴν
2451 2206 2755 2275 ἀσθένειαν,
2788 2210 2881 2264 τοῦ
2921 2211 3023 2281 μὲν
3043 2213 3364 2284 αὐτομάτως
3391 2215 3484 2268 καὶ
3511 2216 3756 2286 μηδενὸς

2167 2294 2509 2365 ἐνοχλοῦντος
2535 2298 2934 2371 ἀπολλυμένου,
2962 2302 3061 2372 τῆς
3091 2302 3147 2357 δέ
3172 2304 3262 2358 διά
3286 2304 3394 2357 τῶν
3424 2306 3755 2360 κωλυόντων

2165 2385 2472 2459 αὐξομένης
2509 2391 2601 2443 καὶ
2630 2393 2767 2463 πρὸς
2797 2392 2932 2463 ὕψος
2976 2396 3271 2466 αἰρομένης
3308 2397 3509 2465 ἄφατον
3532 2413 3547 2428 ο
3579 2397 3642 2449 τὸ
3684 2397 3754 2450 δὲ

2165 2477 2338 2532 αίτιον
2359 2522 2375 2546 ,
2409 2482 2491 2534 ὅτι
2526 2484 2623 2537 καὶ
2659 2484 2724 2555 ζῇ
2760 2486 2856 2539 καὶ
2887 2487 3102 2557 ἐνεργεῖ
3136 2491 3257 2549 ταῖς
3291 2488 3398 2541 τῶν
3447 2487 3755 2560 μαρτύρων

2163 2572 2359 2642 ψυχαῖς
2388 2574 2417 2625 6
2454 2573 2708 2645 Χριστός.
2747 2576 2916 2629 Ὅταν
2960 2573 3054 2631 οὖν
3084 2576 3335 2646 λέγωσιν,
3373 2578 3454 2631 ὄτι
3497 2579 3598 2631 οὑκ
3646 2579 3756 2631 ἀν-

2162 2663 2317 2736 έστη,
2344 2663 2517 2719 ταῦτα
2533 2666 2728 2731 αὐτοὺς
2750 2666 3064 2738 ἐρωτῶμεν-
3092 2668 3200 2721 Καὶ
3228 2668 3311 2732 τίς
3337 2667 3508 2723 ταῦτα
3533 2668 3757 2740 κατώρ-

2164 2753 2371 2822 θωσεν;
2397 2758 2426 2811 ό
2446 2758 2661 2828 νεκρὸς,
2689 2758 2810 2813 είπέ
2847 2776 2973 2830 μοι;
3015 2760 3173 2814 Ἀλλά
3203 2761 3445 2815 τοσοῦτοι
3482 2761 3753 2830 γεγόνασι

2162 2848 2367 2917 νεκροὶ,
2406 2849 2503 2903 καὶ
2539 2849 2719 2914 οὐδεὶς
2749 2850 2975 2905 τοιαῦτα
3011 2853 3326 2923 εἰργάσατο.
3367 2853 3527 2906 Ἀλλά
3562 2853 3754 2923 μάγος

2163 2940 2257 2992 κα)⁸
2276 2940 2407 3012 γόης
2426 2936 2496 3013 ῆν
2520 2957 2536 3006 ;
2567 2941 2728 2995 ’Λλλά
2752 2942 2937 2997 πολλοὶ
2968 2944 3062 2998 καὶ
3093 2944 3258 3016 μάγοι
3297 2946 3392 2999 καὶ
3422 2947 3615 3015 γόητες
3642 2948 3755 3001 καὶ

2163 3029 2354 3085 πλάνοι
2378 3031 2722 3103 γεγένηνται,
2742 3033 2837 3086 καὶ
2866 3034 3067 3095 πάντες
3086 3034 3418 3106 σεσίγηνται,
3438 3036 3531 3089 καὶ
3550 3035 3755 3104 λείψα-

2161 3138 2252 3176 νον
2275 3106 2454 3175 αὑτῶν
2482 3124 2583 3175 οὑκ
2611 3122 2758 3176 ἐστιν
2781 3123 3041 3195 οὐδαμοῦ,
3070 3125 3205 3179 ἀλλά
3234 3125 3642 3195 συναπεσϐέσθη
3670 3129 3751 3198 τῇ

2162 3212 2275 3285 ζωῇ
2299 3214 2394 3266 καὶ
2418 3212 2487 3267 τά
2506 3213 2605 3284 τῆς
2629 3214 2967 3284 μαγγανείας
2990 3215 3190 3279 αὐτοῖς’
3214 3214 3282 3268 τά
3309 3215 3365 3268 δὲ
3385 3213 3480 3267 τοῦ
3500 3215 3750 3284 Χριστοῦ

2161 3303 2284 3358 καθ’
2309 3304 2548 3375 ἐκάστην
2570 3303 2792 3369 αὔξεται
2814 3305 2909 3376 τὴν
2940 3306 3170 3378 ἡμέραν,
3198 3308 3294 3361 καὶ
3322 3306 3468 3378 μάλα
3492 3307 3753 3370 είκότωςθ

2160 3395 2222 3448 οὐ
2255 3394 2366 3466 γὰρ
2403 3395 2625 3466 γοητείᾳ
2653 3396 2862 3464 ἐγίνετο
2902 3397 2970 3449 τὰ
2997 3398 3276 3468 γινόμενα,
3317 3398 3452 3451 ἀλλὰ
3496 3398 3618 3467 θεία
3649 3397 3757 3454 δυ·

2162 3488 2343 3558 νάμει,
2367 3488 2457 3543 διὰ
2486 3489 2644 3543 τοῦτο
2664 3490 2785 3544 οὑδὲ
2811 3492 3159 3547 καταλύεται.
3188 3494 3405 3547 Μᾶλλον
3429 3494 3483 3547 δὲ
3506 3494 3607 3548 οὑκ
3633 3494 3756 3546 ἀπὸ

2160 3580 2350 3634 τούτου
2389 3581 2490 3650 τῆς
2532 3582 2816 3653 δυνάμεως
2851 3583 3122 3649 ἀπόδειξιν
3161 3585 3418 3654 ποιοῦμαι
3459 3585 3616 3655 μόνον
3657 3586 3750 3640 ὅτι

2162 3670 2405 3736 αὒξεται,
2438 3674 2551 3727 ἀλλ’
2577 3675 2659 3727 ὅτι
2685 3677 2780 3727 καὶ
2800 3678 2887 3729 ἐπ’
2910 3675 3118 3747 ἀγαθῷ,
3139 3677 3236 3730 καὶ
3257 3679 3324 3748 τῇ
3345 3677 3444 3747 τῆς
3465 3678 3754 3749 ἡμετέρας

2161 3758 2308 3830 ζωῆς
2342 3762 2607 3834 σωτηρίᾳ.
2639 3763 2793 3816 Μετά
2824 3764 2936 3834 γὰρ
2964 3764 3060 3835 τὴν
3091 3766 3299 3818 ἐκείνου
3345 3768 3645 3837 παρουσίαν
3676 3772 3753 3825 ἐκ

2163 3849 2366 3919 θηρίων
2405 3852 2679 3922 ἄνθρωποι
2721 3854 3008 3923 γεγόνασιν
3064 3857 3114 3908 οί
3153 3855 3251 3927 τὴν
3296 3857 3398 3928 γῆν
3442 3858 3750 3925 οἰκοῦντες,

2162 3944 2363 4013 μᾶλλον
2409 3945 2465 3997 δέ
2521 3944 2581 4009 ἐξ
2628 3946 2930 4015 ἀνθρώπων
2970 3947 3191 4015 ἀγγελοι
3229 3948 3461 4015 πάντες,
3514 3951 3565 4007 οί
3619 3952 3751 4025 μετ’

2161 4034 2418 4106 ἀληθείας
2445 4037 2596 4108 αὑτῷ
2644 4039 3021 4109 προσέχοντες.
3067 4038 3206 4092 Ἀλλ’
3252 4040 3609 4115 ἠπατήθησαν
3646 4042 3755 4099 καὶ

2162 4127 2634 4200 παρελογίσθησαν
2681 4129 2733 4179 οἱ
2770 4130 3079 4201 μάρτυρες,
3124 4129 3289 4201 φησὶ,
3331 4130 3429 4185 καὶ
3457 4129 3546 4184 διά
3578 4130 3753 4187 τοῦτο

2158 4218 2261 4289 τῆς
2286 4218 2563 4290 παρούσης
2592 4220 3004 4291 κατεφρόνησαν
3032 4219 3199 4291 ζωῆς.
3229 4216 3364 4275 Εἶτα
3390 4224 3442 4276 οἱ
3483 4224 3753 4295 πρότεροι

2158 4310 2286 4372 τοὺς
2313 4309 2598 4380 δευτέρους
2631 4309 2731 4361 οὐκ
2770 4311 3085 4374 ἀνέπεισαν,
3114 4311 3235 4364 οὑδὲ
3264 4314 3311 4365 οί
3339 4312 3581 4385 δεύτεροι
3612 4314 3751 4378 τοὺς

2158 4399 2397 4470 τρίτους,
2430 4399 2546 4453 ἀλλ’
2584 4399 2693 4469 ὅσῳ
2723 4401 2915 4471 προῄει
2947 4401 3015 4455 τά
3046 4402 3151 4455 τῶν
3181 4402 3436 4474 διωγμῶν
3456 4444 3471 4466 ,
3500 4406 3750 4477 τοσούτῳ

2162 4493 2256 4546 καὶ
2280 4492 2439 4545 τοῦτο
2463 4492 2706 4546 ἐπεδίδου
2726 4493 2786 4546 τὸ
2811 4495 3162 4565 κατόρθωμα,
3180 4496 3272 4548 καὶ
3295 4497 3491 4561 οὐδεὶς,
3518 4499 3575 4549 ἐν
3594 4499 3750 4552 οὕτω

2162 4583 2360 4655 μακρῷ
2395 4585 2596 4655 χρόνῳ,
2628 4586 2728 4658 τὴν
2761 4586 2976 4657 ἀπάτην
3016 4587 3241 4641 συνεῖδε.
3268 4589 3379 4642 Καὶ
3422 4588 3525 4643 ποῦ
3564 4590 3748 4649 ταῦτα

2158 4673 2318 4742 λόγον
2344 4674 2410 4728 ἂν
2442 4673 2555 4743 ἔχοι
2579 4692 2594 4739 ;
3314 4724 3317 4727 .
3450 4704 3461 4743 ς
3484 4714 3489 4717 ν
3510 4696 3645 4741 33-3:

2229 4959 2294 5011 Et
2327 4958 2386 5011 δέ
2419 4958 2727 5030 ἡπάτηντο,
2763 4959 2880 5025 πῶς
2912 4961 3013 5032 τὴν
3040 4962 3186 5016 κόνιν
3223 4966 3405 5020 αὐτῶν
3432 4967 3741 5025 δεδοίκασιν

2156 5053 2224 5103 ob
2238 5050 2524 5121 δαίμονες;
2556 5051 2673 5114 πῶς
2710 5052 2804 5106 καὶ
2840 5054 2966 5116 τοὺς
3007 5054 3212 5123 τάφους
3251 5057 3574 5126 φεύγουσιν;
3615 5062 3741 5116 οὑδέ

2156 5141 2268 5213 γὰρ
2295 5141 2482 5212 ἐπειδὴ
2524 5143 2753 5211 νεκροὺς
2787 5142 3074 5211 φοϐοῦνται
3107 5145 3359 5216 δαίμονες
3379 5193 3394 5216 ,
3435 5150 3594 5204 τοῦτο
3632 5154 3742 5207 πά-

2157 5250 2399 5305 σχουσιν.
2436 5234 2564 5288 Ἰδοὺ
2603 5233 2711 5307 γάρ
2745 5235 2928 5307 μυρίοι
2957 5238 3139 5308 νεκροὶ
3165 5239 3443 5311 πανταχοῦ
3477 5245 3576 5313 τῆς
3609 5245 3733 5313 γῆς,

2153 5326 2427 5389 κάκείνοις
2455 5327 2557 5397 μὲν
2584 5328 3024 5399 προσεδρεύουσι,
3064 5331 3158 5384 καὶ
3185 5331 3413 5397 πολλοὺς
3438 5333 3503 5387 ἂν
3535 5335 3617 5407 [δη
3653 5354 3737 5401 τις

2152 5418 2526 5488 δαιμονῶντας
2570 5420 2628 5472 ἐν
2668 5421 2928 5491 ἐρημίαις
2958 5422 3333 5493 διατρίϐοντας
3376 5427 3470 5479 καὶ
3506 5427 3732 5496 τάφοις·

2151 5507 2280 5562 ἔνθα
2318 5508 2375 5561 δὲ
2406 5510 2516 5562 τῶν
2549 5512 2842 5583 μαρτύρων
2878 5514 3012 5566 ὀστᾶ
3054 5512 3490 5586 κατορώρυκται,
3519 5517 3595 5577 ὡς
3622 5519 3735 5571 ἀπὸ

2155 5600 2328 5670 πυρός
2355 5618 2499 5665 τινος
2530 5603 2622 5655 καὶ
2659 5603 2933 5668 κολάσεως
2969 5606 3243 5676 ἀφορήτου
3290 5606 3549 5677 φεύγουσι
3570 5648 3585 5673 ,
3630 5612 3736 5682 τὴν

2152 5690 2300 5745 ἐνδον
2342 5692 2709 5762 μαστίζουσαν
2756 5697 2956 5761 αὐτοὺς
3006 5697 3235 5769 δύναμιν
3288 5700 3423 5767 μετὰ
3467 5699 3732 5773 λαμπρᾶς

2151 5784 2619 5856 ἀνακηρύττοντες
2648 5786 2854 5859 φωνῆς.
3460 5817 3465 5823 ’
