4088 6442
352 381 466 437 685

349 517 474 556 mus
520 517 535 554 :
582 514 740 570 quam
792 503 864 557 ob
899 513 1114 555 causam
1165 497 1438 556 nobiscum
1499 500 1638 554 ferre
1687 485 1952 568 quasdam'

354 597 590 660 oportet,
613 588 866 658 quasdam
887 598 1010 644 ante
1029 603 1128 644 nos
1146 588 1269 642 illuc
1291 597 1665 644 transmittere.
1693 588 1787 643 Est
1803 589 1944 643 enim

349 698 435 736 vna
468 696 705 751 praesens
731 683 858 745 vita,
890 696 1063 751 neque
1091 681 1282 737 stabile
1306 681 1590 751 quidquam
1634 681 1814 745 habet,
1849 680 1945 736 sed

351 786 442 825 res
469 772 586 840 ejus
616 771 869 825 molestas
894 780 948 826 et
968 771 1228 840 jucundas
1260 772 1663 840 pertransimus.
1686 773 1852 839 Quam
1877 771 1948 826 ob

352 878 574 917 causam
603 862 744 916 hunc
773 878 881 931 pra:
906 864 1115 917 ozeteris
1137 863 1385 916 omnibus
1404 862 1577 916 locum
1599 863 1779 932 diligo,
1806 862 1948 932 quod

357 971 468 1008 non
503 963 741 1022 tempore
770 954 1006 1008 collecta:
1045 954 1215 1008 solum
1235 994 1250 1018 ,
1283 953 1376 1006 sed
1405 963 1458 1007 et
1489 954 1689 1022 absque
1728 953 1948 1007 collecta

357 1045 465 1099 huc
492 1046 723 1098 venienti
755 1045 941 1098 horum
971 1045 1102 1098 mihi
1131 1046 1413 1099 verborum
1445 1046 1700 1098 memoria
1731 1044 1951 1098 refrice-

360 1150 468 1200 tur,
518 1136 645 1191 dum
695 1138 913 1192 semotis
950 1137 1160 1191 arbitris
1199 1137 1361 1190 multa
1404 1152 1524 1190 cum
1572 1135 1951 1206 tranquillitate

359 1228 546 1280 oculos
573 1241 723 1280 meos
766 1242 861 1294 per
896 1226 1010 1280 haec
1055 1228 1302 1294 sepulcra
1344 1227 1683 1291 circumfero,
1724 1243 1948 1297 quorum

361 1327 654 1387 conspectu
681 1318 891 1372 animus
931 1333 1081 1373 meus
1111 1318 1178 1372 ad
1217 1317 1497 1373 defunctos
1539 1327 1595 1373 et
1637 1319 1702 1372 ad
1742 1319 1952 1373 illorum

362 1419 562 1462 statum
590 1409 898 1462 traducitur.

438 1501 493 1555 Ω.
514 1502 798 1570 Propterea
814 1502 1060 1555 nimirum
1079 1511 1132 1556 et
1155 1516 1475 1571 generosum
1490 1501 1629 1556 hunc
1648 1511 1851 1570 patrem
1870 1500 1948 1571 (α)

368 1592 550 1657 laudo,
582 1592 725 1662 quod
767 1602 978 1660 arrepta
1029 1608 1232 1646 serenae
1270 1591 1375 1646 dici
1425 1595 1704 1646 occasione
1730 1607 1828 1646 nos
1854 1591 1958 1645 huc

366 1685 634 1747 eduxerit,
670 1684 1002 1752 praecedente
1042 1700 1139 1738 nos
1167 1685 1412 1752 viamque
1447 1684 1600 1738 nobis
1628 1692 1958 1737 monstrante

369 1775 524 1828 beata
555 1773 812 1838 Droside,
847 1774 995 1841 cujus
1043 1774 1352 1827 memoriam
1425 1774 1776 1827 celebramus.
1825 1773 1957 1826 Nam

369 1874 568 1935 praeter
591 1879 676 1928 ea,
721 1879 839 1933 quae
884 1864 1022 1918 dicta
1055 1873 1201 1929 sunt,
1251 1864 1505 1932 majorem
1535 1879 1601 1918 ex
1626 1864 1744 1916 loco
1775 1879 1962 1934 possu-

371 1971 495 2009 mus
524 1955 748 2008 fructum
776 1955 1080 2024 decerpere.
1111 1952 1242 2008 Cum
1266 1955 1404 2008 enim
1427 1954 1542 2007 aliis
1568 1954 1796 2022 capsulis
1822 1970 1960 2023 prie-

373 2046 636 2100 termissis
680 2045 749 2099 ad
792 2057 1084 2115 martyrum
1142 2046 1322 2099 thecas
1363 2046 1645 2110 venimus,
1685 2045 1962 2099 sublimius

373 2137 670 2192 efferuntur
722 2139 875 2191 nobis
925 2138 1130 2203 animi,
1182 2135 1370 2191 fortior
1417 2137 1476 2190 fit
1528 2138 1740 2202 anima,
1793 2136 1964 2206 major

375 2227 648 2292 alacritas,
685 2226 819 2282 fides
861 2227 1154 2282 ardentior.

450 2325 622 2379 Altera
666 2326 863 2379 occasio
893 2325 1192 2378 humilitatis
1239 2341 1302 2378 ex
1343 2332 1544 2393 aspectu
1595 2323 1960 2392 Reliquiarttm.

377 2415 635 2486 Martyres
673 2416 1082 2469 resurrectionem
1112 2413 1300 2467 Christi
1320 2415 1632 2484 probante-
1652 2413 1782 2468 Cum
1811 2413 1968 2482 igitur

375 2507 621 2573 labores,
675 2507 965 2562 certamina
991 2549 1006 2573 ,
1050 2507 1270 2576 praemia
1296 2547 1312 2572 ,
1345 2506 1551 2574 palmas
1573 2547 1586 2570 ,
1634 2521 1969 2574 coronasque

378 2608 685 2652 sanctorum
721 2599 941 2652 istorum
986 2598 1262 2652 nobiscum
1304 2605 1632 2666 reputamus,
1663 2596 1831 2649 altera
1867 2611 1966 2649 no-

378 2687 466 2742 bis
486 2688 795 2743 humilitatis
824 2690 1038 2743 occasio
1077 2702 1260 2742 rursus
1288 2688 1542 2740 occurrit.
1574 2687 1697 2743 Sive
1725 2687 1865 2741 enim
1896 2688 1964 2742 ab

384 2781 566 2849 aliquo
586 2781 839 2850 prteclara
871 2780 1101 2833 facinora
1129 2781 1235 2833 sint
1254 2787 1481 2848 patrata,
1505 2778 1633 2831 nihil
1652 2793 1709 2832 se
1723 2793 1970 2847 magnum

378 2871 612 2938 gessisse
664 2870 1025 2935 arbitrabitur,
1075 2871 1120 2922 si
1174 2885 1326 2924 suam
1378 2869 1626 2922 virtutem
1688 2883 1810 2922 cum
1856 2868 1974 2921 illo-

384 2977 504 3014 rum
554 2961 934 3015 certaminibus
959 2960 1347 3028 comparaverit
1381 2979 1390 3010 :
1425 2960 1537 3013 sive
1568 2958 1696 3012 nihil
1723 2973 1970 3028 magnum

381 3052 649 3106 bonumve
679 3051 1006 3122 praestiterit,
1059 3067 1391 3120 nequaquam
1419 3050 1485 3104 de
1512 3065 1609 3104 sua
1653 3050 1824 3104 salute
1871 3049 1970 3104 de-

383 3143 658 3212 sperabit,
704 3157 829 3199 cum
869 3159 899 3196 a
957 3141 1279 3196 fortitudinis
1309 3143 1530 3196 istorum
1579 3141 1826 3211 exemplo
1872 3142 1974 3196 sibi

383 3235 584 3289 sentiat
620 3235 1042 3288 cohortationem
1089 3233 1349 3299 adhiberi,
1382 3243 1438 3287 ut
1461 3233 1527 3286 ad
1552 3233 1781 3286 studium
1813 3234 1976 3286 virtu-

385 3326 458 3379 tis
479 3340 537 3380 se
567 3325 826 3391 traducat,
879 3341 1167 3395 secumque
1201 3326 1415 3395 cogitet,
1451 3324 1694 3380 accidere
1739 3325 1975 3394 aliquan-

384 3418 460 3472 do
481 3433 655 3487 posse,
711 3428 770 3472 ut
815 3429 869 3472 et
894 3420 1006 3488 ipse
1033 3418 1258 3472 fortasse
1311 3418 1408 3472 Dei
1449 3417 1773 3486 benignitate
1821 3417 1974 3486 adju—

387 3521 478 3565 tus
526 3512 654 3567 tales
681 3513 889 3580 aliquos
933 3513 1098 3566 saltus
1135 3510 1278 3576 edat,
1306 3520 1361 3565 et
1400 3511 1453 3564 in
1482 3510 1668 3564 caelum
1697 3510 1975 3563 confestim

389 3603 667 3669 ascendat,
709 3617 1077 3671 summamque
1115 3601 1255 3671 apud
1307 3603 1471 3658 Deum
1512 3602 1755 3657 fiduciam
1775 3610 1828 3655 et
1854 3617 1977 3672 gra-

388 3693 519 3746 tiam
561 3693 798 3747 obtineat
844 3709 858 3746 :
904 3707 968 3747 ac
1008 3693 1076 3747 de
1123 3693 1205 3746 his
1248 3693 1470 3761 aliisque
1519 3694 1684 3748 multo
1741 3693 1980 3764 pluribus

386 3781 832 3853 philosophantes
862 3797 1145 3853 possumus
1176 3784 1297 3837 hinc
1339 3783 1633 3838 discedere.
1688 3783 1979 3852 Martyrum

387 3875 588 3942 quippe
628 3890 773 3929 mors
842 3875 1076 3928 fidelium
1123 3883 1208 3929 est
1253 3873 1588 3937 exhortatio,
1623 3875 1978 3928 Ecclesiarum

391 3963 609 4029 ﬁducia,
637 3962 1027 4019 Christianismi
1053 3963 1408 4028 confirmatio,
1441 3964 1628 4016 mortis
1667 3963 1979 4027 destructio,

391 4054 800 4108 resurrectionis
847 4053 1252 4118 demonstratio,
1297 4056 1598 4108 daemonum
1655 4052 1980 4121 ignominia,

390 4145 592 4199 diaboli
635 4147 922 4211 accusatio,
971 4146 1319 4214 philosophiae
1364 4145 1626 4206 doctrina,
1668 4143 1732 4196 ad
1766 4157 1851 4196 res
1876 4157 1984 4196 sa:-

389 4235 500 4288 Cllli
556 4234 712 4302 hujus
741 4235 1070 4304 spernendas
1091 4234 1409 4298 adhortatio,
1464 4243 1519 4287 et
1571 4231 1635 4286 ad
1665 4231 1866 4284 futuras
1894 4231 1988 4284 de-

391 4323 710 4378 siderandas
731 4325 835 4390 via,
861 4324 1107 4379 solatium
1133 4325 1184 4378 in
1222 4325 1395 4388 malis,
1426 4324 1616 4392 quibus
1653 4320 1982 4385 obsidemur,

391 4419 608 4474 occasio
662 4419 949 4486 patientiat,
979 4417 1199 4472 materia
1226 4417 1518 4471 tolerantur.
1538 4455 1553 4481 ,
1584 4415 1840 4468 bonorum
1867 4428 1987 4466 om-

394 4509 546 4562 nium
601 4509 780 4574 radix,
837 4506 956 4562 fons
1008 4516 1062 4562 et
1113 4522 1354 4576 parens:
1393 4522 1455 4560 ac
1489 4505 1533 4559 si
1585 4505 1756 4574 placet
1797 4504 1986 4556 horum

394 4600 604 4668 singula
661 4599 1164 4664 demonstrabimus,
1215 4598 1596 4666 dicemusque,
1637 4611 1739 4665 qua
1786 4595 1990 4649 ratione

397 4690 634 4743 fidelium
664 4692 732 4743 sit
764 4690 1082 4756 exhortatio,
1133 4688 1490 4743 Ecclesiarum
1533 4687 1742 4750 fiducia,
1769 4686 1992 4740 demon-

396 4785 586 4836 stratio
644 4783 1068 4845 resurrectionis,
1101 4792 1155 4835 et
1215 4781 1417 4849 reliqua
1467 4779 1667 4845 omnia,
1714 4793 1831 4846 qua:
1851 4792 1990 4830 nunc

394 4874 537 4928 dixi.
591 4873 723 4928 Cum
775 4875 934 4943 igitur
1003 4872 1231 4927 ineunda
1281 4879 1406 4925 sunt
1474 4870 1627 4923 nobis
1700 4869 1990 4922 certamina

397 4982 528 5021 cum
550 4967 832 5036 gentilibus
859 4980 920 5018 ac
945 4965 1011 5019 de
1041 4963 1376 5033 dogmatibus
1405 4977 1614 5031 pugnze,
1649 4968 1992 5029 nostramque

400 5058 482 5112 illi
529 5058 684 5111 fidem
712 5068 982 5121 accusant,
1029 5071 1148 5110 cum
1201 5056 1407 5109 caneris
1437 5053 1538 5106 hoc
1566 5053 1724 5105 etiam
1771 5050 1873 5104 illis
1894 5051 1992 5104 ob-

397 5150 670 5222 jiciamus,
697 5158 1008 5218 martyrum,
1041 5149 1274 5216 ittquam,
1304 5155 1550 5210 mortem,
1582 5144 1841 5207 dicentes,
1865 5142 1994 5208 Quis

407 5240 670 5308 persuasit
698 5240 831 5304 issis,
880 5249 937 5291 ut
983 5248 1300 5306 pnesentem
1347 5238 1508 5290 vitam
1549 5232 1994 5289 contemnerent?

404 5329 542 5383 Nam
593 5332 635 5383 si
668 5341 909 5383 mortuus
947 5340 1030 5384 est
1067 5329 1343 5393 Christus,
1388 5344 1485 5381 nec
1536 5327 1842 5388 resurrexit,
1879 5325 1994 5393 quis

404 5424 527 5478 hace
582 5438 740 5491 supra
795 5433 1034 5474 naturam
1076 5420 1328 5490 prarclara
1392 5418 1556 5488 gessit
1605 5417 1872 5470 facinora?
1929 5415 1994 5470 Ut

404 5515 554 5569 enim
593 5514 816 5583 probent
869 5511 1115 5566 humanae
1161 5511 1366 5565 virtutis
1420 5512 1518 5564 hoc
1563 5525 1670 5564 non
1721 5525 1872 5574 esse,
1924 5517 1996 5563 tot

407 5607 650 5664 millibus
678 5622 706 5659 a
753 5615 858 5659 tam
895 5606 1052 5674 longo
1101 5615 1339 5672 tempore
1371 5619 1474 5656 non
1506 5603 1738 5656 virorum
1773 5610 1994 5667 tantum,

405 5700 504 5757 5rd
549 5711 603 5753 et
637 5699 936 5763 mulierum,
995 5710 1045 5752 et
1095 5699 1356 5768 virginum
1400 5698 1760 5767 innuptarum,
1791 5705 1844 5750 et
1873 5711 1998 5765 pue-

476 5817 549 5878 (u)
584 5824 652 5866 De
675 5816 896 5865 Fiaviano
915 5815 1125 5876 loquitur
1146 5815 1394 5875 Episcopo.

1552 385 1638 441 DE
1678 387 1734 442 S.
1781 385 2074 444 DROSIDE
2105 387 2462 444 MARTYRE.

3538 391 3643 448 686

2054 517 2234 556 rerum
2278 517 2562 572 parvorum
2608 503 2959 572 persuadere,
3015 516 3070 558 ut
3108 505 3269 560 vitam
3323 517 3640 576 praesentem

2055 595 2344 666 negligant,
2397 604 2452 649 et
2503 596 2756 650 audacter
2807 611 2866 650 se
2915 596 3102 650 bestiis
3146 595 3416 661 offerant,
3469 597 3643 666 ignem

2053 697 2429 756 aspernentur,
2459 703 2617 743 omne
2677 703 2954 758 pa‘narum
2983 705 3046 743 ac
3069 690 3448 758 suppliciorum
3475 704 3645 759 genus

2054 780 2370 849 despiciant,
2426 788 2586 849 atque
2634 779 2699 834 ad
2741 781 2970 834 futuram
3004 782 3166 833 vitam
3211 780 3482 843 festinent,
3513 781 3643 832 nihil

2055 870 2381 938 argmnentis
2431 871 2627 924 nostris
2675 871 3006 940 indigebunt,
3041 870 3133 924 sed
3165 872 3370 938 seipsos
3415 872 3646 924 interro-

2055 961 2272 1030 gabunt,
2323 971 2377 1015 et
2421 962 2771 1016 sufficientem
2821 978 2885 1017 ex
2934 962 2998 1015 iis
3047 977 3166 1032 qute
3195 961 3334 1016 dicta
3381 971 3504 1016 sunt
3552 961 3649 1014 de-

2058 1055 2494 1108 monstrationem
2529 1065 2822 1109 assument.
2846 1053 2978 1108 Nam
3005 1070 3069 1108 ex
3085 1070 3191 1124 quo
3223 1066 3458 1123 tempore
3487 1052 3646 1107 Chri—

2057 1151 2172 1196 stus
2193 1144 2427 1208 advenit,
2461 1143 2704 1198 infideles
2749 1145 2964 1198 fuerunt
3021 1145 3386 1213 Imperatores,
3434 1143 3650 1198 fuerunt

2059 1243 2112 1286 et
2159 1233 2362 1299 fideles,
2413 1236 2505 1288 sed
2557 1235 2803 1290 infideles
2855 1236 3093 1306 plerique
3137 1238 3200 1290 ad
3256 1238 3544 1300 barathra,
3595 1245 3650 1290 et

2061 1339 2240 1394 regos,
2294 1335 2346 1378 et
2386 1336 2648 1394 praerupta
2678 1327 2814 1386 loca,
2846 1337 2897 1380 ct
2927 1328 3094 1381 maria
3121 1370 3136 1394 ,
3165 1339 3218 1382 et
3247 1329 3533 1383 bestiarum
3565 1329 3646 1382 fu-

2060 1429 2258 1479 rorem,
2302 1430 2364 1467 ac
2408 1415 2550 1468 varia
2598 1416 2978 1484 suppliciorum
3025 1429 3079 1471 et
3120 1434 3397 1486 poenarum
3453 1433 3649 1489 genera

2064 1501 2244 1557 ﬁdeles
2285 1503 2637 1565 abducebant,
2683 1513 2736 1558 et
2790 1506 3035 1560 omnibus
3058 1507 3230 1560 modis
3277 1507 3432 1561 fidem
3483 1523 3548 1562 ex
3585 1508 3650 1560 il-

2063 1592 2234 1646 lorum
2280 1594 2472 1646 animis
2508 1595 2737 1648 evellere
2783 1597 3132 1660 conabantur,
3187 1607 3241 1651 et
3288 1599 3416 1651 nihil
3472 1598 3648 1667 perfe—

2061 1692 2283 1748 cerunt,
2340 1685 2433 1738 sed
2491 1686 2630 1741 iri-isi
2683 1687 2960 1753 abierunt,
3023 1688 3148 1741 dum
3208 1690 3389 1742 fideles
3437 1691 3652 1758 quidem

2063 1762 2316 1828 omnibus
2346 1776 2520 1830 tnodis
2558 1786 2897 1843 vexarentur,
2939 1784 2995 1829 at
3037 1779 3170 1831 fides
3198 1779 3424 1848 amplius
3450 1795 3657 1833 cresce-

2065 1875 2168 1918 ret.
2221 1865 2407 1920 Nullus
2459 1876 2636 1920 autem
2682 1883 2746 1921 ex
2796 1868 2894 1936 piis
2951 1868 3363 1936 Imperatoribus
3407 1885 3656 1938 umquam

2064 1957 2324 2012 adductus
2373 1970 2474 2025 est,
2506 1971 2564 2012 ut
2611 1961 2782 2013 virum
2829 1960 3097 2014 infidelem
3130 1970 3416 2029 torqueret,
3448 1976 3510 2014 ac
3531 1975 3657 2030 sup-

2065 2048 2237 2116 pliciis
2274 2059 2488 2118 cogeret
2532 2051 2600 2104 ab
2639 2065 2822 2104 errore
2849 2050 3144 2106 discedere.
3199 2050 3556 2104 Nihilominus
3582 2062 3660 2102 ta-

2068 2153 2188 2192 men
2216 2149 2404 2208 sponte
2433 2139 2622 2194 difflult
2651 2155 2714 2194 ac
2738 2141 2894 2208 perit,
2920 2150 2976 2192 ut
3021 2141 3259 2194 veritatis
3302 2141 3465 2194 robur
3492 2154 3659 2209 agno-

2068 2243 2209 2295 scas,
2262 2239 2316 2284 et
2365 2230 2628 2284 mendacii
2677 2231 3117 2297 imbecillitatem,
3173 2245 3294 2284 cum
3343 2230 3445 2284 hoc
3472 2242 3662 2300 sponte

2069 2335 2134 2374 ac
2179 2321 2326 2375 nullo
2369 2321 2658 2376 insultante
2700 2331 2903 2391 pereat,
2962 2323 3075 2377 hare
3118 2333 3294 2376 autem
3349 2339 3445 2392 per
3474 2337 3588 2385 eos,
3633 2337 3661 2374 a

2071 2411 2261 2480 quibus
2308 2412 2628 2482 impeditur,
2675 2424 2969 2482 augeatur,
3020 2424 3180 2482 atque
3235 2413 3288 2466 in
3347 2414 3660 2467 immensam

2071 2502 2454 2558 sublimitatem
2505 2505 2802 2558 attollatur.
2851 2505 3016 2572 llujus
3042 2515 3218 2559 autem
3267 2505 3345 2560 rei
3373 2520 3532 2559 causa
3560 2516 3662 2568 est,

2075 2595 2217 2663 quod
2263 2596 2404 2647 vivat
2450 2593 2712 2660 Chri~tus,
2746 2607 2800 2650 et
2826 2597 2876 2650 in
2905 2604 3196 2666 martyrum
3227 2597 3506 2651 animabus
3531 2612 3662 2663 ope-

2073 2696 2242 2738 retur.
2284 2684 2339 2739 Si
2368 2687 2578 2755 quando
2606 2687 2763 2756 igitur
2812 2688 3063 2751 dixerint,
3097 2688 3266 2756 ipsum
3320 2689 3539 2742 minime
3583 2706 3666 2742 re-

2075 2777 2393 2838 surrexisse,
2457 2777 2570 2831 lucc
2611 2793 2674 2831 ex
2720 2778 2825 2831 illis
2877 2779 3240 2842 sciscitemur,
3295 2779 3362 2831 Et
3419 2779 3538 2847 quis
3568 2779 3666 2833 ista

2076 2867 2392 2936 perfecerit?
2419 2884 2546 2921 num
2599 2883 2780 2937 quaeso
2809 2880 3055 2922 mortuus
3091 2869 3319 2935 aliquis?
3367 2872 3524 2939 Atqui
3562 2879 3666 2922 tam

2076 2962 2226 3015 multi
2257 2961 2407 3016 fuere
2449 2963 2665 3027 mortui,
2697 2977 2794 3016 nec
2825 2963 2963 3015 ullus
2993 2961 3114 3014 talia
3148 2962 3411 3031 prmstitit.
3442 2963 3666 3015 Atenim

2077 3068 2266 3122 magus
2314 3061 2369 3106 et
2415 3053 2773 3122 prteSIigiator
2825 3053 2976 3106 erat?
3028 3052 3185 3120 Atqui
3240 3052 3389 3105 multi
3433 3052 3570 3119 magi
3615 3061 3671 3104 et

2081 3143 2494 3212 praestigiatores
2542 3142 2779 3208 fuerunt,
2811 3151 2865 3197 et
2915 3157 3103 3195 omnes
3130 3141 3342 3194 silentio
3392 3141 3671 3194 involvun-

2080 3245 2186 3302 tur,
2212 3252 2310 3290 nec
2353 3237 2476 3290 ullae
2531 3237 2766 3306 ipsorum
2807 3237 3011 3304 uspiam
3053 3235 3290 3303 rcliquim
3321 3244 3542 3301 restant,
3576 3236 3668 3288 Sed

2080 3341 2185 3380 una
2211 3341 2331 3379 cum
2363 3327 2600 3394 ipsorum
2628 3327 2731 3380 vita
2765 3325 2972 3379 illorum
3011 3340 3221 3394 quoque
3241 3325 3522 3393 prmstigiae
3548 3336 3674 3378 sunt

2079 3417 2358 3470 exstincta:
2389 3434 2401 3468 :
2429 3415 2629 3470 Christi
2679 3430 2807 3469 vero
2845 3414 3033 3484 religio
3077 3414 3298 3483 singulis
3345 3414 3533 3468 diebus
3571 3429 3672 3467 au-

2080 3517 2253 3575 getur,
2299 3520 2362 3560 ac
2429 3506 2620 3560 merito
2668 3520 2817 3558 sane.
2869 3504 2983 3557 Non
3025 3505 3166 3557 enim
3219 3503 3437 3572 magicis
3463 3504 3669 3556 artibus

2083 3598 2299 3663 fiebant,
2355 3597 2450 3651 sed
2478 3597 2676 3653 virtute
2713 3595 2912 3661 divina,
2943 3611 3060 3663 qua:
3087 3597 3428 3664 gerebantur,
3452 3596 3674 3664 ideoque

2084 3707 2188 3745 non
2214 3699 2453 3760 pereunt.
2485 3689 2596 3742 luto
2622 3705 2747 3743 vero
2778 3704 2882 3742 non
2911 3703 2974 3742 ex
3001 3689 3102 3740 hoc
3131 3698 3331 3740 tantum
3362 3697 3673 3756 argumenta

2083 3781 2221 3835 duco
2265 3781 2517 3849 potentiae
2561 3779 2708 3846 ejus,
2757 3779 2896 3848 quod
2937 3789 3229 3848 augeatur,
3282 3777 3377 3830 sed
3436 3778 3576 3845 quod
3621 3777 3672 3830 in

2087 3873 2283 3927 bonum
2321 3882 2375 3926 et
2418 3871 2484 3925 ad
2525 3871 2750 3926 salutem
2790 3873 2912 3925 vita:
2958 3882 3198 3925 nosme:
3244 3869 3508 3938 siquidem
3560 3880 3678 3937 post

2084 3963 2201 4034 ejus
2245 3964 2532 4016 adventum
2579 3978 2646 4016 ex
2698 3962 2888 4016 belluis
2923 3961 3164 4016 homines
3205 3960 3324 4014 facti
3352 3970 3478 4013 sunt
3517 3970 3681 4012 terra-

2088 4069 2205 4107 rum
2242 4053 2449 4118 incolae,
2508 4054 2591 4105 vel
2631 4053 2806 4121 potius
2833 4067 2896 4106 ex
2928 4051 3229 4105 hominibus
3261 4051 3455 4119 angeli,
3490 4065 3680 4103 omnes

2089 4146 2176 4214 qui
2224 4159 2343 4198 cum
2387 4145 2609 4198 veritate
2667 4144 2740 4196 illi
2779 4143 3138 4196 adlueserunt.
3199 4143 3270 4194 At
3306 4140 3513 4208 decepti
3556 4149 3681 4192 sunt

2091 4245 2144 4290 et
2193 4236 2396 4290 seducti
2445 4244 2744 4304 martyres,
2803 4234 3010 4302 inquit,
3054 4240 3215 4300 atque
3270 4231 3468 4285 idcirco
3515 4231 3679 4282 vitam

2091 4336 2408 4396 praesentem
2441 4327 2809 4396 neglexerunt.
2847 4325 3047 4380 Deinde
3080 4326 3288 4394 priores
3318 4338 3420 4377 non
3461 4338 3679 4392 persua-

2092 4429 2275 4475 serunt
2316 4421 2585 4486 secundis,
2618 4435 2793 4489 neque
2821 4418 3040 4473 secundi
3096 4418 3286 4481 tertiis,
3342 4415 3434 4470 sed
3476 4425 3678 4483 quanto

2095 4513 2263 4582 magis
2300 4513 2774 4582 progrediebantur
2818 4511 3289 4582 persequutiones,
3337 4515 3480 4560 tanto
3519 4507 3681 4560 etiam

2094 4606 2294 4675 majora
2318 4605 2626 4674 prmclarum
2658 4605 2785 4658 illud
2816 4604 3018 4657 facinus
3038 4605 3364 4656 incrementa
3392 4599 3638 4668 capiebat
3664 4618 3676 4652 :

2096 4710 2195 4750 uec
2237 4695 2372 4748 ullus
2405 4705 2550 4748 tanto
2585 4703 2827 4760 tempore
2855 4692 3093 4746 fraudem
3125 4690 3358 4760 agnovit.
3407 4688 3538 4756 Quis
3570 4689 3684 4743 haec

2095 4788 2284 4843 rationi
2313 4799 2666 4840 consentanea
2695 4785 2895 4854 jtulicct
2919 4786 2941 4838 ?

2171 4881 2474 4934 Sanctorum
2506 4878 2751 4949 Reliquiw
2771 4878 3006 4930 timentur
3033 4891 3065 4928 a
3091 4873 3496 4927 dwmonibus.—
3529 4871 3679 4939 Quod

2097 4974 2142 5028 si
2185 4973 2393 5041 decepti
2447 4980 2590 5034 sunt,
2650 4971 2738 5040 qui
2770 4971 2847 5033 fit,
2877 4978 2933 5023 ut
2974 4982 3157 5022 eorum
3189 4967 3459 5036 pulverem
3487 4965 3687 5019 dtemo-

2102 5079 2196 5117 nes
2227 5061 2636 5131 pertimescant?
2687 5060 2776 5130 qui
2812 5060 2887 5125 fit,
2933 5069 2990 5112 ut
3035 5073 3218 5110 eorum
3264 5057 3422 5111 etiam
3457 5055 3687 5109 tunmlos

2102 5153 2336 5224 fugiant?
2386 5167 2557 5220 neque
2596 5151 2737 5206 enim
2775 5150 2826 5203 id
2872 5151 2950 5203 cis
2997 5148 3209 5214 accidit,
3266 5147 3407 5215 quod
3450 5154 3688 5198 mortuos

2101 5249 2371 5302 da-mOues
2416 5245 2782 5300 reformident.
2841 5244 2979 5298 Ecce
3032 5255 3260 5309 namque
3307 5239 3499 5291 mortui
3563 5249 3688 5289 sunt

2103 5342 2296 5409 ubique
2347 5350 2602 5392 terrarum
2651 5336 2938 5398 innumeri,
2980 5335 3027 5387 ei
3062 5334 3161 5385 illis
3187 5329 3440 5391 assident,
3466 5342 3529 5380 ac
3555 5328 3689 5379 mul-

2103 5443 2186 5487 tos
2231 5431 2412 5484 videre
2452 5443 2734 5499 possumus
2776 5442 2805 5480 a
2860 5426 3103 5478 daemone
3156 5428 3464 5486 correptos,
3494 5417 3582 5484 qui
3638 5417 3688 5470 in

2103 5524 2332 5579 desertis
2381 5539 2442 5577 ac
2481 5521 2738 5590 sepulcris
2782 5519 2980 5586 degunt
3022 5533 3034 5568 :
3088 5512 3172 5566 ubi
3227 5523 3356 5564 vero
3399 5520 3690 5575 martyrum

2104 5617 2311 5672 defossa
2333 5623 2454 5669 sunt
2470 5629 2610 5674 ossa,
2629 5611 2751 5665 inde
2774 5620 3038 5677 tamquam
3063 5605 3130 5658 ab
3151 5604 3271 5672 igne
3291 5599 3519 5669 quodam
3538 5609 3590 5651 et
3614 5599 3692 5651 in.

2107 5707 2383 5762 tolerando
2407 5705 2666 5774 supplicio
2707 5701 2969 5762 resiliunt,
3003 5711 3065 5749 ac
3091 5696 3340 5748 virtutem
3380 5692 3522 5762 ipsus
3552 5689 3690 5743 intus

2107 5801 2454 5871 llagellantem
2504 5799 2645 5852 clara
2680 5807 2812 5848 voce
2855 5789 3146 5860 divulgant.
