4088 6442
452 707 727 766 stuporem
772 703 838 743 ae
866 683 1214 758 pervicaciam
1249 678 1465 733 illorum
1489 673 1588 727 bac
1609 667 1801 725 eadem
1825 679 1886 719 re
1925 676 2043 717 ma-

454 756 599 844 xime
626 756 1023 850 revineisinde
1067 767 1354 827 constabit.
1384 764 1519 820 Cum
1538 761 1682 818 enim
1712 756 1821 823 isti,
1854 765 2046 821 nempe

460 884 757 948 martyres,
806 846 1019 939 corpori
1058 881 1123 919 ae
1169 857 1499 917 naturalibus
1546 849 1764 907 obnoxii
1815 841 2050 901 necessi-

461 932 654 1025 tatibus
698 932 858 1034 atque
905 932 1101 1029 ingenti
1130 954 1374 1009 dolorum
1422 961 1486 1002 ac
1518 939 1881 999 molestiarum
1912 932 2051 1034 mul-

462 1058 687 1115 titudine
729 1049 1068 1109 circumsessi
1120 1044 1375 1100 caducam

464 1150 623 1207 terris
651 1148 957 1217 'degcntes,
1004 1142 1075 1196 ita
1125 1153 1236 1209 pra:

464 1243 712 1305 deautur,
744 1213 971 1309 propter
1009 1247 1160 1289 suam
1190 1230 1244 1284 in
1287 1229 1473 1291 Deum,
1502 1237 1534 1276 a
1559 1235 1666 1292 quo
1713 1213 1877 1273 creati
1911 1217 2054 1309 sunt,

2145 358 2413 420 thlllEP.
2451 350 2985 415 CONSTANTINOP.

2146 491 2288 531 nunc
2312 473 2476 529 cadis
2518 471 2715 526 factum
2753 476 2839 524 est
2861 467 3293 528 instrumentum,
3319 459 3419 516 hoc
3451 460 3545 515 vas
3564 474 3736 529 appa-

2145 566 2251 621 ruit
2303 561 2680 634 insuperabile.
2713 559 2962 615 Peccavit
3001 558 3088 611 illa
3116 555 3281 627 prior,
3310 562 3367 611 et
3388 559 3601 609 mortua
3622 561 3739 615 est;

2147 659 2244 713 ista
2286 665 2503 711 mortua
2554 661 2659 716 est,
2712 666 2784 707 ne
2825 656 3075 720 peccaret
3104 666 3119 702 :
3144 647 3233 701 illa
3289 652 3403 700 tum
3430 642 3600 698 futilis
3619 655 3743 710 pro-

2150 748 2299 803 missi
2342 761 2441 817 spe
2487 742 2669 799 inllata
2695 743 2788 798 Dei
2812 742 2961 811 leges
2989 738 3224 802 violavit,
3253 735 3369 791 ba-c
3410 736 3573 788 vitam
3609 746 3748 802 prte-

2150 846 2358 895 Sentem
2383 834 2724 903 contempsit,
2771 846 2840 886 ne
2881 830 3037 886 ﬁdem
3067 830 3120 882 in
3157 841 3314 883 suum
3349 823 3747 880 benefactum

2153 931 2408 1000 ejuraret.
2447 926 2618 993 Quam
2663 925 2821 994 igitur
2844 922 3099 990 deinceps
3134 931 3356 989 sperare
3381 923 3629 985 poterunt
3653 924 3749 966 eae

1430 1038 1595 1093 vitam
1644 1040 1880 1103 agentes,
1910 1034 1967 1081 et
1998 1024 2051 1078 in
2153 1021 2487 1077 cusationem
2515 1018 2635 1083 viri,
2668 1017 2713 1070 si
2744 1014 2936 1070 molles
2973 1012 3083 1066 sint
3104 1019 3157 1065 et
3185 1007 3384 1079 ignavi,
3406 1020 3570 1075 quam
3618 1015 3752 1056 vero

1239 1144 1445 1191 sentem
1482 1131 1646 1185 vitam
1679 1133 1935 1195 spernere
1977 1116 2058 1171 vi-
2161 1115 2410 1181 veniam,
2462 1127 2586 1167 cum
2632 1109 2839 1164 fortiter
2886 1120 2951 1161 ac
3009 1103 3238 1158 viriliter
3278 1115 3339 1155 se
3381 1106 3570 1169 gerant
3632 1111 3756 1151 mu-

2160 1205 2362 1286 lieres?
2414 1218 2537 1260 eum
2586 1201 2723 1257 adeo
2751 1215 2811 1254 se
2835 1209 3099 1269 generose
3122 1193 3191 1248 ad
3220 1191 3511 1247 certamina
3541 1189 3757 1259 pietatis

3634 343 3736 399 883

470 1280 788 1393 caritatem:
814 1280 890 1382 iiii
938 1339 1067 1378 vero
1105 1330 1161 1375 et
1201 1318 1378 1374 carnis
1414 1323 1669 1383 expertes
1693 1349 1709 1373 ,
1739 1304 1886 1361 etab
1912 1298 2060 1356 omni
2160 1280 2477 1369 accingam?
2518 1295 2649 1351 Nam
2697 1307 2872 1362 neque
2919 1303 3100 1355 sexus,
3130 1300 3232 1341 nec
3254 1295 3384 1339 tetas
3413 1282 3586 1352 neque
3609 1280 3757 1334 aliud

2047 1391 2055 1393 ς
2275 1391 2285 1393 μ
2742 1385 2754 1393 .
2904 1382 2936 1393 ..
3074 1389 3083 1393 _
3534 1372 3575 1393 ,ε
3619 1372 3756 1393 μη,

470 1422 573 1477 hoc
612 1420 798 1475 dolore
825 1415 1172 1483 molestiaque
1222 1411 1519 1471 immunes,
1574 1403 1645 1456 ita
1690 1391 2060 1453 contumeliosi

470 1514 635 1568 fuisse
670 1523 830 1579 atque
873 1511 925 1561 in
957 1520 1112 1560 suum
1165 1500 1557 1556 benefactorem
1599 1491 1789 1563 ingrati
1833 1501 2062 1543 cernan-

475 1614 560 1657 tur
592 1620 607 1657 :
638 1616 795 1670 quam
826 1595 1229 1652 excusationem
1280 1586 1584 1645 habebunt?
1612 1598 1770 1654 quam
1815 1576 2063 1634 veniant?

464 1665 682 1748 Nullam
723 1689 899 1758 plane,
925 1700 1045 1739 cum
1078 1684 1299 1739 istorum
1331 1680 1497 1733 virtus
1538 1674 1747 1728 illorum
1778 1665 2066 1738 nequitiam

476 1792 820 1846 Summopere
862 1774 1200 1830 cnndemnet.
1244 1769 1356 1824 Non
1387 1767 1528 1822 enim
1577 1763 1822 1819 homines
1865 1769 2065 1812 tantum

466 1869 726 1927 homines
750 1908 765 1932 ,
811 1873 866 1920 et
905 1863 994 1933 qui
1036 1861 1401 1931 diligentiores
1438 1863 1603 1920 sunt,
1658 1850 2068 1921 negligentiores

481 1959 860 2021 condemnant,
888 1952 981 2008 sed
1007 1953 1166 2007 etiam
1197 1950 1340 2019 ipsos
1358 1948 1629 2002 da-moues
1648 1940 1915 2011 ddigentia
1937 1937 2070 1990 istu-

485 2065 603 2105 rum
650 2048 885 2102 damnat.
956 2048 1130 2114 Atque
1176 2043 1277 2097 hoc
1328 2038 1632 2095 declarabat
1679 2034 1896 2096 Paulus,
1945 2043 2067 2084 cum

482 2140 683 2194 diceret
713 2155 727 2190 :
762 2136 979 2190 Nescitis
1005 2133 1242 2202 quoniam
1266 2131 1472 2201 angelos
1500 2124 1835 2189 iudicabimus
1858 2121 1883 2175 ?
1911 2135 2073 2189 quan-

482 2244 534 2285 to
575 2231 733 2301 magis
748 2228 1020 2284 awcularia
1046 2228 1093 2297 (l
1126 2223 1244 2281 Cor.
1275 2223 1330 2279 6.
1354 2222 1450 2293 3)?
1489 2220 1691 2287 Quibus
1710 2216 1885 2270 Verbis
1911 2225 2074 2281 ange-

484 2321 567 2377 los
611 2320 805 2375 diaboli
860 2318 1123 2389 signiﬁcat
1174 2317 1499 2373 desertores.
1551 2313 1616 2367 Et
1662 2304 2074 2380 quomoduillos

484 2410 873 2482 judicabimus?
903 2418 1105 2479 quzeret
1148 2407 1357 2477 aliquis.
1384 2405 1499 2460 Non
1539 2402 1753 2473 quidem
1805 2398 2074 2461 sedentes,

485 2512 542 2557 et
584 2501 841 2557 rationem
876 2500 954 2553 ab
981 2502 1061 2555 eis
1105 2498 1401 2567 exigentes,
1447 2494 1541 2549 sed
1583 2493 1855 2562 diligentia
1896 2496 2076 2543 nostra

488 2594 699 2647 illorum
763 2591 1064 2646 socordiam
1120 2589 1562 2644 eondemnantes.
1602 2574 1756 2652 Quod
1790 2581 2079 2653 quidemet

490 2682 606 2752 ipse
647 2680 892 2735 indicans
918 2680 1128 2733 dicebat
1157 2677 1263 2732 :Et
1299 2679 1342 2733 si
1387 2678 1440 2730 in
1469 2676 1604 2730 vobis
1636 2676 1902 2745 jadicatur
1933 2691 2080 2728 mun-

493 2773 589 2824 dus
620 2767 777 2838 (Ibid.
810 2783 860 2821 υ.
891 2767 972 2837 2).
1003 2767 1118 2821 Non
1145 2767 1278 2821 dixit
1310 2780 1491 2820 coram
1522 2765 1695 2831 vobis,
1723 2764 1818 2820 sed
1846 2779 1941 2834 per
1964 2778 2081 2820 vos.

495 2859 952 2928 Quemadmodum
973 2874 1094 2914 cum
1136 2859 1283 2925 dicit,
1324 2858 1433 2912 Viri
1482 2858 1726 2912 Ninivitze
1754 2867 2004 2927 surgent,
2026 2865 2081 2911 et

493 2951 923 3007 condemnabam
942 2951 1339 3021 generationem
1369 2951 1522 3004 istam
1551 2948 1699 3022 (Luc.
1725 2950 1813 3004 ll.
1840 2948 1953 3017 32),
1975 2964 2081 3003 non

500 3048 605 3099 hoc
651 3042 862 3108 dicitur,
917 3043 1067 3113 quasi
1120 3042 1363 3098 Ninivitaa
1412 3042 1674 3096 rationem
1702 3039 2082 3113 exigantalu-

492 3135 649 3202 dacis,
694 3135 783 3204 qui
837 3144 947 3189 tum
988 3134 1246 3190 increduli
1301 3134 1533 3200 fuerunt,
1561 3133 1656 3188 sed
1683 3133 1822 3203 qttod
1867 3133 1935 3189 ab
1959 3132 2081 3186 illo-

498 3240 616 3280 rum
662 3224 767 3281 ﬁde
803 3224 1024 3280 istorum
1068 3225 1410 3280 incredulitas
1455 3204 1865 3281 condemnetur.
1891 3223 2081 3279 Possu-

495 3331 614 3370 mus
632 3315 792 3371 etiam
835 3332 941 3370 non
982 3317 1366 3371 mediocritera
1397 3315 1714 3388 martyribus
1738 3315 1806 3371 ad
1831 3316 2081 3370 virtutem

490 3421 557 3462 ac
586 3423 763 3462 rerum
792 3407 951 3478 hujus
991 3408 1174 3462 saeculi
1204 3415 1564 3477 contemptum
1586 3407 1967 3477 acquirendum
1987 3406 2087 3461 ad-

497 3498 688 3568 juvari.
721 3498 851 3552 Nam
880 3514 1003 3553 cum
1047 3499 1177 3553 istos
1201 3497 1398 3553 videris
1439 3499 1601 3552 vitam
1625 3513 1840 3553 omnem
1896 3512 2085 3568 asper-

498 3592 637 3655 nari,
667 3590 912 3660 quamvis
953 3589 1193 3645 omnium
1238 3590 1334 3644 Asis
1383 3590 1778 3659 stupidissimus
1821 3604 1885 3644 ac
1918 3590 2086 3660 negli-

495 3681 857 3751 gentissimus,
911 3679 1143 3749 majores
1183 3678 1390 3734 animos
1418 3680 1707 3749 concipies,
1754 3695 1816 3734 ac
1866 3678 2086 3735 delicias

497 3782 831 3840 contemnes,
883 3773 1158 3843 pecuniam
1208 3773 1492 3842 despicies,
1518 3784 1574 3828 et
1618 3774 1669 3828 in
1710 3773 1858 3829 cretis
1882 3774 2083 3828 versari

498 3864 871 3932 concupisces.
930 3862 1082 3931 Quod
1121 3864 1166 3918 si
1195 3863 1382 3918 morbo
1406 3864 1483 3918 sis
1498 3863 1772 3929 detentus,
1802 3865 2084 3918 maximam

500 3953 594 4008 tibi
630 3952 899 4023 patientiae
924 3954 1260 4010 cerasiouem
1290 3953 1606 4024 praebebunt
1635 3963 1925 4025 martyrum
1968 3969 2089 4025 pas-

498 4047 680 4103 siones
722 4064 735 4100 :
779 4045 923 4116 quod
987 4045 1032 4102 si
1087 4056 1398 4119 paupertate
1447 4047 1742 4117 premeris,
1797 4047 1909 4101 sive
1968 4046 2088 4102 aliis

496 4137 775 4207 quibusvis
812 4138 1065 4194 mrumnis
1105 4140 1335 4203 vexeris,
1386 4138 1597 4208 quoties
1621 4140 1806 4192 oculos
1851 4138 1916 4191 ad
1937 4150 2090 4192 acer-

499 4226 720 4308 bitatem
748 4236 1157 4295 tormentorum,
1178 4245 1299 4300 qua:
1319 4229 1393 4284 illi
1418 4229 1720 4285 sustinuere
1737 4270 1752 4294 ,
1780 4236 2086 4294 convertes,

499 4318 856 4376 sufﬁcientem
901 4320 1164 4375 malorum
1187 4321 1446 4389 omnium,
1474 4321 1897 4391 quibuscumque
1920 4334 2087 4376 vexe-

503 4410 597 4477 ris,
617 4409 1036 4489 consolationem
1060 4411 1342 4481 percipies.
1370 4411 1660 4480 Propterea
1688 4411 1923 4465 maxime
1949 4425 2092 4465 com-

504 4501 919 4556 memorationcs
961 4501 1124 4571 diligo
1150 4509 1481 4572 martyrum,
1509 4498 1672 4570 diligo
1693 4508 1747 4554 et
1772 4499 2086 4570 amplector,

504 4604 664 4664 atque
687 4609 876 4651 omnes
903 4595 1139 4665 quidem,
1171 4595 1399 4651 sedtum
1432 4594 1719 4664 praecipue,
1751 4609 1871 4648 cum
1902 4594 2089 4648 mulie-

505 4699 625 4739 rum
651 4688 942 4741 certamina
985 4697 1373 4758 proponuntur.
1406 4687 1616 4755 Quanto
1658 4688 1802 4741 enim
1831 4686 2091 4742 inﬁrmius

494 4778 590 4830 est
617 4793 709 4830 vas
730 4778 779 4847 (l
808 4779 923 4834 Pet.
948 4781 999 4835 5.
1026 4780 1081 4852 7)
1106 4822 1122 4845 ,
1174 4789 1322 4836 tanto
1364 4779 1535 4849 major
1579 4790 1661 4834 eSt
1712 4781 1915 4849 gratia,
1945 4786 2092 4834 tanto

507 4866 764 4922 illustrius
794 4879 878 4925 est
922 4879 1202 4940 tropaeum,
1236 4880 1382 4926 tanto
1417 4869 1677 4940 insignior
1722 4868 1960 4937 victoria,
1986 4885 2090 4924 non

507 4958 580 5013 ob
627 4958 1041 5016 imbecillitatem
1094 4976 1260 5017 sexus
1304 4962 1648 5026 athletarum,
1675 4959 1949 5030 sedquod
1994 4975 2090 5030 per

503 5063 568 5105 ea
594 5092 608 5115 ,
638 5049 831 5116 quibus
876 5051 1077 5107 vicerat
1115 5053 1394 5120 inimicus,
1442 5066 1586 5107 nunc
1636 5052 1794 5106 etiam
1827 5052 2088 5108 vincatur.

508 5140 611 5195 Per
659 5140 914 5211 virginem
955 5142 1082 5198 olim
1113 5144 1373 5199 Adamum
1410 5143 1655 5200 diabolus
1678 5144 1967 5211 interemit,
1997 5159 2093 5214 per

506 5234 770 5305 virginem
790 5233 985 5291 deinde
1006 5234 1249 5290 Ghristus
1288 5236 1557 5292 diabolum
1586 5237 1856 5307 superavit
1881 5254 1895 5290 :
1924 5247 1977 5292 et
2002 5238 2091 5292 ille

504 5324 735 5393 gladius,
788 5341 947 5396 quem
972 5325 1085 5395 ipse
1125 5325 1178 5380 in
1209 5340 1305 5380 nos
1334 5338 1638 5394 exacuerat,
1664 5337 1821 5397 caput
1845 5328 2092 5384 draconis

507 5417 822 5484 amputavit,
864 5415 1008 5488 quod
1055 5415 1111 5470 in
1156 5416 1367 5471 Davidis
1407 5433 1619 5488 quoque
1669 5419 1847 5474 duello
1871 5420 2092 5490 contigit

509 5500 742 5576 (l.Reg.
777 5507 894 5576 Π).
943 5506 1077 5563 Nam
1133 5508 1581 5577 quemadmodum
1642 5508 1873 5566 Goliathi
1934 5520 2093 5581 caput

508 5602 644 5686 ense
691 5596 968 5686 barbarico
1007 5597 1187 5667 justus
1208 5598 1299 5653 ille
1334 5613 1555 5655 currens
1571 5599 1819 5666 abscidit,
1849 5601 1920 5656 ita
1951 5614 2093 5656 nunc

508 5685 673 5747 etiam
723 5685 819 5741 ﬁt:
867 5704 964 5757 per
1004 5690 1282 5749 mulierem
1319 5693 1477 5761 vicit,
1498 5707 1594 5762 per
1640 5693 1917 5750 mulierem
1936 5709 2092 5764 supe-

511 5780 665 5830 ratus
693 5785 795 5831 est.
847 5778 957 5836 Hoc
999 5782 1143 5839 illius
1166 5792 1326 5840 antea
1373 5786 1535 5844 telum
1585 5795 1742 5857 erat,
1798 5786 1900 5843 hoc
1948 5787 2088 5843 illius

2164 1391 2455 1462 quidquam
2512 1395 2689 1456 potest
2741 1382 3183 1453 impedimentum
3231 1376 3488 1445 objicere,
3532 1372 3578 1427 si
3617 1372 3762 1426 adsit

2165 1484 2414 1539 alacritas
2450 1479 2654 1541 animi,
2704 1485 2759 1531 et
2802 1475 2983 1539 zelus,
3034 1482 3092 1527 et
3139 1469 3337 1524 ardens
3363 1465 3533 1529 ﬁdes;
3566 1464 3763 1533 hisque

2167 1575 2417 1633 omnibus
2446 1573 2538 1626 Dei
2591 1570 2745 1625 nobis
2769 1567 2992 1639 gratiam
3034 1562 3402 1623 conciliemus,
3429 1555 3571 1626 quod
3602 1555 3763 1608 beata

2171 1669 2421 1725 nimirum
2467 1667 2565 1720 ista
2609 1663 2885 1732 praestitit.
2914 1658 3034 1714 Fuit
3079 1655 3222 1710 enim
3257 1651 3333 1706 illi
3357 1662 3552 1719 corpus
3592 1645 3767 1701 imbe-

2169 1763 2374 1826 cillum,
2422 1766 2477 1813 et
2518 1756 2781 1811 obnoxius
2808 1765 2968 1808 sexus
3009 1747 3239 1817 injuriae,
3294 1752 3350 1798 et
3380 1741 3557 1811 junior
3595 1748 3765 1798 astas;

2171 1862 2541 1907 verumtamen
2592 1846 2783 1901 horum
2826 1840 3068 1896 omnium
3130 1832 3547 1889 imbecillitatem
3594 1827 3769 1880 θάνες

2174 1946 2328 2000 niens
2371 1941 2540 2012 gratia
2583 1933 2889 2000 occultavit,
2938 1930 3032 1986 ubi
3076 1938 3396 1998 generosam
3431 1917 3598 1975 animi
3648 1917 3771 1971 ala-

2174 2009 2418 2092 critatem
2462 2028 2701 2094 offendit,
2743 2034 2799 2080 et
2827 2028 3161 2078 constantem
3206 2015 3387 2080 fidem,
3437 2022 3494 2066 et
3528 2009 3774 2063 animam

2174 2129 2243 2181 ad
2287 2120 2563 2180 subeunda
2608 2116 2841 2190 pericula
2873 2121 3245 2184 prmparatam.

2247 2222 2302 2273 4.
2340 2216 2401 2272 S.
2435 2213 2643 2269 Drosidi
2702 2208 2991 2281 propositus
3035 2219 3208 2274 rogus.
3263 2199 3533 2268 Compara:
3585 2208 3781 2265 rogum

2172 2328 2294 2366 cum
2324 2312 2462 2382 [ante
2505 2320 2552 2360 et
2591 2296 3060 2375 fornace.-—Nibil
3088 2294 3234 2350 enim
3274 2299 3399 2357 est,
3448 2287 3581 2341 nihil
3613 2285 3782 2354 plane

2179 2379 2449 2475 potentius
2475 2408 2649 2453 esteo
2668 2436 2683 2462 ,
2714 2394 2805 2464 qui
2829 2404 3021 2461 magno
3046 2402 3166 2442 cum
3193 2384 3369 2440 studio
3400 2381 3492 2436 Dei
3520 2379 3783 2433 timorem

2181 2468 2374 2548 habeat
2400 2491 2455 2545 in
2484 2496 2666 2544 mente
2684 2485 2937 2548 defixum,
2961 2479 3056 2536 sed
3079 2475 3320 2549 quamvis
3340 2475 3507 2544 ignes,
3526 2468 3785 2540 quamvis

2180 2586 2384 2643 ferrum
2407 2626 2422 2649 _.
2450 2581 2696 2654 quamvis
2720 2577 2920 2634 bestias
2939 2616 2955 2641 ,
2994 2571 3237 2643 quamvis
3263 2567 3405 2623 aliud
3430 2564 3640 2636 quidvis
3663 2562 3783 2616 mi-

2181 2687 2375 2733 nentur
2405 2677 2585 2729 hostes
2605 2713 2620 2739 ,
2649 2672 2827 2726 omnia
2857 2667 3005 2723 nullo
3030 2664 3244 2735 negotio
3271 2658 3597 2722 contemnit,
3625 2656 3784 2726 quod

2183 2770 2367 2838 utique
2398 2772 2551 2820 beata
2580 2761 2678 2816 ista
2716 2760 2900 2815 Drosis
2927 2759 3089 2813 etiam
3134 2753 3280 2810 fecit.
3313 2752 3597 2820 Postquam
3623 2747 3785 2803 enim

2181 2874 2371 2930 rogum
2402 2867 2661 2930 tyrannus
2702 2851 3170 2919 accenditmeque
3211 2845 3355 2901 enim
3384 2843 3436 2897 in
3463 2838 3787 2897 barathrum

2184 2951 2328 3006 illam
2375 2947 2699 3019 praecipitem
2743 2944 2888 3015 egit,
2935 2955 3111 3010 neque
3151 2939 3327 3007 capite
3372 2934 3663 2995 truncavit,
3705 2945 3790 2988 ne

2188 3038 2436 3110 supplicii
2466 3038 2698 3093 brevitas
2726 3033 2936 3089 facilius
2967 3031 3047 3086 illi
3073 3039 3343 3085 certamen
3371 3026 3644 3088 redderet;
3673 3022 3787 3077 sed

2186 3133 2366 3186 animo
2393 3132 2511 3198 ejus
2539 3128 2761 3197 cupiens
2785 3134 3043 3181 terrorem
3074 3122 3335 3179 incutere.
3362 3127 3521 3188 atque
3548 3114 3791 3169 indomi-

2190 3231 2297 3278 tam
2326 3222 2441 3291 ejns
2470 3227 2704 3275 mentem
2732 3217 2846 3288 rogi
2886 3225 3103 3286 aspectu
3131 3225 3385 3281 superare
3404 3250 3421 3277 ,
3457 3209 3509 3264 in
3540 3207 3789 3262 medium

2189 3316 2333 3370 illam
2363 3311 2602 3383 protulit.
2630 3310 2766 3366 Cum
2795 3310 2956 3380 igitur
2981 3320 3170 3377 rogum
3198 3301 3546 3363 accendisset,
3575 3312 3640 3353 ac
3666 3298 3783 3352 for-

2191 3419 2377 3460 nacem
2404 3404 2821 3466 inflammasset,
2854 3408 3013 3468 atque
3059 3397 3112 3451 in
3151 3408 3416 3451 summam
3444 3389 3789 3447 altitudinem

2187 3496 2540 3561 attolleretur,
2571 3493 2687 3549 haec
2709 3507 2831 3548 cum
2860 3496 3108 3547 cerneret
3132 3489 3286 3543 beata
3313 3493 3535 3555 martyr,
3562 3481 3790 3536 inﬂam-

2193 3591 2438 3647 mabatur
2481 3589 2593 3659 ipsa
2623 3599 2835 3656 quoque
2875 3590 3037 3654 atque
3075 3577 3491 3636 amoreChristi
3526 3574 3787 3637 ardebat,

2176 3682 2772 3751 Atriumquerpuerorum
2802 3690 3030 3743 memor,
3059 3686 3242 3728 secum
3268 3671 3383 3741 ipsa
3408 3668 3790 3738 reputabat,se

2193 3773 2249 3825 in
2287 3770 2599 3827 societatem
2645 3766 2995 3823 certaminum
3046 3763 3256 3818 illorum
3312 3759 3525 3823 venire,
3571 3756 3793 3825 sibique

2189 3860 2404 3916 easdem
2440 3874 2563 3915 cum
2592 3858 2696 3913 illis
2722 3870 2951 3912 coronas
2980 3851 3203 3923 imponi.
3237 3850 3306 3905 Et
3332 3846 3789 3921 quemadmodum

2195 3950 2380 4007 furiosi
2405 3948 2540 4005 nihil
2568 3962 2779 4012 eorum,
2808 3960 2927 4017 quae
2952 3951 3266 4007 cernuntur,
3292 3948 3456 4019 prout
3477 3948 3558 3994 est
3576 3936 3787 4001 vident,

2191 4044 2286 4101 sed
2311 4046 2424 4099 sive
2457 4052 2738 4098 exacutum
2765 4037 3000 4111 gladium
3050 4033 3299 4097 viderint,
3334 4032 3388 4086 in
3428 4031 3596 4101 ipsum
3626 4027 3792 4083 facile

2196 4137 2496 4208 przecipites
2526 4136 2768 4199 irruunt,
2797 4132 2912 4187 sive
2931 4143 3140 4200 rogum,
3172 4127 3287 4182 sive
3309 4124 3638 4189 barathrum,
3667 4122 3792 4177 sive

2192 4229 2564 4300 praecipitium,
2592 4227 2704 4281 sive
2724 4225 2960 4295 pelagus,
2984 4223 3096 4277 sive
3115 4219 3255 4274 aliud
3273 4217 3502 4288 quidvis,
3521 4214 3792 4283 intrepide

2191 4336 2253 4377 se
2298 4321 2351 4374 in
2390 4328 2577 4375 cuncta
2610 4316 2898 4388 projiciunt
2926 4334 2940 4370 :
2967 4314 3044 4369 sic
3081 4322 3135 4368 et
3183 4313 3282 4367 ista
3321 4310 3497 4364 furore
3540 4323 3646 4362 non
3690 4306 3792 4362 tali

2192 4421 2457 4481 correpta,
2489 4410 2648 4475 absit,
2679 4408 2776 4466 sed
2803 4408 2908 4462 alio
2939 4404 3124 4477 quavis
3153 4402 3432 4474 prudentia
3465 4399 3787 4465 honestiori,

2192 4502 2498 4572 Christique
2539 4515 2721 4554 amore
2763 4507 3039 4568 correpta,
3090 4494 3220 4550 nihil
3263 4508 3451 4549 eorum
3490 4506 3609 4562 qua:
3659 4500 3791 4546 sunt

2196 4594 2364 4649 oculis
2401 4590 2641 4660 subjecta
2685 4588 2990 4660 spectabat,
3040 4585 3134 4641 sed
3179 4585 3229 4639 in
3273 4584 3461 4638 ea'lum
3506 4580 3785 4647 translata,

2194 4685 2428 4754 illucque
2465 4683 2574 4752 jam
2624 4689 2806 4736 mente
2850 4678 3205 4747 commigrans
3246 4675 3422 4728 omnia
3470 4672 3605 4727 mala
3648 4686 3793 4725 con-

2198 4776 2487 4839 temnebat,
2508 4784 2571 4828 et
2598 4774 2770 4844 ignem
2792 4786 2897 4826 non
2926 4771 3122 4840 ignem,
3152 4766 3245 4822 sed
3271 4781 3445 4821 rorem
3474 4779 3593 4819 esse
3617 4763 3785 4818 duce-

2199 4869 2306 4923 bat.
2328 4864 2684 4934 Quamobrem
2712 4877 2899 4933 rogum
2924 4861 3070 4915 illum
3097 4873 3196 4928 ego
3222 4867 3277 4911 et
3307 4856 3505 4910 fontem
3526 4868 3786 4924 aquarum

2197 4956 2652 5029 limpidissimum,
2711 4962 2767 5008 et
2796 4955 3078 5006 tincturam
3117 4949 3399 5019 quamdam
3430 4945 3701 5010 eximiam,
3730 4953 3784 4999 et

2200 5048 2471 5104 fornacem
2507 5045 2872 5102 conﬁatoriam
2904 5042 3133 5112 appello.
3167 5039 3296 5094 Nam
3337 5036 3785 5107 quemadmodum

2200 5143 2253 5198 in
2285 5141 2500 5196 fornace
2527 5154 2734 5203 aurum,
2757 5139 2833 5192 sic
2854 5146 2908 5191 et
2931 5136 3071 5189 illius
3095 5134 3246 5189 beata
3274 5132 3447 5185 anima
3477 5145 3571 5199 per
3596 5144 3784 5197 rogum

2196 5237 2347 5290 illum
2392 5235 2575 5304 purior
2616 5232 2954 5288 reddebatur.
2997 5226 3364 5297 Liqneﬁebant
3408 5224 3549 5277 enim
3593 5237 3789 5276 carnes

2199 5327 2335 5395 ejus,
2363 5335 2418 5380 et
2445 5341 2563 5380 ossa
2592 5323 2959 5385 torrebantur,
2988 5319 3347 5374 exurebantnr
3377 5314 3555 5379 nervi,
3586 5324 3641 5368 et
3667 5326 3787 5366 cor-

2198 5421 2343 5491 poris
2369 5419 2547 5473 sanies
2570 5416 2800 5486 undique
2823 5412 3087 5469 deﬂuebat
3106 5428 3119 5464 :
3140 5420 3193 5464 at
3218 5409 3407 5462 anima:
3429 5404 3560 5460 ﬁdes
3584 5405 3785 5458 ﬁrmior

2194 5521 2248 5566 ct
2277 5509 2605 5579 splendidior
2628 5506 2808 5562 ﬁebat.
2838 5506 3010 5574 Atque
3056 5502 3129 5556 illi
3157 5500 3369 5571 quidem
3398 5497 3514 5552 haec
3542 5496 3785 5549 videntes

2198 5604 2366 5673 ipsam
2407 5602 2580 5672 perire
2621 5600 2909 5655 censebant
2933 5613 2948 5651 :
2971 5596 3085 5649 hmo
3109 5608 3238 5647 vero
3265 5590 3494 5660 amplius
3520 5602 3784 5658 expurga-

2198 5696 2371 5760 batur,
2394 5704 2446 5746 et
2473 5689 2924 5762 quemadmodum
2952 5702 3163 5751 aurum,
3187 5682 3463 5752 imperitus
3477 5680 3568 5749 qui
3586 5679 3783 5743 adstat,

2198 5794 2252 5842 ct
2292 5784 2551 5856 liquefieri
2578 5783 2721 5840 videt
2756 5796 2825 5836 ac
2857 5779 3149 5845 diffluere,
3174 5788 3401 5845 cumque
3414 5772 3608 5827 cinere
3631 5784 3781 5827 com-
