4088 6442
402 389 513 449 687

474 503 550 573 γ’.
597 500 737 557 Ἀλλ’
769 502 1020 558 ἐντεῦθεν
1046 500 1167 575 μὲν.
1191 499 1274 556 δτι
1296 501 1394 572 τῆς
1422 498 1704 563 ἀσθενείας
1732 496 1845 552 τῶν
1871 496 1990 550 δαι-

409 589 590 661 μόνων
617 588 836 662 ἔλεγχος
868 592 897 645 ό
916 590 1025 644 τῶν
1050 588 1342 662 μαρτύρων
1369 588 1487 641 ἐστὶ
1520 586 1771 649 θάνατος,
1794 580 1989 639 ἀποδέ-

404 676 646 732 δεικται·
676 678 759 732 ὅτι
790 677 845 731 δὲ
874 678 967 732 καὶ
1000 680 1097 751 τῆς
1118 674 1476 748 ἀναισθησίας
1499 674 1680 728 αὐτῶν
1710 676 1827 727 ἐστι
1856 686 1990 724 κατα

404 764 611 836 ηγορία
651 762 715 818 τὸ
763 766 1029 836 πρᾶγμα,
1061 764 1221 835 δῆλον
1253 763 1483 817 ἐκεῖθεν.
1513 762 1685 817 Ὅταν
1713 760 1823 833 γὰρ
1844 752 1990 814 οῦτοι

415 852 536 923 μὲν,
574 852 625 907 οί
661 853 936 925 μάρτυρες
958 853 1123 923 λέγω,
1157 851 1369 924 σώματι
1399 851 1494 906 καὶ
1528 852 1785 920 φυσικαῖς
1826 847 1993 915 ἀνάγ-

410 955 539 1003 καις
563 940 930 1012 ὐποκείμενοι,
964 940 1061 994 καὶ
1087 939 1255 994 πολὺν
1280 938 1482 994 ὀδυνῶν
1513 937 1669 1009 δχλον
1698 936 1794 990 καὶ
1819 936 1990 1006 ἀλγη-

406 1016 577 1081 δόνων
604 1026 821 1099 ἔχοντες
851 1027 1210 1100 περιεστῶτα,
1244 1027 1340 1081 καὶ
1373 1026 1465 1080 τὸν
1495 1025 1760 1096 ἐπίκηρον
1787 1022 1994 1088 ζῶντες

414 1112 552 1183 βίον,
579 1115 676 1168 καὶ
709 1114 1076 1187 διατρίϐοντες
1105 1114 1198 1169 ἐπὶ
1226 1115 1350 1185 γῆς,
1377 1113 1522 1168 οὓτω
1565 1112 1863 1183 φαίνωνται
1895 1106 1995 1180 τῆς

415 1202 698 1273 παρούσης
723 1201 1101 1274 ὑπερορῶντες
1130 1201 1274 1273 ζωῆς
1301 1200 1393 1255 διὰ
1419 1200 1520 1273 τὴν
1547 1199 1675 1271 περὶ
1711 1198 1806 1253 τὸν
1838 1195 1992 1269 [692]

414 1289 758 1361 πεποιηκότα
807 1289 991 1353 αὐτοῖς
1046 1288 1181 1342 Θεὸν
1225 1288 1449 1359 ἀγάπην
1468 1303 1484 1319 ·
1538 1276 1739 1341 ἐκεῖνοι
1792 1284 1850 1339 δέ
1901 1284 1998 1338 καὶ

414 1376 618 1447 σαρκὸς
647 1376 1057 1448 ἀπηλλαγμένα
1088 1376 1183 1431 καὶ
1211 1376 1395 1449 πάσης
1429 1375 1636 1448 ταύτης
1676 1374 1870 1446 ὀδύνης
1903 1374 1997 1427 καὶ

415 1463 707 1534 ἀλγηδόνος
730 1462 875 1517 οὕτω
903 1463 1201 1531 φαίνωνται
1230 1463 1599 1535 ἐξυϐρικότες,
1627 1463 1722 1516 καὶ
1745 1460 1999 1532 ἀγνώμοο

417 1567 507 1615 νες
541 1550 671 1622 περὶ¹
706 1549 800 1603 τὸν
837 1549 1133 1622 εὐεργέτην
1173 1551 1554 1621 γεγενημένοι,
1585 1549 1744 1605 ποίαν
1787 1548 1998 1615 ἕξουσιν

416 1636 748 1706 ἀπολογίαν;
790 1637 917 1692 τίνα
957 1636 1322 1708 συγγνώμην;
1368 1636 1639 1707 Οὐδεμίαν
1675 1632 1996 1708 οὐδαμόθεν,

417 1727 518 1797 τῆς
548 1726 753 1781 τούτων
795 1725 999 1799 ἀρετῆς
1034 1726 1133 1799 τὴν
1173 1727 1401 1781 ἐκείνων
1437 1725 1640 1782 κακίαν
1687 1729 1755 1781 ἐκ
1798 1724 1998 1779 πολλοῦ

415 1813 512 1868 τοῦ
552 1814 832 1885 περιόντος
856 1814 1319 1886 κατακρινούσης.
1360 1814 1437 1868 Οὐ
1469 1813 1580 1886 γάρ
1619 1813 1686 1883 δὴ
1718 1812 1882 1884 μόνον
1906 1813 2002 1866 ἀν-

417 1900 671 1973 θρώπους
700 1899 996 1972 ἄνθρωποι,
1024 1904 1076 1956 οί
1108 1901 1511 1974 σπουδαιότεροι
1538 1902 1668 1966 τοὺς
1698 1900 2002 1972 ῥᾳθυμοτέ-

417 2004 551 2059 ρους
574 1986 1013 2060 κατακρίνουσιν,
1046 1987 1161 2041 ἀλλ’
1185 1987 1288 2060 ῆδη
1312 1988 1407 2042 καὶ
1433 1987 1634 2051 αὐτοὺς
1654 1988 1781 2049 τούς
1809 1984 2002 2056 δαίμο-

418 2092 517 2138 νας
543 2076 578 2147 ή
602 2074 806 2129 τούτων
821 2072 1175 2139 καταδικάζει
1208 2073 1432 2146 σπουδή.
1461 2074 1573 2128 Καὶ
1596 2072 1772 2128 ταῦτα
1792 2072 2004 2136 Παῦλος

417 2161 655 2233 ἐδήλωσε
686 2161 883 2230 λέγων·
914 2162 1031 2215 Οὐκ
1056 2161 1236 2214 οἴδατε
1267 2162 1352 2215 ὅτι
1379 2161 1647 2231 ἀγγέλους
1676 2159 2002 2232 κρινοῦμεν;

420 2251 553 2321 μήτι
579 2266 643 2320 γε
679 2249 938 2321 βιωτικά;
967 2249 1094 2314 τοὺς
1119 2247 1211 2303 τοῦ
1236 2248 1488 2303 διαϐόλου
1518 2248 1693 2318 λέγων
1718 2248 2004 2318 ἀγγέλους,

416 2337 547 2399 τοὺς
583 2337 917 2401 ἀποστάτας.
946 2335 1059 2390 Καὶ
1084 2337 1201 2401 πῶς
1223 2333 1519 2410 κρινοῦμεν
1551 2337 1769 2401 αὐτοὺς,
1800 2335 2003 2408 φησίν;

419 2423 562 2495 Οὐχὶ
608 2423 910 2496 καθήμενοι
960 2422 1056 2478 καὶ
1089 2422 1317 2489 εὐθύνας
1354 2424 1554 2487 αὐτοὺς
1600 2423 2005 2488 ἀπαιτοῦντες,

420 2509 560 2564 ἀλλά
585 2510 657 2565 δι’
689 2510 965 2583 ἡμετέρας
999 2510 1236 2582 σπουδῆς
1263 2510 1362 2582 τὴν
1392 2511 1618 2565 ἐκείνων
1654 2514 2012 2583 κατακρίνον-

418 2618 516 2665 τες
542 2599 836 2673 ρᾳθυμίαν.
873 2599 1053 2671 Ὅπερ
1076 2595 1173 2654 οῦν
1198 2600 1296 2654 καὶ
1318 2600 1451 2655 αὐτὸ
1477 2599 1654 2671 δηλῶν
1680 2599 1837 2669 ἐλεγε
1862 2614 1877 2630 ·
1902 2599 2011 2654 Καὶ

418 2689 477 2743 ει
503 2687 575 2741 ἐν
602 2687 747 2758 ὑμῖν
769 2687 1032 2756 κρίνεται
1058 2689 1093 2743 ό
1120 2687 1351 2757 κόσμος
1368 2703 1383 2716 ο
1411 2688 1511 2742 οὐκ
1532 2683 1686 2742 εἶπεν
1713 2685 1800 2757 ἐφ’
1833 2685 2008 2757 ὐμῶν,

421 2775 565 2830 ἀλλά
591 2775 658 2829 δι’
684 2773 856 2846 ὑμῶν.
896 2775 1110 2847 Ὠσπερ
1137 2774 1267 2830 ὅταν
1295 2771 1452 2847 λέγῃ·
1483 2774 1708 2846 Ἀνδρες
1732 2770 2012 2826 Νινευῖται

422 2863 842 2935 ἀναστήσονται,
873 2863 969 2917 κα)⁴
998 2861 1389 2935 κατακρινοῦσι
1421 2864 1521 2936 τὴν
1550 2861 1744 2932 γενεάν
1781 2861 2025 2939 ταύτην,

422 2951 528 3021 οὐχ
567 2949 644 3014 ὡς
673 2949 782 3004 τῶν
809 2950 1111 3005 Νινευῖτῶν
1147 2950 1306 3021 λόγον
1332 2950 1709 3005 ἀπαιτούντων
1736 2951 1865 3014 τοὺς
1893 2949 2014 3003 τότε

424 3036 792 3101 ἀπιστοῦντας
841 3037 953 3092 τῶν
1018 3036 1319 3105 Ἰουδαίων,
1362 3036 1478 3091 ἀλλ’
1510 3036 1587 3101 ὡς
1629 3039 1731 3109 τῆς
1782 3036 2009 3091 ἐκείνων

427 3125 667 3189 πίστεως
702 3126 802 3195 τὴν
821 3125 1031 3179 τούτων
1052 3125 1311 3180 ἀπιστίαν
1338 3124 1830 3197 καταδικαζούσης.
1860 3126 2017 3179 Ἔστι

427 3215 529 3268 καὶ
555 3214 635 3277 εἰς
660 3212 860 3285 ἀρετὴν
892 3212 1125 3284 μέγιστα
1153 3212 1456 3267 ἀπόνασθαι
1485 3214 1580 3266 καὶ
1610 3214 1688 3277 εἰς
1718 3212 2032 3285 ὑπεροψίαν⁸

427 3300 542 3356 τῶν
564 3301 849 3373 παρόντων
873 3300 1218 3372 πραγμάτων
1245 3299 1355 3355 ἀπὸ
1376 3301 1486 3355 τῶν
1510 3299 1823 3373 μαρτύρων.
1847 3302 2020 3358 Ὀταν

428 3389 545 3461 γὰρ
577 3388 696 3461 ίδῃς
724 3386 948 3452 τούτους
974 3386 1194 3458 ἀπάσης
1218 3386 1697 3460 καταφρονοῦντας
1721 3387 1821 3458 τῆς
1848 3386 2016 3460 ζωῆς,

429 3477 541 3533 κᾶν
596 3476 853 3531 ἁπάντων
908 3473 1361 3546 ἀναισθητότερος
1410 3472 1480 3549 ᾖς
1524 3476 1619 3528 καὶ
1656 3476 2017 3548 νωθρότατος,

431 3563 774 3635 ὑψηλότατον
803 3562 933 3636 δέξῃ
962 3561 1238 3634 φρόνημα,
1276 3563 1373 3617 καὶ
1405 3560 1757 3634 καταγελάσῃ
1786 3564 2019 3635 τρυφῆς,

434 3650 702 3723 ὑπερόψει
733 3650 1069 3723 χρημάτων,
1098 3651 1193 3703 καὶ
1221 3650 1583 3723 ἐπιθυμήσεις
1611 3652 1713 3723 τῆς
1753 3653 1871 3705 ἐκεῖ
1895 3652 2024 3706 δια-

433 3739 653 3811 τριϐῆς⁸
683 3738 787 3793 κᾶν
807 3739 867 3792 ἐν
891 3737 1225 3810 ἀρρωστίαις
1246 3733 1336 3811 ᾖς,
1358 3740 1439 3803 εἰς
1466 3739 1743 3810 ὑπομονὴν
1766 3738 2021 3811 ἀφορμὴν

435 3826 591 3901 λήψῃ
631 3826 920 3899 μεγίστην,
956 3825 1030 3880 τά
1066 3824 1175 3879 τῶν
1207 3825 1501 3898 μαρτύρων
1534 3825 1835 3899 παθήματα
1859 3843 1874 3859 ·
1920 3828 2026 3883 xiv

437 3916 608 3986 πενίᾳ
647 3914 833 3988 πιέζῃ,
880 3913 986 3969 κάν
1022 3912 1203 3967 ὁτιοῦν
1234 3913 1421 3984 ἕτερον
1458 3912 1569 3969 τῶν
1599 3914 2025 3985 χαλεπωτάτων,

440 4002 584 4076 πρὸς
615 4001 680 4056 τὸ
714 4000 943 4073 μέγεθος
991 4000 1100 4055 τῶν
1136 4000 1366 4065 ἐκείνοις
1403 3999 1746 4072 ὲπαχθεισῶι
1783 4002 2029 4073 βασάνων

443 4090 660 4165 βλέπων
697 4087 977 4161 ἀρκοῦσαν
1006 4088 1149 4154 ἕξεις
1176 4087 1527 4161 παραμυθίαν
1568 4088 1678 4142 τῶν
1708 4090 2033 4161 κατειληφό-

440 4195 555 4234 των
602 4178 857 4233 ἁπάντων
897 4177 1109 4233 δεινῶν.
1140 4177 1240 4231 Διά
1267 4178 1425 4231 τοῦτο
1472 4177 1709 4246 μάλιστα
1749 4178 1888 4246 φιλῶ
1922 4177 2031 4231 τῶν

447 4265 748 4342 μαρτύρων
793 4265 894 4330 τὰς
943 4266 1183 4337 μνήμας,
1229 4266 1326 4318 καὶ
1371 4264 1509 4335 φιλῶ
1558 4265 1654 4320 καὶ
1692 4264 2031 4337 ἀσπάζομαι,

445 4354 627 4418 πάσας
659 4353 780 4424 μὲν,
825 4351 1061 4424 μάλιστα
1086 4352 1142 4405 δὲ
1173 4352 1300 4406 ὅταν
1331 4355 1590 4422 γυναῖκες
1635 4352 2034 4424 ἀγωνιζόμεναι

445 4442 708 4513 τύχωσιν.
751 4442 903 4512 Ὂσῳ
921 4442 1037 4513 ,γὰρ
1064 4441 1124 4494 τὸ
1151 4439 1344 4505 σκεῦος
1366 4442 1772 4513 ἀσθενέστερον,
1797 4443 2037 4515 τοσούτῳ

450 4530 656 4601 μείζων
688 4533 722 4602 ἡ
753 4528 933 4601 χάρις,
963 4527 1205 4600 τοσούτῳ
1240 4529 1618 4602 λαμπρότερον
1644 4532 1706 4585 τὸ
1742 4531 2027 4603 τρόπαιον,

450 4617 692 4688 τοσούτῳ
718 4617 1160 4690 περιφανεστέρα
1184 4618 1218 4687 ή
1240 4617 1389 4688 νίκη,
1417 4619 1479 4672 οὐ
1504 4618 1596 4672 διά
1625 4620 1726 4691 τὴν
1752 4619 2038 4674 ἀσθένειαν

449 4706 556 4776 τῆς
583 4706 797 4776 φύσεως
827 4704 938 4759 τῶν
976 4703 1246 4776 ἀθλητῶν,
1282 4705 1396 4759 ἀλλ’
1430 4706 1513 4759 ὅτι
1556 4708 1652 4761 καὶ
1693 4701 1773 4771 οἷς
1804 4707 2040 4778 ἐκράτη-

454 4810 549 4847 σεν
585 4795 614 4846 δ
654 4792 867 4864 ἐχθρὸς,
897 4790 1108 4856 τούτοις
1139 4794 1283 4847 ἐάλω
1311 4792 1425 4848 νῦν.
1457 4794 1556 4848 Διά
1589 4795 1862 4866 παρθένου
1903 4794 2036 4863 γοῦν

453 4878 744 4933 ἀπέκτεινε
766 4878 958 4951 πρώην
983 4878 1077 4932 τὸν
1116 4878 1289 4949 ’Δδάμ
1312 4881 1341 4932 ό
1357 4879 1620 4947 διάϐολος,
1651 4881 1741 4935 διά
1766 4881 2039 4953 παρθένου

455 4966 600 5038 μετά
630 4966 805 5020 ταῦτα
842 4964 1258 5035 κατηγωνίσατο
1292 4966 1386 5020 τὸν
1412 4967 1657 5022 διάϐολον
1704 4971 1733 5023 ὁ
1778 4968 2035 5040 Χριστὸς,

457 5055 555 5108 καὶ
587 5055 650 5108 τὸ
680 5052 833 5123 ξίφος
864 5055 1002 5125 ὅπερ
1031 5049 1100 5125 ἦν
1135 5054 1475 5125 ἠκονημένον
1514 5056 1664 5127 αὐτῷ
1712 5056 1833 5111 καθ’
1862 5057 2039 5128 ἡμῶν,

458 5140 619 5195 τοῦτο
646 5140 747 5214 τὴν
773 5142 868 5196 τοῦ
893 5142 1188 5213 δράκοντος
1221 5143 1462 5214 ἀπέτεμε
1486 5145 1750 5215 κεφαλὴν,
1780 5148 1921 5216 ὅπερ
1948 5147 2043 5201 καὶ

462 5225 557 5279 ἐπὶ
577 5224 671 5278 τοῦ
692 5223 856 5279 Δαυῖδ
887 5226 1098 5294 γέγονε.
1127 5224 1396 5297 Καθάπερ
1433 5227 1542 5298 γὰρ
1564 5227 1688 5281 τότε
1720 5230 1815 5282 τοῦ
1850 5231 1889 5282 Γ
1890 5230 2041 5283 omo

460 5309 561 5381 τὴν
591 5308 831 5380 κεφαλὴν
878 5311 908 5363 ό
932 5308 1139 5371 δίκαιος
1191 5310 1397 5373 ἐκεῖνος
1427 5309 1576 5381 αὐτῷ
1612 5311 1689 5382 τῷ
1725 5312 2044 5385 βαρϐαρικῷ

466 5389 611 5461 ξίφει
644 5388 870 5463 δραμὼν
904 5391 1205 5461 ἀπέκοψεν,
1244 5390 1388 5446 οὕτω
1420 5393 1486 5465 δὴ
1532 5394 1627 5448 καὶ
1664 5394 1759 5448 νῦν
1779 5413 1793 5428 ·
1826 5396 1916 5449 διὰ
1946 5413 2042 5466 γυο

464 5474 653 5538 ναικὸς
680 5474 974 5546 ἐκράτησε,
1012 5474 1099 5529 διά
1123 5475 1381 5543 γυναικὸς
1410 5477 1662 5549 ἥττηται.
1687 5479 1857 5532 Τοῦτο
1882 5481 2065 5537 δπλονο

464 5554 535 5630 ἦν
568 5555 716 5628 αὐτῷ
753 5556 1037 5630 πρότερον,
1072 5557 1232 5613 τοῦτο
1260 5559 1356 5614 νῦν
1394 5562 1616 5631 γέγονεν
1642 5561 1791 5635 αὐτῷ
1832 5566 2047 5637 σφαγῆς

468 5641 732 5713 ὄργανον,
766 5639 926 5695 τοῦτο
953 5641 1147 5706 σκεῦος
1183 5642 1643 5712 ἀκαταγώνιστον.
1681 5646 1968 5718 Ἤμαρτεν
2015 5652 2047 5716 ᾖ

471 5723 713 5795 προτέρα
766 5723 864 5777 καὶ
912 5723 1213 5788 ἀπέθανεν.
1274 5726 1546 5783 ἀπέθανεν
1600 5727 1738 5801 αῦτη
1764 5769 1779 5792 ,
1830 5731 1917 5784 ἵνα
1973 5732 2033 5802 μὶ

466 5806 724 5879 ἁμάρτῃ·
784 5804 968 5877 ἐκείνη
1022 5807 1144 5861 τότε
1196 5807 1411 5880 ψυχρᾶς
1469 5811 1814 5884 ὑποσχέσεως
1871 5814 2045 5870 ἐλπίδι

795 5909 1066 5973 ΡΑτιιοι..
1113 5910 1230 5974 Gn.
1283 5914 1347 5977 L.

1541 385 1631 442 DE
1668 382 1727 440 S.
1769 374 2070 437 DROSIDE
2103 367 2464 431 ιιΑίιτγιιΕ.

3565 372 3672 428 688

2095 492 2399 565 φυσηθεῖσα
2426 492 2553 556 τούς
2580 487 2674 543 τοῦ
2699 487 2835 544 Θεοῦ
2864 487 3059 559 νόμους
3090 484 3467 557 κατεπάτησεν
3491 505 3506 521 ο
3530 488 3675 560 αὐτη

2096 581 2192 637 καὶ
2223 582 2326 654 τῆς
2350 580 2631 654 παρούσης
2664 580 3034 652 κατεφρόνησε
3076 577 3243 650 ζωῆς.
3284 576 3425 634 ὥστε
3468 580 3543 652 μή
3576 580 3694 666 τὴν,

2099 677 2180 739 είς
2238 676 2332 730 τὸν
2397 672 2692 746 εὐεργέτην
2753 673 3113 745 ἐξομόσασθαι
3168 672 3369 726 πίστιν.
3430 673 3529 737 Τίς
3582 669 3677 727 οὖν

2101 760 2254 841 [695]
2277 767 2343 823 ἂν
2364 767 2576 837 γένοιτο
2602 762 2787 821 λοιπὸν
2806 765 3029 839 ἀνδράσι
3059 762 3516 838 μαλακιζομένοις
3553 764 3683 820 ἀπο-

2101 859 2291 929 λογία,
2317 860 2403 925 τίς
2423 859 2481 913 δὲ
2513 857 2810 931 συγγνώμη
2826 900 2841 924 ,
2866 851 2995 913 ὅταν
3018 859 3274 928 γυναῖκες
3299 857 3680 930 ἀνδρίζωνταις

2096 953 2226 1008 ὅταν
2246 951 2391 1007 οὕτω
2413 951 2676 1021 γενναίως
2704 942 2841 1023 πρὸς
2868 951 2995 1014 τούς
3020 949 3121 1020 τῆς
3151 948 3431 1014 εὐσεϐείας
3460 948 3681 1014 ἀγῶνας

2096 1042 2475 1111 ἀποδύωνταις
2506 1041 2643 1097 Οὔτε
2663 1042 2773 1113 γάρ
2793 1041 2978 1111 φύσις,
3007 1038 3136 1095 οὐτε
3156 1039 3364 1111 ἡλικία,
3398 1038 3524 1094 οὐτε
3552 1038 3683 1095 ἀλλο

2096 1135 2250 1189 οὐδὲν
2308 1133 2597 1205 ἐμποδίσαι
2621 1132 2824 1186 δύναιτ’
2878 1130 2965 1196 ἂν,
3016 1132 3144 1186 ὅταν
3188 1129 3469 1203 προθυμία
3507 1133 3681 1203 παρῇ,

2100 1224 2195 1280 καὶ
2223 1222 2408 1295 ζῆλος,
2430 1222 2526 1277 καὶ
2552 1221 2925 1295 πεπυρωμένη
2968 1222 3152 1285 πίστις
3170 1238 3185 1252 ⁸
3230 1220 3327 1275 καὶ
3354 1221 3445 1276 διὰ
3479 1220 3685 1276 τούτων

2100 1317 2361 1373 ἁπάντων
2402 1315 2503 1387 τὴν
2539 1314 2634 1369 τοῦ
2675 1313 2810 1368 Θεοῦ
2855 1314 3016 1386 χάριν
3055 1313 3515 1385 ἐπισπασώμεθα,
3550 1312 3579 1367 δ
3620 1314 3687 1385 δὴ

2104 1406 2199 1462 καὶ
2234 1407 2327 1461 ἐπὶ
2360 1405 2463 1477 τῆς
2495 1405 2768 1477 μακαρίας
2798 1405 3001 1477 ταύτης
3028 1390 3242 1475 γέγονε.
3263 1407 3376 1460 Καὶ
3402 1407 3511 1478 γὰρ
3534 1405 3693 1460 ἀσθε-

2101 1496 2191 1564 νὲς
2220 1492 2289 1569 ἦν
2336 1497 2474 1568 αὐτῇ
2506 1495 2567 1550 τὸ
2593 1495 2805 1568 ισῶμα,
2838 1495 2933 1549 καὶ
2985 1496 3389 1569 εὐεπηρέαστος
3429 1497 3464 1568 ἡ
3504 1495 3689 1566 φύσις,

2103 1593 2197 1645 καὶ
2226 1588 2562 1660 ἀτελεστέρα
2603 1590 2637 1660 ή
2667 1587 2882 1660 ἡλικία,
2925 1587 3061 1642 ἀλλά
3109 1588 3328 1642 πάντων
3354 1588 3562 1644 τούτων
3590 1590 3691 1662 τὴν

2102 1685 2390 1741 ἀσθένειαν
2440 1682 2749 1736 ἐπελθοῦσα
2794 1684 2828 1752 ἡ
2883 1682 3045 1754 χάρις
3088 1681 3447 1753 ἀπέκρυψεν,
3502 1682 3693 1755 ἐπειδὴ

2103 1778 2414 1850 προθυμίαν
2446 1767 2604 1849 εὗρεν
2631 1775 2776 1846 αῦτη
2801 1774 3082 1844 γενναίαν,
3114 1776 3210 1829 καὶ
3233 1776 3415 1829 πίστιν
3444 1774 3694 1848 ἀδιάκριο

2103 1888 2216 1934 τον,
2251 1871 2346 1924 καὶ
2377 1869 2557 1941 ψυχὴν
2591 1868 2728 1941 πρὸς
2756 1866 3038 1932 κινδύνους
3069 1868 3621 1941 παρεσκευασμένην.

2174 1964 2239 2018 δ’.
2262 1963 2338 2016 Οὐ
2366 1963 2478 2034 γάρ
2506 1961 2810 2029 ὲστιν,.οὐκ
2836 1961 2984 2015 ἔστιν
3015 1961 3171 2015 οὐδὲν
3200 1961 3572 2035 δυνατώτερον
3597 1961 3695 2017 τοῦ

2110 2055 2250 2129 μετά
2278 2054 2518 2125 σπουδῆς
2545 2054 2749 2125 πολλῆς
2769 2053 2861 2108 τὸν
2893 2052 3059 2123 φόϐον
3079 2053 3175 2107 τοῦ
3205 2054 3339 2108 Θεοῦ
3364 2054 3581 2127 ἔχοντος
3605 2056 3699 2129 ὲῤ-

2111 2145 2437 2220 ῥιζωμένον,
2472 2143 2612 2199 ἀλλά
2640 2146 2743 2200 κᾶν
2781 2144 2913 2214 πῦρ,
2944 2142 3048 2197 κᾶν
3086 2144 3335 2217 σίδηρος,
3370 2144 3475 2199 κᾶν
3510 2143 3695 2217 θηρία,

2110 2236 2212 2293 κᾶν
2235 2238 2414 2293 ὁτιοῦν
2444 2238 2631 2310 ἕτερον
2669 2237 2985 2309 ἀπειλῆται,
3025 2238 3244 2293 πάντων
3280 2238 3524 2309 ὑπερορᾷ
3560 2234 3700 2307 μετά

2111 2330 2319 2401 πολλῆς
2362 2331 2464 2403 τῆς
2512 2328 2786 2398 εὐκολίας,
2822 2330 3078 2403 καθάπερ
3110 2328 3203 2386 οὖν
3233 2312 3330 2385 καὶ
3371 2331 3405 2400 ἠ
3451 2328 3701 2401 μακαρία

2113 2422 2252 2496 α’ύτη
2274 2423 2489 2495 Δροσίς.
2524 2422 2744 2495 Ἐπειδὴ
2773 2421 2883 2494 γάρ
2904 2417 3011 2495 ἧψε
3032 2422 3133 2492 τὴν
3159 2422 3337 2493 πυρὰν
3359 2423 3388 2475 ό
3412 2420 3697 2492 τύραννος·

2112 2514 2235 2568 οὐδὲ
2262 2512 2372 2583 γὰρ
2406 2511 2499 2565 ἐπὶ⁵
2533 2510 2809 2585 βάραθρον
2852 2512 3020 2584 αὐτὴν
3050 2513 3281 2583 ἤγαγεν,
3316 2510 3438 2563 οὐδὲ
3474 2509 3571 2579 τὴν
3604 2524 3703 2560 κε-

2114 2605 2291 2676 φαλὴν
2315 2604 2626 2675 ἀπέτεμεν,
2657 2603 2749 2658 ἴνα
2780 2604 2855 2675 μὴ
2884 2603 2945 2657 τὸ
2990 2602 3257 2675 σύντομον
3294 2603 3397 2673 τῆς
3434 2598 3704 2672 τιμωρίας

2115 2695 2483 2769 εὐκολώτερον
2514 2697 2653 2768 αὐτῇ
2701 2696 2905 2769 ποιήσῃ
2942 2695 3034 2749 τδν
3074 2692 3258 2760 ἆθλον,
3306 2694 3442 2749 ἀλλά
3473 2694 3534 2747 τὸ
3569 2695 3704 2765 φρό-

2113 2806 2265 2861 νημα
2304 2788 2476 2861 αὐτῆς
2502 2787 2851 2859 καταπλῆξαι
2887 2787 3246 2860 βουλόμενος,
3277 2790 3371 2842 καὶ
3410 2789 3509 2861 τὴν
3549 2791 3708 2847 ἀδού-

2115 2879 2287 2934 λωτον
2319 2879 2502 2952 ψυχὴν
2553 2876 2929 2951 χειρώσασθαι
2962 2881 3029 2951 τῇ
3071 2879 3174 2950 τῆς
3211 2882 3392 2951 πυρᾶς
3439 2880 3581 2951 ὄψει,
3625 2879 3709 2943 εὶς

2117 2971 2289 3045 μέσον
2333 2972 2538 3044 ταύτην
2590 2972 2878 3027 ἐνέϐαλεν
2923 2971 3111 3044 ἐπειδὴ
3156 2972 3338 3027 τοίνυν
3378 2973 3477 3044 τὴν
3527 2972 3710 3047 πυρὰν

2117 3066 2314 3139 ἀνῆψε,
2344 3066 2439 3120 καὶ
2465 3068 2498 3137 ή
2530 3064 2760 3137 κάμινος
2788 3064 3095 3128 ἀνεκαίετο,
3120 3065 3215 3117 καὶ
3250 3064 3387 3135 πρὸς
3421 3064 3554 3135 ὕψος
3578 3066 3709 3139 ᾔρε-

2117 3175 2180 3212 το
2227 3156 2408 3229 μέγα,
2454 3156 2629 3210 ταῦτα
2683 3155 2957 3227 βλέπουσα
2999 3158 3032 3227 ἡ
3082 3157 3329 3229 μακαρία
3360 3157 3572 3229 μάρτυς
3610 3159 3710 3214 ἀν-

2118 3252 2321 3322 ήπτετο
2343 3249 2439 3303 καὶ¹
2465 3247 2605 3321 αὐτὴ
2626 3250 2693 3320 τῇ
2715 3246 3013 3320 προθυμίᾳ,
3031 3249 3125 3302 καὶ
3151 3249 3333 3314 ἀνέζει
3358 3249 3434 3321 τῷ
3455 3251 3589 3323 πυρὶ
3616 3251 3710 3305 τοῦ

2119 3341 2360 3414 Χριστοῦ
2386 3338 2577 3403 πόθου,
2600 3340 2709 3393 τῶν
2734 3339 2901 3410 τριῶν
2927 3340 3338 3412 ἀναμνησθεῖσα
3365 3342 3593 3405 παίδων,
3617 3344 3713 3398 καὶ

2120 3433 2456 3505 λογισαμένη
2496 3432 2633 3505 πρὸς
2678 3431 2915 3502 ἑαυτὴν,
2958 3432 3041 3485 ὅτι
3076 3434 3324 3485 κοινωνεῖ
3370 3432 3484 3495 τοῖς
3529 3432 3714 3496 ἄθλοις

2123 3526 2375 3591 ἐκείνοις,
2416 3525 2512 3579 καὶ
2540 3524 2667 3590 τοὺς
2694 3523 2893 3586 αὐτοὺς
2930 3522 3253 3594 ἐπιφέρεται
3283 3525 3582 3595 στεφάνους
3610 3524 3712 3579 αύ-

2123 3619 2256 3681 τοῖς.
2281 3616 2395 3670 Καὶ
2422 3614 2676 3686 καθάπερ
2702 3615 2753 3667 οί
2778 3614 3080 3686 μεμηνότες
3109 3612 3261 3667 οὐδὲν
3283 3612 3392 3668 τῶν
3420 3614 3714 3686 ὁρωμένων

2127 3707 2419 3780 βλέπουσιν
2463 3705 2539 3770 ὡς
2587 3705 2770 3769 ἐστιν,
2829 3703 2968 3759 ἀλλά
3019 3703 3124 3759 κᾶν
3176 3702 3329 3774 ξίφος
3375 3706 3716 3780 ἠκονημένον

2127 3800 2302 3864 ῐδωσι,
2343 3795 2673 3853 κυϐιστῶσιν
2715 3795 2989 3863 εὐκόλως,
3036 3794 3140 3853 κᾶν
3169 3795 3369 3867 πυράν,
3399 3794 3503 3851 κάν
3546 3796 3717 3871 βάρα-

2129 3890 2280 3964 θρον,
2310 3890 2417 3944 κᾶν
2450 3889 2716 3962 κρημνὸν,
2750 3886 2855 3943 κᾶν
2884 3888 3141 3958 πέλαγος,
3173 3885 3279 3943 κάν
3303 3888 3481 3943 ὁτιοῦν
3507 3890 3714 3963 ἕτερον.

2128 3981 2301 4054 ἀδεῶς
2337 3981 2482 4037 κατὰ
2524 3981 2744 4035 πάντων
2789 3980 3018 4044 ἑαυτοὺς
3055 3978 3314 4051 ἀφιᾶσιν·
3346 3979 3491 4035 οὕτω
3520 3982 3584 4054 δὴ
3624 3983 3719 4037 καὶ

2130 4052 2273 4146 ἀῦτη
2304 4077 2537 4147 μανεϊσα
2568 4073 2768 4146 μανίαν
2790 4073 2911 4143 οὐχὶ
2928 4070 3208 4145 τοιαύτην,
3235 4072 3312 4145 μὴ
3338 4052 3582 4143 γένοιτοί
3604 4073 3718 4128 ἀλλ’

2133 4168 2326 4239 ἑτέραν
2367 4167 2553 4237 πάσης
2588 4163 2944 4236 σωφροσύνης
2977 4165 3331 4237 σεμνοτέραν,
3368 4164 3463 4220 καὶ
3510 4165 3589 4237 τῷ
3624 4165 3719 4219 τοῦ

2134 4259 2374 4333 Χριστοῦ
2412 4259 2647 4331 βαφεῖσα
2687 4258 2841 4330 πόθῳ
2868 4258 3023 4312 οὐδὲν
3052 4258 3161 4313 τῶν
3204 4257 3503 4332 ὁρωμένων
3547 4257 3715 4330 ἐώρα,

2135 4353 2271 4408 ἀλλά
2299 4350 2437 4425 πρὸς
2464 4351 2558 4405 τὸν
2585 4350 2814 4423 οὐρανὸν
2844 4349 3262 4427 μεταταξαμένη
3293 4351 3387 4406 καὶ
3413 4351 3512 4423 τὴν
3540 4350 3719 4423 ψυχὴν

2136 4444 2253 4497 ἐκεῖ
2293 4441 2588 4515 μεταθεῖσα
2614 4441 2832 4495 πάντων
2862 4441 3133 4511 κατεγέλα
3156 4442 3264 4496 τῶν
3292 4441 3501 4506 δεινῶν,
3536 4442 3631 4495 καὶ
3659 4443 3721 4496 τὺ

2137 4534 2249 4607 πῦρ
2281 4534 2401 4605 οὐχὶ
2436 4533 2568 4604 πῦρ,
2608 4533 2744 4586 ἀλλά
2769 4518 2957 4604 δρόσον
2991 4529 3129 4586 εἶναι
3159 4529 3399 4602 ἐνόμιζε.
3436 4532 3536 4586 Διά
3562 4530 3721 4586 τοῦτο

2137 4626 2248 4694 ἐγὼ
2275 4623 2373 4694 τὴν
2407 4623 2583 4693 πυράν
2612 4621 2849 4691 ἐκείνην,
2882 4622 2976 4675 καὶ
3015 4620 3196 4693 πηγὴν
3225 4621 3432 4677 ὑδάτων
3464 4622 3720 4694 καθαρω-

2136 4714 2327 4785 τάτην,
2353 4713 2449 4766 κει.)⁵
2489 4712 2667 4782 βαφήν
2694 4728 2816 4765 τινα
2855 4710 3190 4782 θαυμασίαν,
3224 4712 3319 4765 καὶ
3354 4714 3723 4786 χωνευτήριον

2139 4804 2307 4860 καλῶ.
2337 4803 2448 4857 Καὶ
2474 4802 2581 4874 γὰρ
2603 4801 2857 4872 καθάπερ
2877 4802 2933 4853 ὲν
2956 4800 3306 4874 χωνευτηρίῳ
3326 4802 3552 4874 χρυσὸς,
3576 4802 3722 4857 οὕτω

2139 4895 2235 4950 καὶ
2280 4893 2384 4966 τῆς
2430 4893 2707 4967 μακαρίας
2751 4891 2966 4961 ἐκείνης
3004 4893 3038 4963 ἠ
3069 4891 3216 4962 ψυχὴ
3288 4892 3379 4948 διά
3408 4893 3509 4965 τῆς
3542 4896 3723 4967 πυρᾶς

2138 4987 2344 5058 ταύτης
2373 4985 2736 5058 καθαρωτέρα
2775 4984 3003 5054 ἐγίνετο.
3052 4986 3435 5056 Κατετήκοντο
3475 4986 3575 5058 μὲν
3612 4987 3723 5059 γὰρ

2143 5079 2366 5152 σάρκες,
2391 5079 2485 5132 καὶ
2507 5080 2639 5132 όστᾶ
2661 5077 3046 5150 συνεφρύγετο,
3074 5080 3170 5134 καὶ
3192 5079 3513 5135 κατεκαίετο
3533 5079 3722 5152 νεῦρα.

2142 5169 2239 5225 καὶ
2266 5173 2294 5223 ό
2324 5166 2418 5223 τοῦ
2454 5168 2704 5238 σώματος
2749 5166 2883 5238 ἰχὼρ
2919 5168 3251 5239 πανταχόθεν
3295 5170 3583 5242 κατέρρειο
3617 5170 3717 5239 τῆς

2142 5263 2317 5334 ψυχῆς
2347 5260 2466 5331 δέή
2507 5259 2688 5324 πίστις
2724 5259 3058 5333 στερροτέρα
3104 5260 3199 5314 καὶ
3240 5260 3565 5333 φαιδροτέρα
3605 5261 3723 5330 ἐγίυ

2144 5374 2286 5411 νετο.
2322 5356 2580 5410 Κάκεῖνοι
2632 5353 2730 5425 μὲν
2771 5352 2941 5407 ταῦτα
2981 5354 3213 5425 ὁρῶντες
3248 5352 3501 5424 ἐνόμιζον
3554 5355 3727 5429 αὐτὴν

2146 5446 2499 5514 ἀπόλλυσθαι,
2532 5444 2670 5527 αὐτὴ
2691 5445 2747 5499 δὲ
2776 5444 3159 5516 ἐξεκαθαίρετο
3182 5445 3402 5517 μᾶλλον,
3428 5446 3524 5500 καὶ
3556 5447 3728 5501 καθά·

2147 5557 2253 5613 περ
2295 5539 2358 5592 τὸ
2397 5537 2618 5611 χρυσίον
2663 5539 2692 5590 ό
2737 5537 2835 5608 μὲν
2871 5535 3084 5607 ἰδιώτης
3114 5535 3286 5601 ἑστὼς
3333 5540 3429 5592 καὶ
3460 5538 3604 5611 όρῶν
3631 5558 3729 5611 τη-

2147 5632 2377 5703 κόμενον
2404 5630 2498 5684 καὶ
2525 5629 2826 5700 καταρρέον
2856 5629 2947 5683 καὶ
2970 5628 3408 5701 ἀναμιγνύμενον
3430 5633 3496 5704 τῇ
3522 5633 3719 5706 τέφρᾳ,

2154 5721 2488 5779 ἀπολωλέναι
2543 5720 2637 5775 καὶ
2686 5719 3006 5792 διεφθάρθαι
3038 5721 3269 5793 νομίζει,
3299 5725 3328 5777 ό
3368 5723 3425 5777 δὲ
3478 5722 3730 5797 τεχνίτης

2150 5816 2245 5870 καὶ
2299 5813 2543 5887 ἀκριϐῶς
2597 5810 2769 5868 ταῦτα
2823 5811 3183 5886 ἐπιστάμενος
3244 5811 3383 5870 οἶδεν
3432 5816 3514 5869 ὅτι
3558 5816 3729 5886 ταύτῃ

3366 5922 3441 5983 18
