4088 6440
438 399 543 456 689

432 509 818 585 καθαρώτερον
852 511 1077 583 γίνεται,
1115 515 1208 569 καὶ
1250 508 1397 587 μετά
1433 514 1677 588 πύρωσιν
1712 513 1846 569 αὐτὸ
1883 513 2014 567 πάν-

1096 396 1154 451 S.
1193 395 1479 463 JOANNIS
1517 393 2007 451 CHRYSOSTOMI
2048 393 2375 453 ARCIIIEP.
2416 398 2968 458 CONSTAFTINOP.

3588 405 3702 461 650

2123 514 2399 583 Αἰγύπτου
2435 516 2768 591 μετεφέρετο
2797 519 2875 581 εἰς
2905 516 3304 589 Παλαιστίνην;
3333 517 3389 571 ἐν
3419 517 3528 590 γάρ
3556 537 3705 593 μαρ-

433 603 590 658 τοθεν
629 603 780 679 [694]
808 605 1024 677 ἀνασπᾷ
1052 606 1303 679 λαμπρὸν
1328 608 1618 677 συλλέγων·
1646 606 1787 661 οῦτω
1812 605 1878 679 δὴ
1923 606 2018 660 καὶ
2121 607 2300 678 τύρων
2333 608 2524 682 μνήμῃ
2542 608 2610 662 τά
2635 607 2862 662 τοιαῦτα
2887 608 3125 681 μάλιστα
3154 609 3429 676 ἐξετάζειν
3459 612 3699 684 ἀνάγκη.

435 694 523 746 ἐπ’
568 693 785 765 ἐκείνης
834 695 885 747 οἱ
938 695 1038 767 μὲν
1082 695 1298 750 ἀπιστοι
1355 696 1667 768 τηκομένην
1698 695 1870 766 αὐτῆς
1916 694 2014 767 τὴν

437 785 617 858 σάρκα
644 772 877 858 ὁρῶντες
920 788 1015 842 καὶ
1041 788 1475 860 καταρρέουσαν,
1517 787 1764 861 ἐνόμιζον
1809 788 2014 861 τέφραν

435 876 678 946 γίνεσθαι
702 878 796 932 καί
825 878 995 943 κόνιν,
1022 881 1070 932 οἰ
1099 879 1156 933 δέ
1181 880 1363 934 πιστοὶ
1390 880 1597 951 σφόδρα
1621 878 1865 952 ἀκριϐῶς
1893 878 2015 950 ᾔδεα

436 987 554 1037 σαν,
588 971 671 1025 ὅτι
717 971 999 1043 τηκομένη
1050 972 1230 1027 πᾶσαν
1281 972 1599 1026 ἀποτίθεται
1646 971 1872 1043 κηλῖδα,
1919 970 2013 1025 καὶ

434 1064 790 1139 λαμπροτέρα
822 1065 1023 1120 ἄνεισιν
1067 1064 1377 1138 ἀφθαρσίαν
1412 1066 1779 1121 ἀπολαϐοῦσα.
1817 1067 1928 1121 Καὶ
1954 1067 2011 1119 ἐν

433 1158 568 1230 αὐτῇ
596 1160 660 1230 τῃ
692 1159 873 1231 πυρᾷ,
907 1158 1011 1230 πρὸ
1038 1159 1138 1228 τῆς
1174 1159 1545 1222 ἀναστάσεως,
1577 1160 1676 1229 οὐχ
1701 1157 1778 1221 ὡς
1819 1158 2010 1229 ἔτυχεν

433 1252 653 1323 ἐκράτει
684 1251 791 1305 τῶν
825 1251 1216 1322 ἀντικειμένων
1241 1251 1521 1324 δυνάμεων
1539 1268 1553 1282 ·
1582 1252 1638 1305 αἱ
1665 1252 1774 1323 γάρ
1808 1251 2008 1321 σάρκες

432 1344 673 1398 λυθεῖσαι
711 1343 790 1415 τῷ
844 1346 999 1417 πυρὶ,
1054 1345 1147 1399 καὶ
1204 1344 1375 1414 ψόφον
1422 1344 1817 1411 ἀποτελοῦσαι,
1872 1345 2009 1416 μετά

430 1433 629 1505 πολλῆς
661 1434 831 1497 αὐτὰς
874 1434 974 1504 τῆς
1002 1433 1319 1505 περιουσίας
1346 1432 1655 1505 ἐτρέποντο.
1701 1435 1810 1488 Καὶ
1840 1434 2009 1491 καθά-

429 1543 535 1597 περ
604 1525 939 1597 στρατιώτης
1004 1527 1252 1593 γενναῖος
1333 1523 1473 1578 ὅπλα
1536 1524 1712 1594 χαλκᾶ
1765 1524 2007 1596 περιθεὶς

428 1618 628 1693 ἐαυτῷ,
653 1618 750 1673 καὶ
774 1617 924 1688 αὐτῷ
952 1616 1033 1688 τῷ
1063 1616 1222 1687 ψόφῳ
1252 1617 1360 1670 τῶν
1397 1616 1577 1670 ὃπλων
1614 1616 1737 1681 τοὺς
1768 1616 2004 1670 δειλοτέ-

430 1728 557 1783 ρους
583 1709 948 1781 καταπλήττει
977 1708 1087 1761 τῶν
1119 1709 1456 1763 ἀντιπάλων·
1488 1708 1630 1764 οὕτω
1657 1708 1720 1779 δὴ
1759 1708 1854 1761 καὶ
1886 1709 2005 1761 τότε

370 1816 381 1828 ⁸
428 1805 463 1873 ἡ
500 1802 746 1875 μακαρία
772 1802 966 1873 Δροσὶς
1000 1801 1076 1872 τῷ
1102 1800 1259 1872 ψόφῳ
1283 1800 1379 1855 τοῦ
1418 1800 1688 1873 δέρματος
1716 1800 1816 1865 τὰς
1852 1801 2007 1856 δυνά-

432 1912 553 1967 μεις
580 1895 795 1958 ἐκείνας
820 1893 1140 1964 ἐφυγάδευε,
1172 1893 1267 1947 καὶ
1299 1894 1359 1946 ού
1392 1893 1566 1964 τούτῳ
1599 1894 1743 1965 μόνῳ
1769 1892 1847 1964 τῷ
1876 1894 2004 1965 τρό-

430 2006 537 2061 πῳ.
599 1987 736 2042 ἀλλά
789 1985 884 2040 καὶ
929 1985 1101 2057 ἐτέρῳ
1140 1984 1302 2039 πάλιν
1358 1984 1458 2038 οὐκ
1504 1985 1743 2039 ἐλάττονι
1788 1984 2001 2039 τούτου.

441 2077 610 2151 Ὀμοῦ
637 2096 695 2131 τε
724 2077 833 2150 γάρ
861 2077 1113 2131 ἐπέϐαινε
1139 2076 1239 2149 τῆς
1264 2079 1463 2149 πυρᾶς,
1493 2079 1586 2131 καὶ
1616 2078 1823 2141 καπνὸς
1851 2077 2005 2131 ἀνελο

429 2172 538 2224 θὼν
563 2173 642 2235 εἰς
671 2169 804 2240 ὕψος
832 2171 923 2224 καὶ
952 2168 1044 2224 τὸν
1067 2170 1204 2241 ἀέρα
1229 2167 1537 2242 κατασχὼν,
1560 2169 1685 2232 τοὺς
1707 2167 1846 2220 κατά
1868 2167 2005 2239 ἀέρα

427 2266 686 2337 δαίμονας
711 2263 1040 2335 πετομένους
1072 2262 1371 2331 ἀπέπνιγεν
1405 2262 1672 2324 ἅπαντας,
1704 2260 1795 2313 τὸν
1824 2259 2005 2313 διάδο-

424 2359 516 2413 λον
547 2357 877 2429 ἀπήλαυνεν,
907 2355 1071 2411 αὐτοῦ
1103 2354 1198 2409 τοῦ
1228 2354 1390 2426 ἀέρος
1429 2354 1527 2425 τὴν
1559 2353 1721 2425 φύσιν
1748 2352 2005 2423 ἀπέσμη-

426 2469 539 2523 χεν.
586 2449 804 2523 Ἐπειδὴ
832 2448 940 2522 γάρ
971 2447 1260 2520 ἐμολύνετο
1288 2445 1481 2517 καπνῷ
1506 2445 1584 2517 τῷ
1612 2445 1719 2500 τῶν
1748 2443 2002 2509 είδώλων,

424 2546 683 2616 δάντανίη
707 2543 913 2605 καπνὸς
940 2541 1127 2611 ἐτερος
1163 2540 1262 2611 τὴν
1290 2539 1348 2606 ἐξ
1377 2540 1602 2594 ἐκείνων
1648 2537 2005 2610 ἐγγινομένην

425 2636 574 2709 αὐτῷ
598 2637 790 2709 κηλῖδα
818 2636 1114 2705 καθαίρων.
1142 2636 1252 2689 Καὶ¹
1282 2636 1316 2706 ἡ
1346 2634 1532 2704 πηγῆς
1560 2632 1618 2685 δὲ
1645 2631 1807 2686 εἰκὼν
1832 2632 2008 2704 ἀρμόσ

426 2748 570 2784 σειεν
597 2729 664 2783 ἂν
690 2729 876 2799 ἐκείνῃ
908 2730 975 2799 τῇ
1006 2728 1175 2799 πυρᾷ.
1208 2725 1479 2797 Καθάπερ
1512 2722 1620 2795 γάρ
1659 2724 1719 2776 ἐν
1750 2725 1817 2795 τῇ
1854 2725 2002 2793 πηγῇ

428 2824 641 2895 ἱμάτιον
666 2821 1070 2890 άποδυσαμένη,
1097 2818 1192 2873 καὶ
1220 2818 1281 2871 τὸ
1313 2817 1479 2889 σῶματ
1501 2815 1885 2888 φαιδρύνουσα,
1907 2814 2003 2869 οῦ-

423 2933 532 2979 τως
573 2916 631 2968 ἐν
664 2913 845 2984 ἐκείνῃ
879 2914 946 2983 τῇ
974 2911 1133 2980 φλογί⁸
1156 2909 1252 2982 τὴν
1290 2909 1469 2981 σάρκα
1506 2910 1605 2980 τὴν
1647 2908 1845 2978 ἑαυτῆς
1876 2909 2003 2980 ίμαο

424 3007 541 3060 τίου
576 3004 776 3067 παντὸς
808 3000 1172 3072 εὐκολώτερον
1211 2997 1522 3070 ἀποθεμένη
1556 2998 1648 3052 καὶ
1689 2997 1790 3069 τὴν
1827 2996 2005 3068 ψυχὴν

423 3096 839 3170 λαμπρύνουσα,
869 3092 1004 3166 πρὸς
1030 3092 1121 3146 τὸν
1153 3091 1385 3163 νυμφίον
1407 3089 1667 3161 ἡπείγετο
1689 3090 2004 3162 δᾳδουχούν-

426 3208 531 3245 των
560 3188 808 3259 ἀγγέλων
838 3187 1027 3257 αὐτήν.
1057 3185 1123 3239 Εἰ
1150 3184 1257 3254 γάρ
1280 3183 1371 3236 τὸν
1399 3182 1650 3255 Λάζαρον
1680 3183 1887 3237 ἐκεῖνον
1912 3183 2003 3236 τὸν

426 3280 739 3352 ἡλκωμένον
763 3277 982 3347 ἄγγελοι
1015 3275 1151 3348 πρὸς
1174 3274 1301 3338 τοὺς
1329 3260 1563 3339 κόλπους
1591 3275 1878 3358 ἀπήγαγον
1908 3273 2002 3327 τοῦ

437 3371 685 3443 Ἀϐραάμ
706 3411 720 3433 ,
752 3367 932 3440 πολλῷ
972 3366 1170 3439 μᾶλλον
1202 3365 1406 3436 ταύτην
1439 3364 1860 3436 δορυφοροῦντες
1895 3366 2003 3419 ἀπ-

424 3463 590 3537 ῄεσαν
621 3463 868 3534 καθάπερ
896 3460 959 3516 ἐκ
991 3476 1135 3524 τινος
1158 3460 1308 3530 ἱερᾶς
1332 3444 1602 3521 παστάδος
1620 3458 1712 3511 καὶ
1733 3455 2000 3529 νυμφικοῦ

426 3555 668 3627 θαλάμου
696 3554 797 3625 τῆς
824 3553 1056 3625 καμίνου
1090 3549 1504 3623 παραλαόόντες
1525 3549 1718 3621 αὐτὴν,
1744 3551 1838 3603 καὶ
1866 3550 2003 3619 πρὸς

420 3648 514 3702 τδν
541 3647 657 3700 ἀνω
678 3644 943 3717 νυμφῶνα
964 3643 1277 3712 ἀνάγοντες.
1303 3641 1460 3703 Τίνος
1482 3640 1540 3694 δέ
1571 3640 1755 3694 ἐνεκεν
1783 3640 1876 3694 καὶ
1907 3639 2003 3712 βα-

426 3739 532 3810 φὴν
563 3735 776 3808 ἐκείνην
818 3734 1055 3789 ἐκάλεσα
1086 3732 1185 3805 τὴν
1233 3733 1445 3804 πυράν;
1490 3733 1614 3785 Ὀτι
1654 3730 1907 3802 καθάπερ
1944 3732 2002 3785 ἐν

426 3831 573 3901 βαφῇ
622 3846 729 3882 τινι
784 3827 1070 3899 θαυμαστῇ
1121 3825 1378 3897 πορφύρα
1430 3824 1697 3896 γενομένη
1750 3823 2002 3897 βασιλικὴ

426 3920 563 3990 πρὸς
585 3920 674 3974 τὸν
698 3914 809 3978 ἀνω
832 3916 1055 3990 βασιλέα
1080 3916 1380 3989 ἐπέμπετο,
1402 3917 1495 3971 καὶ
1519 3917 1657 3988 μετὰ
1683 3915 1885 3987 πολλῆς
1905 3920 2003 3986 τῆς

426 4010 741 4091 παρρησίας
785 4008 894 4064 τῶν
940 4008 1204 4080 οὐρανίων
1244 4006 1448 4078 ἀψίδων
1489 4008 1794 4075 ἐπέϐαινεν,
1836 4007 2002 4062 αὑτοῦ

423 4102 519 4157 τοῦ
549 4098 786 4175 Χριστοῦ
826 4099 1043 4171 ἀοράτῳ
1080 4098 1225 4170 χειρί
1253 4100 1352 4175 τὴν
1374 4097 1557 4168 ιάγίαν
1581 4099 1681 4170 τῆς
1726 4099 2002 4171 μάρτυρος

425 4190 747 4262 κατέχοντος
782 4186 1058 4259 κεφαλὴν,
1098 4187 1195 4241 καὶ
1224 4185 1475 4260 καθάπερ
1519 4188 1578 4241 ἐν
1617 4186 1770 4242 ὕδατι
1811 4189 2003 4260 βαπτί-

425 4280 607 4355 ζοντος
638 4277 807 4350 αὐτὴν
848 4276 927 4348 τῷ
964 4276 1119 4355 πυρί.
1159 4276 1225 4330 Ὢ
1271 4275 1594 4348 θαυμαστῆς
1634 4278 1849 4349 πυρᾶςί
1893 4275 2003 4331 οἷον

423 4348 572 4443 εἶχεν
603 4348 1059 4441 ἐνδονήθησαυρδν
1086 4368 1188 4439 τὴν
1220 4367 1369 4422 κόνιν
1417 4368 1632 4441 ἐκείνην
1668 4348 1761 4424 καὶ
1784 4369 1882 4442 τὴν
1917 4370 2003 4424 τέ-

423 4483 569 4541 φραν
619 4463 821 4528 παντὸς
872 4463 1096 4543 χρυσίου
1142 4460 1505 4535 τιμιωτέραν,
1548 4462 1764 4515 πάντων
1817 4462 2003 4534 μύρων

424 4557 821 4630 εὐωδεστέραν,
877 4556 1095 4610 πάντων
1143 4552 1307 4606 λίθων
1358 4551 1792 4625 τιμαλφεστέραν
1822 4556 1835 4607 ἰ
1863 4554 2004 4608 Ὂσα

424 4649 532 4721 γάρ
558 4649 657 4704 οὐκ
696 4648 869 4720 ἰσχύει
903 4646 1132 4711 πλοῦτος
1160 4647 1254 4700 καὶ
1284 4647 1531 4719 χρυσίον,
1563 4645 1799 4700 τοσαῦτα
1832 4645 2003 4718 ἰσχύει

428 4740 723 4816 μαρτύρων
768 4740 1016 4813 λείψανα.
1070 4740 1308 4813 Χρυσίον
1356 4740 1455 4811 μὲν
1505 4739 1614 4811 γὰρ
1670 4739 1791 4794 οὕτε
1848 4740 2002 4794 νόσον

410 4830 675 4904 ⁸ἀπὴλασε
702 4832 922 4887 πώποτε
942 4874 957 4900 ,
988 4831 1114 4886 οὗτε
1145 4832 1374 4888 θάνατον
1404 4831 1758 4902 ἐφυγάδευσε,
1798 4832 2004 4904 μαρτύ-

428 4944 538 4999 ρων
561 4926 618 4981 δέ
643 4928 778 4980 ὀστᾶ
802 4927 1088 5000 ἀμφότερα
1113 4927 1286 4983 ταῦτα
1318 4926 1630 5001 είργάσατο,
1667 4926 1735 4980 τὰ
1779 4924 1874 4999 μέν
1913 4931 2003 4983 ἐπὶ

425 5019 534 5075 τῶν
563 5018 845 5092 προγόνων
879 5020 987 5074 τῶν
1021 5021 1340 5092 ἡμετέρων,
1370 5022 1438 5074 τὰ
1471 5018 1527 5071 δέ
1568 5018 1662 5072 καὶ
1705 5020 1787 5088 ἐφ’
1823 5019 1999 5091 ἡμῶν.

424 5111 535 5165 Καὶ
571 5108 746 5165 ταῦτα
777 5110 876 5180 οὐχ
911 5109 1070 5181 ἡμεῖς
1113 5112 1273 5182 μόνον
1295 5151 1313 5177 ,
1349 5109 1485 5166 ἀλλά
1520 5110 1614 5163 καί
1655 5112 1704 5165 οἱ
1751 5111 1859 5182 πρὸ
1905 5110 2003 5181 τῆς

426 5204 729 5278 παρουσίας
752 5201 847 5257 τοῦ
878 5202 1114 5274 Χριστοῦ
1142 5205 1424 5274 γενόμενοι
1451 5203 1648 5257 δίκαιοι
1682 5204 1821 5271 μετά
1846 5205 2002 5277 ἀκρι-

423 5296 575 5362 ϐείας
618 5298 763 5353 ἴσασι
798 5297 1128 5367 φιλοσοφεῖν,
1164 5297 1252 5350 ὅτε
1293 5298 1510 5351 πάντων
1549 5295 1873 5361 ἐξελθόντων
1907 5299 2003 5350 AE-

425 5390 656 5459 γύπτου,
686 5393 783 5445 καὶ
821 5390 931 5445 τῶν
962 5390 1060 5461 μὲν
1092 5389 1333 5461 χρυσίον,
1362 5389 1471 5442 τῶν
1500 5388 1556 5447 δὲ
1588 5389 1854 5461 ἀργύριο)
1887 5392 2008 5444 ἐπι-

427 5484 762 5553 φερομένων,
806 5487 834 5538 ὁ
872 5482 1083 5554 Μωσῆς
1132 5483 1254 5536 ἀντὶ
1295 5483 1529 5538 πλούτου
1563 5485 1763 5548 παντὸς
1800 5482 1868 5536 τά
1910 5484 2003 5536 τοῦ

440 5572 637 5641 Ίωσὴφ
682 5578 815 5630 ὀστᾶ
853 5576 1035 5635 λαϐὼν
1079 5575 1404 5647 ἐπεφέρετο,
1436 5575 1705 5649 θησαυρὸν
1752 5580 2005 5651 μέγιστον

424 5660 525 5715 καὶ
577 5664 783 5732 μυρίων
822 5664 1323 5735 γέμονταάγαθῷν
1375 5667 1494 5741 μεθ’
1529 5668 1720 5741 ἐαυτοῦ
1763 5668 2004 5743 κομίζων

427 5749 629 5805 οἶκαδε.
1978 5750 1983 5755 ’

503 5835 655 5909 ἱ695]
673 5841 734 5896 ε’.
765 5840 909 5896 Ἀλλ’
934 5839 1060 5909 ἴσως
1082 5845 1225 5902 εἴποι
1245 5866 1326 5915 τις
1350 5851 1433 5907 ἀν
1456 5853 1567 5907 Καὶ
1582 5850 1725 5917 τίνος
1746 5851 1931 5906 ἕνεκεν
1948 5851 2006 5919 ἐξ

2120 698 2232 752 Καὶ
2267 699 2376 770 γάρ
2416 699 2601 753 πολλοὶ
2630 699 2758 770 περὶ
2800 700 2978 771 ταφῆς
3016 699 3556 777 ἀκριϐολογούμενοι,
3601 705 3705 758 καὶ

2120 793 2232 854 τοῖς
2264 792 2634 863 προσήκουσιν
2667 793 3120 865 ἐπισκήπτοντες,
3148 794 3296 858 ὅπως
3326 796 3431 853 κᾶν
3459 797 3701 868 ἀλλαχοῦ

2116 882 2322 952 τύχωσι
2348 882 2767 954 τελευτήσαντες
2790 920 2807 950 ,
2835 883 2974 937 οίκοι
2992 882 3325 955 κομίσαντες
3353 886 3553 940 ἐκεῖνοι
3596 888 3704 942 αύ-

2116 975 2244 1039 τούς
2288 974 2677 1048 κατορύξωσιν,
2715 973 2841 1046 ,εἶτα
2888 977 2982 1030 ἐπὶ¹
3036 976 3373 1052 μικροψυχία
3407 977 3496 1032 διά
3538 978 3708 1033 τοῦτο

2119 1068 2247 1138 παρ’
2280 1067 2436 1139 ἡμῶν
2457 1067 2853 1138 σκωπτόμενοι,
2893 1066 3101 1140 ταύτην
3123 1069 3254 1140 ἡμῖν
3288 1068 3706 1140 προεϐάλλοντο

2115 1158 2213 1229 τὴν
2252 1158 2513 1230 ίστορίαν,
2539 1159 2633 1213 καὶ
2657 1158 2919 1228 λεγόντων
2950 1158 3106 1229 ἡμῶν
3122 1160 3204 1213 ὅτι
3221 1158 3374 1213 οὐδὲν
3399 1158 3677 1232 διαφέρει,

2115 1249 2181 1303 ἀν
2200 1267 2259 1303 τε
2282 1251 2419 1305 οῐκοι
2444 1267 2546 1315 τις,
2572 1249 2637 1304 άν
2663 1267 2724 1303 τε
2750 1250 2845 1303 ἐπὶ
2869 1250 2971 1320 τῆς
2991 1249 3286 1322 ἀλλοτρίας
3310 1250 3457 1325 τύχῃ
3480 1253 3686 1323 ταφῆς,

2114 1340 2299 1410 έλεγον
2316 1358 2330 1371 ·
2364 1340 2573 1396 Οὐκοῦν
2602 1340 2749 1405 τίνος
2781 1340 2989 1404 ἕνεκεν,
3010 1343 3072 1425 ,εἰ
3100 1341 3266 1413 μηδὲν
3295 1342 3560 1414 διαφέρει,
3585 1342 3705 1397 ἀπὸ

2113 1434 2211 1506 τῆς
2253 1432 2532 1502 Αἰγύπτου
2563 1432 2632 1488 τὰ
2673 1432 2809 1488 ὀστᾶ
2856 1430 3037 1487 λαϐὼν
3080 1433 3177 1489 τοῦ
3222 1433 3419 1505 Ἰωσὴφ
3464 1435 3546 1498 εἰς
3591 1435 3707 1500 τὴν

2114 1525 2472 1597 Παλαιστίνην
2496 1525 2754 1595 ἐκόμισεν
2776 1526 2805 1578 6
2830 1525 3071 1595 Μωσῆς;
3109 1524 3252 1595 Ἐγὼ
3276 1524 3335 1579 δέ
3370 1526 3466 1580 καὶ
3498 1527 3691 1596 μεῖζον

2112 1612 2245 1687 ἐρῶ.
2273 1618 2356 1671 ὅτι
2387 1618 2448 1670 ού
2482 1618 2641 1688 μόνον
2671 1619 2701 1670 6
2726 1616 2934 1689 Μωσῆς
2978 1616 3194 1685 ἔλασεν,
3225 1614 3342 1671 ἀλλ’
3383 1617 3465 1671 ὅτι
3494 1617 3703 1672 κάκεῖ-

2111 1722 2199 1769 νος
2240 1704 2507 1761 τελευτῶν
2549 1704 2871 1762 ἐνετείλατο.
2918 1705 2994 1759 Τδ
3048 1704 3160 1777 γάρ
3194 1705 3262 1776 δὴ
3305 1704 3490 1776 μεῖξον
3536 1705 3705 1759 τοῦτό

2110 1797 2259 1850 ἐστιν
2282 1812 2297 1829 ο
2344 1795 2673 1866 Ἐπισχοπῇ
2709 1796 2849 1867 γάρ,
2886 1798 3074 1868 φησὶν,
3103 1796 3431 1866 ἐπεσκέψω
3466 1796 3621 1867 ὑμᾶς
3660 1801 3705 1853 ὁ

2113 1887 2279 1954 Θεὸς,
2314 1887 2413 1942 καὶ
2444 1889 2719 1945 άνοίσετε
2749 1888 2824 1942 τὰ
2847 1886 2998 1942 ὀστᾶ
3021 1904 3165 1957 μου.
3206 1887 3363 1952 Τίνος
3385 1884 3480 1942 οῦν
3503 1889 3705 1943 ἕνεκεν

2112 1980 2363 2043 κάκεῖνος
2401 1974 2544 2048 εἷπε,
2581 1982 2674 2034 καὶ
2703 1972 2860 2044 οὗτος
2905 1981 3213 2052 ἐπὴκουσες
3258 1979 3353 2034 καὶ
3392 1980 3504 2051 γάρ
3536 1979 3703 2046 ἄξιον

2112 2067 2393 2141 ζητήσεως
2422 2069 2483 2122 τὸ
2506 2069 2816 2141 λεγόμενον.
2856 2069 2921 2122 Τί
2956 2068 3173 2139 λέγεις;
3203 2072 3232 2124 ό
3274 2071 3619 2144 πατριάρχης
3668 2073 3707 2125 ό

2112 2165 2531 2235 καταφρονήσας
2558 2156 2651 2218 καὶ
2683 2165 2784 2236 τῆς
2826 2164 3110 2238 παρούσης
3139 2163 3287 2234 ζωῆς
3317 2164 3413 2218 καὶ
3460 2163 3692 2217 πάντων

2112 2251 2400 2324 ὑπεριδὼν,
2430 2246 2490 2307 οὗ
2518 2254 2614 2307 οὐκ
2644 2249 2712 2326 ἦν
2738 2253 2885 2320 άξιος
2908 2254 2935 2307 ό
2960 2253 3182 2326 κόσμος,
3208 2255 3237 2306 ό
3257 2251 3406 2319 ξένος
3424 2253 3518 2306 καὶ
3544 2269 3667 2324 παρ
3684 2284 3704 2293 ο

2111 2346 2374 2418 επίδημος
2393 2389 2406 2413 ,
2444 2350 2472 2401 6
2528 2346 2596 2400 τά
2635 2349 2692 2401 ἐν
2718 2347 2968 2420 οὐρανοῖς
2997 2344 3122 2400 καθ’
3152 2346 3389 2417 ἐκάστην
3423 2347 3705 2415 φανταζό-

2116 2455 2277 2509 μενος
2303 2438 2399 2510 τὴν
2440 2438 2675 2509 ἡμέραν,
2719 2439 2748 2492 6
2790 2435 2928 2510 πρὸς
2955 2437 3053 2511 τὴν
3082 2436 3193 2492 ἀνω
3228 2436 3438 2508 βλέπων
3484 2438 3699 2511 Ἰερου-

2114 2530 2314 2609 σαλὴμ,
2344 2521 2498 2593 οὗτος
2527 2528 2689 2601 ἡνίκα
2718 2529 2817 2601 μὲν
2854 2527 2952 2600 ἔζη
2979 2527 3068 2584 διά
3104 2528 3196 2583 τὸν
3222 2527 3317 2582 τοῦ
3354 2527 3487 2584 Θεοῦ
3523 2529 3706 2601 φόϐον

2114 2617 2205 2671 καὶ
2232 2618 2331 2690 τῆς
2376 2616 2635 2688 πατρίδος
2680 2617 2775 2670 καὶ
2810 2616 2910 2687 τῆς
2949 2616 3261 2690 ἐλευθερίας
3302 2616 3549 2689 ἐξέπεσε,
3590 2621 3701 2674 καὶ

2112 2706 2480 2781 δεσμωτήριον
2520 2706 2702 2779 ᾤκησε
2728 2747 2743 2771 ,
2791 2705 2884 2759 καί
2921 2706 3021 2763 ούκ
3058 2708 3379 2780 ἐπεστράφη
3413 2706 3545 2780 πρὸς
3589 2707 3704 2774 τάς

2112 2798 2402 2864 ἐπιϐουλάς
2428 2799 2643 2863 ἐκείνας
2662 2816 2675 2830 ·
2709 2798 2897 2871 ἐπειδὴ
2926 2800 2984 2853 δέ
3021 2797 3212 2871 ἔμελλε
3242 2799 3517 2872 τελευτᾷν,
3542 2799 3703 2857 οὕτω

2115 2889 2519 2962 μικρολογεῖται
2542 2931 2561 2957 ,
2617 2889 2692 2955 ὡς
2743 2890 3010 2963 τοσαύτην
3064 2891 3393 2963 ποιήσασθαι
3442 2892 3687 2964 σπουδὴν

2113 2983 2253 3056 ὑπὲρ
2283 2983 2380 3055 τῆς
2417 2982 2524 3037 τῶν
2567 2983 2738 3037 όστῶν
2768 2983 3157 3057 μετακομιδῆς,
3189 2984 3284 3041 καὶ
3316 2986 3382 3041 ἐκ
3423 2984 3690 3040 τοσούτου

2110 3074 2477 3148 διαστήματος
2503 3073 2714 3129 κελεύει
2742 3074 2813 3131 τά
2839 3073 3066 3144 λείψανα
3098 3074 3398 3145 ἀνάγεσθαι
3426 3093 3440 3142 ;
3474 3077 3585 3131 Καὶ
3603 3077 3697 3141 τίς

2111 3168 2178 3225 ἃν
2203 3169 2373 3223 ταῦτα
2397 3168 2576 3233 εἴποις
2604 3168 2655 3220 τί
2680 3166 2787 3239 γάρ
2809 3164 2870 3221 τό
2897 3166 3086 3237 κέρδος
3116 3161 3206 3237 ἦν,
3228 3166 3265 3239 ἢ
3293 3169 3444 3221 ποῖον
3473 3167 3535 3222 τὸ
3559 3166 3700 3239 δᾳ-

2109 3260 2200 3324 λος
2218 3260 2295 3332 τῷ
2321 3261 2693 3333 κατοιχομένῳ
2706 3256 2814 3312 ἀπὸ
2839 3258 2937 3330 τῆς
2967 3257 3074 3311 τῶν
3102 3258 3277 3312 ὀστῶν
3304 3256 3691 3330 μεταθέσεωςς

2111 3353 2265 3419 Τίνος
2295 3348 2385 3407 οὖν
2412 3352 2598 3408 ἐνεκεν
2626 3350 2939 3422 ἐπέσκηψεν
2961 3368 2981 3417 ς
3007 3351 3141 3421 Ούχί
3178 3350 3287 3409 τῶν
3313 3350 3489 3409 ὀστῶν
3519 3367 3698 3422 φρον-

2108 3442 2272 3505 τίζων
2293 3482 2307 3506 ,
2338 3441 2452 3495 ἀλλ’
2480 3440 2596 3494 ἐστι
2631 3440 2731 3513 μὲν
2761 3441 2963 3507 εἰπεῖν1
2994 3439 3076 3493 ὅτι
3107 3439 3204 3502 καὶ
3230 3439 3342 3501 τῷν
3373 3441 3699 3510 Αἰγυπτίων

2110 3529 2207 3601 τὴν
2234 3528 2489 3584 ἀσέϐειαν
2511 3527 2785 3596 δεδοωιώς.
2802 3527 3020 3599 Ἐπειδὴ
3041 3527 3152 3600 γάρ
3172 3527 3343 3583 πολλά
3363 3531 3459 3590 καὶ
3476 3531 3699 3602 μεγάλα

2109 3621 2407 3694 εἰργάσατο
2433 3620 2636 3690 ἀγαθὰ,
2661 3619 2756 3674 καὶ
2777 3619 3014 3691 τροφοὺς
3044 3618 3227 3683 αὐτῶν
3253 3622 3349 3677 καὶ
3378 3623 3697 3696 προστάτης

2110 3715 2350 3783 ἐγένετο,
2391 3715 2487 3771 καί
2516 3712 2610 3771 τοῦ
2643 3710 2805 3785 λιμοῦ
2838 3711 3189 3784 παραμυθίαν
3233 3706 3361 3787 εὗρε
3397 3715 3695 3786 μεγίστην,

2110 3808 2203 3863 καὶ
2233 3807 2270 3861 ἃ
2299 3806 2488 3878 μηδενὶ
2517 3807 2710 3876 γέγονε
2745 3805 2882 3875 δῆλα
2904 3843 2920 3870 ,
2950 3803 3124 3858 ταῦτα
3152 3805 3373 3877 πρῶτος
3406 3807 3502 3861 καὶ
3525 3808 3696 3879 μόνος

2111 3901 2376 3967 ἀνέπτυξε
2397 3939 2412 3964 ,
2449 3900 2544 3965 καί⁵
2598 3901 2680 3965 εἰς
2729 3899 2896 3971 μέσον
2953 3896 3154 3970 ἤγαγε,
3185 3899 3280 3954 καὶ
3318 3898 3393 3957 τὰ
3434 3900 3698 3973 ὀνείρατα

2106 3991 2365 4057 διαλύσας
2395 3992 2456 4046 ού
2493 3992 2654 4064 μόνον
2680 3992 3028 4066 προεδήλωσε
3070 3993 3162 4048 τὸν
3195 3991 3377 4064 λιμὸν,
3427 3992 3560 4048 ἀλλά
3587 3997 3694 4051 καὶ

2109 4083 2402 4156 φάρμακον
2432 4085 2613 4140 ἱκανὸν
2637 4086 2790 4159 αὐτῷ
2810 4087 3171 4161 προαπέθιτο,
3201 4084 3347 4138 οὕτω
3369 4085 3465 4140 καὶ
3492 4085 3560 4139 τά
3586 4103 3663 4140 τοι
3683 4120 3697 4129 -

2113 4177 2242 4244 μετα
2268 4174 2367 4244 τῆς
2398 4174 2673 4242 Αἰγύπτου
2704 4175 3025 4248 πληρώσας,
3058 4175 3134 4240 ὡς
3158 4173 3362 4246 μηδένα
3394 4173 3560 4227 αὐτοῦ
3586 4175 3703 4247 τῆς

2112 4262 2414 4333 παρουσίας
2437 4261 2719 4318 αἰσθέσθαι
2734 4278 2751 4311 .·
2782 4263 2851 4318 ἵν’
2874 4259 2972 4318 οὖν
2994 4263 3069 4341 μὴ
3093 4262 3214 4326 θεὸς
3233 4261 3521 4335 νομίζηται
3550 4264 3703 4333 μετὰ

2107 4352 2365 4423 τελευτὴν
2409 4353 2496 4406 διὰ
2523 4352 2587 4406 τὸ
2618 4351 2720 4421 τῆς
2753 4352 3077 4426 εὐεργεσίας
3109 4350 3337 4422 μέγεθος
3365 4391 3380 4414 ,
3408 4349 3521 4405 τῶν
3556 4349 3702 4422 βαρ-

2110 4440 2295 4513 ϐάρων
2312 4441 2535 4496 ἐκείνων
2551 4439 2787 4503 εὐκόλως
2799 4439 2856 4507 ἐξ
2868 4437 3171 4511 ἀνθρώπων
3188 4434 3489 4491 ποιούντων
3506 4437 3699 4502 θεοὺς,

2111 4531 2291 4601 πάσης
2324 4529 2581 4593 ἀσεϐείας
2623 4528 2863 4598 ἀναιρῶν
2915 4526 3193 4591 ὑπόθεσιν,
3254 4525 3542 4579 ἐκέλευσεν
3578 4526 3701 4578 ἀπ-

2110 4618 2395 4688 ενεχθῆναι
2426 4616 2609 4684 οἴκαδε
2639 4616 2708 4670 τὰ
2741 4616 2893 4670 ὀστᾶ.
2923 4616 3039 4670 Μία
3064 4615 3163 4693 μὲν
3182 4609 3278 4667 οὖν
3306 4612 3444 4685 αῦτη
3477 4613 3699 4684 πρόφαο

2113 4723 2196 4771 σις
2221 4724 2233 4739 ·
2265 4705 2379 4759 ἐστι
2406 4706 2463 4758 δέ
2491 4706 2585 4759 καὶ
2603 4704 2797 4776 ἑτέραν
2822 4705 3000 4757 εἰπεῖν
3023 4700 3517 4774 ἀναμφισόήτητον
3542 4716 3555 4729 ·
3590 4703 3698 4755 καὶ

2109 4793 2218 4865 γάρ
2244 4792 2352 4847 ἀπὸ
2379 4792 2489 4847 τῶν
2515 4790 2747 4864 Γραφῶν
2779 4791 2953 4862 αὐτὴν
2977 4787 3360 4844 πιστώσασθαι
3386 4788 3487 4843 ενι.
3518 4786 3700 4842 Ποίαν

2109 4879 2174 4951 δὴ
2203 4878 2443 4951 ταύτην;
2473 4879 2629 4949 ᾜδει
2654 4878 2805 4949 παρά
2824 4877 2921 4931 τοῦ
2956 4876 3164 4953 πατρὸς
3190 4875 3452 4941 ἀκούσας,
3478 4875 3694 4930 ἐκείνου

2111 4967 2265 5038 παρὰ
2292 4966 2387 5020 τοῦ
2410 4954 2639 5022 πάππου
2673 4964 2831 5035 λόγον
2858 4966 2938 5029 εἰς
2962 4965 3129 5019 αὐτὸν
3153 4962 3552 5034 κατενεχθέντα
3583 4979 3695 5033 μα.-

2111 5054 2315 5118 θόντος,
2363 5055 2446 5108 ὅτι
2494 5052 2666 5107 πολλά
2694 5052 2788 5124 ἐτη
2822 5050 3180 5105 δουλώσονται
3214 5052 3311 5105 καὶ
3341 5048 3695 5105 κακώσουσιν

2110 5145 2306 5207 αὐτοὺς
2350 5146 2398 5197 οἱ
2432 5134 2740 5212 Αἰγύπτιοι.
2772 5142 2979 5196 Ἔσται
3015 5141 3125 5211 γάρ
3165 5138 3236 5194 τό
3278 5138 3518 5209 σπέρμα
3569 5152 3694 5193 σου

2109 5232 2398 5301 πάροικον
2420 5232 2492 5285 ἐν
2517 5230 2593 5303 τῇ
2620 5229 2931 5298 ἀλλοτρίᾳ,
2954 5229 3053 5282 καί
3075 5227 3500 5283 δουλώσουσιν
3516 5228 3688 5294 αὐτὸ,

2111 5323 2208 5377 καὶ
2233 5320 2617 5375 κακώσουσιν
2638 5318 2745 5386 ἐτη
2767 5316 3141 5385 τετρακόσια,
3168 5317 3197 5368 ό
3219 5314 3353 5381 Θεὸς
3384 5314 3531 5389 [896]
3551 5317 3689 5388 πρὸς

2106 5410 2201 5465 τὸν
2240 5410 2490 5481 Ἀϐραάμ
2507 5407 2710 5477 έλεγεν.
2742 5405 2840 5460 Ἶν’
2867 5400 2960 5460 οὖν
2990 5405 3065 5477 μὴ
3106 5404 3243 5476 πρὸς
3267 5405 3330 5459 τὸ
3367 5398 3553 5479 μῆκος
3581 5409 3692 5460 ἁπ-

2111 5496 2511 5570 αγορεύσαντες
2553 5496 2648 5550 τοῦ
2683 5495 2901 5569 χρόνου,
2946 5494 3042 5548 καὶ
3071 5494 3171 5566 τὴν
3217 5492 3593 5566 ταλαιπωρίαν
3622 5495 3689 5546 οὐ

2110 5586 2371 5658 φέροντες
2405 5584 2681 5653 ἀπογνῶσι
2714 5583 2849 5653 1:96;
2886 5580 2984 5655 τὴν
3015 5579 3295 5647 ἐπάνοδον,
3341 5582 3434 5635 καὶ
3482 5581 3691 5636 ἁναπέο

2113 5692 2267 5739 σωσι,
2303 5674 2562 5745 μέγιστον
2588 5674 2769 5737 αὐτοῖς
2789 5671 3042 5742 ἐνέχυρον
3065 5670 3282 5734 ἐλπίδος
3300 5669 3474 5734 διδοὺς
3505 5671 3689 5741 προεῖ-

2110 5780 2213 5817 -πεν
2234 5763 2362 5834 περὶ
2392 5761 2491 5832 τῆς
2520 5758 2851 5830 ἀνακομιδῆς
2877 5754 2984 5814 τῶν
3004 5755 3200 5823 ὀστῶν,
3224 5758 3291 5812 ἵν’
3321 5759 3520 5812 ἐκεῖνοι
3548 5756 3689 5824 πρὸς

2111 5850 2337 5913 ἑαυτοὺς
2379 5848 2739 5918 λογιζόμενοι,
2785 5847 2867 5900 ὅτι
2912 5846 2960 5897 εί
3011 5845 3086 5919 μὴ
3139 5846 3343 5921 σφόδρα
3393 5844 3490 5900 καὶ
3537 5849 3680 5923 μετὰ
