4088 6448
399 414 510 481 689

404 536 642 603 misceri,
672 539 850 607 perire
877 542 1143 597 existimat
1164 554 1219 599 et
1247 549 1546 616 corrumpi;
1573 550 1761 606 artifex
1793 561 1993 619 autem,

396 638 457 680 et
483 642 570 695 qm
599 628 763 695 probe
791 630 892 686 ista
922 635 1070 687 novit
1092 675 1108 700 ,
1159 635 1257 691 hac
1297 623 1502 692 ratione
1530 641 1710 710 purius
1740 643 1839 695 scit
1870 644 1995 696 illud
2030 685 2039 693 .

398 721 568 786 efﬁci,
596 732 658 776 ac
688 730 808 793 post
832 727 1164 782 exustionem
1193 729 1363 799 ipsum
1386 732 1530 786 omni
1556 749 1621 788 ex
1645 744 1795 804 parte
1816 726 1999 804 splen-

398 811 586 865 didum
609 814 842 871 extrahit
870 824 923 872 et
954 822 1354 889 componitzsic
1384 824 1632 879 nimirum
1667 836 1719 881 et
1752 828 1837 882 isti
1868 844 1994 882 eve-

398 906 485 957 nit
503 922 517 956 :
537 898 777 961 inﬁdeles
794 910 1004 978 quidem
1020 926 1141 967 cum
1161 913 1417 984 liqueﬁeri
1439 932 1500 973 ac
1520 918 1759 975 diffluere
1781 903 1993 975 carnem

399 997 518 1064 ejus
559 998 842 1069 viderent,
895 1003 948 1057 in
998 1006 1235 1063 cinerem
1282 1010 1423 1065 illam
1451 1020 1504 1065 et
1530 1013 1804 1082 pulverem
1849 1016 1997 1070 abire

397 1092 724 1159 censebant;
767 1107 820 1154 at
849 1084 1032 1153 fideles
1061 1110 1246 1156 exacte
1274 1100 1529 1158 noverant
1557 1122 1674 1160 eam
1713 1107 1782 1161 ita
1819 1107 1992 1176 lique-

402 1181 595 1236 tinctam
625 1185 812 1241 sordes
833 1200 1019 1244 omnes
1041 1190 1330 1263 deponere,
1359 1204 1518 1266 atque
1545 1198 1991 1254 immortalitatem

398 1273 646 1344 adeptam
694 1279 1106 1348 splendidiorem
1154 1288 1464 1345 ascendere.
1494 1289 1606 1345 bno
1634 1292 1684 1345 in
1715 1292 1832 1363 ipso
1863 1310 1992 1365 rugo

398 1376 529 1421 ante
575 1372 1023 1429 resurrectionem
1084 1378 1218 1432 miro
1268 1380 1499 1451 quodam
1549 1382 1706 1437 modo
1754 1383 1995 1440 vincebat

396 1461 742 1519 adversar-ias
764 1470 1053 1535 potestates
1078 1488 1091 1524 :
1112 1468 1372 1540 siquidem
1397 1472 1517 1544 igne
1538 1476 1784 1531 resolutm
1799 1493 1992 1533 carnes

392 1565 521 1604 cum
547 1554 824 1621 strepitum
849 1556 1091 1626 ederent,
1125 1561 1243 1616 illas
1268 1579 1425 1633 quam
1453 1564 1702 1622 facillime
1731 1570 1780 1622 in
1811 1567 1991 1640 fugam

400 1642 702 1698 vertebant.
739 1647 805 1701 Et
840 1648 1286 1717 quemadmodum
1312 1670 1603 1727 generosus
1644 1660 1796 1715 miles
1837 1662 1993 1715 mrcis

398 1739 565 1790 armis
590 1739 948 1797 circumdatus
978 1743 1093 1813 ipso
1132 1746 1290 1801 etiam
1337 1756 1608 1805 armarunt
1649 1752 1878 1808 stridore
1924 1754 1990 1807 ti-

403 1826 720 1884 midioribus
751 1841 1007 1888 terrorem
1038 1834 1226 1890 incutit
1251 1837 1602 1896 adversariis:
1626 1845 1703 1898 sic
1742 1843 1988 1898 nimirum

391 1926 457 1971 et
499 1927 621 1975 tunc
658 1920 813 1978 beata
860 1925 1040 1981 Drosis
1084 1929 1237 1999 pellis
1267 1932 1496 1989 stridore
1534 1945 1825 2005 potestates
1874 1938 1989 1993 illas

393 2008 613 2080 fugabat
634 2028 648 2068 :
670 2028 842 2086 neque
872 2034 998 2075 vero
1027 2020 1129 2077 hac
1170 2025 1375 2081 ratione
1406 2036 1639 2095 tantum,
1682 2031 1778 2101 sed
1807 2041 1861 2088 et
1887 2034 1989 2087 alia

393 2115 585 2199 rursus
625 2106 792 2162 nihilo
837 2110 936 2165 ista
980 2112 1192 2169 minori.
1235 2115 1367 2172 Nam
1396 2116 1554 2175 simul
1601 2128 1761 2192 atque
1799 2141 1985 2195 rogum

402 2205 641 2260 ingressa
686 2205 798 2264 est,
848 2208 903 2253 et
944 2199 1118 2257 fumus
1161 2205 1214 2259 in
1257 2205 1421 2260 altum
1469 2210 1766 2267 ascendens
1806 2230 1985 2270 aerem

394 2284 709 2352 occupavit,
755 2285 1026 2347 daemones
1055 2308 1153 2363 per
1197 2311 1376 2352 aerem
1416 2301 1656 2357 volantes
1699 2303 1988 2361 suﬁ‘ocabat

387 2386 614 2441 omnes,
659 2376 926 2436 diabolum
966 2385 1241 2456 abigebat,
1274 2398 1328 2445 et
1356 2392 1524 2463 ipsam
1564 2406 1806 2452 naturam
1845 2400 1986 2455 aeris

384 2463 755 2558 abstergebat.
802 2471 939 2527 Cum
986 2477 1129 2531 enim
1173 2478 1322 2535 fumo
1369 2483 1633 2540 idolorum
1680 2488 1984 2558 inquinatus

393 2553 612 2622 fuisset,
658 2559 714 2614 in
749 2561 924 2623 locum
956 2565 1095 2622 illius
1139 2569 1314 2627 fumus
1353 2560 1492 2629 alter
1534 2553 1880 2645 ascende-bat,
1929 2591 1986 2635 ut

392 2647 569 2705 illatas
597 2650 664 2706 ab
688 2652 789 2709 illis
818 2657 1005 2713 sordes
1033 2650 1379 2733 abstergeret.
1416 2662 1556 2723 Sane
1580 2669 1793 2739 quidem
1824 2672 1983 2729 fontis

384 2745 725 2833 comparatio
742 2749 1001 2817 praeclare
1023 2755 1276 2809 convenit
1301 2756 1373 2810 illi
1399 2773 1549 2829 rogo.
1571 2759 1701 2815 Nam
1722 2763 1980 2833 quemad-

382 2832 608 2887 modum
635 2836 678 2890 si
707 2836 757 2890 in
789 2836 936 2894 fonte
965 2850 1169 2897 vestem
1197 2847 1449 2914 exuisset,
1474 2857 1528 2903 et
1554 2832 1749 2920 corpus
1776 2853 1980 2910 abluis-

381 2934 512 2991 εει,
558 2927 629 2981 ita
676 2944 870 3001 corpus
910 2946 1066 2988 suum
1112 2933 1294 2992 in'illa
1340 2938 1553 2996 flamma
1585 2942 1791 2999 facilius
1820 2962 1979 3016 quam

389 3026 593 3073 vestem
625 3023 865 3089 quamvis
891 3040 1089 3081 exuens
1109 3069 1127 3097 ,
1159 3038 1214 3083 et
1243 3031 1475 3087 animam
1505 3033 1722 3089 nitidam
1752 3036 1980 3094 reddens

384 3109 459 3163 ad
489 3120 743 3180 spensum
771 3128 927 3171 suum
963 3118 1049 3173 ab.
1073 3121 1275 3192 angelis
1316 3124 1509 3196 stipata
1550 3130 1891 3198 properabat.
1921 3131 1979 3188 Si

379 3199 532 3255 enim
557 3201 812 3260 Lazarum
832 3207 980 3263 illum
1001 3210 1266 3267 ulceribus
1286 3215 1498 3284 plenum
1516 3219 1697 3288 angeli
1716 3219 1782 3274 ad
1802 3220 1979 3277 sinum

388 3293 622 3350 Abralue
663 3296 999 3356 abduxerunt
1032 3320 1045 3356 :
1078 3304 1247 3359 multo
1285 3308 1452 3378 magis
1496 3310 1649 3365 istam
1692 3313 1978 3371 abeuntem

378 3382 685 3454 stipabant,
717 3399 771 3444 et
802 3400 1066 3462 tamquam
1096 3410 1164 3450 ex
1194 3412 1348 3453 sacro
1387 3401 1616 3471 quodam
1646 3406 1884 3462 corrclavi
1913 3422 1977 3464 ac

373 3476 623 3532 thalamo
652 3478 873 3550 nuptiali
896 3494 1253 3559 assumptam,
1283 3504 1350 3545 ex
1373 3489 1588 3550 fornace
1616 3494 1683 3551 ad
1709 3496 1976 3555 caelestem

389 3570 1041 3637 sponsdmdeducebant.
1069 3578 1182 3647 Qua
1212 3597 1340 3637 vero
1381 3583 1449 3640 de
1490 3599 1650 3642 causa
1694 3589 1975 3647 tincturam

376 3659 550 3714 etiam
579 3677 763 3733 rogum
791 3662 937 3721 illum
960 3669 1257 3740 appellavi?
1271 3671 1421 3739 Quod
1440 3675 1687 3732 nimirum
1707 3688 1974 3751 tamquam

381 3753 616 3844 mirabili
645 3755 871 3825 quadam
903 3758 1094 3815 infecta
1129 3763 1353 3819 tinctura
1380 3806 1394 3830 ,
1423 3781 1544 3821 eum
1574 3784 1803 3840 purpura
1832 3774 1976 3844 regia
2008 3761 2015 3767 ’

378 3842 527 3898 facta
556 3855 725 3914 esset,
753 3846 823 3904 ad
849 3850 1118 3908 caelestem
1148 3854 1345 3928 Regem
1376 3860 1696 3929 mitteretur,
1722 3878 1784 3919 ac
1809 3842 1974 3921 multa

380 3948 509 3989 cum
541 3934 728 3994 ﬁducia
752 3940 908 3998 sedes
937 3943 1054 3999 illas
1077 3944 1325 4023 caelestes
1345 3948 1595 4020 intraret,
1623 3954 1764 4024 quod
1794 3955 1972 4025 ﬁebat,

373 4041 511 4082 cum
547 4028 796 4112 invisibili
832 4048 995 4091 manu
1015 4052 1121 4093 sua
1147 4032 1392 4096 Christus
1432 4052 1679 4100 sanctum
1725 4048 1976 4119 martyris

372 4129 549 4192 caput
587 4131 830 4193 teneret,
871 4136 928 4183 et
966 4136 1233 4201 tamquam
1261 4135 1417 4204 aquis
1439 4135 1587 4193 illam
1614 4136 1844 4195 flammis
1871 4141 1972 4197 im-

380 4224 675 4285 mergeret.
704 4213 752 4273 Ο
780 4218 1077 4276 mirabilem
1104 4224 1320 4294 rogum!
1349 4226 1560 4297 qualem
1586 4227 1730 4284 intus
1758 4229 1976 4287 thesau-

379 4318 508 4358 rum
534 4302 782 4373 habebat,
811 4309 1085 4380 pulverem
1107 4312 1257 4368 iitum
1282 4331 1347 4371 ac
1371 4317 1605 4374 cinerem
1630 4330 1763 4376 auro
1788 4324 1978 4393 quovis

376 4394 758 4462 pretiosiorem
783 4439 798 4464 ,
832 4406 890 4455 et
929 4400 1201 4472 quibusvis
1226 4409 1506 4477 unguentis
1534 4408 1935 4481 fragrantiorem
1956 4456 1973 4482 ,

384 4485 614 4552 gemmis
638 4487 912 4559 quibusvis
937 4491 1221 4549 cariorem.
1251 4495 1404 4566 Quod
1445 4500 1588 4555 enim
1632 4516 1733 4558 nec
1779 4504 1977 4562 divitias

380 4591 492 4631 nec
512 4592 698 4633 aurum
726 4590 983 4650 praestare
1011 4593 1243 4653 queunt,
1291 4588 1393 4645 hoc
1417 4590 1657 4662 reliquiae
1682 4604 1977 4667 martyrum

389 4677 648 4757 praestant
674 4688 689 4725 :
717 4673 995 4751 siquidem
1017 4690 1219 4749 aurum
1253 4693 1428 4751 neque
1466 4683 1684 4739 morbos
1723 4698 1975 4757 umquam

380 4756 624 4829 depulit,
667 4777 840 4834 neque
878 4774 1104 4824 mortem
1145 4769 1352 4841 abegit;
1382 4785 1503 4828 ossa
1530 4788 1659 4830 vero
1684 4756 1976 4850 martyrum

386 4858 679 4924 utrumque
704 4857 1082 4926 perfecerunt,
1114 4860 1241 4916 illud
1265 4862 1478 4933 quidem
1519 4876 1826 4924 nostrorum
1865 4885 1978 4925 ma-

385 4938 566 5010 jorum
592 4950 750 5001 aetate
768 4989 783 5013 ,
813 4945 916 5003 hoc
937 4958 1071 5006 vero
1099 4962 1280 5007 neatra
1322 4952 1484 5009 etiam
1523 4957 1766 5027 contigit.
1795 4960 1874 5014 Ac
1910 4960 1979 5017 de

378 5029 476 5115 Ibis
512 5031 584 5087 ita
624 5049 731 5089 non
777 5037 951 5095 solum
995 5053 1137 5109 nos,
1181 5041 1277 5097 sed
1316 5043 1444 5113 justi
1485 5045 1683 5113 etiam,
1725 5048 1816 5118 qui
1854 5060 1978 5106 ante

384 5123 589 5180 Christi
629 5127 915 5185 adventum
944 5132 1224 5201 vixerunt,
1269 5145 1455 5193 exacte
1483 5136 1846 5211 philosophari
1877 5157 1977 5197 no-

389 5226 624 5287 verunt,
659 5230 770 5291 quo
811 5230 1051 5294 tempore
1091 5228 1298 5282 cunctis
1322 5242 1386 5282 ex
1415 5227 1654 5301 JEgyp‘to
1674 5232 1978 5289 excedenti-

340 5354 343 5357 λ
387 5308 532 5376 bus,
579 5319 637 5367 et
674 5312 795 5369 aliis
839 5315 1053 5386 quidem
1095 5333 1318 5386 aurum,
1363 5314 1484 5377 aliis
1528 5336 1659 5379 vero
1692 5333 1977 5396 argentum

387 5398 738 5464 evehentibtts
761 5447 777 5474 ,
826 5404 1035 5478 Moyses
1077 5420 1237 5481 opum
1277 5413 1586 5489 quarumvis
1624 5410 1746 5470 loco
1779 5414 1978 5486 Ioseph

384 5506 514 5548 ossa
539 5506 758 5552 sumens
786 5511 851 5553 ea
876 5497 1066 5554 detulit
1093 5496 1291 5572 (Exod.
1329 5485 1417 5559 i3.
1458 5502 1546 5575 19)
1573 5518 1640 5562 ac
1669 5484 1977 5564 thesaurum
2003 5484 2041 5545 ἦ

390 5585 681 5644 maximum
724 5597 779 5645 et
824 5589 1121 5649 innumeris
1161 5592 1317 5650 bouis
1359 5593 1749 5655 redundantem
1795 5615 1978 5657 secum

383 5674 611 5734 domum
638 5680 805 5738 vexit.

462 5768 518 5826 5.
551 5769 658 5827 Sed
695 5770 835 5829 dicet
867 5760 1097 5831 fortasse
1121 5776 1383 5848 quispiam
1404 5778 1553 5848 :Qua
1579 5795 1709 5839 vero
1731 5779 1801 5838 de
1819 5797 1979 5841 eausa

386 5871 458 5914 ex
474 5857 707 5934 ευριπ)
724 5862 782 5920 in
805 5861 1143 5922 Palaestinam
1166 5863 1550 5952 Μειδία-ὠθιῖ
1568 5870 1829 5946 siquidem
1850 5872 1995 5932 dum

1638 435 1731 493 DE
1764 436 1829 495 S.
1868 436 2161 499 DROSIDE
2198 438 2552 502 MARTYRE.

3585 437 3688 495 690

2110 568 2403 628 martyrum
2445 557 2701 613 memoria
2728 556 3029 613 celebratur
3047 600 3061 624 ,
3094 557 3214 611 talia
3240 555 3541 626 pramertim
3567 569 3692 612 exa-

2106 651 2375 706 minentur
2400 666 2621 706 necesse
2660 659 2761 706 est.
2801 650 2947 705 Multi
2987 652 3128 704 enim
3157 649 3448 720 sepultura:
3475 664 3585 704 sua:
3608 648 3692 704 di-

2105 741 2333 812 ligenter
2361 742 2704 812 providentes
2728 784 2740 807 ,
2773 760 2892 797 cum
2924 744 3236 814 prepinquis
3265 742 3377 796 suis
3403 740 3686 810 mandeut,

2107 841 2163 886 ut
2196 833 2241 886 si
2264 832 2399 888 forte
2428 834 2552 888 alibi
2583 849 2676 889 eos
2700 836 2830 889 mori
2875 836 3166 906 contingat,
3197 834 3247 888 in
3289 836 3510 906 patriam
3539 850 3690 890 suam

2106 924 2391 979 translatos
2419 925 2491 979 illi
2517 924 2810 995 sepeliant;
2856 926 3050 981 deinde
3088 944 3208 982 cum
3238 927 3449 982 illorum
3489 925 3691 982 idcirco

2103 1015 2587 1084 pusillanimitatem
2633 1015 2993 1085 irriserimus,
3038 1017 3175 1073 hanc
3217 1018 3371 1073 nobis
3414 1017 3689 1074 historiam

2103 1111 2359 1180 objiciunt
2385 1130 2397 1164 :
2421 1129 2648 1183 cumque
2674 1130 2770 1169 uos
2799 1114 3089 1170 dixerimus
3129 1110 3257 1168 nihil
3294 1113 3553 1168 interesse
3578 1112 3691 1167 sive

2101 1202 2243 1256 domi
2287 1204 2440 1273 quis,
2482 1205 2594 1260 sive
2636 1221 2857 1276 peregre
2902 1207 3188 1275 sepultura:
3234 1205 3555 1272 mandetur,
3598 1219 3689 1259 re-

2101 1276 2365 1362 spondent
2380 1314 2391 1348 :
2405 1298 2513 1351 Cur
2536 1298 2711 1367 igitur,
2730 1299 2772 1351 si
2798 1298 2926 1351 nihil
2945 1300 3184 1364 interest,
3203 1305 3470 1368 assumpta
3489 1295 3688 1364 10mph

2101 1400 2223 1440 ossa
2253 1385 2306 1440 in
2339 1387 2675 1441 Palmstinam
2711 1390 2980 1444 transtulit
3008 1388 3249 1459 Moyses?
3281 1390 3391 1460 Ego
3417 1403 3545 1443 vero
3571 1401 3688 1442 ma-

2095 1476 2183 1546 jus
2230 1477 2427 1548 aliquid
2464 1480 2643 1533 dicam
2670 1498 2681 1532 :
2707 1494 2811 1536 non
2848 1480 3020 1535 solum
3066 1480 3278 1551 Moyses
3316 1480 3554 1550 accepit,
3590 1477 3688 1533 sed

2100 1568 2188 1621 ille
2216 1569 2376 1623 etiam
2424 1571 2658 1626 moriens
2699 1571 2801 1626 hoc
2828 1571 3236 1641 prtecepitdmc
3280 1570 3420 1624 enim
3449 1568 3688 1639 profecto

2098 1669 2180 1713 est
2209 1658 2399 1730 majus.
2439 1659 2732 1716 Visitat-ioue
2755 1662 2920 1729 enim,
2955 1661 3321 1731 inquit,cisitet
3352 1677 3438 1715 vos
3461 1660 3617 1727 Deus,
3636 1670 3686 1716 et

2097 1751 2416 1822 asportabitis
2456 1769 2571 1807 ossa
2600 1769 2712 1807 mea
2742 1751 2894 1826 (Gen.
2936 1751 3023 1808 50.
3054 1747 3166 1822 Ἦ).
3194 1751 3304 1806 Cur
3334 1753 3490 1822 igitur
3515 1762 3569 1807 et
3597 1740 3686 1806 ille

2096 1842 2263 1910 dixit,
2311 1850 2365 1897 et
2404 1843 2503 1897 iste
2532 1843 2745 1913 paruit?
2783 1843 3045 1914 siquidem
3094 1858 3180 1898 res
3209 1854 3292 1899 est
3316 1842 3684 1912 disquisitione

2095 1932 2275 2002 digna.
3722 2000 3723 2005 η

2166 2024 2269 2079 Cur
2306 2024 2498 2097 Ioseph
2541 2026 2782 2096 reliquias
2820 2043 2938 2081 suas
2987 2026 3252 2096 transferri
3302 2024 3681 2092 velit—Quid

2095 2119 2207 2173 ais?
2235 2133 2431 2188 ergone
2462 2118 2790 2188 patriarcha,
2816 2119 2907 2189 qui
2933 2119 3099 2172 vitam
3136 2127 3454 2187 praesentem
3495 2131 3679 2185 asper-

2094 2210 2342 2278 nabatur,
2374 2221 2426 2265 et
2451 2210 2630 2265 omnia
2652 2209 3049 2275 contemnebat,
3083 2224 3189 2279 quo
3214 2208 3405 2278 dignus
3431 2224 3537 2261 non
3567 2218 3684 2262 erat

2093 2301 2343 2370 mundus,
2366 2302 2454 2372 qui
2479 2303 2788 2373 peregrinus
2809 2311 2863 2356 et
2883 2295 3172 2371 inquilinus
3186 2304 3320 2363 erat,
3340 2300 3428 2370 qui
3444 2298 3675 2353 caelestia

2091 2395 2328 2465 quotidie
2367 2405 2548 2451 mente
2596 2394 2882 2462 versabat,
2925 2394 3013 2465 qui
3058 2408 3342 2463 supernam
3379 2392 3678 2447 Jerusalem

2090 2486 2386 2556 spectabat,
2420 2487 2508 2540 ille
2537 2485 2663 2540 dum
2692 2485 2896 2541 viveret
2923 2485 3135 2555 quidem
3156 2525 3171 2549 ,
3201 2483 3272 2538 ob
3302 2483 3395 2537 Dei
3431 2482 3678 2537 timorem

2091 2587 2147 2632 et
2176 2570 2344 2646 patria
2375 2588 2428 2632 et
2454 2576 2702 2632 libertate
2730 2578 2964 2647 privatus
2992 2583 3076 2630 est
3097 2617 3112 2643 ,
3142 2583 3197 2630 et
3221 2574 3274 2629 in
3298 2588 3571 2629 carcerem
3597 2581 3681 2626 est

2088 2669 2398 2743 coniectus,
2445 2685 2545 2724 nec
2586 2669 2691 2724 ilﬁs
2729 2668 2938 2724 insidi-is
2971 2677 3056 2723 est
3096 2662 3352 2732 inﬂexus;
3396 2660 3678 2735 postquam

2089 2772 2268 2816 autem
2290 2762 2401 2832 jam
2425 2761 2536 2831 jam
2567 2762 2860 2816 moriturus
2884 2769 3024 2827 erat,
3058 2760 3130 2814 ita
3160 2758 3228 2814 de
3268 2757 3489 2812 minutis
3516 2752 3680 2811 rebus

2087 2852 2206 2907 istis
2229 2862 2342 2907 erat
2373 2848 2632 2908 sollicitus
2656 2893 2670 2918 ,
2704 2860 2761 2906 ut
2786 2850 2937 2906 istius
2963 2864 3180 2905 suorum
3221 2848 3425 2904 ossium
3455 2845 3678 2903 transla-

2090 2945 2250 2999 tionis
2281 2953 2481 2999 tantam
2509 2958 2695 3000 curam
2724 2950 2966 3014 gereret,
3009 2956 3072 2996 ac
3101 2949 3249 2996 tanto
3274 2948 3400 2995 ante
3434 2947 3677 3008 tempore

2087 3037 2342 3108 reliquias
2383 3051 2509 3092 suas
2547 3035 2737 3091 advehi
2773 3032 3034 3105 iubebat?
3060 3032 3191 3102 Quis
3224 3031 3329 3087 hoc
3370 3038 3678 3087 asseverare

2088 3128 2303 3183 tandem
2328 3128 2563 3184 audeat?
2589 3126 2733 3197 quod
2770 3126 2912 3181 enim
2942 3126 3146 3181 lucrum
3167 3166 3182 3191 ,
3211 3132 3304 3178 aut
3330 3136 3449 3193 quae
3474 3118 3676 3176 utilitas

2085 3219 2404 3276 obveniebat
2445 3232 2515 3273 ex
2560 3217 2659 3272 bac
2699 3217 2900 3272 ossium
2948 3214 3346 3270 transvectione
3382 3200 3676 3267 defuncto?

2085 3310 2194 3366 Cur
2218 3323 2346 3380 ergo
2369 3307 2674 3364 mandavit?
2698 3306 2813 3362 Non
2841 3305 2983 3378 quod
3009 3306 3075 3361 de
3110 3303 3323 3360 ossibus
3345 3310 3497 3359 esset
3527 3298 3676 3356 solli—

2085 3399 2243 3466 citus,
2272 3398 2367 3455 sed
2388 3398 2491 3453 hoc
2510 3397 2692 3454 dicere
2711 3411 3016 3468 possumus,
3032 3409 3161 3453 eum
3181 3393 3284 3449 sibi
3305 3393 3374 3447 ab
3389 3390 3673 3465 Egyptio-

2081 3505 2204 3547 rum
2249 3490 2522 3560 impietate
2565 3487 2829 3543 timuisse.
2868 3485 3001 3541 Nam
3048 3485 3299 3556 quoniam
3331 3482 3517 3538 multis
3556 3496 3672 3536 ma-

2083 3583 2309 3654 gnisque
2332 3581 2456 3637 illos
2484 3579 2736 3636 aﬂ’eeerat
2757 3576 3034 3635 beneﬁciis
3052 3619 3068 3642 ,
3091 3590 3256 3647 atque
3283 3573 3404 3630 illos
3422 3574 3636 3629 aluerat

2084 3674 2387 3747 adjuverat,
2436 3673 2695 3730 adversus
2739 3672 2936 3728 famem
2977 3669 3225 3727 solatium
3274 3668 3382 3726 illis
3427 3668 3674 3723 attulerat

2084 3769 2398 3836 maximum,
2428 3774 2485 3825 et
2512 3783 2633 3840 qua:
2657 3767 2860 3822 nemini
2882 3780 3135 3837 umquam
3167 3763 3531 3829 innotuerant,
3559 3760 3673 3831 ipse

2082 3865 2293 3936 primus
2316 3878 2380 3919 ac
2403 3863 2551 3918 solus
2581 3861 2929 3933 patefecerat,
2950 3861 3078 3915 etin
3100 3856 3334 3913 medium
3351 3855 3673 3927 protulerat,

2082 3965 2243 4027 atque
2284 3952 2615 4011 somniorum
2660 3949 3103 4022 interpretatione
3137 3963 3247 4005 non
3275 3949 3449 4004 solum
3480 3946 3672 4003 famem

2082 4045 2439 4118 praedixerat,
2469 4041 2565 4099 sed
2593 4043 2755 4099 etiam
2784 4039 3059 4098 sufﬁciens
3104 4039 3363 4096 adversus
3401 4038 3546 4094 illam
3583 4053 3673 4094 re-

2080 4137 2320 4193 medium
2346 4142 2738 4207 prarparaverat
2758 4173 2778 4201 ,
2818 4134 2891 4189 ita
2915 4132 3138 4203 repletis
3176 4129 3389 4203 Egypti
3418 4128 3633 4185 horreis
3653 4169 3672 4195 ,

2082 4238 2143 4284 ut
2172 4242 2334 4284 nemo
2372 4226 2516 4282 illius
2553 4227 2786 4282 adventu
2817 4239 2876 4282 se
2902 4223 3074 4297 premi
3112 4224 3337 4280 scutiret
3368 4239 3478 4279 τηρ
3517 4222 3687 4303 igitur

2079 4327 2303 4393 propter
2325 4316 2708 4375 beneficiorum
2731 4316 3151 4390 magnitudinem
3170 4314 3311 4372 deus
3330 4318 3453 4386 post
3467 4306 3671 4370 obitum

2082 4417 2415 4478 censeretur,
2447 4425 2571 4466 cum
2598 4408 2675 4466 illi
2700 4408 2912 4466 barbari
2934 4404 3091 4464 facile
3111 4423 3186 4465 ex
3210 4407 3518 4462 hominibus
3541 4404 3673 4462 deos

2084 4503 2360 4558 facerent:
2384 4516 2599 4557 omnem
2630 4511 2691 4556 ut
2716 4501 3055 4556 occasionem
3082 4499 3374 4570 impietatis
3404 4497 3670 4562 auferret,

2082 4586 2301 4642 domum
2328 4585 2604 4641 transferri
2634 4600 2757 4641 ossa
2787 4585 3060 4655 precepit.
3094 4583 3222 4639 llzec
3269 4584 3425 4653 igitur
3452 4594 3557 4636 una
3590 4593 3675 4638 est

2082 4677 2324 4740 occasio;
2346 4675 2443 4732 sed
2457 4685 2513 4732 et
2527 4675 2752 4731 alteram
2771 4684 3058 4747 possumus
3078 4673 3429 4730 indubitatam
3446 4672 3635 4729 aﬂ‘erre
3657 4691 3671 4728 :

2083 4768 2349 4838 siquidem
2372 4782 2439 4822 ex
2462 4766 2632 4824 sacris
2668 4765 2816 4822 illam
2846 4766 3136 4838 Scripturis
3166 4765 3327 4820 etiam
3354 4758 3675 4820 confirmare

2084 4860 2231 4917 licet.
2252 4860 2385 4930 Quae
2408 4858 2623 4917 tandem
2651 4856 2743 4914 illa
2766 4868 2852 4916 est
2864 4856 2896 4914 ἵ.
2911 4856 3126 4915 Sciebat
3153 4859 3262 4923 ille,
3293 4858 3442 4930 quod
3456 4855 3676 4916 audive-

2084 4960 2169 5008 rat
2200 4966 2233 5010 a
2267 4960 2421 5023 patre
2439 4994 2455 5017 ,
2482 4966 2607 5007 cum
2649 4952 2719 5008 ab
2746 4965 2848 5006 avo
2874 4951 3249 5006 transmissum
3276 4950 3345 5006 ad
3373 4962 3434 5007 se
3470 4954 3677 5007 sermo-

2086 5060 2208 5102 nem
2253 5045 2344 5100 ille
2384 5043 2698 5109 didicisset,
2744 5042 3002 5109 futurum,
3044 5051 3102 5097 ut
3148 5039 3215 5097 ad
3262 5041 3460 5098 multo:
3506 5050 3676 5096 suum;

2086 5138 2328 5194 servituti
2357 5137 2772 5207 subjicer‘eutur,
2805 5144 2860 5192 et
2888 5134 3259 5206 affligerentur
3279 5134 3349 5189 ab
3370 5130 3638 5204 )Egyptlis
3658 5173 3675 5198 ,

2087 5227 2204 5284 Erit
2231 5229 2374 5285 enim
2410 5243 2578 5283 unum
2605 5237 2749 5282 tuum
2789 5227 3110 5298 peregrinum
3141 5227 3195 5280 in
3236 5235 3371 5281 terra
3398 5225 3597 5288 aliena,
3632 5234 3680 5278 et

2085 5320 2312 5377 servituti
2338 5319 2601 5391 subjict'art
2624 5318 2776 5385 iltud,
2811 5329 2861 5374 et
2887 5320 3105 5391 aﬂligatt
3124 5316 3507 5389 quadringentis
3531 5316 3679 5368 cuuis

2087 5411 2242 5483 (Gen.
2271 5412 2360 5470 15.
2391 5410 2519 5486 15),
2565 5413 2744 5469 aiebat
2788 5412 2931 5468 Deus
2957 5408 3025 5466 ad
3069 5408 3362 5464 Abraham.
3404 5405 3484 5462 Ne
3520 5407 3683 5477 igitur

2087 5516 2195 5563 tam
2219 5506 2365 5578 longi
2384 5516 2480 5562 eos
2503 5504 2761 5577 temporis
2792 5504 3014 5561 auderet
3033 5546 3048 5571 ,
3080 5506 3137 5559 et
3163 5515 3432 5557 mmmam
3459 5500 3683 5557 minime

2084 5597 2324 5655 ferentes
2354 5594 2426 5654 de
2468 5597 2645 5673 reditu
2658 5589 3021 5667 'deSperareut
3041 5635 3057 5660 ,
3087 5593 3391 5664 animisque
3426 5592 3681 5649 concide-

2084 5702 2232 5761 rent,
2261 5682 2852 5755 maximo'eiliiiatradito
2880 5688 2995 5760 spei
3021 5690 3244 5761 pignore
3268 5688 3521 5759 pratdixit
3542 5687 3676 5751 fore.

2084 5794 2149 5841 ut
2167 5798 2290 5842 ossa
2315 5776 2733 5862 revehet-eatur,
2767 5791 2827 5837 ut
2854 5782 2929 5837 illi
2958 5794 3082 5837 cum
3110 5780 3304 5837 animis
3330 5781 3442 5837 suis
3467 5790 3681 5849 reputa-

2091 5880 2234 5948 rent,
2256 5876 2358 5934 nisi
2384 5882 2532 5935 certe
2555 5883 2609 5934 et
2630 5875 2746 5939 sine
2770 5876 2877 5931 ulla
2902 5872 3235 5930 dubitatione
3256 5871 3365 5928 sibi
3387 5871 3677 5943 persuasis-
