4088 6442
473 366 563 422 f9!
1243 375 1301 432 S.
1340 375 1616 440 JO.\N)'|S
1654 377 2122 438 CHRYSOSTOMI
2163 381 2476 438 ARCHIEP.
2519 383 3042 443 CONSTANTINOP.

472 494 552 540 set
572 483 750 553 justus
777 484 1030 549 futurum.
1054 495 1113 541 ut
1137 502 1323 545 omnes
1346 501 1696 555 revertamur,
1717 509 2047 564 nequaquam

471 575 536 630 de
582 577 693 632 suis
741 579 952 633 ossibus
994 581 1364 650 prmcepisset,
1408 593 1568 652 atque
1607 585 1676 638 ita
1716 583 2052 640 demonstra-

468 666 671 723 tionem
701 669 961 727 haberem
989 673 1340 728 certissimam
1363 715 1376 738 ,
1406 691 1664 746 spemque
1695 675 2053 732 ﬁrmissimam

470 774 582 815 sua:
620 761 670 815 in
703 765 924 830 patriam
955 767 1296 821 reversionis.
1339 767 1514 838 Atque
1559 768 1659 823 hoc
1685 784 1868 824 verum
1900 783 2052 832 esse,

469 859 526 904 et
551 851 746 908 idcirco
775 854 842 909 de
868 856 978 910 suis
1004 856 1215 912 ossibus
1245 859 1557 928 przedixisse
1581 860 1753 928 illum,
1785 875 1892 915 non
1914 861 2053 931 quod

472 942 539 995 de
562 944 833 1012 sepultura
856 947 1113 1003 sollicitus
1131 959 1294 1016 esset,
1323 959 1377 1005 at
1397 951 1537 1021 quod
1561 951 1770 1006 illorum
1800 951 2054 1021 impietati

471 1034 764 1090 remedium
792 1037 958 1094 vellet
981 1040 1259 1105 adhibere,
1289 1042 1411 1098 audi
1440 1044 1633 1113 quibus
1658 1044 1836 1100 verbis
1862 1043 2058 1098 Paulus

471 1134 697 1180 testetur
720 1144 734 1179 :
761 1126 892 1183 Fide
928 1128 1121 1200 Ioseph
1161 1134 1378 1188 moriens
1413 1135 1476 1188 de
1510 1135 1793 1205 egressione
1831 1133 2056 1203 ﬁliorum

470 1212 640 1269 Israel
662 1219 906 1284 meminit,
943 1231 991 1274 et
1030 1221 1093 1276 de
1117 1223 1308 1278 ossibus
1339 1225 1443 1278 suis
1469 1225 1726 1278 mandavit
1759 1223 1942 1297 (Hebr.
1968 1225 2054 1278 Η.

466 1304 584 1378 29.).
612 1307 749 1376 Quid
787 1319 869 1366 est
908 1311 1046 1378 hoc,
1095 1313 1266 1370 Fide?
1308 1315 1469 1383 Quasi
1507 1317 1744 1384 diceret,
1789 1331 1910 1386 quae
1936 1325 2058 1385 post

469 1399 668 1456 multos
693 1417 863 1458 annos
890 1415 1045 1460 erant
1070 1418 1356 1472 eventura,
1403 1407 1761 1477 prmvidebat.
1804 1422 1869 1462 ac
1905 1405 2052 1468 fore.

467 1497 525 1543 ut
565 1495 761 1561 posteri
793 1497 1015 1565 patriam
1057 1511 1207 1552 suam
1248 1509 1647 1568 recuperarent.
1681 1498 1749 1554 Ut
1771 1499 1930 1569 igitur
1956 1498 2056 1552 hoc

468 1583 824 1652 signiﬁcaret,
865 1597 1150 1660 utrumque
1180 1591 1460 1661 praedixit,
1493 1605 1554 1645 ac
1577 1591 1758 1646 videre
1798 1599 1914 1646 erat
1941 1607 2053 1644 rem

466 1673 655 1730 miram
681 1684 737 1731 et
763 1677 1149 1746 incredibilem,
1173 1696 1294 1736 cum
1321 1696 1441 1736 ossa
1467 1682 1518 1735 in
1548 1681 1855 1752 egressione
1885 1690 2052 1735 trans-

468 1763 756 1820 ferrentur.
801 1767 933 1822 Nam
965 1770 1056 1838 qui
1081 1769 1332 1826 effecerat
1359 1771 1576 1840 Joseph,
1607 1771 1742 1826 utin
1767 1771 2053 1843 Egyptum

467 1853 880 1924 descenderent,
905 1860 1018 1930 ipse
1043 1877 1230 1918 rursus
1257 1877 1352 1918 eos
1377 1864 1662 1919 redeuntes
1683 1864 2052 1928 antecedebat,

467 1954 521 1999 et
551 1946 618 2001 ad
644 1949 952 2018 patientiam
975 1968 1038 2007 ac
1065 1968 1214 2024 spem
1246 1954 1545 2012 futurarum
1579 1957 1893 2014 instruebat.
1921 1958 2054 2014 Cum

469 2035 610 2090 enim
631 2038 882 2110 reliquias
899 2052 1020 2098 ante
1037 2045 1221 2100 oculos
1240 2047 1438 2115 positas
1454 2059 1758 2113 cernerent,
1776 2050 2056 2118 omnisque

465 2127 612 2182 illius
642 2129 880 2187 historia:
920 2134 1022 2190 hoc
1065 2147 1217 2206 pacto
1257 2139 1694 2206 recordarentur,
1727 2150 1886 2212 atque
1915 2144 2055 2212 apud

468 2235 528 2276 se
554 2223 854 2294 cogitarent
881 2225 1054 2297 ipsum
1085 2244 1115 2284 a
1145 2229 1396 2286 fratribus
1424 2233 1642 2288 insidias
1669 2249 1789 2289 esse
1813 2250 2053 2305 passum,

467 2313 519 2366 iu
545 2313 716 2369 lacum
739 2317 984 2386 missum,
1005 2329 1059 2376 et
1078 2321 1268 2392 capitis
1289 2323 1576 2381 discrimen
1597 2325 1814 2392 adiisse,
1839 2341 2056 2383 carcere

466 2404 778 2460 conclusum
803 2406 975 2464 fuisse
999 2451 1012 2476 ,
1045 2420 1206 2482 atque
1231 2413 1333 2468 alia
1364 2427 1554 2470 cuncta
1580 2457 1595 2481 ,
1627 2431 1752 2487 qua:
1780 2417 1856 2472 illi
1882 2421 2053 2474 conti-

466 2507 653 2567 gerant
677 2517 692 2563 ;
722 2501 915 2559 deinde
942 2520 1068 2560 vero
1094 2516 1216 2576 post
1243 2507 1331 2563 illa
1355 2510 1534 2564 omnia
1561 2525 1740 2582 regem
1769 2511 1915 2566 illum
1938 2527 2058 2569 esse

466 2591 660 2647 factum
681 2635 697 2661 ,
730 2609 794 2650 ac
818 2597 1115 2667 principem
1142 2601 1301 2656 totius
1314 2600 1556 2674 Egypti,
1582 2612 1848 2675 tantaeque
1869 2605 2057 2661 ditioui

466 2691 766 2740 curatorem
793 2702 856 2742 ac
883 2687 1189 2757 prmfectum
1236 2691 1399 2748 fuisse
1424 2698 1801 2764 praepositum:
1826 2697 1877 2751 in
1908 2712 2057 2767 spem

467 2775 820 2831 certissimam
868 2779 1208 2849 erigebantur
1252 2781 1403 2849 fore,
1460 2795 1518 2839 ut
1559 2800 1589 2840 a
1635 2788 1819 2855 malis,
1868 2791 2060 2861 quibus

469 2879 686 2936 semper
714 2869 942 2938 opprimi
969 2871 1236 2938 solebant,
1269 2874 1644 2944 liberarentur,
1671 2894 1793 2933 cum
1826 2881 1893 2936 ab
1924 2883 2061 2938 ossi-

471 2955 570 3010 bus
591 2956 721 3027 justi
745 2960 1069 3016 docerentur
1102 2965 1374 3021 neminem
1419 2983 1671 3039 umquam
1717 2970 1881 3027 fuisse
1901 2973 2059 3028 dere-

471 3047 652 3103 lictum
680 3091 694 3116 ,
721 3053 810 3122 qui
851 3054 901 3108 in
945 3055 1111 3110 Deum
1139 3057 1487 3127 credidisset,
1520 3070 1575 3115 et
1603 3061 1767 3132 ipsius
1805 3064 2060 3119 auxilium

471 3151 849 3210 exspectasset.

541 3230 804 3290 Promissa
825 3235 922 3291 Dei
941 3249 1097 3294 certa.
1125 3238 1267 3296 Hor:
1292 3245 1558 3299 metuenda
1584 3263 1684 3301 non
1711 3257 1804 3302 est.
1821 3279 1893 3289 —
1913 3249 2062 3305 Licet

471 3327 612 3381 enim
642 3345 726 3384 res
763 3330 1005 3387 adversae
1033 3333 1278 3404 quaedam
1311 3346 1367 3391 et
1407 3351 1592 3394 contra
1623 3349 1804 3396 votum
1847 3341 2059 3397 interim

469 3419 760 3475 acciderint
785 3463 800 3486 ,
828 3422 954 3478 dum
985 3425 1100 3495 ejus
1128 3428 1389 3496 promissa
1420 3443 1722 3500 sperantur,
1751 3443 1804 3490 et
1833 3435 2063 3490 interve-

469 3510 684 3576 nerint,
736 3521 911 3569 tamen
952 3525 1134 3586 optato
1185 3519 1290 3574 ﬁne
1333 3532 1611 3591 Sperantes
1658 3523 1906 3582 fraudare
1955 3543 2060 3582 non

473 3611 741 3671 poterunt,
771 3604 865 3659 sed
894 3607 1106 3663 eveniet
1135 3609 1261 3664 illud
1295 3614 1514 3668 omnino
1539 3630 1605 3670 ex
1634 3619 1895 3673 sententia
1923 3618 2062 3674 divi-

463 3713 537 3749 =na
566 3697 707 3766 quod
748 3700 1059 3769 prmdictum
1093 3702 1223 3770 fuit,
1270 3715 1324 3761 et
1364 3707 1682 3767 illustriores
1712 3714 1900 3770 reddet
1943 3730 2059 3780 eos,

464 3787 563 3856 qui
603 3789 865 3857 patienter
894 3805 1207 3864 exspectant
1236 3799 1445 3862 omnia,
1489 3816 1606 3870 quae
1649 3819 1677 3855 a
1728 3804 1838 3861 Deo
1868 3805 2064 3863 fuerint

473 3880 781 3934 constituta.
814 3881 1104 3953 Propterea
1135 3885 1204 3942 de
1231 3887 1441 3944 ossibus
1469 3892 1580 3947 suis
1607 3895 1895 3952 mandavit.

546 3973 600 4026 6.
642 3971 718 4029 Ne
757 3974 918 4045 igitur
957 3977 1094 4034 adeo
1137 3978 1205 4035 de
1251 3991 1429 4038 nostra
1476 3983 1529 4038 in
1577 3987 1744 4054 patria
1791 3991 2064 4060 sepultura

473 4065 642 4120 simus
666 4066 900 4136 solliciti,
932 4086 1102 4141 neque
1130 4081 1356 4128 mortem
1383 4085 1716 4147 metuamus,
1747 4080 1840 4136 sed
1872 4097 2063 4152 pecca-

475 4168 606 4211 tum.
641 4157 825 4232 Neque
853 4163 994 4217 enim
1023 4179 1168 4220 mors
1200 4177 1475 4235 peccatum
1503 4171 1728 4240 peperit,
1757 4172 1850 4228 sed
1877 4189 2066 4244 pecca-

475 4260 585 4305 tum
613 4260 840 4308 tnortem
875 4255 1027 4309 nobis
1058 4259 1398 4326 procreavit;
1431 4275 1575 4316 mors
1605 4271 1782 4318 autem
1811 4263 1862 4320 iu
1891 4281 2063 4321 reme-

473 4342 620 4397 dium
647 4347 849 4414 peccati
880 4362 1144 4404 conversa
1188 4359 1290 4405 est.
1338 4351 1563 4408 Mortem
1603 4355 1743 4409 enim
1793 4372 1900 4412 non
1945 4373 2066 4414 esse

473 4436 815 4493 metuendam
839 4480 852 4504 ,
889 4439 982 4495 sed
1016 4452 1324 4510 peccatum,
1357 4444 1478 4498 audi
1522 4446 1713 4514 quibus
1743 4448 1921 4504 verbis
1965 4450 2064 4504 do-

473 4539 591 4585 ceat
632 4531 891 4603 propheta
937 4551 950 4587 :
997 4533 1230 4590 Pretiosa
1269 4537 1322 4590 in
1367 4549 1635 4607 conspectu
1680 4537 1888 4595 Domini
1932 4559 2068 4597 mors

474 4637 761 4679 sanctorum
791 4629 898 4698 ejus
927 4626 1096 4702 (Psal.
1124 4630 1245 4685 “5.
1279 4631 1372 4700 15)
1399 4649 1413 4698 ;
1453 4643 1507 4688 et
1534 4633 1686 4702 alibi,
1717 4634 1771 4688 Μ
1779 4652 1859 4689 ora
1887 4653 2068 4706 pecca-

475 4727 640 4770 torum
684 4722 901 4787 pessima
945 4720 1132 4791 (I’sal.
1161 4723 1249 4779 55.
1273 4723 1343 4777 2?.
1365 4724 1406 4795 ).
1437 4725 1600 4782 Vides
1628 4742 1722 4782 eos
1763 4731 1850 4799 qui
1883 4730 1948 4784 ad
1981 4746 2068 4787 res

474 4825 600 4865 suas
623 4813 808 4866 attenti
844 4825 1001 4882 sunt,
1031 4817 1324 4872 maximam
1367 4821 1526 4874 etiam
1558 4836 1623 4876 ex
1652 4837 1713 4877 ea
1743 4838 1902 4892 posse
1924 4827 2071 4880 utili-

477 4913 643 4961 tatem
673 4907 1000 4976 percipere;
1046 4911 1137 4980 qui
1162 4926 1290 4967 vero
1328 4912 1541 4968 desides
1587 4923 1713 4969 sunt
1750 4923 1804 4970 et
1844 4916 2068 4985 inertes,

475 4996 558 5052 eis
599 5011 714 5052 rem
754 4999 898 5053 illam
931 5000 984 5054 in
1013 5013 1221 5071 partem
1251 5005 1494 5076 supplicii
1541 5007 1842 5064 obveuire?
1885 5009 2070 5082 Neque

475 5103 605 5144 vero
645 5091 762 5146 sine
804 5105 965 5147 causa
1001 5093 1142 5149 hunc
1183 5097 1402 5154 instituo
1439 5114 1776 5169 sermonem,
1808 5102 1901 5158 sed
1933 5118 2068 5172 quo-

475 5186 620 5241 niam
662 5187 859 5243 multos
887 5187 1048 5243 audio
1076 5205 1446 5257 saepenumero
1475 5193 1542 5248 de
1569 5195 1756 5250 mortis
1784 5197 2072 5265 generibus

477 5279 643 5335 verba
668 5278 961 5348 facientes,
1006 5290 1062 5336 et
1104 5282 1346 5354 quaedam
1373 5325 1388 5350 ,
1432 5300 1552 5356 qua)
1583 5288 1931 5358 ignominiosa
1963 5304 2068 5343 non

477 5379 624 5434 sunt,
651 5371 750 5426 sibi
783 5371 981 5441 probro
1007 5373 1227 5441 ducere,
1255 5375 1498 5446 quaedam
1523 5378 1749 5434 crimine
1773 5379 1934 5449 digna
1965 5396 2070 5435 non

477 5460 788 5528 vituperare
835 5481 852 5517 :
907 5473 1190 5536 propterea
1241 5468 1663 5524 controversiam
1721 5469 1858 5526 hanc
1911 5474 2072 5526 statui

481 5552 744 5609 hodierno
786 5556 873 5613 die
917 5559 1240 5630 disceptare.
1286 5559 1381 5616 Est
1427 5563 1570 5618 enim
1613 5573 1944 5634 opportunus
1989 5565 2076 5620 hic

485 5647 894 5716 phil050phandi
913 5653 1122 5718 modus,
1150 5665 1203 5710 ct
1232 5655 1456 5709 miriﬁce
1483 5670 1605 5710 cum
1633 5668 1923 5728 martyrum
1939 5672 2072 5713 con-

485 5739 632 5796 venit
656 5742 1013 5800 solemnitate.
1065 5747 1260 5802 Multos
1289 5747 1431 5803 enim
1462 5747 1701 5805 dicentes
1727 5748 1941 5814 audivi,
1984 5751 2075 5806 ille

491 5847 718 5904 peregre
744 5845 983 5891 mortuus
1008 5847 1089 5893 est
1121 5840 1523 5910 ignominiosius
1549 5856 1708 5914 quam
1734 5842 1904 5910 canis,
1931 5845 2076 5898 nullo

3643 395 3739 449 692

2160 510 2223 548 ex
2257 495 2566 564 propinquis
2610 509 2891 564 pra'scute,
2944 513 3116 569 neque
3156 498 3403 569 sepulcro
3448 502 3734 568 ροιιριυιιιυς

2159 586 2253 640 sed
2287 587 2368 639 vix
2402 589 2583 656 paucis
2609 589 2799 644 vicinis
2825 604 2884 645 se
2910 601 3092 645 mutuo
3123 591 3470 649 invitantibus
3494 609 3559 650 ex
3589 611 3735 665 pecu-

2162 678 2246 730 nia
2279 680 2506 747 quadam
2537 692 2812 749 corrogata
2845 683 3127 739 obvolutus
3148 685 3439 755 sepultura:
3470 687 3738 742 mandatus

2161 778 2260 822 est.
2305 769 2382 824 Ne
2413 769 2571 839 igitur
2601 772 2715 826 have
2745 774 2900 829 nobis
2926 776 3197 846 negotium
3241 777 3532 844 facessant,
3575 794 3738 850 opera-

2160 861 2391 929 pretium
2421 863 2579 919 fuerit
2606 866 2914 934 opinionem
2943 867 3099 922 istam
3141 869 3435 940 corrigere.
3465 870 3584 926 Non
3608 871 3738 927 enim

2162 953 2263 1008 huc
2288 963 2372 1010 est
2397 971 2531 1012 cane
2572 958 2819 1013 miserius
2845 960 3009 1026 mori,
3038 961 3112 1015 mi
3138 961 3298 1018 homo
3321 1003 3336 1029 ,
3365 962 3466 1018 sed
3495 977 3626 1020 cane
3652 964 3739 1018 mi-

2161 1046 2334 1100 serius
2375 1049 2509 1103 mori
2553 1058 2638 1104 est
2666 1051 2717 1104 in
2747 1060 2968 1118 peccato
3000 1052 3174 1120 mori,
3207 1069 3315 1109 non
3338 1069 3566 1124 peregre
3593 1054 3739 1109 vitam

2162 1137 2335 1193 ﬁnire.
2366 1138 2484 1194 Noli
2525 1143 2666 1195 enim
2698 1143 2826 1197 mihi
2865 1157 3289 1200 commemorare
3315 1144 3589 1200 hominem
3609 1185 3625 1211 ,
3659 1146 3738 1216 qui

2162 1229 2214 1283 in
2244 1229 2497 1286 deaurato
2526 1232 2668 1288 lecto
2690 1243 2952 1303 gestetur,
2981 1235 3072 1304 qui
3103 1245 3466 1306 prosequente
3493 1245 3602 1290 tota
3622 1235 3742 1290 civi-

2164 1329 2290 1386 tate,
2325 1322 2414 1391 qui
2444 1323 2654 1392 populis
2680 1325 3130 1392 collaudantibus,
3161 1327 3245 1381 cui
3276 1327 3471 1382 serica:
3499 1335 3668 1382 vestes
3692 1337 3740 1379 et

2161 1429 2293 1468 auro
2337 1415 2638 1471 intertexta:
2682 1417 2976 1474 liberaliter
3017 1419 3301 1474 admodum
3348 1420 3737 1474 insternantur:

2163 1504 2265 1560 hoc
2293 1507 2434 1560 enim
2475 1507 2619 1562 aliud
2651 1507 2781 1564 nihil
2827 1519 2939 1572 est,
2971 1525 3131 1581 quam
3175 1511 3458 1566 lautiorem
3489 1511 3739 1566 vermibus

2164 1614 2402 1654 mensam
2447 1617 2736 1671 apponere.
2782 1603 2861 1659 Ne
2913 1603 3073 1674 igitur
3115 1602 3256 1659 hunc
3303 1603 3434 1659 mihi
3481 1603 3737 1666 ostendas.

2163 1696 2256 1750 sed
2286 1697 2426 1752 hunc
2458 1699 2630 1768 ipsum
2661 1698 2750 1768 qui
2782 1707 2928 1754 tanto
2951 1714 3074 1754 cum
3102 1698 3309 1756 honore
3333 1698 3633 1762 deducitur,
3659 1697 3738 1751 illo

2162 1787 2248 1844 die
2288 1791 2416 1844 mihi
2463 1788 2621 1846 velim
2670 1792 2945 1858 ostendas,
2993 1806 3100 1862 quo
3145 1793 3199 1846 in
3243 1793 3462 1848 excelso
3507 1789 3738 1846 tribunali

2162 1880 2405 1937 Christus
2435 1883 2660 1949 sedebit,
2685 1899 2808 1940 cum
2840 1884 2929 1940 ille
2956 1883 3160 1954 judicio
3188 1884 3430 1950 sistetur,
3459 1882 3735 1945 vocabitur.

2163 1975 2422 2028 rationem
2451 1975 2638 2030 reddet
2663 1991 2848 2030 eorum
2872 1991 2991 2045 qum
3017 1974 3232 2041 dixerit,
3256 1991 3374 2045 qua:
3404 1974 3608 2039 fecerit,
3633 1987 3740 2042 qua:

2164 2065 2496 2134 cogitaverit.
2529 2065 2680 2120 Tunc
2709 2067 2852 2120 enim
2885 2066 2959 2120 illi
2992 2065 3168 2120 nullus
3193 2081 3257 2120 ex
3291 2067 3392 2120 hac
3417 2062 3740 2119 multitudine

2167 2155 2620 2224 patrocinabitur,
2655 2172 2830 2225 neque
2878 2157 3140 2226 supplicio
3171 2156 3317 2211 illum
3359 2171 3423 2211 ac
3455 2155 3623 2225 pinnis
3655 2167 3738 2207 ex-

2163 2247 2317 2313 imet,
2348 2262 2520 2316 neque
2545 2247 2938 2302 auxiliabuntur
2954 2246 3001 2328 ej
3024 2247 3287 2301 clamores
3313 2261 3377 2301 ac
3407 2244 3590 2299 laudes
3615 2244 3736 2304 istic,

2163 2338 2256 2392 sed
2300 2340 2444 2393 vultu
2495 2331 2574 2393 in"
2597 2348 2798 2394 terram
2849 2338 3117 2402 demisso,
3169 2336 3410 2407 trepidus
3455 2345 3511 2391 et
3554 2333 3738 2404 pudore

2164 2428 2398 2484 suffusus
2427 2438 2644 2499 propter
2672 2429 2876 2498 objecta
2905 2427 3006 2484 sibi
3035 2428 3258 2484 crimina
3286 2426 3616 2490 abducetur,
3643 2431 3690 2478 et
3710 2436 3736 2474 a

2167 2521 2413 2592 malignis
2437 2522 2711 2592 spiritibus
2741 2520 2806 2576 ad
2847 2530 3047 2576 mterna
3089 2529 3354 2575 tormenta
3381 2533 3503 2574 cum
3548 2513 3735 2586 gravis-

2167 2615 2304 2668 simo
2329 2614 2569 2669 dentium
2597 2612 2848 2680 stridore,
2869 2613 3061 2666 frustra
3105 2611 3429 2677 lamentans,
3463 2619 3516 2665 et
3540 2613 3737 2678 propter

2167 2705 2529 2760 intolerabiles
2552 2705 2768 2761 dolores
2794 2705 3050 2776 plangens
3082 2704 3344 2757 trahetur.

2242 2797 2412 2851 Etiam
2443 2798 2495 2851 in
2527 2798 2622 2851 hac
2651 2798 2752 2851 vita
2779 2805 3010 2868 peccator
3039 2795 3265 2866 punitur.
3287 2824 3361 2834 —
3383 2796 3460 2849 Ac
3487 2791 3604 2847 talia
3631 2787 3737 2859 qui-

2167 2888 2288 2942 dem
2315 2897 2470 2942 erunt
2493 2930 2506 2953 ,
2539 2903 2660 2958 qua:
2706 2883 2809 2941 illis
2852 2886 2906 2940 in
2942 2885 3110 2941 altera
3152 2885 3254 2939 vita
3286 2885 3628 2954 contingent,
3653 2877 3735 2932 sed

2170 2996 2341 3050 neque
2369 2980 2638 3036 toleranda
2661 2987 2802 3045 sunt,
2826 2993 2945 3048 qum
2971 2977 3023 3032 in
3053 2976 3153 3032 hac
3179 2988 3461 3048 geruntur.
3487 2971 3736 3044 Siquidem

2168 3082 2288 3142 post
2318 3072 2501 3127 Iaudes
2530 3071 2649 3126 illas
2678 3070 2939 3142 publicas,
2965 3077 3058 3123 aut
3082 3069 3253 3138 pretio
3281 3073 3631 3138 comparatas,
3659 3066 3736 3114 aut

2169 3180 2198 3218 a
2225 3164 2418 3218 timore
2443 3163 2623 3234 aliquo
2652 3161 2948 3233 profectas,
2979 3175 3166 3215 omnes
3203 3157 3385 3214 audiet
3425 3161 3734 3251 accusantes.

2169 3265 2223 3310 et
2249 3255 2300 3309 in
2333 3254 2500 3309 triviis
2524 3295 2539 3319 ,
2570 3255 2620 3307 in
2653 3252 2769 3307 foro
2791 3293 2808 3321 ,
2847 3251 2899 3305 in
2927 3249 3130 3305 a‘dibus
3153 3291 3169 3317 ,
3196 3249 3248 3304 in
3285 3249 3499 3319 popinis
3519 3287 3534 3311 ,
3562 3246 3612 3299 in
3635 3242 3738 3296 aliis

2169 3347 2418 3410 ofﬁcinis,
2450 3347 2502 3401 in
2532 3345 2638 3409 via,
2669 3345 2722 3400 in
2760 3342 2922 3414 agris,
2953 3351 3010 3397 et
3037 3342 3230 3411 ubique
3259 3340 3500 3412 singulos
3529 3338 3739 3391 viatores

2172 3439 2426 3512 proximis
2457 3453 2578 3494 cum
2619 3439 2812 3494 timore
2850 3444 3129 3492 narrantes
3169 3448 3234 3489 ac
3278 3433 3552 3524 dicentes,
3580 3424 3737 3524 qualia

2173 3549 2428 3605 passurus
2454 3533 2525 3589 sit
2551 3533 2710 3597 mala,
2739 3529 2932 3602 quibus
2956 3526 3228 3598 suppliciis
3251 3523 3609 3584 muletabitur,
3632 3523 3737 3587 qni-

2173 3629 2271 3684 bus
2313 3643 2452 3681 nunc
2493 3625 2594 3682 erit
2625 3621 2986 3694 subjiciendus
3023 3617 3326 3676 tormentis.
3367 3615 3504 3710 Quid
3536 3612 3604 3710 illi
3632 3620 3738 3710 pri):

2172 3719 2271 3775 fuit
2309 3718 2427 3774 hrec
2457 3719 2612 3772 vita?
2659 3730 2817 3787 quem
2863 3713 3093 3768 fructum
3133 3725 3198 3766 ex
3242 3709 3464 3764 avaritia
3509 3698 3738 3770 collegit?

2173 3811 2305 3866 Aliis
2334 3808 2586 3880 pecunias
2631 3821 2754 3861 suas
2798 3805 3106 3874 relinquens
3132 3801 3295 3868 abiit,
3317 3808 3397 3896 nat
3442 3801 3552 3896 ipse
3576 3800 3736 3896 seclll“

2170 3902 2456 3971 assumptis
2484 3898 2717 3972 peccatis
2741 3895 2985 3966 sepultus
3015 3901 3118 3958 est,
3138 3906 3202 3947 ac
3225 3889 3378 3945 multi
3409 3886 3636 3986 undique

2171 4007 2445 4054 cusatores
2474 3992 2871 4063 compatiuntur
2911 3987 3016 4044 illis
3055 4000 3190 4058 quos
3220 3984 3308 4039 ille
3335 3982 3512 4039 aﬁ‘ecit
3546 3979 3734 4045 injuria.

2175 4077 2392 4147 licet’ab
2431 4104 2496 4144 eo
2535 4086 2646 4142 lmsi
2694 4099 2800 4140 non
2848 4080 3066 4137 fuerint.
3111 4077 3244 4134 Nam
3288 4064 3736 4166 quemadmodum.

2173 4199 2293 4240 cum
2345 4180 2504 4251 aliqui
2551 4175 2828 4235 beneﬁciis
2870 4171 3196 4236 afﬁciuntur,
3247 4167 3408 4224 etiam
3454 4163 3526 4220 illi
3569 4154 3738 4230 quibus

2173 4275 2304 4330 nihil
2353 4271 2660 4336 confertur,
2705 4265 3037 4340 gratulantur
3085 4261 3226 4327 illis,
3269 4269 3324 4316 et
3369 4254 3737 4348 benefxctoretp

2171 4364 2475 4423 Collaudant
2511 4380 2525 4419 :
2562 4335 2653 4417 ita
2673 4335 2794 4416 cum
2827 4356 3054 4413 infertur
3082 4351 3402 4427 quibusdam
3434 4345 3645 4443 injuria,
3666 4335 3736 4443 il“

2172 4459 2370 4523 etiam,
2413 4455 2503 4526 qui
2553 4453 2684 4508 nihil
2728 4450 2840 4505 lzesi
2886 4456 3045 4515 sunt,
3093 4443 3492 4514 compatiuntur
3529 4433 3737 4535 afﬂicti-st

2173 4564 2402 4619 eumque
2424 4549 2745 4617 vituperant,
2770 4542 2858 4612 qui
2881 4540 3128 4611 injuriam
3159 4537 3351 4592 intulit.
3378 4535 3574 4590 Idcirco
3592 4526 3734 4623 dixi"

2175 4639 2319 4696 Mors
2360 4648 2680 4708 peccatorum
2727 4634 2982 4704 pessima,
3032 4645 3152 4685 cum
3201 4637 3418 4698 propter
3461 4623 3609 4692 hujus
3633 4620 3738 4713 vitia

2174 4703 2586 4789 obtrectationes
2609 4769 2622 4796 ,
2670 4703 2780 4781 tum
2824 4733 3042 4795 propter
3079 4721 3297 4776 alterius
3338 4722 3616 4812 tormenta.

2175 4825 2332 4896 igitur
2374 4823 2466 4878 ille
2509 4831 2622 4886 est,
2655 4819 2742 4889 qui
2779 4832 2911 4873 cane
2940 4813 3185 4870 miserius
3214 4811 3441 4866 moritur
3470 4826 3482 4861 :
3510 4814 3561 4896 at
3598 4803 3737 4896 iust's

2175 4883 2244 4972 iis
2269 4932 2374 4972 non
2407 4883 2622 4977 eveniti
2651 4883 2744 4967 sed
2770 4910 2897 4964 licet
2935 4907 2987 4962 in
3015 4905 3248 4968 deserto,
3280 4903 3402 4957 licet
3429 4895 3631 4954 nemine
3657 4883 3740 4977 9i)-

2177 5009 2459 5071 volveute,
2504 4973 2625 5060 licet
2672 5001 2888 5057 nemine
2932 5003 3198 5068 praesente
3222 4994 3382 5050 vitam
3415 4991 3572 5050 ﬁniat,
3603 4973 3738 5071 suiﬁ'

2176 5103 2379 5157 cientes
2415 5069 2696 5167 exsequias
2732 5109 2798 5150 ex
2824 5092 2924 5148 hac
2947 5091 3052 5145 vita
3089 5086 3374 5173 discedens
3401 5082 3590 5142 habet,

2177 5197 2312 5252 ciam
2336 5191 2475 5264 apud
2495 5159 2658 5246 Deum
2679 5202 2694 5254 ;
2721 5197 2776 5242 et
2794 5181 3079 5240 admodum
3101 5169 3396 5260 honoriﬁce
3415 5159 3735 5256 praesentibus

2176 5287 2400 5357 angelis,
2425 5285 2647 5362 ejusque
2666 5281 2898 5335 animam
2919 5271 3304 5332 deducentibus
3323 5269 3557 5327 effertur,
3573 5264 3736 5362 quell-1'

2178 5359 2478 5438 adumdum
2504 5393 2568 5432 ex
2599 5376 2802 5431 Lazaro
2829 5379 2954 5426 ante
2981 5363 3380 5431 demonstravi,
3422 5357 3733 5460 atque.

2179 5489 2356 5532 meros
2379 5473 2497 5527 vita:
2518 5486 2629 5524 suae
2651 5467 2951 5524 laudatores
2975 5461 3283 5531 relinquens
3307 5475 3321 5513 :
3345 5452 3482 5526 quod
3503 5449 3543 5505 si
3565 5443 3735 5500 liber05

2179 5565 2476 5638 reliquerit,
2509 5575 2700 5618 onmes
2726 5558 2818 5631 qui
2846 5554 3115 5613 civitatem
3148 5551 3387 5608 incolunt
3413 5545 3514 5638 illis
3538 5539 3732 5638 succ'Il-f‘

2179 5621 2320 5724 rent),
2351 5665 2406 5711 et
2435 5668 2619 5710 eorum
2645 5664 2830 5707 curam
2859 5654 3078 5720 gerent,
3106 5653 3166 5698 ut
3189 5651 3424 5714 paternae
3447 5621 3734 5755 Muigo:

2181 5749 2269 5816 tia:
2307 5718 2539 5818 gratiam
2588 5743 2691 5800 illis
2743 5718 3064 5812 rependant.
3113 5734 3215 5804 Ουί
3262 5747 3392 5788 vero
3437 5718 3714 5821 timuiiij

2181 5807 2382 5915 rapinis
2409 5839 2692 5896 obstrictus
2717 5807 2998 5892 defunctus
3041 5837 3158 5898 est,
3197 5827 3313 5883 sive
3351 5820 3550 5910 relictis.
3579 5807 3739 5886 libi?m
