4088 6456
461 439 563 498 σοι

461 552 748 626 ἀκριϐείας
783 553 974 611 ἑαυτὸν
1003 554 1032 608 ό
1062 554 1270 619 δίκαιος
1311 552 1590 618 πεπεικὼς
1615 548 1703 625 ῆν,
1735 554 1815 609 ὅτι
1844 554 2052 619 Πάντες

462 642 829 714 ἐπανήξομεν,
884 643 985 698 οὐκ
1029 642 1096 698 ἀν
1148 641 1277 713 περὶ
1329 640 1437 695 τῶν
1489 641 1666 696 ὀστῶν
1708 643 2046 709 ἐνετείλατο,

460 730 947 802 ἀναμφισϐήτητον
973 729 1167 801 ἔχωσιν
1197 728 1471 794 ἀπόδειξιν
1495 730 1590 784 καὶ
1613 729 1803 784 ἐλπίδα
1833 729 2055 800 βεϐαίαν

461 813 562 885 τῆς
588 820 668 882 εἰς
691 817 792 889 τήν
808 819 1141 887 ἐνεγκοῦσαν
1169 817 1452 873 ἐπανόδου.
1480 817 1590 871 Καὶ
1614 819 1695 872 ὅτι
1717 817 1876 872 τοῦτό
1905 819 2054 872 ἐστιν

345 953 354 958 .
461 905 682 978 ἀληθὲς,
709 905 805 960 καί
831 904 922 960 διά
940 904 1101 960 τοῦτο
1120 908 1350 977 προεῖπε
1372 905 1501 976 περὶ
1529 905 1638 960 τῶν
1659 905 1832 960 ὀστῶν
1860 903 2052 973 αὐτοῦ,

461 993 564 1064 οὐχ
597 993 739 1064 ὐπέρ
767 995 946 1064 ταφῆς
979 993 1304 1064 φροντίζων,
1351 993 1488 1048 ἀλλὰ
1528 994 1626 1066 τὴν
1659 993 1922 1047 ἀπιστίαν
1952 993 2051 1046 αὐ-

462 1083 574 1135 τῶν
595 1081 995 1153 διορθούμενος,
1018 1083 1251 1137 άκουσον
1273 1082 1326 1135 τί
1342 1099 1506 1154 φησιν
1529 1083 1558 1134 ὀ
1579 1081 1793 1146 Παῦλος
1813 1099 1826 1111 ·
1845 1082 2056 1136 Πίστει

477 1168 702 1239 Ἰωσὴφ
719 1168 1017 1224 τελευτῶν
1027 1170 1159 1239 περὶ
1174 1169 1280 1238 τῆς
1293 1170 1508 1235 ἐξόδου
1520 1169 1639 1223 τῶν
1650 1169 1795 1224 υἱῶν
1810 1169 2056 1238 Ἰσραὴλ

463 1256 899 1326 ἐμνημόνευσε,
932 1257 1030 1311 καὶ
1061 1257 1196 1325 περί
1219 1257 1338 1311 τῶν
1364 1256 1592 1311 ὀστέων
1615 1256 1804 1311 αὐτοῦ
1832 1256 2049 1310 ἐνετεί-

463 1347 635 1397 λατο.
677 1344 742 1398 Τί
774 1347 926 1408 ἐστι,
963 1345 1203 1410 Πίστει;
1239 1346 1384 1398 Ἀντί
1412 1344 1507 1398 τοῦ
1552 1343 1811 1416 προεώρα
1839 1343 1910 1398 τά
1943 1361 2054 1413 μα-

466 1433 622 1503 κροῖς
653 1430 880 1501 ὕστερον
916 1431 1307 1502 συμϐησόμενα
1336 1432 1576 1502 χρόνοις,
1601 1432 1694 1484 καί
1717 1432 1800 1484 ὅτι
1834 1431 2055 1496 πάντως

464 1518 517 1570 οἰ
564 1516 778 1586 ἔγγονοι
822 1517 1194 1589 ἀπολήψονται
1228 1519 1328 1590 τῆν
1359 1519 1586 1574 οἰκείαν.
1620 1518 1719 1573 Ἵν’
1766 1513 1861 1572 οὖν
1890 1516 2053 1572 τοῦτο

466 1597 792 1674 ἐνδείξηται,
836 1605 1123 1676 ἀμφότερα
1155 1606 1329 1660 ταῦτα
1370 1609 1640 1676 προεῖπε,
1677 1606 1774 1660 καὶ
1817 1600 1886 1676 ἦν
1930 1605 2056 1659 ἰδεῖν

469 1691 782 1762 θαυμαστὸν
834 1693 929 1746 καὶ
979 1693 1283 1765 παράδοξον
1325 1694 1418 1747 ἐπὶ
1462 1693 1564 1765 τῆς
1605 1693 1786 1761 ἐξόδου
1821 1695 2060 1764 πρᾶγμα

467 1778 580 1832 τῶν
599 1779 778 1833 ὀστῶν
805 1780 1240 1852 ἐπιφερομένων.
1282 1782 1338 1835 ’0
1367 1783 1473 1852 γάρ
1506 1779 1838 1849 καταγαγὼν
1854 1779 2056 1844 αὐτοὺς

469 1867 552 1931 εἰς
599 1865 876 1935 Αἴγυπτον
942 1868 1161 1940 Ἰωσὴφ,
1219 1869 1382 1933 αὐτὸς
1435 1869 1617 1922 αὐτῶν
1655 1869 1751 1921 καί
1793 1868 2058 1921 ἀνιόντων

470 1956 768 2025 προηγεῖτο
802 1954 984 2020 πάλιν,
1013 1957 1092 2019 εἰς
1116 1955 1393 2027 ὑπομονὴν
1421 1956 1660 2026 ἀλείφων
1688 1955 1783 2010 καὶ
1813 1954 1912 2026 τὴν
1948 1954 2059 2008 τῶν

474 2041 778 2112 μελλόντων
811 2042 1024 2096 ἐλπίδα.
1077 2043 1345 2114 Ὁρῶντες
1369 2043 1479 2114 γάρ
1505 2044 1703 2096 ἐκεῖνοι
1737 2041 1806 2096 τὰ
1834 2041 2059 2111 λείψανα

471 2128 582 2199 πρὸ
606 2128 716 2182 τῶν
741 2128 1057 2201 ὀφθαλμῶν,
1087 2126 1208 2184 εἶτα
1233 2130 1484 2184 ἐντεῦθεν
1509 2129 2058 2200 ἀναμιμνησκόμενοι

470 2216 572 2287 τῆς
621 2217 863 2291 ἱστορίας
907 2218 1128 2288 ἀπάσης
1173 2219 1412 2290 ἐκείνης,
1464 2220 1560 2271 καί
1606 2217 2057 2288 ἀναλογιζόμενοι

475 2304 612 2376 πρὸς
651 2305 900 2370 ἑαυτοὺς,
929 2306 1010 2360 ὅτι
1061 2305 1212 2379 παρὰ
1237 2305 1346 2360 τῶν
1380 2307 1624 2376 ἀδελφῶν
1651 2305 2021 2376 ἐπεϐουλεύθη
2040 2345 2056 2369 ,

467 2391 553 2444 ὅτι
579 2392 659 2456 είς
693 2391 893 2446 λάκκον
914 2392 1135 2465 ἐρρίφη,
1169 2393 1251 2446 ὅτι
1279 2394 1407 2465 περὶ
1433 2393 1542 2446 τῶν
1573 2394 1819 2464 ἐσχάτων
1845 2392 2056 2448 ἐκινδύ-

470 2493 683 2543 νευσεν,
704 2479 785 2532 ὅτι
807 2479 1182 2551 δεσμωτήριον
1204 2480 1412 2552 ᾤκησε,
1428 2481 1523 2534 καὶ
1545 2481 1614 2534 τά
1639 2481 1772 2535 ἄλλα
1789 2480 1853 2552 δὴ
1879 2480 2058 2534 πάντα

472 2563 545 2619 τά
581 2565 970 2637 συμϐεϐηκότα
1001 2566 1154 2639 αὐτῷ
1174 2586 1185 2598 ·
1212 2562 1330 2622 εἶτα
1350 2607 1366 2632 ,
1409 2568 1492 2621 ὅτι
1518 2568 1634 2638 μετ’
1665 2569 1850 2622 ἐκεῖνα
1880 2569 2057 2622 πάντα

473 2651 730 2727 βασιλεὺς
756 2654 977 2722 ἐγένετο
1003 2653 1099 2708 καί
1131 2656 1232 2724 τῆς
1272 2654 1550 2724 Αἰγύπτου
1577 2655 1812 2726 πρῶτος,
1842 2655 1937 2708 καὶ
1965 2673 2053 2708 το-

475 2740 684 2794 σούτων
713 2739 967 2812 κηδεμὼν
998 2741 1094 2794 καὶ
1129 2742 1462 2814 προστάτης,
1497 2743 1689 2806 ἰκανάς
1728 2737 1874 2814 εἶχον
1911 2742 2064 2795 ἐλπί-

472 2827 568 2892 δας
600 2827 740 2898 ὐπέρ
771 2828 874 2896 τῆς
914 2828 1235 2901 ἀπαλλαγῆς
1263 2829 1370 2884 τῶν
1396 2829 1486 2883 ἀεὶ⁵
1529 2829 2060 2902 καταλαμϐανόντων

474 2915 672 2978 αὐτοὺς
709 2913 919 2981 δεινῶν,
953 2915 1337 2987 παιδευόμενοι
1369 2916 1457 2969 διά
1498 2915 1606 2969 τῶν
1638 2916 1814 2970 ὀστῶν
1855 2915 1951 2970 τοῦ
1981 2916 2062 2969 δι-

473 3003 670 3068 καίου,
705 3005 788 3057 ὅτι
821 3004 997 3068 οὐδεὶς
1047 3004 1157 3059 τῶν
1195 3005 1288 3059 ἐπὶ
1320 3006 1412 3060 τὸν
1456 3005 1590 3060 Θεὸν
1624 3006 2057 3070 πιστευσάντων,

476 3091 572 3144 καὶ
609 3091 707 3162 τήν
740 3093 871 3164 παρ’
907 3092 1118 3147 ἐκείνου
1166 3092 1486 3165 συμμαχίαν
1531 3093 1941 3166 ἀναμεινάντων
1979 3094 2064 3159 ἐγ-

477 3183 810 3256 κατελείφθη
843 3185 994 3238 ποτέ.

547 3273 666 3329 Κᾶν
694 3275 801 3347 γάρ
827 3275 1048 3348 λυπηρά
1076 3293 1195 3330 τινα
1227 3278 1324 3330 καί
1358 3276 1633 3349 ἀϐούλητα
1660 3276 1932 3348 μεσολαϐῇ
1965 3275 2065 3340 τάς

478 3362 818 3433 ὑποσχέσεις,
849 3363 946 3416 καί
982 3363 1184 3434 μεταξύ
1220 3364 1588 3436 παρεμπίπτει
1607 3405 1621 3428 ,
1653 3363 1748 3416 τοῦ
1787 3381 1848 3416 τε
1879 3363 2066 3425 τέλους

476 3449 730 3504 οὐδέποτε
753 3449 1050 3524 ἐκκροῦσαι
1078 3451 1368 3520 δυνήσεται
1393 3452 1519 3514 τοὺς
1545 3451 1864 3516 ἐλπίζοντας
1890 3492 1906 3518 ,
1948 3451 2064 3504 ἀλλ’

477 3537 773 3609 ἐκϐήσεται
808 3539 1030 3602 πάντως
1079 3539 1258 3591 ἐκεῖνο
1304 3538 1368 3592 τὸ
1414 3537 1728 3612 προρρηθὲν
1776 3537 1916 3591 κατὰ
1963 3537 2064 3608 τὴν

477 3625 687 3682 ἄνωθεν
710 3625 909 3697 ψῆφον,
943 3625 1360 3698 λαμπροτέρους
1397 3626 1586 3680 ποιοῦν
1625 3627 1753 3689 τοὺς
1786 3624 1902 3696 μεθ’
1931 3625 2064 3677 ὐπο-

483 3713 654 3783 μονῆς
701 3713 1073 3785 ἀναμένοντας
1113 3713 1182 3766 τά
1213 3713 1362 3783 παρά
1391 3711 1485 3766 τοῦ
1525 3711 1660 3766 Θεοῦ
1700 3711 2059 3765 θεσπισθέντα

481 3799 717 3856 ἅπαντα.
751 3802 850 3856 Διά
864 3800 1037 3854 ταῦτα
1060 3801 1189 3871 περί
1211 3801 1320 3854 τῶν
1343 3799 1516 3855 ὀστῶν
1543 3800 1707 3854 αὐτοῦ
1739 3800 2061 3854 ἐνετείλατο.

554 3888 628 3952 ς’.
647 3889 738 3960 Μὴ
753 3889 931 3942 τοίνυν
944 3889 1035 3941 ἐπὶ
1050 3887 1302 3942 τοσοῦτον
1315 3887 1711 3958 ὐπέρτῆςοῖκοι
1722 3887 1902 3956 ταφῆς
1919 3887 2070 3958 ἀκρι-

482 3974 857 4046 ϐολογώμεθα,
880 3975 1012 4047 μηδέ
1031 3975 1258 4029 θάνατον
1278 3976 1590 4047 τρέμωμεν,
1612 3974 1746 4028 ἀλλά
1767 3973 2063 4045 ἁμαρτίαν.

480 4063 558 4121 Οὐ
575 4063 684 4135 γὰρ
697 4065 925 4128 Θάνατος
937 4065 1212 4135 ἁμαρτίαν
1229 4064 1576 4129 summm
1587 4063 1827 4136 ἁμαρτία
1841 4062 2068 4117 θάνατον

482 4153 616 4222 ⁴ἡμῖν
629 4151 909 4222 ἐγέννησε·
929 4151 1156 4216 θάνατος
1172 4151 1227 4204 δέ
1247 4151 1522 4222 ἁμαρτίας
1539 4150 1731 4219 γέγονε
1755 4151 2063 4222 φάρμακον.

483 4239 610 4293 Ὀτι
637 4238 746 4310 γάρ
771 4237 830 4291 οὐ
860 4238 964 4310 χρὴ
997 4238 1224 4292 θάνατον
1249 4238 1564 4303 δεδοικέναι,
1597 4237 1730 4290 άλλά
1768 4237 2066 4309 ἁμαρτίαν,

480 4325 712 4380 ἄκουσον
731 4325 784 4379 τί
802 4343 967 4398 φησιν
979 4328 1006 4379 ὁ
1025 4327 1327 4398 προφήτης·
1348 4327 1542 4395 Τίμιος
1555 4325 1836 4378 ἐναντίον
1847 4325 2068 4394 Κυρίου

482 4414 519 4465 ὁ
537 4411 790 4479 θάνατος
948 4391 1156 4466 ’δοιὼ
1173 4391 1380 4466 αὐτοῦ·
1405 4391 1504 4466 καὶ
1529 4411 1783 4484 ἀλλαχοῦ,
1806 4391 2072 4477 Θάνατος

484 4497 858 4569 ἁμαρτωλῶν
882 4499 1164 4567 πονηρός.
1208 4499 1374 4575 Ὁρᾷς
1394 4502 1475 4554 ὃτι
1507 4501 1556 4554 οἰ
1591 4502 1687 4571 μὲν
1713 4499 2070 4571 προσέχοντες

483 4589 697 4651 ἑαυτοῖς
729 4589 824 4640 καὶ
859 4586 1256 4658 καρπώσασθαι
1285 4589 1354 4641 τὰ
1384 4589 1618 4659 μέγιστα
1658 4588 1753 4642 ἀπ’
1781 4587 1946 4642 αὐτοῦ
1975 4587 2068 4641 δύ-

486 4692 697 4736 νανται,
737 4676 788 4728 οἰ
832 4675 890 4728 δὲ
942 4673 1282 4745 ἠμελημένοι
1333 4676 1427 4728 καὶ
1464 4674 1875 4747 ῥᾳθυμοῦντες,
1923 4669 2068 4729 οὗτοί

483 4766 625 4818 εἰσιν
657 4765 708 4817 οἰ
738 4764 800 4816 τὸ
843 4766 1078 4835 πρᾶγμα
1111 4767 1170 4817 ἐν
1220 4763 1372 4830 τάξει
1413 4764 1712 4837 καταδίκης
1755 4764 2065 4836 δεχόμενοι;

486 4851 606 4922 Οὐχ
659 4851 848 4915 ἁπλῶς
896 4852 953 4905 δέ
1000 4851 1121 4904 οὐδὲ
1161 4851 1347 4904 τοῦτον
1403 4852 1536 4905 κινῶ
1582 4853 1676 4906 τὸν
1721 4851 1898 4920 λόγον,
1953 4852 2068 4906 ἀλλ’

484 4939 675 5010 ἐπειδὴ
712 4938 922 4992 πολλῶν
953 4938 1212 5003 πολλάκις
1235 4937 1418 4993 ἀκούω
1447 4939 1715 5008 λεγόντων
1745 4941 1872 5011 περί
1893 4939 2062 4995 θανά-

487 5043 584 5080 του
616 5025 855 5098 τρόπων,
894 5026 990 5080 καὶ
1033 5028 1162 5090 τοὺς
1204 5027 1304 5097 μὲν
1350 5028 1452 5082 οὐκ
1479 5027 1641 5092 ὄντας
1670 5029 2071 5094 ἐπονειδίστους

486 5113 916 5184 αἰσχυνομένων,
938 5113 1067 5178 τοὺς
1096 5114 1152 5167 δέ
1177 5113 1328 5188 [697]
1364 5116 1630 5187 μεγίστης
1654 5115 1812 5180 ὂντας
1833 5133 2072 5186 κατηγο-

492 5202 614 5273 ρίας
638 5200 824 5265 ἀξίους
854 5201 915 5254 οὐ
960 5201 1375 5266 διαϐαλλόντων,
1403 5203 1593 5256 τούτου
1628 5204 1786 5275 χάριν
1823 5205 1918 5257 καὶ
1945 5204 2071 5258 τοῦ·

487 5304 580 5341 τον
605 5287 862 5358 βούλομαι
891 5287 1264 5359 διευκρινῆσαι
1285 5289 1376 5342 τὸν
1402 5290 1558 5358 λόγον
1579 5290 1837 5363 τήμερον.
1867 5289 2070 5345 Εὐκαι-

493 5390 585 5444 ρος
605 5375 712 5445 γάρ
735 5375 829 5427 καί
858 5366 1012 5437 οὗτος
1033 5377 1091 5428 ἐν
1115 5375 1409 5447 μαρτύρων
1431 5377 1613 5449 ἡμέρᾳ
1631 5377 1730 5448 τῆς
1755 5377 2070 5449 φιλοσοφίας

490 5464 520 5516 ὸ
541 5463 760 5534 τρόπος.
804 5463 1023 5517 Πολλῶν
1057 5464 1166 5535 γὰρ
1194 5465 1402 5536 ἥκουσα
1441 5466 1731 5535 λεγόντων,
1764 5467 1922 5531 κυνὸς
1955 5470 2072 5521 ἀτι-

494 5549 722 5621 μότερον
749 5551 778 5602 ό
809 5549 959 5604 δεῖνα
982 5549 1368 5622 τετελεύτηκεν
1400 5553 1487 5605 ἐπ’
1513 5553 1818 5623 ἀλλοτρίας,
1853 5554 2067 5620 οὐδενὸς

489 5635 599 5690 τῶν
625 5636 945 5708 ἐπιτηδείων
969 5637 1236 5709 παρόντος
1255 5677 1270 5704 ,
1304 5638 1426 5692 οὐτε
1450 5642 1516 5709 τῇ
1550 5643 1621 5711 γῇ
1659 5639 2066 5711 παραδιδόντος,

490 5723 626 5777 ἀλλά
656 5723 807 5794 μόλις
825 5723 1022 5793 ὀλίγων
1046 5725 1305 5794 γειτόνων
1336 5728 1596 5800 ἀλλήλους
1632 5728 2066 5797 συγκαλούντων,

490 5811 555 5877 ἐξ
580 5811 775 5884 ἐράνου
816 5813 961 5877 τινὸς
999 5815 1347 5884 περισταλείς
1371 5856 1385 5880 ,
1414 5816 1556 5870 οὕτω
1590 5817 1864 5889 παρεδόθη
1895 5821 2064 5889 ταφῇ.

491 5894 591 5954 Ἰν*
619 5895 715 5956 οὖν
746 5898 822 5973 μή
846 5898 1019 5955 ταῦτα
1041 5901 1191 5974 ἡμᾶς
1217 5903 1384 5977 λυπῇ,
1417 5906 1714 5979 ἀναγκαῖον
1743 5905 1836 5959 καὶ
1865 5903 2066 5978 ταύτην

1710 437 1798 493 DE
1834 435 1896 492 S.
1940 435 2241 494 DROSIDE
2279 433 2637 493 MARTYRE.

3631 435 3754 490 δοες

2156 557 2554 629 διορθώσασθαι
2574 556 2674 627 τὴν
2703 555 2979 609 ὑπόνοιαν.
3014 553 3090 607 Οὐ
3113 552 3221 622 γάρ
3245 553 3360 605 ἐστι
3386 550 3545 605 τοῦτο
3575 554 3736 615 κυνὸς

2156 650 2482 721 ἀθλιώτερον
2519 648 2832 715 ἀποθανεῖν,
2866 645 3140 719 ἄνθρωπε,
3168 644 3307 700 ἀλλά
3344 643 3503 708 κυνὸς
3534 643 3737 698 ἀθλιὼ-

2155 761 2314 816 τερον
2362 742 2657 797 ἀποθανεῖν
2689 743 2804 795 ἐστι
2845 741 2907 794 τὸ
2941 742 2999 793 ἐν
3040 739 3286 811 ἁμαρτίᾳ
3320 739 3628 802 ἀποθανεῖν,
3674 739 3737 790 οὐ

2156 835 2217 890 τὸ
2256 835 2343 888 ἐπ’
2373 834 2671 906 ,ἀλλοτρίας
2719 832 3021 887 καταλῦσαι
3055 830 3144 884 τὸν
3191 831 3321 901 βίον.
3367 831 3458 901 Μὴ
3495 830 3603 901 γάρ
3649 847 3739 900 μοι

2156 926 2344 980 τοῦτον
2379 928 2538 998 είπῃς
2570 927 2660 979 τὸν
2692 926 2787 979 ἐπὶ
2814 923 2915 995 τῆς
2949 916 3137 993 κλίνης
3175 923 3273 994 τῆς
3315 921 3608 992 διαχρύσου
3646 937 3742 988 φε-

2163 1019 2411 1090 ρόμενον,
2462 1019 2552 1072 τὸν
2595 1018 2696 1088 τῆς
2742 1017 2951 1079 πόλεως
2997 1013 3432 1087 προπεμπούσης
3479 1014 3738 1082 ἀπάσης,

2157 1107 2249 1162 τὸν
2277 1107 2384 1160 τῶν
2409 1107 2596 1178 δήμων
2625 1105 3040 1177 εὐφημούντων,
3077 1101 3169 1159 τδν
3200 1104 3390 1176 ἱμάτια
3419 1104 3620 1176 σηρικὰ
3647 1105 3741 1158 καί

2160 1199 2426 1270 διάχρυσα
2469 1198 2606 1269 μετά
2651 1197 2854 1268 πολλῆς
2903 1201 3093 1269 έχοντα
3131 1197 3600 1268 ἐπεστοιϐασμένα
3641 1197 3739 1268 τῆς

2160 1290 2449 1359 ἀφθονίας·
2477 1290 2636 1343 τοῦτο
2659 1289 2766 1361 γάρ
2792 1290 2946 1344 οὐδὲν
2981 1289 3168 1360 ἕτερόν
3197 1292 3336 1355 ἐστι,
3371 1289 3487 1342 ἀλλ’
3523 1291 3554 1357 ἢ
3587 1290 3742 1359 δαψι-

2160 1382 2423 1454 λεστέραν
2468 1381 2546 1452 τῷ
2610 1381 2854 1452 σκώληκι
2916 1382 3246 1454 παραθεῖναι
3295 1381 3597 1453 τράπεζαν.
3648 1382 3740 1451 Μή

2159 1472 2338 1527 τοίνυν
2367 1471 2556 1525 τοῦτόν
2593 1489 2685 1542 μοι
2711 1471 2912 1543 δείξῃς,
2947 1471 3084 1524 ἀλλά
3110 1471 3279 1536 δεῖξόν
3313 1488 3403 1542 μοι
3426 1469 3616 1524 τοῦτον
3643 1472 3736 1523 αὐ-

2160 1565 2252 1618 τὸν
2282 1564 2372 1618 τὸν
2415 1567 2554 1636 μετά
2595 1565 2864 1634 τοσαύτης
2901 1565 3361 1636 προπεμπόμενον
3400 1564 3567 1635 τιμῆς
3603 1566 3744 1619 κατά

2161 1655 2259 1726 τὴν
2289 1655 2504 1728 ἡμέραν
2528 1657 2766 1727 ἐκείνην,
2790 1658 2920 1711 ὅταν
2951 1658 2980 1709 ό
3006 1655 3242 1726 Χριστὸς
3265 1656 3348 1726 ἐφ’
3372 1656 3578 1727 ὑψηλοῦ
3610 1675 3745 1728 προσ

2161 1747 2461 1820 καθέζηται
2512 1743 2606 1802 τοῦ
2658 1747 2921 1820 βήματος,
2969 1749 3344 1820 εἰσαγόμενον,
3386 1750 3743 1821 καλούμενον.

2160 1839 2388 1903 εὐθύνας
2438 1841 2864 1912 ἀπαιτούμενον,
2903 1836 2980 1897 ῶν
3015 1836 3195 1910 εἷπεν,
3237 1835 3312 1897 ὧν
3368 1841 3624 1913 ἔπραξεν,
3669 1836 3745 1895 ὧν

2159 1931 2434 2002 ἐνενόησε.
2466 1931 2600 1985 Τότε
2629 1932 2739 2003 γάρ
2766 1933 2944 1998 οὐδεὶς
2983 1933 3134 2005 αὐτῷ
3166 1933 3358 1988 τούτου
3390 1931 3483 1985 τοῦ
3508 1932 3746 2004 πλήθους

2161 2025 2596 2096 παραστήσεται,
2631 2023 2754 2078 οὐδέ
2778 2023 3126 2096 ἐξαιρήσεται
3149 2025 3252 2096 τῆς
3282 2025 3558 2086 κολάσεως
3583 2024 3747 2077 αὐτὸν

2161 2117 2257 2170 καὶ
2281 2117 2384 2184 τῆς
2405 2115 2697 2187 τιμωρίας,
2727 2115 2847 2168 οὐδέ
2870 2117 3317 2188 παραστήσονται
3358 2117 3413 2170 αἰ
3445 2116 3568 2187 βοαὶ
3589 2110 3747 2170 αὗται

2161 2208 2255 2262 καὶ
2273 2209 2328 2261 αἰ
2357 2206 2644 2279 εὐφημίαι,
2667 2206 2803 2262 ἀλλά
2825 2207 2976 2265 κάτω
2995 2206 3240 2274 κύπτων,
3271 2208 3745 2281 ἀπαρρησίαστος,

2162 2299 2552 2370 αἰσχυνόμενος
2581 2298 2672 2351 ἐπὶ
2699 2300 2822 2364 ταῖς
2850 2299 2962 2353 τῶν
2997 2301 3342 2372 πραγμάτων
3382 2301 3744 2371 κατηγορίαις

2162 2389 2544 2460 ἀπαχθήσεται
2572 2389 2864 2460 ἑλκόμενος
2894 2390 2998 2443 ὐπὸ
3032 2389 3141 2444 τῶν
3183 2392 3436 2462 πονηρῶν
3461 2392 3748 2462 δυνάμεων

2161 2482 2256 2536 ἐπὶ
2287 2481 2384 2545 τὰς
2428 2481 2728 2546 ἀθανάτους
2759 2483 3011 2548 κολάσεις
3057 2483 3207 2556 μετά
3230 2485 3325 2538 τοῦ
3357 2485 3747 2556 χαλεπωτάτου

2161 2573 2269 2628 τῶν
2320 2575 2548 2628 ὀδόντων
2585 2574 2857 2648 βρυγμοῦ,
2895 2578 3129 2649 ἀνόνητα
3157 2577 3343 2631 λοιπὸν
3393 2578 3609 2649 θρηνῶν
3651 2581 3746 2633 καὶ

2165 2668 2498 2739 κοπτόμενος
2527 2671 2591 2722 ἐκ
2617 2669 2725 2725 τῶν
2753 2671 3042 2742 ἀφορήτων
3065 2669 3286 2727 ὀδυνῶν.

2237 2758 2350 2811 Καὶ
2382 2757 2450 2811 τὰ
2486 2759 2584 2827 μὲν
2615 2761 2733 2812 ἐκεῖ
2749 2761 2995 2826 τοιαῦτα,
3030 2763 3090 2814 οὐ
3122 2762 3228 2832 μὴν
3257 2761 3380 2815 οὐδέ
3411 2762 3482 2815 τά
3513 2763 3751 2818 ἐνταῦθα

2164 2850 2386 2904 ἀνεκτά.
2414 2849 2571 2904 Μετὰ
2595 2851 2708 2922 γὰρ
2735 2850 2836 2916 τὰς
2865 2852 3142 2923 εὐφημίας
3165 2853 3265 2917 τάς
3289 2854 3347 2908 ἐν
3367 2852 3447 2924 τῷ
3477 2855 3631 2924 μέσῳ
3651 2854 3751 2918 τάς

2164 2942 2377 3014 ώνητάς
2404 2942 2636 3010 ἐκείνας,
2669 2943 2703 3014 ἢ
2735 2945 2800 2998 ἐκ
2826 2944 2991 3014 φόϐου
3022 2944 3168 3011 τινὺς
3195 2947 3509 3016 γινομένας,
3534 2947 3752 3000 πάντων

2164 3031 2388 3086 ἀκούσει
2405 3032 2853 3105 κατηγορούντων
2871 3035 2964 3087 καὶ
2992 3035 3050 3088 ἐν
3068 3035 3332 3107 ἀμφόδοις
3351 3037 3446 3088 καί
3475 3037 3532 3090 ἐν
3551 3037 3748 3108 ἀγορᾷ,

2166 3124 2262 3176 καὶ
2289 3124 2348 3177 ἐν
2373 3124 2520 3194 οἰκίᾳ
2547 3124 2642 3178 καὶ
2679 3125 2738 3179 ἐν
2766 3124 3111 3197 καπηλείοις,
3143 3127 3239 3180 καί¹
3261 3129 3319 3180 ἐν
3346 3128 3558 3200 ἑτέροις
3579 3133 3749 3202 ἐργα-

2168 3214 2442 3286 στηρίοις,
2473 3215 2568 3268 καὶ
2593 3217 2651 3268 ἐν
2675 3215 2779 3286 ὀδῷ
2804 3218 2900 3269 καὶ
2928 3218 2986 3270 ἐν
3008 3216 3184 3290 χώρᾳ,
3213 3220 3308 3272 καί
3339 3221 3616 3291 πανταχοῦ
3643 3222 3752 3274 τῶν

2165 3305 2456 3361 ὁδευόντων
2485 3306 2718 3361 ἑκάστου
2740 3307 2878 3378 πρὸς
2899 3309 2989 3363 τὸν
3013 3310 3242 3381 πλησίον
3269 3312 3406 3382 μετά
3434 3313 3630 3367 πολλοῦ
3657 3314 3752 3367 τοῦ

2168 3396 2332 3466 φόϐου
2353 3398 2713 3470 διηγουμένου
2744 3401 2840 3455 καὶ
2863 3401 3134 3471 λέγοντος,
3157 3397 3245 3457 οἶα
3266 3404 3426 3458 αὐτὸν
3449 3405 3752 3470 διαδέξεται

2168 3491 2335 3557 κακά,
2380 3485 2490 3544 οἶαι
2515 3491 2922 3565 ἀπαντήσονται
2950 3497 3235 3568 τιμωρίαι,
3283 3490 3392 3551 οἷαι
3421 3497 3517 3552 νῦν
3547 3500 3756 3570 ἀναμέ-

2169 3600 2318 3636 νουσι
2345 3583 2591 3654 βάσανοι.
2626 3583 2692 3639 Τί
2721 3585 2781 3638 τὺ
2803 3587 2994 3659 κέρδος
3018 3587 3169 3658 αὐτῷ
3191 3588 3385 3658 γέγονε
3412 3590 3513 3660 τῆς
3540 3591 3750 3662 παρού-

2171 3693 2268 3747 σης
2294 3678 2470 3748 ζωῆς;
2511 3677 2564 3730 τί
2596 3678 2658 3732 τὸ
2693 3679 2854 3734 πλέον
2881 3680 2988 3734 ἀπὸ
3010 3682 3108 3752 τῆς
3147 3682 3462 3749 πλεονεξίας
3493 3683 3752 3755 ἐκαρπώ-

2170 3783 2335 3834 σατο;
2394 3768 2636 3840 Ἐτέροις
2678 3769 2747 3824 τά
2805 3772 3067 3842 χρήματα
3115 3772 3440 3826 καταλιπὼν
3486 3775 3752 3844 ἀπῆλθεν.

2169 3859 2330 3922 αὐτὸς
2355 3859 2413 3913 δὲ
2439 3859 2510 3914 τὰ
2543 3862 2920 3934 ἁμαρτήματα
2959 3863 3146 3918 λαϐὼν
3177 3865 3615 3938 κατορώρυκται,
3661 3870 3756 3928 καὶ

2171 3951 2356 4005 πολλοὶ
2381 3953 2717 4025 πανταχόθεν
2746 3957 3041 4030 κατήγοροι
3081 3959 3195 4018 τοῖς
3234 3957 3586 4030 ἠδικημένοις
3633 3978 3755 4016 συν-

2170 4043 2462 4112 αλγοῦντες
2485 4086 2500 4111 ,
2527 4049 2623 4102 καὶ
2659 4049 2707 4101 οἰ
2739 4049 2904 4120 μηδὲν
2946 4051 3270 4116 πεπονθότες
3301 4052 3492 4106 δεινόν.
3544 4053 3756 4122 Ὥσπερ

2171 4135 2281 4207 γάρ
2309 4137 2402 4190 καί
2427 4139 2522 4192 ἐπὶ
2547 4138 2656 4192 τῶν
2692 4141 3190 4214 εὐεργετουμένων,
3231 4145 3326 4197 καὶ
3367 4146 3416 4199 οἰ
3454 4144 3620 4216 μηδὲν
3648 4163 3756 4198 πα-

2173 4229 2356 4294 θόντες
2380 4232 2690 4304 συνήδονται
2717 4237 2829 4298 τοῖς
2847 4235 3101 4302 παθοῦσι,
3122 4237 3216 4290 καί
3240 4237 3331 4292 τὸν
3369 4233 3427 4293 εὖ
3454 4238 3757 4310 ποιήσαντα

2173 4320 2523 4375 ἐπαινοῦσιν·
2563 4322 2736 4388 οὓτως
2782 4326 2876 4379 ἐπὶ
2918 4326 3028 4380 τῶν
3062 4318 3523 4401 ἐπηρεαζομένων
3571 4331 3664 4383 καὶ
3705 4331 3755 4383 οἰ

2175 4414 2344 4485 μηδὲν
2377 4414 2696 4487 ἠδικημένοι
2731 4418 3058 4488 συναλγοῦσι
3084 4425 3196 4486 τοῖς
3223 4424 3409 4486 κακῶς
3433 4425 3752 4488 πεπονθόσι,

2174 4507 2269 4558 καί
2302 4505 2393 4559 τὸν
2416 4509 2718 4579 ποιήσαντα
2741 4510 3044 4575 κακίζουσι.
3068 4511 3169 4565 Διά
3189 4514 3347 4567 τοῦτό
3374 4532 3528 4586 φησι·
3563 4516 3755 4570 Θάνα-

2174 4617 2277 4668 τος
2309 4602 2689 4671 ,ἀμαρτωλῶν
2739 4604 3023 4672 πονηρὸς,
3086 4609 3180 4659 καὶ
3234 4607 3322 4659 διά
3384 4608 3482 4670 τὰς
3521 4609 3757 4664 ἐνταῦθα

2175 4694 2528 4764 κατηγορίας,
2559 4694 2653 4747 καὶ
2682 4693 2771 4748 διὰ
2799 4695 2897 4758 τάς
2918 4697 3033 4749 ἐκεῖ
3061 4697 3331 4761 κολάσεις.
3365 4695 3534 4763 Οὗτος
3576 4700 3756 4755 τοίνυν

2174 4784 2323 4836 ἐστὶν
2361 4786 2388 4837 ὀ
2434 4784 2596 4848 κυνὸς
2647 4785 2969 4857 ἀτιμότερον
3015 4785 3302 4852 τελευτῶν,
3343 4787 3458 4841 ἀλλ’
3513 4789 3607 4842 ἐπὶ
3645 4791 3755 4843 τῶν

2171 4874 2392 4929 δικαίων
2417 4877 2514 4946 οὐχ
2530 4877 2730 4941 οὕτως·
2757 4877 2895 4931 ἀλλά
2919 4878 3022 4933 κᾶν
3050 4879 3108 4933 ἐν
3137 4880 3361 4952 ἐρημίᾳ,
3393 4880 3496 4935 κᾶν
3530 4882 3758 4954 μηδενὸς

2173 4954 2648 5038 περιστέλλοντος,
2693 4969 2847 5042 [698]
2879 4969 2982 5025 κᾶν
3015 4971 3240 5042 μηδενὸς
3273 4973 3539 5046 παρόντος
3581 4991 3754 5031 κατα·

2172 5057 2308 5130 λύσῃ
2346 5060 2445 5130 τὴν
2481 5059 2645 5131 ζωὴν,
2689 5061 2868 5114 ἰκανὸν
2909 5061 3160 5132 ἐντάφιον
3189 5061 3370 5116 λαϐὼν
3410 5064 3617 5129 ἄπεισι,
3655 5063 3755 5134 τὴν

2173 5155 2309 5225 πρὸς
2331 5154 2424 5206 τὸν
2453 5154 2585 5206 Θεὸν
2605 5155 2917 5226 παρρησίαν
2941 5170 2953 5183 ⁸
2982 5154 3301 5228 θαυμαστὴν
3334 5157 3446 5226 ἔχει
3471 5157 3571 5226 τὴν
3592 5158 3754 5227 ἐκφο-

2175 5247 2297 5320 ράν,
2356 5248 2605 5316 ἀγγέλων
2665 5248 2972 5320 παρόντων,
3025 5251 3122 5304 καὶ
3167 5251 3348 5322 ψυχὴν
3392 5249 3752 5319 όδηγούντων,

2173 5340 2425 5411 καθάπερ
2462 5334 2556 5393 οὖν
2585 5339 2756 5412 ἔφθην
2779 5340 3064 5406 ἀποδείξας
3099 5343 3192 5395 ἐπὶ
3232 5341 3324 5394 τοῦ
3347 5341 3622 5412 Λαζάρου,
3653 5359 3755 5411 μυ-

2177 5433 2323 5505 ρίους
2371 5431 2665 5498 ἐπαινέτας
2711 5433 3139 5506 καταλιμπάνων
3201 5433 3304 5504 τῆς
3339 5432 3532 5486 ἐαυτοῦ
3571 5433 3750 5504 ζωῆςο

2171 5524 2276 5577 κᾶν
2305 5524 2499 5590 παῖδας
2527 5524 2805 5605 καταλίπῃ
2823 5567 2837 5589 ,
2865 5526 3067 5589 πάντες
3085 5525 3134 5578 οἱ
3163 5525 3262 5596 τὴν
3288 5525 3444 5579 πόλιν
3470 5527 3754 5593 οἰκοῦντες

2172 5619 2476 5691 προστάται
2503 5620 2598 5674 καὶ
2641 5620 2939 5691 κηδεμόνες
2970 5619 3148 5674 αὐτῶν
3180 5619 3392 5675 ἔσονται
3416 5661 3431 5686 ,
3472 5622 3574 5694 τῆς
3614 5624 3752 5697 πρὸς

2169 5712 2260 5765 τὸν
2311 5713 2526 5785 πατέρα
2573 5713 2787 5777 εὐνοίας
2824 5713 3024 5778 αὐτοὺς
3068 5714 3443 5787 ἀμειϐόμενοι.
3494 5717 3552 5770 '0
3601 5717 3659 5771 δὲ
3693 5720 3753 5772 ἐν

2172 5807 2472 5878 ἁμαρτίαις
2499 5807 2594 5860 καὶ
2621 5803 2958 5874 πλεονεξίαις
2993 5808 3420 5882 τετελευτηκὼς,
3455 5810 3559 5865 κάν
3592 5812 3750 5879 ἀφεὶς

2184 5898 2375 5964 παῖδας
2413 5897 2643 5971 ἀπέλθῃ,
2673 5897 3042 5975 κληρονόμους
3083 5901 3180 5976 τῆς
3212 5903 3419 5972 οἰκείας
3453 5903 3749 5975 ἀπεχθείας
3777 5932 3788 5936 ο
