4088 6446
388 389 494 446 ωδ

391 537 457 577 ex
485 521 585 576 hac
612 518 717 575 vita
746 517 1063 585 decesserit,
1093 516 1485 573 inimicitiarum
1514 531 1729 572 suarum
1755 514 1986 571 heredes

396 613 518 666 illos
558 609 794 666 deseruit
816 651 833 678 ,
870 618 927 664 et
968 609 1108 664 inter
1145 607 1388 662 inimicos
1418 606 1632 678 reliquit
1664 625 1678 662 :
1719 607 1833 664 sive
1870 607 1988 662 sine

393 699 580 760 liberis
618 702 782 756 vitam
811 699 1027 768 ﬁnierit,
1061 714 1129 754 ex
1158 698 1416 764 aediﬁciis,
1448 715 1511 753 ex
1538 696 1657 754 aliis
1688 698 1986 768 possessio-

400 795 561 853 nibus
581 831 595 860 ,
628 809 761 864 quas
791 809 858 849 ex
888 793 1073 863 rapina
1102 800 1157 848 et
1183 791 1454 848 fraudibus
1483 792 1796 862 acquisivit,
1827 801 1988 846 aeter-

401 902 524 941 nam
556 884 912 941 accusationis
951 884 1228 940 materiam
1277 883 1616 954 derelinquit.
1659 884 1730 937 At
1769 897 1874 936 non
1919 882 1991 936 ita

399 978 595 1049 justus,
623 976 721 1033 sed
745 984 942 1032 etcum
972 976 1216 1042 moritur,
1245 977 1529 1030 maximam
1560 975 1836 1030 utilitatem
1865 989 1990 1042 per-

403 1069 532 1140 cipit
550 1107 566 1130 ,
597 1083 721 1123 cum
750 1083 814 1123 ex
841 1067 1071 1138 propriae
1095 1065 1308 1122 virtutis
1333 1064 1703 1122 recordatione
1726 1064 1794 1120 de
1816 1064 1994 1118 omni-

405 1161 506 1216 bus
547 1159 684 1214 vivis
727 1159 865 1215 bene
909 1170 1210 1226 mereatur,
1257 1168 1312 1215 et
1355 1158 1604 1214 meliores
1647 1173 1741 1214 eos
1783 1157 1993 1222 reddat,

406 1250 856 1321 quemadmodum
893 1262 948 1307 et
986 1249 1262 1321 improbus
1289 1249 1390 1305 hac
1415 1249 1574 1304 etiam
1604 1249 1810 1303 ratione
1838 1247 1996 1317 puni-

411 1354 519 1400 tur.
563 1343 678 1399 Non
709 1344 849 1399 enim
881 1351 1082 1398 tantum
1104 1383 1119 1408 ,
1149 1342 1274 1397 dum
1301 1341 1521 1407 vivunt,
1561 1340 1654 1396 sed
1684 1340 1845 1396 etiam
1876 1354 1998 1394 cum

413 1435 738 1501 moriuntur,
761 1434 956 1488 multos
986 1433 1205 1497 laedunt,
1235 1447 1358 1487 cum
1383 1431 1618 1486 avaritiae
1647 1446 1756 1486 sua:
1783 1431 2000 1500 pignora

413 1534 470 1581 et
506 1525 700 1579 indicia
741 1524 936 1594 ubique
976 1523 1365 1592 derelinquant.
1411 1521 1539 1588 Quae
1571 1535 1700 1576 cum
1729 1520 2000 1590 explorata

419 1618 573 1672 nobis
601 1617 728 1684 sint,
759 1632 863 1671 non
889 1631 982 1672 cos
1008 1616 1096 1686 qui
1126 1629 1366 1685 peregre,
1394 1613 1488 1669 sed
1517 1628 1610 1668 eos
1638 1613 1726 1683 qui
1757 1622 2004 1682 peccato-

420 1724 535 1766 rum
577 1709 652 1764 rei
693 1709 1028 1775 moriuntur,
1069 1709 1292 1764 miseros
1320 1721 1671 1773 censeamus,
1711 1721 1885 1776 neque
1911 1722 2005 1763 eos

421 1803 504 1874 qui
535 1802 680 1858 domi
709 1810 869 1872 atque
897 1802 951 1857 in
991 1801 1158 1860 lecto.
1192 1800 1288 1861 sed
1328 1815 1423 1857 eos
1446 1800 1534 1871 qui
1564 1815 1684 1856 cum
1718 1799 1913 1855 virtute
1938 1815 2010 1854 ex

1635 381 1703 440 IN
1729 380 2103 438 MARTYRES
2143 377 2527 437 EGYPTIOS.

3568 369 3672 426 εει

2091 516 2189 572 hac
2218 515 2322 570 vita
2348 511 2664 576 discedunt,
2698 508 2884 565 beatos
2923 507 3269 578 prtedicemus
3291 548 3304 574 ,
3335 521 3398 561 ac
3424 508 3675 562 virtutem

2089 619 2375 672 sectemur,
2403 605 2590 661 vitium
2623 602 2903 672 fugiamus.
2933 600 3023 655 Illa
3051 600 3194 656 enim
3221 609 3274 656 et
3299 600 3598 656 viventibus
3624 611 3676 656 et

2089 698 2441 756 morientibus
2484 696 2700 767 prodest
2744 713 2758 749 :
2803 693 2943 752 istud
2983 709 3110 749 vero
3151 709 3215 749 ex
3259 701 3482 763 utraque
3529 704 3680 763 parte

2091 790 2397 855 lxedit,dum
2424 798 2476 843 et
2502 787 2601 842 hos
2627 785 2825 857 probro
2852 785 3037 852 afﬁcit,
3065 793 3120 839 et
3143 783 3210 840 ad
3234 783 3491 854 supplicia
3515 783 3684 838 abdu-

2092 883 2166 938 cit
2189 890 2408 938 aeterna.
2443 881 2583 936 Deus
2607 888 2784 934 autem
2806 918 2820 943 ,
2849 877 2936 948 qui
2965 879 3134 934 beatae
3164 877 3279 943 isti,
3311 892 3429 947 qua:
3455 891 3555 930 nos
3581 875 3682 930 ho-

2094 973 2284 1028 dierno
2309 972 2396 1027 die
2425 970 2793 1042 congregavit,
2821 978 2881 1023 ut
2908 979 3181 1024 certamen
3209 968 3400 1034 iniret,
3432 974 3486 1022 et
3514 967 3683 1020 lucta-

2097 1074 2263 1128 retur,
2291 1071 2346 1118 ct
2369 1063 2636 1128 vinceret,
2666 1068 2720 1116 et
2745 1069 2801 1115 ut
2825 1068 3108 1115 ornaretur
3135 1073 3330 1114 corona
3354 1099 3369 1125 ,
3397 1058 3685 1123 concessit,

2098 1154 2254 1208 nobis
2299 1153 2458 1208 etiam
2504 1152 2662 1206 simul
2706 1151 2954 1206 omnibus
2998 1150 3050 1204 in
3099 1149 3190 1206 illo
3239 1149 3361 1216 die,
3407 1157 3687 1218 postquam

2101 1246 2258 1316 hujus
2287 1245 2409 1299 vitae
2455 1259 2670 1299 cursum
2719 1242 3124 1308 absolverimus,
3176 1241 3397 1311 ejusque
3439 1238 3689 1294 mandata

2102 1349 2156 1394 et
2181 1340 2327 1408 leges
2354 1336 2835 1400 obscrvaverimus,
2862 1344 2922 1389 ut
2965 1334 3019 1388 in
3048 1343 3246 1388 aeterna
3275 1333 3542 1403 possimus
3570 1345 3692 1385 san-

2103 1443 2203 1488 cta:
2242 1431 2396 1501 hujus
2427 1430 2761 1486 tabernacula
2789 1429 3020 1495 intrare,
3060 1426 3350 1493 concedat,
3393 1433 3446 1480 ct
3474 1426 3692 1478 innuer-

2109 1525 2300 1579 talibus
2345 1524 2500 1579 bonis
2553 1520 2752 1592 potiri,
2797 1520 2968 1589 gratia
3016 1527 3071 1574 et
3114 1518 3441 1590 benignitate
3484 1513 3692 1569 Domini

2108 1616 2276 1671 nostri
2301 1615 2428 1671 Jesu
2467 1612 2702 1678 Christi,
2747 1626 2868 1666 cum
2899 1625 3003 1680 quo
3032 1609 3174 1664 Patri
3201 1609 3367 1678 gloria
3391 1649 3404 1675 ,
3438 1621 3540 1662 una
3571 1618 3693 1660 cum

2111 1708 2311 1779 Spiritu
2336 1715 2551 1773 sancto,
2580 1703 2875 1760 in'smcula.
2911 1702 3102 1757 Amen.

1874 2389 2244 2452 MONITUM.

437 2677 564 2731 hinc
591 2688 718 2730 vero
751 2673 1000 2744 sequitur
1033 2668 1370 2741 probabilius
1400 2683 1522 2724 esse
1553 2667 1795 2722 habitam
1815 2677 1936 2718 eam
1973 2658 2465 2729 Constantinopoli,
2493 2671 2660 2728 quam
2690 2650 2995 2710 Antiochiae
3024 2648 3215 2704 fuisse.
3246 2644 3363 2701 Non
3389 2644 3536 2700 aliud
3563 2658 3693 2713 sup-

439 2791 574 2860 petit
608 2795 990 2858 argumentum
1023 2804 1038 2840 :
1069 2783 1138 2838 de
1167 2782 1427 2839 ﬁrmitate
1466 2779 1781 2852 hujusmodi
1819 2777 2148 2848 conjectura:
2172 2774 2419 2845 judicent
2453 2771 2678 2827 eruditi.

513 2903 895 2974 interpretatio
933 2901 1128 2957 Latina
1164 2909 1250 2956 est
1286 2897 1584 2954 Frontonis
1623 2894 1827 2952 Ducati.

1190 3175 2411 3201 _._____._.__.__.._____-____—

2417 3161 3667 3187 Μ

1009 3343 1535 3427 LAUDATIO
1613 3335 2182 3417 MARTYBUM
2260 3327 2961 3412 ZEGYPTIORUM
3029 3312 3130 3400 (α).

513 3688 564 3742 1.
608 3683 908 3738 Laudantur
937 3677 1175 3749 Egyptii
1223 3675 1359 3746 quod
1387 3674 1625 3745 reliquias
1651 3672 1832 3742 ubique
1859 3671 2026 3738 aliun-

439 3779 652 3840 derent;
690 3772 914 3842 reliquie:
951 3769 1255 3825 Sanctorum
1298 3764 1442 3820 urbes
1485 3761 1792 3817 custodiunt.
1821 3791 1892 3801 —-
1929 3761 2030 3816 Be-

441 3867 683 3924 nedictus
710 3865 878 3926 Deus,
919 3861 1131 3931 quando
1159 3860 1318 3914 etiam
1348 3871 1414 3912 ex
1453 3854 1691 3926 Egypto
1728 3864 1990 3925 martyres
2010 3894 2025 3920 ,

441 3977 507 4017 ex
535 3959 762 4031 )Egypto
803 3957 890 4010 illa
917 3969 1036 4009 cum
1076 3952 1187 4007 Deo
1231 3958 1497 4021 pugnante
1544 3963 1608 4001 ac
1649 3947 1984 4001 insanissima
2011 3987 2025 4011 ,

441 4066 497 4110 et
545 4055 684 4108 unde
739 4051 897 4120 impia
959 4053 1082 4111 ora‘,
1136 4045 1278 4100 unde
1323 4043 1516 4112 linguae
1558 4040 1912 4109 blaSphemre,
1961 4054 2026 4093 ex

443 4147 675 4217 Egypto
697 4150 958 4212 martyres
978 4139 1270 4201 habentur,
1301 4147 1400 4189 nec
1434 4135 1486 4188 in
1515 4131 1747 4202 Egypto
1782 4139 1982 4184 tantum
2008 4171 2024 4196 ,

443 4258 543 4298 nec
567 4242 618 4295 in
659 4237 882 4294 ﬁnitima
914 4234 1192 4303 vicinaque
1221 4229 1438 4300 regione
1461 4267 1478 4294 ,
1509 4225 1605 4282 scd
1633 4225 1828 4295 ubique
1856 4231 2027 4278 terra-

446 4351 584 4390 rum.
616 4331 683 4386 Et
711 4323 1161 4399 quemadmodum
1200 4323 1252 4376 in
1293 4334 1518 4373 annona:
1553 4330 1760 4372 summa
1787 4315 2030 4368 ubertate

445 4442 566 4482 cum
603 4423 834 4478 viderint
872 4419 1082 4474 urbium
1130 4414 1317 4468 incolae
1358 4411 1614 4480 majorem
1641 4449 1657 4475 ,
1701 4422 1859 4478 quam
1902 4419 2032 4460 usus

448 4517 804 4572 habitatorum
847 4508 1115 4580 postulet,
1159 4520 1279 4560 esse
1331 4505 1570 4572 cepiam,
1616 4499 1683 4555 ad
1725 4497 2032 4568 peregrinas

450 4607 608 4664 etiam
640 4604 800 4659 urbes
825 4599 1208 4659 transmittunt;
1232 4609 1353 4650 eum
1383 4603 1608 4648 utsuam
1637 4589 1941 4645 comitatem
1971 4601 2034 4642 ac

448 4697 814 4754 liberalitatem
834 4690 1155 4756 ostendant,
1180 4697 1290 4742 tum
1311 4694 1403 4752 ut,
1427 4693 1622 4754 praeter
1648 4681 1838 4736 horum
1867 4681 2035 4734 abun-

448 4790 682 4844 dantiam
702 4828 716 4852 ,
747 4801 869 4840 cum
898 4781 1149 4837 facilitate
1183 4793 1270 4833 res
1290 4818 1303 4842 ,
1335 4775 1526 4846 quibus
1555 4774 1823 4844 indigent,
1851 4785 2036 4826 rursus

448 4882 516 4936 ab
555 4879 662 4934 illis
688 4876 788 4931 sibi
815 4878 1126 4943 comparent
1156 4887 1168 4922 :
1202 4870 1279 4924 sic
1307 4877 1361 4924 et
1384 4865 1618 4937 :‘Egyptii
1641 4907 1656 4931 ,
1680 4864 1820 4935 quod
1850 4864 2038 4918 attinet

448 4970 516 5025 ad
561 4967 835 5038 religionis
877 4964 1136 5025 athletas,
1166 4959 1403 5014 fecerunt
1436 4974 1450 5010 :
1478 4972 1598 5012 cum
1630 4954 1767 5026 apud
1806 4970 1866 5010 se
1900 4953 2041 5008 mul-

451 5075 558 5116 tam
582 5074 769 5116 eorum
799 5057 890 5112 Dei
907 5054 1228 5126 benignitate
1245 5052 1452 5121 copiam
1477 5057 1792 5116 cernerent,
1817 5064 1924 5104 non
1951 5048 2037 5103 in-

451 5171 584 5227 gens
615 5153 706 5209 Dei
736 5166 928 5206 munus
950 5160 1043 5204 sua
1064 5146 1279 5202 civitate
1299 5145 1698 5206 concluscrunt.
1719 5143 1812 5198 sed
1839 5144 1894 5198 in
1918 5157 2038 5196 om-

455 5263 552 5303 nes
578 5257 734 5302 tcrrae
765 5250 942 5315 partes
964 5241 1222 5295 bonorum
1254 5239 1534 5294 thesauros
1563 5233 1865 5292 effuderunt
1883 5252 1898 5301 ;
1917 5249 2036 5290 cum

456 5349 511 5396 ut
536 5353 688 5394 suum
721 5337 773 5390 in
800 5334 988 5389 fratres
1015 5347 1252 5386 amorem
1278 5329 1641 5392 ostenderent,
1674 5335 1784 5382 tum
1813 5335 1870 5382 ut
1893 5340 2036 5382 com-

457 5446 670 5486 munem
693 5428 930 5484 omnium
959 5425 1239 5480 Dominum
1262 5423 1464 5478 honore
1489 5420 1764 5476 afﬁcerent
1779 5461 1795 5486 ,
1828 5433 1892 5474 ac
1913 5418 2043 5473 civi-

459 5524 552 5579 tati
574 5539 684 5578 sure
708 5520 934 5591 gloriam
964 5515 1102 5587 apud
1120 5531 1308 5570 omnes
1337 5521 1743 5581 compararent,
1776 5512 2042 5581 totiusque

457 5616 605 5670 orbis
653 5627 774 5668 esse
814 5608 1150 5678 metropolim
1201 5606 1553 5663 declararent.
1581 5604 1712 5660 Nam
1752 5606 1796 5660 si
1841 5603 2044 5659 frivolae

460 5706 700 5780 quaedam
723 5717 788 5758 ac
813 5701 1016 5757 minimi
1041 5700 1194 5771 pretii
1217 5699 1547 5761 occasiones,
1571 5711 1796 5767 qumque
1819 5695 1885 5751 ad
1905 5696 2044 5752 hanc

461 5809 664 5857 tantum
691 5796 853 5852 vitam
881 5791 1035 5849 nobis
1063 5789 1341 5847 conferunt
1359 5832 1376 5858 ,
1401 5789 1709 5859 largitiones
1740 5787 1879 5846 hunc
1902 5788 2044 5846 mul-

523 5913 599 5979 (a)
630 5909 807 5963 Collata
828 5921 937 5962 cum
957 5905 1099 5958 Codd.
1119 5912 1270 5970 negg.
1300 5904 1434 5969 197i,
1463 5912 1512 5956 ct
1535 5903 1674 5956 2545.

2141 3674 2209 3728 tis
2239 3672 2458 3728 urbibus
2475 3672 2731 3727 honorem
2759 3671 3038 3741 acquirere
3067 3675 3380 3740 potuerunt,
3402 3675 3578 3719 nonne
3603 3676 3724 3718 eam

2137 3767 2315 3837 potius
2340 3808 2354 3832 ,
2383 3778 2502 3836 qua:
2532 3765 2662 3819 nihil
2693 3780 2760 3818 cx
2789 3762 3005 3818 caducis
3031 3772 3083 3816 et
3107 3758 3545 3830 corruptibilibus
3565 3756 3722 3810 rebus

2140 3857 2380 3928 largitur,
2415 3855 2511 3912 sed
2533 3855 2696 3922 viros,
2728 3855 2818 3925 qui
2843 3853 3086 3920 urbibus,
3115 3867 3232 3918 quae
3253 3850 3356 3905 illis
3382 3847 3721 3910 obvenerint,

2137 3959 2255 4019 post
2272 3950 2472 4005 obitum
2497 3950 2655 4004 etiam
2686 3955 2940 4017 praestant
2965 3947 3324 4010 securitatem,
3346 3955 3453 4013 prae
3474 3939 3726 4010 omnibus

2138 4058 2348 4112 {equum
2376 4049 2459 4096 est
2495 4041 2596 4094 hac
2622 4039 2840 4093 honoris
2862 4035 3210 4107 praerogativa
3241 4033 3469 4090 donari?
3495 4032 3724 4088 Sancto-

2137 4151 2256 4190 rum
2279 4135 2420 4189 enim
2450 4133 2641 4188 horum
2665 4143 2890 4200 corpora
2913 4127 3100 4198 quovis
3126 4125 3466 4180 adamantino
3495 4131 3550 4178 et
3576 4122 3724 4176 inex-

2127 4224 2405 4297 pugnabili
2428 4237 2583 4276 muro
2612 4222 2776 4275 tutius
2805 4219 2958 4273 nobis
2979 4216 3169 4271 urbem
3196 4215 3473 4276 muniunt,
3505 4221 3560 4266 et
3589 4218 3725 4264 tam-

2137 4333 2294 4390 quam
2342 4315 2538 4371 excelsi
2579 4312 2793 4383 quidam
2832 4309 3037 4380 scopuli
3065 4307 3300 4378 undique
3330 4303 3724 4375 prominentes,

2140 4427 2245 4466 non
2287 4409 2476 4464 horum
2498 4449 2511 4471 ,
2548 4406 2640 4477 qui
2677 4405 2776 4460 sub
2800 4416 2990 4458 sensus
3019 4400 3286 4454 caduntet
3305 4395 3476 4451 oculis
3495 4408 3726 4449 cernun-

2141 4514 2227 4559 tur
2251 4546 2264 4570 ,
2298 4503 2530 4558 hostium
2561 4501 2792 4568 impetus
2820 4495 3132 4567 propulsant
3162 4499 3364 4546 tantum
3391 4529 3404 4553 ,
3448 4487 3542 4541 sed
3567 4485 3731 4541 etiam

2141 4595 2482 4652 invisibilium
2529 4592 2832 4646 dmmonum
2875 4584 3135 4650 insidias,
3189 4593 3482 4649 omnesque
3533 4575 3732 4631 diaboli

2142 4687 2355 4744 fraudes
2383 4685 2697 4740 subvertunt
2724 4695 2788 4734 ac
2826 4678 3124 4746 dissipant,
3167 4687 3274 4728 non
3317 4671 3493 4724 minus
3532 4667 3732 4734 facile,

2143 4795 2301 4852 quam
2335 4778 2382 4833 si
2405 4774 2558 4830 fortis
2586 4775 2669 4828 vir
2689 4771 2880 4842 aliquis
2902 4769 3107 4824 ludicra
3135 4779 3424 4837 puerorum
3456 4760 3730 4817 subverte-

2142 4851 2225 4928 ret
2248 4885 2311 4926 ac
2343 4874 2726 4939 prosterneret.
2747 4865 2826 4918 Ac
2851 4870 3044 4917 extera
3074 4857 3290 4928 quidem
3319 4868 3439 4925 qua:
3459 4853 3528 4908 ab
3555 4851 3730 4906 homi-

2144 4963 2300 5018 nibus
2319 4961 2452 5016 ﬁuut
2477 4957 2903 5013 machinamenta
2924 4993 2940 5018 ,
2963 4951 3102 5005 sicut
3125 4947 3298 5014 muri,
3323 4944 3480 5000 fossa:
3503 4985 3517 5007 ,
3547 4955 3694 4997 arma
3714 4980 3731 5007 ,

2145 5055 2370 5110 militum
2409 5052 2577 5121 copim
2606 5058 2663 5104 et
2687 5056 3035 5118 quaecumque
3061 5041 3128 5096 ad
3157 5039 3452 5094 incolarum
3480 5033 3735 5090 securita-

2145 5157 2253 5203 tem
2287 5143 2689 5214 excogitantur,
2724 5137 2794 5196 ab
2832 5135 3074 5192 hostibus
3098 5137 3325 5203 possunt
3347 5126 3588 5200 pluribus
3615 5122 3740 5178 aliis

2146 5240 2421 5308 multoque
2457 5233 2752 5306 majOribus
2781 5229 3044 5287 machinis
3087 5226 3325 5296 ipsorum
3354 5219 3538 5290 repelli
3569 5233 3584 5272 :
3611 5230 3734 5270 cum

2147 5348 2276 5389 vero
2299 5338 2603 5386 sanctorum
2625 5324 2940 5395 corporibus
2966 5321 3127 5378 fuerit
3155 5318 3342 5373 civitas
3366 5311 3694 5369 communita
3716 5349 3734 5376 ,
3782 5367 3792 5387 δ

2148 5613 2270 5670 dam
2300 5609 2787 5666 machinamentum
2828 5611 3118 5671 opponere.
3153 5593 3338 5663 Neque
3365 5604 3494 5647 vero
3532 5595 3736 5645 tantum

2150 5705 2405 5761 adversus
2447 5700 2723 5755 hominum
2767 5693 3021 5755 insidias,
3069 5695 3162 5743 aut
3206 5686 3462 5741 adversus
3494 5677 3732 5736 fallacias

2151 5797 2456 5853 dzcmonum
2495 5790 2638 5846 utilis
2674 5785 2830 5843 nobis
2865 5791 2949 5838 est
2989 5781 3106 5836 haec
3154 5775 3464 5849 possessio,
3506 5768 3737 5826 dilectis-

2154 5891 2326 5961 sime;
2368 5887 2463 5948 sed
2487 5884 2586 5944 etsi
2613 5881 2768 5941 nobis
2797 5875 3096 5942 communis
3122 5872 3379 5932 Dominus
3404 5868 3476 5926 ob
3501 5872 3740 5940 peccato-
