4088 6444
457 384 561 440 695

455 511 573 550 rum
610 497 1004 554 multitudinem
1050 502 1340 568 irascatur,
1365 499 1453 556 bis
1479 499 1702 572 objectis
1732 499 2045 571 corporibus

454 589 713 645 continuo
761 594 1054 662 poterimus
1090 609 1212 650 eum
1243 595 1528 666 propitium
1566 594 1790 650 reddere
1823 594 2046 650 civitati.

457 677 673 736 Etenim
713 684 793 744 si.
825 686 912 754 qui
946 686 1109 742 multa
1154 688 1410 758 prmclare
1444 697 1755 758 gesserant,
1784 687 2047 758 majorum

456 780 763 828 nostrorum
793 785 946 832 :ntate
975 788 1284 834 sanctorum
1316 779 1549 834 virorum
1581 779 1795 833 nomina
1820 786 2050 848 praeten-

457 862 667 930 dentes,
696 873 854 936 atque
883 867 950 922 ad
972 867 1240 923 Abraham
1261 911 1274 933 ,
1301 868 1447 924 Isaac
1472 879 1526 925 et
1546 869 1712 926 Jacob
1736 869 2050 939 appellatio-

456 972 582 1012 nem
629 959 998 1031 confugientes
1045 961 1238 1034 (Exod.
1267 962 1374 1024 ὗες
1412 961 1618 1018 Barttch
1660 963 1771 1034 2),
1806 961 2048 1018 nonnihil

457 1051 634 1106 solatii
673 1060 801 1107 sunt
836 1055 1106 1125 assequuti
1132 1098 1147 1122 ,
1179 1069 1242 1110 ac
1271 1070 1517 1126 magnam
1548 1071 1612 1111 ex
1645 1055 1836 1110 horum
1875 1054 2050 1109 nomi-

458 1155 586 1196 num
654 1145 1166 1214 commemoratione
1235 1147 1517 1203 utilitatem
1591 1146 1976 1216 decerpserunt
2030 1164 2045 1202 :

457 1233 628 1288 multo
655 1236 821 1306 magis
848 1251 946 1290 nos
970 1253 1076 1292 non
1105 1246 1310 1294 tantum
1338 1241 1556 1295 nomina
1578 1282 1593 1306 ,
1621 1239 1717 1295 sed
1749 1238 1864 1310 ipsa
1885 1283 1898 1301 .
1928 1254 2050 1310 qua:

455 1322 824 1392 decertaruut,
849 1343 1076 1397 corpora
1101 1330 1498 1399 prmtendentes
1520 1372 1536 1395 ,
1564 1331 1732 1386 Deum
1760 1331 2047 1402 propitium

455 1423 512 1471 et
529 1416 816 1488 benignum
843 1419 1045 1476 habere
1069 1423 1364 1491 poterimus
1385 1437 1448 1477 ac
1475 1423 1761 1493 placatum.
1791 1423 1966 1494 Atque
1993 1432 2051 1479 ut

453 1523 538 1574 ea,
568 1524 686 1580 qure
711 1510 959 1580 dicimus,
991 1514 1279 1569 verborum
1312 1516 1513 1571 fumum
1537 1531 1640 1572 non
1659 1532 1780 1573 esse
1799 1526 2047 1584 constet,

456 1610 652 1656 norunt
699 1603 854 1659 multi
907 1619 1031 1660 cum
1087 1605 1496 1677 indigenarum,
1550 1617 1660 1663 tum
1716 1625 1902 1665 eorum
1958 1611 2048 1681 qui

452 1691 672 1748 aliunde
699 1705 998 1762 venerunt,
1027 1707 1222 1768 quanta
1250 1712 1558 1755 sanctorum
1586 1702 1810 1756 istorum
1840 1702 1909 1757 sit
1938 1702 2044 1756 vir-

457 1791 578 1850 tus,
623 1787 713 1855 qui
759 1797 812 1842 et
859 1789 1167 1845 testimonio
1201 1805 1300 1846 suo
1326 1807 1446 1863 qua:
1471 1792 1610 1848 dicta
1641 1803 1766 1849 sunt
1811 1809 2054 1865 compro-

455 1873 605 1943 bant,
634 1880 804 1950 utqui
831 1893 1085 1952 quantam
1113 1884 1253 1954 apud
1283 1886 1450 1941 Deum
1479 1885 1724 1942 fiduciam
1747 1888 2047 1954 obtineant,

453 1969 824 2037 experimento
853 1975 1214 2043 compererint
1239 1993 1253 2029 :
1278 1989 1340 2031 ac
1365 1976 1558 2034 merito
1587 1993 1737 2033 sane.
1768 1978 1885 2034 Non
1905 1979 2046 2034 enim

455 2060 662 2132 vulgari
693 2063 852 2118 modo
877 2079 974 2134 pro
1005 2067 1228 2123 veritate
1257 2067 1630 2139 decet-larunt,
1659 2070 1754 2127 sed
1779 2071 1918 2127 adeo
1946 2073 2051 2126 for-

457 2152 584 2207 titer
638 2163 962 2227 strenueque
1011 2158 1272 2215 violentos
1314 2170 1368 2217 et
1412 2162 1771 2220 intolerabiles
1820 2164 2052 2235 impetus

456 2248 716 2305 dmmouis
742 2253 1090 2322 repulerunt,
1124 2271 1188 2311 ac
1225 2257 1270 2311 si
1297 2257 1349 2312 in
1381 2259 1556 2313 saxeis
1585 2259 1878 2330 ferreisque
1898 2303 1913 2327 ,
1943 2275 2050 2316 non

455 2349 633 2396 autem
660 2343 906 2400 obnoxiis
927 2347 1257 2417 corruptioni
1287 2349 1706 2422 mortalibusque
1737 2352 2052 2422 corporibus

455 2433 796 2492 decertarent
831 2455 843 2493 :
868 2439 1021 2512 quasi
1045 2439 1156 2511 jam
1185 2441 1252 2497 ad
1278 2443 1420 2496 illam
1452 2443 1715 2512 passionis
1741 2454 2048 2514 expertem,

456 2535 512 2580 et
550 2529 904 2584 immortalem
933 2539 1176 2586 naturam
1205 2534 1413 2589 acerbis
1433 2548 1496 2588 ac
1520 2533 1761 2590 dolorem
1786 2536 2050 2592 inurenti-

456 2618 558 2672 bus
586 2620 826 2689 corporis
847 2622 1167 2678 cruciatibus
1192 2639 1298 2679 non
1323 2624 1622 2690 cedentem,
1651 2627 1893 2682 translati
1924 2626 2052 2683 fuis-

457 2721 596 2766 sent.
631 2712 845 2769 Etenim
876 2722 1128 2786 tanquam
1147 2732 1302 2772 szeva:
1324 2720 1566 2789 quredam
1599 2720 1822 2787 belluas,
1855 2722 2051 2778 crude-

457 2800 567 2868 les,
598 2813 654 2858 et
693 2803 954 2860 immanes
988 2821 1214 2876 corpora
1243 2810 1649 2866 circumstantes
1677 2811 1909 2882 undique
1931 2829 2052 2870 car-

458 2894 644 2950 nifices
686 2895 852 2951 latera
895 2898 1298 2968 perfodiebant,
1339 2917 1532 2959 carnes
1562 2904 1900 2973 lacerabant,
1930 2921 2052 2962 ossa

458 2985 780 3058 detegebant
803 3004 865 3045 ac
893 2990 1232 3046 denudabant
1254 3035 1269 3062 ,
1303 3009 1404 3050 nec
1429 3010 1522 3050 eos
1549 2997 1836 3068 quidquam
1867 2997 1936 3052 ab
1965 2997 2052 3054 illa

459 3076 777 3137 crudelitate
805 3090 966 3151 atque
1008 3081 1334 3139 immanitate
1366 3087 1694 3154 revocabat;
1723 3088 1816 3144 sed
1840 3097 1895 3146 et
1931 3104 2053 3145 cum

461 3180 606 3242 terga
638 3173 998 3242 pervasissent
1025 3191 1088 3232 ac
1111 3177 1314 3234 viscera
1335 3221 1349 3243 ,
1378 3189 1432 3234 et
1458 3180 1524 3235 ad
1552 3182 1735 3237 intima
1773 3192 2053 3254 penetras-

459 3273 615 3331 sent,
650 3265 980 3322 recouditmu
1015 3269 1068 3327 in
1109 3269 1215 3329 illis
1261 3272 1380 3328 fidei
1411 3273 1716 3330 thesaurum
1762 3277 2055 3347 compilan-

461 3353 587 3408 dum
614 3371 720 3410 non
751 3357 1070 3415 invenerunt
1103 3380 1116 3414 :
1149 3363 1274 3432 quin
1306 3365 1446 3418 idem
1485 3367 1662 3436 potius
1689 3367 1795 3423 illis
1821 3369 2010 3423 accidit
2036 3411 2051 3435 ,

461 3445 602 3514 quod
629 3448 912 3517 aliquibus,
933 3452 1019 3522 qui
1051 3468 1173 3508 cum
1201 3454 1390 3511 urbem
1420 3459 1849 3528 augustissimam
1870 3503 1884 3526 ,
1917 3461 2057 3516 divi-

465 3537 552 3592 tiis
583 3540 766 3595 multis
790 3542 1041 3599 refertam
1067 3588 1081 3611 ,
1110 3554 1163 3602 et
1192 3549 1424 3617 copiosis
1455 3549 1721 3606 thesauris
1747 3553 2054 3622 opulentam

461 3630 793 3701 obsederint,
826 3645 881 3691 et
901 3639 1105 3694 eversis
1131 3642 1401 3698 moenibus
1421 3643 1538 3712 ejus
1561 3645 1628 3699 ad
1656 3646 1768 3713 ipsa
1806 3649 2057 3716 pecunia-

465 3737 582 3777 rum
609 3729 972 3797 promptuaria
993 3730 1328 3801 devenerint,
1351 3744 1529 3803 portas
1545 3739 1854 3802 everterint,
1877 3748 2058 3796 vectes

464 3815 809 3884 sustulerint,
859 3820 1222 3890 pavimentum
1272 3825 1592 3892 effuderint,
1620 3829 1799 3884 omnia
1838 3833 2057 3887 scrutati

465 3922 575 3963 non
614 3910 885 3980 potuerint
921 3914 1038 3983 ejus
1070 3915 1296 3972 divitiis
1318 3917 1554 3988 abreptis
1581 3919 1878 3978 discedere.
1909 3923 2056 3980 Talia

466 4011 699 4070 namque
723 4013 848 4058 sunt
871 4005 1064 4060 animm
1089 4005 1228 4063 bona
1257 4024 1272 4060 :
1304 4024 1407 4064 non
1448 4012 1688 4080 corporis
1725 4014 2059 4082 passionibus

467 4092 793 4159 produntur,
823 4109 949 4150 cum
979 4111 1049 4151 «ea
1085 4098 1199 4168 ipsa
1233 4109 1389 4156 caute
1424 4102 1657 4157 custodit
1685 4120 1700 4158 :
1731 4105 1856 4160 licet
1884 4105 2056 4175 ipsum

470 4191 657 4250 pectus
684 4185 908 4242 ellodias
928 4227 944 4252 ,
984 4195 1039 4243 et
1065 4199 1278 4258 raptum
1311 4206 1406 4247 cor
1439 4193 1741 4254 minutatim
1772 4196 2058 4264 concidas,

470 4275 781 4332 thesaurum
811 4278 975 4333 semel
1001 4293 1032 4334 a
1063 4280 1170 4336 fide
1205 4281 1308 4336 sibi
1346 4283 1608 4339 creditura
1656 4301 1762 4341 non
1803 4286 2058 4343 dimittet.

470 4366 581 4424 lloc
618 4378 800 4423 autem
837 4369 1034 4424 divinae
1061 4372 1247 4441 gratia:
1274 4388 1411 4443 opus
1435 4383 1549 4442 est,
1577 4390 1696 4446 qua:
1727 4387 1918 4433 cuncta
1945 4378 2061 4434 dis-

471 4469 660 4528 pensat
698 4469 752 4515 et
777 4461 830 4518 in
857 4462 1083 4520 infirmis
1113 4465 1429 4534 corporibus
1451 4467 1710 4524 mirabilia
1732 4479 1908 4538 potest
1934 4487 2060 4541 per-

471 4554 649 4610 licere.
691 4555 864 4626 Atque
908 4556 1009 4612 hoc
1048 4557 1264 4628 quidem
1293 4559 1647 4616 admiratione
1692 4562 1904 4632 dignius
1931 4574 2014 4619 est
2046 4581 2060 4618 :

472 4659 577 4698 non
603 4645 745 4701 enim
773 4647 954 4715 modo,
985 4665 1106 4704 cum
1138 4648 1274 4704 adeo
1305 4649 1726 4707 insaniisseutac
1743 4653 2061 4721 sreviissent,

473 4739 605 4793 nihil
629 4755 694 4796 cx
724 4741 988 4799 thesauris
1026 4745 1314 4800 reconditis
1343 4745 1755 4815 subripuerunt,
1783 4746 1878 4801 sed
1904 4749 2064 4807 etiam

472 4831 770 4887 cll'eceruut
789 4872 805 4898 ,
833 4843 892 4888 ut
915 4850 1011 4890 eos
1048 4836 1234 4906 majori
1265 4836 1513 4892 cautione
1537 4837 1907 4905 custodirent;
1936 4840 2064 4909 quin

473 4928 637 4982 etiam
666 4925 786 4980 illos
809 4943 930 4984 eum
965 4929 1314 4998 illustriores,
1349 4943 1458 4984 tum
1489 4930 1854 5000 epulentiores
1888 4931 2064 4986 reddi-

471 5024 691 5079 dertmt.
720 5018 835 5074 Non
860 5021 1002 5074 enim
1027 5022 1137 5090 jam
1163 5022 1338 5079 anima
1367 5023 1504 5089 sola,
1538 5021 1631 5078 sed
1655 5030 1710 5078 et
1737 5023 1910 5093 ipsum
1941 5039 2062 5078 cor-

473 5132 572 5186 pus
597 5111 817 5184 majoris
857 5112 1040 5184 gratiae
1064 5114 1258 5169 factum
1296 5127 1378 5170 est
1407 5103 1672 5186 particeps
1701 5132 1714 5168 :
1739 5130 1911 5186 neque
1947 5125 2068 5176 tan-

398 5252 401 5253 ν
474 5220 588 5266 tum
627 5223 788 5280 quam
834 5204 1104 5272 habebat,
1145 5221 1250 5262 non
1278 5209 1485 5274 amisit,
1525 5218 1805 5280 postquam
1853 5209 2068 5265 dissecti

473 5311 601 5358 sunt
622 5310 781 5372 atque
800 5299 1000 5356 concisi
1037 5309 1278 5368 persaepe
1295 5340 1310 5365 ,
1333 5299 1428 5354 sed
1450 5311 1503 5354 et
1530 5301 1799 5370 copiosius
1829 5300 1928 5356 sibi
1959 5315 2070 5354 ma-

475 5391 668 5464 jusque
709 5393 1005 5450 subsidium
1034 5392 1383 5460 comparavit.
1423 5391 1561 5460 Quid
1602 5394 1700 5446 hae
1730 5392 1949 5448 victoria
1973 5393 2072 5446 mi-

480 5489 700 5543 rabilius
749 5489 863 5544 ﬁeri
903 5488 1105 5559 p’ossit,
1134 5501 1256 5541 cum
1300 5501 1395 5541 eos
1419 5527 1434 5551 ,
1477 5499 1612 5555 quos
1640 5484 1987 5549 detinebant,
2017 5495 2071 5541 et

481 5579 740 5632 obnoxios
778 5579 1074 5646 habebant,
1104 5594 1169 5634 ac
1195 5580 1402 5632 vinctos
1438 5576 1720 5646 imperiose
1754 5574 2030 5631 credebant
2053 5617 2068 5641 ,

482 5685 738 5740 superare
766 5685 872 5724 non
897 5672 1199 5740 potuerint,
1231 5671 1325 5728 sed
1345 5671 1414 5726 ab
1445 5671 1561 5727 istis
1586 5669 1780 5742 misere
1806 5684 1869 5723 ac
1891 5668 2070 5724 infeli-

483 5763 617 5816 citer
644 5763 1024 5817 vincerentur?
1046 5763 1158 5818 Non
1189 5765 1330 5820 enim
1373 5763 1571 5821 bcllutu
1611 5777 1731 5817 cum
1767 5761 1931 5831 ipsis,
1977 5760 2071 5814 sed

483 5867 606 5910 cum
639 5854 936 5915 habitatore
960 5853 1195 5925 ipsorum
1234 5859 1343 5916 Deo
1395 5856 1650 5928 gerebant
1694 5870 1704 5906 :
1745 5869 1864 5911 cum
1913 5866 2069 5926 jozjt'o

1231 384 1289 441 S.
1330 381 1608 440 JO.\Nl\’lS
1646 377 2124 435 CllliYSUSTOMl
2162 378 2477 436 ARCHIEP.
2520 377 3051 438 CONSTANTINOP.

3635 375 3734 442 696

2159 496 2249 567 qui
2265 511 2385 552 cum
2416 497 2526 553 Deo
2551 497 2746 553 bellum
2771 502 2924 570 gerit,
2953 500 3307 556 necessarium
3327 516 3448 558 esse
3471 502 3627 574 plane
3647 519 3735 560 sn-

2155 586 2352 658 periori
2383 591 2619 659 potentia
2643 591 2802 658 vinci,
2825 606 2889 647 ac
2909 590 3074 648 solius
3110 603 3329 652 conatus
3379 594 3531 651 luere
3559 611 3735 667 pinnas

2155 679 2364 750 ignorat
2403 697 2582 738 nemo.

2225 773 2280 833 ‘2.
2307 774 2432 829 Cum
2465 775 2571 830 Deo
2595 777 2780 831 bellum
2809 777 2935 849 gerit
2952 777 3040 846 qui
3064 776 3317 851 Martyres
3345 789 3564 851 torquet.
3593 780 3733 838 Chri-

2155 865 2308 920 stiani
2332 867 2401 920 ad
2428 868 2633 922 autalta
2660 869 2908 922 damnati.
2929 899 3000 910 —
3029 869 3342 940 llujusmodi
3375 882 3506 926 sunt
3530 881 3736 927 sancto-

2156 973 2272 1013 rum
2307 960 2560 1016 victorize.
2593 961 2745 1030 Quod
2785 962 2831 1016 si
2856 962 3148 1018 certamina
3177 972 3233 1018 et
3260 963 3416 1019 lucta:
3447 974 3574 1018 sunt
3612 966 3738 1020 adeo

2156 1051 2428 1107 mirabiles
2456 1066 2520 1107 ac
2547 1053 2859 1123 stupendae,
2889 1053 3015 1124 quid
3047 1053 3118 1108 de
3153 1055 3388 1124 praemiis
3424 1055 3738 1122 coronisque

2155 1142 2428 1209 dicemus,
2471 1160 2589 1215 qua:
2619 1145 2855 1215 ipsorum
2888 1145 3185 1200 tolerantiae
3210 1146 3596 1201 reservantur?
3630 1145 3736 1200 Non

2155 1235 2298 1291 enim
2350 1237 2486 1290 intra
2538 1236 2636 1291 ista
2667 1245 2928 1292 tormenta
2971 1237 3360 1302 constiterunt,
3391 1251 3498 1292 nec
3533 1251 3737 1292 cursum

2155 1327 2243 1382 hic
2281 1341 2434 1381 suum
2467 1327 2894 1397 interruperunt;
2931 1327 3026 1383 sed
3066 1327 3288 1383 ulterius
3333 1327 3551 1383 illorum
3577 1341 3736 1383 scam-

2155 1429 2295 1474 mata
2337 1418 2794 1489 protendebantur
2836 1436 2850 1473 :
2890 1418 3034 1490 quod
3071 1418 3344 1489 improbus
3371 1417 3594 1489 quidem
3634 1417 3736 1472 dre-

2156 1525 2281 1565 mon
2307 1510 2615 1566 accessione
2643 1525 2922 1581 pmnarum
2947 1509 3176 1566 athletas
3200 1525 3261 1565 se
3283 1510 3736 1580 supplantaturum

2155 1614 2433 1674 speraret,
2471 1605 2610 1660 Deus
2635 1611 2815 1658 autem
2841 1603 3100 1673 benignus
3129 1602 3467 1673 permitteret
3484 1643 3502 1669 ,
3535 1616 3632 1657 nec
3653 1602 3738 1656 im-

2153 1697 2362 1770 pediret
2384 1739 2398 1762 ,
2429 1704 2486 1751 ut
2509 1705 2564 1752 et
2587 1694 2882 1752 infidelium
2905 1695 3109 1750 insania
3139 1693 3477 1748 manifestior
3503 1692 3742 1748 erunibus

2155 1796 2475 1860 appareret,
2518 1797 2576 1844 et
2613 1785 3005 1858 splendidiores
3053 1785 3169 1840 istis
3213 1799 3429 1841 coronae
3473 1783 3741 1852 multoque

2157 1880 2334 1950 plures
2364 1887 2724 1936 necterentur.
2753 1877 2821 1933 Et
2845 1875 3296 1948 quemadmodum
3320 1876 3372 1929 in
3398 1873 3538 1930 Jobe
3559 1874 3697 1929 venit
3723 1890 3737 1929 :

2156 1971 2245 2028 hic
2271 1972 2486 2042 quidem
2511 1971 2692 2041 plures
2713 1969 2976 2025 adversus
3001 1983 3124 2024 eum
3153 1981 3343 2040 paruas
3372 1981 3403 2020 a
3437 1966 3550 2022 Dee
3575 1973 3740 2034 postu-

2156 2063 2329 2127 labat,
2355 2078 2418 2118 ac
2446 2077 2506 2118 se
2539 2062 2800 2117 malorum
2829 2059 3251 2115 accumulatione
3277 2072 3601 2129 generosum
3630 2056 3737 2128 pie-

2156 2155 2281 2211 tatis
2307 2155 2562 2210 athletam
2590 2163 2965 2225 superaturum
3002 2151 3253 2223 sperabat
3285 2169 3298 2206 :
3327 2151 3420 2206 ille
3448 2165 3578 2205 vero
3611 2149 3739 2202 sine-

2157 2249 2268 2315 bat,
2297 2263 2361 2303 ac
2384 2247 2560 2318 pravis
2581 2245 2924 2317 petitionibus
2949 2245 3098 2315 pravi
3118 2244 3378 2300 dannonis
3400 2242 3736 2314 indulgebat,

2155 2352 2211 2395 et
2232 2339 2488 2394 athletam
2518 2351 2672 2393 suum
2700 2336 3045 2392 illustriorem
3072 2333 3330 2391 reddebat
3360 2333 3477 2389 :ita
3506 2333 3741 2388 nimirum

2156 2431 2245 2487 hic
2272 2430 2480 2487 accidit.
2515 2430 2805 2501 Postquam
2841 2429 2986 2485 enim
3031 2429 3275 2499 ipsorum
3319 2442 3525 2498 corpus
3572 2426 3744 2498 quavis

2157 2522 2269 2578 fera
2298 2521 2566 2578 crudelius
2596 2521 2741 2576 omni
2770 2535 2835 2575 ex
2872 2527 3024 2590 parte
3051 2518 3305 2590 depastus
3331 2526 3414 2574 est
3447 2525 3507 2573 et
3537 2514 3740 2572 exedit.

2155 2617 2500 2688 linguamque
2524 2623 2580 2670 et
2607 2629 2668 2670 os
2690 2613 3012 2679 cruentavit,
3043 2612 3251 2668 tametsi
3284 2626 3389 2667 non
3411 2625 3614 2667 cruore
3629 2621 3741 2665 sar.-

2156 2719 2397 2776 ctorum,
2428 2707 2523 2764 sed
2546 2706 2852 2762 inhumanis
2876 2713 2931 2762 et
2958 2703 3266 2760 crudelibus
3293 2703 3398 2758 illis
3428 2699 3737 2765 sententiis,

2157 2801 2226 2856 ab
2250 2799 2467 2856 illorum
2502 2799 2755 2870 patientia
2788 2798 2962 2853 victus
2991 2805 3046 2852 et
3074 2795 3366 2850 inhumano
3391 2793 3490 2849 illo
3509 2789 3741 2848 convivio

2156 2891 2357 2948 affatim
2403 2891 2650 2962 expletus
2695 2900 2750 2946 et
2800 2897 3140 2945 exsaturatus
3185 2885 3471 2942 abscessu.
3518 2889 3596 2941 Ac
3634 2879 3742 2935 vids

2158 2992 2357 3056 quanta
2382 2984 2538 3040 fuerit
2565 2983 2820 3054 patientia
2850 2991 3158 3037 sanctorum
3177 3022 3190 3046 ,
3222 2994 3342 3050 quae
3371 2987 3587 3034 tantum
3611 2975 3742 3030 furo-

2159 3091 2272 3132 rem
2301 3077 2412 3132 suis
2441 3076 2765 3132 cruciatibus
2785 3071 3146 3130 exsatiaverit.
3175 3071 3373 3126 Invasit
3397 3083 3610 3136 rursus,
3632 3079 3741 3123 cum

2158 3166 2339 3224 furore
2363 3177 2636 3224 certamen
2669 3168 2996 3232 inStaurans,
3025 3179 3088 3220 ac
3115 3164 3254 3220 feras
3277 3177 3472 3218 omnes
3500 3162 3601 3216 alia
3629 3173 3740 3215 cru-

2159 3261 2378 3318 delitate
2407 3275 2663 3331 superare
2691 3257 3022 3314 contendens
3050 3275 3064 3311 :
3095 3255 3358 3326 siquidem
3395 3254 3508 3310 illa;
3554 3263 3741 3308 naturze

2160 3352 2482 3408 necessitate
2510 3350 2753 3420 impulsae
2790 3351 2856 3404 ad
2892 3348 2995 3404 hoc
3033 3347 3334 3404 convivium
3374 3345 3624 3402 feruntur
3645 3385 3661 3409 ,
3695 3352 3740 3397 et

2159 3443 2367 3499 satiatae
2398 3441 2673 3506 recedunt,
2703 3449 2759 3496 et
2787 3440 2832 3494 si
2861 3440 2944 3495 vel
2965 3445 3218 3494 sexcenta
3245 3437 3480 3493 viderint
3505 3450 3737 3507 corpora,

2160 3536 2364 3591 nullum
2388 3551 2452 3590 ex
2479 3535 2584 3589 illis
2609 3533 2876 3603 attingunt
2909 3551 2924 3588 :
2951 3531 3038 3587 hic
3059 3546 3187 3586 vero
3207 3544 3275 3585 ex
3301 3530 3468 3584 animi
3493 3528 3743 3616 pravitate

2160 3629 2228 3685 ad
2254 3643 2432 3685 escam
2463 3629 2617 3682 istam
2648 3625 2904 3696 pergebat
2928 3667 2944 3690 ,
2979 3633 3243 3680 eteorum
3282 3623 3541 3678 carnibus
3574 3620 3742 3690 etiple-

2163 3731 2249 3778 tus
2268 3763 2284 3788 ,
2325 3721 2546 3774 alteram
2574 3717 2833 3773 adversus
2853 3717 2973 3772 illos
2999 3713 3297 3770 machinam
3327 3712 3652 3776 fabricatur,
3686 3723 3740 3764 ac

2161 3825 2376 3870 sanctos
2399 3811 2725 3882 lungissima:
2750 3809 3220 3878 acerbissimeque
3248 3805 3408 3860 morti
3435 3803 3629 3860 addicit
3654 3819 3669 3855 :
3694 3803 3738 3854 in

2162 3905 2393 3962 metallis
2431 3905 2574 3959 enim
2617 3903 2736 3958 illos
2783 3916 2920 3972 opus
2968 3899 3146 3955 facere
3194 3906 3454 3968 perpetuo
3489 3896 3666 3966 jussit.
3702 3890 3742 3946 0

2160 3998 2450 4054 amentiam
2491 3995 2850 4065 singularem!
2895 4007 3016 4047 cum
3058 3991 3130 4045 ita
3173 3987 3514 4070 manifestum
3550 3984 3744 4054 experi-

2163 4098 2408 4147 mentum
2437 4088 2670 4159 cepisset
2699 4083 3028 4145 fortitudinis
3065 4083 3304 4154 ipsorum
3330 4095 3394 4135 ac
3425 4078 3766 4138 tolerantiae,

2166 4186 2268 4240 hac
2307 4183 2512 4238 ratione
2561 4196 2620 4236 se
2668 4187 3041 4249 superaturum
3080 4174 3405 4232 confidebat.
3448 4173 3582 4229 Cum
3627 4168 3744 4224 feris

2165 4276 2325 4346 igitur
2355 4273 2665 4329 habitabant
2691 4269 2862 4326 sancti
2888 4311 2904 4337 ,
2950 4255 3361 4324 contubernales
3402 4263 3739 4336 angelorum,

2165 4383 2228 4424 ac
2276 4368 2530 4427 caelorum
2571 4364 2749 4431 cives,
2790 4371 2845 4418 et
2886 4374 3134 4432 supernae
3170 4356 3466 4413 Jerusalem
3505 4354 3744 4418 deinceps

2167 4459 2420 4529 adscripti
2452 4475 2466 4514 :
2494 4467 2606 4512 tum
2633 4470 2763 4514 vero
2793 4453 3028 4510 sanctius
3064 4459 3178 4506 erat
3202 4457 3387 4521 postea
3414 4446 3600 4519 quavis
3623 4443 3742 4498 urbe

2168 4553 2466 4608 desertum.
2493 4550 2667 4618 Atque
2687 4546 2743 4601 in
2765 4545 2988 4601 urbibus
3016 4541 3229 4614 quidem
3250 4539 3366 4603 haec
3397 4539 3578 4610 iniqua
3603 4543 3654 4590 et
3677 4541 3745 4604 ty-

2169 4647 2387 4702 rannica
2430 4641 2621 4699 diebus
2645 4637 2875 4710 singulis
2901 4635 3152 4692 mandata
3180 4631 3599 4690 conficiebantur
3617 4669 3630 4693 ,
3658 4625 3743 4681 de-

2171 4748 2371 4794 sertum
2416 4743 2597 4791 autem
2629 4731 2906 4790 inhumani
2934 4728 3216 4786 ministerii
3247 4727 3388 4790 illius
3424 4721 3745 4781 immunitate

2170 4827 2474 4901 gaudebat;
2503 4824 2791 4882 tribunalia
2819 4823 3034 4895 quidem
3076 4819 3235 4892 plena
3266 4816 3486 4880 nefariis
3507 4809 3743 4870 facinori-

2173 4926 2271 4980 bus
2297 4921 2695 4986 redundabant,
2718 4915 3040 4987 injustisque
3067 4910 3332 4968 mandatis
3355 4926 3372 4972 ξ
3394 4909 3601 4964 deserta
3630 4913 3743 4998 vero

2174 5015 2477 5072 mortalium
2504 5021 2816 5067 cunctorum
2835 5005 3162 5078 justissimos
3187 5001 3333 5057 cives
3359 4998 3640 5058 habebant,
3664 5005 3743 5060 qut

2173 5125 2240 5165 ex
2268 5107 2574 5163 hominibus
2604 5102 2776 5174 angeli
2805 5099 2930 5160 facti
2959 5108 3114 5155 erant
3146 5114 3159 5152 :
3187 5111 3309 5151 cum
3333 5094 3464 5150 calo
3490 5092 3740 5149 desertum

2173 5201 2430 5264 certabat,
2461 5200 2649 5256 saltem
2676 5196 2744 5251 ob
2764 5195 3011 5250 virtutem
3039 5191 3254 5256 civium,
3281 5203 3313 5244 a
3342 5186 3531 5259 quibus
3553 5180 3742 5238 habitae

2176 5296 2351 5354 batur.
2384 5295 2460 5348 Ac
2489 5301 2675 5346 natura
2704 5285 2918 5358 quidem
2953 5299 3050 5339 sua
3079 5281 3392 5355 gravissima
3427 5285 3539 5334 erat
3570 5283 3739 5344 poena.

2175 5389 2268 5444 sed
2297 5388 2364 5442 ab
2384 5402 2568 5442 eorum
2597 5383 2874 5443 alacritate
2902 5379 3088 5444 animi,
3116 5379 3208 5449 qui
3235 5375 3602 5435 decertabant,
3627 5379 3739 5438 pros

2175 5481 2326 5536 clivis
2358 5493 2420 5532 ac
2446 5477 2577 5532 levis
2607 5484 2662 5530 et
2689 5473 2858 5528 facilis
2889 5470 3212 5527 reddebatur
3238 5485 3253 5521 :
3279 5465 3666 5538 multiplicatam
3691 5464 3743 5507 se

2177 5574 2351 5628 lucem
2389 5568 2578 5623 intueri
2605 5575 2732 5626 tunc
2756 5561 3154 5618 arbitrabantur
3171 5599 3186 5624 ,
3217 5556 3436 5627 etquod
3460 5555 3647 5609 dictum
3670 5552 3741 5599 est

2177 5665 2317 5735 apud
2342 5663 2650 5732 prophetam
2670 5700 2686 5723 ,
2720 5656 2865 5712 Luna
2890 5655 2983 5708 erit
3010 5665 3062 5707 ut
3083 5652 3161 5706 sol
3176 5693 3192 5716 ,
3218 5648 3478 5704 solantem
3505 5637 3741 5712 septuph’x

2184 5734 2336 5826 (lsai.
2370 5755 2458 5811 50.
2518 5753 2648 5818 26),
2701 5751 2838 5806 hanc
2861 5748 2962 5807 sibi
2988 5745 3243 5815 obtigisse
3293 5744 3460 5796 lucem
3487 5734 3736 5826 putabant-

2186 5817 2298 5908 ἀίω
2328 5848 2466 5902 Clllll‘.
2497 5855 2595 5913 est,
2630 5860 2733 5899 non
2763 5851 2862 5909 est,
2890 5839 3137 5909 inquam,
3170 5833 3342 5889 anima
3375 5830 3643 5904 quidquam
3661 5817 3738 5874 Ιιιν
