4088 6440
326 369 436 428 695

321 484 756 560 προσαλλόμενοι
782 483 849 538 τὰ
871 482 1117 556 σώματα,
1141 485 1347 556 ταχέως
1375 486 1534 541 αὑτὸν
1559 487 1718 546 ῖλεων
1749 489 1902 560 ποιῆ-

325 587 421 626 σαι
451 572 517 640 τῇ
568 569 741 622 πόλει.
775 569 838 622 El
873 569 982 640 γάρ
1012 571 1060 623 οί
1108 568 1176 623 τὰ
1219 569 1434 641 μεγάλα
1479 571 1904 643 κατωρθωκότες

323 656 422 708 ἐπὶ
459 652 611 725 [700]
648 652 758 706 τῶν
810 653 1092 724 προγόνων
1147 653 1256 706 τῶν
1303 653 1620 725 ἡμετέρων,
1665 654 1906 724 ὀνόματα

323 736 758 808 προσαλλόμενοι
792 736 962 805 ἁγίων
992 735 1220 808 ἀνδρῶν,
1256 738 1350 790 καλ⁵
1377 737 1468 790 ἐπὶ
1494 737 1594 808 τὴν
1627 753 1905 808 προσηγο-

327 821 454 893 ρίαν
489 818 739 890 Ἀϐραὰμ
787 818 883 872 καὶ
922 817 1107 872 Ἰσαὰκ
1149 820 1244 873 καὶ
1307 819 1500 874 Ἰακὼό
1533 819 1906 890 καταφεύγον-

321 921 420 966 τες
441 942 456 968 ,
485 902 676 972 ἔτυχόν
704 918 849 966 τινος
877 901 1252 973 παραμυθίας,
1287 902 1381 956 καὶ
1403 903 1644 974 μεγάλην
1673 903 1780 957 ἀπὸ
1804 903 1906 973 τῆς

326 987 556 1058 μνήμης
581 984 694 1038 τῶν
720 984 1000 1055 ὀνομάτων
1022 985 1228 1038 τούτων
1270 987 1608 1058 ἐκαρποῦντο
1635 985 1735 1058 τὴν
1761 986 1906 1054 ὠφέ-

320 1068 500 1133 λειαν,
529 1066 710 1137 πολλῷ
743 1067 943 1138 μᾶλλον
964 1069 1160 1139 ἡμεῖς,
1195 1069 1322 1121 ἄταν
1364 1069 1437 1139 μὴ
1466 1069 1707 1140 όνόματα
1744 1069 1905 1140 μόνον

323 1149 757 1222 προσαλλόμενοι
779 1188 794 1212 ,
828 1149 964 1203 ἀλλά
1015 1151 1110 1204 καὶ
1168 1151 1306 1204 αὐτά
1337 1151 1406 1204 τά
1443 1151 1754 1224 ἀθλήσαντα
1801 1149 1908 1204 σώο

328 1251 498 1304 ματα,
534 1233 877 1304 δυνησόμεθα
904 1234 996 1288 τὸν
1025 1235 1158 1288 Θεὸν
1182 1236 1340 1290 ἵλεων
1387 1235 1535 1308 ,ἔχειν
1558 1238 1652 1290 καὶ
1696 1236 1906 1308 ἥμερον

325 1319 424 1372 καὶ
450 1317 717 1388 προσηνῆ.
745 1318 855 1372 Kal
885 1319 967 1372 ὃτι
992 1318 1054 1371 οὑ
1087 1320 1298 1390 κόμπος
1326 1320 1395 1374 τά
1416 1320 1548 1393 παρ’
1573 1319 1731 1392 ήμῶν
1752 1319 1907 1388 λεγό-

327 1418 491 1473 μενα,
523 1402 665 1454 τσασι
688 1401 874 1454 πολλοὶ
905 1402 1000 1455 καὶ
1023 1401 1132 1455 τῶν
1163 1404 1445 1474 ἐγχωρίων
1465 1443 1480 1468 ,
1505 1404 1601 1458 καὶ
1633 1403 1742 1458 τῶν
1785 1402 1906 1458 ἐϊιέ-

327 1484 504 1556 ρωθεν
530 1484 885 1555 ἐληλυθότων,
914 1485 1015 1555 δση
1034 1484 1143 1540 τῶν
1171 1487 1339 1554 ἁγίων
1359 1485 1563 1540 τούτων
1596 1488 1630 1557 ἡ
1653 1486 1902 1556 δύναμις,

323 1570 378 1622 οἶ
405 1571 500 1623 καὶ
528 1569 863 1641 μαρτυροῦσι
893 1571 1009 1633 τοῖς
1057 1570 1367 1642 λεγομένοις
1386 1610 1400 1634 ,
1441 1571 1530 1624 διὰ
1563 1573 1664 1640 τῆς
1708 1570 1906 1640 πείρας

324 1652 499 1723 αὐτῆς
522 1651 787 1723 μαθόντες
815 1653 996 1708 αὑτῶν
1021 1653 1122 1726 τὴν
1145 1653 1283 1727 πρὸς
1307 1655 1400 1709 τδν
1414 1654 1547 1708 Θεὸν
1569 1651 1903 1725 παῤῥησίανυ

325 1735 425 1789 καὶ
469 1733 611 1806 μάλα
633 1735 876 1800 εἰκότως.
907 1737 982 1791 Οὐ
1003 1736 1112 1809 γὰρ
1140 1738 1216 1802 ὡς
1238 1737 1426 1808 ἔτυχεν
1461 1736 1603 1807 ὑπὲρ
1633 1737 1733 1806 τῆς
1773 1735 1909 1806 ἀλη-

327 1817 482 1881 θείας
516 1818 853 1888 ἠγωνίσαντο
877 1857 891 1882 ,
917 1819 1032 1873 ἀλλ’
1059 1819 1203 1874 οὕτω
1234 1820 1519 1891 καρτερῶς
1551 1819 1648 1873 καὶ
1673 1818 1908 1882 εὐτόνως

325 1901 626 1972 ἐνέστησαν
652 1902 789 1970 πρδς
817 1901 918 1974 τὴν
959 1902 1218 1974 ραγδαίαν
1248 1905 1342 1956 καὶ
1369 1903 1641 1973 ἀφόρητον
1669 1900 1765 1954 τοῦ
1791 1900 1912 1954 διαο

325 1981 490 2038 δόλου
516 1984 656 2054 βίαν,
689 1985 766 2049 ὡς
798 1986 859 2040 ἐν
881 1985 1105 2050 λιθίνοις
1140 1987 1234 2039 καὶ
1268 1987 1537 2057 σιδηροῖς,
1571 1983 1685 2040 ἀλλ’
1716 1983 1816 2038 οὐκ
1848 1985 1910 2036 ἐν

325 2067 592 2139 φθαρτοῖς
613 2069 712 2122 καὶ
737 2068 953 2140 θνητοῖς
981 2069 1372 2142 ἀγωνιζόμενοι
1403 2068 1670 2140 σώμασιν,
1701 2067 1776 2131 ώς
1803 2065 1905 2138 ήδη

325 2152 470 2222 πρὸς
491 2150 589 2222 τὴν
622 2151 809 2222 ἀπαθῆ
857 2153 954 2208 καὶ
989 2153 1254 2208 ἀθάνατον
1309 2153 1671 2224 μεταστάντες
1723 2151 1908 2221 φύσιν,

325 2235 430 2306 τὴν
457 2235 557 2288 οὐκ
589 2234 843 2289 εἴκουσαν
893 2239 1014 2301 ταῖς
1044 2240 1268 2310 πικραῖς
1325 2237 1418 2292 καὶ
1471 2237 1756 2308 όδυνηραῖς
1811 2233 1905 2288 τοῦ

328 2318 582 2390 σώματος
607 2319 896 2388 ἀνάγκαις.
924 2320 1191 2392 Καθάπερ
1218 2321 1326 2393 γάρ
1361 2338 1508 2384 τινες
1538 2319 1719 2391 ἄγριοι
1745 2319 1909 2389 θῆρες

327 2403 426 2458 καὶ
446 2403 586 2473 ὠμοὶ
617 2405 712 2456 καὶ
733 2404 998 2476 ἀνήμεροι
1029 2407 1096 2458 τά
1119 2406 1347 2476 σώματα
1373 2402 1752 2467 κυκλώσαντες
1773 2420 1911 2457 παν-

323 2487 556 2558 ταχόθεν
586 2487 635 2540 οἱ
674 2486 858 2558 δήμιοι
891 2487 1186 2560 διώρυττον
1223 2489 1324 2552 τὰς
1353 2487 1594 2558 πλευρὰς
1612 2528 1627 2553 ,
1655 2487 1911 2552 κατέξαιο

325 2588 423 2624 νον
480 2569 580 2634 τάς
640 2571 850 2642 σάρκας
877 2611 893 2635 ,
964 2572 1329 2639 ἐξεκάλυπτον
1406 2573 1542 2625 όστᾶ
1609 2572 1704 2625 καὶ
1761 2588 1908 2642 παρ-

327 2653 620 2727 εγύμνουν,
645 2657 738 2710 καὶ
764 2655 914 2708 οὐδὲν
934 2656 1132 2719 αὐτοὺς
1155 2656 1254 2726 τῆς
1283 2655 1565 2728 ὠμότητος
1595 2655 1777 2725 ἵστησι
1815 2655 1910 2710 καὶ

326 2741 432 2810 τῆς
454 2738 851 2810 ἀπανθρωπίας
884 2739 1096 2810 ἐκείνης
1118 2757 1132 2772 ο
1168 2739 1305 2793 ἀλλά
1337 2740 1432 2794 καὶ
1483 2739 1667 2794 νώτων
1695 2739 1910 2811 ἁψάμε-

328 2840 418 2878 νοι
450 2823 546 2876 καὶ
577 2823 919 2893 σπλάγχνων,
948 2824 1042 2877 καὶ
1073 2825 1152 2888 εἰς
1177 2823 1248 2877 τά
1274 2823 1530 2878 ἐνδότατα
1555 2823 1909 2889 εἰσελθόντες,

328 2908 426 2961 τὸν
479 2908 897 2978 ἐναποκείμενον
945 2907 1128 2971 αὐτοῖς
1172 2909 1271 2978 τῆς
1331 2907 1568 2972 πίστεως
1608 2908 1704 2978 οὑχ
1753 2899 1911 2979 εὗρον

331 2991 563 3062 συλῆσαι
589 2991 878 3063 θησαυρὸν,
912 2991 1048 3044 ἀλλά
1080 2992 1274 3045 ταυτὸν
1296 2991 1516 3056 ἔπαθον,
1550 2987 1660 3046 οἷον
1686 2993 1740 3046 ετ
1768 3009 1913 3057 τινες

330 3076 490 3129 πόλιν
515 3073 945 3146 βασιλικωτάτην
965 3115 981 3140 ,
1005 3075 1100 3128 καὶ
1131 3073 1324 3128 πολλοῦ
1357 3075 1628 3146 γέμουσαν
1657 3075 1910 3142 πλούτου,

332 3159 433 3215 καὶ
467 3160 683 3223 ίκανοὺς
710 3157 937 3229 ἔχουσαν
989 3158 1294 3230 θησαυροὺς
1331 3158 1743 3230 πολιορκοῦντες
1771 3199 1784 3223 ,
1819 3161 1914 3215 καὶ

331 3243 654 3306 καθελόντες
696 3243 866 3312 αὐτῆς
895 3241 965 3295 τὰ
1006 3241 1161 3312 τείχη
1185 3282 1200 3306 ,
1238 3241 1332 3294 καὶ
1367 3241 1503 3312 πρὸς
1549 3241 1690 3295 αὑτά
1720 3243 1789 3296 τὰ
1817 3259 1915 3296 τα-

335 3331 492 3402 μιεῖα
536 3326 645 3380 τῶν
675 3325 974 3397 χρημάτων
1007 3324 1288 3388 ἐλθόντες,
1328 3325 1686 3394 ἀνατρέψαιεν
1723 3324 1909 3398 θύρας,

332 3410 616 3473 καθέλοιεν
655 3409 917 3480 μοχλοὺς,
952 3406 1270 3478 ἀνορύξαιεν
1322 3407 1551 3475 ἔδαφος,
1612 3409 1790 3462 πάντα
1835 3409 1916 3463 δι-

332 3494 784 3566 ερευνησάμενοι,
807 3491 880 3562 μὴ
903 3491 1177 3561 δυνηθεῖεν
1201 3489 1291 3543 τὸν
1314 3488 1542 3544 πλοῦτον
1558 3491 1916 3563 αὐτῆςάφαρ-

332 3580 611 3641 πάσαντες
643 3576 916 3630 ἀπελθεῖν.
951 3574 1188 3627 Τοιαῦτα
1214 3573 1322 3644 γάρ
1362 3575 1478 3628 ἐστι
1520 3574 1620 3644 τῆς
1647 3574 1821 3646 ψυχῆς
1850 3577 1917 3630 τὰ

333 3663 623 3733 κτήματα·
656 3661 715 3713 οὐ
750 3657 1054 3732 προδίδοται
1087 3659 1196 3720 τοῖς
1246 3655 1341 3710 τοῦ
1384 3657 1634 3728 σώματος
1669 3658 1917 3726 πάθεσιν,

332 3745 467 3799 ὃταν
511 3743 650 3799 αὐτά
676 3743 886 3813 κατέχῃ
921 3739 1061 3812 μετά
1097 3739 1393 3809 ἀσφαλείας
1419 3780 1432 3806 ,
1463 3739 1600 3793 ἀλλὰ
1650 3740 1754 3794 κᾶν
1781 3742 1921 3795 αὑτά

332 3847 424 3893 τις
453 3827 735 3900 ἀναρρήξῃ
767 3839 794 3868 ι
825 3826 894 3879 τά
919 3824 1136 3895 στέρνα,
1165 3823 1260 3876 καὶ
1283 3823 1424 3876 κατά
1458 3824 1651 3895 μικρὸν
1671 3827 1770 3895 τὴν
1793 3843 1924 3897 καρο

333 3913 458 3968 δίαν
485 3912 646 3966 διέλοι
670 3909 874 3974 λαὸὼν,
896 3909 956 3962 οὐ
984 3909 1284 3979 προήσεται
1311 3907 1402 3959 τὸν
1427 3905 1572 3972 ἅπαξ
1600 3909 1738 3980 αὐτῇ
1769 3911 1921 3982 παρά

333 3999 441 4067 τῆς
471 3996 704 4058 “trimam;
731 3991 1165 4065 ἐμπιστευθέντα
1196 3991 1488 4062 θησαυρόν.
1527 3992 1570 4043 Τ
1573 3992 1696 4046 οῦτο
1729 3993 1786 4046 δὲ
1820 3995 1922 4064 τῆς

333 4079 436 4134 τοῦ
466 4078 600 4133 Θεοῦ
651 4077 874 4150 χάριτος
916 4075 1107 4144 γέγονε
1140 4075 1238 4146 τῆς
1269 4075 1448 4130 πάντα
1496 4077 1882 4147 οἰκονομούσης
1903 4119 1919 4145 ,

336 4165 438 4218 καὶ
475 4165 533 4217 ἐν
571 4161 858 4216 ἀσθενοῦσι
890 4159 1104 4231 σώμασι
1137 4159 1444 4231 δυναμένης
1490 4159 1766 4230 παράδοξα
1798 4162 1921 4215 ἐπι-

332 4247 535 4301 τελεῖν.
570 4248 680 4300 Kal
702 4245 762 4298 τὸ
793 4245 859 4316 δὴ
887 4244 1328 4313 θαυμαστότερον
1347 4262 1358 4275 ·
1395 4243 1457 4296 οὐ
1499 4244 1609 4314 γάρ
1645 4243 1804 4313 μόνον
1833 4245 1923 4298 οὐ-

333 4331 432 4394 δὲν
461 4328 739 4399 ὑφείλοντο
782 4327 1017 4380 τοσαῦτα
1049 4327 1311 4397 μανέντες
1357 4326 1464 4380 τῶν
1488 4327 1922 4398 ἐναποκειμενων

338 4416 529 4478 αὐτοῖς
557 4412 868 4485 θησαυρῶν,
892 4411 1029 4465 ἀλλά
1050 4411 1145 4463 καλ¹
1170 4409 1309 4481 μετὰ
1339 4410 1578 4474 πλείονος
1604 4412 1799 4476 αὐτοὺς
1823 4417 1922 4484 τῆς

338 4497 646 4568 ἀσφαλείας
675 4493 1037 4566 φυλάττεσθαι
1077 4494 1369 4564 ἐποίησαν,
1420 4493 1831 4566 λαμπροτέρους
1861 4515 1920 4550 τε

337 4584 541 4646 αὐτοὺς
589 4583 684 4635 καὶ
718 4579 1123 4652 εὐπορωτέρους
1172 4578 1515 4648 εἰργάσαντο.
1550 4580 1664 4632 υὺκ
1694 4580 1773 4633 ἔτι
1813 4580 1921 4654 γὰρ

338 4669 380 4736 ἡ
403 4666 550 4736 ψυχὴ
583 4666 739 4735 μόνη,
764 4662 902 4716 ἀλλά
947 4661 1042 4714 καὶ
1074 4663 1206 4714 αὐτὸ
1236 4661 1299 4714 το
1329 4662 1487 4734 σῶμα
1519 4662 1765 4727 πλείονος
1794 4682 1922 4735 μετ-

340 4750 508 4804 έλαὸε
565 4748 665 4818 τῆς
691 4751 914 4818 χάριτος
939 4785 953 4809 ,
986 4745 1083 4798 καὶ
1113 4745 1174 4797 οὐ
1214 4745 1374 4815 μόνον
1400 4747 1501 4798 οὐκ
1533 4745 1826 4813 ἀπέϐαλεν,
1857 4748 1924 4820 ἢν

338 4829 484 4904 εἶχε,
521 4831 659 4902 μετά
683 4831 745 4882 τὸ
773 4827 1135 4900 διατμηθῆναι
1168 4829 1262 4882 καλ⁵
1299 4829 1678 4899 κατακοπῆναι
1725 4831 1926 4885 πολλά-

341 4934 435 4980 κις
461 4956 474 4979 ,
509 4913 647 4968 ἀλλά
676 4914 771 4968 καὶ
805 4911 1154 4966 ἐπεσπάσατο
1201 4910 1421 4965 πλείονα
1466 4913 1560 4966 καὶ
1615 4914 1786 4982 μείζω
1827 4914 1926 4984 τὴν

343 5001 544 5075 ῥοπήν.
573 4998 638 5052 Τί
671 4996 873 5064 ταύτης
903 4995 1100 5064 γένοιτ’
1133 4995 1200 5049 ἂν
1229 4995 1329 5075 τῆς
1359 4995 1516 5066 νίκης
1553 4996 1928 5066 θαυμαστότειο

345 5074 478 5156 ρον,
527 5084 608 5136 ὅτι
655 5080 750 5144 οὒς
785 5082 1035 5150 κατεῖχον
1068 5080 1162 5132 καὶ
1211 5074 1355 5150 εἶχον
1397 5078 1779 5151 ὑποχειρίους,
1834 5082 1927 5136 καὶ

341 5167 608 5238 δήσαντες
629 5165 835 5229 ἔξαινον
869 5163 1006 5233 μετά
1031 5163 1278 5227 ἐξουσίας
1294 5205 1310 5224 ,
1335 5162 1557 5227 τούτους
1584 5165 1800 5235 νικῆσαι
1826 5166 1926 5218 οὐκ

346 5249 576 5320 ῐσχυσαν
601 5290 614 5314 ,
658 5248 771 5300 ἀλλ’
821 5249 926 5302 ὑπὸ
967 5247 1170 5300 τούτων
1202 5245 1348 5318 [701]
1391 5247 1630 5318 ἡττῶντο
1681 5246 1928 5311 ἐλεεινῶς

345 5332 447 5386 καὶ
477 5332 676 5394 ἀθλίως
703 5350 716 5397 ;
749 5333 824 5385 Οὐ
854 5332 961 5402 γὰρ
991 5330 1129 5401 πρὸς
1175 5330 1371 5393 αὐτοὺς
1423 5329 1721 5400 ἐπολέμουν
1744 5370 1759 5395 ,
1789 5330 1927 5383 ἀλλά

344 5416 487 5488 πρὸς
539 5417 628 5469 τὸν
660 5416 865 5468 ένοικον
912 5414 1092 5469 αὐτῶν
1122 5414 1252 5466 Θεόν
1279 5427 1295 5442 ⁶
1347 5412 1440 5468 τὸν
1488 5413 1545 5466 δὲ
1597 5413 1716 5484 Θεῷ
1770 5414 1928 5467 πολε-

351 5489 560 5570 μοῦντα
591 5499 673 5551 ὅτι
703 5499 853 5550 πᾶσα
879 5497 1094 5568 ἀνάγκη
1140 5497 1279 5567 μετά
1306 5496 1506 5567 πολλῆς
1539 5497 1800 5567 ἡττᾶσθαι
1827 5497 1928 5567 τῆς

347 5581 700 5652 περιουσίας,
731 5581 888 5651 δίκην
935 5581 1144 5635 διδόντα
1187 5581 1285 5652 τῆς
1313 5581 1706 5655 ἐπιχειρήσεως
1733 5580 1925 5656 μόνης,

347 5664 514 5722 παντί
537 5680 642 5718 που
665 5664 825 5734 δῆλόν
856 5665 992 5717 ἐστι.

361 5877 368 5882 .
417 5832 444 5875 9
469 5833 613 5898 Regii
638 5833 722 5883 κᾶν
750 5833 874 5896 μέσα
895 5831 1143 5904 ἀναρρήξῃ.

1462 374 1528 429 ῐΝ
1560 374 1940 432 MARTYRES
1976 370 2362 436 EGYPTIOS.

3471 383 3578 443 698

2079 491 2147 562 β’.
2166 492 2424 548 Τοιαῦται
2440 493 2546 548 τῶν
2559 492 2730 564 ἀγίων
2745 495 2802 549 al
2815 496 2980 550 νῖκαι.
2994 495 3056 549 El
3071 494 3126 549 δὲ
3142 492 3212 549 τά
3227 493 3582 566 ἀγωνίσματα

2004 581 2101 635 καὶ
2121 586 2190 636 τὰ
2210 583 2567 655 παλαίσματα
2595 583 2736 638 οὑτω
2765 584 3053 657 θαυμαστά
3078 585 3172 638 καὶ
3199 583 3499 655 παράδοξα,
3527 585 3584 640 τί

2003 671 2071 726 ἀν
2104 675 2352 746 εἴποιμεν
2401 677 2530 748 περὶ
2581 675 2691 730 τῶν
2725 676 2976 732 ἐπάθλων
3021 677 3116 732 καὶ
3161 677 3441 748 στεφάνων
3472 676 3584 731 τῶν

2006 763 2148 836 ὑπὲρ
2179 769 2279 838 τῆς
2307 766 2486 820 αὐτῶν
2510 767 2806 840 καρτερίας
2833 767 3212 838 ἀποκειμένων
3251 767 3470 832 αὑτοῖς;
3505 767 3580 821 Οὐ

2004 857 2116 930 γάρ
2138 859 2203 930 δὴ
2253 859 2416 932 μέχρι
2466 860 2574 914 τῶν
2613 860 2861 931 βασάνων
2911 860 3114 914 τούτων
3147 858 3382 931 ἔστησαν
3411 899 3427 923 ,
3460 859 3584 912 οὐδέ

2004 950 2240 1004 ἐνταῦθα
2270 950 2360 1005 τὸν
2385 951 2585 1022 δρόμον
2614 952 2914 1006 κατέλυσαν
2933 993 2949 1019 ,
2986 950 3125 1006 ἀλλὰ
3169 951 3481 1022 περαιτέρω
3511 949 3582 1004 τὰ

2005 1042 2309 1114 σκάμματα
2341 1043 2522 1108 αὑτοῖς
2551 1043 2843 1111 ἐξετείνετο
2866 1085 2882 1110 ,
2933 1042 3028 1097 τοῦ
3063 1043 3164 1114 μὲν
3197 1040 3434 1114 πονηροῦ
3466 1041 3584 1095 δαί-

2009 1151 2170 1204 μονος
2215 1135 2283 1205 τῇ
2321 1135 2605 1206 προσθήκῃ
2657 1133 2766 1189 τῶν
2820 1133 3101 1205 τιμωριῶν
3158 1131 3583 1205 προσδοκοῦντος

2005 1225 2381 1289 ὑποσκελίζειν
2437 1226 2564 1290 τοὺς
2625 1225 2900 1294 ἀθλητὰς,
2951 1227 3046 1279 τοῦ
3083 1225 3142 1279 δὲ
3197 1223 3581 1295 φιλανθρώπου

2005 1313 2140 1368 Θεοῦ
2173 1314 2577 1386 συγχωροῦντος
2606 1315 2700 1370 καὶ
2729 1315 2789 1368 οὐ
2824 1314 3125 1378 κωλύοντος
3147 1331 3162 1347 ο
3193 1315 3334 1369 ὥστε
3366 1313 3462 1367 καὶ¹
3483 1312 3583 1384 τὴν

2004 1405 2114 1460 τῶν
2151 1407 2396 1460 ἀπίστων
2451 1407 2648 1476 μανίαν
2689 1409 3026 1480 σαφεστέραν
3071 1409 3238 1463 πᾶσιν
3266 1404 3582 1476 ἐπιδειχθῆ-

2006 1517 2112 1563 ναι,
2139 1499 2233 1552 κα)⁸
2255 1499 2467 1562 τούτοις
2495 1500 2908 1572 λαμπροτέρους
2939 1501 3034 1554 καὶ
3065 1498 3280 1563 πλείους
3309 1496 3582 1568 πλακῆναι

2005 1590 2132 1654 τοὺς
2159 1589 2472 1657 στεφάνους.
2501 1591 2611 1644 Kal
2657 1590 2908 1662 καθάπερ
2949 1592 3042 1644 ἐπ)⁸
3078 1589 3173 1644 τοῦ
3210 1588 3330 1643 Ἰὼὸ
3360 1588 3583 1656 γέγονεν

2007 1681 2101 1737 καὶ
2143 1681 2236 1734 τοῦ
2283 1681 2561 1734 διαϐόλου·
2600 1684 2628 1736 ὁ
2680 1683 2778 1754 μὲν
2830 1682 3046 1745 πλείους
3092 1681 3212 1753 ᾔτει
3262 1681 3381 1734 κατ’
3414 1674 3580 1732 αὐτοῦ

2005 1773 2158 1846 παρὰ
2208 1771 2301 1826 τοῦ
2356 1772 2491 1827 Θεοῦ
2542 1773 2846 1845 τιμωρίας,
2880 1771 3194 1848 προσδοκῶν
3231 1767 3582 1842 περιέσεσθαι

2005 1867 2072 1936 τῇ
2111 1864 2400 1939 προσθήκῃ
2435 1864 2543 1919 τῶν
2568 1865 2756 1922 δεινῶν
2783 1867 2878 1919 τοῦ
2900 1865 3148 1934 γενναίου
3174 1863 3274 1932 τῆς
3301 1859 3582 1922 εὐσεϐείας

2005 1957 2268 2028 ἀθλητοῦ⁹
2301 1958 2332 2010 ό
2361 1957 2418 2011 δὲ
2443 1955 2735 2029 συνεχώρει
2758 1997 2774 2024 ,
2807 1957 2902 2012 καὶ
2930 1955 3215 2028 ἐχαρίζετο
3256 1956 3377 2015 ταῖς
3412 1968 3582 2021 πονη-

2008 2052 2128 2121 ραῖς
2159 2051 2406 2121 αἰτήσεσι
2431 2050 2527 2104 τοῦ
2563 2049 2801 2122 πονηροῦ
2831 2049 3084 2119 δαίμονος
3109 2086 3122 2113 ,
3158 2045 3587 2116 ἐπιφανέστερον

2004 2142 2100 2196 τὸν
2127 2142 2293 2197 αὑτοῦ
2315 2141 2484 2196 ποιῶν
2514 2141 2754 2212 ἀθλητήν
2770 2158 2785 2174 ο
2819 2140 2960 2194 οὑτω
2986 2139 3052 2212 δὴ
3078 2139 3175 2192 καὶ
3203 2137 3438 2192 ἐνταῦθα
3463 2132 3588 2204 ἐγέ-

2005 2255 2147 2293 νετο.
2193 2236 2412 2309 Ἐπειδὴ
2456 2236 2563 2307 γὰρ
2613 2234 2802 2305 θηρίου
2842 2233 3042 2297 παντὸς
3089 2231 3469 2303 χαλεπώτερον
3520 2228 3588 2282 τὸ

2009 2331 2170 2403 σῶμα
2198 2328 2374 2384 αὐτῶν
2399 2328 2734 2397 πανταχόθεν
2763 2328 2841 2382 διε
2850 2328 3151 2398 μασήσατο,
3173 2325 3268 2377 καὶ
3291 2322 3389 2393 τήν
3412 2320 3587 2390 γλῶτ-

2007 2441 2106 2477 ταν
2137 2422 2231 2476 καὶ
2255 2422 2317 2476 τὸ
2341 2421 2517 2493 στόμα
2538 2418 2768 2491 ᾕμαξεν,
2800 2419 2848 2470 εί
2877 2417 2972 2470 καὶ
3001 2417 3076 2487 μὴ
3110 2418 3222 2477 τοῖς
3251 2413 3446 2483 αἵμασι
3473 2411 3586 2464 τῶν

2007 2514 2178 2584 ἀγίων
2206 2553 2222 2579 ,
2255 2513 2390 2568 ἀλλά
2437 2514 2555 2574 ταῖς
2596 2505 2984 2580 ἀπανθρώπτις
3035 2506 3132 2560 καὶ
3174 2504 3354 2576 ώμαῖς
3385 2503 3586 2574 ψήφοις

2007 2607 2276 2671 ἐκείναις,
2308 2603 2562 2676 ἡττηθεὶς
2593 2603 2698 2656 ὑπὸ
2746 2603 2844 2672 τῆς
2892 2599 3188 2673 καρτερίας
3232 2597 3440 2662 αὐτῶν,
3491 2595 3587 2648 καὶ

2009 2698 2341 2771 ἐμφορηθεὶς
2372 2696 2573 2760 ίκανῶς
2598 2696 2696 2766 τῆς
2725 2692 3096 2766 ἀπανθρώπου
3133 2691 3316 2761 θοίνης
3340 2689 3585 2759 ἐκείνης,

2007 2793 2105 2848 καὶ
2132 2793 2291 2864 κόρον
2323 2789 2505 2844 λαϐὼν
2529 2788 2946 2859 ἀπῆλθεν.⁶’ορα
2974 2786 3084 2857 γὰρ
3117 2785 3258 2854 πόση
3288 2782 3396 2836 τῶν
3418 2781 3590 2850 ἁγίων

2009 2888 2044 2959 ἡ
2075 2885 2320 2956 ὑπομονὴ
2341 2925 2356 2948 ,
2385 2883 2420 2954 ἢ
2444 2880 2710 2953 τοσαύτην
2741 2881 2938 2952 μανίαν
2965 2880 3080 2942 τοῖς
3115 2877 3338 2940 οἰκείοις
3366 2873 3592 2943 ἐκόρεσσ

2012 2978 2259 3033 πάθεσιν.
2307 2973 2496 3044 Ἐπῄει
2551 2974 2712 3032 πάλιν
2760 2970 3231 3040 ἐπαγωνιζόμενος
3273 2969 3339 3038 τῇ
3403 2963 3590 3035 μανίᾳ,

2014 3073 2109 3127 καὶ
2140 3074 2317 3128 πάντα
2371 3071 2440 3124 τά
2488 3070 2651 3143 θηρία
2695 3069 2763 3121 δι’
2797 3065 2963 3135 ἄλλης
2999 3061 3281 3132 ὠμότητος
3305 3055 3592 3125 ἐκνικῆσαι

2017 3162 2352 3232 φιλονεικῶν.
2395 3161 2606 3216 Ἐκεῖνα
2638 3158 2746 3229 γάρ
2779 3153 2992 3224 ἀνάγκη
3041 3149 3257 3219 φύσεως
3309 3146 3447 3218 πρὸς
3493 3145 3595 3214 τὴν

2018 3258 2200 3327 θοίνην
2239 3256 2455 3329 ἔρχεται
2490 3252 2715 3322 ταύτην,
2751 3249 2846 3303 καὶ
2879 3243 3206 3318 κορεσθέντα
3239 3241 3457 3304 ἄπεισι,
3487 3237 3594 3329 κάν

2022 3323 2190 3423 μυρία
2216 3323 2313 3419 ἴδη
2328 3323 2561 3418 σώματα
2580 3381 2597 3408 ,
2630 3339 2845 3402 οὐδενὸς
2872 3337 3094 3392 ἐκείνων
3123 3334 3424 3423 ἐφάπτεται
3441 3347 3457 3362 ο
3501 3323 3593 3423 οῦ-

2017 3420 2111 3504 τος
2137 3440 2192 3493 δέ
2222 3439 2316 3493 καὶ
2345 3435 2580 3506 πονηρίᾳ
2629 3430 2998 3504 προαιρέσεως
3025 3427 3117 3480 ἐπὶ
3151 3425 3252 3494 τὴν
3286 3421 3453 3494 βορὰν
3504 3420 3594 3491 ᾔει

2017 3533 2221 3602 ταύτην
2241 3572 2255 3598 ,
2286 3530 2381 3584 καὶ
2413 3528 2521 3581 τῶν
2554 3524 2772 3598 σαρκῶν
2795 3521 2973 3576 αὐτῶν
3006 3517 3368 3590 ἐμπλησθεὶς,
3402 3515 3596 3584 ἑτέραν

1982 3659 1989 3668 -
2020 3626 2208 3680 πλέκει
2257 3624 2376 3676 κατ’
2427 3618 2605 3675 αὑτῶν
2633 3617 2876 3690 μηχανὴν
2897 3657 2914 3683 ,
2957 3611 3282 3686 μακροτάτῳ
3312 3607 3406 3662 καὶ
3431 3606 3594 3676 χαλε-

2019 3716 2254 3787 πωτάτῳ
2287 3714 2500 3783 θανάτῳ
2545 3711 2672 3774 τοὺς
2710 3709 2898 3778 ἁγίους
2951 3703 3230 3777 παραδούς
3252 3719 3267 3734 ο
3293 3698 3594 3772 προσέταξε

2018 3811 2127 3881 γὰρ
2159 3812 2217 3863 ἐν
2256 3809 2367 3870 τοῖς
2401 3802 2680 3876 μετάλλοις
2729 3801 2926 3862 αὐτοὺς
2954 3790 3592 3881 ἐργάζεσθαιῗδιηνεκῶς.

2024 3877 2108 3951 Ὃ-
2128 3898 2228 3968 τῆς
2259 3893 2516 3956 ἀπονοίας
2540 3892 2554 3945 !
2611 3892 2808 3960 πεῖραν
2839 3885 2980 3940 οὑτω
3006 3883 3154 3953 σαφῆ
3179 3880 3359 3934 λαϐὼν
3377 3878 3478 3948 τῆς
3503 3877 3598 3930 ἀν-

2019 3990 2202 4062 δρείας
2227 3987 2426 4051 αὐτῶν,
2451 3983 2662 4052 καὶτῆς
2688 3978 2998 4049 ὑπομονῆς,
3025 3976 3198 4047 ταύτῃ
3227 3969 3596 4062 προσεδόκησε

2022 4060 2391 4155 περιέσεσθαι.
2422 4076 2532 4130 Kal
2579 4073 2643 4145 δὴ
2678 4072 2888 4144 θηρίοις
2923 4067 3196 4138 συνῴκουν
3238 4064 3287 4117 οἱ
3332 4063 3475 4130 ἅγιοι
3499 4103 3516 4128 ,
3548 4060 3598 4112 οί

2021 4177 2129 4231 τῶν
2153 4173 2398 4242 ἀγγέλων
2422 4168 2677 4227 σύνοικοι,
2704 4165 2799 4217 καὶ
2828 4162 2937 4215 τῶν
2966 4157 3210 4232 οὐρανῶν
3237 4155 3470 4218 πολῖται,
3503 4156 3600 4208 καὶ

2023 4272 2103 4333 είς
2128 4267 2229 4338 τὴν
2268 4265 2378 4319 ἀνω
2407 4259 2592 4314 λοιπὸν
2633 4255 2938 4327 γραφέντες
2981 4248 3336 4323 Ἰερουσαλὴμ
3359 4288 3375 4312 ,
3411 4248 3506 4301 καὶ
3530 4242 3600 4317 ῆν

2025 4361 2208 4431 πάσης
2250 4355 2458 4416 πόλεως
2483 4350 2670 4405 λοιπὸν
2698 4351 2732 4420 ἡ
2783 4347 2986 4418 ἔρημος
3029 4341 3325 4412 ἀγιωτέρα.
3371 4341 3458 4392 Ἑν
3500 4338 3601 4431 μὲν

2022 4454 2133 4523 γὰρ
2163 4429 2282 4513 ταῖς
2327 4445 2516 4499 πόλεσι
2566 4441 2635 4496 τά
2661 4440 2956 4512 παράνομα
2984 4437 3159 4490 ταῦτα
3187 4435 3280 4523 καὶ
3306 4429 3602 4523 τυραννικά

2025 4515 2287 4612 ἐτολμᾶτο
2342 4535 2462 4590 καθ’
2517 4532 2752 4600 ἑκάστην
2797 4527 3009 4599 ἡμέραν
3047 4521 3400 4603 ἐπιτάγματα
3426 4535 3441 4549 ·
3542 4515 3602 4568 δὲ

2026 4609 2232 4707 ἔρημος
2269 4630 2516 4684 ἀτέλειαν
2549 4620 2662 4694 εἶχε
2691 4623 2787 4691 τῆς
2821 4615 3188 4707 ἀπανθρώπου
3217 4609 3597 4707 λειτουργίαςῖ

2025 4700 2214 4782 ﬁxi—.3:
2242 4723 2340 4784 μὲν
2381 4717 2708 4785 δικαστήρια
2751 4710 2972 4772 ἀνοσίας
3024 4705 3274 4778 πράξεως
3304 4702 3473 4774 ἔγεμε
3507 4700 3602 4753 καὶ

2025 4820 2280 4890 ἀθέσμων
2312 4811 2700 4881 ἐπιταγμάτων
2723 4821 2737 4835 ·
2778 4805 2834 4858 αἱ
2863 4803 2920 4856 δέ
2957 4799 3184 4872 ἐρημίαι
3233 4798 3356 4890 τοὺς
3383 4795 3603 4890 πάντων

2025 4885 2327 4983 ἀνθρώπων
2357 4901 2761 4975 εὐνομωτέρους
2806 4892 2950 4966 εἶχον
2981 4891 3202 4954 πολίτας
3227 4931 3240 4953 ,
3267 4889 3396 4983 τοὺς
3419 4885 3604 4983 ἐξᾲάν-

2027 4981 2259 5076 θρώπων
2284 4995 2547 5066 ἀγγέλους
2573 4987 2972 5061 γεγενημένους
2991 5025 3007 5050 ,
3033 4983 3134 5076 καλ⁸
3155 4983 3300 5076 πρὸς
3329 4981 3502 5076 τὸνὶού
3513 4996 3606 5076 ραι

2027 5068 2116 5148 νὺν
2149 5095 2184 5164 ή
2235 5089 2441 5160 ἔρημος
2493 5081 2794 5155 ἡμιλλᾶτο,
2828 5077 2888 5130 τό
2935 5093 2998 5145 γε
3028 5075 3102 5164 ἐκ
3120 5071 3220 5142 τῆς
3265 5068 3464 5164 ἀρετῆς
3496 5068 3605 5120 τῶν

2027 5160 2318 5240 οἰκούντων
2339 5176 2590 5232 πολιτῶν.
2619 5173 2730 5227 Kal
2760 5169 2919 5240 φύσει
2944 5167 3043 5238 μέν
3073 5160 3141 5237 ῆν
3179 5166 3214 5235 ἡ
3238 5162 3479 5234 τιμωρία
3508 5175 3605 5230 χα·

2026 5274 2347 5342 λεπωτάτη,
2374 5271 2440 5340 τῇ
2480 5267 2537 5320 δέ
2575 5261 2856 5336 προθυμίᾳ
2888 5261 2996 5314 τῶν
3042 5254 3457 5327 ἀγωνιζομένων
3484 5251 3605 5319 ἐγέ-

2028 5385 2149 5423 νετο
2185 5365 2342 5437 ῥᾳδία
2393 5361 2489 5415 καὶ
2541 5357 2716 5429 κούφη
2773 5354 2869 5409 καὶ
2900 5353 3151 5423 εὔπορος.
3197 5343 3604 5437 Πολλαπλάσιον

2027 5457 2149 5513 τότε
2179 5430 2425 5524 ἐνόμιζον
2458 5449 2588 5522 όρᾷν
2631 5446 2694 5500 τὸ
2723 5445 2870 5513 φῶς,
2902 5443 2996 5496 καὶ
3024 5440 3085 5493 τὺ
3122 5430 3605 5524 είρημένονῃπαρὰ

2027 5548 2105 5619 τῷ
2121 5522 2282 5618 [⁸702]
2297 5542 2575 5613 προφήτῃ,
2604 5538 2686 5591 ὅτι
2708 5537 2775 5590 Ἦ
2802 5533 3036 5599 σελήνη
3063 5530 3231 5583 ἔσται
3256 5527 3335 5619 ώς
3356 5527 3388 5578 ό
3410 5522 3603 5619 ἥλιος,

2029 5612 2156 5694 δ’δέ
2188 5612 2356 5704 ἥλιος
2383 5627 2831 5691 ἐπταπλασίων,
2848 5624 3006 5678 τοῦτο
3019 5617 3378 5689 ἀπειληφέναι
3392 5615 3454 5669 τὸ
3488 5612 3605 5684 φῶς

2029 5731 2130 5801 ήδη
2167 5724 2434 5797 ἐνόμιζον.
2468 5721 2544 5776 Οὐ
2568 5719 2677 5790 γὰρ
2703 5717 2870 5782 ἐστιν,
2897 5715 2998 5768 οὐκ
3023 5712 3140 5766 ἔστι
3170 5710 3347 5803 ψυχῆς
3373 5705 3604 5803 εὐθυμό-

2035 5837 2190 5889 τερον
2239 5813 2669 5888 καταξιουμὲνης
2723 5808 2862 5881 ὑπὲρ
2906 5803 3142 5879 Χριστοῦ
3183 5801 3372 5859 παθεῖν
3411 5816 3463 5853 τι
3497 5801 3609 5846 των-
