4088 6476
559 367 660 421 697

557 478 745 535 δεινῶν
797 475 890 530 καὶ
937 473 1228 546 ἀφορήτων
1267 469 1405 529 εἶναι
1452 472 1751 528 δοκούντων
1801 475 1951 544 ἡμῖν.
2004 472 2143 542 Ἤδη

559 561 699 634 πρὸς
729 559 821 613 τὸν
861 556 1091 614 οὐρανὸν
1138 554 1460 616 μεθεστάναι
1509 557 1603 610 καὶ
1636 557 1754 626 μετ’
1781 555 2029 624 ἀγγέλων
2061 571 2150 626 χο-

565 644 745 717 ρεύειν
778 639 1046 712 ἐνόμιζον.
1076 637 1142 691 Τί
1170 638 1280 712 γὰρ
1329 638 1532 710 μᾶλλον
1573 640 1757 702 αὐτοῖς
1781 635 2012 707 ούρανοῦ
2051 635 2145 689 καὶ

561 727 809 798 ἀγγέλων
832 723 962 789 ἔδει,
987 720 1083 775 τοῦ
1113 721 1224 776 τῶν
1245 721 1492 791 ἀγγέλων
1515 722 1788 774 Δεσπότου
1814 719 1931 791 μετ’
1965 717 2141 773 αὐτῶν

560 811 714 875 ὄντος
753 807 928 880 Ἰησοῦ
971 807 1065 861 ἐπὶ
1115 806 1218 876 τῆς
1260 807 1512 877 ὲρήμου;
1551 805 1615 858 Et
1654 805 1803 876 γὰρ,
1853 804 1986 857 ὅπου
2041 803 2146 856 εισι

559 895 651 948 δύο
703 893 738 963 ἢ
793 892 943 964 τρεῖς
982 888 1309 960 συνηγμένοι
1343 889 1426 950 είς
1465 887 1530 940 τὸ
1573 885 1740 942 αὑτοῦ
1793 885 1996 956 ὄνομα,
2030 885 2148 937 ἐκεῖ

559 978 706 1029 ἐστιν
735 976 793 1028 ιν
847 973 998 1045 μέσῳ
1029 971 1244 1034 αὐτῶν.
1284 969 1464 1041 πολλῷ
1498 970 1701 1042 μᾶλλον
1735 970 1793 1022 ὲν
1824 967 1976 1039 μέσῳ
2003 967 2149 1020 ιιικεί⁴¹

559 1076 667 1112 νων
713 1052 783 1130 ἦν
809 1057 932 1110 τότε
962 1053 1393 1125 συνειλεγμένων
1412 1093 1426 1118 ,
1455 1055 1556 1124 οὐχ
1601 1052 1679 1116 ὼς
1727 1050 1810 1114 είς
1857 1050 1920 1103 τδ
1950 1051 2144 1120 ὄνομα,

559 1140 675 1195 ἀλλ’
701 1140 844 1212 ὑπὲρ
871 1139 964 1193 τοῦ
990 1139 1252 1209 ὀνόματος
1279 1136 1658 1208 κολαζομένων
1679 1135 1960 1205 διηνεκῶς.
1999 1133 2146 1187 "Ion

561 1224 707 1297 γὰρ,
745 1225 861 1278 ἴστε
915 1220 1140 1291 σαφῶς,
1172 1221 1255 1275 ὃτι
1309 1219 1410 1290 τῆς
1468 1217 1740 1300 τιμωρίας
1790 1215 2146 1300 ταύ-τηςίοὺκ

559 1307 710 1362 ἔστιν
739 1306 900 1379 ἑτέρα
945 1304 1333 1377 χαλεπωτέρα.
1369 1303 1461 1358 καὶ
1491 1298 1584 1355 ’ὅτι
1621 1301 1849 1372 μυρίους
1881 1298 2146 1364 θανάτους

559 1390 750 1454 ἄλλους
781 1391 849 1444 ἂν
877 1389 1080 1442 εἴλοντο
1118 1387 1411 1458 ὑπομεῖναι
1443 1388 1492 1440 oi
1529 1383 1707 1454 ταύτῃ
1747 1386 1814 1454 τῇ
1846 1382 2012 1454 ψήφῳ
2043 1399 2144 1436 κα-

559 1471 972 1542 ταδικαζόμενοι
995 1512 1011 1536 ,
1041 1471 1076 1542 ἢ
1121 1471 1222 1540 τῆς
1263 1469 1456 1538 ὀδύνης
1487 1467 1772 1539 ἀνέχεσθαι
1808 1467 1910 1536 τῆς
1937 1465 2144 1520 ἐκεῖθεν

561 1557 880 1628 γενομένης.
922 1551 1311 1626 Παρεδόθησαν
1369 1550 1654 1624 μετάλλοις
1680 1589 1695 1614 ,
1761 1548 1888 1614 ἔνθα
1945 1549 2144 1621 χαλκὸν

561 1640 876 1712 ἀνορύττειν
915 1639 1020 1693 ἔδει
1044 1679 1059 1703 ,
1095 1636 1358 1701 πολλάκις
1406 1636 1560 1691 αὐτοὶ
1613 1633 1872 1706 μετάλλου
1920 1634 2142 1706 χρυσίου

562 1722 715 1787 ὄντες
741 1722 1057 1794 τιμιώτεροι
1086 1722 1182 1776 καὶ
1207 1721 1371 1775 ἀῦλου
1403 1717 1626 1793 χρυσίου
1661 1729 1710 1784 α,
1744 1718 1805 1771 οὐ
1836 1717 2143 1772 καταδίκων

563 1805 992 1878 ἀνορυττομένου
1022 1805 1211 1876 χερσὶν
1230 1843 1244 1868 ,
1277 1803 1414 1858 ἀλλά
1461 1801 1667 1856 πιστῶν
1704 1800 1911 1875 ἀνδρῶν
1943 1799 2145 1872 προθυ-

568 1889 669 1961 μίᾳ
719 1888 1064 1961 εὑρεθέντοςο
1100 1886 1422 1958 εἰργάζοντο
1454 1885 1689 1956 μέταλλα
1737 1885 1788 1938 oi
1811 1885 2033 1956 μυρίων
2062 1882 2146 1953 γέ-

569 1988 766 2042 μοντες
793 1970 1100 2043 θησαυρῶν.
1136 1968 1201 2024 Τί
1243 1972 1346 2041 τῆς
1389 1969 1536 2040 ζωῆς
1574 1969 1789 2040 ἐκείνης
1823 1968 2148 2040 πικρότερον

567 2055 664 2108 καὶ
703 2050 1124 2125 ὀδυνηρότέρονς
1182 2051 1406 2125 Ἐώρων
1432 2051 1527 2106 καὶ
1573 2053 1652 2115 είς
1688 2051 1912 2114 ἑαυτοὺς
1954 2050 2147 2105 ἐκδαί-

564 2153 724 2193 νοντα
766 2136 837 2191 τά
866 2138 994 2208 περὶ
1029 2136 1140 2192 τῶν
1187 2136 1437 2208 μεγάλων
1469 2135 1692 2190 ἐκείνων
1721 2135 1929 2203 ἀνδρῶν
1957 2135 2147 2207 διηγή-

566 2238 712 2291 ματα
737 2259 753 2286 ,
801 2221 842 2275 ἀ
887 2220 1019 2290 περὶ
1050 2219 1158 2274 τῶν
1185 2219 1357 2288 ἀγίων
1385 2216 1608 2284 διέξεισι
1632 2217 1808 2287 λέγων
1833 2221 1862 2273 ό
1886 2217 2105 2283 Παῦλος
2127 2234 2143 2248 ·

564 2301 896 2373 Περιῆλθον
939 2303 1010 2358 ἐν
1047 2302 1388 2373 μηλωταῖς,
1430 2301 1501 2356 ἐν
1545 2301 1789 2372 αιτείοις
1833 2301 2145 2372 δέρμασιν,

562 2386 1027 2457 ὑστερούμενοι,
1072 2386 1412 2456 θλιϐόμενοι
1435 2423 1451 2449 ,
1511 2385 1988 2455 κακουχούμενοι
2012 2424 2028 2450 ,
2061 2376 2150 2438 ὧν

564 2469 677 2522 οὐκ
719 2463 798 2539 ἦν
823 2467 994 2534 ἄξιος
1027 2471 1060 2523 ὁ
1103 2469 1334 2540 κόσμος
1379 2467 1476 2538 [ὲν
1499 2466 1759 2538 ἐρημίαις
1806 2465 2148 2538 πλανώμενοι

565 2551 662 2604 καὶ⁹
696 2550 848 2622 δρεσι
886 2552 982 2605 καὶ
1030 2552 1318 2623 σπηλαίοις
1367 2551 1463 2606 καὶ
1503 2553 1624 2616 ταῖς
1665 2551 1826 2614 ὀπαῖς
1872 2553 1972 2622 τῆς
2021 2553 2147 2623 γῆς.

565 2631 752 2688 Ταῦτα
771 2635 868 2687 καὶ
891 2630 990 2687 ἐπὶ
1011 2634 1110 2706 τῆς
1137 2635 1333 2703 γενεᾶς
1364 2633 1582 2702 ἐγένετο
1608 2633 1710 2705 τῆς
1737 2634 1905 2705 ἡμετὲ
1915 2651 2013 2706 ρας

637 2716 802 2771 Ταῦτ’
834 2712 930 2771 οὖν
961 2717 1160 2780 εἰδότες
1194 2715 1290 2771 καὶ
1321 2718 1483 2787 ἡμεῖς
1504 2757 1519 2780 ,
1573 2717 1849 2788 ἀγαπητοὶ
1871 2758 1887 2779 ,
1925 2717 2008 2770 ὅτι
2056 2719 2154 2772 καὶ

567 2798 664 2852 νῦν
693 2801 791 2854 καὶ
819 2801 1021 2862 πάλαι,
1051 2798 1114 2865 ἐξ
1139 2792 1198 2853 οὗ
1232 2797 1522 2867 γεγόνασιν
1570 2800 1876 2871 ἄνθρωποι,
1913 2800 2152 2866 ἅπαντες

569 2883 620 2935 oi.
647 2881 726 2954 τῷ
767 2881 889 2954 Θεῷ
930 2882 1075 2953 φίλοι
1107 2881 1186 2953 τῷ
1232 2881 1451 2952 στυγνῷ
1480 2882 1576 2934 καὶ
1609 2883 1896 2954 ὲπιμόχθῳ
1927 2883 2023 2938 καὶ
2054 2901 2154 2954 μυ-

631 3056 656 3084 “
684 3053 807 3116 Reg.
831 3053 914 3102 καὶ
938 3053 1118 3104 ἀσύλου
1137 3055 1353 3120 χρυσίου.
1387 3053 1608 3116 Utraque
1631 3053 1778 3103 lectio
1797 3054 2022 3115 quadrat.

1269 359 1327 416 S.
1368 359 1655 417 JOANNIS
1691 357 2178 417 CIIRYSOSTOMI
2216 358 2539 418 ABCHIEP.
2577 359 3127 418 CONSTANTINOP.
3733 369 3818 424 698

2252 471 2382 543 ρίων
2406 473 2629 544 γέμοντι
2655 473 2844 528 δεινῶν
2869 472 3253 546 ἐκληρὼθησαν
3285 472 3421 545 βίῳ,
3452 473 3530 544 μὴ
3561 473 3652 528 τὸν
3675 477 3820 548 ὑγρὸν

2247 555 2343 608 καὶ
2368 553 2750 625 διαλελυμένον
2776 555 2869 610 καὶ
2894 556 2986 610 τὸν
3016 556 3248 620 ἀνέσεως
3271 555 3533 623 γέμοντα
3559 556 3816 633 διώκωμεν

2246 635 2382 707 βίον,
2415 637 2552 692 ἀλλά
2582 637 2675 691 τὸν
2708 638 3027 710 ἑπίμοχθον,
3057 639 3149 693 τὸν
3180 639 3451 693 ἐπίπονον
3470 679 3488 702 ,
3518 643 3613 694 τὸν
3636 644 3820 712 θλίψεις

2243 713 2436 784 ἔχοντα
2489 718 2585 769 καὶ
2632 717 3030 790 ταλαιπωρίας.
3061 718 3267 790 Ὠσπερ
3304 718 3429 789 γὰρ
3475 719 3581 773 οὐκ
3609 719 3816 777 {autin

2244 797 2643 868 ἀγωνιζόμενον
2677 800 2745 854 δι’
2773 800 2944 855 ὕπνου
2994 801 3092 856 καὶ
3149 801 3437 874 ῥᾳθυμίας
3494 803 3592 856 καὶ
3631 806 3817 876 egw-7;;

2244 883 2352 936 τῶν
2390 885 2668 953 στεφάνων
2693 887 2967 957 ἐπιτυχεῖν
2988 928 3004 952 ,
3033 886 3154 940 οὐδὲ
3201 885 3292 940 τὸν
3338 885 3688 959 στρατιώτην
3726 891 3816 945 τῶν

2243 967 2520 1035 τροπαίων
2546 1007 2560 1031 ,
2601 968 2722 1022 οὐδὲ
2754 968 2847 1022 τὸν
2878 969 3220 1041 κυϐερνήτην
3249 969 3348 1027 τοῦ
3403 970 3636 1040 λιμένος
3655 1011 3670 1036 ,
3716 975 3816 1028 οὐδὲ

2245 1047 2333 1100 τὸν
2367 1050 2605 1120 γηπόνον
2647 1052 2748 1122 τῆς
2793 1051 2907 1106 άλω
2959 1051 3408 1124 πεπληρωμένης
3443 1071 3458 1083 ο
3510 1053 3685 1118 οὕτως
3715 1057 3816 1112 οὐδὲ

2243 1132 2335 1185 τὸν
2365 1133 2553 1187 πιστὸν
2578 1133 2666 1189 διὰ
2693 1134 2963 1207 ῥᾳθυμίας
2990 1137 3084 1189 τὸν
3124 1136 3316 1190 ἑαυτοῦ
3352 1137 3479 1207 βίον
3509 1139 3816 1207 διαγαγόντα

2244 1217 2352 1272 τῶν
2403 1219 2827 1290 ἐπηγγελμένων
2885 1221 3070 1290 τυχεῖν
3125 1220 3372 1290 ἀγαθῶν.
3411 1221 3548 1285 Πῶς
3599 1218 3688 1277 οὖν
3732 1223 3817 1280 οὐκ

2245 1302 2443 1357 ἄτοπον
2471 1306 2528 1358 ὲν
2557 1304 2656 1374 μὲν
2682 1307 2794 1366 τοῖς
2820 1303 3093 1374 βιωτικοῖς
3120 1305 3291 1360 ἅπασι
3322 1307 3464 1369 τοὺς
3490 1306 3685 1371 πόνους
3704 1324 3813 1376 προ·

2245 1385 2457 1440 κεῖσθαι
2493 1387 2600 1457 πρὸ
2632 1388 2728 1456 τῆς
2757 1387 2951 1457 ἡδονῆς
2972 1426 2990 1451 ,
3015 1387 3258 1452 καὶτοὺς
3287 1387 3583 1451 κινδύνους
3613 1390 3714 1460 πρὸ
3735 1391 3815 1459 τῆς

2245 1468 2577 1537 ἀσφαλείας,
2606 1470 2700 1524 καὶ
2731 1468 2906 1524 ταῦτα
2941 1469 3191 1534 εὐτελοῦς
3220 1471 3314 1524 καὶ
3352 1473 3576 1543 μικρᾶς
3615 1471 3706 1541 τῆς
3725 1473 3813 1524 ἀπὸ

2243 1550 2352 1604 τῶν
2377 1546 2580 1606 ’πόνων
2611 1552 2835 1606 ἐκείνων
2869 1553 3196 1624 προσδοκίας
3231 1553 3518 1625 μενούσης
3543 1570 3558 1586 ο
3613 1554 3730 1606 ὅταν
3767 1553 3814 1605 δὲ

2245 1634 2471 1704 οὐρανὸς
2498 1635 2858 1706 προκείμενος
2883 1631 2941 1709 ᾖ,
2973 1636 3070 1690 καὶ
3097 1635 3344 1704 ἀγγέλων
3369 1637 3568 1707 τιμαὶ,
3603 1638 3694 1690 καὶ
3720 1634 3813 1704 ζωὴ

2247 1719 2422 1788 πέρας
2466 1719 2566 1771 οὐκ
2600 1718 2834 1788 ἔχουσα,
2879 1719 2972 1773 καὶ
3009 1721 3043 1791 ἡ
3099 1721 3216 1788 μετ’
3246 1720 3511 1788 ἀγγέλων
3566 1717 3812 1787 διατριϐὴ,

2244 1799 2434 1855 καὶτὰ
2471 1801 2687 1869 ἀγαθὰ,
2717 1800 2754 1855 ἂ
2795 1802 2930 1873 μηδὲ
2981 1802 3234 1872 ἐννοῆσαι
3275 1803 3309 1873 ἢ
3359 1802 3549 1854 εἰπεῖν
3592 1799 3810 1863 δυνατὸν,

2243 1884 2550 1956 προσδοκῶ
2575 1884 2663 1937 διὰ
2691 1884 2962 1956 ῥᾳθυμίας
3009 1885 3104 1950 καὶ
3136 1883 3427 1958 ῥᾳστώνης
3461 1885 3564 1939 καὶ
3600 1880 3811 1936 διαλελυο

2248 1968 2417 2039 μένης
2439 1967 2618 2038 ψυχῆς
2647 1966 2828 2020 αὐτῶν
2854 1967 3255 2034 ὲπιτεύξεσθαι,
3287 1969 3386 2022 καὶ
3419 1967 3500 2039 μὴ
3531 1967 3634 2037 τῆς
3665 1964 3810 2034 αὐτῆς

2245 2051 2384 2104 αὐτὰ
2413 2053 2524 2114 τοῖς
2557 2050 2828 2120 βιωτικοῖς
2854 2050 3087 2121 σπουδῆς
3114 2049 3333 2116 ἀξιοῦν;
3361 2051 3486 2121 Μὴ,
3510 2048 3805 2120 παρακαλῶ,

2250 2133 2327 2206 μη
2351 2132 2494 2187 οὕτω
2525 2133 2708 2198 κακῶς
2747 2135 2879 2204 περὶ
2927 2131 3138 2187 ἑαυτῶν
3188 2135 3283 2188 καὶ
3327 2135 3432 2205 τῆς
3475 2132 3684 2187 ἑαυτῶν
3710 2130 3808 2200 βου-

2246 2215 2531 2288 λευώμεθα
2563 2216 2876 2286 σωτηρίας,
2907 2215 3025 2270 ἀλλ’
3065 2217 3147 2279 είς
3198 2218 3324 2280 τοὺς
3368 2217 3574 2286 ἀγίους
3619 2213 3810 2276 τούτους

2246 2299 2513 2372 ὁρῶντες,
2543 2300 2670 2363 τοὺς
2699 2297 2982 2368 γενναίους
3031 2301 3126 2354 καὶ
3159 2302 3533 2372 καρτερικοὺς
3581 2296 3810 2368 ἀθλητὰς,

2245 2385 2374 2448 τοὺς
2403 2382 2522 2436 ἀντὶ
2548 2383 2852 2454 φωστήρων
2889 2381 3207 2452 δεδομένους
3237 2384 3393 2454 ἡμῖν,
3425 2381 3570 2454 πρὸς
3594 2379 3684 2452 τὴν
3707 2376 3810 2432 τούς

2247 2481 2356 2522 των
2387 2465 2680 2537 καρτερίαν
2710 2465 2804 2518 καὶ
2823 2465 2923 2538 τὴν
2959 2464 3238 2538 ὑπομονὴν
3261 2465 3353 2518 τὸν
3381 2463 3600 2519 ἑαυτῶν
3626 2460 3807 2516 διευθύ-

2248 2567 2430 2620 νωμεν
2453 2549 2590 2620 βίον,
2630 2547 2780 2622 [705]
2815 2549 2902 2604 ἵνα
2929 2552 3049 2614 ταῖς
3072 2549 3258 2620 εὐχαῖς
3287 2547 3477 2603 αὐτῶν
3522 2545 3810 2618 δυνηθῶμεν

2252 2631 2391 2704 μετὰ
2419 2631 2517 2703 τὴν
2564 2630 2816 2685 ἐντεῦθεν
2869 2631 3186 2703 ἀποδημίαν
3229 2631 3358 2686 ἰδεῖν
3411 2649 3476 2685 τε
3524 2629 3709 2692 αὐτοὺς
3733 2627 3807 2681 καὶ

2249 2714 2636 2780 ἀσπάσασθαι,
2686 2715 2781 2768 καὶ
2819 2715 2957 2786 πρὸς
2983 2716 3084 2780 τὰς
3121 2714 3411 2788 οὐρανίους
3451 2713 3632 2769 αὐτῶν
3674 2727 3809 2765 κατα-

2249 2796 2515 2868 ταχθῆναι
2547 2799 2786 2867 σκηνάς·
2823 2790 2901 2853 ὧν
2939 2799 3152 2867 γένοιτο
3200 2798 3413 2862 πάντας
3467 2798 3618 2867 ἡμᾶς
3654 2795 3804 2862 τυχεῖν

2251 2882 2432 2953 χάριτι
2483 2881 2579 2935 καὶ
2631 2881 3013 2954 φιλανθρωπίᾳ
3061 2881 3156 2935 τοῦ
3191 2882 3401 2954 Κυρίου
3457 2880 3617 2952 ήμῶν
3658 2872 3804 2944 Ἰησοῦ

2253 2963 2520 3035 Χριστοῦ,
2555 2963 2620 3018 δι’
2649 2957 2710 3018 οὗ
2743 2965 2838 3018 καὶ
2867 2965 2987 3035 μεθ’
3024 2959 3085 3020 οὗ
3114 2964 3191 3037 τῷ
3237 2965 3423 3038 Πατρὶ
3453 2965 3552 3018 καὶ
3581 2961 3654 3033 τῷ
3689 2958 3804 3026 ἁγίῳ

2259 3048 2538 3117 Πνεύματι
2563 3047 2687 3112 δόξα
2725 3050 2805 3112 εἰς
2831 3048 2954 3111 τοὺς
2985 3047 3187 3112 αἰῶνας
3217 3047 3324 3102 τῶν
3357 3046 3599 3102 αἰώνων.
3640 3042 3800 3112 Ἀμήν.

578 3441 3770 3482 πεπωΜῄᾕῶ-

1447 3711 1548 3772 AD
1575 3709 1955 3771 HOMILIAM
2001 3709 2079 3769 ΙΝ
2109 3709 2171 3768 S.
2203 3707 2630 3770 MARTYREM
2661 3709 2966 3770 PHOCAM

557 3986 564 3996 ’
651 3991 820 4045 Miror
856 3989 1190 4044 Frontonem
1238 3988 1491 4044 Ducaaum
1542 3988 1827 4044 dubitasse
1859 3986 2410 4058 Constantinopoline
2452 4003 2522 4042 an
2563 3988 2869 4044 Antiochia:
2904 3989 3090 4045 habita
3123 3989 3292 4046 fuerit
3325 3990 3446 4047 haec
3467 3990 3669 4054 concio,
3699 3996 3795 4040 cum

581 4085 698 4154 ipsa
750 4085 866 4140 luce
903 4085 1104 4140 clarius
1136 4083 1212 4140 sit
1251 4083 1728 4153 Constantinopoli
1759 4083 1957 4137 dictam
2006 4081 2179 4138 fuisse
2219 4099 2232 4136 :
2269 4097 2396 4138 nam
2463 4092 2660 4152 praeter
2685 4098 2750 4137 ea
2799 4099 2922 4153 qua:
2953 4083 3231 4140 dieuntur'
3266 4085 3451 4150 initio,
3487 4084 3724 4140 nimirum
3745 4089 3796 4130 ex

580 4177 759 4232 Ponto
792 4177 1048 4231 hesterna
1077 4175 1166 4230 die
1202 4175 1490 4232 advenisse
1531 4175 1590 4230 S.
1631 4175 1944 4247 Martyrem,
1982 4175 2049 4230 ad
2086 4175 2494 4244 lmperatoriam
2536 4175 2749 4230 scilicet
2777 4175 2966 4230 urbem
3001 4195 3015 4232 :
3050 4177 3180 4246 quid
3209 4177 3276 4232 ad
3307 4170 3793 4242 ConstantinOpolim

580 4269 927 4326 indicandam
976 4267 1378 4339 signiﬁcantius
1431 4269 1519 4324 his
1549 4268 1734 4323 verbis
1779 4286 1792 4320 :
1836 4266 2233 4321 Ealmuriamus
2265 4266 2462 4329 urbem,
2502 4276 2551 4320 et
2592 4283 2684 4321 nos
2713 4267 2784 4320 ad
2805 4267 3105 4336 sepulcrum
3161 4268 3413 4338 martyris
3452 4268 3794 4337 conferamus:

579 4382 708 4419 nam
737 4371 788 4418 et
819 4361 1172 4431 Imperatores
1218 4375 1328 4414 una
1359 4360 1630 4414 nobiseum
1675 4360 1896 4414 choreas
1927 4360 2148 4415 ducunt.
2205 4359 2507 4427 Quamnam
2551 4359 2717 4430 igitur
2744 4360 2948 4413 veniam
2980 4371 3210 4413 meretur
3233 4361 3499 4427 privatus,
3542 4375 3647 4412 cum
3678 4348 3792 4418 τιτθία

579 4454 787 4523 palatia
836 4455 1082 4508 deserant
1121 4449 1494 4517 Imperatores,
1531 4460 1582 4506 et
1623 4452 1874 4521 martyris
1926 4453 2165 4520 sepulcro
2227 4453 2539 4508 assideant?
2587 4451 3058 4522 Constantinopoli
3105 4451 3270 4522 igitur
3309 4451 3424 4507 haec
3480 4449 3617 4506 haud
3661 4438 3793 4500 dubie

579 4547 936 4603 concionatus
969 4555 1052 4601 est
1082 4545 1532 4616 Chrysostomus.
1568 4542 1647 4599 Ac
1697 4550 1985 4614 postquam
2016 4544 2082 4599 de
2119 4543 2178 4598 S.
2213 4553 2453 4613 martyre
2482 4541 2663 4600 Phoca
2692 4559 2866 4615 pauca
2898 4543 3186 4614 praemisit,
3215 4543 3507 4600 Anomaeos
3541 4538 3787 4596 adoritur:

578 4641 906 4712 quibuscum
939 4653 1047 4694 non
1083 4637 1385 4693 Antiochia:
1414 4637 1599 4705 modo,
1623 4637 1720 4692 sed
1742 4637 1906 4692 etiam
1927 4637 2403 4708 Constantinopoli
2447 4646 2727 4694 certamen
2768 4638 2978 4692 habuit.
3033 4637 3135 4692 Hie
3163 4638 3348 4692 omnia
3379 4637 3791 4710 Cltrysostomum

580 4731 816 4800 sapiunt,
853 4731 1048 4802 stylus,
1086 4728 1347 4801 arguendi
1386 4730 1598 4794 modus,
1637 4729 1802 4799 tropi,
1844 4729 2231 4786 similitudines
2269 4747 2284 4785 :
2321 4731 2681 4801 quamobrem
2717 4731 2905 4785 mirari
2943 4730 3091 4786 subit
3137 4729 3405 4785 Savilium
3443 4730 3568 4800 περὶ
3617 4714 3789 4793 γνησιά

579 4837 738 4889 τητο;
775 4822 1059 4890 inesitare;
1099 4823 1195 4877 sed
1227 4837 1354 4878 cum
1393 4823 1598 4877 nullam
1640 4822 1924 4878 haesitandi
1955 4837 2179 4878 causam
2218 4822 2478 4894 proferat,
2511 4832 2566 4880 et
2595 4838 2722 4879 vere
2750 4824 2898 4878 nulla
2925 4832 3140 4894 poterat
3167 4823 3426 4894 proferri,
3461 4822 3598 4879 haud
3621 4822 3786 4872 temere

579 4914 758 4968 dicam
787 4915 961 4984 ipsum
988 4917 1353 4988 perfunctorie
1379 4918 1643 4989 judicium
1669 4918 1880 4984 tulisse,
1916 4934 2095 4990 neque
2120 4936 2234 4975 rem
2264 4921 2332 4976 ad
2369 4920 2637 4975 trutinam
2658 4933 2907 4975 vocasse.
2938 4919 3013 4974 De
3038 4933 3206 4984 anno,
3243 4934 3354 4988 quo
3390 4919 3532 4975 hanc
3551 4912 3670 4971 dixit
3687 4917 3783 4961 ora-

583 5016 808 5079 tionem,
862 5030 972 5069 non
1022 5017 1096 5070 ita
1133 5026 1278 5073 certo
1319 5017 1468 5087 loqui
1518 5031 1835 5087 possumus.
1884 5014 2143 5070 Nonnihil
2196 5013 2383 5071 indicii
2425 5017 2665 5086 praebere
2714 5015 2968 5070 videntur
3032 5015 3148 5070 hate
3212 5010 3584 5086 Chrysostomi
3621 5000 3784 5060 verba:

580 5107 674 5162 Sia
711 5107 878 5176 igitur
897 5124 989 5178 ego
1019 5125 1239 5180 quoque.
1267 5111 1313 5165 si
1333 5125 1454 5164 cum
1489 5108 1746 5164 hatreticis
1774 5105 1968 5161 bellum
1995 5121 2222 5176 gessero,
2266 5122 2370 5160 non
2395 5123 2514 5160 cum
2547 5105 2846 5159 hominibus
2895 5105 3090 5158 bellum
3118 5103 3331 5166 habere,
3372 5103 3462 5158 sed
3483 5111 3692 5157 errorem
3713 5099 3783 5142 επ-

578 5200 772 5268 ρείίενε
801 5199 937 5263 υοίο,
971 5216 1034 5253 ac
1062 5201 1385 5264 putredinem
1421 5217 1735 5271 expurgare.
1771 5198 1901 5252 Mihi
1947 5209 2254 5254 consuetum
2281 5208 2358 5254 est
2387 5200 2841 5270 persequutionem
2876 5199 3009 5267 pati,
3042 5214 3144 5251 non
3174 5199 3408 5266 persequi
3440 5212 3460 5251 :
3488 5190 3670 5251 uexari,
3700 5194 3778 5235 ηοιι

580 5308 789 5346 vexare.
827 5291 885 5345 id
933 5293 978 5348 si
1008 5301 1156 5347 notet
1185 5293 1303 5363 ejus
1334 5293 1572 5362 priorem
1603 5294 2101 5363 persequutionem,
2126 5308 2234 5362 qua
2263 5292 2316 5346 in
2351 5293 2604 5348 exsilium
2636 5292 2846 5362 pulsus,
2883 5290 3047 5360 paulo
3078 5298 3199 5360 post
3227 5291 3409 5345 sedem
3442 5285 3655 5358 repetiit,
3692 5277 3780 5328 ίιέθο

583 5385 805 5438 Ιιοῐῐιίίίζὶ
847 5384 901 5439 in
927 5385 1090 5439 ﬁnem
1131 5384 1258 5438 anm‘
1281 5384 1406 5450 405,
1435 5385 1520 5439 vel
1549 5385 1886 5454 insequentis
1911 5384 2017 5439 404
2044 5384 2258 5439 initium
2283 5383 2563 5440 referenda
2594 5385 2718 5438 erit.
2751 5384 2909 5438 Certe
2934 5398 3042 5437 non
3067 5383 3229 5435 aliam
3260 5383 3494 5436 antehac
3529 5379 3779 5450 persequu‘

583 5476 787 5530 tionem
850 5492 1045 5544 passus
1091 5486 1174 5532 est
1203 5477 1630 5548 Chrysostomus
1682 5495 1695 5531 :

585 5565 840 5622 conferri.

1755 5477 1898 5533 unde
1936 5477 2186 5547 sequitur
2230 5477 2584 5549 probabiliter
2633 5491 2798 5547 posse
2841 5476 2896 5531 in
2937 5476 3044 5530 hoc
3092 5483 3308 5545 tempus
3363 5474 3505 5529 hanc
3550 5459 3776 5526 homiliam
3820 5549 3825 5554 Ι

657 5659 731 5712 De
758 5673 946 5717 sancto
976 5663 1154 5721 Phoca
1185 5674 1422 5735 martyre
1452 5664 1566 5720 lucc
1587 5665 1805 5720 disserit
1832 5664 2036 5721 Fronto
2065 5667 2292 5722 Dueaeus
2317 5685 2330 5720 :
2369 5685 2386 5718 ι
2416 5667 2608 5724 Phoca:
2636 5666 2893 5738 martyris
2923 5666 3172 5721 meminit
3192 5663 3250 5720 S.
3276 5661 3566 5732 Gregorius
3588 5654 3694 5712 Νέη-
3725 5637 3775 5695 εδ

591 5744 940 5814 Vitalianum.
969 5755 1125 5822 eique
1159 5770 1328 5827 prope
1357 5757 1752 5825 Trapezuntem
1789 5757 2030 5812 dicatum
2065 5756 2234 5814 fuisse
2275 5760 2534 5829 templum
2575 5758 2978 5830 Chalcondylus
3005 5759 3211 5814 scribit.
3248 5758 3305 5812 In
3331 5755 3583 5825 Catalogo
3623 5738 3774 5801 BibliO‘

590 5838 760 5896 theca:
797 5846 1127 5910 Augustamc
1149 5849 1208 5904 ﬁt
1238 5850 1444 5908 mentio
1487 5850 1717 5907 Andreae
1749 5848 2220 5922 Chartophylacis,
2252 5852 2410 5923 cujus
2432 5853 2487 5909 in
2513 5868 2574 5910 ea
2605 5851 2706 5912 Ms.
2737 5859 2990 5910 servatur
3019 5848 3413 5909 Eneomiumin
3449 5847 3506 5903 S.
3542 5838 3772 5906 ηιιτιγτεω
