4088 6442
306 369 419 430 697

305 492 510 557 larius,
559 500 681 561 qui!
718 485 877 557 digna
915 489 1001 537 est
1029 476 1205 533 habita
1248 488 1343 547 pro
1368 470 1583 530 Christo
1617 467 1728 541 pati
1757 464 1908 561 quid-

307 584 453 655 piam
481 558 668 636 eorum
693 617 709 641 ,
738 588 859 646 quae
884 570 1038 629 nobis
1059 568 1239 641 gravia
1266 574 1320 623 et
1347 560 1702 621 intolerabilia
1727 558 1915 615 viden-

309 650 421 727 iur.
453 670 573 728 lam
601 682 662 725 se
687 665 971 722 translatos
997 661 1053 717 in
1080 658 1272 716 caelum
1301 670 1444 722 esse,
1468 667 1531 710 ac
1557 667 1681 709 cum
1705 650 1913 724 angelis

305 766 511 821 «lucere
557 761 781 818 choreas
830 754 1110 829 putabant.
1157 749 1296 819 Quid
1339 748 1482 805 enim
1526 746 1756 817 amplius
1807 743 1912 798 illis

304 855 444 911 caelo
468 861 525 910 et
546 850 751 923 angelis
779 861 915 920 opus
948 852 1099 911 erat,
1133 856 1254 899 cum
1290 840 1345 896 in
1384 838 1599 895 deserto
1632 850 1757 893 cum
1805 833 1912 888 illis

308 944 625 1018 angelorum
668 940 927 997 Dominus
970 935 1126 994 Iesus
1171 932 1348 991 esset?
1371 929 1507 991 Nam
1546 928 1627 998 si,
1655 927 1745 985 ubi
1784 928 1915 976 sunt

303 1040 416 1097 duo
440 1037 529 1096 vel
548 1045 661 1095 tres
678 1033 986 1106 congregati
1013 1031 1070 1087 in
1096 1029 1313 1086 nomine
1338 1027 1479 1098 ejus,
1503 1022 1577 1081 lbi
1604 1031 1689 1080 est
1715 1020 1772 1076 in
1796 1033 1912 1076 me-

304 1131 401 1188 dio
416 1145 603 1188 eorum
634 1126 850 1200 (Matth.
878 1124 970 1192 l8,
997 1121 1115 1195 20),
1135 1120 1306 1177 multo
1325 1116 1495 1190 magis
1513 1116 1567 1172 in
1583 1112 1761 1172 medio
1782 1112 1908 1168 illo-

304 1239 426 1280 rum
455 1231 580 1278 tunc
604 1227 723 1278 erat
740 1260 757 1286 ,
786 1218 877 1291 qui
904 1212 1215 1288 congregati
1243 1222 1356 1270 tum
1383 1210 1599 1267 fuerant
1618 1222 1727 1265 non
1764 1215 1825 1262 ut
1853 1205 1908 1263 iu

307 1312 552 1378 nomine,
582 1310 678 1367 sed
704 1318 765 1367 ut
785 1323 889 1382 .pro
913 1308 1130 1364 nomine
1157 1303 1276 1377 ejus
1303 1310 1563 1375 perpetuo
1587 1309 1907 1372 torqueren—

306 1413 417 1460 tur.
443 1400 625 1460 Nostis
651 1399 794 1457 enim
818 1440 837 1469 ,
861 1398 1033 1455 nostis
1054 1403 1245 1468 aperte
1281 1393 1385 1450 hoc
1407 1391 1668 1463 supplicio
1694 1388 1909 1462 gravius

303 1507 435 1551 esse
454 1492 683 1558 nullum,
714 1504 916 1561 eosque
932 1530 949 1557 ,
976 1487 1067 1560 qui
1087 1485 1349 1543 sententia
1369 1493 1496 1541 sunt
1516 1483 1608 1539 illa
1631 1480 1903 1547 damnati,

302 1592 591 1643 sexcentas
613 1583 745 1639 alias
770 1590 972 1638 mortes
994 1579 1157 1636 malle
1174 1578 1404 1636 tolerare
1419 1617 1437 1644 ,
1466 1589 1628 1649 quam
1658 1588 1754 1632 eos
1771 1615 1790 1641 ,
1816 1574 1907 1647 qui

301 1677 421 1734 illic
446 1677 749 1742 inuruntur,
771 1673 987 1730 dolores
1010 1671 1296 1729 sustinere.
1316 1668 1546 1725 letallis
1562 1666 1762 1725 addicti
1786 1666 1906 1724 fue-

302 1776 469 1836 runt,
498 1767 590 1824 ubi
630 1782 707 1824 ars
733 1764 1092 1823 ell'odiendum
1137 1771 1254 1820 erat
1283 1762 1600 1833 plerumque
1625 1760 1696 1817 ab
1737 1760 1868 1833 ipsis
1885 1799 1902 1828 ,

301 1862 401 1933 qui
424 1861 543 1917 auri
566 1859 786 1916 metallo
804 1866 959 1915 erant
978 1856 1347 1929 pretiosiores,
1365 1863 1422 1911 et
1441 1869 1595 1922 auro,
1617 1853 1760 1927 quod
1790 1868 1906 1909 rna-

302 1954 444 2010 teria
487 1968 593 2008 non
632 1958 874 2019 constat,
916 1949 1061 2022 quod
1101 1964 1209 2004 non
1247 1948 1621 2005 damnatorum
1658 1945 1909 2003 effoditur

301 2045 587 2112 manibus,
628 2042 725 2100 sed
768 2040 1006 2099 ﬁdelium
1031 2040 1271 2096 virorum
1310 2037 1489 2094 studio
1514 2038 1822 2109 reperitur:
1851 2037 1907 2093 in

304 2136 543 2193 metallis
562 2150 699 2208 opus
725 2133 1013 2198 iaciebant,
1030 2133 1119 2204 qui
1141 2132 1407 2189 thesauris
1430 2131 1724 2187 innumeris
1740 2131 1908 2186 abun-

303 2228 528 2283 dabant.
557 2225 696 2294 Quid
722 2234 840 2283 crat
865 2224 1081 2297 gravius
1106 2232 1163 2279 et
1197 2222 1443 2279 acerbius
1466 2222 1558 2277 illa
1586 2222 1731 2278 vita?
1755 2222 1824 2277 Et
1853 2222 1905 2278 in

301 2321 500 2392 seipsis
534 2320 781 2376 evenisse
822 2318 1160 2374 narrationes
1185 2325 1240 2373 et
1267 2315 1518 2371 historias
1546 2315 1614 2372 de
1643 2315 1772 2372 viris
1800 2315 1907 2371 illis

299 2412 515 2483 magnis
552 2410 880 2478 cernebant,
908 2423 1044 2481 quas
1079 2408 1148 2463 de
1176 2407 1378 2463 sanctis
1406 2404 1570 2463 refert
1593 2406 1794 2462 Paulus
1817 2406 1905 2461 dl-

300 2517 436 2558 cens
462 2519 476 2557 :
506 2502 826 2557 Circaierunt
850 2501 904 2555 in
928 2500 1146 2567 metatis,
1166 2500 1220 2554 iu
1247 2498 1462 2568 pellibus
1485 2498 1729 2569 caprinis,
1752 2515 1905 2570 eges-

301 2605 381 2650 tes
403 2636 418 2661 ,
445 2594 720 2665 angustiati
736 2635 749 2649 .
780 2592 977 2665 amicti,
1010 2590 1190 2662 quibus
1211 2590 1396 2663 dignas
1423 2605 1525 2645 non
1553 2599 1663 2644 erat
1687 2589 1906 2645 mundus

303 2687 493 2760 (Hebr.
519 2688 611 2743 Η.
638 2686 732 2747 57.
763 2686 881 2758 38).

380 2778 597 2834 Horatia
625 2778 931 2835 exhortatio.
956 2804 1029 2818 ——
1054 2774 1181 2833 llrec
1206 2774 1387 2845 itaque
1414 2788 1535 2831 cum
1563 2774 1816 2839 sciamus,
1847 2781 1906 2830 et

301 2883 448 2927 nunc
472 2877 529 2925 et
551 2868 699 2935 olim,
730 2884 797 2927 ex
826 2883 933 2941 quo
960 2868 1073 2923 nati
1095 2875 1221 2921 sunt
1249 2864 1517 2930 homines,
1545 2878 1903 2920 mrtmuosam

301 2968 365 3017 et
386 2960 713 3016 laboriosam
742 2974 806 3019 ac
849 2959 1149 3017 innumeris
1177 2957 1426 3012 refertam
1452 2955 1612 3015 malis
1641 2955 1733 3011 Dei
1761 2955 1900 3009 ami-

300 3067 403 3109 cos
426 3066 615 3109 omnes
642 3052 811 3109 vitam
853 3066 975 3109 esse
1000 3051 1222 3107 sortitos
1252 3067 1265 3105 :
1294 3064 1369 3107 ne
1390 3047 1673 3111 delicatam
1702 3063 1767 3104 se
1788 3047 1906 3103 dis»

301 3145 535 3203 solutam
575 3153 630 3202 et
672 3142 1036 3216 voluptatibus
1072 3139 1385 3198 afﬂuentem
1425 3140 1587 3197 vitam
1624 3150 1904 3199 consecto.

1271 367 1341 426 IN
1378 363 1437 422 Β.
1479 353 1757 418 ΝΙΟΟΔΜ
1794 346 2204 408 HABTYREDI.
2248 337 2671 399 --ΜΟΝΙΤΠΜ⁸

3510 340 3614 400 698

2015 475 2154 529 mar,
2193 459 2288 516 sed
2326 458 2652 516 laboriosum
2691 463 2854 528 atque
2886 468 3244 512 aerumnosum
3274 453 3399 510 vita:
3428 468 3599 526 genus

2009 552 2316 610 amictionis
2358 559 2415 608 et
2444 548 2674 607 miseriae
2701 549 2944 621 plenum.
2974 546 3044 606 Ut
3069 548 3214 606 enim
3253 546 3368 604 ﬁeri
3405 549 3612 619 nequit,

2012 654 2073 701 ut
2100 646 2167 711 is,
2193 644 2284 716 qui
2323 643 2377 699 in
2412 656 2586 713 agone
2608 638 2907 708 contendit,
2937 654 3036 711 per
3060 652 3309 695 somnum
3334 646 3390 694 et
3418 645 3608 708 torpo-

2011 751 2129 792 rem
2172 750 2238 791 ac
2260 733 2482 792 delicias
2528 745 2759 790 coronas
2802 732 2967 788 etiam
3011 739 3393 802 consequatur,
3437 743 3616 801 neque

2011 828 2168 884 miles
2198 836 2422 901 tropzea,
2449 840 2625 898 neque
2651 833 2866 898 portum
2895 824 3247 897 gubernator,
3284 838 3389 881 nec
3420 838 3608 881 aream

2011 918 2275 991 repletam
2297 920 2534 993 agricola
2560 938 2574 976 :
2603 919 2685 975 sic
2712 934 2814 976 nec
2840 926 2904 975 ut
2925 917 3116 985 ﬁdelis,
3146 917 3240 990 qui
3266 916 3433 974 vitam
3455 931 3610 973 suam

2011 1009 2069 1065 in
2094 1010 2308 1083 pigritia
2349 1024 2417 1068 ac
2449 1009 2769 1067 remissione
2809 1007 3128 1074 traduxerit,
3164 1007 3303 1064 bona
3345 1006 3612 1079 promissa

2008 1112 2395 1174 consequatur.
2433 1102 2629 1157 Annon
2667 1100 2828 1172 igitur
2847 1099 3137 1157 absurdum
3162 1107 3247 1155 est
3271 1099 3325 1154 in
3359 1098 3613 1155 omnibus

2007 1193 2223 1266 quidem
2251 1195 2412 1251 rebus
2450 1193 2634 1250 saeculi
2679 1193 2837 1265 hujus
2874 1201 3001 1250 ante
3037 1193 3367 1264 voluptatem
3396 1191 3612 1249 labores

2009 1300 2134 1345 esse
2153 1285 2481 1358 propositos,
2526 1292 2583 1342 et
2617 1294 2745 1341 ante
2783 1284 3126 1341 securitatem
3164 1282 3422 1355 pericula,
3452 1282 3612 1353 idque

2009 1391 2136 1434 cum
2166 1374 2355 1432 vilium
2395 1382 2453 1432 et
2491 1375 2805 1447 exiguarum
2854 1389 3037 1431 rerum
3066 1383 3191 1446 post
3235 1374 3449 1432 labores
3487 1374 3611 1430 illos

2007 1467 2344 1540 exspectatio
2367 1467 2735 1541 relinquatur;
2772 1481 2897 1524 cum
2923 1482 3056 1524 vero
3085 1450 3275 1524 caelum
3318 1468 3388 1523 sit
3412 1482 3613 1539 propo-

2007 1561 2195 1627 situm,
2221 1561 2540 1634 angelorum
2579 1561 2835 1628 honores,
2864 1557 2985 1617 ‘vita
3020 1575 3142 1632 qum
3186 1560 3335 1616 nullo
3361 1560 3467 1617 line
3503 1569 3612 1616 ter-

2005 1655 2264 1721 minatur,
2299 1666 2425 1709 cum
2460 1650 2670 1723 angelis
2705 1649 3068 1717 conversatio,
3108 1659 3163 1707 et
3188 1651 3327 1708 bona
3365 1666 3485 1723 qua:
3508 1666 3610 1708 nec

2008 1744 2304 1817 intelligere
2348 1758 2452 1801 nec
2489 1743 2640 1801 ell'ari
2678 1742 2967 1815 quisquam
3002 1749 3183 1814 potest
3210 1760 3227 1798 :
3252 1756 3469 1814 sperare
3511 1756 3612 1798 nos

2006 1832 2145 1903 fore,
2174 1844 2232 1892 ut
2257 1849 2355 1906 per
2378 1832 2641 1891 desidiam
2664 1843 2722 1889 et
2755 1833 3005 1889 inertiam
3030 1831 3305 1903 animique
3331 1831 3612 1888 remissio-

2010 1939 2135 1981 nem
2169 1940 2233 1982 ea
2266 1938 2677 1997 consequamur.
2706 1938 2807 1980 nec
2832 1923 3082 1979 eamdem
3110 1922 3216 1979 illis
3238 1921 3446 1994 dignari
3486 1921 3611 1978 dili—

2009 2019 2246 2089 gentiam
2299 2032 2460 2089 quam
2507 2014 2857 2073 saecularibus
2915 2015 3078 2071 rebus
3119 2013 3468 2085 impendere?
3511 2012 3609 2080 Ne,

2007 2109 2256 2177 obsecro,
2272 2124 2344 2166 ne
2366 2108 2503 2165 adeo
2527 2108 2669 2165 male
2681 2106 2751 2163 de
2771 2106 2949 2175 nobis,
2971 2105 3144 2176 deque
3164 2112 3347 2161 nostra
3373 2105 3610 2176 ipsorum

2008 2202 2183 2257 salute
2214 2209 2548 2267 statuamus;
2589 2199 2685 2255 sed
2712 2198 2882 2256 oculis
2905 2196 3105 2253 nostris
3126 2195 3197 2252 sd
3230 2204 3446 2252 sanctos
3479 2194 3613 2251 istos

2007 2292 2308 2358 conversis,
2333 2291 2401 2347 ad
2431 2304 2724 2362 generosos
2747 2299 2906 2360 atque
2928 2288 3221 2345 tolerantes
3238 2286 3488 2356 athletas,
3520 2288 3611 2359 qui

2007 2385 2183 2451 nobis,
2208 2394 2271 2439 ut
2298 2384 2449 2454 quasi
2471 2382 2618 2439 faces
2643 2382 2992 2455 praeluceant,
3013 2380 3123 2436 dati
3145 2386 3291 2448 sunt,
3316 2379 3391 2436 ad
3417 2378 3610 2436 borum

2010 2462 2348 2533 tolerantiam
2377 2488 2539 2548 atque
2566 2474 2883 2547 patientiam
2907 2473 3073 2530 vitam
3114 2482 3355 2528 nostram
3376 2486 3604 2541 compo-

2016 2584 2231 2637 namus,
2264 2579 2324 2623 ut
2366 2583 2556 2625 eorum
2586 2567 2855 2639 precibus,
2896 2575 3181 2637 postquam
3208 2562 3334 2619 hinc
3374 2576 3610 2620 excesse-
3696 2644 3705 2651 κ

2010 2663 2202 2727 rimus,
2255 2677 2381 2718 cum
2421 2662 2545 2720 illos
2594 2660 2799 2725 videre,
2853 2667 2965 2715 tum
3014 2657 3265 2728 amplecti
3323 2657 3609 2728 possimus,

2010 2762 2172 2823 atque
2209 2753 2261 2809 in
2294 2753 2397 2808 illis
2440 2750 2748 2808 caelestibus
2774 2748 3131 2805 tabernamtlis
3169 2747 3446 2804 collocari.
3475 2745 3609 2814 Qum

2010 2858 2114 2899 nos
2149 2859 2338 2900 omnes
2379 2842 2581 2898 utinam
2624 2854 3039 2911 consequamur,
3069 2838 3237 2909 gratia
3263 2845 3320 2893 et
3364 2836 3593 2907 benigni.

2010 2944 2120 2991 tate
2150 2934 2356 2989 Domini
2383 2933 2555 2989 nostri
2578 2932 2708 2988 Iesu
2729 2929 2953 2996 Christi,
2980 2945 3078 3001 per
3098 2941 3259 2999 quem
3279 2935 3335 2983 et
3353 2942 3480 2985 cunt
3507 2941 3613 2996 quo

2008 3026 2158 3083 Patri
2178 3035 2237 3084 et
2265 3026 2485 3097 Spiritui
2517 3032 2705 3081 sancto
2732 3022 2902 3094 gloria
2951 3022 3007 3076 in
3043 3020 3236 3076 secula
3265 3018 3611 3081 surculorum,

2011 3120 2208 3175 Amen.

1745 3758 2100 3820 MONITUM
2111 3805 2124 3818 .

300 4031 547 4090 Phoram
580 4031 1079 4104 Thaumaturgnm.
1118 4032 1186 4088 Et
1224 4032 1278 4088 in
1313 4030 1699 4106 Martyrologio
1734 4032 1983 4089 Romano
2022 4033 2253 4105 legimus
2286 4032 2320 4087 5
2348 4030 2524 4086 Martii
2553 4045 2621 4085 ex
2654 4029 2919 4102 Gregorio
2949 4027 3258 4085 Turonensi
3298 4026 3375 4086 De
3409 4029 3584 4101 gloria

299 4124 602 4198 Martyrum
634 4141 647 4178 :
688 4122 912 4181 Natalis
957 4122 1018 4179 S.
1067 4123 1263 4182 Phoco:
1285 4125 1425 4195 apud
1456 4125 1812 4180 Antiochiam.
1864 4125 2110 4197 Itemque
2155 4125 2226 4180 M
2263 4123 2394 4180 Julii
2431 4142 2445 4178 :
2485 4122 2680 4193 Sinope
2717 4124 2773 4178 in
2803 4124 2977 4178 Ponto
3024 4119 3085 4177 S.
3116 4120 3308 4178 Phocis
3334 4125 3591 4194 martyris

300 4217 541 4290 ejusdem
604 4216 837 4271 civitatis
884 4215 1154 4286 Episcopi,
1210 4216 1370 4288 cujus
1425 4218 1684 4288 reliquias
1746 4217 2009 4275 Viennam
2069 4218 2265 4277 Gallia:
2317 4215 2614 4272 translatas
2673 4215 2792 4271 Ade
2847 4220 3083 4269 testatur
3146 4213 3205 4267 in
3265 4213 3609 4282 Chronico;

302 4311 366 4366 in
419 4307 716 4379 Horologio
790 4309 1102 4366 Graecorum
1170 4311 1243 4364 22
1306 4309 1455 4366 Junii
1504 4320 1762 4383 notatur,
1827 4315 1861 4385 ἡ

2009 4312 2237 4384 ικομιδὴ
2313 4310 2409 4365 τοῦ
2480 4308 2747 4380 λειῲᾶνουο
2801 4309 2897 4362 τοῦ
2961 4307 3123 4378 ἁγίου
3182 4307 3588 4381 ἱερομάρτυρος

299 4406 493 4469 haud,
527 4407 672 4475 quod
707 4408 853 4478 apud
870 4406 1186 4464 Usuardum
1218 4425 1249 4465 a
1275 4409 1488 4466 Molano
1516 4410 1722 4469 editum
1753 4412 1837 4468 sic
1865 4411 2085 4479 legitur,
2112 4408 2431 4479 Reportatio
2453 4405 2678 4476 Lipsaui
2703 4406 2878 4460 sancti
2907 4404 3324 4475 "ieromarlyris
3347 4401 3540 4458 Phorm
3568 4417 3591 4457 :

301 4498 368 4556 in
391 4498 714 4556 Calendario
739 4516 870 4556 vero
897 4500 1235 4567 Graecorum,
1274 4503 1565 4575 interprete
1603 4504 1974 4571 Genebrardo,
2002 4502 2313 4558 Translatio
2334 4499 2705 4570 Reliquiaram
2730 4498 2925 4575 Phoco:
2955 4497 3248 4567 martyris;
3282 4511 3475 4550 rursus
3516 4495 3599 4550 22-

305 4591 665 4661 Septembris,
705 4594 799 4648 τοῦ
823 4593 976 4661 ἁγίου
1004 4572 1627 4668 ἱερομάρτυρος-Φωκᾶ.
1658 4595 1714 4653 in
1754 4596 1907 4653 Mena

2009 4597 2065 4651 io
2086 4610 2260 4667 graece
2301 4592 2543 4649 Venetiis
2584 4591 2730 4646 edito
2758 4572 2994 4660 duplicis
3018 4589 3216 4651 Pherae
3244 4588 3430 4657 passio
3456 4588 3590 4645 bre-

302 4681 452 4735 viter
484 4684 671 4739 eodem
699 4684 787 4738 die
808 4684 879 4737 ‘22
901 4684 1241 4754 Septembris
1266 4687 1683 4757 perstringitur;
1712 4704 1776 4743 ac
1799 4689 1907 4758 prie

2023 4687 2279 4758 quidem;
2315 4682 2411 4737 τοῦ
2437 4682 2594 4752 ἁγίου
2628 4681 3030 4755 ἱερομάρτυρος
3063 4680 3228 4733 Φωκᾶ
3252 4677 3346 4732 τοῦ
3371 4678 3587 4751 θαυμα-

298 4774 564 4846 cosmoe,
596 4775 690 4847 qui
715 4776 884 4834 fuisse
918 4777 1189 4848 Pamphili
1221 4786 1276 4832 et
1297 4777 1480 4833 Marim
1510 4780 1655 4835 lilius
1684 4781 2022 4850 perhibetur,
2051 4778 2263 4849 Sinope
2283 4776 2338 4830 in
2362 4774 2541 4831 Ponto
2562 4780 2750 4842 natus,
2783 4785 2945 4845 atque
2971 4787 3001 4827 a
3028 4773 3232 4831 teneris
3266 4774 3586 4845 unguiculis

303 4861 702 4919 miraculorum
764 4866 935 4936 gloria
971 4866 1237 4922 claruisse
1298 4868 1459 4939 eique
1521 4870 1849 4943 martyrium
1905 4871 2013 4926 hoc
2062 4870 2229 4939 signo
2271 4866 2701 4937 praenuntiatum
2746 4873 2833 4921 est
2886 4881 2900 4918 :
2961 4865 3208 4921 insidens
3250 4867 3415 4937 capiti
3467 4866 3591 4938 ejus

303 4954 563 5011 columba
597 4971 859 5013 coronam
891 4960 1153 5031 imposuit
1191 4960 1431 5017 humana
1463 4961 1743 5034 ejusmodi
1766 4980 1900 5022 voce
1930 4964 2099 5021 missa
2128 4983 2141 5019 :
2175 4963 2371 5019 Mistus
2393 4972 2479 5019 est
2516 4962 2681 5028 calix,
2717 4972 2878 5031 teque
2923 4960 3111 5016 bibere
3157 4962 3308 5017 illum
3345 4971 3588 5034 oportet.

305 5044 466 5111 Quod
496 5055 549 5101 et
575 5047 677 5118 ipsi
712 5048 804 5105 Dei
829 5066 1057 5108 munere
1087 5069 1409 5110 concessum
1446 5064 1531 5111 est
1561 5073 1575 5110 :
1605 5072 1730 5112 nam
1768 5055 2102 5128 lmperatore
2125 5057 2371 5126 Trajane
2397 5055 2721 5127 martyrium
2765 5054 2948 5125 gladio
2973 5054 3178 5126 pariter
3214 5067 3268 5112 et
3296 5055 3420 5127 igne
3452 5070 3589 5110 con-

306 5139 637 5207 summavit,
690 5150 817 5211 post
854 5154 1082 5199 mortem
1146 5145 1328 5203 clarus
1390 5146 1694 5205 miraculis.
1736 5147 2014 5205 Posterior
2061 5163 2192 5204 vero
2220 5148 2432 5204 Phocus
2492 5146 2692 5202 ibidem
2752 5147 3079 5204 hortulanus
3140 5146 3309 5203 fuisse
3357 5146 3588 5215 dicitur,

308 5225 518 5300 Sinope
560 5247 781 5303 quoque
842 5235 1129 5305 oriundus,
1166 5238 1259 5309 qui
1308 5240 1590 5305 satellites,
1646 5256 1676 5297 a
1736 5242 1939 5313 quibus
1988 5242 2059 5297 ad
2099 5257 2291 5297 necem
2340 5238 2708 5309 quaerebatur,
2775 5238 3013 5308 hospitio
3056 5240 3289 5309 excepit,
3337 5251 3400 5292 ac
3443 5235 3591 5306 scip-

306 5336 434 5377 sum
484 5325 591 5382 illis
640 5331 896 5397 prodidit,
929 5333 1008 5387 uti
1060 5343 1249 5389 narrat
1285 5337 1428 5405 apud
1455 5334 1813 5405 Lipomanum
1864 5336 2135 5402 Asterius,
2161 5345 2214 5391 et
2247 5343 2528 5404 amputato
2561 5335 2737 5405 capite
2761 5346 2914 5406 grata
2957 5335 3067 5390 Deo
3096 5334 3317 5389 victima
3371 5331 3591 5388 oblatus

306 5415 433 5472 fuit.
499 5417 578 5473 Ex
632 5421 719 5476 his
772 5423 988 5480 duobus
1040 5425 1300 5496 priorem,
1349 5430 1441 5499 qui
1494 5428 1795 5499 Episcopus
1844 5428 1982 5493 fuit,
2033 5429 2287 5497 suspicor
2340 5429 2443 5485 hac
2488 5430 2739 5485 oratione
2785 5428 3019 5493 laudari,
3049 5427 3194 5498 quod
3254 5425 3589 5499 ἱερομάρτυς

310 5520 366 5574 in
419 5510 779 5582 inscriptione
837 5525 1101 5572 tractatus
1165 5518 1411 5582 dicatur,
1475 5536 1584 5592 quo
1638 5521 1799 5577 titulo
1856 5523 2057 5592 sacpius
2124 5522 2180 5576 in
2247 5520 2552 5593 Menolngio
2604 5520 2787 5594 [704]
2850 5518 3298 5590 Episcopos'aut
3352 5515 3586 5586 Presby-

306 5604 463 5657 lcros
498 5604 762 5674 martyrio
808 5616 1103 5663 exornatos
1132 5625 1162 5667 ει
1201 5608 1405 5667 Graecis
1441 5610 1693 5681 insigniri
1742 5611 1923 5679 video,
1960 5622 2022 5667 ut
2052 5613 2347 5685 lgnatium,
2404 5611 2726 5684 Dionysium
2779 5625 2835 5667 et
2884 5610 3149 5677 Blasium,
3182 5617 3241 5664 ut
3272 5616 3327 5665 et
3369 5610 3589 5681 ίερομοο

306 5691 512 5763 νάχους
549 5696 823 5764 appellant
852 5700 1176 5767 monachos,
1200 5700 1291 5770 qui
1321 5702 1616 5773 presbyteri
1645 5704 1839 5770 creati,
1869 5712 1923 5761 et
1952 5704 2006 5760 in
2036 5703 2470 5762 ecclesiasticam
2496 5686 2862 5760 hicrarchiam
2903 5707 3033 5757 sunt
3054 5698 3255 5755 allecti.
3287 5716 3306 5750 s

390 5804 771 5879 lntcrpretatio
805 5806 997 5868 Latina
1024 5821 1112 5881 ,est
1146 5811 1439 5872 Frontonis
1473 5814 1673 5874 Bucari.
