4088 6452
592 322 711 381 699

896 526 2368 558 .__.._._____________________________

1304 329 1361 385 S.
1400 328 1687 389 JOANNlS
1724 333 2213 397 CIIRYSOSTOMI
2250 330 2574 400 ΑΒΟΠΙΕΡ.
2619 344 3164 409 CONSTANTINOP.
3744 376 3825 431 mo

3370 567 3819 595 ﬁ-“

1418 954 1553 1032 DE
1618 956 1701 1037 S.
1775 960 2585 1051 HIEROMARTYRE
2669 974 3031 1072 PHOCA,

1779 1311 1867 1367 ΕΤ
1905 1314 2183 1372 CONTRA
2226 1318 2664 1393 "AERETICOS,

654 1622 825 1696 Atque
850 1626 904 1680 in
934 1626 1209 1682 Psalmum
1242 1644 1392 1695 cm,
1434 1650 1451 1682 ι
1498 1632 1632 1687 Voca
1662 1651 1775 1689 mea
1804 1638 1874 1690 ad
1908 1638 2192 1695 Dominum
2225 1645 2450 1702 clamavi
2480 1665 2495 1702 :
2527 1667 2646 1706 voce
2683 1669 2796 1710 mea
2826 1658 2895 1711 ad
2930 1657 3100 1715 Deum
3130 1661 3452 1735 deprecatus
3479 1686 3595 1728 sunt
3626 1675 3716 1749 (s).
3740 1694 3763 1734 ι

646 2334 698 2390 Ι.
738 2328 1029 2408 Splendida
1070 2345 1227 2403 nobis
1262 2347 1522 2411 hesterno
1558 2356 1646 2414 die
1673 2357 1812 2418 facta
1838 2376 1923 2421 est
1950 2368 2157 2441 civitas,

568 2427 849 2497 Splendida
891 2443 945 2489 et
984 2435 1228 2506 illustris,
1270 2458 1376 2499 non
1404 2447 1527 2516 quia
1570 2450 1871 2525 columnas,
1915 2460 2010 2516 scd
2040 2427 2165 2533 quia
2226 2460 2235 2473 “

568 2532 857 2593 martyrem
885 2523 1206 2585 habuiteum
1238 2547 1429 2606 pompa
1457 2538 1816 2614 incedentem,
1857 2523 1946 2620 qui
1972 2552 2040 2609 ad
2057 2523 2161 2613 nos

566 2623 633 2663 ex
678 2610 847 2668 Ponto
889 2615 1124 2673 advenit.
1170 2620 1315 2678 Vidit
1351 2636 1583 2685 vestram
1632 2610 2070 2713 hospitali-uitem,
2108 2658 2164 2705 et

564 2713 663 2755 vos
708 2701 1080 2763 benedictione
1132 2715 1460 2784 cumulavit;
1510 2721 1744 2781 laudavit
1789 2732 1952 2788 animi
1996 2740 2162 2794 vestri

563 2793 914 2863 alacritatem,
946 2810 1002 2855 et
1022 2816 1118 2858 eos
1151 2806 1241 2874 qui
1265 2808 1613 2881 advenerant,
1642 2817 1935 2881 benedixit.
1964 2827 2157 2890 Beatos

561 2883 706 2953 illos,
737 2888 827 2957 qui
849 2904 1230 2961 convenerant,
1269 2902 1571 2974 praedicavi,
1605 2912 1801 2983 quique
1826 2923 2009 2976 suavis
2031 2925 2151 2992 ejus

561 2975 747 3033 odoris
773 2982 1058 3054 participes
1096 2986 1329 3059 fuerant,
1374 3004 1428 3051 et
1470 3014 1564 3055 eos
1592 2975 1682 3073 qui
1712 3008 1956 3078 aberant,
1990 3018 2156 3075 mise-

560 3081 651 3121 ros
678 3072 977 3140 appellavi:
1006 3091 1397 3154 verumtamen,
1431 3103 1500 3145 ne
1537 3091 1793 3153 damnum
1830 3118 2018 3162 eorum
2064 3110 2157 3168 fiat

560 3159 932 3231 irreparabile,
966 3184 1154 3227 rursus
1182 3174 1354 3244 ipsum
1387 3181 1551 3238 altera
1577 3185 1666 3243 die
1692 3192 2063 3271 prtedicamus,
2093 3214 2153 3261 ut

559 3261 615 3306 et
651 3253 686 3308 ii
712 3255 802 3326 qui
829 3258 899 3313 ob
940 3263 1316 3335 negligentiam
1362 3271 1668 3346 abfuerunt,
1692 3253 1741 3337 ἰι
1784 3298 2020 3361 martyre
2046 3253 2153 3350 im-

557 3346 807 3411 pertitam
834 3348 1107 3421 duplicent
1136 3357 1409 3430 diligentia
1450 3366 1899 3435 benedictionem.
1926 3346 2147 3444 liter—tim

555 3434 697 3503 quod
724 3453 1100 3510 saepenumero
1140 3448 1270 3516 dixi,
1301 3451 1405 3510 hoc
1431 3472 1643 3531 quoque
1667 3464 1849 3525 dicere
1883 3434 2152 3535 murices-

553 3525 720 3581 sabo:
750 3546 854 3585 non
884 3548 1073 3604 pennas
1097 3525 1683 3622 peccatorum—repeto,
1712 3559 1807 3614 sed
1839 3570 2148 3635 aegrotanti—

554 3615 655 3671 bus
689 3621 1007 3681 medicinam
1031 3644 1183 3699 paro.
1220 3634 1451 3693 Abfuisti
1479 3615 1632 3699 heri?
1660 3615 2030 3714 saltem
2049 3661 2147 3717 ad-

550 3714 693 3777 esto,
723 3720 781 3766 ut
799 3728 920 3769 eum
944 3715 997 3772 in
1022 3723 1295 3789 proprium
1322 3727 1506 3785 videas
1521 3731 1699 3792 locum
1715 3740 1927 3799 deduci.
1958 3748 2146 3808 Vidisti

550 3812 678 3855 eum
706 3815 803 3867 rer
822 3803 996 3864 forum
1030 3807 1286 3871 ductum?
1328 3834 1492 3879 cerne
1529 3825 1639 3897 jam
1670 3831 1846 3901 ipsum
1878 3854 1972 3910 per
1996 3858 2145 3903 mare

549 3892 911 3967 navigantem,
957 3909 1015 3956 ut
1051 3906 1383 3968 elementum
1430 3892 1720 3993 utrumque
1765 3892 2143 4000 ejnsrbenedi-

547 3982 725 4038 ctione
746 3988 1034 4056 repleatur.

617 4071 960 4147 Imperatores
985 4087 1159 4147 colunt
1182 4090 1457 4167 Martyres.
1484 4128 1556 4142 -η
1574 4102 1745 4164 Nemo
1761 4111 1829 4167 ab
1853 4112 1955 4173 hac
1983 4133 2137 4179 sacra

544 4163 886 4226 solemnitate
927 4174 1240 4238 absit:non
1283 4187 1437 4259 virgo
1487 4192 1634 4251 domi
1675 4215 1976 4277 remaneat,
2030 4228 2139 4271 non

544 4255 734 4277 ____.,_
1234 4276 1241 4277 κ

1372 4255 1393 4259 _
1720 4255 1976 4277 ,,.-_.__-_.,
2030 4255 2139 4271 ..νυ

543 4255 736 4313 mulier
768 4261 972 4322 aedibus
1011 4283 1072 4325 se
1102 4276 1369 4335 contineat
1403 4302 1417 4335 :
1442 4285 1819 4351 exhauriamus
1849 4300 2055 4372 urbem,
2083 4317 2140 4363 et

543 4363 639 4372 ..μ
669 4350 733 4372 -1
769 4369 786 4372 -
904 4356 917 4372 ·

1806 4350 1813 4351 ,
1853 4350 2055 4372 ___-...,
2084 4350 2137 4363 ν.

540 4363 640 4403 nos
667 4350 734 4405 ad
762 4356 1073 4427 sepulcrum
1102 4372 1355 4440 martyris
1388 4377 1762 4453 conferamus;
1796 4405 1919 4446 nam
1946 4405 1998 4450 et
2028 4397 2137 4452 lm-

540 4450 816 4509 pcratores
857 4465 960 4505 una
991 4455 1266 4515 nobiscum
1309 4464 1536 4527 choreas
1579 4473 1801 4535 ducunt.
1834 4484 2145 4551 Quamnam

539 4531 698 4603 igitur
736 4539 946 4595 veniam
991 4559 1230 4605 meretur
1267 4556 1529 4627 privatus,
1570 4579 1691 4622 cum
1735 4574 1878 4643 regia
1933 4582 2127 4648 palatia

539 4621 723 4648 ,ει-..-..-
737 4636 786 4648 υ·
809 4630 823 4648 ¹
1025 4646 1031 4648 Α

1267 4621 1286 4624 _
1514 4621 1526 4627 _
1735 4621 1749 4624 _
1768 4621 1878 4643 τ.-
1933 4621 2127 4648 rw...“

536 4621 793 4684 deserant
808 4630 1011 4702 Impera
1021 4646 1184 4705 tores,
1209 4653 1262 4698 et
1286 4651 1535 4722 martyris
1557 4659 1806 4728 sepulcro
1823 4669 2132 4729 assideant?

536 4711 679 4770 Talis
721 4720 969 4811 nimirum
1020 4737 1105 4785 est
1148 4734 1319 4792 virtus
1351 4754 1672 4816 martyrum,
1719 4763 1777 4809 ut
1823 4772 1929 4814 non
1966 4764 2131 4822 modo

1493 4800 1535 4816 ί
1567 4800 1672 4816 _-_-,
1721 4800 1777 4809 _-
1823 4800 1929 4814 ......
1966 4800 2126 4822 ...υυυ

534 4803 792 4876 privatos,
831 4800 927 4869 sed
964 4832 1059 4875 eos
1102 4824 1261 4881 etiam
1293 4832 1383 4899 qui
1431 4833 1735 4897 diademata
1759 4858 1992 4921 gestant,
2032 4871 2126 4911 sa-

530 4908 667 4962 gena
716 4903 1001 4961 concludat
1032 4927 1045 4964 :
1076 4910 1193 4971 haec
1230 4923 1506 4988 gentilium
1551 4939 1634 4985 est
1662 4903 1969 5010 ignominia,
2010 4946 2127 5007 hac

1240 4987 1252 4988 κ
1681 4987 1969 5010 νάπη-ηις,
2010 4987 2125 5007 ...μιν

528 4987 733 5043 erroris
773 4991 1013 5061 ipsorum
1048 5008 1418 5081 Opprobrium,
1467 5017 1581 5075 haec
1611 5022 1914 5087 dzemonum
1945 5038 2125 5107 perdi-

528 5076 603 5107 εἰη
661 5077 774 5107 Im...
821 5093 993 5107 ...,...ηΔ
1124 5096 1135 5107 .
1160 5098 1214 5107 ...

1404 5076 1414 5081 γ
1620 5076 1625 5077 ,
1656 5076 1914 5087 7-----.._...
1945 5076 2121 5107 μνη..-

527 5076 624 5145 tio,
658 5077 774 5135 haec
820 5093 1001 5143 nostra
1049 5096 1321 5170 nobilitas,
1366 5116 1420 5162 et
1466 5109 1717 5173 Ecclesia:
1745 5135 1963 5184 corona.
2014 5130 2121 5187 Ex-

525 5169 669 5224 sulto
693 5187 815 5229 cum
860 5185 1206 5255 martyribus,
1240 5206 1295 5248 et
1321 5211 1431 5266 prae
1459 5202 1641 5263 laetitia
1687 5212 1939 5288 tripudio,
1985 5222 2115 5283 dum

522 5271 796 5329 pratorum
826 5270 946 5328 loco
991 5285 1250 5348 tropaeum
1296 5288 1533 5360 ipsorum
1586 5302 1819 5377 intueor,
1862 5319 2113 5384 quoniam

523 5366 619 5384 “Iun
677 5358 904 5384 θ.-...ει.υ-
1132 5374 1143 5384 .
1373 5383 1376 5384 ,

1318 5358 1328 5360 ν
1864 5358 2111 5384 “manu...

523 5366 620 5419 pro
674 5358 905 5420 fontibus
958 5374 1271 5440 sanguinem
1323 5383 1626 5449 effuderunt
1665 5414 1680 5453 ;
1726 5401 1937 5462 illorum
1990 5427 2111 5469 ομεθ

520 5458 830 5521 consumpta
856 5468 1010 5527 sunt,
1039 5473 1093 5519 at
1128 5470 1335 5527 illorum
1376 5484 1633 5542 memoria
1678 5488 1733 5546 in
1783 5494 1896 5552 dies
1926 5498 1985 5554 fit
2028 5521 2114 5561 re-

1622 5539 1631 5542 -
1678 5539 1733 5546 -..
1785 5539 1896 5552 ...νυ
2028 5539 2108 5561 ,ο-

521 5539 747 5594 centinr.
776 5543 842 5599 Ut
866 5552 1007 5606 enim
1038 5560 1152 5612 ttert
1189 5575 1377 5634 nequit
1406 5581 1464 5625 ut
1496 5574 1576 5629 sol
1614 5582 2002 5658 exstinguatnr,
2038 5595 2108 5653 ita

522 5636 691 5658 ..ηηηη
799 5650 930 5658 _____.

1737 5636 2002 5658 θυμω,
2038 5636 2103 5652 ....

521 5636 692 5695 neque
722 5641 778 5685 ut
799 5650 1090 5713 martyrum
1118 5659 1375 5715 memoria
1396 5676 1582 5729 pereat
1609 5688 1622 5724 :
1648 5672 1758 5741 ipse
1777 5680 1919 5735 enim
1952 5684 2103 5743 Chri-

577 5758 653 5822 (a)
685 5765 862 5820 evitata
881 5787 989 5827 cum
1014 5793 1108 5833 uno
1133 5797 1279 5854 ἤριζεο
1302 5800 1382 5845 Ms.
1408 5803 1491 5862 qui
1514 5816 1611 5856 non
1638 5812 1807 5864 variat.

2270 2774 2491 2834 “apter
2526 2785 2712 2832 eorum
2742 2784 3000 2859 smmum,
3033 2797 3122 2866 (Ιυί
3150 2812 3467 2880 congregari
3488 2813 3755 2874 debuerant
3776 2829 3818 2875 et

2270 2850 2565 2880 f.-.:--:._.-.
2622 2867 2654 2880 ι.
2846 2877 2858 2880 -

2987 2850 2999 2859 ,
3048 2850 3085 2866 ,ν
3108 2850 3121 2851 κ
3156 2850 3467 2880 --πο-νου...
3488 2850 3755 2874 ιιυυυυιαυι
3776 2850 3818 2875 cs

2268 2850 2576 2918 festivitatis
2602 2867 2742 2926 diem
2778 2877 3049 2941 celebrem
3093 2892 3343 2955 reddere.
3391 2902 3546 2971 Quod
3589 2910 3716 2965 enim
3749 2911 3819 2966 lte-

2267 2954 2456 3005 sterno
2499 2954 2587 3013 die
2629 2960 2758 3032 dixi,
2804 2971 2967 3029 etiam
3014 2976 3177 3040 hodie
3222 3003 3416 3052 rursus
3461 2998 3818 3075 dicamut”:

2267 3042 2479 3075 numam
2509 3049 2673 3075 ..ιλ-ε-
2698 3059 2805 3075 --μη
3053 3073 3067 3075 _

3152 3313 3171 3316 ἡ
3186 3313 3193 3315 ἡ
3225 3313 3676 3335 ,ι-ν-ηυιυιιιυυιιω
3697 3313 3812 3337 cui!"

2260 3313 2327 3380 is,
2363 3320 2452 3390 qui
2481 3326 2668 3383 oculos
2697 3331 2751 3387 in
2780 3337 2950 3395 solem
2978 3355 3265 3424 convertit,
3290 3370 3501 3422 astrum
3528 3369 3617 3425 ille
3636 3371 3812 3442 quidem

2260 3408 2589 3442 nnlnnrlhlz..-
2631 3423 2760 3442 -μεμ“
2976 3435 2990 3442 “
3014 3438 3046 3442 ’-

2258 3408 2591 3476 splendidius
2630 3423 2854 3486 minime
2896 3435 3093 3508 reddit,
3134 3447 3231 3502 sed
3261 3454 3457 3513 oculos
3489 3476 3614 3517 suos
3636 3408 3807 3518 illumi-

2257 3506 2351 3553 nat
2382 3519 2397 3556 :
2424 3503 2496 3560 ita
2529 3508 2781 3573 nimirum
2809 3531 2864 3577 et
2902 3525 2967 3593 is,
2993 3533 3081 3601 qui
3110 3544 3332 3613 martyri
3364 3545 3623 3608 honorem
3650 3554 3809 3621 defert,

2257 3591 2536 3621 nln_:..———-
2573 3603 2628 3621 ἰ·
2931 3617 2946 3621 “

2253 3591 2539 3656 clariorem
2570 3603 2724 3663 illum
2750 3628 2859 3669 non
2888 3591 3076 3693 efficit,
3121 3591 3711 3705 sed

2253 3683 2612 3750 nedictionem
2647 3698 2781 3758 lucis
2816 3715 3061 3771 accersit.

2322 3774 2612 3851 Lampadas
2646 3789 2701 3845 in
2744 3799 3201 3869 supplicationibus
3238 3814 3659 3883 Christianorum.
3710 3828 3808 3885 Non

2250 3864 2563 3943 hereticum,
2596 3882 2686 3935 sed
2713 3864 2947 3947 haeresim
2990 3906 3325 3973 persequitur.
3363 3942 3443 3955 -—
3479 3916 3665 3976 lterum
3690 3938 3807 3977 mare

2246 3962 2530 4023 ecclesiam
2574 3972 2873 4040 efﬁciamus
2899 3962 3021 4044 eum
3049 3962 3384 4068 lampadibus
3413 3962 3805 4084 illuc-prodeun-

3160 4059 3176 4068 .
3364 4059 3378 4062 ν
3413 4059 3543 4067 ----'
3575 4059 3782 4084 r"“’""

2247 4059 2363 4121 tes,
2394 4066 2450 4113 et
2473 4059 2650 4133 ignem
2680 4069 3047 4139 humectantes
3068 4124 3085 4152 ,
3114 4098 3169 4144 et
3203 4106 3393 4164 aquam
3424 4101 3547 4174 igne
3569 4106 3805 4176 complen-

2247 4153 2326 4176 ιηι.
2360 4166 2374 4176 .
2407 4167 2558 4176 ..ι-ι-
2596 4175 2619 4176 η
2663 4161 2678 4176 ¹
2918 4171 2936 4176 ‘

3251 4153 3269 4164 .
3425 4153 3546 4174 ’o"'
3574 4153 3782 4176 ""‘|'""

2246 4153 2329 4203 tes
2359 4166 2374 4204 :
2405 4167 2565 4211 nemo
2593 4161 2811 4234 pelagus
2845 4171 3195 4252 reformidet;
3242 4200 3472 4251 mortem
3503 4208 3693 4271 martyr
3716 4215 3800 4254 n0"

2246 4240 2603 4271 “fa—mt-«IA—J-
2684 4264 2697 4271 ‘
2721 4266 2730 4271 ‘

2241 4240 2625 4318 reformidavit,
2648 4264 2702 4311 et
2718 4266 2773 4313 tu
2786 4275 2977 4335 aquam
2998 4274 3332 4340 pertimeseis
3346 4285 3370 4339 ?
3384 4284 3491 4344 Sed
3508 4292 3559 4347 in
3578 4240 3703 4347 hanc
3715 4292 3802 4362 qui-

2243 4333 2361 4362 a-..
2387 4354 2475 4362 --μ
2488 4353 2500 4362 -
2519 4360 2530 4362 —
2582 4348 2613 4362 -ο
2817 4355 2827 4362 ·

2998 4333 3016 4340 -
3206 4333 3246 4335 η
3263 4333 3328 4338 ---
3349 4333 3362 4339 -
3384 4333 3491 4344 ην..
3578 4333 3703 4347 ......ν
3716 4333 3785 4362 ν.

2241 4333 2363 4392 dem
2385 4348 2703 4405 sententiam
2728 4355 2860 4413 satis
2881 4362 3046 4420 multa
3066 4367 3176 4438 jam
3200 4372 3435 4436 diximus
3463 4402 3477 4438 :
3497 4400 3590 4456 age
3608 4401 3721 4456 ergo
3743 4399 3797 4440 ex

2242 4427 2324 4456 Ιιῖη
2348 4434 2498 4456 Διΐ---
2538 4454 2547 4456 _
2670 4443 2684 4456 ι
2760 4447 2792 4456 ι.
2946 4455 2951 4456 ,

3066 4427 3084 4438 .
3243 4427 3434 4436 w—--—--
3463 4427 3474 4438 ·
3497 4427 3589 4456 -ινν
3608 4427 3721 4456 ν⁸ον
3743 4427 3796 4440 ""

2240 4427 2325 4484 his
2344 4434 2503 4491 etiam
2526 4454 2645 4510 qua:
2668 4443 2827 4505 hodie
2847 4455 3066 4515 recitata
3089 4474 3237 4533 sunt,
3256 4483 3567 4533 consuetam
3588 4493 3796 4535 mensam

2236 4523 2389 4579 vobis
2412 4542 2741 4600 apponamus
2764 4559 2779 4597 :
2803 4542 2930 4602 licet
2947 4551 3089 4608 enim
3105 4570 3330 4629 corpora
3353 4580 3529 4627 vestra
3549 4584 3794 4629 coarcten-

2237 4625 2325 4673 tur
2346 4660 2361 4686 ,
2393 4629 2570 4682 tamen
2592 4631 2800 4689 animus
2820 4639 2920 4696 alis
2940 4644 3207 4718 erigatur:
3229 4671 3403 4728 neque
3431 4665 3572 4720 enim
3594 4674 3791 4721 vestram

2233 4717 2671 4790 coarctationem,
2689 4728 2782 4784 sed
2800 4733 2963 4791 animi
2984 4745 3144 4799 vestri
3167 4746 3492 4813 alacritatem
3510 4758 3791 4831 specto.Gu-

2236 4804 2503 4831 ιιη-..Αι--ε
2976 4830 2983 4831 ί

2234 4804 2505 4867 bernatori
2544 4831 2757 4889 quoque
2786 4841 2935 4885 mare
2963 4830 3213 4894 fluctibus
3241 4845 3494 4914 agitatum
3529 4804 3789 4922 jrucundmn

3273 4902 3303 4914 ν
3416 4902 3426 4903 ί
3446 4902 3494 4905 π-
3529 4902 3787 4922 σ-ν-““““⁷⁷“

2230 4905 2331 4962 est,
2346 4902 2615 4964 etdoctori
2632 4912 2855 4972 ecclesia
2874 4922 3044 4980 turbis
3063 4928 3269 4988 undans
3288 4953 3301 4989 :
3319 4953 3424 4995 non
3443 4943 3581 4998 enim
3598 4945 3645 4999 in
3661 4942 3788 5012 aquis

3342 4990 3378 4992 ,_
3392 4990 3424 4995 __
3662 4990 3785 5012 Ἴ---

2227 4998 2312 5044 est
2328 4990 2444 5049 istis
2461 4998 2694 5073 salsugo,
2714 5021 2821 5064 non
2841 5016 3115 5084 scopulus,
3139 5037 3315 5095 neque
3329 5028 3538 5103 bellum,
3560 5035 3647 5091 sed
3664 5048 3787 5089 mare

2224 5094 2289 5163 ac
2302 5084 2516 5158 pelagus
2527 5091 2694 5151 odore
2711 5100 2859 5156 suavi
2876 5105 3179 5169 redundans
3198 5132 3213 5170 :
3232 5115 3318 5173 hic
3332 5124 3557 5196 navigia,
3570 5142 3679 5197 qutc
3694 5138 3782 5180 non

2914 5158 2929 5160 _
2945 5158 2967 5160 ν
2981 5158 3179 5169 ---....-...
3198 5158 3213 5170 .
3232 5158 3317 5173 ..ιν
3332 5158 3427 5177 nun
3439 5158 3557 5196 ιδια,
3570 5158 3679 5197 qua:
3694 5158 3782 5180 ιιυιι

2223 5158 2257 5225 a
2280 5180 2419 5231 terra
2442 5178 2495 5234 in
2518 5188 2737 5256 terram,
2758 5191 2852 5246 sed
2873 5208 2903 5248 a
2927 5203 3064 5253 terra
3087 5202 3139 5256 in
3164 5208 3355 5266 caelum
3379 5216 3662 5286 trajiciunt;
3683 5228 3783 5285 quB

2220 5278 2329 5320 non
2356 5274 2609 5338 pecunias
2633 5291 2848 5350 gerunt,
2878 5302 2984 5343 non
3014 5306 3224 5363 aurum,
3254 5316 3360 5359 non
3389 5319 3673 5379 argentum,
3699 5303 3777 5383 S¢d

2220 5352 2379 5383 “AA...
2440 5372 2485 5383 -ι
2520 5379 2565 5383 Α-
2610 5367 2643 5383 ’-
2687 5380 2697 5383 ·
3006 5382 3013 5383 “

2219 5352 2402 5427 ﬁdem,
2433 5372 2489 5417 et
2512 5367 2789 5428 caritatem
2811 5417 2827 5443 ,
2856 5387 2912 5433 et
2939 5382 3111 5440 zelum
3133 5428 3148 5453 ,
3176 5398 3230 5445 et
3258 5352 3589 5465 sapientiam.

2287 5448 2342 5503 2.
2383 5454 2498 5525 Age
2540 5457 2718 5531 itaque
2754 5482 2946 5526 navem
2989 5448 3273 5549 diligenter
3310 5448 3641 5557 emittamus.
3673 5506 3773 5563 qua?

2213 5557 2506 5616 numquam
2533 5554 2714 5622 perit,
2747 5574 3036 5633 numquam
3076 5574 3408 5648 naufragium
3443 5587 3643 5655 patitur.
3682 5580 3770 5639 Sed

2212 5634 2277 5688 .is
2299 5677 2315 5703 ,
2353 5655 2472 5709 qua:
2503 5644 2781 5717 dicuntur,
2810 5659 3068 5717 attendite
3108 5634 3675 5746 diligentemrpsalmus
3708 5673 3770 5726 si-

2209 5732 2423 5800 quidem
2453 5735 2613 5795 hodie
2644 5743 2695 5798 in
2718 5746 2887 5804 aciem
2925 5766 3110 5812 contra
3142 5758 3423 5824 ltmreticos
3452 5786 3545 5826 nos
3571 5768 3759 5829 educit.

2208 5841 2317 5884 non
2340 5837 2397 5887 ut
2418 5830 2539 5891 illos
2560 5844 2765 5898 stantes
2780 5855 3205 5926 prosternamus,
3228 5857 3321 5916 sed
3343 5869 3399 5918 ut
3424 5864 3650 5935 jacentcs
3670 5860 3760 5917 θήν
