4088 6442
1423 424 1488 479 ΙΝ
1535 425 1590 480 S.
1637 424 1917 483 PﬂOCAM
1957 427 2355 487 HARTYREM.

261 616 2228 641 .M“—.m——.—-—w

683 1021 872 1098 “7°”
937 1035 1112 1122 ΕΙΣ
1174 1040 1400 1126 TON
1458 1040 1794 1126 ΑΓΙΟΝ
1849 1044 1868 1126 ]

1971 1043 2608 1130 ΡΟΜΑΡΤΥΡΑ
2672 1043 3062 1134 ΦΩΚΑΝ
3083 1100 3105 1134 9

1528 1479 1646 1531 ΚΛΙ
1691 1479 1882 1533 ΚΑΤΑ
1919 1478 2298 1536 ΑΙΡΕἹῚΚΩΝ

388 1863 501 1921 Καὶ
536 1863 625 1932 είς
657 1863 764 1920 τὸν
795 1871 934 1936 ρμα⁸
959 1865 1228 1937 ψαλμὸν,
1265 1885 1283 1918 ι
1326 1866 1501 1936 Φωνῇ
1538 1887 1658 1938 μου
1705 1869 1856 1939 πρὸς
1881 1870 1990 1926 τὸν
2019 1873 2238 1940 Κύριον
2265 1872 2586 1943 ἐκέκραξα,
2626 1874 2798 1946 φωνῇ
2831 1893 2952 1947 μου
2977 1877 3127 1947 πρὸς
3152 1876 3260 1934 τόν
3291 1879 3438 1936 Θεὸν

1747 1963 2024 2029 ἐδεήθην.
2063 1982 2084 2015 ›

359 2789 425 2846 α’.
463 2787 705 2859 Λαμπρὰ
751 2785 969 2859 γέγονεν
1001 2786 1134 2857 ἡμῖν
1172 2785 1297 2856 χθὲς
1328 2791 1358 2862 ἡ
1412 2787 1594 2854 πάλπςν
1634 2788 1866 2861 λαμπρὰ

285 2877 381 2928 καὶ
414 2871 738 2944 περιφανὴς,
773 2877 874 2922 οὐκ
900 2869 1087 2941 ἐπειδὴ
1119 2870 1304 2931 κίονας
1335 2865 1500 2938 εῖχεν,
1531 2870 1646 2922 ἀλλ’
1679 2869 1865 2940 ἐπειδὴ

288 2957 541 3028 μάρτυρα
568 2950 919 3024 πομπεύοντα
948 2951 1056 3005 άπὸ
1087 2951 1288 3005 Πόντου
1327 2951 1464 3022 πρὸς
1509 2954 1657 3024 ήμᾶς
1689 2969 1866 3024 παρα-

283 3040 592 3111 γενόμενον.
618 3033 772 3090 Εἷδεν
800 3036 954 3107 ὐμῶν
974 3035 1073 3106 τὴν
1096 3035 1420 3104 φιλοξενίαν,
1447 3038 1542 3089 καὶ
1573 3037 1868 3107 ἐνέπλησεν

284 3125 429 3194 ὑμᾶς
454 3123 556 3192 τῆς
593 3120 878 3189 εὐλογίαςο
919 3119 1180 3190 ἐπῄνεσεν
1214 3118 1367 3189 ὐμῶν
1398 3117 1497 3189 τὴν
1535 3120 1864 3191 προθυμίαν,

284 3209 379 3272 καὶ.
399 3206 659 3277 εὐλόγησε
687 3204 814 3266 τοὺς
840 3201 1338 3274 παραγενομένους.
1371 3201 1714 3274 Ἐμακάρισα
1740 3203 1867 3266 τοὺς

285 3291 637 3353 συνελθόντας
666 3289 762 3342 καλ⁵
793 3287 1159 3359 μετασχόντας
1187 3283 1352 3339 αὐτοῦ
1383 3285 1485 3355 τῆς
1505 3286 1753 3350 εὐωδίας,
1775 3287 1868 3340 καὶ

283 3376 574 3430 ἐταλάνισα
606 3374 730 3436 τοὺς
768 3369 1193 3440 ἀπολειψθέντας
1221 3386 1234 3401 ·
1265 3369 1380 3421 ἀλλ’
1412 3369 1500 3423 ἵνα
1531 3369 1607 3441 μὴ
1636 3371 1669 3440 ή
1695 3369 1868 3440 ζημία

282 3457 464 3514 αὐτῶν
489 3455 706 3518 ἀνίατος
731 3455 975 3524 γένηται,
1004 3452 1164 3506 πάλιν
1191 3455 1249 3505 ἐν
1272 3451 1434 3522 ἑτέρᾳ
1455 3451 1640 3523 ἡμέρᾳ
1663 3454 1869 3522 ἀνακη-

287 3544 551 3616 ρύττομεν
574 3541 756 3603 αὐτὸν,
789 3539 876 3592 ἵνα
905 3537 1000 3591 καὶ
1029 3538 1080 3590 οί
1126 3535 1542 3606 ἀπολειφθέντες
1570 3535 1659 3589 διὰ
1700 3535 1868 3608 ρᾳθυ-

287 3629 413 3697 μίαν
441 3623 836 3677 διπλασιάσωσι
856 3622 923 3691 τῇ
951 3619 1154 3690 σπουδῇ
1183 3618 1282 3690 τὴν
1305 3618 1556 3688 εὐλογίαν
1588 3618 1688 3690 τὴν
1718 3619 1871 3689 παρὰ·

281 3710 378 3764 τοῦ
407 3708 700 3780 μάρτυρος.
737 3707 802 3759 Ὀ
834 3704 933 3776 μὲν
957 3703 1068 3774 γὰρ
1097 3703 1357 3767 πολλάκις
1389 3699 1564 3767 εῐπον,
1593 3702 1752 3756 τοῦτο
1775 3702 1871 3757 καὶ

283 3794 457 3863 λέγων
476 3791 536 3846 οὐ
562 3789 842 3860 παύσομαι
861 3804 876 3819 ο
900 3788 1001 3840 οὐκ
1032 3785 1262 3850 εὐθύνας
1293 3786 1511 3840 ἀπαιτῶ
1539 3787 1874 3858 ἁμαρτημά-

287 3894 430 3936 των,
468 3874 606 3928 ἀλλὰ
649 3875 764 3936 τοῖς
801 3869 1086 3925 ἀσθενοῦσι
1134 3870 1404 3940 φάρμακα
1452 3869 1870 3933 κατασκευάζει).

297 3957 654 4028 Ἀπελείφθης
679 3955 845 4027 χθές;
878 3952 1188 4026 παραγενοῦ
1215 3950 1318 4006 κᾶν
1347 3953 1606 4024 σήμερον,
1639 3953 1724 4005 ἵνα
1755 3951 1871 4023 ἴδῃς

285 4043 446 4098 αὐτὸν
479 4042 559 4105 είς
589 4040 680 4094 τὸν
713 4039 912 4092 οἰκεῖον
931 4034 1110 4107 χῶρον
1140 4035 1506 4106 ἀπαγόμενον.
1535 4029 1688 4098 Εἶδες
1707 4034 1866 4088 αὐτὸν

284 4126 374 4180 διά
403 4128 501 4196 τῆς
529 4123 736 4194 ἀγορᾶς
784 4119 1051 4190 ἀγόμενον
1076 4134 1093 4184 ;
1130 4116 1294 4187 βλέπε
1333 4117 1495 4171 αὐτὸν
1528 4118 1623 4170 καὶ
1653 4116 1742 4170 διὰ
1769 4117 1865 4171 τοῦ

285 4209 551 4276 πελάγους
584 4205 840 4267 πλέοντα,
867 4204 956 4256 ἴνα
981 4202 1218 4273 ἑκάτερα
1244 4199 1313 4254 τὰ
1338 4203 1575 4272 στοιχεῖα
1603 4200 1702 4270 τῆς
1734 4201 1865 4272 παρ’

287 4290 449 4346 αὐτοῦ
486 4288 734 4357 εὐλογίας
773 4283 1085 4358 ἐμπλησθῇ.

354 4373 559 4441 Μηδεὶς
609 4367 1071 4440 ἀπολιμπανέσθω
1105 4365 1207 4437 τῆς
1250 4367 1403 4440 ἱερᾶς
1471 4365 1676 4438 ταύτης
1739 4382 1868 4419 παν-

285 4455 568 4528 ηγύρεως·
602 4453 676 4525 μὴ
726 4450 992 4522 παρθένος
1036 4448 1174 4501 οἴκοι
1205 4450 1444 4519 μενέτω,
1480 4449 1556 4520 μὴ
1588 4448 1724 4520 γυνή
1768 4449 1867 4518 τὴν

287 4540 462 4594 οἰκίαν
493 4537 788 4609 κατεχέτω,
811 4535 1139 4605 κενώσωμεν
1160 4534 1260 4603 τὴν
1292 4533 1467 4597 πόλιν,
1495 4533 1592 4586 καὶ
1617 4531 1752 4602 πρὸς
1777 4531 1870 4585 τὸν

285 4625 455 4692 τάφον
481 4621 576 4676 τοῦ
613 4623 890 4692 μάρτυρος
950 4617 1404 4690 μεθορμίσωμενο
1460 4618 1557 4670 καὶ
1611 4615 1722 4686 γὰρ
1773 4616 1868 4669 καὶ

289 4707 525 4779 βασιλεῖς
562 4707 715 4774 κοινῇ
754 4701 872 4773 μεθ’
898 4699 1054 4772 ἡμῶν
1085 4698 1389 4770 χορεύουσι.
1427 4697 1591 4753 Ποίαν
1614 4694 1708 4752 οὖν
1738 4715 1868 4768 συγ-

285 4788 510 4861 γνώμην
542 4788 655 4859 ἒχει
683 4789 711 4842 6
738 4787 955 4854 ἰδιώτης
977 4824 993 4849 ,
1027 4783 1292 4855 βασιλέων
1321 4783 1421 4844 τὰς
1452 4781 1736 4851 βασιλικὰς
1767 4782 1866 4835 αὐ-

285 4875 381 4937 λὰς
413 4872 926 4943 καταλιμπανόντων
952 4909 968 4929 .
1002 4869 1098 4923 καὶ
1128 4867 1205 4939 τῷ
1253 4867 1409 4938 τάφῳ
1449 4866 1542 4920 τοῦ
1593 4868 1867 4939 μάρτυρος

287 4956 765 5029 παρακαθημένων
791 4973 806 5021 ;
838 4953 1071 5023 Τοιαύτη
1103 4952 1212 5022 γὰρ
1243 4951 1352 5036 τῶν
1386 4949 1677 5036 μαρτύρων
1698 4952 1741 5036 νή
1772 4949 1869 5036 ,δύο

287 5060 485 5114 ναμις,
523 5042 599 5106 ώς
649 5042 724 5112 μὴ
766 5041 926 5110 μόνον
975 5038 1102 5102 τοὺς
1149 5035 1399 5101 ἰδιώτας,
1435 5034 1572 5089 ἀλλὰ
1623 5035 1719 5089 καὶ
1741 5034 1867 5100 τοὺς

287 5126 356 5179 τὰ
383 5125 688 5196 διαδήματα
725 5122 1025 5195 φοροῦντας
1060 5117 1411 5190 σαγηνεύεινο
1445 5116 1584 5186 αῦτη
1610 5117 1718 5171 τῶν
1757 5117 1866 5170 Ἐλ-

289 5207 460 5278 λήνων
486 5208 518 5278 ή
553 5205 804 5276 αἰσχύνη,
832 5202 972 5272 αῦτη
997 5203 1094 5272 τῆς
1122 5200 1330 5271 πλάνης
1350 5199 1529 5252 αὐτῶν
1558 5200 1619 5253 τὸ
1642 5200 1862 5264 ὄνειδος,

291 5292 426 5362 αὐτη
473 5290 584 5344 τῶν
633 5290 904 5360 δαιμόνων
949 5289 982 5358 ἡ
1037 5285 1442 5354 ἐξολόθρευσιςο
1471 5283 1610 5354 αῦτη
1641 5283 1864 5356 ἡμῶνή

290 5375 534 5443 εὐγένεια
559 5417 573 5440 ,
609 5371 830 5442 καὶτῆς
869 5368 1200 5437 Ἐκκλησίας
1238 5368 1267 5419 6
1320 5365 1602 5435 στέφανος.
1646 5366 1874 5438 Χορεύω

295 5458 429 5531 μετὰ
454 5455 767 5529 μαρτύρων,
803 5454 898 5507 καὶ
924 5450 1132 5524 σκιρτῶ
1149 5490 1162 5514 ,
1188 5449 1308 5504 ἀντὶ
1335 5448 1619 5531 λειμώνων
1658 5449 1873 5520 βλέπων

290 5527 467 5595 αὐτῶν
492 5527 556 5594 τδ
585 5527 862 5612 τρόπαιον,
895 5537 977 5591 ("tu
1003 5534 1124 5589 ἀντὶ
1146 5532 1339 5604 πηγῶν
1379 5527 1521 5602 αἷμα
1548 5531 1737 5604 ἔρρεον
1757 5549 1772 5564 ·
1807 5533 1875 5588 τὰ

291 5626 422 5679 ὀστᾶ
456 5623 635 5678 αὐτῶν
679 5619 990 5691 ἐδαπανήθη
1013 5657 1028 5680 ,
1070 5617 1168 5671 καὶ
1194 5617 1248 5687 κή
1295 5615 1486 5686 μνήμη
1532 5614 1712 5669 αὐτῶν
1752 5615 1876 5670 καθ’

292 5708 525 5777 ἑκάστην
549 5705 764 5777 ἡμέραν
787 5702 1100 5775 νεαρωτέρα
1125 5699 1360 5769 γίνεται.
1400 5699 1609 5772 ’Ὠσπερ
1637 5698 1745 5772 γάρ
1778 5699 1871 5755 τὸν

290 5791 438 5861 ἥλιον
467 5790 747 5860 ἀμήχανον
781 5785 1094 5856 σϐεσθῆναι,
1119 5780 1262 5837 οὕτω
1285 5780 1379 5835 καὶ
1405 5782 1627 5853 μνήμην
1659 5782 1871 5853 μαρτύ-

298 5887 433 5945 ρων·
463 5872 624 5936 αὐτὸς
655 5871 766 5944 γὰρ
810 5871 839 5923 6
865 5867 1099 5940 Χριστῆς
1126 5865 1477 5935 άπεφήνατω
1523 5865 1576 5916 Ὀ
1609 5865 1866 5934 οὐρανὸς

1967 2788 2067 2843 καὶ
2094 2791 2132 2859 ἡ
2166 2789 2241 2860 γῆ
2282 2793 2779 2862 παρελεύσονται,
2810 2795 2865 2849 οἱ
2887 2794 2956 2848 δὲ
2991 2795 3158 2868 λόγοι
3195 2814 3318 2866 μου
3347 2797 3420 2851 οὐ
3458 2795 3550 2868 μὴ

1966 2873 2368 2941 παρέλθωσιν.
2412 2877 2577 2933 Ἀλλά
2621 2877 2715 2933 τοῦ
2745 2878 2844 2948 μὲν
2880 2879 3154 2950 μάρτυρος
3186 2879 3257 2932 τὰ
3299 2879 3555 2950 ἐγκώμια

1967 2957 2047 3020 είς
2092 2957 2183 3011 τὸν
2216 2960 2564 3031 προσήκοντα
2607 2960 2798 3032 καιρὸν
2851 2962 3266 3033 άναμείνωμεν’
3319 2966 3414 3016 καὶ
3442 2962 3555 3032 γὰρ

1968 3040 2060 3092 καὶ
2092 3039 2263 3094 ταῦτα
2304 3043 2617 3114 ἀρκούντως
2644 3044 2861 3113 εἴρηται
2899 3044 2988 3097 διὰ
3019 3045 3118 3116 τὴν
3168 3045 3402 3118 σπουδὴν
3443 3045 3554 3099 τῶν
3584 3038 3586 3041 ’

1966 3122 2291 3202 ὀφειλόντων
2331 3125 2678 3198 συναχθῆναι,
2729 3127 2825 3180 καὶ
2871 3127 3147 3198 περιφανῆ
3199 3129 3422 3198 ποιῆσαι
3453 3129 3554 3199 τὴν

1967 3204 2180 3276 ἡμέραν
2207 3206 2307 3275 τῆς
2337 3208 2550 3278 ἐορτῆς.
2585 3205 2739 3279 [705]
2786 3211 2850 3261 '0
2885 3209 2984 3279 μὲν
3014 3208 3123 3281 γὰρ
3156 3211 3249 3264 καὶ
3277 3211 3405 3281 χθὲς
3435 3210 3553 3263 ἔλε-

1967 3303 2086 3354 γον,
2117 3289 2210 3340 καὶ
2248 3289 2487 3360 σήμερον
2521 3291 2682 3344 πάλιν
2716 3291 2895 3359 λέγω,
2932 3291 3010 3362 τῷ
3043 3293 3142 3362 μὲν
3192 3294 3427 3365 μάρτυρι
3459 3293 3554 3346 οὐ-

1967 3368 2131 3439 δεμία
2153 3369 2278 3437 δόξα
2301 3371 2410 3424 άπὸ
2433 3372 2525 3443 τῆς,
2558 3373 2667 3426 τῶν
2689 3372 2898 3426 πολλῶν
2924 3374 3221 3446 παρουσίας
3243 3376 3552 3447 γενήσεται,

1969 3450 2098 3521 ὑμῖν
2150 3451 2209 3505 δὲ
2265 3451 2466 3506 πλείων
2497 3453 2652 3508 ἔσται
2692 3457 2726 3526 ἡ
2768 3456 2984 3524 εὐλογία
3018 3458 3127 3511 άπὸ
3175 3459 3269 3512 τοῦ
3304 3475 3554 3530 παραγε-

1968 3533 2155 3587 νέσθαι
2187 3534 2324 3606 πρὸς
2355 3536 2447 3589 τὸν
2507 3538 2780 3608 μάρτυρα.
2815 3540 3026 3610 Ὥσπερ
3059 3541 3169 3611 γάρ
3217 3542 3246 3594 6
3297 3543 3434 3610 πρὸς
3462 3542 3555 3595 τὸν

1968 3617 2120 3687 ἥλιον
2146 3617 2358 3689 βλέπων
2385 3619 2446 3672 τὸ
2467 3620 2566 3691 μὲν
2591 3621 2789 3692 ἄστρον
2821 3621 3172 3694 φαιδρότερον
3197 3624 3257 3678 οὐ
3292 3627 3456 3689 ποιεῖ,
3486 3625 3557 3679 τά

1968 3699 2027 3752 δὲ
2050 3701 2226 3754 οἰκεῖα
2270 3702 2495 3780 ὄμματα
2527 3703 2864 3773 καταυγάζει
2889 3721 2905 3736 ⁸
2943 3705 3084 3760 οὕτω
3115 3707 3179 3780 δὴ
3213 3708 3309 3762 καὶ
3357 3709 3386 3760 6
3411 3707 3555 3780 μάρ-

1969 3799 2111 3853 τυρα
2145 3783 2354 3853 τιμῶν,
2395 3777 2600 3839 ἐκεῖνον
2655 3786 3040 3860 λαμπρότερον
3094 3777 3176 3842 οὐ
3214 3777 3554 3854 ποιεῖ,’ἁλλ’

1971 3865 2136 3929 αὐτὸς
2184 3865 2314 3939 παρ’
2347 3866 2556 3921 ἐκείνου
2606 3869 2706 3940 τὴν
2755 3870 3010 3939 εὐλογίαν
3060 3869 3157 3926 τοῦ
3209 3873 3386 3943 φωτὸς
3437 3876 3558 3926 ἐπι-

1974 3964 2200 4002 σπαται.

2045 4031 2370 4102 Ποιήσωμεν
2421 4031 2584 4087 πάλιν
2618 4033 2716 4106 τὴν
2759 4034 3028 4091 θάλατταν
3066 4034 3364 4107 ἐκκλησίαν
3419 4037 3557 4109 μετὰ

1973 4114 2268 4186 λαμπάδων
2297 4115 2529 4182 ἐξιόντες
2560 4119 2873 4184 ἐκεῖσε,καὶ
2900 4120 2961 4172 τὸ
2988 4119 3098 4192 πῦρ
3123 4120 3554 4191 ὲνυγραίνοντες,

1974 4199 2068 4251 καὶ
2100 4197 2160 4252 τὸ
2186 4196 2329 4270 ὕδωρ
2355 4201 2780 4272 ἐμπιμπλῶντες
2813 4204 3005 4275 πυρός.
3047 4203 3256 4273 Μηδεὶς
3288 4203 3560 4274 φοϐείσθω

1972 4283 2034 4336 τὺ
2057 4282 2295 4352 πέλαγος
2315 4301 2328 4313 ·
2364 4284 2392 4336 6
2419 4283 2629 4356 μάρτυς
2667 4285 2896 4341 θάνατον
2929 4288 3030 4341 οὐκ
3068 4288 3308 4360 ἐφοϐήθη
3327 4327 3342 4353 ,
3373 4290 3465 4342 καὶ
3493 4290 3557 4342 σὺ

1973 4365 2034 4420 τὸ
2075 4366 2217 4439 ὕδωρ
2249 4367 2528 4434 δέδοικας;
2570 4369 2732 4425 Ἀλλά
2763 4371 2952 4426 τοῦτον
3002 4371 3101 4444 μὲν
3145 4372 3434 4442 αὐτάρκως
3465 4372 3558 4427 τὸν

1972 4448 2128 4518 λόγον
2162 4451 2462 4522 εἰρήκαμεν
2485 4469 2497 4483 ο
2529 4453 2662 4523 φέρε
2694 4453 2758 4524 δὴ
2792 4456 2886 4508 καὶ
2911 4457 2977 4508 ἐκ
3008 4454 3117 4508 τῶν
3144 4456 3380 4527 σήμερον
3408 4456 3560 4528 εἰρη-

1977 4531 2153 4602 μένων
2184 4535 2282 4604 τὴν
2325 4533 2580 4588 εἰωθυῖαν
2630 4536 2759 4605 ὑμῖν
2797 4538 3136 4608 παραϐῶμεν
3168 4535 3467 4609 τράπεζαν.
3495 4538 3558 4590 El

1973 4615 2084 4688 γάρ
2122 4616 2216 4668 καὶ
2267 4620 2680 4688 στενοχωρεῖται
2723 4619 2880 4690 ήμῶν
2913 4619 2982 4673 τά
3015 4618 3261 4690 σώματα,
3290 4620 3403 4673 ἀλλ’
3431 4621 3560 4674 ἁνα-

1975 4698 2294 4770 πτεροῦσθω
2342 4702 2376 4768 ἡ
2426 4699 2670 4752 διάνοια·
2720 4701 2841 4754 οὐδέ
2890 4701 2998 4772 γάρ
3049 4703 3146 4774 τὴν
3199 4703 3560 4775 στενοχωρίαν

1975 4780 2150 4852 ὑμῶν,
2175 4781 2309 4834 ἀλλὰ
2331 4782 2429 4852 τὴν
2468 4782 2779 4854 προθυμίαν
2814 4784 3018 4855 βλέπω.
3061 4784 3188 4839 Ἡδὺ
3222 4787 3316 4839 καὶ
3364 4786 3561 4858 κυϐερ-

1973 4867 2112 4938 νήτῃ
2143 4864 2380 4918 θάλαττα
2411 4867 2799 4937 κυματουμένη
2819 4907 2833 4930 ,
2885 4867 2980 4920 καὶ
3021 4867 3325 4943 διδασκάλῳ
3357 4871 3558 4944 ἐκκλη-

1975 4949 2064 5002 σία
2093 4948 2496 5021 πελαγιζομένη
2515 4968 2529 4981 ο
2561 4950 2622 5004 οὐ
2646 4951 2755 5021 γάρ
2776 4954 2923 5004 ἐστιν
2952 4953 3011 5006 ἐν
3032 4955 3144 5017 τοῖς
3175 4953 3331 5008 ὕδασι
3350 4955 3561 5020 τούτοις

1973 5031 2097 5087 οὔτε
2139 5031 2321 5103 ἆλμη,
2368 5031 2492 5086 οὐτε
2537 5034 2830 5098 σκόπελος,
2882 5034 3006 5089 οὐτε
3047 5034 3248 5106 θηρία,
3283 5039 3420 5094 ἀλλὰ
3464 5039 3562 5094 θά-

1971 5115 2141 5171 λαττα
2179 5116 2273 5170 καὶ
2319 5115 2554 5184 πέλαγος
2601 5117 2771 5187 γέμον
2813 5118 3043 5184 εὐωδίας
3071 5135 3084 5152 ⁶
3121 5119 3354 5176 ἐνταῦθα
3402 5121 3560 5175 πλοῖα

1971 5200 2074 5254 οὐκ
2097 5199 2205 5252 ἀπὸ
2231 5199 2334 5271 γῆς
2357 5201 2438 5263 εἰς
2477 5199 2605 5270 γῆν,
2642 5200 2756 5255 ἀλλ’
2783 5201 2890 5256 άπὸ
2934 5203 3040 5273 γῆς
3068 5205 3147 5267 είς
3171 5205 3402 5278 οὐρανὸν
3427 5205 3560 5277 μεθ-

1973 5281 2342 5352 ορμιζόμενα,
2391 5281 2452 5334 οὐ
2509 5283 2766 5355 χρήματα
2805 5285 3032 5356 ἔχοντα,
3073 5286 3134 5340 οὐ
3173 5287 3404 5357 χρυσὸν,
3436 5287 3559 5341 οὐδὲ

1974 5364 2247 5439 ἄργυρον,
2280 5365 2416 5420 ἀλλὰ
2449 5366 2632 5420 πίστιν
2655 5406 2670 5432 ,
2700 5367 2794 5421 καὶ
2819 5369 3040 5441 ἀγάπην
3062 5409 3077 5436 ,
3120 5370 3216 5424 καὶ
3243 5368 3428 5440 ζῆλον.
3462 5369 3560 5424 καὶ

1976 5465 2186 5516 σοφίαν.

2051 5532 2115 5602 β’.
2143 5531 2282 5598 Φέρε
2303 5533 2367 5604 δή
2392 5533 2570 5588 τοίνυν
2589 5533 2727 5604 μετὰ
2745 5534 3030 5608 ἀκριϐείας
3053 5535 3278 5609 ἐφίεμεν
3303 5538 3364 5590 το
3379 5537 3560 5590 πλοῖον

1983 5617 2252 5688 μηδέποτε
2297 5616 2668 5690 ἀπολλύμενον
2691 5656 2712 5681 .
2767 5618 2902 5690 μηδὲ
2950 5621 3207 5688 ναυάγιον
3265 5621 3557 5693 ὑπομένον.

1991 5697 2154 5752 Ἀλλά
2201 5699 2500 5772 προσέχετε
2531 5699 2669 5772 μετὰ
2697 5701 2985 5773 ἀκριϐείας
3012 5704 3125 5766 τοῖς
3155 5703 3465 5775 λεγομένοις
3483 5721 3498 5734 °
3533 5707 3562 5758 6

1976 5783 2085 5854 γὰρ
2111 5782 2326 5854 ψαλμδς
2353 5784 2505 5856 ἡμᾶς
2537 5775 2776 5856 σήμερον
2803 5785 2885 5849 είς
2911 5783 3218 5856 παράταξιν
3242 5786 3424 5856 ἐξάγει
3452 5785 3564 5839 τῶν

1975 5867 2270 5939 αἱρετικῶν
2289 5909 2306 5929 .
2335 5867 2436 5937 οὐχ
2475 5867 2563 5921 ἴνα
2585 5867 2788 5933 αὐτοὺς
2817 5867 3059 5935 ἑστῶτας
3090 5868 3404 5941 βάλλωμεν,
3443 5870 3558 5924 ἀλλ’
