4088 6434
304 426 402 479 731
1562 430 1626 487 IN
1665 430 1721 486 S.
1763 428 2041 486 PHOCAM
2081 431 2493 489 MARTYREM’.

304 566 530 621 gamus:
551 556 808 623 ejusmodi
835 561 1063 617 namque
1085 553 1322 601 nostrum
1344 555 1426 600 est
1441 544 1636 600 bellum
1657 559 1668 598 ;
1691 559 1796 600 non
1827 559 1896 599 ex

301 643 440 697 vivis
463 651 702 696 mortuos
725 639 917 704 reddit,
943 639 1034 694 sed
1057 653 1122 693 ex
1144 636 1367 692 mortuis
1390 636 1536 690 vivos
1553 635 1734 701 efficit,
1750 651 1902 690 man-

301 733 589 788 suetudine
601 748 662 786 ac
676 732 837 786 multa
855 731 1158 786 redundans
1173 729 1514 800 benignitate.
1537 728 1648 783 Non
1671 729 1812 783 enim
1835 727 1902 780 fa-

302 825 405 878 ctis
424 825 678 890 insector,
694 823 786 878 sed
806 823 980 878 verbis
1000 836 1308 892 persequor,
1331 836 1432 876 non
1454 821 1784 884 ha:retieuin,
1805 819 1900 873 sed

304 916 577 983 haeresim,
601 932 702 970 non
724 915 992 970 hominem
1011 923 1249 982 aversor,
1269 913 1361 968 sed
1383 929 1618 969 errorem
1637 913 1758 967 odio
1780 928 1899 980 pro-

301 1020 503 1077 sequor
517 1017 568 1060 et
581 1007 812 1061 avellere
824 1021 1006 1060 conor:
1025 1020 1128 1058 non
1147 1013 1227 1059 est
1241 1004 1367 1058 mihi
1380 1004 1578 1059 bellum
1594 1013 1896 1071 susceptum

300 1115 427 1153 cum
451 1098 773 1160 substantia;
805 1097 896 1151 Dei
919 1096 1179 1167 siquidem
1209 1112 1341 1166 opus
1359 1103 1441 1152 est
1456 1095 1780 1151 substantia:
1805 1093 1898 1149 sed

300 1191 573 1260 corrigere
597 1197 827 1244 mentem
851 1190 993 1252 volo,
1013 1204 1168 1259 quam
1191 1189 1431 1243 diabolus
1453 1188 1707 1256 corrupit.
1735 1186 1820 1240 Sic
1846 1195 1900 1240 et

301 1281 546 1336 medicus
564 1279 689 1336 dum
710 1291 966 1350 mgrotum
983 1289 1152 1342 curat,
1169 1296 1272 1335 non
1287 1294 1479 1350 corpus
1496 1289 1784 1349 Oppugnat,
1803 1277 1898 1331 sed

303 1374 549 1445 corporis
571 1375 753 1429 vitium
778 1374 930 1429 tollit.
949 1372 1037 1430 Sic
1059 1375 1218 1444 igitur
1234 1389 1332 1444 ego
1349 1387 1574 1444 quoque,
1597 1375 1639 1428 si
1657 1387 1776 1427 cum
1798 1371 1900 1425 ire-

300 1469 487 1524 reticis
502 1469 693 1524 bellum
707 1483 1055 1540 gessero,non
1071 1484 1190 1524 cum
1205 1467 1508 1522 hominibus
1522 1465 1718 1522 bellum
1745 1481 1892 1537 gero,

299 1560 399 1614 scd
427 1575 664 1616 crrorcm
689 1560 1109 1630 expellerevolo,
1133 1575 1196 1615 ac
1219 1559 1552 1631 putredinem
1578 1574 1895 1630 expurgare.

375 1649 606 1708 Christus
636 1653 888 1722 patientia:
926 1651 1112 1723 prwbet
1151 1653 1455 1721 exemplum.
1494 1682 1566 1693 —
1603 1651 1726 1706 Mihi
1763 1665 1896 1705 con-

299 1755 513 1800 suetum
534 1757 614 1800 est
631 1748 1094 1817 persequutionem
1115 1746 1243 1815 pati,
1262 1760 1369 1800 non
1391 1744 1638 1815 persequi
1660 1763 1673 1798 :
1693 1743 1895 1812 vexari,

301 1852 410 1892 non
437 1853 651 1894 vexare.
695 1838 784 1893 Sic
821 1847 875 1893 et
900 1835 1145 1893 Christus
1168 1835 1436 1902 vincebat,
1468 1851 1577 1890 non
1604 1835 1747 1891 cruci
1776 1833 1895 1888 affi-

297 1945 435 2000 gens
455 1971 469 1996 ,
497 1930 590 1985 sed
621 1929 764 1984 cruci
791 1929 1019 1995 aﬂixus;
1052 1943 1156 1984 non
1184 1929 1349 1998 alapis
1382 1927 1594 1983 cacdens
1614 1967 1630 1994 ,
1660 1926 1752 1981 sed
1783 1925 1895 1981 ala-

297 2025 386 2094 pls
414 2038 604 2080 Caesus.
640 2022 700 2078 Si
729 2023 860 2077 male
886 2023 1121 2092 loquutus
1149 2038 1293 2089 sum,
1328 2021 1528 2091 inquit,
1560 2019 1896 2074 testimonium

296 2115 504 2184 perhibe
532 2114 594 2167 de
622 2116 795 2180 malo;
831 2115 875 2168 si
898 2122 1064 2168 autem
1089 2114 1212 2168 bene
1230 2156 1245 2182 ,
1278 2114 1398 2183 quid
1426 2130 1506 2167 me
1533 2114 1685 2168 aedis
1711 2113 1890 2185 (Joan.

301 2206 391 2261 18.
418 2204 489 2260 25
514 2203 575 2276 )?
607 2204 862 2260 Dominus
890 2203 1035 2259 orbis
1063 2214 1323 2259 terrarum
1354 2204 1492 2275 apud
1521 2220 1732 2261 servum
1763 2207 1920 2277 pon-'

298 2295 457 2351 tificis
481 2312 540 2352 se
568 2305 773 2366 purgat,
797 2296 956 2352 etiam
984 2296 1149 2368 alapis
1178 2297 1232 2352 in
1262 2311 1354 2352 ore
1385 2311 1575 2364 ca:sus,
1609 2298 1748 2352 unde
1771 2314 1895 2368 pro-

293 2389 396 2444 diit
425 2389 667 2456 verbum,
688 2397 742 2446 et
774 2405 920 2444 mare
949 2387 1191 2454 frenavit,
1217 2398 1272 2445 et
1291 2389 1699 2460 quatriduanum
1730 2390 1892 2444 Laza-

293 2497 414 2535 rum
443 2496 474 2535 a
500 2481 724 2535 mortuis
749 2481 1003 2536 excitavit
1029 2499 1043 2536 :
1073 2481 1215 2536 unde
1241 2482 1440 2536 malum
1471 2480 1720 2554 fugiebat,
1753 2481 1892 2536 unde

293 2574 641 2644 argritudines
654 2585 708 2628 et
729 2581 940 2644 peccata
964 2573 1306 2630 solvebantur
1330 2591 1342 2626 :
1368 2573 1469 2628 hoc
1481 2583 1563 2629 est
1577 2575 1888 2629 miraculum

291 2661 567 2719 Crucilixi.
591 2665 722 2719 Nam
744 2655 1107 2719 cum'fulmina
1136 2666 1346 2720 vibrare
1369 2674 1570 2735 posset,
1603 2680 1665 2720 ac
1691 2674 1888 2722 terram

291 2766 583 2812 concutere
607 2797 622 2822 ,
655 2756 902 2826 servique
931 2771 1147 2810 manum
1185 2755 1455 2812 arefacere
1479 2799 1494 2822 ,
1536 2756 1668 2812 nihil
1698 2758 1889 2813 horum

292 2851 454 2916 fecit;
487 2849 582 2906 sed
609 2859 660 2906 et
683 2865 742 2906 se
767 2858 976 2922 purgat,
1001 2859 1056 2904 et
1081 2857 1299 2919 superat
1319 2850 1666 2920 benignitate,
1693 2859 1743 2904 te
1767 2865 1893 2905 eru-

293 2943 470 3011 diens,
497 2954 553 2998 ut
580 2959 699 2998 cum
722 2943 884 2998 homo
909 2941 1002 3008 sis,
1032 2958 1320 3014 numquam
1345 2944 1701 3000 excandescas
1726 2962 1738 2996 :
1763 2945 1889 3000 licet

298 3037 445 3091 cruci
475 3034 737 3106 alligaris,
765 3036 888 3091 licet
915 3034 1122 3105 alapam
1150 3035 1412 3106 accipias,
1443 3045 1500 3092 ut
1527 3035 1714 3092 eadem
1741 3037 1888 3093 dicas

290 3143 414 3198 qua:
438 3127 693 3183 Dominus
720 3137 858 3194 tuus,
884 3127 946 3182 Si
971 3126 1104 3181 male
1128 3127 1364 3198 loquutus
1389 3143 1520 3194 sum,
1548 3129 1887 3182 testimonium

291 3221 497 3292 per/tibi:
516 3221 579 3276 de
598 3219 765 3287 malo;
791 3221 834 3276 si
851 3230 1020 3275 autem
1041 3219 1182 3287 bene,
1211 3220 1332 3291 quid
1351 3237 1430 3276 me
1457 3221 1610 3275 caedis
1626 3221 1654 3274 ?
1673 3222 1750 3276 Ac
1765 3220 1886 3277 vide

289 3313 461 3384 ipsius
487 3313 863 3384 benignitatem
883 3353 900 3380 ,
922 3328 1029 3385 quo
1051 3321 1204 3383 pacto
1223 3328 1342 3382 qua:
1366 3328 1642 3370 servorum
1669 3313 1882 3384 quidem

291 3420 510 3461 suorum
537 3416 661 3463 sunt
684 3405 935 3472 vindicet,
962 3421 1082 3476 qua:
1109 3420 1239 3461 vero
1265 3420 1361 3460 sua
1389 3413 1536 3473 sunt,
1566 3407 1886 3476 prietermit-

289 3506 387 3552 tat.
417 3496 678 3568 Propheta
697 3496 967 3568 quondam
993 3495 1090 3552 fuit
1109 3537 1125 3564 ,
1143 3497 1234 3567 qui
1255 3512 1434 3568 regem
1457 3498 1618 3567 impie
1637 3506 1882 3570 agentem

218 3596 236 3603 ‘
287 3587 681 3660 redarguebat;
708 3599 762 3646 et
789 3605 907 3645 cum
931 3590 1266 3656 accessisset,
1283 3589 1452 3646 dixit:
1478 3590 1672 3659 Δίωνι,
1697 3591 1877 3658 altare,

285 3685 413 3738 audi
430 3685 506 3755 (ὅ.
523 3683 746 3756 Reg.i5.
762 3683 841 3756 2).
860 3683 996 3740 Nam
1010 3685 1260 3756 quoniam
1273 3701 1366 3741 rex
1383 3683 1665 3742 Jeroboam
1679 3687 1884 3742 sacrifi-

287 3778 432 3832 cium
454 3776 608 3832 idolis
629 3777 861 3835 otierens
885 3777 1078 3844 stabat,
1095 3784 1210 3832 tum
1230 3778 1449 3833 veniens
1474 3778 1733 3850 proiiheta
1758 3794 1881 3834 cum

279 3870 447 3934 altari
470 3870 811 3940 colloquitur.
837 3869 975 3937 Quid
986 3869 1118 3941 agis,
1137 3886 1168 3925 ο
1191 3870 1488 3940 propheta?
1510 3869 1778 3927 hominem
1801 3872 1883 3927 di-

287 3964 481 4029 mittis,
498 3971 552 4020 ει
571 3978 691 4019 cum
708 3963 861 4018 altari
882 3963 1233 4034 colloqueris?
1247 3961 1321 4019 Ita
1343 3973 1444 4028 est,
1466 3963 1653 4034 inquit.
1671 3964 1881 4034 Quare?

287 4055 730 4126 Quandoquidem
760 4054 921 4110 homo
948 4056 1118 4125 magis
1160 4070 1352 4126 expers
1385 4070 1575 4111 sensus
1611 4073 1675 4112 ac
1709 4060 1880 4128 stupi-

284 4147 409 4202 dior
432 4146 608 4217 lapide
635 4147 803 4203 factus
831 4157 941 4212 est,
969 4149 1156 4202 omitto
1185 4146 1332 4202 illum
1360 4155 1558 4203 etcum
1588 4149 1690 4204 isto
1716 4147 1884 4203 collo-

283 4253 461 4310 quor,
490 4249 550 4294 ut
586 4239 848 4310 intelligas
873 4238 1058 4294 audire
1087 4239 1315 4310 lapidem
1340 4283 1356 4309 ,
1385 4249 1439 4296 ct
1469 4238 1740 4295 hominem
1773 4257 1880 4298 non

285 4331 498 4388 audire.
528 4331 686 4400 Audi,
713 4333 892 4400 altare,
925 4332 1047 4386 audi
1073 4347 1091 4386 :
1120 4343 1173 4387 ει
1201 4332 1378 4388 subito
1403 4343 1617 4404 ruptum
1642 4341 1726 4390 est
1751 4335 1883 4391 alta-

285 4440 370 4480 re.
402 4425 652 4494 Extendit
674 4440 891 4480 manum
921 4440 1070 4481 suam
1096 4440 1215 4489 rex,
1238 4441 1358 4482 cum
1385 4427 1697 4496 prophetam
1722 4428 1883 4484 vellet

285 4516 591 4588 corripere,
623 4532 795 4588 neque
821 4517 995 4588 potuit
1022 4516 1166 4571 illam
1192 4516 1259 4572 ad
1289 4533 1350 4574 se
1377 4517 1657 4574 reducere.
1695 4518 1877 4587 Vides,

288 4620 350 4666 ut
375 4611 543 4666 altare
570 4612 769 4682 potius,
804 4625 962 4680 quam
993 4623 1087 4664 rex
1115 4609 1381 4666 audierit?
1408 4608 1574 4675 vides,
1605 4619 1662 4665 ut
1681 4611 1882 4667 omisso

287 4721 358 4762 eo
396 4704 486 4774 qui
523 4703 730 4759 ratione
772 4701 1026 4774 praeditus
1062 4710 1216 4768 erat,
1245 4701 1298 4756 id
1337 4701 1477 4772 quod
1510 4711 1625 4760 erat
1661 4704 1884 4760 rationis

286 4811 492 4864 expers
517 4796 588 4850 sit
613 4795 935 4862 alloquutns,
965 4801 1024 4849 ut
1051 4808 1145 4862 per
1171 4793 1324 4848 istius
1352 4792 1708 4848 obedientiam
1741 4795 1883 4850 illius

285 4898 562 4962 stuporem
581 4885 940 4954 malitiamque
955 4884 1283 4955 corrigeret?
1307 4883 1554 4939 Fructum
1581 4894 1664 4940 est
1687 4885 1879 4953 altare,

287 4989 347 5036 et
377 4978 517 5049 regis
544 4977 746 5033 malitia
775 4974 938 5030 fracta
967 4989 1072 5029 non
1099 4985 1200 5030 est.
1229 4977 1311 5030 Ac
1336 4974 1456 5030 vide
1475 5015 1488 5040 ,
1521 4976 1646 5045 quid
1672 4977 1882 5033 accide-

285 5072 364 5128 rit
389 5087 402 5124 :
434 5068 674 5128 extandit
700 5083 914 5124 manum
955 5081 1104 5122 suam
1143 5082 1238 5124 rex
1261 5108 1276 5133 ,
1307 5075 1366 5123 ut
1388 5067 1700 5138 prOphetam
1727 5084 1880 5124 com-

285 5161 740 5234 prehenderet,et
759 5159 1011 5216 continuo
1030 5174 1220 5215 manus
1235 5161 1349 5229 ejus
1369 5161 1594 5215 exaruit.
1618 5160 1878 5229 Quoniam

269 5255 478 5311 ‘altaris
507 5251 768 5324 supplicio
793 5251 984 5310 melior
1009 5248 1181 5306 factus
1207 5265 1314 5305 non
1339 5258 1456 5317 est,
1482 5251 1696 5322 propria
1723 5266 1881 5322 poena

286 5345 651 5404 obedientiam
694 5344 788 5400 Dei
825 5343 1066 5399 docetur.
1116 5342 1227 5413 Ego
1266 5342 1479 5413 quidem
1524 5342 1616 5399 tibi
1654 5358 1880 5414 parcens

285 5439 436 5495 volui
463 5440 516 5493 in
543 5435 772 5507 lapidem
796 5436 931 5491 iram
959 5433 1268 5501 effundere;
1294 5433 1510 5504 quando
1535 5445 1714 5488 autem
1743 5435 1881 5504 lapi-

288 5536 376 5590 dis
407 5529 712 5600 magisterio
737 5544 844 5586 non
869 5542 933 5583 es
953 5527 1212 5593 eruditus,
1246 5537 1301 5582 tu
1325 5527 1642 5598 supplicium
1670 5529 1880 5596 excipe.

237 5671 242 5673 .
285 5626 362 5682 Et
383 5623 623 5680 extendit
646 5636 862 5676 manum
887 5635 1055 5686 suam,
1081 5628 1136 5674 et
1158 5634 1190 5676 e
1213 5617 1435 5688 vestigio
1458 5619 1667 5675 exaruit
1692 5618 1801 5690 (Ib.
1829 5636 1877 5674 υ.

287 5715 564 5788 4).8ιε1›ει
591 5714 842 5783 deinceps
868 5720 1126 5781 tropaeum
1155 5709 1450 5780 prophetze,
1476 5719 1529 5765 et
1555 5725 1646 5766 rex
1671 5719 1883 5764 contra~

225 5842 230 5844 -
286 5817 426 5870 here
467 5809 639 5878 ipsam
683 5821 790 5861 non
830 5812 1058 5876 poterat.
1108 5802 1209 5858 Ubi
1249 5801 1535 5857 diadema?
1574 5801 1660 5858 ubi
1703 5810 1880 5855 vestes

291 5901 612 5976 purpureae?
635 5899 722 5956 ubi
751 5897 970 5955 loricae?
993 5896 1082 5952 ubi
1108 5893 1319 5968 clypei?
1346 5893 1430 5950 ubi
1461 5894 1761 5950 exercitus?
1788 5894 1874 5950 ubi

3497 450 3603 507 793

2017 544 2252 599 lancem?
2277 546 2442 601 Jussit
2469 548 2628 614 Deus,
2652 563 2703 606 et
2724 552 2900 608 omnia
2925 550 3020 609 illa
3044 555 3312 624 perierunt
3336 575 3349 614 :
3374 559 3606 619 circum.

2009 637 2221 691 stabant
2248 649 2494 710 satrapa),
2527 642 2616 711 qui
2646 657 2962 700 succurrere
2987 647 3208 704 minime
3237 659 3517 719 poterant,
3549 664 3608 708 at

2012 727 2176 800 plaga:
2215 739 2416 786 tantum
2460 741 2790 802 spectatores
2818 747 2970 790 erant
2999 739 3212 797 redditi.
3261 741 3330 798 Et
3359 745 3607 802 extendit

2010 833 2223 874 manum
2255 837 2403 878 suam
2427 839 2544 888 rex,
2571 835 2625 880 et
2653 828 2860 882 exaruit
2889 845 2902 880 :
2931 831 3145 899 quando
3162 831 3310 888 arida
3336 833 3473 891 facta
3493 845 3600 900 est,

2010 922 2132 968 tunc
2162 914 2388 972 fructum
2423 921 2559 975 tulit.
2605 920 2892 978 Considera
2923 923 3051 978 mihi
3079 927 3383 996 exemplum
3407 969 3424 993 ,
3456 930 3603 999 quod

2009 1010 2242 1063 occurrit
2271 1010 2322 1064 in
2355 1011 2518 1080 ligno,
2551 1014 2691 1083 quod
2725 1015 2776 1070 in
2809 1017 3054 1084 paradiso
3081 1017 3200 1084 fuit,
3239 1029 3291 1075 et
3331 1022 3384 1075 in
3415 1022 3560 1092 ligno
3584 1065 3599 1087 ,

2007 1102 2148 1170 quod
2167 1101 2264 1157 fuit
2284 1104 2334 1158 in
2354 1120 2531 1186 cruce.
2566 1108 2712 1164 Sicut
2737 1111 2877 1165 enim
2910 1113 3106 1183 lignum
3130 1115 3284 1184 illud,
3307 1129 3430 1176 eum
3457 1130 3601 1174 esset

2007 1193 2198 1262 viride,
2231 1207 2458 1253 mortem
2485 1203 2712 1271 peperit,
2738 1203 2937 1274 lignum
2963 1222 3091 1262 vero
3118 1210 3314 1278 crucis,
3345 1224 3466 1266 cum
3494 1213 3602 1266 ari-

2007 1285 2130 1341 dum
2155 1299 2318 1357 esset,
2343 1292 2506 1348 vitam
2527 1296 2744 1364 genuit:
2771 1298 2850 1354 sic
2869 1306 2922 1353 et
2945 1298 2998 1354 in
3021 1315 3178 1356 manu
3203 1305 3342 1373 regis
3365 1304 3597 1359 accidit:

2005 1380 2220 1448 quando
2245 1382 2426 1438 viridis
2455 1394 2588 1452 erat,
2616 1393 2742 1442 tunc
2767 1389 3090 1458 impietatem
3118 1397 3357 1464 peperit;
3383 1397 3601 1465 quando

2005 1469 2151 1524 arida
2175 1469 2311 1527 facta
2339 1482 2439 1541 est,
2466 1483 2590 1532 tunc
2609 1477 2968 1535 obedientiam
2993 1483 3242 1551 produxit
3269 1505 3284 1542 :
3312 1487 3434 1544 vide
3457 1487 3597 1543 facta

2007 1557 2099 1615 Dei
2137 1563 2419 1618 mirabilia.

2019 1671 2024 1673 -
2077 1650 2216 1706 Deus
2256 1670 2511 1711 servorum:
2553 1675 2758 1713 suorum
2799 1661 3059 1717 ulciscitur
3103 1667 3339 1736 injurias.
3376 1699 3446 1711 —-
3488 1669 3592 1724 Sed

2005 1743 2144 1812 quod
2186 1744 2465 1813 dicebam,
2499 1749 2713 1818 quando
2741 1752 2910 1823 alapis
2948 1755 3062 1823 ipse
3089 1756 3397 1814 caedebatur
3417 1803 3429 1824 ,
3460 1761 3595 1816 nihil

2003 1834 2129 1889 mali
2152 1835 2376 1891 credenti
2399 1837 2689 1895 inferebat:
2708 1843 2923 1912 quando
2941 1855 3117 1900 autem
3141 1862 3326 1904 servus
3348 1851 3594 1920 iniuriam

2006 1941 2258 1996 passurus
2283 1939 2419 1998 erat,
2438 1946 2616 2000 regem
2646 1935 2883 2003 punivit,
2913 1947 2974 1991 ut
3005 1947 3056 1993 te
3084 1938 3273 1995 doceat
3295 1956 3357 1997 ea
3377 1943 3597 2012 quidem

2003 2035 2122 2089 qure
2157 2020 2250 2076 Dei
2283 2034 2404 2078 sunt
2427 2023 2717 2093 vindicare,
2750 2043 2869 2098 quae
2895 2044 3022 2085 vero
3051 2033 3267 2103 propria
3297 2045 3420 2090 sunt
3449 2051 3594 2106 prae-

2005 2113 2316 2171 termittere.
2347 2117 2498 2173 Sicut
2523 2118 2666 2174 enim
2693 2134 2794 2190 ego
2819 2137 2937 2178 mea
2957 2126 3326 2194 praetermitto,
3354 2137 3442 2182 tua
3467 2144 3597 2185 vero

2002 2209 2213 2264 vindico
2238 2229 2252 2266 :
2274 2209 2354 2266 sic
2380 2219 2433 2267 et
2459 2219 2515 2266 tu
2545 2227 2663 2268 mea
2689 2215 2920 2280 vindica,
2952 2226 3039 2272 tua
3071 2232 3199 2273 vero
3222 2223 3592 2290 praetermitto.

2002 2297 2201 2358 Verum
2245 2305 2462 2376 arrigite
2491 2305 2620 2361 mihi
2649 2322 2807 2364 aures
2844 2319 3052 2364 vestras
3081 2327 3095 2365 :
3123 2312 3213 2367 ubi
3243 2315 3386 2368 enim
3415 2325 3594 2370 certa-

2000 2395 2202 2450 minum
2228 2404 2441 2468 tempus
2466 2407 2547 2454 est
2566 2442 2580 2465 ,
2613 2400 2942 2458 auditoribus
2967 2413 3051 2459 est
3076 2420 3210 2475 opus
3232 2448 3248 2473 ,
3279 2409 3470 2477 quibus
3497 2425 3589 2464 ar-

1999 2495 2159 2541 rectae
2187 2488 2293 2543 sint
2318 2503 2475 2545 aures
2504 2499 2559 2546 et
2586 2499 2822 2558 attentm,
2856 2501 2914 2548 ut
2941 2495 3226 2566 diligenter
3259 2499 3547 2554 advertatis
3573 2544 3591 2568 ,

1997 2591 2104 2646 quo
2145 2589 2299 2649 pacto
2343 2580 2500 2651 ligem
2525 2623 2538 2647 ,
2578 2598 2684 2652 quo
2721 2595 2879 2656 pacto
2920 2586 3121 2641 solvam
3161 2588 3592 2647 adversariorum

1997 2668 2190 2724 delicta
2215 2713 2228 2736 ,
2262 2686 2368 2741 quo
2397 2683 2551 2742 pacto
2579 2674 2750 2730 lucter
2771 2716 2786 2742 ,
2820 2691 2928 2748 quo
2957 2687 3111 2747 pacto
3138 2678 3346 2735 feriam.
3380 2683 3513 2737 Nam
3545 2685 3592 2737 si

1996 2761 2072 2817 illi
2102 2763 2192 2832 qui
2223 2763 2274 2818 in
2307 2763 2515 2820 theatro
2551 2765 2742 2822 sedent
2767 2767 2977 2824 duobus
3006 2771 3334 2827 certantibus
3360 2815 3374 2840 ,
3402 2777 3589 2830 oculos

1995 2867 2122 2910 suos
2147 2864 2201 2910 et
2225 2857 2464 2926 corporis
2489 2867 2748 2913 staturam
2775 2861 3123 2918 extendentes
3142 2905 3156 2929 ,
3186 2866 3340 2934 proni
3370 2881 3592 2937 prospe-

1995 2955 2178 3014 ctant,
2212 2958 2271 3005 ut
2312 2951 2602 3006 certamina
2638 2951 2852 3008 videant
2883 2955 3064 3024 probri
3114 2956 3272 3027 plena
3295 2999 3310 3025 ,
3368 2969 3424 3012 ut
3467 2975 3592 3016 cer-

1994 3042 2194 3098 tamina
2240 3044 2612 3116 videamqute
2660 3047 2858 3103 imitari
2897 3049 3214 3119 probrosum
3260 3059 3342 3106 est
3378 3071 3391 3106 :
3423 3055 3596 3110 multo

1993 3135 2163 3206 magis
2199 3150 2298 3190 nos
2326 3143 2538 3207 oportet
2576 3138 2858 3194 audiendis
2893 3138 3182 3210 Scripturis
3214 3142 3406 3197 divinis
3434 3161 3593 3200 aures

1993 3234 2226 3282 attentas
2255 3227 2514 3296 praebere.
2549 3227 2605 3284 Si
2631 3229 2774 3284 enim
2810 3229 2994 3284 laudas
3020 3230 3274 3286 athletam
3299 3274 3313 3298 ,
3347 3249 3445 3288 cur
3483 3250 3590 3290 non

1992 3316 2057 3373 lis
2095 3319 2336 3374 athleta?
2371 3319 2452 3374 sin
2495 3328 2674 3375 autem
2703 3321 2818 3376 fieri
2856 3321 3109 3379 athletam
3143 3324 3456 3393 probrosum
3485 3336 3591 3395 est,

1993 3428 2091 3468 cur
2129 3413 2352 3468 istorum
2402 3412 2586 3469 laudes
2633 3413 2898 3469 imitaris?
2933 3415 3003 3470 At
3029 3415 3294 3485 ejusmodi
3331 3432 3436 3472 non
3466 3429 3594 3473 sunt

1993 3503 2081 3560 hic
2125 3504 2450 3572 certamina,
2477 3504 2571 3560 sed
2615 3506 2918 3562 communia
2959 3507 3168 3562 cunctis
3214 3515 3269 3562 et
3301 3508 3449 3579 utilia
3476 3518 3590 3564 tum

1989 3595 2292 3653 dicentibus
2318 3637 2334 3662 ,
2367 3603 2479 3652 tum
2506 3595 2862 3652 audientibus.
2901 3596 3037 3652 Cum
3065 3597 3330 3662 hair-elicis
3358 3614 3592 3671 namque

1989 3687 2231 3754 decerto,
2253 3697 2312 3745 ut
2335 3698 2390 3745 et
2415 3703 2512 3744 vos
2537 3689 2765 3745 athletas
2792 3689 3043 3757 alliciam,
3067 3699 3127 3746 ut
3147 3706 3254 3747 non
3281 3692 3442 3748 modo
3461 3692 3588 3748 dum

1989 3780 2254 3852 psallitis,
2285 3780 2381 3836 sed
2426 3791 2480 3837 et
2520 3780 2646 3836 dum
2690 3781 3052 3852 colloquimlni
3078 3824 3096 3850 ,
3125 3782 3359 3854 linguam
3399 3798 3589 3840 eorum

1988 3873 2359 3944 compescatis.
2409 3873 2549 3942 Quid
2595 3873 2754 3944 igitur
2775 3873 2850 3928 ait
2891 3874 3184 3943 propheta?
3224 3875 3352 3929 Voce
3378 3891 3490 3930 mea
3521 3877 3592 3930 ad

1988 3963 2267 4019 Dominum
2295 3966 2512 4020 clamavi
2533 3981 2554 4020 :
2571 3980 2693 4020 voce
2725 3981 2838 4020 mea
2865 3965 2936 4019 ad
2955 3963 3122 4020 Deum
3152 3965 3452 4036 deprecatus
3475 3984 3591 4023 sun:

1991 4055 2164 4123 (Psal.
2181 4058 2301 4112 141.
2317 4057 2401 4127 2).
2428 4055 2662 4114 Adverte
2687 4075 2701 4111 :
2725 4072 2853 4113 num
2877 4058 3228 4114 certaminum
3249 4059 3590 4116 occasionem

1988 4148 2229 4221 praebere
2269 4151 2518 4219 videtur,
2567 4149 2710 4222 quod
2747 4149 2944 4206 dictum
2982 4150 3106 4205 est?
3133 4149 3268 4206 Vide
3296 4163 3407 4222 quo
3431 4161 3588 4222 pacto

1987 4251 2198 4298 nectam
2218 4257 2469 4298 coronam
2487 4251 2541 4297 et
2559 4241 2910 4298 certaminum
2931 4244 3211 4298 materiam
3223 4257 3427 4313 parem.
3457 4242 3590 4298 Vare

1988 4351 2099 4390 mea
2111 4335 2179 4388 ad
2196 4333 2475 4389 Dominum
2497 4334 2710 4389 clamavi
2730 4348 2882 4389 ἔνθα
2899 4349 3010 4388 mea
3028 4333 3097 4387 ad
3118 4333 3282 4388 Deum
3293 4337 3588 4404 deprecatus

1987 4445 2098 4482 sum
2126 4425 2335 4502 (lbid.).
2365 4427 2462 4482 Hic
2487 4435 2541 4480 tu
2568 4425 2698 4482 mihi
2730 4427 3040 4483 haereticum
3069 4441 3230 4493 voca,
3262 4427 3376 4482 sive
3413 4425 3585 4493 adsit,

1988 4523 2101 4577 sive
2123 4537 2225 4576 non
2240 4521 2397 4576 adsit.
2421 4520 2474 4577 Si
2497 4525 2638 4577 enim
2655 4521 2814 4589 adsit,
2837 4536 2868 4576 a
2885 4537 3018 4577 voce
3038 4531 3218 4577 nostra
3235 4521 3516 4586 doceatur;
3539 4523 3584 4575 si

1987 4628 2114 4668 vero
2132 4629 2240 4667 non
2261 4611 2418 4678 adsit,
2437 4627 2467 4666 a
2487 4613 2764 4683 vobis,_qui
2787 4611 3080 4678 audieritis,
3100 4612 3290 4667 discat.
3311 4611 3416 4667 Sed
3436 4612 3580 4683 quod

1988 4704 2254 4771 dicebam,
2278 4719 2386 4760 non
2412 4717 2709 4775 persequor
2730 4704 2903 4775 ipsum
2927 4713 3264 4774 prmsentem,
3288 4703 3388 4760 sed
3407 4704 3583 4774 ipsum

1988 4797 2200 4868 excipio
2237 4797 2704 4868 persequutionem
2743 4810 2956 4866 passum
2981 4837 2995 4863 ,
3027 4811 3135 4852 non
3181 4809 3211 4849 a
3253 4809 3340 4851 me
3366 4835 3385 4862 ,
3419 4795 3514 4851 sed
3552 4813 3584 4852 a

1987 4889 2200 4959 propria
2225 4890 2552 4944 conscientia
2579 4930 2595 4957 ,
2621 4887 2770 4959 juxta
2800 4903 2923 4945 eum
2961 4887 3053 4960 qui
3099 4887 3230 4943 dixit
3262 4906 3276 4944 :
3307 4887 3469 4961 Fugit
3490 4889 3588 4941 im-

1988 4982 2102 5052 pius
2126 4981 2323 5038 nemine
2347 4992 2672 5054 persequente
2699 4979 2884 5053 (Prov.
2910 4981 3002 5037 28.
3039 4980 3112 5055 1).
3143 4981 3314 5038 Mater
3339 4990 3424 5038 est
3448 4980 3586 5036 tilio-

1988 5091 2106 5130 rum
2133 5091 2352 5132 suorum
2389 5076 2668 5145 Ecclesia,
2701 5090 2819 5147 qua:
2845 5085 2903 5132 ει
2928 5076 3061 5162 istos
3086 5076 3286 5148 excipit
3309 5119 3324 5145 ,
3357 5086 3414 5133 et
3457 5088 3582 5146 per-

1987 5168 2185 5238 egrinis
2210 5164 2386 5226 sin‘um
2412 5169 2684 5240 expandit.
2712 5169 3016 5227 Commune
3037 5169 3308 5226 theatrum
3323 5179 3441 5226 erat
3458 5184 3584 5224 arca

1986 5258 2133 5329 Noe,
2165 5262 2259 5318 sed
2299 5261 2539 5319 Ecclesia
2566 5262 2756 5319 melior
2780 5271 2866 5319 est
2907 5264 3068 5319 etiam
3094 5275 3254 5334 quam
3280 5263 3401 5318 ista.
3448 5260 3583 5316 Nam

1986 5359 2140 5415 bruta
2169 5355 2383 5428 quidem
2421 5353 2671 5409 animalia
2710 5353 2799 5408 illa
2840 5351 3133 5425 recipiebat
3154 5395 3171 5420 ,
3197 5361 3252 5408 et
3277 5351 3429 5406 bruta
3455 5363 3582 5405 eon-

1987 5448 2237 5507 servabat
2265 5466 2279 5503 :
2307 5447 2423 5502 haec
2462 5455 2641 5501 autem
2678 5443 2836 5501 bruta
2877 5444 3105 5515 recipit,
3151 5451 3208 5498 et
3234 5449 3581 5496 transmutat.

1986 5540 2228 5611 Exempli
2253 5539 2445 5611 gratia,
2471 5536 2517 5593 si
2542 5533 2821 5592 intraverit
2845 5536 3034 5605 vulpes
3054 5533 3372 5600 haereticus,
3399 5531 3576 5600 ipsum

1987 5649 2142 5690 ovem
2163 5631 2372 5700 efficio;
2400 5630 2445 5687 si
2468 5629 2743 5686 intraverit
2766 5629 2944 5699 lupus,
2969 5627 3144 5697 ipsum
3165 5635 3365 5696 agnum
3379 5622 3581 5693 efficio,

1987 5734 2244 5800 quantum
2270 5723 2322 5779 in
2343 5738 2431 5778 me
2453 5722 2614 5779 situm
2639 5728 2721 5777 est
2741 5719 2852 5794 (a);
2879 5717 2959 5773 sin
2986 5725 3163 5772 autem
3191 5714 3444 5781 noluerit,
3471 5730 3579 5768 non

2052 5841 2128 5906 (a)
2159 5848 2269 5891 Haec
2289 5837 2457 5890 confer
2481 5849 2591 5906 cum
2608 5842 2731 5888 orat.
2752 5841 2767 5885 ι
2791 5834 2854 5885 de
2873 5831 3110 5904 laudibus
3131 5828 3262 5881 Pauli
3287 5835 3339 5880 et
3361 5840 3472 5878 cum
3492 5831 3579 5874 Vttt

1990 5901 2362 5955 de'P’cenitcntia
2386 5912 2519 5950 num.
2547 5901 2592 5947 1.
3035 5902 3037 5904 ·
3421 5915 3423 5917 ι
