2044 3216
289 215 343 243 703

290 272 317 301 id
337 272 401 299 vitio
414 277 474 297 meo
488 268 516 295 fit
527 288 535 301 ,
552 265 599 294 sed
614 272 647 292 ex
662 263 744 299 ipsius
760 258 946 295 improbitate,
962 253 1082 290 quando-

290 318 400 355 quidem
421 315 541 344 Christus
562 313 642 340 ctiam
664 308 804 337 duodecim
823 303 968 339 discipulos
981 301 1084 333 habuit,

289 346 319 393 et
332 370 401 391 unus
413 362 496 389 factus
508 365 550 388 est
564 358 693 394 proditor,
710 361 801 382 verum
815 359 869 380 non
880 358 896 378 a
906 349 1024 380 Christo,
1037 346 1084 374 sed

290 411 325 437 ab
340 409 429 437 animo
449 414 499 434 suo
520 393 612 433 vitiato
626 412 632 430 :
647 398 861 437 quandoquidem
876 399 905 424 et
917 395 1029 423 Elismus
1043 393 1085 420 die

291 454 423 489 scipulum
434 451 527 479 habuit
537 456 647 477 avarum
664 447 702 482 (4,
718 445 782 480 Reg.
797 444 837 479 5),
851 446 878 469 at
892 448 945 469 non
956 439 990 467 ab
1003 438 1087 466 imbe-

293 484 404 529 cillitate
415 497 543 529 doctoris,
555 495 601 523 sed
613 502 629 521 a
637 491 759 527 discipuli
772 487 944 524 negligentia.
955 484 1086 520 Equidem

292 547 396 575 Semina
415 544 505 580 jacio:
521 542 543 569 si
559 547 629 569 terra
649 539 687 566 sis
701 536 805 573 pinguis
822 541 913 562 semen
934 530 1086 565 excipiens,

292 594 373 620 etiam
388 594 505 626 segetem
527 587 635 619 reddis;
661 584 702 612 siu
721 587 809 610 autem
831 583 905 615 petra
918 577 956 605 sis
970 575 1068 604 sterilis
1078 594 1086 606 ,

294 639 367 667 nullo
377 643 438 665 meo
448 634 512 663 vitio
525 633 551 661 id
564 633 593 660 fit
606 641 613 659 :
624 631 681 659 sive
690 627 815 659 audieris,
828 626 884 652 sive
896 631 947 651 non
959 620 1085 653 audieris,

294 684 433 721 spirituale
446 682 493 710 tibi
505 687 614 721 carmen
629 677 752 705 cecinere
762 695 770 707 ,
781 673 892 700 vulnera
905 670 1026 704 mitigare
1034 674 1088 694 non

293 731 413 759 desinam
424 750 432 762 ,
446 735 481 755 ne
494 727 520 754 in
535 718 579 753 1110
591 724 636 751 die
648 721 753 749 audiam
765 739 773 752 ,
789 718 866 746 Serve
879 716 944 742 male
954 735 962 747 ,
977 713 1088 748 oportuit

294 783 317 804 te
333 775 486 803 committere
502 771 635 807 pecuniam
653 775 735 794 meam
753 763 902 791 nuntulariis
924 759 1029 798 (Matth.
1040 757 1087 786 25.

293 823 359 858 26).
381 821 449 848 Voce
470 804 525 846 mea
543 817 576 843 ad
599 814 736 842 Dominum
749 809 879 841 clamavi;
902 815 959 834 uoce
980 813 1035 832 mea
1054 804 1089 830 ad

294 855 378 896 Deum
394 868 542 901 deprecatus
556 870 612 889 sum
623 859 708 896 (Psal.
724 857 785 885 Mi.
795 855 836 891 Ξ).

332 915 359 941 5.
380 895 474 940 Contra
484 910 616 936 Anomteos
631 905 699 941 agit;
714 912 730 930 α
743 900 884 936 Scripturis
897 902 983 934 petunt
997 895 1089 923 amris

296 967 385 987 ansam
402 955 521 984 heretici.
541 968 577 974 ---
589 951 657 986 Quid
677 950 716 976 ais
728 969 736 981 ,
756 944 902 975 lueretice?
921 943 955 971 de
973 947 1089 977 quonam

298 1007 362 1034 dicit
373 1005 431 1032 hmc
442 1001 579 1037 propheta,
591 1003 617 1026 et
625 1004 704 1033 quem
714 993 855 1022 Dominum
866 998 898 1018 ac
905 990 989 1017 Deum
999 986 1090 1023 appel-

297 1052 350 1079 lat?
370 1050 404 1078 de
418 1032 469 1076 una
481 1032 551 1075 enim
567 1032 681 1080 persona
696 1041 725 1068 ﬁt
738 1046 836 1067 sermo.
861 1037 900 1065 Illi
919 1034 1048 1070 siquidem
1062 1032 1090 1060 in

296 1104 373 1125 suum
386 1098 466 1130 caput
480 1092 629 1126 Seripturas
642 1087 824 1115 adulterantes
835 1104 843 1116 ,
859 1090 891 1110 ac
903 1083 1032 1117 perpetuo
1044 1086 1091 1106 ar-

296 1145 422 1178 gutncnta
433 1139 562 1166 adversus
574 1135 686 1163 salutem
698 1139 772 1160 suam
784 1129 977 1166 perquirentes,
992 1126 1017 1153 iu
1027 1132 1091 1160 per-

297 1187 404 1215 ditionis
419 1183 571 1212 barathrum
584 1181 686 1215 seipsos
700 1176 844 1205 detrudere
856 1181 887 1201 se
904 1180 958 1200 non
973 1170 1093 1199 animad-

297 1236 412 1262 vertunt.
427 1231 523 1259 Filium
536 1228 607 1255 enim
620 1225 667 1254 Dei
682 1230 771 1258 neque
782 1221 827 1257 qui
840 1219 939 1251 laudat,
952 1217 1092 1245 clariorem

298 1280 399 1310 efﬁcit;
414 1283 501 1311 neque
515 1274 560 1310 qui
579 1270 752 1309 blasphemiis
765 1273 792 1296 et
805 1265 975 1294 contumeliis
989 1262 1071 1290 afﬁcit
1084 1282 1092 1294 ,

300 1327 373 1354 lardit
386 1334 393 1351 :
408 1331 461 1351 non
475 1322 546 1350 enim
558 1320 659 1354 indiget
671 1316 750 1344 laude
761 1318 852 1342 nostra
863 1318 958 1340 natura
969 1311 1095 1343 incorpo-

300 1380 360 1404 rea;
372 1370 422 1398 sed
431 1365 656 1404 quemadmodum
665 1364 689 1390 is
697 1362 742 1397 qui
749 1358 916 1396 splendidum
925 1356 1010 1384 solem
1019 1354 1094 1387 dicit,

302 1401 388 1446 lucem
400 1401 501 1444 illi-non
514 1413 597 1446 addit,
608 1418 696 1445 neque
708 1408 753 1444 qui
766 1407 830 1435 dicit
842 1404 1022 1436 tenebrosum,
1033 1401 1097 1429 sub-

303 1463 428 1491 stantiam
439 1461 497 1496 ejus
508 1457 651 1489 imminuit,
662 1455 709 1483 sed
719 1453 834 1489 propriae
844 1449 972 1479 caecitatis
983 1448 1098 1475 indicem

305 1508 406 1545 profert
427 1495 585 1534 sententiam
604 1511 611 1529 :
633 1502 676 1529 ita;
687 1500 733 1535 qui
753 1498 849 1526 Filium
869 1496 916 1523 Dei
934 1495 1031 1523 Filium
1045 1500 1099 1520 non

304 1555 379 1588 dicit,
391 1558 418 1580 at
432 1555 594 1580 creaturam.
607 1546 717 1576 insaniae
732 1551 787 1572 Sua:
796 1541 885 1578 prodit
897 1544 1098 1575 argumentum;

304 1602 350 1637 qui
362 1607 426 1628 vero
441 1596 616 1625 substantiam
628 1593 687 1628 ejus
700 1589 832 1626 agnoscit,
845 1587 1009 1623 probitatem
1024 1591 1100 1612 suam

306 1646 441 1678 ostendit;
457 1648 484 1672 et
503 1649 554 1670 nec
575 1642 626 1668 iste
645 1636 782 1666 beneﬂciis
799 1635 885 1670 ipsum
900 1631 1036 1664 cumulat,
1051 1636 1102 1657 nec

308 1695 354 1722 ille
368 1677 511 1728 quidquam
526 1689 612 1724 ipsum
624 1684 709 1718 ltedit,
724 1682 770 1711 sed
783 1682 827 1709 hic
838 1679 944 1716 quidem
959 1686 1008 1714 pro
1018 1677 1103 1705 salute

308 1749 369 1772 sua,
381 1739 425 1766 ille
438 1745 502 1765 vero
512 1735 640 1763 adversus
654 1732 766 1759 salutem
777 1736 852 1756 suam
862 1727 980 1755 dimicat.
994 1724 1102 1756 Verum,

310 1794 339 1816 ut
364 1770 505 1817 dicebam,
528 1781 680 1816 Scripturas
701 1776 899 1806 adulterantes,
924 1772 976 1799 alia
996 1770 1105 1806 quidem

311 1832 511 1869 praetervolant,
527 1829 650 1864 qumrunt
662 1828 763 1856 autem,
777 1828 841 1849 num
854 1818 949 1847 alicubi
964 1823 1105 1852 argumen-

312 1860 368 1908 iuin
380 1876 486 1913 aliquod
497 1860 643 1905 offendant,
653 1869 723 1907 quod
735 1869 853 1903 ipsorum
864 1865 957 1893 morbo
967 1860 1105 1897 suffragari

313 1934 346 1955 ac
365 1910 455 1952 favere
472 1921 605 1949 videatur.
627 1917 720 1951 Neque
738 1914 802 1942 mihi
822 1917 850 1940 tu
864 1911 963 1939 dixeris
982 1910 1009 1937 in
1027 1915 1106 1935 causa

309 1979 374 2001 esse
387 1970 552 2005 Scripturam
566 1972 638 1994 :non
650 1963 797 1997 Scriptum,
810 1959 857 1987 sed
872 1959 989 1994 ipsorum
1004 1956 1107 1989 impro-

314 2018 385 2045 bitas
397 2000 480 2044 estin
494 2020 574 2042 causa
590 2019 597 2038 :
612 2006 825 2046 quandoquidem
841 2004 894 2032 mel
911 2009 1017 2038 quoque
1032 2000 1109 2027 dulce

313 2069 366 2098 est,
379 2068 406 2091 at
419 2062 465 2098 qui
475 2067 546 2096 aeger
558 2062 609 2089 est,
620 2056 746 2084 acerbum
761 2052 826 2080 illud
839 2050 1001 2081 arbitratur;
1016 2054 1109 2075 verum

315 2091 370 2139 non
383 2091 471 2136 meilis
484 2091 562 2140 culpa
573 2125 580 2137 ,
594 2102 642 2131 sed
655 2098 817 2129 infirmitatis
831 2101 872 2125 est
884 2096 996 2123 crimen.
1012 2093 1050 2121 lta
1065 2091 1110 2127 qui

315 2156 409 2185 furiosi
419 2158 490 2186 sunt,
502 2159 562 2188 quae
572 2150 707 2181 videntur,
715 2153 769 2174 non
777 2147 892 2172 cernunt
900 2151 907 2174 ;
916 2146 943 2168 at
950 2147 1043 2169 eorum
1052 2146 1111 2173 qua:

315 2202 440 2230 videntur
452 2184 530 2233 culpa
542 2203 596 2224 non
610 2198 661 2227 est,
672 2193 721 2220 sed
731 2190 829 2219 mentis
843 2189 942 2216 vitiata:
956 2185 1047 2213 furiosi
1062 2184 1110 2211 ho-

317 2249 406 2277 minis.
414 2246 516 2274 Cazlum
530 2244 600 2271 Deus
612 2239 721 2272 ereavit,
731 2242 760 2264 ut
773 2243 839 2271 opus
853 2233 1074 2268 contemplemur,
1086 2234 1113 2257 et

317 2296 439 2331 opificem
452 2292 596 2320 adoremus
605 2309 612 2321 ,
629 2291 656 2314 at
667 2285 779 2322 gentiles
793 2290 861 2318 opus
873 2283 955 2308 Deum
970 2281 1091 2307 fecerunt
1103 2285 1112 2311 ;

318 2348 410 2370 verum
422 2348 474 2368 non
485 2345 563 2373 opus,
576 2334 623 2363 sed
636 2334 742 2361 illorum
754 2329 909 2365 improbitas
923 2327 1001 2355 estin
1014 2331 1093 2353 causa
1105 2332 1112 2351 :

320 2393 348 2415 et
368 2383 593 2421 quemadmodum
617 2379 755 2414 improbus
770 2384 785 2404 a
806 2375 913 2402 nemine
933 2372 1059 2408 juvatur,
1079 2369 1116 2397 ita

321 2416 421 2468 probus
435 2438 449 2457 a
464 2437 493 2457 se
506 2429 563 2463 ipso
578 2426 657 2454 etiam
669 2424 787 2459 juvatur.
801 2420 870 2454 Quid
883 2419 988 2446 Christo
1000 2416 1068 2452 pari
1089 2419 1117 2442 at

322 2461 357 2507 ab
372 2485 405 2506 eo
423 2484 475 2504 nou
490 2461 595 2509 adjutus
610 2476 651 2499 est
663 2469 755 2499 Judas.
778 2466 847 2501 Quid
862 2464 968 2493 diabolo
983 2461 1117 2498 nequius?

323 2530 351 2553 at
362 2523 412 2552 Joh
425 2529 523 2550 corona
536 2519 675 2548 redimitus
685 2520 742 2549 est;
758 2519 785 2542 et
795 2520 882 2548 neque
891 2511 985 2539 Judam
997 2509 1118 2538 Christus

324 2571 444 2608 adjuvit,
458 2568 520 2604 quia
539 2567 562 2594 is
581 2571 639 2594 erat
657 2562 811 2598 improbus.
826 2566 913 2595 neque
929 2557 980 2585 Job
997 2555 1119 2584 diabolus

325 2603 426 2650 nocuit,
442 2603 503 2651 quia
516 2613 560 2641 hic
573 2611 672 2647 probus
686 2613 753 2637 erat.
768 2607 831 2635 lltec
843 2613 893 2640 ego
906 2603 981 2636 dico,
999 2607 1027 2630 ut
1040 2608 1120 2629 nemo

325 2667 480 2701 Scripturas
493 2663 609 2691 accuset,
623 2657 669 2684 sed
682 2662 773 2683 eorum
787 2652 982 2687 improbitatem
991 2670 999 2684 ,
1013 2648 1058 2684 qui
1072 2655 1119 2680 ea,

326 2695 478 2749 quat-recte
497 2707 567 2734 dicta
586 2708 667 2734 sunt,
684 2702 752 2728 male
769 2700 988 2734 interpretantur.
1009 2695 1075 2722 Nam
1094 2698 1122 2721 et

326 2743 449 2786 diabolus
463 2762 495 2783 ex
510 2750 654 2786 Scripturis
669 2755 730 2775 cum
744 2746 850 2774 Christo
864 2743 1024 2779 disputabat.

341 2819 343 2823 ι
360 2801 432 2829 Nam
446 2801 485 2828 Ita:
497 2806 579 2830 voces,
589 2797 661 2823 Deus
671 2799 697 2822 et
707 2792 846 2824 Dominus,
861 2789 935 2817 Patri
949 2793 972 2815 et
982 2786 1051 2815 Filio
1064 2793 1124 2821 pro-

331 2848 394 2883 pria:
407 2846 472 2877 sint;
494 2851 584 2871 nomen
598 2839 728 2868 Dominus
737 2845 788 2864 non
805 2840 840 2862 est
854 2834 936 2861 minus
949 2840 1023 2868 quam
1034 2834 1124 2858 nomen

332 2876 549 2923 Deus—amni
572 2894 625 2914 non
647 2889 688 2913 est
710 2883 736 2910 in
758 2888 837 2910 causa
859 2879 1005 2913 Scriptura,
1025 2876 1072 2905 sed
1094 2882 1125 2903 ea

333 2944 420 2967 mens.
430 2942 489 2972 quae
504 2921 577 2962 recte
590 2931 658 2959 dicta
672 2929 741 2957 male
754 2928 954 2962 interpretatur.
972 2924 1039 2951 Dum
1054 2921 1124 2950 enim

650 206 677 236 s.
698 202 837 234 mauros
856 196 1095 229 cunvsosrout
1114 197 1272 228 ARCHIEP.
1286 194 1556 228 consumma.

1876 192 1920 220 761

1140 255 1235 284 Filium
1251 258 1329 284 Patre
1346 256 1475 283 minorem
1502 259 1562 279 esse
1582 250 1672 277 volunt
1682 247 1835 280 ostendere,
1849 248 1920 276 inusi-

1136 308 1190 331 tata
1205 304 1311 331 nomina
1324 302 1429 330 curiose
1444 299 1629 335 perquirentes
1643 297 1832 328 circumeunt,
1845 294 1919 330 deque

1136 350 1224 378 verbis
1245 349 1297 377 illis
1318 348 1407 385 (Deus
1420 351 1448 374 et
1462 344 1587 373 Dominus
1598 343 1608 378 )
1620 342 1709 375 aiunt,
1725 342 1811 371 Deum
1825 340 1918 368 Palmm

1136 403 1206 426 esse,
1221 395 1317 422 Filium
1338 392 1491 425 Dominum,
1505 395 1532 418 et
1552 388 1660 416 nomina
1676 386 1800 415 dividunt
1815 395 1822 413 :
1836 393 1917 413 vocem

1137 440 1244 476 quidem
1257 439 1325 466 Deus
1340 438 1422 470 Patri,
1436 443 1529 464 vocem
1550 439 1639 461 autem
1662 431 1789 459 Dominus
1806 430 1869 458 Filio
1879 431 1919 457 tri-

1138 485 1231 517 buunt,
1248 489 1276 512 ut
1290 484 1334 519 qui
1348 482 1454 511 deitatis
1467 479 1656 508 distributores
1669 477 1738 509 sint,
1758 480 1786 503 et
1801 479 1919 510 tamquam

1139 530 1293 558 hereditatis
1311 529 1453 556 divisores.
1469 525 1605 560 Scriptura
1624 522 1691 550 Filio
1709 521 1777 549 dicit
1791 519 1921 547 Dominus?

1138 578 1182 604 ain
1197 582 1234 609 tu,
1250 577 1307 603 base
1319 575 1399 602 dicit?
1421 571 1553 607 Numquid
1572 570 1702 605 psalmum
1717 576 1772 595 non
1789 566 1880 594 audisti
1891 566 1919 593 ad

1139 630 1218 651 unam
1233 628 1375 657 personam
1388 619 1466 647 hodie
1480 618 1613 646 dicentem
1630 624 1637 643 :
1657 614 1722 642 Voce
1734 622 1790 640 mea
1801 613 1833 639 ad
1843 612 1919 638 Domi-

1139 678 1200 697 num
1210 669 1315 696 clamavi
1326 675 1336 695 :
1347 675 1405 694 voce
1414 674 1469 693 mea
1480 665 1514 691 ad
1524 663 1608 691 Deum
1619 662 1768 697 deprecatus
1777 668 1833 687 sum
1844 657 1919 694 (ΡεαΙ.

1140 715 1253 751 Hl.2)‘i
1267 714 1358 749 itaque
1370 717 1398 741 et
1412 711 1553 739 Dominum
1567 713 1595 736 et
1611 708 1694 736 Deum
1706 707 1793 741 ipsum
1807 705 1918 740 appellat.

1141 760 1234 789 Utrum
1251 760 1332 787 Deum
1348 765 1406 786 esse
1419 757 1458 784 vis
1473 756 1580 788 Filium,
1597 762 1630 780 an
1645 752 1771 780 Patrem?
1792 750 1868 778 Plane
1879 750 1921 777 Pa-

1140 811 1208 834 trem
1223 806 1296 833 dices
1308 805 1366 832 ltazc
1380 804 1487 832 nomina
1507 801 1633 828 indicare.
1655 799 1736 834 igitur
1754 798 1823 825 Deus
1834 801 1871 824 est
1882 796 1919 823 Fi-

1141 852 1193 880 lius
1208 856 1236 879 et
1252 850 1380 878 Dominus
1398 849 1486 877 Pater.
1508 846 1576 880 Quid
1588 852 1652 880 ergo
1666 844 1775 871 nomina
1790 841 1884 873 dividis,
1897 845 1919 868 et

1141 898 1193 925 hoc
1210 897 1318 932 quidem
1338 896 1392 924 illic
1411 894 1514 930 adjicis,
1529 892 1592 920 illud
1605 896 1693 918 autem
1709 890 1754 917 hic
1767 888 1875 916 dividis?
1893 888 1920 914 Et

1141 951 1206 972 vero
1230 942 1328 970 Paulus
1347 942 1383 968 ait
1403 941 1513 976 (utinam
1529 938 1639 965 Paulum
1658 935 1777 968 audires,
1797 938 1823 961 et
1842 933 1918 960 beatus

1142 990 1228 1024 esses)
1244 997 1251 1016 :
1268 987 1349 1015 Nobis
1359 992 1441 1014 tamen
1456 993 1521 1012 unus
1535 983 1603 1011 Deus
1620 981 1707 1013 Pater,
1723 989 1755 1008 ea:
1767 987 1815 1014 quo
1829 978 1919 1005 omnia:

1143 1040 1166 1062 et
1178 1042 1244 1061 unus
1265 1033 1390 1061 Dominus
1409 1031 1484 1058 Jesus
1506 1029 1636 1060 Christus,
1654 1035 1698 1062 per
1711 1034 1786 1060 quem
1801 1024 1877 1052 omnia
1888 1022 1917 1058 (Ι.

1143 1080 1203 1109 Cor.
1216 1080 1243 1108 8.
1255 1079 1295 1115 6).
1320 1078 1406 1106 Unum
1426 1076 1522 1104 Filium
1536 1075 1619 1102 Deum
1635 1071 1759 1100 vocavit?
1778 1069 1838 1105 quid
1849 1067 1920 1103 ergo?

1144 1126 1296 1154 Dominum.
1317 1123 1371 1152 Cur
1386 1116 1751 1158 cnim,qu:nso,splendidius
1778 1119 1818 1143 est
1840 1121 1918 1141 nomen

1145 1173 1226 1205 Deus,
1252 1177 1331 1206 quam
1356 1168 1494 1200 Dominus,
1519 1170 1567 1193 aut
1594 1164 1723 1192 Dominus
1747 1162 1834 1189 minus
1855 1165 1918 1194 quam

1145 1219 1233 1248 Deus?
1257 1217 1410 1250 Attendite,
1429 1215 1558 1252 obsecro,
1571 1211 1721 1246 diligenter.
1739 1208 1769 1237 Si
1782 1214 1842 1242 ergo
1855 1210 1919 1233 unum

1146 1274 1206 1294 esse
1230 1266 1284 1298 illa,
1309 1262 1436 1291 Dominus
1458 1250 1486 1288 et
1508 1260 1588 1291 Deus,
1603 1255 1758 1287 ostendero,
1774 1254 1832 1290 quid
1844 1250 1920 1279 dices?

1146 1312 1249 1341 Nomen
1261 1311 1329 1338 Deus
1339 1309 1424 1343 majus
1438 1314 1498 1335 esse
1508 1305 1585 1338 dicis,
1595 1303 1727 1335 Dominus
1736 1306 1823 1329 autem
1835 1296 1921 1326 minus?

1148 1357 1217 1385 Audi
1230 1356 1386 1392 prophetam
1398 1353 1529 1381 dicentem
1543 1360 1550 1378 :
1563 1350 1615 1377 Isle
1628 1348 1763 1379 Dominus,
1774 1346 1815 1381 qui
1826 1344 1875 1379 fecit
1883 1348 1920 1368 ot-

1149 1404 1201 1431 lum
1215 1385 1289 1429 :Iiste-
1307 1400 1375 1427 Deus
1388 1419 1395 1432 ,
1417 1398 1460 1434 qui
1479 1402 1570 1424 terram
1594 1393 1707 1421 condidit
1729 1391 1809 1428 (Isai.
1827 1385 1920 1421 1518)-

1151 1448 1278 1477 Dominus
1291 1446 1384 1474 caelum
1395 1465 1402 1477 ,
1418 1448 1446 1471 et
1458 1442 1529 1470 Deus
1544 1445 1653 1468 terram.
1669 1438 1719 1465 llic
1734 1437 1761 1464 in
1774 1435 1860 1463 eadem
1873 1439 1921 1467 per-

1151 1502 1216 1523 sona
1235 1498 1262 1522 et
1282 1499 1380 1520 nomen
1403 1489 1549 1521 Dominus,
1564 1491 1592 1514 et
1603 1492 1701 1513 nomen
1718 1484 1789 1511 Deus
1802 1479 1886 1517 posuit.
1897 1477 1922 1504 Et

1152 1547 1255 1573 rursus,
1265 1537 1333 1565 Audi
1343 1535 1436 1567 Israel,
1448 1533 1570 1561 Dominus
1585 1530 1654 1558 Deus
1669 1534 1727 1556 tum
1741 1527 1859 1565 Dominus
1870 1528 1920 1549 unus

1152 1567 1189 1614 est
1203 1567 1292 1622 (Deut.
1305 1583 1332 1610 6.
1347 1582 1385 1617 ι).
1399 1581 1443 1608 Bis
1456 1579 1594 1610 Dominus,
1609 1580 1636 1604 ct
1650 1574 1732 1603 semel
1748 1574 1814 1600 Deus
1827 1580 1833 1597 :
1847 1567 1922 1602 ac_pri-

1154 1639 1227 1661 mum
1241 1628 1386 1660 Dominus,
1403 1630 1431 1654 et
1445 1624 1540 1652 deinde
1556 1623 1635 1654 Deus,
1652 1626 1680 1648 et
1692 1625 1788 1647 rursus
1799 1614 1920 1644 DominltS'

1155 1678 1225 1715 quod
1240 1678 1262 1705 si
1277 1677 1328 1704 hoc
1340 1674 1458 1702 deterius
1471 1676 1552 1704 esset,
1564 1668 1628 1697 illud
1639 1673 1728 1695 autem
1743 1665 1835 1700 majus,
1844 1668 1888 1689 non
1898 1657 1922 1684 de

1155 1732 1251 1760 magna
1270 1721 1415 1751 substantia
1428 1741 1436 1753 ,
1457 1718 1604 1754 majorique
1623 1714 1781 1742 vocabulum
1800 1711 1877 1738 minus
1887 1711 1922 1740 p0-

1157 1772 1254 1800 suisset
1268 1770 1393 1806 primum,
1412 1766 1459 1794 sed
1483 1763 1576 1800 majori
1596 1762 1667 1790 dicto
1686 1762 1825 1787 contentus
1844 1753 1922 1781 fuisset.

1799 1802 1814 1806 ..
1836 1801 1842 1806 .
1865 1799 1870 1804 .
1888 1794 1912 1806 __.

1159 1794 1254 1800 -.παπ
1268 1794 1354 1806 rm,
1388 1794 1393 1800 ,
1525 1794 1534 1800 _

1159 1823 1245 1852 neque
1258 1815 1345 1843 minus
1358 1812 1533 1840 attribuisset.
1556 1808 1623 1835 Num
1645 1814 1675 1833 ea
1688 1826 1695 1837 ,
1716 1812 1779 1840 qure
1790 1801 1853 1833 dixi,
1865 1794 1923 1825 inte!-

1159 1861 1279 1894 Iexistis‘i
1301 1860 1398 1887 lterum
1422 1856 1526 1885 doceo:
1543 1862 1595 1881 non
1615 1853 1684 1880 enim
1703 1850 1756 1878 hoc
1774 1843 1924 1883 spectaculum

1160 1914 1203 1938 est
1223 1909 1256 1936 ad
1278 1904 1493 1936 ostentationem,
1509 1900 1556 1929 sed
1578 1899 1698 1927 doctrina
1719 1896 1754 1924 ad
1772 1888 1924 1928 eompunctio-

1160 1962 1233 1986 nem,
1248 1960 1301 1980 non
1312 1956 1340 1978 ut
1351 1951 1467 1978 inermes
1479 1947 1591 1979 abeatis,
1606 1944 1653 1972 sed
1666 1949 1693 1970 ut
1707 1941 1802 1970 armati
1811 1933 1924 1967 recedatis-

1161 2001 1264 2028 Nomen
1284 1998 1355 2025 Deus
1374 1996 1460 2030 majus
1481 1991 1641 2024 essedicis,
1663 1989 1796 2019 hmretice,
1818 1988 1842 2011 et
1860 1980 1925 2008 min"s

1162 2054 1222 2074 esse
1235 2051 1331 2071 nomen
1347 2040 1491 2070 Dominus?
1511 2036 1619 2066 Ostendi
1632 2035 1677 2063 tibi
1694 2033 1845 2069 prophetam
1856 2027 1925 2054 dicen-

1140 2093 1142 2095 ’
1164 2073 1216 2120 tem
1227 2111 1236 2123 ,
1257 2088 1382 2129 Dominus
1394 2086 1437 2122 qui
1451 2085 1508 2121 fecit
1521 2083 1620 2114 mlum,
1635 2080 1704 2107 Deus
1720 2079 1764 2115 qui
1776 2073 1925 2129 condidit

1165 2112 1236 2123 ......,
1397 2112 1407 2122 τ
1451 2112 1456 2121 ,
1614 2112 1618 2114 ἓ
1726 2112 1731 2115 τ

1162 2147 1227 2166 rant.
1262 2125 1380 2171 Moysem
1397 2132 1443 2160 tibi
1466 2137 1558 2159 rursus
1582 2127 1694 2156 ostendo
1717 2126 1859 2153 dicentem.
1880 2112 1926 2171 Mf“

1263 2159 1380 2171 -.η--.η

1164 2184 1257 2214 Israel,
1266 2181 1392 2210 Dominus
1401 2178 1471 2206 Deus
1485 2181 1542 2204 tuus
1553 2175 1676 2202 Dominus
1686 2180 1753 2198 unus
1762 2173 1805 2197 est.
1816 2159 1926 2214 ρυοηιοδῗ

1167 2204 1200 2212 ....
1208 2204 1257 2214 κω,
1401 2204 1418 2206 _

1167 2238 1246 2262 unus,
1262 2229 1285 2256 si
1298 2227 1351 2255 duo
1367 2229 1430 2254 sunt
1443 2224 1559 2254 nomina,
1575 2222 1626 2248 hoc
1639 2219 1746 2255 Quidem
1759 2213 1867 2244 minoris,
1881 2204 1925 2235 illud

1165 2284 1230 2305 vero
1245 2273 1399 2303 substantia:
1411 2268 1536 2305 majoris?
1551 2267 1608 2295 Non
1618 2266 1690 2293 enim
1701 2264 1791 2299 utique
1802 2259 1876 2292 seipsﬂ
1885 2257 1926 2279 "'3‘

1164 2323 1208 2360 jor
1220 2327 1246 2349 et
1261 2321 1347 2348 minor
1368 2322 1409 2345 est
1429 2315 1575 2344 substantia
1586 2334 1593 2346 ,
1605 2312 1652 2340 sed
1666 2311 1776 2346 aequalis
1788 2312 1812 2335 et
1823 2303 1925 2360 cannot:-

1737 2357 1757 2360 —
1819 2357 1825 2360 .
1861 2349 1885 2360 Α..
1895 2344 1908 2360 r:
1922 2342 1925 2360 i

1167 2342 1203 2360 ιν.
1220 2342 1246 2349 υ.
1370 2342 1408 2345 ην
1430 2342 1489 2344 ην
1587 2342 1592 2346 ,
1699 2342 1707 2346 _

1167 2369 1292 2397 Dominus
1303 2366 1371 2393 Deus
1387 2370 1442 2391 tuus
1457 2362 1577 2390 Dominus
1589 2367 1654 2386 unus
1670 2364 1715 2385 est.
1737 2357 1776 2384 En
1790 2342 1926 2382 ostendetibi

1169 2424 1266 2444 nomen
1278 2413 1405 2441 Dominus
1415 2411 1465 2437 hoc
1475 2415 1534 2437 esse
1545 2407 1625 2437 idem,
1637 2404 1709 2440 quod
1721 2404 1806 2431 Deus:
1818 2400 1840 2426 in
1849 2395 1927 2444 sum“:a

1169 2467 1258 2490 autem
1276 2460 1299 2488 si
1320 2458 1449 2486 Dominus
1470 2455 1568 2485 minus,
1584 2453 1655 2479 Deus
1668 2455 1756 2478 autem
1768 2446 1853 2480 majus.
1866 2435 1927 2474 αυο⁶’

1171 2516 1231 2536 nam
1251 2506 1310 2542 ejus
1333 2511 1392 2532 esse
1413 2509 1512 2530 nomen
1534 2498 1641 2527 debuit?
1655 2496 1781 2525 Dominus
1800 2490 1887 2518 minus.
1904 2487 1927 2541 πὶ

1171 2524 1231 2536 ΙΙΙΙΙΙΙ
1251 2524 1310 2542 υδυδ
1333 2524 1392 2532 νυυν
1414 2524 1512 2530 ..ν’-ιν..
1537 2524 1595 2527 -τννγ

1171 2553 1242 2581 Deus
1263 2549 1366 2586 majus?
1388 2548 1416 2575 Si
1434 2547 1523 2574 dicat:
1538 2542 1677 2578 Quodnam
1692 2545 1733 2568 est
1746 2543 1833 2567 nomen
1845 2524 1928 2559 meum?

1775 2582 1826 2586 _....
1862 2576 1927 2586 ,4...

1172 2576 1242 2581 ’ν’-⁷
1263 2576 1344 2586 ’πηίν
1545 2576 1560 2578 νὴ

1172 2598 1235 2636 quid
1249 2598 1298 2631 ais,
1312 2593 1457 2623 hteretice?
1471 2599 1505 2620 an
1519 2597 1617 2619 nomen
1633 2588 1761 2616 Dominus
1774 2582 1843 2612 Filii,
1856 2576 1927 2636 ποειδὲ

1193 2615 1235 2626 ulu
1249 2615 1287 2625 ...υ
1314 2615 1455 2623 ....,.....-.,.
1471 2615 1505 2620 _._
1520 2615 1617 2619 _-,___,,
1635 2615 1644 2616 κ

1172 2615 1261 2672 :utern
1274 2618 1345 2671 l)’eus
1358 2640 1443 2668 Patris
1462 2642 1503 2666 est
1520 2641 1645 2671 tanquam
1658 2634 1743 2668 magis
1758 2619 1894 2672 proprium?

1174 2697 1275 2718 nomen
1297 2687 1435 2718 Dominus,
1460 2683 1530 2719 quod
1553 2686 1595 2709 est
1618 2667 1716 2711 minus,
1732 2677 1848 2705 denotare
1864 2667 1927 2719 iPsf‘]:

1175 2707 1275 2718 ..υιιιωι
1298 2707 1435 2718 ...,........_,
1461 2707 1530 2719 .l..-_
1709 2707 1715 2711 ,
1907 2707 1927 2711 Γ

1174 2735 1337 2766 ostendero,
1358 2730 1421 2767 quid
1441 2728 1539 2757 facies?
1560 2726 1718 2762 Cognoscant
1737 2721 1793 2758 φιία
1808 2707 1927 2767 ποπιεπΓΙΙθΞ

1176 2782 1301 2809 Dominus
1315 2753 1399 2816 (i’sitl.
1415 2777 1461 2805 82.
1548 2753 1633 2808 inquit
1653 2753 1787 2806 propheta.

1177 2803 1300 2809 "vanu".
1315 2803 1338 2816 \_
1352 2803 1399 2806 ""'
1419 2803 1460 2805 '7‘
1510 2803 1517 2811 ι
1527 2803 1532 2808 π
1586 2803 1592 2808 -
1655 2803 1660 2806 .
1704 2803 1710 2805 .

1177 2826 1267 2856 Deus?
1281 2824 1398 2854 Tametsi
1413 2830 1470 2855 cur,
1484 2821 1507 2849 si
1518 2820 1603 2854 majus
1613 2822 1653 2845 est
1665 2817 1745 2848 Deus,
1755 2820 1802 2841 nou
1815 2805 1871 2854 dixit

1178 2845 1248 2856 νυυῠ
1259 2845 1265 2854 Δ
1286 2845 1398 2854 l‘llllvw-
1414 2845 1470 2855 .n..,
1484 2845 1507 2849 --
1519 2845 1568 2854 ..νηί
1591 2845 1599 2846 κ
1739 2845 1744 2848 ι

1178 2875 1269 2911 Pheta.
1283 2872 1451 2906 Cognoscant
1465 2867 1525 2902 quia
1537 2871 1635 2893 nomen
1647 2861 1693 2889 tibi
1708 2861 1788 2888 Deus:
1799 2855 1818 2883 si
1829 2845 1926 2921 enm“:

1326 2919 1331 2921 >
1467 2914 1474 2920 ο
1540 2920 1545 2921 γ
1557 2919 1565 2921 μ
1581 2908 1715 2921 _--..I:..-..
1731 2907 1793 2921 nm“:
1819 2898 1857 2921 11111
1894 2897 1904 2913 υ

1844 2896 1871 2924 oti
1880 2896 1904 2916 τε

1308 2898 1366 2954 ejus
1386 2898 1522 2952 proprium
1537 2919 1567 2939 ac
1581 2908 1716 2947 peculiare
1731 2907 1807 2937 Deus,
1819 2898 1842 2927 ὶιῑ

1553 3038 1568 3047 δ
