4088 6434
380 370 493 426 703
514 406 523 415 ο

377 484 594 538 ιίκείαν
644 484 1034 558 ἀγνωμοσύνην
1064 505 1075 516 ⁸
1111 486 1235 540 επεὶ
1272 487 1367 540 καὶ
1409 490 1437 541 6
1486 488 1718 560 Χριστὸς
1770 487 1976 540 δώδεκα

378 570 503 647 εἶχε
537 576 810 647 μαθητάς,
870 578 964 632 καὶ
1012 572 1093 641 εἷς
1147 579 1411 650 προδότης
1462 579 1699 648 ἐγένετο,
1750 578 1864 633 ἀλλ’
1915 579 1974 631 ού

375 667 537 737 παρὰ
593 665 684 721 τὸν
737 666 994 739 Χριστὸν,
1042 667 1177 721 ἀλλά
1220 668 1371 740 παρά
1426 668 1524 740 τὴν
1573 668 1976 741 διεφθαρμένην

377 754 610 828 γνώμην
642 757 852 812 ἐκείνου
871 773 884 787 ·
920 759 1041 812 ἐπεὶ
1069 759 1164 812 καὶ
1190 760 1218 812 6
1252 759 1550 824 Ἐλισσαῖος
1581 756 1693 831 εἶχε
1727 759 1974 831 μαθητὴν

374 846 738 918 φιλάργυρον,
769 846 882 902 ἀλλ’
917 850 980 903 ού
1008 849 1156 921 παρὰ
1178 848 1278 921 τὴν
1299 849 1581 904 ἀσθένειαν
1602 850 1696 903 τοῦ
1721 850 1974 903 διδασκά-

372 936 497 998 λου,
534 936 669 991 ἀλλά
714 940 865 1010 παρά
912 940 1011 1011 τὴν
1062 940 1334 1011 ῥαθυμίαν
1373 938 1468 994 τοῦ
1521 940 1785 1011 μαθητοῦ.
1832 939 1973 1009 Ἐγὼ

375 1027 709 1082 καταϐάλλω
752 1030 820 1083 τὰ
864 1031 1155 1102 σπέρματα
1182 1048 1195 1062 ·
1237 1031 1331 1084 ὲάν
1371 1032 1441 1103 γῆ
1476 1032 1681 1103 λιπαρά
1721 1028 1787 1105 ᾗς
1821 1033 1972 1104 δεχο-

376 1122 518 1192 μένη
542 1121 609 1174 τὰ
642 1120 958 1192 σπέρματα,
995 1124 1088 1176 καὶ
1111 1122 1203 1176 τὸν
1235 1124 1435 1194 στάχυν
1462 1123 1726 1188 ἀποδίδως
1750 1143 1763 1156 ·
1799 1125 1892 1178 ὲάν
1914 1124 1971 1178 δὲ

371 1210 447 1285 ᾗς
491 1214 666 1286 πέτρα
699 1215 912 1284 ἄγονος,
948 1215 1098 1270 οὐδὲν
1138 1217 1266 1287 παρ’
1298 1216 1399 1287 ἐμέ
1423 1230 1440 1247 ⁶
1478 1217 1573 1270 ὲάν
1611 1235 1672 1270 τε
1714 1216 1968 1286 ἀκούσης,

370 1306 474 1359 ὲάν
508 1322 565 1357 τε
603 1304 678 1380 μὴ
720 1305 980 1380 ἀκούσῃς,
1020 1306 1082 1360 οὐ
1130 1308 1410 1379 παύσομαί
1453 1327 1535 1364 σοι
1580 1310 1793 1381 ἐπᾴδων
1828 1309 1972 1380 ᾠδὴν

372 1397 775 1467 πνευματικὴν,
799 1397 1111 1451 καταντλῶν
1133 1399 1200 1452 τὰ
1221 1401 1532 1472 τραύματα,
1553 1401 1638 1454 ἴνα
1663 1401 1739 1473 μὴ
1750 1401 1887 1467 ἀκού
1897 1420 1973 1455 σω

371 1488 520 1542 κατά
564 1488 660 1559 τὴν
707 1490 922 1560 ἡμέραν
954 1490 1188 1561 ἐκείνην·
1233 1493 1463 1562 Πονηρὲ
1494 1494 1697 1556 δοῦλε,
1736 1494 1857 1547 ἔδει
1898 1508 1973 1549 σε

372 1579 741 1635 καταϐαλεῖν
768 1582 835 1636 τὸ
861 1582 1145 1651 ἀργύριόν
1165 1602 1286 1654 μου
1309 1585 1407 1638 ἐπὶ
1439 1586 1581 1653 τοὺς
1603 1584 1967 1655 τραπεζῖτας.

373 1672 556 1741 Φωνῇ
602 1690 721 1742 μου
774 1674 926 1741 πρὸς
975 1676 1195 1743 Κύριον
1246 1675 1580 1746 ἐκέκραξα⁹
1637 1676 1809 1747 φωνῇ
1851 1697 1971 1749 μου

381 1766 539 1834 πρὸς
560 1765 666 1819 τὸν
703 1766 853 1820 Θεὸν
888 1765 1165 1833 ἐδεήθην.

447 1863 516 1925 γ’.
533 1857 597 1909 Τί
614 1857 817 1927 λέγεις,
837 1860 1081 1928 αἱρετικέ
1103 1877 1117 1925 ;
1142 1878 1208 1915 πε
1218 1860 1269 1932 pl
1283 1862 1429 1927 τίνος
1445 1862 1595 1932 λέγει
1612 1864 1640 1916 6
1660 1864 1968 1935 προφήτης,

369 1950 474 2004 καὶ
527 1950 649 2003 τίνα
695 1950 855 2004 καλεῖ
905 1951 1107 2023 Κύριον
1155 1953 1249 2006 καὶ
1304 1954 1469 2021 Θεόν;
1521 1956 1650 2028 περὶ
1698 1955 1816 2018 ἑνὸς
1861 1954 1971 2026 γάρ

370 2039 671 2110 προσώπου
700 2041 728 2093 6
753 2041 929 2111 λόγος.
965 2043 1194 2098 Ἐκεῖνοι
1220 2044 1325 2116 γάρ
1355 2046 1844 2118 παραγραφόμενοι
1870 2044 1971 2110 τὰς

370 2134 600 2205 Γραφάς
651 2135 791 2189 κατά
834 2136 936 2206 τῆς
986 2137 1195 2191 ἑαυτῶν
1235 2139 1498 2210 κεφαλῆς,
1543 2140 1637 2192 καὶ
1680 2138 1971 2209 ζητοῦντες

368 2227 462 2280 ἀεὶ
490 2226 755 2297 λήμματα
781 2227 921 2281 κατά
949 2229 1046 2300 τῆς
1073 2228 1282 2284 ἑαυτῶν
1323 2230 1616 2302 σωτηρίας,
1652 2231 1752 2284 οὐκ
1778 2229 1968 2285 αἰσθά-

370 2335 559 2372 νονται
612 2321 692 2383 είς
747 2318 1020 2392 βάραθρον
1064 2321 1341 2383 ἀπωλείας
1381 2324 1605 2388 ἑαυτοὺς
1653 2322 1925 2386 ὠθοῦντες
1952 2339 1966 2354 ·

368 2412 467 2465 τὸν
515 2410 665 2484 [708]
714 2412 825 2484 γὰρ
890 2412 1019 2466 Υἰὸν
1080 2413 1175 2467 τοῦ
1235 2414 1371 2468 Θεοῦ
1434 2414 1557 2469 οὔτε
1613 2417 1642 2468 6
1701 2413 1969 2485 εὐφημῶν

370 2502 714 2574 ἐνδοξότερον
762 2504 929 2567 ποιεῖ,
979 2502 1103 2557 οὒτε
1145 2505 1173 2557 6
1215 2504 1554 2576 βλασφημῶν
1602 2506 1829 2576 βλάπτει
1854 2523 1868 2541 ⁸
1907 2507 1966 2561 ού

370 2594 486 2667 γὰρ
531 2594 722 2665 χρείαν
765 2594 877 2665 ἔχει
915 2596 948 2665 ἡ
994 2595 1285 2666 ἀσώματος
1331 2598 1489 2651 οὐσία
1537 2598 1638 2668 τῆς
1692 2598 1969 2672 ἡμετέρας

369 2687 673 2757 εὐφημίας,
718 2687 833 2741 ἀλλ’
883 2686 1073 2760 ὥσπερ
1110 2689 1138 2740 6
1177 2689 1270 2742 τὸν
1307 2690 1460 2760 ἥλιον
1505 2690 1679 2759 λέγων
1719 2693 1965 2765 φαιδρὸν,

368 2778 433 2831 οὐ
468 2778 822 2851 προστίθησιν
856 2779 1021 2833 αὐτοῦ
1062 2778 1139 2849 τῷ
1170 2781 1328 2849 φωτὶ,
1359 2780 1480 2835 οὐδὲ
1512 2783 1540 2835 6
1578 2784 1852 2837 σκοτεινὸν
1880 2783 1970 2836 λέ-

368 2887 487 2938 ⁴γων
523 2874 666 2942 μειοῖ
710 2870 875 2925 αὐτοῦ
914 2870 1013 2942 τὴν
1054 2872 1268 2937 οὐσίαν,
1309 2872 1446 2926 ἀλλά
1486 2874 1587 2943 τῆς
1624 2874 1829 2938 οἰκείας
1863 2893 1968 2945 πη·

374 2962 596 3033 ρώσεως
638 2963 858 3034 ἐκφέρει
911 2945 1108 3034 δεῖγμα
1157 2964 1255 3036 τὴν
1302 2965 1481 3035 ψῆφον
1506 2980 1520 2993 ·
1576 2965 1749 3031 οῦτως
1795 2969 1823 3020 6
1876 2968 1968 3021 τὸν

262 3074 272 3082 ·
372 3054 504 3108 Υἱὺν
548 3054 644 3108 τοῦ
691 3054 826 3108 Θεοῦ
871 3055 948 3126 μὴ
989 3054 1164 3124 λέγων
1205 3056 1369 3120 Υἱὸν,
1416 3056 1551 3110 ἀλλά
1592 3059 1829 3129 κτίσμα.
1868 3059 1964 3130 τῆς

370 3147 581 3211 οἰκείας
617 3147 814 3219 μανίας
847 3148 1070 3219 ἐκφέρει
1103 3147 1400 3214 ἀπόδειξιν,
1431 3151 1460 3203 6
1495 3150 1552 3203 δὲ
1582 3151 1966 3218 ἐπιγινώσκων

372 3239 540 3293 αὑτοῦ
581 3239 680 3310 τὴν
713 3240 925 3303 οὐσίαν,
980 3240 1077 3311 τὴν
1119 3240 1327 3293 οἰκείαν
1374 3228 1795 3313 εὐγνωμοσύνην
1842 3243 1964 3295 ἐπι-

370 3332 683 3386 δείκνυται·
717 3333 809 3385 καὶ
835 3331 959 3385 οὔτε
989 3328 1143 3396 οὗτος
1170 3333 1329 3387 αὑτὸν
1352 3331 1571 3401 ὠφελεῖ,
1606 3333 1729 3387 οὔτε
1760 3336 1966 3398 ἐκεῖνος

371 3420 535 3475 αὑτὸν
558 3421 803 3492 βλάπτει,
833 3422 949 3476 ἀλλ’
975 3422 1003 3474 6
1029 3423 1125 3493 μὲν
1154 3422 1295 3476 κατά
1314 3424 1412 3494 τῆς
1439 3423 1636 3477 ἑαυτοῦ
1666 3426 1961 3496 σωτηρίας,

373 3516 404 3567 6
444 3513 501 3566 δὲ
544 3513 684 3584 ὑπὲρ
728 3514 828 3585 τῆς
866 3514 1062 3569 ἑαυτοῦ
1114 3514 1386 3586 σωτηρίας
1428 3515 1774 3583 ἀγωνίζεται.
1825 3518 1962 3571 Ἀλλ’

373 3605 513 3675 ὅπερ
543 3604 748 3673 ἔλεγον,
802 3604 1289 3676 παραγραφόμενοι
1340 3606 1438 3670 τάς
1486 3606 1728 3678 Γραφάς,
1763 3609 1831 3662 τὰ
1864 3611 1962 3681 μὲν

373 3696 510 3749 ἄλλα
559 3697 987 3770 παρατρέχοντι,
1044 3697 1269 3768 ζητοῦσι
1328 3698 1405 3763 δὲ,
1464 3701 1517 3752 εἴ
1570 3717 1673 3752 που
1729 3701 1945 3773 εὕροιεν

371 3786 569 3858 λῆμμα
611 3787 801 3841 δοκοῦν
855 3807 906 3843 τι
958 3790 1272 3861 συντρέχειν
1319 3791 1500 3843 αὐτῶν
1549 3792 1625 3861 τῷ
1674 3796 1959 3866 νοσήματι.

373 3877 486 3931 Καὶ
529 3880 602 3951 μή
638 3896 728 3949 μοι
756 3878 884 3948 λέγε
922 3881 1004 3933 δτι
1039 3881 1071 3951 ἡ
1105 3881 1295 3952 Γραφὴ
1333 3882 1518 3936 αἰτία·
1549 3883 1731 3955 οὐχὶὴ
1771 3883 1960 3956 Γραφῆ

371 3970 545 4035 αἰτία,
590 3971 704 4024 ἀλλ’
741 3974 774 4042 ἡ
820 3972 1181 4045 ἀγνωμοσύνη
1218 3973 1420 4042 αὐτῶν,
1460 3976 1581 4027 ἐπὶ
1613 3976 1705 4029 καὶ
1742 3977 1801 4030 τὸ
1837 3978 1961 4048 μέλι

372 4062 547 4131 γλυκύ
577 4064 743 4122 ἐστιν,
768 4064 881 4118 ἀλλ’
909 4064 937 4116 6
966 4065 1141 4118 νοσῶν
1173 4065 1369 4137 πικρὸν
1404 4068 1534 4120 αὐτὸ
1562 4070 1773 4139 νομίζει
1796 4086 1810 4100 ·
1844 4070 1959 4123 ἀλλ’

371 4156 434 4208 ού
475 4154 566 4208 τοῦ
606 4156 819 4225 μέλιτος
868 4155 927 4209 τὸ
970 4155 1240 4228 ἔγκλημα,
1277 4158 1412 4211 ἀλλά
1446 4159 1541 4229 τῆς
1580 4160 1891 4233 ἀρρωστίας
1926 4164 1958 4234 ἡ

373 4248 699 4319 κατηγορία.
749 4246 904 4299 υῦτω
939 4248 1032 4301 καὶ
1073 4250 1119 4300 οἱ
1163 4250 1473 4319 μαινόμενοι
1510 4250 1580 4302 τά
1614 4252 1864 4324 ὁρώμενα
1896 4255 1957 4307 οὐ

375 4336 682 4408 βλέπουσιν,
718 4337 831 4390 ἀλλ’
871 4338 931 4390 οὐ
966 4337 1074 4390 τῶν
1104 4339 1396 4410 ὁρωμένων
1431 4338 1490 4394 τὸ
1522 4340 1790 4413 ἔγκλημα,
1824 4344 1961 4399 ἀλλά

371 4426 470 4483 τοῦ
504 4428 827 4499 μαινομένου
858 4430 891 4498 ἡ
928 4428 1296 4501 διεφθαρμένη
1328 4430 1539 4503 γνώμη.
1580 4433 1834 4504 Ἐποίησε
1866 4435 1958 4488 τὸν

372 4520 601 4590 οὐρανὸν
628 4522 657 4574 6
683 4520 835 4584 Θεὸς,
866 4520 954 4573 ἵνα
982 4519 1177 4591 ἴδωμεν
1208 4521 1269 4574 τὸ
1309 4521 1491 4594 ἔργον,
1524 4525 1617 4577 καὶ
1649 4527 1959 4596 προσκυνή-

375 4630 559 4683 σωμεν
593 4611 670 4682 τῷ
694 4612 1041 4684 Δημιουργῷ,
1080 4612 1198 4676 ἀλλ’
1230 4616 1278 4667 οἱ
1306 4615 1567 4688 ’Έλληνες
1603 4616 1958 4690 ἐθεοποίησαν

370 4705 436 4758 τὸ
469 4705 626 4775 ἔργον
651 4721 664 4735 ’
696 4703 811 4757 ἀλλ’
853 4704 915 4757 οὺ
952 4704 1014 4758 τὸ
1057 4704 1218 4777 ἔργον
1264 4706 1455 4769 αἴτιον,
1495 4708 1609 4761 ἀλλ’
1657 4710 1689 4779 ἡ
1734 4710 1958 4763 ἐκείνων

372 4797 735 4870 ἀγνωμοσύνη
765 4815 779 4829 ·
813 4798 909 4851 καὶ
943 4797 1132 4869 ὥσπερ
1163 4801 1191 4853 6
1225 4800 1323 4871 μὲν
1348 4800 1618 4871 ἀγνώμων
1654 4804 1783 4874 παρ’
1810 4804 1959 4857 οὐδε-

371 4889 465 4952 νὸς
494 4888 800 4957 ὠφελεῖται,
842 4888 1015 4953 οὕτως
1057 4890 1085 4941 6
1124 4888 1423 4961 εὐγνώμων
1462 4890 1557 4969 καὶ
1598 4892 1727 4962 παρ’
1761 4894 1956 4947 ἑαυτοῦ

371 4978 682 5048 ὠφελεῖται.
725 4979 790 5031 Τί
821 4979 913 5032 τοῦ
943 4978 1177 5050 Χριστοῦ
1207 4980 1351 5045 ῑσον;
1391 4980 1488 5035 καὶ
1516 4981 1616 5035 ούκ
1645 4982 1898 5054 ὠφελήθη
1928 4985 1957 5034 ὁ

384 5068 602 5132 Ἰούδας.
639 5068 703 5121 Τί
734 5067 825 5121 τοῦ
856 5066 1099 5121 διαϐόλου
1131 5069 1523 5142 πονηρότερον;
1580 5072 1675 5125 καὶ
1727 5074 1957 5139 ἐστεφα-

371 5160 520 5230 νώθη
549 5163 577 5214 6
600 5158 721 5213 ’1ώὸ
750 5176 763 5190 ⁸
804 5160 895 5213 καὶ¹
927 5158 1051 5212 οὔτε
1089 5161 1179 5212 τὸν
1222 5160 1420 5214 Ἰούδαν
1450 5162 1731 5232 ὠφέλησεν
1762 5166 1789 5218 6
1822 5165 1865 5216 Χ
1875 5182 1956 5236 ρι-

372 5252 518 5316 στὸς,
572 5252 759 5323 ἐπειδὴ
808 5250 1079 5321 ἀγνώμων
1111 5248 1200 5324 ἦν,
1241 5254 1364 5307 οῦτε
1415 5258 1505 5309 τὸν
1554 5257 1672 5310 Ἰὼϐ
1722 5257 1954 5328 ἔϐλαψεν

373 5350 404 5404 ὁ
460 5347 734 5412 διάϐολος,
795 5345 982 5415 ἐπειδὴ
1042 5345 1336 5416 εὐγνώμων
1390 5344 1479 5418 ἦν.
1540 5350 1721 5402 Ταῦτα
1774 5350 1951 5419 λέγω,

375 5440 462 5494 ίνα
508 5440 693 5511 μηδεὶς
743 5437 841 5498 τάς
887 5435 1109 5507 Γραφάς
1141 5437 1420 5509 διαϐάλλῃ,
1467 5441 1603 5496 ἀλλά
1650 5442 1747 5514 τὴν
1777 5444 1954 5511 ἀγνω-

378 5529 617 5600 μοσύνην
648 5528 756 5581 τῶν
789 5526 857 5580 τά
888 5525 1065 5588 καλῶς
1098 5526 1365 5596 εἰρημένα
1400 5528 1586 5593 κακῶς
1624 5529 1951 5600 ὲρμηνευόν-

375 5635 503 5672 των.
550 5618 663 5673 Καὶ
702 5617 809 5689 γὰρ
849 5619 877 5671 6
918 5615 1158 5679 διάϐολος
1205 5618 1313 5670 ἀπὸ
1347 5619 1389 5672 Γ
1395 5620 1580 5691 ραφῶν
1613 5621 1690 5692 τῷ
1732 5621 1953 5693 Χριστῷ

374 5708 664 5779 διελέγετο.

460 5800 602 5855 Ἀλλ’
636 5802 732 5871 οὐχ
778 5804 812 5873 ἡ
856 5802 1044 5872 Γραφὴ
1080 5803 1246 5865 αἰτία,
1297 5804 1408 5857 ἀλλ’
1462 5805 1494 5873 ἡ
1539 5804 1745 5857 διάνοια
1794 5807 1826 5873 ἡ
1879 5806 1947 5859 τὰ

692 5889 959 5950 ΡΔτιιοι..
1006 5891 1127 5952 Gn.
1168 5893 1237 5954 Ι..

1527 374 1596 429 ΙΝ
1644 375 1704 431 S.
1748 367 2028 429 PHOCMI
2090 368 2499 427 MARTYREM.

3576 356 3685 441 τοιΔ

2084 484 2265 549 καλῶς
2291 484 2555 558 εἰρημένα
2586 484 2770 548 κακῶς
2822 487 3218 557 ἑρμηνεύουσα.
3264 486 3521 553 Θέλοντες
3560 504 3669 559 γαρ

2081 576 2247 643 δεῖξαι
2289 577 2378 630 τὸν
2418 576 2545 629 Υίὸν
2578 575 2835 631 ἐλάττονα
2875 577 2968 631 τοῦ
3009 579 3242 649 Πατρδς,
3287 578 3675 652 περιέρχονται

2084 668 2322 738 ὀνόματα
2357 668 2484 735 ξένα
2530 667 3037 738 περιεργαζόμενοι,
3071 670 3166 723 καὶ¹
3192 669 3440 738 λέγουσιν
3484 672 3562 734 είς
3583 672 3670 734 τὸ,

2092 754 2239 820 Θεὸς
2268 754 2364 811 καὶ
2390 755 2624 823 Κύριος,
2653 754 2729 819 ώς
2758 756 2786 807 6
2826 757 3017 827 Πατὴρ
3045 757 3199 821 Θεὸς.
3246 760 3274 813 6
3313 759 3370 812 δὲ
3400 760 3525 824 Υἱὸς
3559 762 3670 815 Κύ-

2084 863 2219 917 ριος,
2274 847 2369 899 καὶ
2410 846 2679 919 διαιροῦσι
2723 847 2792 902 τὰ
2841 849 3100 918 ὀνόματα,
3153 850 3248 904 καὶ
3301 852 3671 923 προσνέμουσι

2079 937 2141 990 τὺ
2188 939 2286 1008 μὲν
2335 939 2478 1005 Θεὸς
2508 939 2586 1010 τῷ
2618 939 2812 1012 Πατρὶ,
2850 941 2910 993 τὸ
2947 941 3002 994 δὲ
3046 943 3258 1011 Κύριος
3291 943 3370 1014 τῷ
3427 946 3565 1019 Υίιῖι,
3593 946 3671 1008 ώς

2076 1030 2343 1101 διαιρέται
2375 1031 2525 1095 ὄντες
2561 1032 2661 1102 τῆς
2704 1032 2957 1101 θεότητος
2995 1034 3089 1086 καὶ
3121 1033 3460 1106 κληροδόται.
3506 1037 3669 1103 Λέγει

2075 1118 2154 1189 τῷ
2178 1119 2291 1189 Υἱῷ
2319 1121 2377 1173 τὸ
2406 1122 2621 1190 Κύριος
2658 1124 2691 1193 ἡ
2721 1122 2943 1193 Γραφή;
2988 1124 3162 1177 ταῦτα
3192 1124 3339 1194 λέγει
3367 1142 3380 1191 ;
3414 1125 3537 1189 Πῶς
3570 1128 3671 1180 οὐκ

2076 1194 2319 1282 ἡκούσας
2358 1211 2450 1266 τοῦ
2502 1213 2719 1284 ψαλμοῦ
2770 1216 2908 1287 πρὸς
2957 1211 3019 1268 ἓν
3078 1217 3368 1288 πρόσωπον
3418 1217 3671 1287 λέγοντος

2078 1301 2338 1376 σήμερον,
2367 1305 2542 1373 Φωνῇ
2563 1323 2682 1375 μου
2716 1306 2863 1374 πρὸς
2896 1309 3117 1376 Κύριον
3152 1308 3465 1379 ἐκέκραξα,
3498 1308 3669 1380 φωνῇ

2070 1414 2191 1466 μου
2229 1396 2379 1463 πρὸς
2415 1396 2525 1450 τὸν
2569 1397 2716 1451 Θεὸν
2750 1394 3042 1467 ἐδεήθην;
3081 1397 3291 1454 Οὐκοῦν
3332 1401 3428 1455 καὶ
3460 1400 3666 1473 Κύριον

2076 1487 2171 1541 καὶ
2220 1487 2352 1542 Θεὸν
2404 1487 2564 1541 αὐτὸν
2599 1484 2876 1559 ὀνομάζει.
2915 1489 3048 1542 Τίνα
3089 1489 3266 1558 βούλει
3308 1489 3441 1545 Θεὸν
3498 1486 3663 1553 εἶναι.

2072 1579 2164 1633 τὸν
2192 1578 2339 1643 Υἰὺν,
2373 1579 2405 1651 ἢ
2445 1578 2538 1633 τὸν
2572 1580 2833 1651 Πατέρας
2878 1580 3103 1643 Πάντως
3138 1580 3229 1634 τὸν
3263 1582 3484 1654 Πατέρα
3519 1583 3666 1652 ἐρεῖς

2073 1673 2141 1727 τὰ
2160 1675 2399 1745 ὀνόματα
2427 1674 2621 1729 ταῦτα.
2653 1676 2865 1730 Οὐκοῦν
2886 1676 3021 1740 Θεὸς
3048 1679 3076 1729 6
3107 1677 3251 1742 Υἱὸς,
3287 1678 3383 1729 καὶ
3402 1675 3607 1749 Κύριος
3637 1678 3667 1729 6

2073 1766 2287 1836 Πατήρ.
2319 1766 2386 1818 Τί
2416 1762 2510 1821 οῦν
2542 1766 2769 1838 ὖιαιρεῖς
2807 1767 2876 1821 τά
2909 1758 3171 1840 ὀνόματα,
3200 1769 3297 1821 καὶ
3330 1768 3392 1822 τὸ
3426 1768 3525 1839 μὲν
3551 1771 3671 1822 ἐκεῖ

2073 1860 2451 1929 προσρίπτεις,
2516 1859 2577 1913 τὸ
2654 1859 2712 1912 δὲ
2786 1860 3023 1914 ἐνταῦθα
3103 1860 3369 1931 διαιρεῖς;
3457 1861 3570 1914 Καὶ
3641 1861 3671 1911 6

2073 1952 2286 2017 Παῦλος
2316 1953 2370 2006 δὲ
2403 1952 2547 2022 λέγει
2578 1953 2722 2021 (είθε
2756 1953 2953 2024 ἤκουες
2999 1952 3237 2017 Παύλου,
3270 1953 3365 2006 καὶ
3398 1952 3671 2024 μακάριος

2071 2042 2207 2117 ἦς)·
2272 2045 2432 2100 Ἀλλ’
2485 2045 2630 2114 ἡμῖν
2681 2041 2769 2111 εἷς
2819 2045 2965 2112 Θεὸς
3019 2049 3052 2099 ό
3103 2043 3306 2115 Πατὴρ
3355 2044 3425 2110 ἐξ
3474 2039 3547 2101 οὗ
3598 2045 3671 2100 τὰ

2072 2137 2289 2202 πάντα,
2318 2136 2415 2191 καὶ
2444 2132 2531 2202 εἵς
2563 2138 2777 2205 Κύριος
2816 2137 3054 2205 Ἰησοῦς
3088 2139 3364 2205 Χριστὸς,
3390 2136 3465 2191 δι’
3488 2132 3561 2193 οὗ
3596 2139 3673 2193 τὰ

2071 2229 2285 2285 πάντα.
2310 2228 2396 2301 Μὴ
2424 2229 2651 2284 ἐκάλεσε
2684 2230 2774 2284 τὸν
2801 2230 2927 2283 Υἱὸν
2952 2229 3083 2283 Θεὸν
3108 2248 3122 2296 ;
3153 2229 3290 2283 ἀλλά
3319 2230 3402 2293 τίς
3438 2226 3664 2302 Κύριον.

2072 2320 2137 2373 Τί
2180 2321 2307 2392 γὰρ,
2352 2322 2472 2376 εἰπέ
2518 2339 2628 2393 μοι,
2662 2321 2722 2375 τὸ
2754 2321 2897 2387 Θεὸς
2938 2322 3264 2392 σεμνότερον
3293 2317 3389 2377 τοῦ
3425 2323 3665 2390 Κύριος.

2072 2414 2166 2468 καὶ
2206 2414 2267 2466 τὸ
2294 2416 2507 2483 Κύριος
2548 2415 2769 2469 ἔλαττον
2809 2415 2901 2467 τοῦ
2935 2415 3114 2480 Θεός;
3151 2414 3300 2487 [709]
3345 2412 3665 2467 Συντείνατε

2070 2504 2317 2569 ἑαυτοὺς,
2350 2506 2673 2577 παρακαλῶ,
2707 2505 2846 2577 μετά
2880 2507 3162 2577 ἀκριϐείας
3188 2519 3202 2533 ⁸
3235 2507 3330 2560 ἐὰν
3359 2501 3452 2559 οὖν
3482 2503 3686 2569 δείξω,·

2068 2594 2150 2647 ὅτι
2174 2595 2232 2648 ’έν
2260 2596 2375 2648 ὲστι
2404 2596 2464 2648 τὸ
2490 2597 2699 2663 Κύριος
2733 2596 2825 2649 καὶ
2853 2595 2914 2648 τὸ
2934 2596 3103 2662 Θεὸς,
3134 2595 3186 2648 τί
3217 2595 3432 2663 λέγειςς
3469 2594 3665 2662 Δέγεις

2068 2685 2128 2739 τὸ
2162 2686 2306 2752 Θεὸς
2337 2688 2541 2757 μεῖζον,
2572 2688 2632 2741 τὸ
2652 2686 2709 2741 δὲ
2733 2689 2951 2755 Κύριος
2980 2688 3234 2753 ἕλαττονς
3269 2686 3534 2740 ’Ἄκουσον
3567 2683 3662 2738 τοῦ

2068 2778 2349 2847 προφήτου
2382 2775 2631 2845 λέγοντος
2663 2792 2677 2806 ο
2714 2772 2907 2841 Οὗτος
2953 2777 3169 2844 Κύριος
3199 2778 3232 2829 ὁ
3261 2774 3524 2842 ποιήσας
3555 2772 3665 2827 τὸν

2067 2868 2329 2935 οὐρανόν
2353 2885 2366 2899 ·
2401 2864 2581 2934 οὗτος
2615 2867 2759 2935 Θεὸς
2787 2872 2820 2922 ό
2858 2866 3327 2934 κατασκευάσας
3355 2868 3471 2934 τὴν
3503 2864 3622 2935 γῆν
3644 2881 3660 2896 ·

2068 2960 2274 3032 Κύριος
2326 2960 2417 3014 τὸν
2464 2960 2712 3033 οὐρανὸν,
2772 2963 2867 3014 καὶ
2921 2962 2949 3013 ὁ
2994 2959 3126 3024 Θεὸς
3173 2959 3272 3031 τὴν
3322 2962 3464 3030 γῆν·
3508 2953 3663 3022 οὗτος

2066 3053 2159 3104 ἐπὶ
2191 3051 2282 3104 τοῦ
2315 3051 2479 3127 αὐτοῦ
2514 3051 2805 3122 προσώπου
2838 3051 2929 3105 καὶ
2959 3051 3020 3104 τὸ
3049 3053 3265 3118 Κύριος
3301 3050 3398 3103 καὶ
3433 3050 3495 3103 τὸ
3518 3048 3663 3115 Θεὸς

2065 3144 2297 3197 τέθεικε.
2336 3143 2446 3195 Καὶ
2479 3142 2660 3196 πάλιν
2700 3144 2937 3205 Ἄκουε,
2975 3142 3243 3210 Ἰσραὴλ.
3275 3144 3487 3209 Κύριος
3515 3141 3661 3207 Θεός

2066 3252 2203 3296 σου,
2223 3236 2435 3303 Κύριος
2450 3229 2537 3300 εἷς
2558 3235 2712 3289 ἐστι.
2744 3235 3007 3305 Δεύτερον
3040 3234 3100 3287 τὸ
3126 3235 3361 3302 Κύριος,
3390 3233 3484 3286 καὶ
3512 3233 3659 3299 ἅπαξ

2068 3328 2126 3381 τὸ
2158 3328 2299 3391 Θίός
2321 3343 2335 3356 ⁸
2369 3328 2464 3379 καὶ
2510 3326 2726 3398 πρῶτον
2757 3327 2816 3380 τὸ
2846 3328 3078 3394 Κύριος,
3110 3326 3202 3379 καὶ
3231 3326 3353 3378 τότε
3398 3325 3458 3379 τὸ
3488 3325 3654 3391 Θεὸς,

2068 3422 2161 3474 καὶ
2211 3418 2375 3472 πάλιν
2425 3419 2486 3471 τὸ
2537 3420 2773 3487 Κύριος.
2818 3420 2881 3473 Εἰ
2934 3419 2990 3471 δὲ
3026 3417 3184 3473 τοῦτο
3211 3418 3657 3489 καταδεέστερον.

2064 3515 2241 3566 ἐκεῖνο
2271 3513 2328 3566 δὲ
2369 3512 2575 3583 μεῖζον,
2616 3514 2716 3566 ούκ
2749 3513 2842 3566 ἐπὶ
2869 3513 3113 3585 μεγάλης
3157 3513 3343 3577 οὐσίας
3394 3514 3485 3567 καὶ
3537 3511 3657 3584 μεί-

2064 3605 2217 3670 ζονος
2245 3606 2339 3659 τοῦ
2370 3606 2528 3674 λόγου
2574 3606 2636 3658 τὸ
2670 3605 2889 3663 ἔλαττον
2917 3606 3129 3659 τέθεικε
3158 3606 3395 3677 πρῶτον,
3428 3605 3566 3671 ἀλλά
3593 3606 3657 3658 τὸ

2066 3698 2250 3769 μεῖζον
2297 3696 2467 3752 εἰπὼν
2514 3697 2781 3772 ἠρκέσθη,
2819 3698 2913 3752 καὶ
2962 3698 3063 3752 οὐκ
3102 3698 3168 3752 ἂν
3224 3698 3557 3770 προσέρριψε
3594 3699 3657 3752 τὸ

2065 3788 2307 3841 ἔλαττον.
2338 3783 2487 3858 τΑρα.
2527 3788 2794 3858 συνήκατε
2850 3786 2878 3840 ὃ
2930 3785 3119 3853 εἷπον;
3160 3787 3328 3841 Πάλιν
3372 3788 3611 3841 παιδεύω
3636 3805 3652 3820 ο

2062 3876 2121 3929 ού
2150 3877 2259 3948 γὰρ
2290 3876 2516 3947 θέατρόν
2544 3876 2660 3928 ἐστι
2686 3876 2821 3947 πρὸς
2846 3876 3133 3943 ἐπίδειξιν,
3173 3876 3308 3930 ἀλλά
3336 3876 3655 3931 διδασκαλία

2064 3965 2199 4037 πρὸς
2232 3964 2545 4030 κατάνυξιν,
2580 3966 2681 4034 οὐχ
2719 3965 2807 4019 ἵνα
2845 3965 3033 4019 ἄοπλοι
3080 3964 3373 4037 ἀπέλθητε,
3416 3966 3529 4019 ἀλλ’
3568 3968 3656 4021 ἵνα

2059 4052 2404 4115 ὁπλισθέντες
2435 4052 2853 4122 ἁναχωρήσητε.
2876 4052 2948 4105 T6
2981 4051 3127 4119 Θεὸς
3154 4051 3352 4119 λέγεις,
3385 4052 3651 4126 αίρετικὲ.

2064 4140 2266 4208 μεῖζον,
2329 4140 2421 4191 καὶ
2469 4138 2529 4190 τὸ
2576 4141 2788 4207 Κύριος
2842 4139 3104 4205 {lat-:01;
3159 4140 3378 4206 Ἔδειξά
3428 4158 3509 4193 σοι
3562 4142 3653 4193 τὸν

2062 4231 2345 4301 προφήτην
2367 4229 2594 4297 λέγοντα
2614 4246 2626 4258 ·
2654 4230 2871 4296 Κύριος
2893 4233 2926 4284 ό
2952 4227 3212 4298 ποιήσας
3238 4230 3344 4284 τὸν
3370 4230 3648 4299 οἰιρανὸν,

2066 4317 2213 4383 Θεὸς
2249 4322 2280 4371 ό
2310 4316 2773 4384 κατασκευάσας
2803 4316 2918 4385 τὴν
2952 4316 3089 4388 γῆν.
3123 4319 3383 4389 Δείκνυμί
3425 4334 3505 4372 σοι
3545 4320 3651 4372 πά.-

2060 4406 2143 4457 λιν
2181 4405 2273 4458 τὸν
2313 4405 2516 4459 Μωσέα
2558 4404 2783 4473 λέγοντα
2810 4424 2824 4438 ο
2857 4407 3091 4467 Ἀκουε,
3142 4407 3410 4474 Ἰσραὴλ,
3438 4408 3650 4474 Κύριος

2063 4497 2096 4547 ό
2133 4494 2275 4559 Θεός
2315 4507 2452 4557 σου,
2480 4494 2695 4560 Κύριος
2725 4489 2811 4561 εἷς
2841 4494 2991 4549 ἐστι.
3042 4495 3167 4558 Πῶς
3197 4494 3297 4558 εἷς,
3341 4496 3388 4547 εί
3419 4494 3512 4547 δύο
3542 4496 3647 4548 εἰσὶ

2059 4581 2127 4634 τὰ
2154 4581 2413 4651 ὀνόματα,
2438 4579 2498 4633 16
2526 4582 2621 4651 μὲν
2644 4581 2946 4644 ἐλάττονος,
2978 4580 3036 4634 τὸ
3064 4581 3117 4634 δὲ
3153 4581 3391 4651 μείζονος
3423 4581 3643 4647 ούσίας;

2059 4670 2134 4722 Ού
2167 4670 2273 4738 γὰρ
2302 4668 2364 4737 δὴ
2398 4670 2430 4738 ἡ
2460 4668 2619 4720 οὐσία
2651 4669 2852 4736 μείζων
2883 4670 3083 4738 ἑαυτῆς
3112 4669 3204 4722 καὶ⁸
3242 4669 3495 4725 ἐλάττων,
3530 4671 3645 4723 ἀλλ’

2060 4756 2147 4827 ἴση
2176 4756 2270 4809 καὶ
2298 4755 2617 4824 συνημμένη
2645 4755 2878 4822 ’Κύριος
2916 4758 2949 4808 0'
2977 4754 3122 4821 Θεός
3149 4770 3284 4822 σου,
3320 4756 3531 4823 Κύριος
3556 4751 3645 4823 εἷς

2056 4843 2187 4897 ἐστι
2213 4860 2224 4870 ·
2260 4842 2352 4895 καὶ
2378 4840 2606 4895 δεικνύω
2635 4858 2737 4903 σοι,
2768 4842 2848 4894 ὅτι
2874 4841 2935 4894 τὸ
2958 4842 3128 4909 ὄνομα
3148 4841 3207 4895 τὸ
3232 4844 3468 4911 Κύριος,
3486 4843 3645 4899 τοῦτό

2057 4935 2172 4985 ἐστι
2212 4934 2355 4997 Θεός
2379 4947 2392 4960 ·
2424 4930 2562 4993 ὅλως
2581 4930 2656 4994 δὲ,
2682 4931 2730 4982 εί
2764 4930 3186 5001 καταδεέστερον
3220 4930 3279 4985 τὸ
3315 4934 3547 5000 Κύριος,
3582 4934 3644 4987 τὺ

2055 5020 2110 5072 δὲ
2134 5019 2278 5084 Θεὸς
2312 5017 2514 5090 μεῖζον,
2546 5020 2695 5071 ποῖον
2721 5016 2950 5086 ὤφειλεν
2981 5017 3145 5070 αὑτοῦ
3172 5018 3342 5089 ὄνομα
3367 5016 3539 5083 εἷναις
3570 5022 3641 5073 Τὸ

2055 5110 2272 5177 Κύριος
2313 5107 2375 5161 τὸ
2421 5106 2761 5178 μικρότερον.
2812 5106 2844 5177 ἢ
2889 5107 2948 5160 τὸ
2983 5107 3126 5174 Θεὸς
3147 5108 3205 5161 τὸ
3255 5109 3469 5179 μεῖζον;
3512 5110 3639 5163 Ἐὰν

2056 5180 2230 5269 εἴη’·
2280 5197 2439 5249 Ποῖον
2497 5194 2669 5266 ὄνομά
2720 5214 2858 5265 μου;
2906 5196 2957 5248 τί
3004 5197 3203 5263 λέγεις,
3259 5192 3303 5250 ὦ
3354 5184 3634 5269 αἱρετικές

2053 5283 2231 5353 λέγεις
2275 5284 2355 5336 ὅτι
2404 5281 2465 5336 τὺ
2496 5284 2708 5351 Κύριος
2733 5284 2826 5336 τοῦ
2862 5280 3012 5347 Υἱοῦ,
3044 5286 3104 5339 τὸ
3136 5285 3191 5338 δὲ
3225 5286 3367 5351 Θεὸς
3398 5284 3490 5338 τοῦ
3519 5286 3635 5338 Πα-

2052 5372 2199 5443 τρὸς,
2239 5369 2314 5433 ὡς
2353 5371 2677 5443 οἰκειότερον
2704 5388 2717 5435 ;
2758 5371 2883 5423 Ἑάν
2916 5369 3010 5425 οὖν
3039 5388 3118 5424 σοι
3139 5371 3297 5436 δείξω
3331 5371 3391 5424 τὸ
3420 5373 3637 5440 Κύριος

2051 5459 2113 5512 τὸ
2147 5458 2341 5529 μικρὸν
2365 5459 2722 5529 γνωριστικδν
2748 5456 2936 5521 αὑτοῦ,
2977 5459 3031 5510 τί
3066 5458 3267 5523 ποιεῖς;
3297 5455 3637 5513 Γνώτωσην

2051 5547 2140 5601 ὅτι
2168 5547 2356 5616 ὄνομά
2378 5561 2478 5600 σοι
2504 5549 2741 5616 Κύριος,
2770 5552 2799 5603 6
2833 5549 3113 5619 προφήτης
3139 5547 3322 5614 λέγει’
3359 5548 3436 5620 μὴ
3471 5544 3590 5604 εἷπε
3619 5569 3632 5581 ·

2056 5633 2221 5697 Θεός;
2260 5634 2455 5687 Καίτοι
2492 5635 2539 5686 εί
2564 5634 2745 5705 μεῖζον
2782 5634 2842 5688 τὺ
2871 5635 3034 5700 Θεὸς,
3075 5633 3164 5687 διὰ
3199 5635 3251 5688 τί
3293 5636 3394 5689 οὐκ
3424 5632 3576 5691 εἶπεν
3606 5639 3634 5689 6

2052 5721 2355 5791 προφήτης,
2409 5720 2705 5775 Γνώτωσαν
2757 5722 2839 5775 ὃτι
2883 5720 3056 5793 ὄνομά
3099 5738 3181 5775 σοι
3222 5722 3389 5788 Θεός;
3425 5724 3487 5777 El
3523 5724 3631 5795 γὰρ

2052 5810 2110 5860 τὸ
2148 5808 2243 5879 μὲν
2271 5810 2400 5863 ἴδιον
2438 5809 2601 5863 αὑτοῦ
2638 5810 2727 5863 καὶ
2755 5812 2949 5863 οἰκεῖον
2985 5810 3043 5863 τὸ
3072 5811 3235 5876 Θεὸς,
3266 5812 3543 5882 ἀλλότριον
3581 5816 3633 5869 δὲ

3264 5901 3338 5959 19
