4088 6480
293 583 571 646 Minus,
594 578 829 636 alienum
853 576 923 632 ab
945 591 1012 633 eo
1042 578 1309 647 tamquam
1341 574 1582 640 inferius,
1596 588 1699 631 cur
1716 573 1870 640 dixit,-

292 676 602 746 Gognotcaut
642 673 760 743 quia
800 686 984 726 mrsu
1025 670 1115 725 tibi
1159 669 1427 734 Dominus,
1454 667 1583 723 illud
1613 676 1872 736 partum,

292 768 465 823 mitius)
488 804 504 829 ,
537 773 604 821 et
626 762 853 821 inferius
877 764 1100 819 numine
1125 777 1191 819 ae
1217 761 1474 833 dignitate
1499 779 1517 817 :
1547 764 1721 832 neque
1745 759 1876 815 dicit

292 856 420 913 illud
450 871 697 927 magnum
720 857 776 911 et
796 855 1058 918 sublime,
1103 853 1244 925 quod
1274 853 1492 925 dignam
1518 862 1601 909 est
1623 852 1876 908 substan-

293 947 394 1003 tia?
421 946 578 1019 Atqui
604 954 663 1002 ut
688 946 951 1017 intelligas
976 944 1078 1002 hoc
1105 953 1325 1016 parvum
1353 959 1461 1000 non
1486 958 1633 1007 esse,
1660 950 1759 999 nec
1782 944 1877 999 de-

291 1041 450 1098 terius
477 1078 493 1106 ,
523 1039 619 1096 sed
647 1041 893 1096 eamdem
922 1055 1029 1095 vnn
1054 1038 1286 1106 habere,-
1316 1038 1654 1110 Cognoscant,
1683 1036 1875 1108 inquit,

288 1132 404 1200 quia
447 1147 629 1186 nomen
669 1130 760 1185 tibi
801 1129 1051 1187 Domina:
1082 1147 1103 1185 :
1143 1139 1199 1185 tu
1239 1128 1378 1186 solus
1413 1129 1686 1185 altissimus
1728 1126 1880 1199 super

289 1238 486 1276 onmem
512 1231 721 1277 terram.

355 1316 412 1370 4.
432 1315 502 1369 At
529 1315 764 1370 nondum
788 1328 820 1369 ιι
838 1328 1014 1385 pugna
1034 1312 1284 1379 discedis,
1306 1314 1400 1370 sed
1425 1314 1506 1370 ais
1525 1324 1713 1369 rursus
1741 1312 1879 1369 Deut

287 1404 460 1475 majus
487 1419 629 1471 esse,
656 1402 909 1459 Dominus
932 1412 1111 1460 autem
1140 1406 1334 1460 minus.
1370 1404 1427 1461 Si
1458 1403 1655 1460 Filium
1684 1404 1874 1474 majori

290 1498 504 1551 nomine
541 1495 865 1566 appellatum
896 1495 1219 1561 indicavero,
1259 1495 1387 1566 quid
1413 1495 1595 1550 dices?
1619 1506 1745 1549 num
1778 1508 1879 1564 pu—

283 1601 441 1658 gnam
481 1584 671 1641 liuies?
700 1601 825 1641 num
846 1600 879 1642 a
904 1587 1245 1642 contentione
1272 1586 1533 1643 desistas?
1573 1601 1701 1642 num
1728 1593 1880 1642 tuam

287 1678 515 1733 salutem
543 1678 838 1748 agnosces?
866 1693 993 1733 num
1017 1678 1086 1734 ah
1107 1679 1307 1733 insania
1330 1679 1590 1735 recedes?
1613 1679 1880 1735 intellexi-

288 1770 391 1834 sti,
434 1768 565 1840 quid
608 1768 870 1824 dixerim?
918 1769 1345 1840 quandoquidem
1393 1785 1589 1825 nomen
1632 1769 1881 1825 Damimts

290 1859 424 1915 Filio
456 1860 730 1928 tribuunt,
756 1858 899 1915 Deus
922 1870 1101 1917 autem
1131 1861 1274 1916 Patri
1305 1868 1364 1916 ut
1400 1863 1592 1932 majus.
1637 1861 1882 1932 Sligitur

290 1951 477 2022 majori
519 1952 738 2007 nomine
777 1951 969 2007 Filium
998 1954 1324 2024 appellatum
1353 1953 1678 2017 indicavero,
1706 1962 1880 2026 pngna

286 2041 531 2098 confecta
559 2051 643 2098 est
672 2060 686 2099 :
714 2045 819 2098 tuis
843 2044 984 2099 enim
1005 2045 1173 2099 armis
1205 2054 1256 2101 te
1283 2044 1495 2116 subigo,
1513 2046 1726 2116 tuisque
1752 2052 1882 2116 pen-

290 2135 372 2189 uis
398 2143 448 2191 te
480 2150 697 2206 supero.
726 2134 808 2191 Tu
836 2136 1015 2193 dixisti
1044 2138 1178 2192 Deus
1205 2138 1401 2209 majus,
1427 2134 1678 2194 Bantinos
1702 2131 1881 2196 autem

291 2226 465 2282 minus
512 2242 635 2283 esse
672 2242 868 2283 nomen
900 2228 1308 2285 :demonstt‘arc
1345 2230 1469 2285 volo
1514 2230 1689 2285 minus
1739 2231 1882 2286 Patri

286 2333 394 2375 non
433 2314 777 2384 convenisse,
811 2320 857 2376 si
906 2321 1076 2390 major
1120 2325 1256 2389 erat,
1287 2331 1344 2377 et
1385 2322 1556 2392 nntius
1596 2323 1734 2377 Filio
1775 2332 1881 2378 neu

288 2412 630 2477 convenisse,
659 2411 706 2466 si
732 2411 901 2467 Filius
925 2413 1102 2468 minor
1129 2422 1263 2469 erat.
1295 2414 1432 2468 Audi
1457 2413 1765 2484 prophetam
1795 2413 1880 2467 di-

284 2511 521 2567 centem,
557 2501 656 2556 llic
685 2512 757 2558 est
781 2502 917 2558 Deus
947 2514 1116 2559 noster
1141 2522 1160 2559 :
1176 2523 1285 2559 non
1305 2506 1638 2561 mstinmbilar
1655 2507 1788 2561 attat
1815 2507 1884 2560 ad

291 2608 400 2647 eum
422 2610 441 2649 :
460 2594 723 2649 adiurauit
742 2611 941 2650 omnem
965 2597 1094 2650 viam
1119 2598 1344 2652 scientia
1365 2613 1385 2652 :
1409 2590 1523 2670 post
1541 2598 1648 2653 Im
1666 2600 1717 2653 in
1738 2599 1885 2653 terris

285 2684 415 2743 risus
443 2695 547 2764 est,
570 2695 617 2739 et
640 2703 756 2741 cum
776 2686 1062 2743 hominibus
1080 2698 1402 2744 corwcrsatus
1427 2700 1498 2745 est
1523 2689 1672 2764 (Bar.
1700 2689 1754 2747 3.
1780 2691 1884 2748 36-

285 2762 590 2857 58)._Quid
636 2777 702 2833 ad
748 2779 850 2833 hoc
897 2780 1229 2849 respondes?
1279 2797 1403 2836 ηιιιη
1434 2762 1881 2838 ιιιένοτιήςοοιι-

287 2862 539 2924 tradicis?
585 2870 652 2922 At
681 2884 786 2923 non
816 2877 965 2940 potes
998 2888 1010 2922 :
1044 2872 1239 2926 veritas
1262 2872 1406 2927 enim
1433 2882 1731 2944 permanet,
1759 2889 1879 2945 qua:

291 2961 631 3029 Splendorem
656 2977 810 3017 suum
839 2963 1052 3029 emittit,
1086 2971 1140 3018 et
1165 2964 1347 3020 oculos
1368 2964 1741 3021 haereticorum
1761 2978 1911 3021 cre-~

284 3051 412 3107 dere
467 3055 571 3123 ipsi
629 3055 991 3111 recusantium
1043 3067 1303 3113 exemeat.
1351 3058 1685 3131 Quamquam
1725 3059 1884 3130 longa

688 3286 691 3289 ,
772 3282 816 3321 Γ,
1098 3282 1103 3285 _

1991 3289 2657 3317 “mg—“*—

1991 3312 2015 3317 _
2022 3308 2103 3318 -—‘-
2452 3307 2657 3315 ——-—--o

1471 472 1563 539 ut:
1600 460 1884 539 smmis
1923 466 2390 541 MARTYRIBUS.

3444 486 3558 540 Ἶυίἱ

1981 585 2106 630 sunt
2144 575 2473 642 certamina,
2506 574 2559 632 e't
2588 575 2785 632 manus
2830 582 2912 633 δεῖ
2950 574 3113 633 ωειυέ
3142 595 3159 634 :
3190 577 3363 652 major
3390 592 3570 641 tamen

1983 676 2066 722 est
2116 668 2322 736 oratio,
2365 664 2525 740 atque
2577 667 2913 724 incommoda
2963 672 3180 741 Superat
3231 668 3570 738 auditohnu,

1982 760 2277 830 instantque
2318 758 2524 831 mitigat
2565 757 2689 817 rore
2735 752 2994 817 doctrinm
3025 779 3040 817 :
3067 771 3124 819 et
3161 764 3375 834 quando
3401 772 3573 823 semet

1983 852 2075 906 aut
2120 853 2313 907 iterum
2358 853 2411 907 in
2457 846 2786 909 semensas
2828 852 3238 925 ebiigregamur,
3271 846 3570 913 auditorem

1984 942 2338 1014 negligentem
2365 940 2485 1000 esse
2510 957 2620 999 non
2645 944 2876 1015 oportet.
2926 945 2982 1001 Si
3017 945 3162 1001 enim
3201 944 3267 1002 ex
3309 944 3412 1003 hoc
3454 931 3572 1002 loco

1983 1037 2304 1101 excesseris,
2329 1051 2394 1092 ac
2409 1035 2604 1093 dixerit
2628 1034 2887 1108 quispiam
2911 1056 2925 1094 :
2946 1040 3060 1105 Qua
3081 1037 3150 1095 de
3174 1033 3232 1095 ie
3254 1038 3445 1095 doctor
3460 1039 3581 1095 dis—

1983 1128 2190 1184 86ruit?
2212 1128 2483 1198 subjieies,
2514 1127 2782 1185 Adversus
2818 1126 3138 1186 hmreticos:
3169 1130 3217 1187 Si
3240 1130 3433 1187 dixerit
3454 1130 3571 1198 tibi,

1983 1220 2097 1288 Qua
2126 1221 2194 1277 de
2223 1237 2282 1276 re
2301 1222 2447 1293 egit?
2472 1236 2645 1293 neque
2666 1223 2830 1279 menti
2856 1222 3147 1280 occurrerit
3165 1266 3181 1292 ,
3214 1216 3443 1279 maxima
3473 1227 3574 1279 erit

1987 1313 2313 1384 ignominia;
2353 1314 2435 1370 sin
2460 1322 2635 1369 autem
2665 1315 2888 1383 dixeris,
2918 1316 3092 1386 ipsum
3120 1316 3311 1386 puiigis
3341 1331 3363 1371 ι
3383 1328 3439 1372 ct
3459 1316 3574 1371 sive

1986 1405 2057 1461 sit
2086 1404 2386 1471 hmreticus,
2415 1405 2586 1476 ipsum
2617 1406 2872 1476 corrigis,
2904 1407 3015 1462 sive
3046 1407 3318 1478 negligens
3346 1407 3416 1462 sit
3440 1408 3575 1461 ami-

1985 1511 2101 1566 cus,
2130 1495 2304 1567 ipSum
2328 1495 2537 1568 pellicis
2561 1539 2575 1562 ,
2605 1497 2716 1553 sive
2746 1497 2905 1552 etiam
2933 1499 3126 1553 mulier
3150 1498 3374 1567 lasciva,
3403 1498 3575 1555 et‘licis

1988 1591 2489 1661 temperantiorem;
2532 1606 2654 1645 nam
2699 1599 2753 1647 et
2798 1591 3005 1647 mulieri
3049 1591 3273 1647 reddere
3310 1590 3574 1647 rationem

1986 1679 2150 1737 debes
2179 1676 2461 1736 :Mulieres
2501 1680 2656 1748 enim,
2690 1681 2878 1751 inquit,
2917 1681 2969 1734 in
3014 1682 3226 1735 ecclesia
3263 1690 3457 1735 taceant
3488 1696 3507 1735 :
3530 1680 3577 1734 si

1985 1773 2109 1845 quid
2148 1782 2314 1828 autem
2348 1774 2522 1828 volunt
2546 1773 2756 1840 discere,
2778 1773 2919 1827 domi
2950 1772 3083 1827 uiros
3121 1784 3238 1827 suos
3271 1772 3577 1843 interi-egeat

1990 1864 2066 1937 (l.
2097 1862 2217 1920 Cor.
2247 1862 2332 1919 Η.
2370 1862 2458 1920 54.
2499 1865 2612 1935 55).
2661 1856 2719 1919 Si
2756 1864 2975 1919 domum
3008 1864 3280 1934 ingrc53us
3305 1850 3490 1929 fueris,
3522 1870 3577 1917 et

1985 1972 2054 2012 ex
2100 1966 2151 2012 te
2192 1954 2384 2011 mulier
2409 1954 2725 2020 sciscitelur,
2758 1954 2896 2025 Quid
2924 1954 3052 2011 mihi
3082 1956 3150 2011 ab
3174 1954 3402 2011 ecclesia
3432 1942 3593 2009 retu;

1986 2048 2130 2105 listi?
2170 2047 2436 2120 responde
2478 2049 2573 2117 illi,
2604 2047 2718 2103 Non
2744 2060 2955 2113 carnes,
2990 2061 3090 2102 nec
3115 2048 3318 2111 vinum,
3343 2042 3445 2101 ucc
3475 2052 3573 2099 au-

1985 2156 2125 2209 rum,
2149 2156 2248 2196 nec
2274 2140 2548 2202 mundam.
2586 2156 2691 2211 quo
2737 2146 2933 2210 corpus
2979 2144 3235 2204 ornetur;
3276 2134 3330 2192 at
3367 2132 3578 2192 Sermo-

1988 2249 2130 2298 nem,
2157 2246 2263 2303 quo
2290 2233 2582 2302 sapientior
2607 2240 2758 2287 mens
2788 2229 3060 2286 reddatur.
3091 2231 3229 2289 Cum
3256 2230 3308 2284 in
3330 2238 3577 2300 congres-

1986 2342 2102 2383 sum
2127 2328 2363 2383 mulieris
2382 2325 2611 2389 vencris,
2633 2340 2868 2380 mensam
2886 2324 2962 2379 illi
2978 2323 3303 2394 spiritualc'm
3321 2337 3532 2399 appone
3557 2339 3572 2374 :

1986 2423 2073 2478 die
2100 2425 2327 2492 primum
2354 2418 2481 2476 dum
2508 2419 2681 2475 adhuc
2707 2430 2893 2474 recens
2920 2408 3002 2473 est
3027 2416 3303 2481 memoria,
3333 2413 3579 2493 Pcri'ru'a-

1987 2524 2107 2567 mur
2135 2510 2513 2582 spirititalibus,
2545 2526 2607 2566 ac
2632 2509 2824 2565 deinde
2851 2508 3089 2564 sensibili
3118 2516 3299 2563 mensa
3334 2505 3577 2576 perfrua-

1987 2603 2372 2660 mur:ctenim
2418 2603 2462 2658 si
2512 2617 2598 2658 res
2643 2609 2851 2657 nostras
2898 2601 2968 2655 ita
3015 2600 3393 2671 disponamus,
3441 2592 3580 2652 Dens

1986 2692 2145 2750 etiam
2171 2696 2341 2749 aderit
2366 2696 2418 2749 in
2445 2692 2624 2749 medio
2651 2693 2839 2760 uestri,
2869 2707 2991 2747 cum
3023 2700 3080 2745 ut
3102 2697 3344 2746 mensam"
3366 2687 3581 2745 benedi-

1987 2797 2092 2852 cat,
2119 2796 2228 2840 tum
2258 2793 2315 2840 ut
2339 2800 2437 2841 nos
2469 2780 2710 2840 coronet.
2735 2783 2842 2838 Nos
2862 2782 3073 2853 quidem
3102 2796 3200 2851 pro
3219 2779 3303 2835 his
3331 2779 3580 2834 omnibus

1987 2880 2187 2949 gratias
2213 2892 2431 2950 agamus
2461 2878 2559 2948 ipsi
2591 2878 2729 2933 Patri
2752 2892 2873 2933 eum
2902 2860 3038 2931 Filio
3064 2889 3129 2931 ac
3150 2872 3348 2944 Spiritu
3370 2876 3578 2936 sancto,

1992 2988 2131 3029 nunc
2156 2981 2211 3029 et
2240 2987 2471 3040 semper,
2501 2982 2554 3028 et
2584 2972 2634 3027 in
2664 2971 2857 3027 saieula
2889 2969 3225 3025 saeculorum.
3257 2966 3450 3026 Amen.

2378 3288 3350 3315 rm

1136 3576 1141 3585 ο
1180 3550 1279 3612 ΑΒ
1323 3536 1705 3613 HOMILIAM
1748 3544 1827 3613 1N
1882 3532 2210 3611 SANCTOS
2263 3545 2694 3611 MARTYRES.

308 3828 476 3896 ἁγίων
525 3826 769 3881 nivatam
810 3822 1067 3879 Fortasse
1112 3823 1245 3878 utin
1293 3818 1487 3876 Latina
1540 3820 1784 3876 Ecclesia
1830 3818 2069 3888 primum
2117 3810 2392 3873 celebrata
2436 3825 2521 3871 est
2565 3798 2810 3890 equitium
2846 3826 3150 3889 martyrum
3188 3817 3455 3876 festivitas
3507 3836 3576 3876 ex

308 3945 635 4017 przescripto
664 3942 928 3997 Bonifacii
956 3934 1044 4005 IV,
1082 3956 1143 3994 ac
1165 3922 1362 3994 deinde
1395 3936 1720 3992 Sanctorum
1745 3933 1990 3991 omnium
2016 3932 2265 4003 Gregorii
2300 3929 2366 3985 IV
2402 3941 2644 4001 tempore
2677 3950 2690 3985 :
2730 3931 2810 3987 sic
2828 3940 2886 3986 et
2920 3932 2972 3985 in
3001 3930 3188 3987 Graeca
3226 3936 3415 4004 paucis
3453 3945 3576 4004 post

310 4059 673 4131 Pentecosteu
710 4057 905 4111 diebus
947 4055 1078 4108 olim
1113 4061 1413 4123 martyrum
1461 4048 1709 4105 omnium
1748 4046 2027 4102 memoriae
2054 4044 2364 4100 dedicatum
2392 4054 2509 4099 erat
2571 4042 2794 4106 festum,
2825 4043 2970 4112 quod
2999 4042 3193 4098 deinde
3253 4044 3576 4101 Sanctorum

311 4174 564 4227 omnium
614 4169 961 4226 solemnitate
1009 4174 1392 4222 consecratum
1425 4171 1529 4219 est.
1572 4162 1840 4217 Cancrum
1872 4159 2018 4214 hunc
2049 4148 2442 4230 ChrysoStomo
2480 4157 2727 4215 tribuunt
2750 4171 3054 4210 sermonem
3100 4167 3292 4226 prteter
3323 4158 3579 4213 Codicnu

316 4292 500 4364 Regia:
527 4288 817 4353 Biblidth.,
866 4274 1119 4343 Metliccde
1163 4286 1623 4355 manuscriptum',
1666 4282 1960 4353 Catalogus
1988 4282 2350 4351 grnuinarum
2390 4279 2632 4334 auctoris
2662 4278 2784 4347 ejus
2822 4278 3160 4345 orationum,
3190 4277 3281 4347 qui
3317 4277 3369 4331 in
3398 4277 3585 4347 Augu—

317 4410 476 4467 stana
512 4416 791 4476 servatur,
823 4404 876 4464 et
907 4408 1046 4463 alius
1070 4423 1136 4463 ex
1162 4406 1312 4461 Italia
1350 4407 1552 4461 missus
1585 4404 1652 4459 ad
1678 4420 1778 4458 nos
1817 4401 1927 4456 indt

2017 4400 2116 4470 τῆς
2147 4399 2331 4472 dimov
2354 4398 2463 4452 τῶν
2509 4397 2885 4470 μαργαριτῶν,
2913 4397 3020 4452 hoc
3052 4397 3211 4451 titulo
3249 4393 3587 4466 εἸιὶγκὼμιον

318 4532 398 4593 εἰς
424 4531 557 4594 τοὺς
586 4529 773 4598 ἁγίους
799 4528 1031 4590 πάντας.
1069 4544 1089 4579 s

392 4643 783 4713 interpretatio
818 4639 1011 4693 Latina
1041 4648 1125 4692 est
1159 4637 1405 4707 ejusdem
1446 4629 1739 4689 Frentanis
1763 4629 1966 4685 Ducze‘i.

314 4824 400 4841 ᾗ

1635 4880 2243 4966 LAUDATIO

704 5062 793 5106 ss.
840 5062 1097 5106 onawn
1143 5025 1249 5115 qui
1296 5058 1683 5103 MARTYRIUH
1725 5058 1890 5103 'ro'ro
1932 5059 2285 5105 TERRABUM
2329 5058 2496 5103 onnn
2524 5056 2687 5102 sum
2731 5055 2900 5099 esss:
2946 5042 3046 5116 (a).

384 5319 410 5391 ί
424 5375 436 5388 .
474 5320 727 5403 diartyres
753 5347 866 5386 cum
893 5343 1086 5401 angens
1104 5337 1276 5383 cotton
1296 5367 1310 5391 ,
1340 5325 1472 5380 bona
1498 5342 1563 5381 ex
1586 5342 1697 5397 ipsa
1722 5335 1911 5379 morta-

312 5428 454 5481 litate
478 5425 727 5479 derivata.
752 5454 823 5464 —
850 5406 1093 5478 Nondum
1124 5429 1327 5490 septem
1354 5420 1561 5474 dierum
1589 5419 1800 5489 elapsus
1828 5426 1914 5473 est

316 5533 605 5579 numerus.
635 5533 711 5575 ex.
745 5534 852 5589 quo
896 5532 1103 5573 sacram
1151 5516 1492 5570 l’enlccostes
1520 5513 1915 5567 solemnitatem

314 5598 742 5679 celebravimus,
777 5618 834 5666 et
862 5623 961 5665 nos
994 5622 1180 5664 rursus
1221 5616 1512 5678 martyrum
1540 5606 1737 5662 chorus
1762 5612 1916 5659 ξιξερ-

381 5724 401 5784 ι
407 5722 460 5785 τι)
492 5720 676 5773 collata
689 5734 799 5775 cum
812 5719 1064 5772 Codicibus
1080 5721 1241 5786 Regiis
1253 5718 1409 5772 tribus
1424 5725 1475 5773 et
1494 5728 1591 5771 uno
1610 5714 1913 5770 Coislinia‘no.

2015 5344 2209 5404 quintus
2239 5341 2341 5397 est,
2364 5330 2445 5387 vel
2484 5341 2780 5402 martyrum
2825 5339 3000 5385 castra
3040 5329 3216 5400 potius
3253 5327 3308 5384 et
3345 5328 3608 5383 exercitus

2019 5424 2188 5481 nihilo
2230 5424 2408 5478 minor
2446 5424 2548 5479 illis
2588 5422 2897 5492 angelorum
2923 5421 3133 5487 castris,
3160 5434 3279 5490 quae
3310 5417 3613 5489 patriarcha

2022 5516 2186 5574 Jacob
2214 5515 2344 5571 vidit
2368 5512 2522 5586 (Gen.
2550 5512 2640 5572 39..
2665 5512 2745 5585 2),
2773 5512 2865 5567 sed
2894 5511 3119 5567 aemulus
3149 5511 3252 5565 illis
3280 5519 3335 5565 et
3360 5509 3606 5580 :equalis.

2028 5609 2284 5687 Martyres
2304 5607 2445 5665 enim
2470 5616 2521 5662 et
2541 5605 2714 5676 angeli
2737 5605 2949 5662 nomine
2977 5598 3436 5658 tantumdistincti
3466 5609 3610 5667 sunt.

2024 5704 2178 5762 factis
2196 5710 2373 5758 autem
2399 5700 2690 5772 junguntur
2715 5718 2726 5754 :
2750 5696 2940 5754 omium
2962 5692 3196 5748 incolunt
3218 5691 3411 5764 angeli,
3432 5691 3609 5746 iti-lcm
