4088 6446
536 406 642 467 70‘!

539 534 591 577 et
627 529 888 594 martyres
918 540 927 574 :
962 522 1247 576 senectutis
1273 532 1519 590 expertes
1548 530 1595 573 et
1631 518 1954 573 immortales
1995 525 2119 570 sunt

540 613 650 681 illi,
686 612 786 669 hoc
812 623 866 669 et
895 620 1156 684 martyres
1190 610 1522 666 obtinebunt.
1551 610 1620 664 At
1647 609 2013 679 incorporcam
2047 607 2121 662 illi

539 712 782 757 natumut
832 704 1004 758 sortiti
1051 702 1208 756 sunt?
1255 700 1389 768 Quid
1437 710 1546 754 tum
1593 700 1807 769 postea?
1836 699 1957 754 licet
1980 698 2124 753 enim

541 806 801 863 martyres
827 808 1051 861 corpore
1076 793 1414 862 circumscpti
1445 793 1571 858 sint,
1597 791 1882 846 immortali
1907 799 2080 846 tamen
2106 807 2120 844 :

494 877 503 911 ί
538 883 662 953 quin
693 885 866 953 potius
900 885 1058 939 etiam
1099 895 1222 940 ante
1252 885 1417 957 ipsam
1448 884 1900 939 immortalitatem
1926 882 2124 938 Christi

540 990 683 1027 mors
716 990 942 1045 corpora
973 977 1139 1030 multo
1166 976 1281 1045 plus
1303 1017 1317 1039 ,
1348 991 1503 1046 quam
1532 977 1903 1030 immortalitas
1928 976 2126 1031 conde-

538 1077 710 1121 corat.
743 1068 856 1122 Non
885 1070 953 1123 ita
984 1070 1217 1123 siderum
1249 1080 1561 1124 exornatum
1586 1073 1754 1124 choro
1783 1069 1971 1124 emittm
2003 1069 2127 1123 illu-

534 1168 645 1211 stre
666 1167 770 1224 est,
791 1175 852 1212 ac
878 1160 1151 1228 splendida
1174 1161 1450 1215 vulnerum
1478 1161 1625 1215 sanie
1648 1162 1663 1192 ¹
1688 1174 1978 1232 martyrum
2005 1174 2126 1215 cor-

534 1264 661 1317 pora
720 1261 997 1309 exornata.
1064 1252 1246 1322 Itaque
1294 1253 1414 1323 quia
1464 1253 1658 1307 mortui
1706 1262 1868 1319 sunt,
1925 1251 2124 1305 idcirco

537 1342 769 1396 maxime
812 1351 1098 1411 superant,
1139 1356 1192 1397 et
1241 1354 1365 1399 ante
1413 1344 1863 1397 humor-uilitatem
1892 1358 1921 1396 a
1953 1353 2123 1396 morte

533 1434 772 1486 Coronati
811 1433 1027 1503 prtcntia
1058 1442 1417 1501 repet-larunt.
1463 1432 1695 1486 Minttisti
1717 1449 1828 1485 eum
1853 1433 2005 1501 paulo
2030 1432 2125 1484 mi-

533 1540 628 1577 nus
671 1523 731 1576 ab
772 1525 1000 1594 angelis;
1048 1525 1212 1595 gloria
1243 1534 1289 1577 et
1316 1524 1505 1578 honore
1528 1525 1779 1577 coronasti
1806 1539 1921 1576 eum
1948 1521 2119 1593 (Psal.

534 1612 585 1668 8.
616 1613 694 1682 6),
715 1614 782 1669 de
808 1615 1079 1669 communi
1103 1614 1375 1669 hominum
1403 1624 1586 1668 natura
1611 1614 1778 1685 inquit
1809 1612 2002 1667 David:
2028 1612 2119 1667 sed

534 1715 588 1760 et
640 1706 741 1761 hoc
783 1706 993 1775 paulum
1034 1705 1265 1761 reddidit
1298 1704 1542 1761 Christus
1570 1720 1689 1761 cum
1717 1704 2039 1771 advenisset,
2069 1712 2123 1757 et

534 1806 764 1851 mortem
804 1807 979 1852 morte
1016 1796 1341 1852 damnasset.
1388 1796 1584 1853 Verum
1609 1796 1714 1851 hoc
1739 1812 1837 1867 ego
1867 1796 1988 1851 inde
2015 1811 2118 1849 non

534 1887 830 1953 conlirmo,
869 1887 962 1942 sed
992 1904 1054 1942 ex
1086 1902 1152 1943 eo
1184 1888 1322 1959 quod
1361 1887 1597 1943 defectus
1625 1887 1710 1943 hic
1738 1888 1924 1942 mortis
1953 1888 2005 1940 in
2037 1886 2119 1940 lu-

534 1996 684 2033 erunt
727 1989 781 2035 et
819 1981 1155 2034 commodum
1185 1981 1346 2036 00:8".
1377 1999 1389 2035 :
1420 1982 1518 2036 nisi
1547 1982 1687 2035 enim
1715 1981 1964 2036 mortales
1994 1978 2123 2033 fuis-

533 2080 695 2141 sent,
744 2083 1002 2143 martyres
1047 2071 1169 2127 facti
1215 2088 1317 2128 non
1362 2085 1541 2128 essent
1575 2092 1586 2128 :
1619 2075 1794 2146 itaque
1838 2073 1936 2127 nisi
1979 2088 2122 2126 mors

532 2162 742 2230 fuisset,
774 2180 839 2218 nc
855 2180 1065 2219 coronte
1090 2164 1301 2234 quidem
1333 2166 1698 2219 exsdtisseut:
1730 2166 1772 2219 si
1801 2181 1906 2243 non
1938 2163 2123 2220 fuisset

535 2255 802 2319 interitus,
827 2257 1137 2327 martyrium
1162 2273 1266 2310 non
1295 2255 1480 2311 fuisset
1506 2274 1518 2311 :
1543 2257 1586 2312 si
1611 2272 1755 2312 mors
1778 2270 1881 2310 non
1911 2255 2116 2320 fuisset,

533 2362 639 2401 non
671 2348 928 2419 potuisset
968 2349 1147 2403 dicere
1187 2348 1415 2413 Paulus,
1450 2348 1684 2414 Quotidie
1710 2349 1896 2401 morior
1922 2365 2009 2417 per
2036 2364 2118 2400 re-

530 2447 686 2490 strain
721 2437 934 2509 gloriam
956 2480 971 2507 ,
1008 2455 1156 2508 quant
1192 2438 1347 2491 habeo
1392 2440 1443 2491 in
1490 2438 1687 2492 Christo
1723 2438 1848 2492 Iesu
1890 2438 1962 2508 (ι.
1995 2436 2116 2491 Cor.

534 2529 623 2582 15.
654 2527 745 2598 Si)
776 2549 789 2582 :
816 2530 914 2583 nisi
944 2544 1087 2583 mors
1116 2539 1167 2584 et
1190 2529 1434 2584 interitus
1464 2529 1702 2592 fuissent,
1728 2544 1830 2583 non
1862 2529 2120 2599 potuisset

530 2619 671 2675 idem
699 2621 876 2676 dicere
898 2663 912 2684 .
958 2620 1165 2674 Gaudeo
1193 2622 1244 2674 in
1272 2623 1589 2691 passionibtts
1624 2622 1746 2675 meis
1777 2637 1868 2691 pro
1891 2621 2047 2689 vobis,
2073 2632 2119 2675 ct

530 2712 787 2778 adimpleo
813 2728 871 2764 ea
892 2728 1004 2782 quae
1024 2712 1205 2766 desunt
1226 2714 1518 2783 passionum
1549 2713 1735 2768 Christi
1761 2715 1812 2768 in
1833 2730 1984 2768 carne
2009 2732 2119 2768 mea

535 2803 670 2865 (Col.
696 2806 745 2858 l.
776 2803 892 2875 24).
939 2804 1017 2859 Ne
1057 2804 1333 2860 doleamus
1360 2820 1486 2875 ergo
1508 2845 1521 2869 ,
1551 2806 1689 2874 quod
1720 2807 1969 2861 mortales
2000 2808 2120 2862 facti

533 2895 726 2962 simus,
757 2896 849 2950 sed
891 2896 1088 2965 gratias
1130 2911 1383 2966 agamus,
1423 2897 1560 2966 quod
1610 2888 1847 2968 martyrii
1892 2899 2119 2952 stadium

531 2988 687 3041 lllliliS
716 2988 784 3041 sit
818 3002 848 3046 a
882 2995 1053 3042 morte
1093 2997 1408 3051 reseratum,
1446 2998 1497 3041 et
1526 2987 1590 3042 ab
1623 2988 1838 3041 interitu
1871 2989 2119 3057 prmmio-

530 3094 650 3132 rum
683 3079 957 3133 materiam
984 3081 1382 3148 acceperimus;
1408 3078 1548 3133 unde
1574 3089 1627 3133 et
1656 3079 2005 3133 certaminum
2032 3094 2124 3133 oc-

529 3171 801 3225 casionem
830 3171 967 3225 nacti
996 3186 1198 3225 sumus.
1232 3171 1391 3226 Vides
1416 3172 1727 3242 sapientiam
1756 3171 1869 3239 Dei,
1898 3186 2002 3242 quo
2026 3187 2121 3242 pa-

528 3272 617 3316 cto
662 3263 949 3317 maximum
996 3263 1122 3317 illud
1171 3262 1431 3317 malorum
1460 3272 1724 3334 eaputqtte
1752 3272 1945 3317 nostra:
1974 3265 2119 3318 cala-

531 3353 752 3419 mitatis,
786 3355 927 3424 quod
960 3354 1168 3409 invexit
1191 3355 1457 3421 diabolus,
1484 3367 1709 3410 mortem
1742 3356 1978 3426 inquam,
2001 3371 2117 3411 eam

531 3447 583 3499 in
634 3446 891 3501 honorem
938 3446 1266 3517 gloriamque
1312 3457 1545 3502 nostram
1588 3450 1881 3516 convertit,
1925 3465 1989 3505 ac
2024 3465 2122 3521 per

532 3537 669 3592 hanc
699 3540 866 3608 ipsam
892 3539 1119 3595 athletas
1145 3540 1209 3594 ad
1240 3541 1476 3612 martyrii
1501 3539 1679 3595 bravia
1704 3540 1958 3595 deduxit?
1981 3542 2118 3610 Qttid

533 3631 703 3700 ergo?
731 3631 997 3686 idcircone
1025 3631 1238 3686 diabolo
1261 3634 1447 3686 mortis
1469 3646 1626 3686 causa
1648 3632 1845 3703 gratias
1864 3633 2121 3703 agemus?

533 3723 684 3777 Absit
708 3741 720 3776 :
745 3739 848 3776 non
876 3724 1019 3777 enim
1041 3722 1109 3777 ab
1135 3723 1253 3792 ejus
1280 3733 1457 3779 mente
1484 3733 1629 3779 recte
1660 3724 1851 3779 factum
1880 3724 2001 3790 hoc,
2024 3725 2118 3780 sed

534 3813 625 3867 Dei
658 3812 931 3881 sapientius
961 3822 1043 3869 est
1068 3812 1286 3867 donum.
1320 3813 1411 3867 Ille
1435 3815 1647 3884 quidem
1674 3813 1891 3881 invexit,
1911 3825 1965 3869 ut
1993 3830 2119 3884 per-

532 3904 718 3966 deret,
756 3913 816 3957 ct
862 3903 926 3957 ad
968 3914 1166 3957 terram
1210 3903 1441 3959 reductis
1483 3919 1631 3973 spem
1680 3905 1863 3959 salutis
1904 3921 2119 3960 onmem

534 3993 913 4063 lll’:l‘.SCilltiL‘l‘0l.
932 4012 945 4046 :
965 3993 1209 4050 Christus
1228 4004 1403 4050 autem
1429 3995 1477 4049 id
1498 4007 1767 4067 arreptum
1801 3999 2118 4065 immolavit,

531 4094 587 4138 et
625 4084 676 4136 in
703 4085 893 4138 οειειιιιη
927 4099 1023 4138 nos
1058 4100 1239 4139 rursus
1261 4101 1361 4155 per
1392 4086 1560 4156 ipsum
1589 4087 1902 4143 introduxit.
1952 4089 2121 4144 Nemo

533 4176 695 4246 igitur
721 4192 817 4228 nos
847 4174 1082 4240 damnet,
1112 4176 1250 4244 quod
1277 4178 1498 4231 chorum
1526 4188 1579 4232 ct
1603 4179 1892 4234 exercitum
1923 4191 2123 4255 marty-

532 4286 650 4325 rum
683 4280 878 4325 cwtum
906 4270 1234 4339 appellarint,
1264 4273 1461 4341 unique
1487 4274 1564 4326 rei
1591 4275 1857 4328 etmtraria
1883 4274 1989 4329 duo
2020 4292 2119 4327 no-

532 4364 676 4417 miua
726 4361 997 4416 tribuerim
1030 4377 1044 4414 :
1072 4362 1266 4416 chorus
1294 4362 1434 4417 enim
1475 4371 1529 4417 et
1553 4365 1831 4420 exercitus
1855 4368 2118 4421 contraria

532 4465 676 4520 sunt,
697 4468 882 4509 verum
913 4452 996 4508 hic
1023 4461 1305 4523 utrumque
1330 4454 1560 4509 maluit:
1586 4456 1780 4509 etenim
1811 4458 1959 4525 quasi
1989 4457 2120 4511 cho-

531 4566 652 4604 reas
677 4549 965 4614 ducerent,
1009 4547 1075 4603 ad
1122 4557 1385 4602 tormenta
1422 4563 1543 4603 cum
1573 4550 1843 4617 voluptate
1870 4566 2119 4620 perrexe-

467 4697 472 4703 ,
534 4649 678 4706 rttut,
707 4652 759 4696 et
790 4649 1058 4710 tamquam
1091 4639 1374 4695 bellatores
1415 4655 1627 4695 onmem
1671 4640 2031 4697 fortitudinem
2060 4659 2122 4698 ac

536 4732 868 4785 tolerantiam
908 4748 1018 4801 pra:
1047 4745 1107 4786 se
1140 4731 1402 4798 tulerunt,
1434 4730 1721 4803 hostesque
1753 4733 2013 4788 vicerunt.
2045 4734 2122 4789 Ac

534 4823 579 4876 si
624 4838 806 4876 eorum
849 4823 1061 4893 quidem
1089 4864 1103 4890 ,
1145 4814 1263 4894 qute
1298 4833 1574 4894 geruntur,
1606 4836 1814 4894 spectes
1841 4835 2118 4892 naturam,

536 4928 709 4984 pugna
737 4924 790 4967 et
821 4914 1016 4968 bellum
1040 4923 1095 4970 et
1114 4918 1259 4972 acies
1286 4928 1430 4981 sunt,
1459 4931 1577 4985 qum
1603 4926 1860 4987 geruntur
1884 4936 1896 4971 :
1916 4920 1997 4973 sin
2028 4936 2121 4974 au-

536 5018 643 5062 tem
685 5019 869 5059 eorum
903 5016 1132 5059 mentem
1176 5007 1523 5074 consideres,
1560 5024 1678 5078 quae
1704 5007 1873 5075 fiunt,
1910 5010 2121 5066 chorea:

532 5090 677 5159 sunt,
705 5104 755 5148 et
782 5095 1043 5160 convivia,
1067 5109 1129 5148 ac
1160 5097 1488 5162 festivitates,
1513 5108 1567 5153 et
1590 5099 2114 5170 voluptasmaxima,

533 5203 650 5257 qua:
682 5186 1044 5255 perficiuntur.

603 5323 733 5377 Cum
761 5319 894 5376 bello
929 5327 1189 5391 comparat
1234 5318 1518 5392 Martyrum
1560 5334 1841 5391 tormenta;
1881 5337 2118 5381 constan-

538 5411 658 5463 tiam
693 5410 983 5481 Martyrum
1026 5410 1221 5482 egregie
1254 5411 1506 5466 describit.
1527 5416 1776 5472 —\'isne
1817 5427 1869 5472 te
1898 5419 2116 5473 doceam

541 5497 653 5551 hznc
679 5502 821 5553 onmi
854 5501 993 5555 bello
1030 5515 1149 5556 esse
1191 5503 1529 5571 terribiliora,
1572 5519 1862 5579 martyrum
1904 5511 2115 5579 inquam

538 5602 625 5641 res
653 5592 866 5657 gestas?
903 5592 1041 5658 Quid
1076 5601 1158 5647 est
1179 5594 1231 5647 in
1270 5593 1410 5650 bello
1431 5594 1802 5653 formidabile?
1839 5600 2118 5673 Utrimque

542 5755 1009 5867 ηεέιὲἓλριεηάὶάο
1025 5765 1270 5819 vulnerum
1292 5770 1452 5834 choro,
1471 5786 1580 5837 qua:
1605 5773 1749 5825 lectio
1769 5788 1864 5825 non
1886 5786 1962 5828 est
1985 5790 2119 5840 sper-

1256 409 1310 462 S.
1352 406 1627 464 JO.\i\‘NiS
1664 402 2139 463 CllliYSOS'lOMl
2181 400 2498 458 ARCHIEP.
2540 399 3070 460 CONSTANTINOP.
3694 415 3785 469 708

2236 517 2536 573 stantacies
2562 520 2924 589 communitm,
2953 522 3186 594 undique
3212 525 3373 582 armis
3394 525 3669 600 fulgentes,
3700 543 3787 590 ter-

2232 624 2453 680 ramque
2501 611 2785 679 splendore
2827 615 3190 685 complentes;
3234 620 3465 693 undique
3513 624 3782 693 iaculorum

2231 704 2402 758 nubes
2424 705 2756 774 emittuntur,
2780 724 3006 779 quorum
3030 713 3369 773 multitudine
3386 733 3481 775 aer
3498 722 3785 789 occultatur;

2233 803 2500 853 torrentes
2526 801 2800 870 sanguinis
2840 803 2892 859 in
2925 814 3119 862 terram
3158 810 3470 879 volvuntur;
3500 815 3675 872 multa:
3708 834 3786 872 un.

2229 888 2391 960 dique
2411 901 2616 962 strages
2643 904 2700 948 ut
2718 905 2959 965 segetum
2986 899 3039 954 in
3068 916 3264 971 messe,
3291 905 3361 960 ita
3387 907 3633 977 militum,
3661 915 3785 984 quia
3852 931 3862 937 ‘

2227 995 2289 1036 se
2310 981 2537 1037 invicem
2570 995 3000 1054 prosternuntur.
3032 993 3146 1063 Age
3167 1009 3295 1067 ergo
3316 998 3383 1053 ab
3404 999 3612 1057 illorum
3640 981 3786 1077 pugna

2231 1081 2284 1127 te
2309 1073 2380 1128 ad
2406 1074 2544 1129 hanc
2572 1077 2929 1134 traducamus.
2966 1082 3063 1137 llic
3103 1084 3240 1140 bina:
3266 1102 3479 1160 quoque
3504 1104 3626 1148 sttnt
3644 1073 3784 1161 acies.

2234 1178 2336 1217 una
2367 1165 2581 1234 quidem
2632 1180 2945 1240 martyrum.
2977 1175 3143 1229 altera
3178 1193 3309 1233 vero
3335 1189 3673 1250 tyrannorum
3700 1207 3713 1243 :
3737 1206 3788 1246 ac

2229 1257 2439 1325 tyranni
2485 1258 2700 1328 quidem
2738 1263 2928 1318 armati
2968 1276 3112 1327 sunt.
3168 1280 3431 1342 martyres
3460 1284 3635 1330 autem
3665 1282 3786 1332 nudo

2228 1357 2464 1416 pugnant
2492 1364 2749 1420 corpore;
2777 1355 2870 1409 sed
2898 1371 2926 1410 a
2951 1360 3112 1414 nudis
3131 1369 3329 1427 tamen,
3356 1380 3464 1420 non
3492 1367 3559 1422 ab
3574 1373 3784 1435 annalis,

2229 1437 2449 1493 victoria
2479 1452 2801 1511 reportatur.
2829 1445 2963 1513 Quis
2985 1465 3089 1505 non
3121 1453 3483 1529 Obstupescat,
3515 1461 3713 1529 quando
3748 1464 3784 1519 is
3819 1459 3839 1477 '

2230 1531 2321 1598 qui
2353 1532 2515 1602 virgis
2542 1535 2784 1602 cmditur,
2809 1540 3103 1598 cardcntem
3127 1528 3327 1613 vincit,
3351 1558 3405 1605 et
3428 1528 3634 1607 vinctus
3658 1557 3777 1610 solu-

2229 1630 2362 1688 tum,
2390 1636 2610 1680 exusms
2633 1638 2898 1697 urentem,
2928 1641 2983 1687 et
3002 1635 3090 1703 qui
3122 1639 3345 1693 moritur
3374 1641 3785 1701 interficienteml

2228 1710 2388 1768 Vides
2420 1724 2476 1769 ut
2505 1715 2621 1772 hinc
2646 1719 2749 1774 illis
2783 1724 3101 1781 terribiliora
3132 1730 3282 1784 sint?
3324 1731 3457 1788 Nam
3490 1735 3576 1789 illa
3598 1739 3782 1808 quidem

2230 1818 2551 1876 quamquam
2580 1808 2934 1868 formidabilia
2963 1827 3104 1883 sunt,
3136 1828 3312 1876 tamen
3352 1840 3418 1879 ex
3440 1827 3626 1883 ordine
3650 1840 3785 1884 natu-

2228 1910 2303 1950 ra:
2330 1897 2464 1953 fiunt
2491 1916 2505 1953 :
2532 1900 2646 1956 huic
2673 1912 2850 1958 autem
2874 1921 3195 1978 exsuperant
3224 1924 3467 1972 naturam
3490 1935 3692 1977 omnem
3716 1940 3784 1977 τε-

2227 2003 2452 2060 rumque
2477 2006 2692 2047 omnem
2731 2001 3186 2069 consequentiam,
3237 2015 3293 2059 ut
3330 2007 3595 2081 intelligas
3620 2013 3784 2071 divina:

2228 2082 2410 2149 gratia:
2430 2093 2645 2154 accepta
2668 2084 2884 2143 ferenda
2914 2105 3053 2157 esse,
3085 2110 3203 2164 qua:
3232 2096 3315 2151 hic
3338 2113 3461 2154 cum
3492 2103 3640 2157 laude
3666 2121 3783 2174 pne-

2229 2182 2457 2228 stantur.
2506 2175 2740 2234 Tametsi
2767 2180 2892 2250 quid
2922 2181 3041 2249 hac,
3087 2199 3287 2254 qumso,
3330 2205 3509 2262 pugna
3545 2194 3787 2265 iniquius?

2225 2266 2350 2334 quid
2369 2268 2751 2326 certaminibus
2772 2272 2887 2329 istis
2929 2273 3214 2345 injustius?
3237 2279 3367 2335 Nam
3399 2283 3454 2337 in
3493 2284 3641 2341 bellis
3662 2297 3783 2341 uter-

2225 2372 2331 2427 que
2360 2373 2571 2429 eorum,
2600 2364 2687 2432 qui
2720 2377 2975 2436 pugnant,
3008 2380 3278 2440 armatur;
3310 2373 3397 2431 hic
3434 2393 3563 2433 vero
3587 2396 3685 2434 non
3706 2380 3781 2444 ita,

2224 2450 2321 2504 sed
2350 2451 2437 2507 hic
2460 2454 2674 2524 quidem
2706 2460 2881 2515 nudus
2910 2470 3013 2529 est,
3039 2463 3126 2519 ille
3152 2480 3280 2522 vero
3308 2471 3477 2527 armis
3496 2481 3577 2528 est
3604 2482 3778 2530 tectus:

2227 2540 2279 2594 in
2328 2547 2711 2602 certaminibus
2743 2565 2927 2606 rursus
2967 2556 3205 2627 utrisque
3246 2558 3370 2615 licet
3414 2578 3604 2619 manus
3626 2575 3782 2621 contra

2229 2636 2473 2691 attollere
2497 2655 2511 2704 ;
2546 2639 2632 2694 hic
2657 2657 2783 2697 vero
2809 2645 3019 2702 vinctus
3058 2657 3139 2704 est
3176 2651 3292 2717 iste,
3318 2661 3373 2707 at
3401 2654 3495 2710 ille
3514 2671 3629 2713 cum
3653 2667 3780 2728 pute-

2226 2733 2363 2821 state
2392 2728 2528 2821 ictus
2556 2731 2758 2803 infligit,
2792 2745 2841 2790 et
2887 2746 3154 2811 tamquam
3185 2758 3251 2798 ex
3283 2748 3562 2817 tyrannide
3585 2750 3780 2821 quadam

2231 2817 2331 2873 sibi
2361 2820 2574 2889 quidem
2601 2838 2693 2879 eas
2719 2835 2898 2895 partes
2937 2844 3271 2889 assumentes
3306 2816 3570 2906 prtesides
3596 2816 3782 2896 mutate
3830 2816 3847 2851 ¹

2226 2908 2446 2979 faciant,
2468 2914 2628 2984 justis
2655 2921 2976 2991 martyribus
2995 2930 3054 2979 ut
3072 2926 3210 2982 male
3234 2929 3505 2997 patiantur
3524 2933 3780 2987 attribuen—

2228 3008 2331 3096 tes,
2357 3004 2426 3058 ita
2454 3009 2877 3077 congrediuntur
2920 3029 3039 3069 cum
3073 3022 3294 3087 sanctis,
3326 3031 3380 3078 et
3406 3040 3479 3081 ne
3501 3027 3576 3081 sic
3599 3027 3780 3096 quidem

2228 3091 2381 3189 ipsos
2400 3111 2724 3169 expugnant,
2756 3104 2849 3158 sed
2881 3106 2947 3162 ab
2979 3108 3075 3164 ista
3103 3126 3276 3181 pugna
3312 3131 3417 3170 tam
3447 3091 3778 3189 iniqua-supe-

2225 3186 2325 3239 rati
2353 3187 2632 3245 disccdunt
2667 3211 2680 3247 :
2710 3203 2870 3266 atque
2913 3198 3051 3253 idem
3092 3204 3287 3259 accidit
3326 3222 3391 3262 ac
3419 3210 3468 3263 si
3498 3186 3614 3281 quis
3639 3186 3779 3266 virum

2225 3279 2533 3374 quempiam
2565 3281 2878 3342 bellatorem
2898 3290 2950 3344 in
2973 3293 3212 3362 praelium
3238 3297 3489 3370 deducat,
3517 3279 3571 3358 et
3593 3304 3779 3374 praeciia

2227 3366 2428 3425 lancea:
2474 3375 2716 3444 cuspide,
2747 3379 2910 3434 lorica
2939 3384 3242 3453 spoliatum,
3281 3391 3422 3446 nudo
3470 3366 3682 3464 corpore
3705 3409 3784 3464 pu-

2225 3472 2389 3527 gnare
2430 3461 2631 3531 jubeat,
2676 3468 2766 3523 ille
2794 3481 2971 3527 autem
3015 3474 3139 3531 licet
3190 3493 3483 3546 percussus
3531 3461 3591 3567 ac
3629 3461 3780 3549 Iasus.

2226 3553 2600 3626 sexcentisque
2638 3558 2923 3619 confossus
2966 3565 3295 3636 Vulneribus,
3338 3553 3595 3643 tropaeum
3636 3586 3781 3630 tamen

2226 3640 2415 3710 erigat.
2459 3644 2717 3720 Martyres
2755 3653 2898 3707 enim
2948 3657 3121 3711 nudos
3160 3674 3281 3714 cum
3325 3663 3376 3716 in
3419 3640 3646 3721 medium
3685 3680 3783 3734 pro-

2229 3737 2534 3803 traxiszent,
2569 3756 2630 3794 ac
2658 3744 2909 3798 revinctis
2941 3757 3061 3816 post
3092 3758 3235 3820 terga
3266 3755 3513 3811 manibus
3536 3772 3625 3813 eos
3652 3755 3784 3811 unde-

2232 3839 2441 3895 quaqtte
2460 3834 2867 3899 percusaissent,
2894 3837 2965 3890 ita
2988 3841 3333 3897 vincebantur
3357 3862 3369 3897 :
3400 3846 3476 3900 illi
3500 3859 3666 3902 autem
3688 3846 3781 3898 vul-

2230 3929 2357 3968 nera
2387 3932 2506 3970 cum
2536 3924 2897 3992 excepissent,
2928 3936 3181 3998 tr0pa.-um
3205 3943 3386 3986 contra
3415 3936 3675 3991 diabolum
3694 3937 3780 3992 eri-

2227 4005 2443 4076 gebant.
2479 4009 2542 4063 Et
2568 4015 3016 4080 quemadmodum
3046 4036 3330 4089 percussus
3357 4025 3579 4083 adamas
3598 4030 3782 4081 minimc

2228 4098 2367 4154 cedit
2405 4116 2578 4171 neque
2618 4107 2908 4175 emollitur,
2955 4110 3062 4166 imo
3110 4115 3308 4170 ferrum
3336 4132 3366 4171 a
3397 4134 3506 4189 quo
3526 4121 3783 4192 percutitur

2228 4192 2513 4263 confringit
2553 4214 2566 4250 :
2613 4198 2681 4250 ita
2713 4200 2963 4256 nimirum
3010 4212 3068 4259 et
3111 4218 3418 4265 sanctorum
3449 4214 3656 4278 animm,
3680 4226 3781 4267 cum

2235 4291 2340 4337 tam
2371 4286 2521 4340 multi
2554 4288 2820 4344 cruciatus
2850 4291 3253 4366 adhiberentur,
3289 4300 3418 4370 ipsae
3445 4304 3651 4375 quidem
3672 4300 3780 4357 nihil

2231 4389 2392 4443 grave
2435 4379 2796 4447 patiebantur,
2827 4399 3013 4438 eorum
3052 4402 3181 4441 vero
3208 4404 3236 4441 a
3264 4393 3453 4461 quibus
3481 4395 3781 4449 catdebautur

2233 4465 2340 4520 vim
2377 4483 2438 4523 ac
2466 4471 2717 4526 virtutem
2748 4475 3113 4547 profligautes,
3142 4483 3369 4551 turpiter
3392 4495 3445 4539 et
3468 4485 3781 4558 ignominiose

2226 4557 2470 4616 devictos
2492 4571 2611 4631 post
2651 4567 2851 4622 multos
2884 4579 2937 4625 et
2965 4569 3328 4631 intolerandus
3354 4557 3539 4636 ietusre
3563 4577 3780 4634 ecrtami-
3850 4628 3853 4633 _
3926 4592 3929 4593 '

2235 4650 2389 4704 nibus
2417 4651 2776 4711 dimittebant.
2830 4658 3038 4715 Etenim
3068 4663 3174 4719 illis
3197 4666 3249 4721 in
3279 4671 3507 4740 equulco
3528 4673 3702 4727 vinetis
3721 4671 3782 4722 la-

2231 4754 2343 4799 tera
2371 4744 2661 4812 fodiebant,
2693 4750 2953 4819 profunde
2987 4756 3165 4811 sulcos
3209 4770 3433 4829 agentes
3465 4765 3503 4829 ⁸,
3534 4763 3670 4835 quasi
3701 4773 3779 4816 ter-

2224 4850 2342 4888 ram
2360 4847 2541 4891 aratro
2562 4841 2852 4910 sulcarent,
2885 4860 2990 4900 non
3017 4841 3562 4919 corpora-lacerarent
3590 4874 3602 4910 :
3630 4853 3779 4907 videre

2231 4938 2349 4982 erat
2385 4933 2533 4984 sinus
2567 4943 2804 5002 apertos,
2846 4949 3081 4993 reserata
3120 4942 3306 5008 latera,
3338 4960 3550 5016 pectora
3593 4947 3775 5010 effossa,

2234 5033 2408 5088 neque
2430 5029 2605 5077 tamen
2620 5038 2689 5077 eo
2708 5027 2951 5081 cruciatu
2973 5027 3207 5087 furorem
3230 5049 3386 5091 suum
3414 5039 3678 5108 explebant
3694 5034 3777 5088 illa:

2230 5112 2489 5180 sanguine
2522 5124 2687 5183 pasta:
2737 5117 2959 5185 bellum;
3011 5122 3106 5177 sed
3152 5124 3452 5184 abstractos
3494 5132 3558 5185 ab
3585 5127 3775 5199 equuleo

2231 5202 2485 5272 subjectis
2531 5207 2853 5264 etrbonibus
2897 5211 2950 5265 in
2988 5213 3129 5269 scala
3177 5215 3354 5274 ferrea
3404 5221 3771 5278 extendebant:

2231 5306 2453 5366 tumque
2478 5297 2663 5355 videre
2699 5310 2816 5356 erat
2852 5310 3155 5373 spectacula
3183 5311 3353 5367 multo
3376 5314 3628 5384 prioribus
3649 5323 3774 5366 acer-

2229 5385 2401 5453 biora,
2434 5386 2672 5458 duplices
2717 5402 2896 5461 guttas
2925 5410 2956 5450 e
3000 5398 3319 5468 corporibus
3360 5403 3658 5467 defluentes,
3696 5399 3773 5452 has

2228 5477 2441 5547 quidem
2472 5480 2724 5536 stillantis
2749 5485 3043 5555 sanguinis,
3094 5489 3213 5546 illas
3257 5502 3437 5550 autem
3478 5495 3692 5551 carnium
3718 5489 3768 5542 li-

2228 5555 2594 5637 quel‘actarum
2628 5589 2642 5626 :
2680 5577 2851 5630 sancti
2893 5592 3021 5634 vero
3058 5588 3329 5652 tamquam
3375 5586 3511 5641 inter
3541 5596 3677 5640 rosas
3704 5578 3768 5648 ja-

2229 5671 2415 5717 centes
2440 5664 2492 5719 in
2521 5667 2729 5735 prunis,
2769 5669 2840 5724 ita
2868 5685 2989 5725 cum
3035 5673 3310 5746 voluptate
3349 5696 3466 5751 qua:
3490 5678 3767 5751 gerebantur

2228 5754 2560 5822 Spectabant.

2296 5865 2312 5896 ⁸
2349 5866 2509 5929 Savil.,
2535 5869 2796 5933 profundos
2821 5881 3011 5938 agentes
3034 5875 3083 5927 in
3107 5878 3194 5941 eis,
3212 5887 3262 5933 ut
3285 5880 3351 5934 ita
3378 5884 3543 5947 dicam,
3566 5878 3714 5933 mimo
