4088 6438
332 417 460 473 ,707

345 529 447 582 καὶ
495 524 754 580 ἀθάνατοί
803 527 940 579 εἰσιν
980 528 1198 586 ἐκεῖνοι.
1234 529 1392 581 τοῦτο
1432 531 1525 582 καὶ
1565 535 1613 584 οί
1658 531 1935 602 μάρτυρες

343 613 586 679 ἕξουσιν.
635 609 798 663 Ἀλλά
845 610 939 664 καὶ
977 609 1268 681 ἀσώματον
1297 611 1487 683 ἔλαχον
1519 616 1714 668 ἐκεῖνοι
1738 614 1937 683 φύσιν;

342 696 464 750 Καὶ
490 695 542 747 τί
570 693 765 757 τοῦτο;
791 695 841 746 οἱ
866 693 974 766 γὰρ
1011 690 1286 766 μάρτυρες
1309 698 1357 748 εί
1376 697 1645 769 καὶσῶμα
1666 698 1941 770 περίκειν-

341 797 458 839 ται.
490 778 606 832 ἀλλ’
642 777 937 831 ἀθάνατον·
973 778 1170 849 μᾶλλον
1202 780 1260 832 δέ
1304 781 1397 833 καὶ
1439 782 1543 852 πρὸ
1590 783 1688 852 τῆς
1736 784 1938 836 ἀθανα-

345 864 473 926 σίας
520 861 549 914 6
596 860 690 913 τοῦ
728 859 965 930 Χριστοῦ
1003 860 1231 924 θάνατος
1280 863 1377 932 τῆς
1402 863 1701 928 ἀθανασίας
1740 866 1938 935 μᾶλλον

347 945 689 1009 καλλωπίζει
718 944 784 998 τὰ
818 944 1046 1016 σώματα
1064 957 1110 998 ει.
1140 947 1251 1015 Οὐχ
1288 945 1460 1010 οὕτως
1493 948 1608 1000 ἐστὶ
1636 947 1884 1018 λαμπρὸς
1911 950 1939 1000 6

340 1029 576 1101 ούρανδς
608 1027 686 1098 τῷ
721 1027 866 1099 χορῴ
909 1028 1018 1082 τῶν
1073 1030 1287 1099 ἄστρων
1330 1030 1724 1101 κοσμούμενος,
1765 1032 1841 1095 ὡς
1870 1031 1938 1084 τὰ

343 1102 581 1181 σώματα
606 1110 715 1163 τῶν
760 1111 1052 1183 μαρτύρων
1082 1110 1320 1182 λαμπρῷ
1352 1109 1429 1182 τῷ
1462 1113 1607 1185 χορῷ
1639 1114 1747 1167 τῶν
1776 1131 1938 1184 τραυ-

343 1195 538 1266 μάτων
567 1194 939 1264 κοσμούμενα.
958 1194 1118 1246 Ὢστε
1140 1195 1326 1266 ἐπειδὴ
1353 1196 1642 1261 ἀπέθανον,
1671 1196 1756 1251 διὰ
1778 1196 1936 1250 τοῦτο

344 1278 584 1350 μάλιστα
615 1275 1014 1342 πλεονεκτοῦσι,
1044 1279 1134 1332 καὶ
1164 1278 1266 1350 πρὸ
1291 1280 1388 1349 τῆς
1412 1280 1713 1344 ἀθανασίας
1744 1279 1935 1335 ἔλαϐον

348 1363 410 1418 ςά
439 1363 695 1434 βραδεῖα,
720 1361 829 1415 ἀπὸ
852 1362 947 1415 τοῦ
971 1362 1202 1416 θανάτου
1237 1364 1688 1433 στεφανωθέντες.
1725 1365 1936 1418 Ἦλὰτο

342 1464 547 1511 τωσας
574 1444 764 1501 αὑτὸν
803 1446 1006 1515 βραχύ
1039 1463 1093 1500 τι
1126 1449 1260 1515 παρ’
1284 1447 1599 1517 ἀγγέλους,
1648 1448 1797 1518 δόξῃ
1836 1450 1935 1503 καὶ

337 1529 485 1599 τιμῇ
512 1528 944 1598 ἐστεφάνωσας
974 1528 1182 1592 αὐτόν,
1213 1531 1340 1602 περὶ
1371 1531 1471 1601 τῆς
1509 1533 1696 1603 κοινῆς
1722 1534 1936 1602 φύσεως

335 1613 452 1667 τῶν
502 1611 826 1686 ἀνθρώπων,
867 1614 1034 1685 φησὶν
1068 1614 1096 1666 6
1133 1615 1324 1667 Δαυῖδ’
1355 1614 1491 1676 ἀλλά
1533 1616 1628 1670 καὶ
1674 1617 1733 1671 τὸ
1759 1617 1933 1689 βραχὺ

334 1697 502 1751 τοῦτο
543 1697 989 1768 παραγενόμενος
1033 1698 1062 1750 6
1108 1698 1343 1768 Χριστὸς
1394 1699 1665 1761 ἀπέδωκε,
1720 1700 1934 1774 θανάτῳ

335 1782 575 1835 θάνατον
605 1778 1000 1849 καταδικάσας.
1047 1778 1188 1847 Ἐγὼ
1212 1779 1267 1833 δὲ
1311 1780 1412 1834 ούκ
1445 1781 1693 1834 ἐντεῦθεν
1730 1783 1933 1854 διισχυ⁹

337 1864 590 1937 ρίζομαι,
618 1864 734 1918 ἀλλ’
758 1864 840 1917 ὅτι
863 1862 958 1916 καὶ
980 1863 1039 1915 τὸ
1072 1862 1361 1935 ἐλάττωμα
1392 1863 1550 1917 τοῦτο
1578 1864 1668 1919 τοῦ
1700 1865 1931 1921 θανάτου

339 1948 728 2019 πλεονέκτημα
760 1948 1015 2018 γέγονεν’
1046 1949 1094 2000 εἰ
1124 1947 1233 2019 γάρ
1258 1948 1332 2017 μὴ
1366 1943 1475 2000 εἷεν
1509 1946 1714 2019 θνητοὶ,
1741 1950 1842 2003 οὐκ
1867 1949 1933 2005 ἂν

335 2033 594 2102 ἐγένοντο
643 2030 1000 2103 μάρτυρεςδο
1035 2028 1175 2084 ὥστε
1214 2031 1262 2083 εἱ
1301 2030 1375 2101 μὴ
1418 2030 1647 2095 θάνατος
1685 2027 1775 2103 ἦν,
1811 2033 1932 2086 οὐδὲ

338 2118 611 2185 στέφανος
635 2109 702 2184 ἦν
719 2128 735 2143 ⁸
771 2114 820 2165 εἰ
846 2112 921 2183 μὴ
943 2111 1167 2182 τελευτὴ
1195 2108 1283 2182 ἦν,
1308 2114 1409 2166 οὐκ
1434 2108 1500 2185 ἦν
1524 2113 1819 2186 μαρτύριον
1838 2132 1852 2145 ·
1884 2117 1931 2169 εξ

341 2201 417 2274 μὴ
467 2200 702 2260 θάνατος
740 2192 830 2268 ἦν,
876 2197 977 2249 οὐκ
1012 2196 1244 2267 ἠδύνατο
1288 2196 1499 2259 Παῦλος
1550 2197 1749 2266 λέγειν,
1791 2199 1931 2254 Καθ’

333 2285 571 2355 ἡμέραν
590 2279 977 2348 ἀποθνήσκω,
1011 2278 1090 2347 νὴ
1129 2278 1247 2347 τὴν
1282 2278 1575 2349 ὑμετέραν
1607 2282 1930 2349 καύχησιν,

332 2367 416 2436 ἣν
447 2368 571 2436 ἔχω
596 2365 666 2418 ἐν
689 2362 921 2432 Χριστῷ
954 2361 1167 2430 Ἰησοῦ
1200 2364 1249 2415 εί
1282 2364 1355 2432 μὴ
1386 2362 1611 2425 θάνατος
1638 2364 1731 2417 κα)⁸
1759 2364 1932 2437 φθορά

333 2449 422 2522 ἦν,
453 2452 560 2503 οὐκ
591 2446 823 2517 ἠδύνατο
857 2445 1035 2513 λέγειν
1057 2448 1087 2499 ό
1115 2446 1297 2509 αὑτός·
1320 2447 1512 2514 Χαίρω
1559 2447 1630 2500 ἐν
1676 2447 1798 2513 τοῖς
1822 2465 1933 2502 πα-

332 2533 568 2603 ϐήμασι
575 2548 696 2601 μου
725 2530 872 2607 ὑπὲρ
889 2528 1075 2598 ὑμῶν,
1096 2528 1193 2583 καὶ
1213 2529 1539 2599 ἀναπληρῶ
1557 2539 1579 2569 ε
1600 2530 1671 2585 τὰ
1689 2533 1934 2602 ὑστερήο

332 2635 489 2680 ματα
517 2613 640 2668 τῶν
668 2614 936 2680 θλίψεων
964 2610 1073 2665 τοῦ
1102 2612 1362 2680 Χριστοῦ
1389 2613 1458 2666 ἐν
1481 2611 1557 2681 τῇ
1580 2614 1763 2683 σαρκί
1785 2631 1927 2683 μου.

333 2684 500 2752 Ὠστε
534 2698 612 2768 μὴ
641 2695 920 2768 ἀλγῶμεν,
950 2694 1031 2747 ὅτι
1067 2694 1369 2762 ἐγενόμεθα
1399 2694 1602 2767 θνητοὶ,
1626 2696 1741 2750 ἀλλ’
1769 2698 1932 2768 εὐχα-

334 2782 638 2857 ριστῶμεν,
669 2778 872 2834 ὄτιάπὸ
894 2779 988 2831 τοῦ
1022 2778 1252 2833 θανάτου
1276 2778 1525 2850 ὴνεῴχθη
1559 2781 1689 2851 ἡμῖν
1719 2780 1779 2833 τὸ
1803 2781 1932 2835 στάο

238 2847 256 2867 .
331 2847 444 2922 διον
472 2847 572 2919 τοῦ
605 2862 902 2935 μαρτυρίου
923 2878 937 2891 ο
959 2862 1066 2915 ἀπὸ
1081 2862 1179 2933 τῆς
1207 2847 1707 2933 φθορᾶςνέλάὄομεν
1736 2863 1930 2917 ὑπόθε-

334 2967 419 3003 σιν
446 2949 563 3003 τῶν
589 2946 856 3019 βραδείων
873 2958 886 2973 ’
919 2944 1168 2999 ἐντεῦθεν
1185 2944 1381 3015 ἔχομεν
1414 2946 1669 3017 ἀφορμὴν
1691 2945 1800 2999 τῶν
1825 2965 1928 3002 πα-

331 3033 677 3106 λαισμάτων.
709 3030 870 3100 Ὁρᾷς
896 3029 1089 3098 σοφίαν
1131 3027 1290 3094 Θεοῦ,
1310 3027 1428 3092 πῶς
1456 3027 1517 3082 τὸ
1541 3030 1796 3099 μέγιστον
1820 3033 1928 3084 τῶν

333 3118 541 3179 κακῶν,
572 3117 634 3170 τὸ
654 3115 945 3185 κεφάλαιον
996 3112 1096 3181 τῆς
1134 3111 1409 3183 ἡμετέρας
1440 3113 1750 3183 συμφορᾶς,
1786 3114 1924 3183 ὅπερ

332 3203 634 3272 εἰσήγαγεν
662 3201 689 3252 6
723 3195 989 3259 διάϐολος,
1024 3195 1114 3247 τὸν
1163 3195 1394 3248 θάνατον
1441 3194 1604 3262 λέγω,
1632 3194 1819 3248 τοῦτον
1847 3197 1928 3259 είς

331 3286 492 3356 τιμὴν
529 3283 629 3337 καὶ
660 3281 817 3348 δόξαν
848 3279 1122 3350 ἡμετέραν
1162 3276 1444 3349 μετέϐαλε,
1474 3277 1563 3331 διὰ
1584 3278 1745 3331 τοῦτο
1793 3278 1928 3349 πρὸς

328 3369 398 3423 τά
421 3368 517 3421 τοῦ
548 3365 702 3437 [712]
735 3365 1035 3436 μαρτυρίου
1064 3361 1288 3434 βραδεῖα
1316 3363 1441 3425 τοὺς
1478 3361 1925 3432 ἀθλητὰς-ἄγωνς

335 3452 400 3504 Τί
432 3447 524 3505 οὖν
550 3467 566 3517 ;
595 3450 1068 3521 εὐχαριστήσομεν
1086 3445 1410 3516 τῷδιαὸόλῳ
1428 3444 1516 3498 διὰ
1543 3445 1635 3499 τὸν
1665 3446 1929 3512 θάνατον;

330 3537 420 3608 Μὴ
451 3535 698 3607 γένοιτοῑ
745 3533 806 3585 οὐ
862 3532 969 3603 γὰρ
1016 3530 1117 3602 τῆς
1149 3529 1357 3584 ἐκείνου
1383 3527 1608 3600 γνώμης
1636 3529 1697 3582 τὸ
1729 3531 1928 3601 κατόρ-

332 3618 509 3691 θωμα,
561 3616 699 3671 ἀλλά
726 3616 827 3687 τῆς
870 3616 965 3669 τοῦ
999 3614 1137 3668 Θεοῦ
1166 3614 1358 3684 σοφίας
1388 3613 1449 3666 τὸ
1480 3613 1756 3685 χάρισμα·
1784 3614 1926 3667 ἐκεῖ·

332 3719 419 3764 νος
497 3702 795 3771 εἰσήγαγεν
834 3699 923 3752 ἵνα
976 3697 1255 3769 ἀπολέσῃ,
1309 3696 1405 3750 κα)⁸
1469 3695 1607 3766 πρὸς
1663 3695 1762 3766 τὴν
1821 3697 1924 3768 γῆν

330 3781 698 3854 ἐπαναγαγὼν
736 3783 916 3835 πᾶσαν
949 3781 1156 3853 ἐκκόψῃ
1186 3778 1459 3849 σωτηρίας
1481 3777 1668 3831 ἐλπίδα
1688 3795 1702 3809 ο
1737 3781 1764 3832 6
1788 3780 1925 3849 Χρι-

331 3868 452 3932 στὸς
477 3869 533 3921 δὲ
572 3866 705 3920 αὐτὸ
729 3864 912 3919 λαϐὼν
942 3862 1295 3936 μετέστρεφε,
1321 3862 1415 3914 καὶ
1449 3864 1529 3925 είς
1560 3861 1651 3915 τὸν
1696 3862 1924 3932 οὐρανὸν

329 3951 476 4020 ἡμᾶς
506 3950 581 4005 δι’
618 3949 783 4003 αὐτοῦ
810 3948 971 4003 πάλιν
1008 3949 1271 4018 ἀνήγαγε.
1307 3944 1511 4016 Μηδεὶς
1532 3940 1625 3999 οὖν
1649 3945 1803 4016 ἡμῶν
1825 3962 1925 3998 κα-

329 4032 741 4103 ταγινωσκέτω,
773 4035 823 4086 εἰ
854 4031 1012 4102 χορὸν
1033 4032 1129 4084 καὶ
1194 4028 1497 4101 παράταξιν
1548 4029 1783 4082 ἐκάλεσα
1814 4028 1921 4082 τῶν

335 4118 632 4189 μαρτύρων
678 4116 739 4169 τὸ
776 4115 1070 4186 πλήρωμα,
1128 4113 1222 4168 δύο
1275 4112 1493 4166 ἐναντία
1546 4112 1785 4184 ὀνόματα
1840 4113 1922 4166 ἐνὶ

336 4203 619 4273 πράγματι
651 4200 819 4264 τιθείς
847 4216 858 4229 ·
889 4199 1048 4270 χορὸς
1080 4197 1188 4269 γὰρ
1216 4197 1311 4250 καὶ
1344 4192 1649 4268 παράταξις
1678 4196 1918 4260 ἐναντία,

332 4284 444 4336 ἀλλ’
491 4284 728 4339 ἐνταῦθα
788 4281 1048 4352 συνῆλθον
1087 4278 1402 4352 ἀμφότεραο
1434 4279 1529 4332 καὶ
1581 4278 1690 4349 γὰρ
1731 4278 1920 4351 ὥσπερ

333 4370 652 4437 χορεύοντες
682 4369 776 4421 ἐπὶ
807 4367 906 4431 τὰς
941 4365 1209 4439 βασάνους
1235 4364 1404 4435 ᾔεσαν
1439 4360 1787 4432 μεθήδονῆς,
1826 4363 1920 4416 καὶ

332 4448 519 4523 ὥσπερ
543 4450 907 4521 πολεμοῦντες
926 4448 1098 4512 οὕτως
1119 4446 1371 4518 ἀνδρείαν
1393 4447 1573 4498 πᾶσαν
1607 4445 1699 4498 καὶ
1719 4462 1919 4514 καρτε-

336 4531 454 4601 ρίαν
495 4534 861 4599 ἐπεδείξαντο,
889 4532 983 4585 καὶ
1008 4530 1114 4583 τῶν
1157 4529 1412 4585 ἐναντίων
1460 4530 1789 4600 ἐκράτησαν.
1822 4529 1917 4582 Ἂν

219 4642 229 4654 -
337 4614 433 4683 μὲν
464 4617 573 4671 τῶν
598 4613 941 4687 γινομένωνά
970 4613 1070 4686 τὴν
1095 4611 1257 4682 φύσιν
1286 4612 1423 4685 ἴδῃς,
1452 4612 1598 4681 μάχη
1634 4611 1729 4663 καὶ
1759 4610 1919 4664 πόλε-

338 4714 435 4766 μος
479 4702 574 4752 καὶ
618 4698 921 4771 παράταξις
950 4697 1018 4751 τὰ
1055 4696 1340 4766 γινόμενα·
1390 4695 1454 4749 ἂν
1483 4695 1539 4747 δὲ
1566 4695 1663 4764 τὴν
1692 4692 1919 4765 γνώμην

334 4778 438 4831 τῶν
473 4782 771 4853 γινομένων
802 4780 1083 4853 ἐξετάσῃς,
1109 4780 1261 4850 χοροὶ
1306 4778 1401 4831 καὶ
1430 4776 1608 4831 θαλίαι
1647 4779 1739 4830 καὶ
1783 4794 1916 4830 παν-

339 4861 562 4933 ηγύρεις
586 4865 680 4918 καὶ
702 4864 931 4935 μεγίστη
955 4862 1115 4934 ἡδονὴ
1144 4862 1213 4915 τά
1237 4860 1567 4930 τελούμενα..

406 4945 596 5000 Βούλει
633 4948 823 5018 μαθεῖν
854 4948 931 5011 ὼς
983 4947 1220 5016 πολέμου
1260 4945 1432 4998 ταῦτα
1472 4944 1910 5016 φρικωδέστερα;

334 5023 401 5078 τά
422 5027 530 5082 τῶν
558 5030 852 5102 μαρτύρων
881 5030 1043 5098 λέγω.
1074 5028 1139 5081 Τί
1166 5028 1297 5081 ποτέ
1329 5030 1475 5081 ἐστιν
1509 5029 1565 5079 ἐν
1588 5026 1666 5097 τῷ
1694 5027 1912 5097 πολέμῳ

333 5106 392 5167 τὸ
423 5114 680 5182 φρικτόν;
715 5113 1062 5186 Στρατόπεδα
1110 5113 1340 5181 ἐστηκεν
1373 5110 1713 5183 ἑκατέρωθεν
1759 5128 1912 5180 περι-

396 5233 423 5263 ⁸
444 5234 596 5300 Sayil.
624 5239 818 5295 θάνατος
847 5244 927 5297 τῆς
946 5239 1201 5295 ἀθανασίας
1223 5239 1399 5300 μᾶλλον
1421 5237 1706 5300 καλλωπίζει
1728 5238 1788 5285 τὰ
1808 5238 1907 5285 σὼ-

336 5306 475 5360 ματα.
498 5298 619 5360 ﬂeg.
648 5315 761 5349 mss.
786 5302 980 5355 θάνατος
998 5307 1082 5358 τῆς
1102 5298 1357 5355 ἀθανασίας
1377 5300 1518 5349 πλέον
1546 5298 1703 5354 αὐτοῖς
1724 5300 1910 5347 καλλω-

336 5353 667 5427 πίζεμςιιοῇξ.
693 5368 750 5426 τῇ
776 5353 1008 5427 ἀθανασίᾳ
1046 5353 1225 5427 μᾶλλον
1264 5353 1423 5427 καλλι-
1453 5360 1621 5427 νεμίον
1647 5353 1905 5427 ρηοςι-βιιις..

333 5414 561 5493 θίῶηρι
593 5425 688 5470 τῶν
703 5414 1199 5493 ’τραυμάτωνζηὶοιίιιε
1215 5435 1359 5493 (“nam
1384 5420 1556 5493 Morel:
1578 5414 1813 5493 eysgwnl

333 5480 575 5554 ἒξξιξχῶν
598 5499 668 5547 τρ.
696 5480 1093 5554 (ϋιιοίεειὶοηειη
1135 5480 1327 5554 ξᾳυὶιίί,
1351 5488 1508 5551 ugpole
1528 5480 1757 5554 ξιιειὶιιιιαι
1777 5480 1910 5533 coni-

332 5540 571 5595 Parau'om'
592 5540 746 5608 niagis
768 5557 1046 5602 congruum,
1072 5540 1321 5594 restituere
1343 5540 1500 5592 viéum
1518 5550 1629 5601 est;

393 5593 421 5632 δ
444 5600 563 5651 Rea.
592 5620 721 5651 unus
752 5607 908 5651 θντιτοὶ
940 5606 1027 5651 οὐκ
1048 5608 1104 5651 ἂν
1125 5607 1369 5651 ἀπέθανον·
1395 5605 1433 5651 εἰ
1459 5606 1522 5651 μὴ
1543 5605 1791 5651 ἀπέθανον.
1818 5603 1865 5651 ού

393 5606 421 5632 ⁵
444 5606 563 5665 Reg.
592 5606 721 5656 umis
752 5607 908 5665 θνητοὶ
940 5606 1027 5654 οὐκ
1048 5608 1104 5655 ἀν
1125 5607 1369 5654 ἀπέθανον·
1395 5606 1433 5651 εἰ
1459 5606 1522 5667 μὴ
1543 5606 1791 5663 ἀπέθανον,
1818 5606 1907 5651 οὐκ

332 5654 615 5733 ὼρέτῇνῖο
638 5669 777 5733 MPT:
868 5730 885 5733 ς

393 5720 917 5798 ξέᾼηὶβιντᾶγηάπληρῶο
997 5790 1095 5798 _.
1223 5791 1245 5798 μ
1323 5790 1334 5798 ,
1472 5787 1515 5798 ..
1612 5788 1622 5798 .
1703 5788 1725 5798 -

387 5778 583 5884 :Savil.
606 5805 662 5841 et
680 5791 803 5853 Reg.
817 5778 951 5840 ὖηιιε
962 5790 1055 5838 τῶν
1074 5790 1443 5850 ἀγωνιζομένων.
1472 5787 1623 5839 Morel
1668 5788 1760 5834 τῶν
1780 5804 1907 5848 γινο-

412 5856 493 5884 ων,

412 5856 493 5891 ων.

1549 418 1634 474 DE
1675 420 1966 476 SANCTIS
2009 421 2479 483 MARTYRIBUS.

3519 443 3625 496 ποι

2046 538 2430 607 πεφραγμένοι,
2466 538 2859 611 ἀπολάμποντα
2892 546 3004 608 τοῖς
3035 545 3237 609 ὅπλοις,
3268 549 3361 602 καὶ
3399 550 3496 624 τὴν
3533 560 3638 628 γῆν

2042 630 2477 698 καταυγάζοντα,
2505 633 2642 703 νέφη
2678 633 2848 704 βελῶν
2876 636 3097 705 ἀφίεται
3122 644 3462 713 πανταχόθεν
3497 651 3634 703 ἀπο-

2043 719 2352 790 κρύπτοντα
2374 723 2466 776 τὸν
2489 724 2627 795 ἀέρα
2659 724 2735 795 τῷ
2769 726 2985 798 πλήθει,
3035 730 3239 799 ρύακες
3265 737 3518 806 αἱμάτων
3539 740 3637 794 ἐπὶ

2040 810 2138 879 τῆς
2169 813 2273 882 γῆς
2308 813 2582 882 φέρονται.
2623 816 2716 870 καὶ
2755 816 2925 872 πολλά
2960 822 3237 892 πανταχοῦ
3267 825 3336 878 τὰ
3361 829 3631 901 πτώματα

2041 903 2292 974 καθάπερ
2319 906 2375 957 ἐν
2396 906 2595 977 ἀμητῷ
2629 908 2936 980 ἀσταχύων,
2966 911 3109 966 οὕτω
3145 915 3254 969 τῶν
3286 923 3632 991 στρατιωτῶν

2040 994 2357 1064 ἐπαλλήλων
2379 1001 2859 1069 καταφερομένων.
2891 1003 3030 1074 Φέρε
3051 1000 3145 1058 οὖν
3167 1007 3261 1060 ἀπ’
3284 1011 3507 1067 ἐκείνων
3538 1013 3632 1068 ἐπὶ

2038 1085 2241 1155 ταύτην
2264 1086 2453 1155 ἀγάγω
2475 1104 2534 1141 σε
2550 1089 2649 1160 τὴν
2666 1089 2866 1162 μάχην.
2880 1094 2992 1148 Καὶ
3008 1096 3242 1151 ἐνταῦθα
3263 1100 3355 1153 δύο
3377 1106 3629 1175 παρατά-

2040 1175 2208 1245 ξεις,ἡ
2240 1176 2337 1246 μὲν
2359 1177 2467 1230 τῶν
2499 1181 2810 1252 μαρτύρων.
2831 1184 2863 1253 ἡ
2891 1185 2948 1237 δὲ
2978 1185 3087 1240 τῶν
3104 1189 3415 1261 τυράννων*
3438 1194 3554 1248 ἀλλ’
3577 1198 3628 1249 οἱ

2041 1265 2143 1337 μὲν
2194 1265 2473 1357 τύραννοίθ
2499 1271 2605 1322 είσι
2665 1273 3120 1345 καθωπλισμένοι,
3167 1281 3215 1332 οί
3247 1281 3306 1334 δέ
3347 1283 3629 1357 μάρτυρες

2037 1356 2230 1428 γυμνῷ
2240 1357 2317 1429 τῷ
2338 1358 2551 1431 σώματι
2572 1361 2853 1433 μάχονται,
2876 1368 2970 1421 καὶ
2992 1370 3024 1441 ἡ
3042 1360 3164 1442 νίκη
3184 1373 3291 1427 τῶν
3307 1356 3548 1446 γυμνῶν,
3564 1380 3625 1433 ού

2035 1450 2145 1541 τῶν
2174 1448 2637 1524 καθωπλισμένων
2664 1456 2892 1525 γίνεται,
2922 1461 3017 1525 Τίς
3050 1464 3149 1518 οὐκ
3182 1464 3247 1519 ἂν
3302 1469 3624 1541 ἐκπλαγείη,

2034 1540 2116 1594 ὄτι
2146 1541 2175 1593 ό
2199 1541 2593 1612 μαστιζόμενος
2614 1546 2949 1616 περιγίνεται
2975 1549 3069 1603 τοῦ
3095 1554 3465 1622 μαστίζοντος,
3491 1559 3520 1612 6
3540 1540 3629 1613 δέ-

2034 1628 2089 1681 δε
2098 1629 2255 1698 μένος
2285 1629 2379 1683 τοῦ
2393 1629 2709 1702 λελυμένου,
2731 1635 2759 1686 6
2778 1639 3207 1709 κατακαιόμενος
3235 1644 3330 1697 τοῦ
3358 1647 3625 1712 καίοντος,

2034 1721 2063 1772 6
2088 1719 2448 1790 ἀποθνήσκων
2467 1721 2560 1775 τοῦ
2578 1722 2929 1794 ἀναιροῦντος
2946 1742 2959 1791 ;
2979 1721 3133 1791 Εἶδες
3155 1730 3269 1794 πῶς
3284 1733 3455 1787 ταῦτα
3478 1735 3641 1795 ἐκείο,

2035 1823 2141 1860 νων
2162 1808 2603 1882 φρικωδέστερα;
2640 1811 2854 1865 Ἐκεῖνα
2888 1813 2985 1884 μὲν
3017 1817 3066 1868 εί
3102 1816 3196 1871 καὶ¹
3232 1819 3458 1891 φοϐερὰ,
3489 1823 3625 1878 ἀλλὰ

2036 1896 2176 1950 κατά
2197 1895 2357 1965 φύσιν
2375 1897 2604 1966 γίνεται’
2627 1899 2800 1954 ταῦτα
2818 1900 2874 1953 δέ
2905 1903 3087 1957 πᾶσαν
3107 1905 3423 1976 ὑπερϐαίνει
3441 1909 3622 1979 φύσιν,

2036 1987 2132 2038 καὶ
2162 1986 2342 2040 πᾶσαν
2363 1989 2705 2061 πραγμάτων
2742 1991 3083 2055 ἀκολουθίαν,
3113 1994 3201 2047 ἵνα
3222 1996 3399 2067 μάθῃς
3419 1998 3500 2052 ὃτι
3523 2000 3625 2071 τῆς

2034 2071 2127 2126 τοῦ
2153 2072 2289 2127 Θεοῦ
2322 2075 2545 2147 χάριτός
2594 2078 2710 2131 ἐστι
2756 2076 2827 2131 τὰ
2874 2080 3304 2153 κατορθούμενα.
3340 2087 3537 2141 Καίτοι
3561 2089 3625 2142 ,τί

2034 2162 2135 2232 τῆς
2164 2162 2343 2235 μάχης
2372 2162 2578 2235 ταύτης
2618 2165 2975 2237 ἀδικώτερονς
3005 2168 3061 2222 τί
3094 2172 3203 2223 τῶν
3230 2172 3622 2245 παλαισμάτων

2036 2250 2529 2325 παρανομώτερον;
2565 2254 2657 2308 Ἐν
2698 2254 2796 2324 μὲν
2824 2255 2932 2326 γάρ
2951 2259 3065 2320 τοῖς
3093 2258 3348 2330 πολέμοις
3377 2264 3623 2333 ἀμφότεα

2038 2355 2119 2410 ροι
2161 2340 2491 2410 φράττονται
2514 2342 2562 2394 οί
2595 2342 2889 2413 μαχόμενοι
2907 2360 2921 2374 θ
2955 2345 3192 2400 ἐνταῦθα
3220 2348 3275 2401 δὲ
3297 2349 3395 2420 ούχ
3424 2350 3618 2416 οὕτως,

2033 2426 2149 2480 ἀλλ’
2186 2428 2213 2479 6
2239 2428 2339 2498 μὲν
2370 2428 2596 2498 γυμνὸς,
2620 2431 2647 2482 6
2668 2429 2725 2482 δὲ
2761 2430 3138 2487 καθώπλισται
3160 2450 3173 2464 ·
3202 2435 3261 2488 ἐν
3290 2440 3403 2502 τοῖς
3444 2440 3620 2506 ἀγῶσι

2033 2513 2194 2567 πάλιν
2248 2514 2578 2585 ἀμφοτέροις
2628 2516 2803 2581 ἔξεστι
2840 2519 2938 2583 τὰς
2985 2523 3174 2591 χεῖρας
3201 2525 3495 2598 ἀνταίρειν,
3536 2530 3623 2582 ἐν-

2031 2601 2206 2657 ταῦθα
2247 2603 2305 2656 δέ
2349 2605 2378 2657 6
2426 2603 2523 2674 μὲν
2568 2604 2796 2663 δέδεται.
2829 2609 2857 2659 ὁ
2893 2607 2948 2660 δὲ
2980 2611 3096 2678 μετ’
3130 2611 3378 2677 ἐξουσίας
3425 2616 3621 2685 ἐπάγει

2031 2690 2130 2754 τὰς
2164 2690 2397 2763 πληγὰς,
2417 2693 2509 2746 καὶ
2540 2692 2791 2764 καθάπερ
2815 2696 2879 2748 ἐκ
2905 2698 3216 2766 τυραννίδος
3232 2701 3377 2765 τινὸς
3409 2705 3622 2770 ἑαυτοῖς

2034 2782 2133 2851 μὲν
2158 2781 2220 2834 τὸ
2250 2782 2436 2845 κακῶς
2472 2785 2645 2835 ποιεῖν
2682 2783 3178 2856 ἀποκληρώσαντες
3214 2789 3263 2840 οἱ
3284 2790 3618 2860 δικάζοντες,

2029 2872 2142 2933 τοῖς
2177 2869 2406 2935 δικαίοις
2458 2870 2516 2924 δὲ
2563 2870 2799 2943 μάρτυσι
2833 2873 2891 2927 τὺ
2928 2876 3160 2945 πάσχειν
3187 2879 3373 2944 κακῶς
3399 2882 3621 2936 ἀπονεί-

2034 2975 2254 3029 μαντες,
2286 2958 2427 3012 οὔτω
2454 2959 2856 3030 συμπλέκονται
2879 2964 2992 3028 τοῖς
3035 2965 3231 3030 ἁγίοις.
3262 2968 3355 3020 καὶ
3397 2969 3516 3022 οὐδὲ
3539 2970 3623 3024 οὗ⁴

2030 3065 2137 3110 τως
2170 3046 2350 3100 αὐτῶν
2378 3047 2772 3118 περιγίνονται,
2815 3049 2952 3103 ἀλλᾶ
2993 3052 3132 3122 μετά
3181 3054 3281 3125 τὴν
3334 3057 3620 3128 ἀνώμαλον

2028 3135 2233 3205 ταύτην
2267 3136 2447 3206 μάχην
2502 3135 2827 3215 ἡττηθέντες
2888 3139 3232 3211 ἀναχωροῦσι
3255 3159 3269 3172 ⁶
3303 3145 3398 3197 καὶ
3422 3147 3621 3200 ταυτὸν

2029 3223 2236 3292 γίνεται
2260 3217 2370 3275 οἷον
2405 3222 2470 3275 ἂν
2492 3222 2647 3287 εἴτις
2680 3224 3015 3297 πολεμιστὴν
3044 3225 3330 3298 ἄνθρωπον
3361 3233 3440 3296 είς
3463 3234 3620 3288 πόλε-

2032 3328 2129 3380 μον
2163 3309 2494 3379 εἰσαγαγὼν,
2530 3313 2624 3365 καὶ
2657 3312 2748 3366 τοῦ
2788 3312 3010 3384 δόρατος
3048 3315 3146 3386 τὴν
3182 3318 3387 3389 αἰχμὴν
3416 3322 3619 3376 ἀποκό-

2026 3400 2151 3470 ψας,
2199 3401 2293 3453 καὶ
2321 3398 2411 3452 τὸν
2439 3399 2665 3471 θώρακα
2693 3401 2991 3469 ἀποδύσας,
3022 3402 3164 3456 οὕτω
3196 3405 3392 3481 κελεύῃ
3425 3412 3617 3483 γυμνῷ

2026 3487 2103 3558 τῷ
2139 3486 2288 3559 [715]
2332 3486 2545 3558 σώματι
2595 3488 2939 3559 μάχεσθαι,ὁ
2991 3490 3048 3544 δὲ
3098 3492 3468 3565 πληττόμενος
3521 3498 3619 3552 καὶ
3674 3500 3683 3507 ’

2027 3575 2321 3645 παιόμενος
2352 3574 2447 3628 καὶ
2472 3574 2736 3629 πάντοθεν
2784 3576 2953 3646 μυρία
2984 3578 3273 3649 δεχόμενος
3323 3584 3619 3655 τραύματα

2024 3663 2283 3734 τρόπαιον
2318 3662 2554 3731 στήσειε.
2586 3664 2695 3717 Καὶ
2737 3664 2845 3735 γάρ
2884 3665 3020 3729 τοὺς
3057 3667 3340 3741 μάρτυρας
3374 3674 3615 3744 γυμνοὺς

2024 3752 2248 3819 ἄγοντες
2269 3760 2315 3812 ε,
2341 3749 2435 3803 καὶ
2465 3750 2563 3814 τὰς
2588 3753 2776 3821 χεῖρας
2804 3752 2979 3806 ὀπίσω
3008 3751 3273 3825 δήσαντες
3331 3759 3425 3811 καὶ
3453 3759 3613 3813 “πάν-

2022 3838 2178 3891 τοθεν
2218 3836 2473 3899 παίοντες
2518 3838 2613 3891 καὶ
2644 3838 3077 3904 καταξαίνοντες,
3118 3840 3290 3907 οὕτως
3335 3846 3575 3915 ἡττῶντο
3596 3865 3609 3878 ·

2023 3926 2069 3977 οἱ
2100 3924 2157 3978 δὲ
2189 3924 2257 3978 τά
2301 3923 2591 3995 τραύματα
2622 3925 2924 3997 δεχόμενοι,
2949 3927 3011 3980 τὸ
3059 3929 3197 3982 κατὰ
3228 3932 3321 3984 τοῦ
3366 3933 3613 3988 διαόόλου

2022 4012 2279 4081 τρόπαιον
2317 4012 2567 4082 ἔστησαν.
2601 4012 2710 4065 Καὶ
2732 4013 2985 4084 καθάπερ
3003 4014 3215 4085 ἀδάμας
3244 4017 3614 4090 πληττόμενος

2024 4099 2185 4162 αὐτὸς
2206 4100 2305 4169 μὲν
2319 4100 2418 4153 οὐκ
2434 4100 2725 4164 ἐνδίδωσιν,
2738 4102 2857 4155 οὐδὲ
2877 4104 3232 4172 μαλάσσεται,
3249 4106 3338 4158 τὸν
3358 4106 3413 4159 δὲ
3430 4107 3613 4161 παίον-

2021 4203 2092 4239 τα
2112 4186 2318 4239 διαλύει
2353 4187 2591 4257 σίδηρον-
2616 4187 2767 4241 οὕτω·
2786 4189 2849 4257 δὴ
2870 4192 2966 4244 καὶ
2989 4194 3044 4245 αί
3067 4192 3238 4263 ψυχαὶ
3271 4192 3379 4246 τῶν
3414 4194 3606 4261 ἁγίων,

2022 4273 2290 4328 τοσούτων
2314 4274 2667 4344 ἐπαγομένων
2684 4276 3133 4347 βασάνων,αὐταὶ
3169 4281 3267 4350 μὲν
3295 4281 3447 4334 οὐδὲν
3469 4280 3607 4334 ἔπα-

2024 4378 2150 4431 σχον
2184 4361 2376 4425 δεινὸν,
2411 4361 2519 4413 τῶν
2550 4361 2606 4415 δέ
2641 4362 2914 4418 παιόντων
2936 4364 3033 4437 τὴν
3060 4365 3287 4435 δύναμιν
3314 4366 3608 4420 καταλύου-

2024 4465 2134 4510 σαι,
2165 4450 2406 4519 αἰσχρῶς
2444 4450 2536 4503 καὶ
2584 4452 3006 4519 καταγελάστως
3035 4453 3368 4525 ἡττηθέντας
3400 4456 3465 4508 ἐκ
3494 4455 3604 4507 τῶν

2022 4537 2247 4605 ἀγώνων
2270 4538 2578 4607 ἐξέπεμπον
2612 4539 2750 4608 μετά
2793 4540 2993 4603 πολλὰς
3019 4542 3113 4594 καὶ
3138 4542 3443 4611 ἀφορήτους
3469 4541 3606 4612 πλη-

2018 4624 2140 4691 γάς.
2183 4624 2294 4677 Καὶ
2337 4623 2446 4693 γάρ
2498 4626 2838 4696 προσέδησαν
2861 4628 3059 4690 αὐτοὺς
3085 4628 3159 4697 τῷ
3188 4626 3351 4696 ξύλῳ,
3385 4629 3478 4682 καὶ
3504 4630 3602 4691 τὰς

2019 4710 2260 4780 πλευρὰς
2304 4711 2621 4781 διώρυττον,
2680 4712 3080 4782 ἐμϐαθύνοντες
3128 4714 3391 4777 αὔλακας,
3430 4714 3600 4769 καθά-

2018 4814 2124 4867 περ
2150 4797 2254 4866 γῆν
2276 4797 2657 4868 ἀροτριῶντες,
2684 4799 2797 4852 ἀλλ’
2827 4801 2887 4853 οὐ
2917 4799 3146 4869 σώματα
3170 4802 3447 4872 σχίζοντες
3465 4819 3478 4833 ·
3507 4805 3601 4857 καὶ

2014 4881 2082 4956 ἦν
2145 4886 2274 4940 ίδεῖν
2306 4886 2540 4955 λαγόνας
2572 4889 3118 4960 ἀναπεπετασμένας,
3157 4889 3372 4961 πλευρά
3430 4893 3601 4963 ἀνεῳ-

2014 4974 2171 5043 γότα,
2204 4974 2372 5047 στήθη
2396 4975 2786 5049 διεῤῥηγμένα,
2817 4979 2911 5031 καὶ
2943 4979 3064 5032 οὐδὲ
3100 4978 3335 5033 ἐνταῦθα
3361 4980 3460 5050 τῆς
3496 4997 3598 5052 μα-

2014 5059 2133 5123 νίας
2167 5059 2463 5131 ἔστησανώ
2499 5063 2781 5135 αἱμοϐόροι
2836 5064 3002 5137 θῆρες
3057 5067 3274 5126 ἐκεῖνοι.
3304 5066 3439 5120 ἀλλά
3492 5066 3599 5119 ἀπὸ

2012 5146 2107 5201 τοῦ
2159 5147 2315 5215 ξύλου
2353 5150 2670 5215 καθελόντες
2705 5154 2846 5223 ὑπὲρ
2889 5153 2998 5205 τῶν
3018 5154 3306 5227 ἀνθράκων
3336 5154 3427 5207 ἐπὶ
3450 5153 3597 5223 σιδη-

2016 5236 2113 5306 ρᾶς
2139 5235 2404 5306 κλίμακος
2437 5236 2668 5292 ἔτεινον⁸
2706 5240 2801 5294 καὶ
2829 5236 2895 5312 ἦν
2935 5242 3061 5295 ἰδεῖν
3079 5241 3241 5296 πάλιν
3293 5240 3592 5311 πικρότεροι

2010 5319 2119 5373 τῶν
2147 5322 2430 5393 προτέρων
2478 5324 2746 5396 θεάματα,
2770 5327 2964 5391 διπλᾶς
2994 5327 3440 5398 καταφερομένοις
3474 5344 3594 5380 στα-

2011 5406 2169 5473 γόνας
2194 5409 2258 5461 ἐκ
2288 5411 2396 5463 τῶν
2415 5410 2703 5481 σωμάτων,
2735 5414 2833 5477 τάς
2859 5415 2956 5486 μὲν
2979 5414 3072 5467 τοῦ
3092 5416 3321 5483 αἵματος
3352 5414 3590 5487 ῥέοντος,

2009 5494 2107 5556 τὰς
2129 5494 2186 5547 δὲ
2218 5495 2326 5549 τῶν
2361 5497 2576 5568 σαρκῶν
2610 5490 2928 5570 τηκομένων
2952 5518 2965 5530 ·
2992 5505 3038 5555 οἱ
3070 5502 3123 5554 δὲ
3152 5501 3297 5570 ἆγιοι
3339 5501 3591 5575 καθάπερ

2010 5579 2101 5632 ἐπὶ
2122 5581 2288 5649 ῥόδων
2323 5583 2564 5653 κείμενοι
2591 5584 2698 5638 τῶν
2724 5587 3030 5659 ἀνθράκων,
3059 5586 3201 5643 οὕτω
3252 5587 3369 5659 μεθ’
3404 5586 3594 5659 ἡδονῆς

2007 5665 2073 5718 τά
2094 5667 2352 5736 γινόμενα
2380 5669 2656 5742 ἐθεώρουν.

2076 5878 2093 5901 ε
2115 5872 2207 5920 Alii
2234 5869 2516 5932 εἰσάγοντες.
