4088 6434
395 413 500 468 709

463 528 519 588 2.
549 532 616 583 At
639 537 694 583 tu
719 528 846 584 dum
865 528 1064 585 scalam
1084 527 1235 584 audis
1255 525 1504 590 ferream,
1524 523 1817 595 spiritualis
1837 523 1981 579 illius

393 621 556 677 scala:
583 622 891 690 recordare,
909 638 1070 694 quam
1102 620 1402 693 patriarcha
1427 619 1559 675 vidit
1583 618 1751 676 Jacob
1778 634 1808 672 a
1837 628 1979 673 terra

394 714 447 767 in
478 713 667 768 caelum
708 724 986 769 extensam
1019 731 1032 766 :
1073 728 1169 784 per
1206 713 1353 768 illam
1381 711 1555 783 angeli
1583 708 1981 765 descendebant

393 801 547 874 (Gen.
577 802 670 858 28.
705 804 819 873 l3),
852 818 951 875 per
991 805 1129 859 hanc
1165 817 1294 859 vero
1338 811 1605 874 martyres
1637 799 1933 859 ascendunt
1963 816 1978 857 :

391 895 606 963 utrique
633 895 884 951 Dominus
914 902 998 951 est
1038 895 1273 950 innixus.
1320 893 1438 950 Non
1482 893 1782 964 potuissent
1806 890 1979 947 sancti

392 984 480 1040 isti
504 983 721 1041 doleres
750 984 1008 1055 perferre,
1037 985 1141 1040 nisi
1166 985 1291 1041 huic
1318 985 1482 1039 innixi
1505 984 1757 1039 fuissent.
1781 982 1860 1037 Ac
1880 995 1979 1052 per

391 1078 536 1132 illam
577 1076 794 1148 quidem
841 1078 1139 1134 ascendunt
1176 1087 1235 1133 et
1275 1077 1609 1134 descendunt
1637 1074 1854 1146 angeli:
1882 1088 1981 1145 per

391 1169 529 1225 hanc
557 1185 684 1224 vero
711 1171 1002 1226 ascendere
1019 1180 1283 1243 martyres
1305 1171 1475 1227 cuivis
1505 1169 1843 1228 manifestum
1866 1178 1975 1227 est.
2034 1230 2043 1239 ,

389 1259 528 1328 Quid
556 1261 667 1316 ita?
696 1260 849 1328 Quod
880 1262 958 1316 illi
989 1263 1205 1332 quidem
1232 1264 1283 1317 in
1305 1263 1660 1318 ministerium
1684 1271 1807 1318 sunt
1826 1261 1979 1318 missi

389 1368 598 1420 eorum,
618 1354 710 1424 qui
730 1352 1087 1411 hereditatem
1105 1357 1316 1426 capient
1337 1355 1525 1409 salutis
1542 1353 1727 1428 (Hebr.
1746 1354 1772 1409 i
1793 1392 1808 1408 .
1842 1351 1933 1424 M)
1958 1370 1973 1408 :

389 1442 478 1500 isti
501 1458 629 1498 vero
652 1452 922 1514 tamquam
939 1446 1156 1500 athleta:
1170 1454 1328 1516 atque
1348 1445 1579 1500 victores
1596 1444 1979 1502 certaminibus

390 1534 649 1590 absolutis
685 1533 940 1605 deinceps
978 1536 1047 1592 ad
1090 1535 1466 1607 agonothetam
1514 1536 1826 1606 pergebant.
1868 1535 1977 1590 Ve-

388 1626 792 1684 rumestimvcro
843 1642 911 1682 ne
936 1629 1229 1684 oscitanter
1259 1629 1539 1684 audiamus
1566 1644 1685 1697 quas
1703 1628 1972 1695 dicuntur,

389 1717 515 1775 dum
555 1718 804 1777 audimus
841 1720 1114 1790 subjectas
1160 1719 1326 1778 fuisse
1365 1721 1680 1790 corporibus
1730 1720 1976 1781 laceratis

390 1825 607 1879 prunas,
645 1810 740 1871 sed
783 1812 1081 1882 cogitemus
1117 1813 1325 1882 quales,
1353 1812 1441 1866 ubi
1491 1811 1656 1866 febris
1698 1811 1974 1866 nosinva-

386 1902 538 1964 serit,
571 1902 743 1958 simus
771 1920 786 1956 :
818 1902 983 1957 vitam
1005 1902 1163 1958 nobis
1187 1903 1528 1974 iniucundam
1549 1909 1604 1958 et
1628 1904 1973 1973 peracerbum

387 2001 656 2060 putamus,
704 1993 1123 2063 lngemiscimus,
1171 1994 1514 2063 impatienter
1552 1991 1797 2060 ferimus,
1837 2002 1974 2048 tam-

382 2098 544 2154 quam
575 2084 781 2153 parvuli
797 2084 1027 2140 infantes
1052 2085 1413 2155 indignamur,
1436 2086 1613 2156 ignem
1636 2086 1786 2140 illum
1806 2086 1972 2145 nihilo

383 2177 648 2232 mitiorem
671 2178 913 2247 gehenna
936 2188 1188 2249 putamus
1221 2197 1235 2233 :
1264 2190 1316 2234 at
1342 2180 1430 2234 isti
1465 2195 1572 2234 non
1603 2180 1974 2235 fehreineum-

382 2269 563 2335 beate,
604 2269 699 2324 sed
726 2269 942 2329 llantnta
970 2271 1094 2325 illos
1117 2270 1355 2341 undique
1405 2270 1705 2338 obsidente,
1737 2286 1802 2326 ac
1823 2273 1968 2326 sciu-

384 2361 510 2417 tillis
535 2361 587 2415 in
619 2362 798 2417 ulcera
824 2363 1248 2434 prosilienlibus,
1269 2372 1325 2418 et
1347 2364 1536 2434 quavis
1566 2365 1676 2418 fera
1702 2364 1972 2420 crudelius

380 2456 601 2512 vulnera
635 2457 1034 2524 vellicantibus,
1073 2458 1294 2529 perinde
1320 2457 1473 2529 quasi
1518 2466 1700 2514 essent
1725 2458 1974 2514 adaman-

380 2550 497 2615 tiui,
530 2560 586 2605 et
612 2550 665 2606 in
691 2550 882 2607 alienis
907 2552 1006 2606 ista
1044 2551 1363 2620 corporibus
1394 2552 1512 2606 lteri
1550 2561 1855 2616 cernerent,
1898 2553 1969 2607 ita

376 2660 658 2716 generose,
686 2661 751 2700 ac
795 2660 919 2700 cum
944 2660 1029 2713 ea,
1055 2661 1176 2716 quin
1203 2645 1325 2703 illos
1364 2644 1614 2711 decebat,
1650 2644 1970 2700 fortitudine

378 2739 433 2790 in
459 2736 813 2793 confessionis
838 2735 1017 2793 verbis
1055 2736 1492 2793 constantissime
1528 2736 1967 2807 perseverabant,

376 2842 426 2884 et
457 2830 509 2884 in
535 2829 785 2885 omnibus
823 2827 909 2883 bis
937 2828 1096 2883 malis
1122 2826 1400 2894 (iurantes,
1431 2829 1593 2890 simul
1618 2837 1673 2883 et
1698 2828 1864 2883 animi
1883 2828 1969 2882 sui

377 2921 542 2977 robur
568 2923 823 2981 invictum
862 2932 918 2976 et
951 2923 1044 2978 Dei
1082 2922 1313 2992 gratiora
1347 2922 1566 2993 egregio
1604 2906 1715 2993 prie
1742 2937 1804 2978 se
1830 2922 1966 2977 fcre-

374 3017 522 3072 bant.
546 3015 703 3086 Srcpe
725 3015 831 3071 sub
854 3030 1103 3071 auroram
1128 3016 1296 3071 solem
1323 3016 1657 3072 exorientem
1679 3016 1889 3071 vidistis
1910 3024 1969 3073 et

372 3109 526 3179 quasi
577 3122 802 3166 croceos
845 3108 1029 3164 radios
1077 3108 1447 3164 emittentem?
1493 3109 1617 3164 talia
1657 3118 1965 3165 sanctorum

373 3207 529 3255 erant
552 3215 800 3270 corpora,
839 3200 967 3255 dum
1003 3200 1169 3255 veluti
1206 3201 1386 3256 crocei
1431 3202 1653 3272 quidam
1686 3202 1821 3256 radii
1864 3203 1964 3258 rivi

372 3292 647 3362 sanguinis
676 3292 912 3362 undique
953 3292 1058 3346 illis
1086 3291 1414 3357 difﬂuerent,
1445 3306 1742 3360 eorumque
1766 3306 1966 3362 corpus

374 3385 564 3448 multo,
583 3398 743 3455 quam
768 3384 963 3439 cadum
988 3383 1069 3439 soi
1092 3384 1228 3453 ipse,
1252 3382 1586 3452 splendidius
1615 3374 1960 3439 illustraret“.

374 3477 526 3530 liune
568 3478 885 3544 sanguinem
934 3476 1113 3547 angeli
1147 3483 1466 3533 contuentes
1518 3476 1960 3544 obiectabantur;

369 3567 647 3624 daemones
688 3568 1002 3633 horrebant,
1038 3575 1092 3622 et
1120 3566 1237 3637 ipse
1265 3566 1510 3622 diabolus
1535 3566 1819 3623 tremebat.
1847 3567 1962 3623 Non

372 3659 518 3714 enim
562 3659 780 3729 sanguis
822 3667 940 3713 erat
981 3658 1317 3728 simpliciter,
1364 3657 1453 3729 qui
1496 3656 1838 3725 cernebatur,
1867 3659 1963 3713 sed

369 3753 589 3824 sanguis
616 3753 893 3819 salutaris,
927 3753 1147 3823 sanguis
1171 3761 1413 3817 sanctus,
1460 3752 1680 3822 sanguis
1722 3752 1856 3809 etcle
1881 3753 1962 3807 di-

368 3863 531 3916 gnus,
559 3847 780 3918 sanguis
824 3847 914 3917 qui
944 3845 1198 3918 pulchras
1235 3844 1490 3901 Ecclesiae
1518 3846 1741 3901 arbores
1763 3846 1963 3917 iugiter

370 3940 577 4010 irrigat.
607 3939 924 3995 Vidit‘hune
952 3940 1290 4011 sanguinem,
1338 3937 1654 4009 horruitque
1681 3938 1959 4006 diabolus;

371 4032 689 4086 recordatus
731 4040 817 4087 est
854 4031 1052 4102 quippe
1081 4031 1305 4086 alterius
1346 4030 1624 4100 sanguinis
1659 4030 1959 4097 Dominici;

370 4133 594 4194 propter
634 4123 784 4178 illum
827 4123 1143 4193 sanguinem
1184 4123 1271 4179 hic
1294 4121 1543 4178 efﬂuxit:
1580 4138 1648 4178 ex
1682 4138 1791 4192 quo
1819 4124 1960 4179 enim

375 4215 585 4269 Domini
612 4214 757 4268 latus
787 4223 1031 4284 apertum
1058 4223 1163 4279 est,
1187 4221 1442 4269 sexcenta
1472 4213 1667 4270 deinde
1695 4214 1862 4269 latera
1886 4214 1962 4270 ef-

370 4308 515 4362 fossa
542 4308 835 4363 conlueris.
870 4296 1008 4375 'Quis
1045 4307 1189 4362 enim
1235 4322 1341 4362 non
1372 4322 1494 4362 cum
1518 4306 1715 4377 gaudio
1743 4321 1866 4362 sese
1895 4306 1961 4362 ad

371 4413 576 4469 agones
598 4399 730 4454 istos
758 4397 1020 4454 ineundos
1043 4394 1342 4453 Dominicis
1357 4397 1695 4468 passionibus
1717 4414 1931 4455 commu
1945 4430 1961 4440 -

371 4491 669 4554 nicaturus,
693 4500 749 4545 et
772 4489 971 4546 Christi
1002 4491 1158 4544 morti
1199 4491 1491 4546 conformis
1528 4490 1741 4548 futurus
1778 4494 1961 4549 accin-

369 4582 496 4652 gct?
526 4581 623 4638 Est
660 4583 802 4637 enim
842 4581 1115 4637 sufﬁciens
1154 4581 1270 4636 hmc
1296 4582 1611 4650 retributio,
1657 4593 1711 4640 et
1737 4585 1964 4655 amplior

374 4689 603 4739 merces,
651 4685 703 4727 et
744 4674 1038 4728 certamina
1083 4674 1348 4729 excedens
1389 4675 1689 4744 praamium,
1728 4677 1964 4734 velante

373 4766 676 4833 ingressum
708 4763 759 4816 in
786 4750 1005 4834 regnum
1040 4764 1313 4821 ca-lorum.
1347 4764 1425 4823 Ne
1447 4765 1605 4837 igitur
1625 4766 1960 4835 horreamus,

369 4857 496 4911 dum
531 4856 669 4910 hunc
694 4856 772 4910 vel
804 4857 949 4910 illum
971 4872 1183 4926 passum
1211 4873 1334 4912 esse
1361 4859 1677 4933 martyrium
1696 4859 1959 4928 audimus;

370 4947 466 5001 sed
494 4947 827 5013 horreamus,
853 4947 977 5001 dum
1016 4947 1264 5003 audimus
1287 4947 1430 5004 hunc
1466 4950 1551 5004 vel
1582 4951 1727 5005 illum
1750 4952 1961 5007 emolli-

372 5042 507 5097 tum,
546 5047 612 5088 ac
657 5040 736 5087 tot
778 5031 1042 5102 tantisque
1086 5033 1437 5093 certaminum
1481 5035 1717 5105 praemiis
1754 5036 1963 5107 lapsum

369 5139 509 5179 esse.

446 5214 574 5281 Qua:
593 5214 801 5284 prwmia
831 5223 1076 5285 martyres
1113 5226 1369 5270 mancam.
1403 5215 1677 5288 Comparat
1708 5217 1963 5290 Martyres

370 5321 485 5360 cum
510 5307 737 5360 athletis.
755 5307 992 5375 ——Quod
1023 5308 1066 5363 si
1096 5309 1303 5378 placeat
1329 5325 1414 5374 ea,
1436 5327 1554 5379 qum
1576 5321 1695 5381 post
1722 5312 1857 5368 hanc
1883 5313 1963 5367 vi-

373 5409 480 5455 tam
503 5408 820 5469 sequuntur,
840 5401 1060 5456 audire:
1084 5401 1229 5455 nulla
1259 5417 1321 5456 ea
1347 5403 1562 5472 quidem
1594 5416 1815 5474 possunt
1839 5422 1964 5461 ora-

381 5491 529 5548 tione
554 5492 817 5551 declarari
842 5511 859 5549 :
884 5491 1063 5567 Neque
1089 5494 1231 5550 enim
1264 5496 1440 5553 oculus
1465 5496 1610 5563 sidit,
1652 5498 1848 5568 inquit,
1873 5514 1965 5555 us-

369 5601 465 5651 que
502 5587 644 5639 auris
682 5586 895 5651 audivit,
924 5604 1098 5657 .neque
1136 5589 1188 5642 in
1226 5605 1313 5643 cor
1345 5588 1562 5644 [taurinis
1610 5592 1965 5659 ascenderunt,

369 5693 484 5746 qua:
517 5680 820 5748 pru'pamsit
852 5679 988 5733 Deus
1015 5682 1077 5734 iis
1097 5682 1184 5753 qui
1202 5682 1419 5754 diligunt
1452 5683 1596 5737 illum
1626 5684 1645 5756 (
1670 5685 1719 5738 Ι.
1763 5683 1881 5739 Cor.
1909 5685 1971 5741 2.·

371 5775 464 5835 9);
511 5770 688 5827 nullus
715 5785 872 5840 porro
901 5787 962 5825 cx
998 5771 1301 5827 hominibus
1326 5773 1460 5828 adeo
1493 5774 1655 5830 Deum
1678 5775 1867 5829 dilexit
1905 5792 1968 5831 ac

372 5873 656 5933 martyres.
702 5862 1077 5922 Verumtamen
1108 5882 1212 5923 non
1242 5866 1384 5939 quod
1416 5883 1627 5924 onmem
1669 5868 1963 5924 orationem

1556 409 1642 464 DE
1681 406 1966 465 SANCTIS
2003 402 2472 461 MARTYRIBUS.

3577 420 3679 476 ‘olO

2092 530 2433 593 mentemque
2472 533 2757 593 exsuperet
2783 534 3145 596 repositorum
3179 528 3440 586 bonorum
3479 540 3682 606 magni-

2094 612 2245 676 tudo,
2279 612 2402 669 ideo
2450 614 2743 679 silebimus,
2782 616 2876 671 sed
2914 627 3170 687 quantum
3210 621 3368 676 situm
3421 623 3472 678 in
3529 627 3682 683 nobis

2089 701 2193 756 erit
2222 703 2425 771 dicere,
2457 713 2511 758 et
2554 704 2606 759 in
2637 705 2785 760 vobis
2828 707 3043 775 audire,
3073 711 3386 766 conabimur
3405 714 3553 771 vobis
3578 716 3678 772 ob-

2088 806 2247 848 scure
2271 793 2660 863 demonstrare,
2689 798 3034 866 quamminus
3063 798 3133 855 ibi
3172 801 3406 873 excipiat
3452 804 3678 859 beatitu-

2086 880 2159 937 do
2185 899 2199 937 :
2226 883 2366 940 hanc
2400 885 2546 940 ertim
2581 885 2656 940 illi
2699 888 2801 941 soli
2840 887 3117 945 evidenter
3153 902 3437 961 noverunt,
3479 895 3572 965 qui
3612 911 3678 952 ea

2092 975 2268 1046 reipsa
2286 975 2657 1046 perfruuntur.
2672 979 2958 1036 Enimvero
2983 981 3270 1053 perexiguo
3297 984 3513 1056 quidem
3540 996 3678 1043 tem-

2087 1066 2233 1135 poris
2274 1078 2551 1125 momento
2587 1079 2852 1144 martyres
2892 1074 3073 1143 gravia
3119 1073 3220 1130 ista
3258 1084 3316 1132 et
3341 1075 3676 1135 intoleranda

2087 1157 2363 1228 patiuntur
2392 1178 2408 1216 :
2445 1169 2725 1233 postquam
2752 1172 2930 1220 autem
2974 1164 3100 1225 hinc
3122 1168 3471 1235 excesserint,
3493 1169 3546 1224 iu
3571 1185 3677 1226 ca:-

2083 1246 2166 1303 ios
2187 1248 2484 1305 ascendunt
2509 1251 2715 1322 angelis
2736 1253 2882 1324 ipsos
2909 1255 3353 1329 procedentibus,
3373 1268 3428 1315 et
3449 1259 3649 1317 arehan
3665 1290 3679 1304 -

2084 1341 2217 1410 gelis
2235 1341 2523 1397 satellitum
2547 1358 2696 1399 more
2723 1346 3043 1414 stipantibus
3064 1365 3078 1402 :
3101 1361 3206 1403 non
3227 1353 3369 1405 enim
3401 1351 3563 1420 pudet
3580 1367 3675 1410 eos

2085 1435 2366 1493 conservis
2390 1433 2563 1490 ofﬁcia
2587 1446 2861 1506 praestare,
2879 1438 2973 1494 sed
2994 1443 3198 1511 quaevis
3221 1443 3391 1513 parati
3413 1455 3538 1499 sunt
3557 1446 3677 1500 illo-

2083 1539 2203 1580 rum
2224 1540 2385 1581 causa
2409 1527 2607 1591 facere,
2638 1529 2850 1599 quando
2877 1529 2961 1584 illi-
2977 1532 3177 1601 quasvis
3202 1548 3298 1603 pro
3321 1535 3548 1591 Domino
3572 1551 3674 1591 suo

2080 1615 2297 1671 Christo
2326 1632 2435 1672 non
2463 1617 2774 1675 dubitarunt
2827 1620 3083 1690 perferre.
3132 1622 3324 1681 Postea
3361 1642 3489 1682 vero
3514 1644 3673 1698 quam

2081 1709 2139 1765 in
2162 1709 2322 1765 caios
2350 1710 2708 1775 ascenderint,
2749 1722 2948 1769 sancta:
2966 1729 3157 1771 eomes
3177 1716 3279 1772 illae
3307 1719 3530 1775 virtutes
3548 1736 3675 1776 cou-

2080 1813 2324 1869 currunt.
2354 1804 2408 1860 Si
2429 1805 2572 1860 enim
2598 1807 2897 1879 peregrinis
2926 1809 3142 1865 athletis
3166 1810 3222 1865 in
3250 1812 3439 1867 urbem
3473 1813 3677 1868 adven-

2085 1897 2319 1952 tantibus
2347 1898 2576 1969 populus
2603 1900 2782 1956 cunnis
2811 1901 3037 1957 conﬂuit
3064 1902 3318 1975 und-ique,
3345 1920 3545 1977 eosque
3569 1907 3674 1962 cir-

2081 1987 2473 2044 eumvallantes
2528 2000 2705 2060 aptam
2753 1993 3117 2048 membrorum
3169 1994 3572 2066 dispositionem
3619 2000 3672 2053 in

2085 2077 2195 2133 illis
2240 2081 2719 2152 contemplantur:
2766 2086 2936 2139 multo
2985 2087 3183 2157 magis,
3236 2102 3359 2143 cum
3400 2089 3672 2161 religionis

2085 2169 2300 2225 athleta:
2348 2173 2402 2226 in
2455 2174 2617 2229 ctclos
2657 2177 3034 2244 asccmierint,
3083 2191 3410 2237 concurrunt
3459 2184 3669 2254 angeli,

2083 2276 2380 2333 carnesque
2405 2266 2640 2338 undique
2667 2268 2942 2324 confluunt
2960 2285 3204 2341 supernae
3227 2274 3468 2339 virtutes,
3484 2290 3671 2333 eorum

2076 2356 2419 2413 considerant
2441 2361 2682 2428 vulnera,
2719 2372 2775 2418 et
2821 2370 3090 2434 tamquam
3128 2364 3362 2421 victores
3387 2370 3667 2438 quosdam,

2075 2461 2110 2502 e
2130 2448 2273 2507 bello
2298 2463 2361 2504 ac
2392 2452 2588 2520 procliis
2613 2463 2963 2522 revertentes,
3001 2456 3183 2511 multis
3229 2459 3446 2528 tropaeis
3492 2474 3556 2515 ac
3584 2462 3667 2515 vi-

2073 2540 2256 2596 ctoriis
2280 2542 2466 2611 partis,
2511 2558 2635 2598 cum
2664 2546 2940 2616 voluptate
2977 2548 3251 2617 excipiunt
3291 2564 3385 2605 eos
3407 2566 3597 2607 omnes
3619 2564 3670 2609 ct

2073 2633 2466 2703 amplexantur,
2496 2650 2559 2691 ac
2584 2636 2784 2693 deinde
2808 2639 2977 2694 multo
2999 2640 3250 2696 satellitio
3279 2644 3672 2713 circumseptus

2074 2725 2143 2780 ad
2185 2726 2384 2798 Regem
2415 2730 2692 2799 caelorum,
2724 2731 2791 2786 ad
2833 2732 2983 2787 illum
3029 2735 3279 2791 thronum
3315 2737 3475 2792 multa
3503 2740 3670 2809 gloria

2074 2818 2463 2876 redundantem
2487 2864 2502 2890 ,
2548 2822 2640 2878 ubi
2683 2823 2977 2880 Cherubim
3025 2836 3079 2882 ct
3117 2827 3399 2898 Seraphim
3437 2832 3669 2898 adstant,

2073 2907 2366 2967 deducunt.
2412 2912 2551 2967 Cum
2588 2929 2718 2970 vero
2757 2916 2885 2971 illuc
2932 2917 3267 2986 advenerim,
3309 2934 3541 2992 cumque
3580 2926 3671 2994 qui

2077 3003 2270 3059 throno
2293 3004 2488 3061 insidet
2510 3006 2870 3075 adoraverint,
2894 3009 3067 3065 multo
3081 3011 3292 3082 majori,
3310 3028 3471 3083 quam
3493 3029 3523 3069 a
3540 3029 3672 3070 con-

2072 3095 2262 3160 servis,
2287 3110 2317 3150 a
2342 3096 2570 3153 Domino
2584 3098 2923 3168 excipiuntur
2950 3099 3320 3157 benevolentia
3349 3120 3364 3159 :
3396 3119 3504 3159 non
3524 3106 3668 3162 enim

2073 3193 2130 3238 ut
2162 3200 2349 3241 servos
2379 3201 2473 3242 eos
2497 3188 2694 3259 excipit
2723 3189 3070 3261 (quamquam
3098 3199 3156 3247 et
3181 3194 3446 3250 max-imus
3470 3195 3559 3251 hic
3587 3206 3670 3253 est

2071 3275 2243 3332 honor
2260 3317 2275 3343 ,
2299 3278 2490 3349 cuique
2515 3294 2622 3334 non
2649 3281 2821 3350 possit
2843 3281 3065 3352 :equalis
3097 3285 3379 3355 reperiri),
3408 3285 3503 3341 sed
3531 3296 3668 3343 tam-

2070 3383 2230 3438 quam
2256 3368 2459 3425 amicos
2489 3385 2636 3426 suos.
2687 3370 2787 3426 Vos
2812 3372 2964 3439 enim,
3021 3374 3208 3444 inquit,
3258 3377 3410 3430 amici
3433 3378 3532 3432 mei
3552 3379 3671 3435 estis

2071 3460 2249 3530 (Jomr.
2271 3461 2358 3515 i5.
2385 3462 2512 3532 ii);
2541 3476 2604 3518 ac
2634 3464 2824 3519 merito
2850 3478 2982 3522 sane
3012 3476 3031 3519 :‘
3057 3467 3320 3535 siquidem
3342 3469 3455 3539 ipse
3485 3486 3669 3525 rursus

2068 3550 2242 3608 dixit:
2274 3550 2530 3622 Hujorem
2578 3553 2675 3607 hac
2713 3569 2858 3608 nemo
2897 3555 3048 3610 haec!
3083 3556 3421 3626 dilectionem,
3463 3569 3520 3614 ut
3553 3562 3669 3614 aui-

2068 3657 2207 3695 mam
2228 3656 2376 3699 suam
2393 3652 2548 3714 portat
2563 3646 2676 3713 quis
2697 3661 2791 3715 pro
2812 3647 2987 3702 amicis
3006 3648 3110 3701 suis
3146 3647 3306 3721 (Ibid.
3334 3651 3444 3718 i5).
3481 3652 3668 3720 Quan-

2068 3732 2142 3788 do
2190 3732 2352 3804 igitur
2400 3735 2688 3789 maximam
2733 3736 2832 3806 ipsi
2893 3738 3169 3793 caritatem
3209 3739 3666 3811 demonstrarunt,

2070 3825 2201 3880 istos
2245 3825 2445 3895 excipit
2492 3826 2802 3893 honorifice,
2847 3837 3008 3898 atque
3047 3829 3137 3885 illa
3172 3831 3337 3900 gloria
3379 3832 3666 3902 perfruun-

2071 3927 2155 3971 tur
2185 3926 2239 3981 l;
2271 3917 2562 3988 participes
2605 3918 2741 3973 ﬁunt
2767 3919 3061 3976 chororum
3095 3931 3151 3977 et
3172 3924 3397 3979 canticis
3427 3927 3666 3996 mysricis

2068 4006 2485 4063 communicant.
2523 4007 2581 4066 Si
2602 4009 2753 4065 enim
2765 4024 2887 4065 cum
2917 4022 3100 4069 essent
3126 4012 3183 4068 in
3209 4028 3453 4085 corpore,
3476 4029 3667 4072 secun-

2067 4099 2195 4155 dum
2249 4101 2629 4172 mysteriorum
2669 4103 3103 4159 communionem
3150 4106 3200 4159 in
3248 4106 3395 4162 illum
3438 4108 3661 4165 chorum

2067 4189 2507 4259 admittebantur,
2526 4200 2585 4249 ut
2611 4207 2733 4247 cum
2764 4193 2897 4263 ipsis
2921 4191 3210 4251 Cherubim
3247 4197 3539 4266 psallerent
3563 4198 3664 4271 hy-

2069 4296 2251 4337 mnum
2278 4290 2364 4338 ter
2387 4290 2632 4337 sanctum
2687 4280 2843 4353 (Isai.
2872 4284 2925 4339 6.
2958 4283 3044 4357 5),
3074 4295 3132 4340 ut
3163 4301 3255 4342 vos
3280 4288 3446 4358 probe
3473 4291 3662 4357 nostis,

2072 4372 2163 4441 qui
2194 4370 2466 4444 mysteriis
2517 4372 2709 4427 initiati
2759 4374 2934 4442 estis;
2976 4375 3147 4431 multo
3188 4379 3360 4449 magis
3388 4395 3528 4434 nunc
3559 4380 3688 4435 illis

2070 4461 2366 4532 conjuncti,
2396 4477 2518 4519 cum
2545 4463 2740 4534 quibus
2768 4462 2965 4521 choros
3004 4466 3131 4521 olim
3162 4467 3447 4534 ducebant,
3497 4471 3663 4526 multa

2070 4566 2191 4607 cum
2222 4552 2418 4608 fiducia
2450 4552 2739 4609 laudationi
2766 4555 2843 4610 illi
2883 4557 3299 4612 communicant.
3347 4560 3539 4615 Annon
3569 4576 3663 4617 an-

2073 4642 2229 4698 tehac
2281 4642 2600 4714 martyrium
2651 4644 2990 4701 horrebatis?
3042 4662 3222 4701 annon
3271 4651 3514 4722 martyrii
3566 4668 3663 4711 vos

2074 4749 2219 4789 nunc
2273 4733 2600 4789 desiderium
2643 4735 2818 4806 capit?
2872 4737 3130 4807 numquid
3172 4753 3280 4793 non
3320 4736 3515 4796 doletis
3551 4744 3663 4814 jam

2070 4824 2311 4895 martyrii
2342 4832 2558 4895 tempus
2586 4838 2698 4880 non
2721 4823 2953 4882 adesse?
2979 4826 3175 4882 Verum
3203 4844 3551 4888 exerceamus
3566 4848 3663 4890 nos

2069 4917 2136 4975 ad
2165 4928 2375 4987 tempus
2400 4919 2645 4990 martyrii
2672 4936 2686 4973 :
2713 4928 3159 4991 contempserunt
3209 4923 3290 4978 iiii
3319 4925 3500 4990 vitam,
3533 4943 3662 4983 ecu-

2074 5020 2252 5067 temne
2282 5022 2337 5067 tu
2364 5011 2586 5069 delicias
2612 5029 2625 5067 :
2657 5012 3004 5086 projecerunt
3029 5014 3105 5069 illi
3128 5031 3354 5087 corpora
3384 5019 3437 5075 in
3465 5020 3663 5091 ignem,

2074 5103 2275 5174 projice
2319 5112 2376 5159 tu
2405 5105 2660 5174 pecunias
2688 5119 2832 5161 nunc
2862 5106 2916 5161 in
2945 5122 3240 5181 pauperum
3271 5126 3462 5167 manus
3494 5131 3506 5166 :
3539 5129 3665 5183 pru-

2071 5209 2170 5250 nas
2193 5194 2272 5249 illi
2295 5194 2593 5261 calcarunt,
2641 5204 2697 5250 tu
2729 5196 3036 5268 cupiditatis
3063 5199 3332 5256 flammam
3359 5202 3665 5273 esstinguc.

2074 5292 2364 5347 Laboriosa
2389 5299 2517 5348 sunt
2546 5292 2646 5349 ista
2664 5302 2720 5349 et
2741 5293 3003 5364 difﬁcilia,
3036 5296 3132 5352 sed
3163 5306 3342 5352 tamen
3373 5296 3521 5352 utilia
3548 5298 3667 5352 val--

2071 5382 2160 5443 de.
2188 5382 2266 5440 Ne
2304 5396 2370 5438 ea
2401 5398 2521 5454 qua:
2559 5387 2843 5455 pt-aasentia
2880 5396 3011 5445 sunt
3045 5389 3236 5443 acerba
3279 5397 3525 5457 spectes,
3572 5391 3665 5445 sed

2072 5491 2192 5547 qua:
2216 5476 2453 5549 jucunda
2493 5476 2705 5534 futura:
2737 5495 2845 5535 non
2873 5496 2994 5552 quas
3019 5480 3073 5537 in
3106 5480 3352 5537 manibus
3383 5481 3546 5552 maia,
3570 5482 3663 5539 sed

2072 5586 2194 5640 quae
2241 5571 2294 5625 in
2327 5584 2424 5641 spe
2448 5571 2586 5627 bona
2617 5588 2635 5627 τ
2662 5588 2769 5628 non
2794 5588 3096 5641 aerumnas,
3126 5574 3220 5630 sed
3258 5574 3479 5644 praemia
3509 5593 3524 5632 :
3558 5591 3664 5633 non

2076 5661 2308 5728 labores,
2344 5662 2698 5719 sedcornnas
2729 5681 2741 5716 :
2774 5678 2882 5718 non
2930 5663 3177 5730 sudores,
3219 5664 3315 5720 sed
3342 5665 3621 5722 mercedes
3650 5685 3661 5720 :

2114 5817 2155 5885 Α
2186 5821 2232 5885 [ῃ
2254 5815 2403 5885 savii:
2417 5815 2709 5885 s_ig:__legitut'.
2724 5816 2837 5869 istos
2858 5816 3038 5885 earipu
3064 5818 3489 5882 utdilcrtissimos;
3505 5825 3551 5870 et
3565 5818 3665 5883 ,ιφ

2078 5877 2153 5928 riu
2179 5877 2264 5929 illa
2282 5878 2511 5942 ineffabili
2534 5877 2869 5942 perfruwttur;
2890 5877 3041 5931 bene.
