4088 6442
451 389 540 447 ἩΙ
1170 387 1227 443 S.
1265 386 1542 444 JOANNIS
1578 383 2407 470 CllllYSOSTOllflRCﬂlEP.
2448 383 2981 445 CONSTANTINOP.

445 508 553 561 non
582 504 924 570 acerbitates,
970 503 1064 560 sed
1093 503 1470 557 retributiones
1500 518 1514 553 :
1539 515 1644 555 non
1667 501 1842 570 ignem
1865 514 2027 554 ureno

446 609 575 654 tem.
609 597 704 653 sed
725 596 1055 668 propositum
1078 610 1301 665 regnum
1332 612 1347 650 :
1376 609 1479 649 non
1501 593 1783 648 carnitices
1801 591 2031 647 circum-

445 699 670 751 stantes.
699 689 796 744 sed
825 686 1092 741 Christum
1123 694 1493 740 coronantem.

517 781 568 837 ὃ.
614 781 727 846 Qua
759 780 956 833 ratione
979 777 1046 832 ad
1070 778 1299 832 rirtutrm
1332 777 1562 846 expedite
1584 773 1832 844 possimus
1859 787 2030 843 perse-

445 877 575 929 nire.
603 904 675 916 —
694 874 821 928 Haec
853 872 1099 942 expedita
1137 872 1367 925 maxime
1406 870 1541 924 ratio
1568 883 1632 922 ac
1662 869 1748 921 via
1775 867 1841 921 ad
1869 866 2033 921 virtu-

445 977 549 1021 tem
596 966 869 1031 facillim,
908 981 1014 1020 non
1063 964 1276 1019 labores
1326 971 1529 1018 tantum
1588 961 1804 1027 intueri,
1841 958 1936 1013 sed
1977 965 2032 1012 et

447 1059 665 1129 praemia
689 1072 811 1112 cum
836 1057 1128 1121 laboribus,
1159 1069 1334 1125 neque
1355 1055 1467 1125 ipsa
1488 1062 1692 1108 tantum
1720 1051 2029 1122 separatim.

441 1149 575 1204 Cum
600 1149 757 1219 igitur
784 1149 1185 1219 eleemosynam
1210 1162 1270 1202 es
1315 1146 1705 1216 impertituros,
1731 1145 1839 1199 noli
1866 1158 2031 1214 pceu-
2086 1214 2092 1221 .

443 1242 545 1295 nizc
585 1240 878 1307 impensam
920 1239 1235 1305 attendere,
1277 1238 1370 1294 sed
1411 1238 1631 1308 justitiae
1669 1236 2035 1291 coacervatio-

444 1349 589 1390 nem.
626 1332 893 1402 Dispersit,
934 1331 1079 1386 dedit
1105 1330 1414 1402 pauperibus
1445 1345 1464 1384 :
1494 1329 1699 1398 justitia
1726 1328 1836 1399 ejus
1862 1336 2031 1379 manet

441 1427 494 1479 in
522 1425 761 1480 arculum
780 1424 953 1479 siccati
981 1427 998 1493 (
1025 1420 1171 1477 Psal.
1200 1422 1323 1476 lll.
1356 1419 1428 1493 9)
1464 1438 1478 1475 :
1504 1436 1571 1474 ne
1596 1419 1850 1487 wstvicias
1876 1431 2029 1487 Opes,

442 1532 561 1585 qua:
591 1514 1002 1578 exhauriuntur,
1056 1510 1148 1567 sed
1178 1511 1383 1581 inSpicc
1414 1509 1719 1563 thesaurum
1750 1507 1838 1577 qui
1863 1521 2032 1576 auge-

442 1615 550 1662 tur.
572 1606 627 1661 Si
655 1604 888 1675 jejunes,
918 1619 1025 1659 non
1056 1602 1234 1657 carnis
1273 1617 1337 1656 ex
1373 1600 1578 1671 jejunio
1618 1598 2032 1653 macerationem

444 1698 759 1762 considera,
796 1697 891 1751 sed
941 1695 1348 1760 relaxationem,
1392 1708 1549 1763 quam
1581 1708 1646 1747 ex
1677 1692 1764 1746 illa
1792 1706 2031 1746 macera-

444 1791 591 1847 tione
647 1786 1018 1857 consequcris.
1072 1786 1127 1841 Si
1174 1794 1383 1841 noctem
1435 1784 1731 1839 insomnem
1789 1782 2035 1837 traducas

444 1878 674 1946 orando,
702 1892 809 1933 non
841 1877 1145 1934 molestiam
1188 1892 1258 1931 ex
1283 1875 1478 1945 vigilia,
1502 1873 1596 1930 sed
1618 1888 1774 1943 quam
1805 1873 2035 1943 acquiris

442 1972 782 2027 exoratione
812 1969 1059 2025 fiduciam
1111 1968 1399 2038 perpende.
1451 1966 1526 2021 Ita
1578 1981 1791 2037 quoque
1840 1966 2036 2020 milites

443 2063 687 2117 faciunt:
720 2077 826 2117 non
857 2061 1079 2116 vulnera
1131 2061 1424 2125 intuentur,
1467 2058 1561 2114 sed
1608 2059 1824 2127 praetnia
1875 2074 1888 2112 :
1929 2072 2034 2112 non

441 2153 638 2221 aedes,
669 2153 763 2209 sed
787 2153 1038 2208 victorias
1071 2168 1086 2207 :
1120 2166 1226 2207 non
1257 2160 1497 2206 mortuos
1524 2150 1800 2217 cadentes,
1827 2150 1920 2205 sed
1945 2165 2036 2205 co-

443 2256 662 2302 ronatos
687 2245 936 2301 victores.
968 2243 1060 2300 Sic
1087 2252 1141 2300 et
1169 2243 1559 2313 gubernatores
1585 2250 1713 2297 ante
1741 2252 2033 2312 tempesta-

444 2347 525 2394 tes
556 2349 739 2408 portus
780 2337 1093 2408 respiciunt,
1136 2346 1265 2392 ante
1303 2336 1576 2406 naufragia
1615 2335 2032 2405 negotiationes;

440 2439 566 2486 ante
596 2430 932 2484 incommoda
972 2428 1323 2499 navigationis
1356 2444 1476 2498 qua:
1514 2442 1581 2483 ex
1623 2427 1888 2482 maritima
1917 2442 2039 2497 per-

440 2522 772 2593 qrinatione
814 2523 960 2577 lucra
989 2521 1368 2591 decerpuntur.
1401 2521 1476 2576 Ita
1498 2519 1583 2576 fac
1614 2529 1667 2575 tu
1692 2534 2040 2591 quoque:co-

437 2617 548 2687 gita
574 2625 830 2683 quantum
847 2616 919 2670 sit
940 2615 1092 2679 illud,
1115 2617 1281 2669 multa
1306 2625 1463 2669 nocte
1479 2613 1873 2670 dormientibus
1893 2628 2037 2668 mor-

440 2711 637 2768 talibus
660 2709 931 2774 omnibus,
971 2707 1100 2762 feris
1125 2722 1187 2761 ac
1203 2707 1459 2776 jumentis
1486 2706 1537 2760 in
1560 2704 1813 2760 altissima
1835 2705 2034 2775 quiete,

439 2804 613 2859 solum
643 2811 695 2857 te
723 2799 1154 2870 expergefactum
1185 2813 1307 2853 cum
1346 2797 1617 2852 communi
1647 2796 1885 2851 omnium
1935 2796 2040 2850 Do-

437 2894 591 2955 mino
610 2894 781 2949 libere
805 2892 1073 2963 colloquia
1100 2892 1355 2946 miscere.
1383 2891 1561 2945 Dulcis
1583 2899 1667 2945 est
1694 2889 1947 2945 somnus?
1971 2893 2038 2944 At

437 2985 575 3046 nihil
596 2983 809 3040 dulcius
838 2984 1081 3039 oratione
1112 2984 1152 3037 ⁸.
1186 2982 1242 3039 Si
1267 2982 1414 3038 solus
1439 2996 1561 3038 cum
1585 2982 1701 3036 solo
1725 2980 2037 3051 colloquens

439 3078 532 3137 diu
565 3078 803 3150 potueris
847 3075 1139 3147 perdurare
1193 3073 1343 3130 nullo
1390 3073 1757 3143 obstrepente,
1804 3073 1951 3127 nullo
1981 3080 2036 3128 te

442 3168 841 3240 interpellante,
884 3176 1046 3237 atque
1071 3166 1142 3222 ab
1168 3166 1413 3221 oratione
1453 3174 1754 3229 revocante,
1788 3164 1954 3221 habes
1977 3174 2036 3221 et

440 3271 654 3332 tempus
687 3259 1098 3330 suffragatorem
1138 3258 1206 3313 ad
1240 3258 1303 3313 .id
1345 3257 1485 3328 quod
1547 3257 1754 3326 expetis
1788 3257 2034 3312 obtinen-

442 3354 597 3414 dum.
625 3351 822 3408 Verum
850 3353 904 3409 in
951 3351 1099 3407 molli
1135 3358 1305 3406 strato
1350 3350 1698 3415 decumbens,
1737 3349 1789 3402 in
1816 3347 1954 3404 hanc
1979 3355 2035 3403 et

443 3446 496 3503 in
525 3445 672 3503 illam
714 3453 924 3515 partem
950 3442 1203 3508 verteris,
1244 3455 1307 3495 ae.
1333 3440 1554 3510 surgere
1584 3439 1888 3509 pigritaris?
1927 3438 2034 3495 Ve-

442 3537 595 3597 niant
617 3535 712 3591 tibi
736 3536 787 3590 in
820 3545 1052 3590 mentem
1086 3534 1183 3597 illi,
1202 3533 1297 3604 qui
1324 3532 1375 3587 in
1398 3531 1654 3588 craticula
1683 3531 1853 3586 ferrea
1887 3530 2037 3601 jace-

444 3629 576 3687 ltant
603 3625 763 3684 hodie
790 3635 1077 3698 martyres,
1113 3640 1219 3680 non
1245 3624 1487 3694 subjecto
1502 3623 1687 3690 cubili,
1719 3622 1815 3679 sed
1848 3622 2037 3693 prunis

438 3719 745 3797 substratis.

478 3867 487 3875 δ
514 3810 804 3882 Martyrum
821 3808 1075 3881 supplicia
1102 3809 1386 3864 recolenda.
1415 3839 1484 3850 —-
1512 3809 1608 3865 llic
1637 3825 1737 3881 ego
1765 3810 1921 3865 linem
1951 3809 2036 3865 di-

442 3903 598 3961 cendi
627 3900 804 3959 facere
832 3901 1028 3967 statui,
1055 3910 1115 3957 ut
1139 3916 1239 3956 vos
1267 3900 1538 3957 craticula
1566 3904 1829 3976 vigentem
1860 3901 2033 3958 adhuc

508 4017 524 4049 ¹
559 4013 701 4066 savii.
720 4021 773 4065 et
793 4021 933 4078 tteg.,
957 4011 1171 4066 oratione
1190 4010 1428 4079 ﬁduciam
1452 4013 1669 4067 habente.

1594 4232 1925 4243 ...μμ-.-μγῂ

548 4222 1319 4235 φορ-νᾙ-Μ.μμη
1364 4224 1375 4229 -
1414 4224 1421 4227 .
1476 4222 1533 4228 ..ι

548 4223 663 4235 ,ρο-ρ
714 4222 1319 4230 ᾙ-Μ.μμη
1364 4224 1375 4229 -
1414 4224 1421 4227 .
1476 4222 1533 4228 ..ι

452 4221 1577 4253 μμῶ--νγ-α-α--α-οατ-ψ-ητ------ρι

3624 392 3733 446 719

2138 507 2193 554 et
2217 508 2487 554 recentem
2518 496 2774 555 habentes
2815 499 3128 556 memoriam
3169 499 3502 571 abscedatis,
3527 510 3583 557 et
3610 502 3732 571 ejus

2138 598 2299 644 noctu
2327 597 2488 659 atque
2510 590 2737 645 interdiu
2765 591 3118 646 recnrdemini
3135 591 3293 648 :lieet
3311 593 3454 648 enim
3466 607 3728 651 sexcenta

2141 682 2347 738 vincula
2377 699 2475 739 nos
2502 683 2834 750 devinciant,
2867 693 3045 740 tamen
3077 684 3232 740 facile
3259 694 3450 743 cuncta
3489 688 3725 744 disrum-

2138 790 2266 845 pere
2295 776 2589 846 poterimus
2613 817 2628 842 ,
2656 786 2816 846 atque
2843 776 2909 830 ad
2931 776 3189 832 orandum
3216 793 3570 849 consurgere,
3594 781 3728 835 dum

2138 867 2448 922 craticulam
2478 882 2693 936 semper
2718 882 2994 923 versamus
3037 868 3385 923 animo..Non
3413 870 3729 924 craticulam

2138 968 2315 1013 autem
2341 959 2537 1022 solum,
2565 958 2658 1014 sed
2688 968 2743 1013 et
2776 959 2878 1014 alia
2922 970 3216 1033 martyrum
3258 970 3523 1016 tormenta
3563 976 3733 1032 super

2139 1050 2316 1107 cordis
2365 1051 2537 1106 nostri
2577 1051 2908 1107 latitudinem
2948 1053 3336 1109 describamus.
3364 1053 3725 1120 Quemadmo-

2138 1140 2263 1206 dum
2294 1141 2385 1212 qni
2413 1156 2539 1197 suas
2563 1142 2708 1198 aedes
2745 1142 3104 1212 elegantiores
3128 1144 3391 1209 reddunt,
3422 1145 3612 1200 ﬂorida
3634 1160 3730 1201 eas

2142 1235 2345 1304 pictura
2371 1234 2604 1305 undique
2618 1245 2881 1291 exornant
2909 1253 2923 1290 :
2954 1237 3032 1292 sic
3051 1246 3105 1292 et
3124 1252 3223 1292 nos
3243 1238 3298 1291 iu
3317 1239 3510 1293 mentis
3528 1248 3729 1294 nostra

2139 1325 2439 1397 parietibus
2461 1327 2730 1382 cruciatus
2754 1336 3048 1398 martyrum
3076 1328 3443 1400 depingamus.
3465 1330 3598 1385 Nam
3636 1332 3731 1385 illa

2139 1416 2358 1487 quidem
2395 1417 2603 1488 pictura
2649 1428 2734 1473 est
2781 1420 3021 1487 inutilis;
3056 1421 3156 1476 ista
3185 1437 3312 1476 vero
3342 1422 3498 1491 plena
3544 1422 3678 1477 lacn”
3702 1437 3726 1477 :

2141 1524 2247 1564 non
2273 1510 2418 1565 enim
2438 1510 2678 1580 pecuniis
2701 1511 2920 1582 indiget,
2949 1528 3056 1568 nou
3082 1515 3332 1585 expensis
3348 1556 3362 1578 ,
3391 1530 3565 1585 neque
3587 1516 3730 1571 adeo

2140 1609 2253 1657 arte
2279 1601 2382 1656 ulla
2400 1602 2600 1671 pictura
2630 1602 2744 1657 hmo
2765 1604 2889 1658 :sed
2905 1604 3019 1660 vice
3045 1607 3282 1661 omnium
3313 1617 3610 1677 promptam
3633 1624 3728 1662 vo-
3760 1623 3766 1627 ‘

2140 1693 2398 1748 lnntatem
2447 1706 2788 1766 mentemque
2811 1711 3126 1766 generosam
3152 1713 3215 1753 ac
3241 1699 3548 1769 vigilantem
3572 1701 3729 1755 sulti-

2140 1787 2213 1842 cit
2253 1786 2540 1855 adhibere,
2585 1797 2746 1860 atque
2789 1789 2872 1845 bis
2909 1791 3061 1861 quasi
3093 1792 3342 1847 manibus
3388 1794 3729 1862 peritissimis

2142 1878 2381 1949 ipsorum
2429 1879 2735 1937 describere
2778 1883 3068 1937 cruciatus.
3096 1882 3455 1953 Depingamus
3496 1899 3628 1955 ergo
3672 1886 3731 1939 in

2140 1972 2318 2028 anima
2349 1982 2529 2026 nostra
2560 1971 2657 2027 hos
2687 1972 2928 2041 iacentes
2957 1974 3009 2027 in
3046 1973 3350 2044 sartagine,
3391 1974 3510 2028 illos
3547 1985 3730 2028 autem
3804 1974 3811 1985 '

2142 2078 2304 2133 super
2347 2065 2609 2119 carbones
2653 2073 2942 2131 extensos;
2992 2063 3092 2119 hos
3123 2066 3174 2119 in
3201 2064 3406 2120 lebetes
3449 2065 3725 2135 dejectos,

2144 2154 2264 2210 illos
2292 2154 2344 2209 in
2378 2170 2524 2210 mare
2550 2148 2863 2223 demersos;
2893 2155 3027 2209 alios
3056 2156 3351 2223 laceratos,
3371 2156 3508 2210 alios
3530 2158 3582 2210 in
3610 2169 3728 2211 rota

2143 2248 2428 2315 distortos,
2454 2248 2590 2303 alios
2618 2249 2672 2303 in
2699 2248 3051 2319 prmeipitium
3076 2258 3259 2316 actos;
3297 2257 3458 2319 atque
3486 2248 3585 2305 hos
3612 2252 3734 2321 qui-

2141 2343 2264 2399 dem
2288 2357 2410 2399 cum
2433 2342 2615 2398 bestiis
2636 2342 3023 2413 depugnantes,
3036 2340 3162 2396 illos
3183 2356 3313 2397 vero
3339 2342 3390 2396 in
3419 2341 3735 2396 barathrum

2141 2437 2420 2494 devolutos
2435 2477 2451 2503 ,
2473 2436 2608 2491 alios
2631 2444 2689 2492 ut
2711 2437 2904 2507 cuique
2933 2435 3155 2507 contigit
3180 2444 3406 2491 mortem
3433 2435 3728 2490 obeuntes:

2144 2539 2203 2587 ut
2246 2531 2400 2601 hujus
2432 2532 2652 2601 pictum
2675 2529 2936 2585 varietate
2959 2528 3180 2585 domum
3208 2536 3446 2582 nostram
3475 2527 3737 2581 illustrio-

2143 2637 2258 2677 rem
2284 2636 2406 2677 cnm
2432 2620 2849 2686 reddiderimus,
2879 2629 3062 2689 aptum
3089 2619 3346 2676 caelorum
3376 2618 3508 2689 Regi
3548 2618 3730 2672 diver—

2143 2714 2345 2769 sorium
2380 2726 2763 2782 lirarparentus.
2805 2711 3014 2766 Etenim
3062 2710 3107 2765 si
3147 2709 3411 2780 ejusmodi
3455 2708 3649 2765 viderit
3679 2709 3733 2763 in

2141 2816 2325 2862 nostra
2351 2815 2530 2860 mente
2547 2805 2805 2876 picturas,
2834 2802 3013 2859 veniet
3034 2816 3158 2857 cum
3193 2802 3373 2868 Patre,
3397 2794 3732 2856 mansionem

2141 2897 2281 2968 apud
2309 2912 2407 2952 nos
2429 2896 2587 2952 faciet
2610 2911 2733 2951 cum
2760 2894 2963 2965 Spiritu
2990 2902 3206 2959 sancto;
3228 2893 3440 2963 eritque
3477 2892 3736 2961 deinceps

2141 2987 2286 3059 regia
2310 2988 2552 3058 qumdam
2581 2986 2775 3042 donms
2805 3000 2957 3041 mens
2995 2994 3177 3040 nostra
3201 3025 3217 3049 ,
3245 2984 3499 3053 nullaque
3530 2984 3582 3037 in
3611 2999 3734 3038 eam
3754 3007 3766 3019 -

2143 3079 2347 3150 ingredi
2372 3079 2568 3150 poterit
2588 3078 2819 3132 absurda
2844 3077 3116 3147 cogitatio,
3136 3075 3263 3130 dum
3291 3087 3590 3146 martyrum
3618 3090 3733 3129 me-

2141 3174 2309 3230 moria
2331 3213 2347 3239 ,
2370 3173 2516 3226 velut
2545 3170 2752 3241 pictura
2789 3168 3032 3239 qumdam
3061 3167 3282 3231 florida,
3319 3164 3466 3221 omni
3492 3175 3736 3235 tempore

2141 3266 2193 3321 in
2218 3265 2371 3320 nobis
2393 3262 2664 3328 manebit,
2683 3262 3018 3329 multumque
3043 3259 3096 3313 in
3120 3273 3191 3314 ea
3209 3257 3553 3327 splendorem
3577 3256 3737 3310 emit-

2140 3366 2247 3423 tet;
2277 3357 2510 3427 atquein
2536 3353 2689 3410 nobis
2710 3354 2825 3408 llex
2870 3351 3242 3407 universorum
3272 3348 3527 3405 continue
3551 3346 3735 3402 diver-

2088 3509 2093 3515 ,
2139 3451 2362 3507 sabitur.
2386 3447 2540 3515 Quod
2565 3447 2611 3502 si
2640 3447 2712 3502 ita
2741 3445 3015 3501 Christum
3063 3444 3118 3498 in
3162 3442 3264 3497 hac
3290 3442 3398 3496 vita
3425 3440 3736 3510 susceperi-

2139 3557 2279 3609 mus,
2316 3549 2437 3613 post
2485 3547 2727 3596 nostrum
2775 3554 2841 3594 ex
2888 3553 2952 3594 ea
2994 3536 3289 3592 discessum
3329 3533 3625 3606 poterimus
3679 3532 3736 3587 in

2138 3645 2339 3693 aeterna
2370 3633 2533 3703 recipi
2560 3631 2901 3687 tabernacula
2932 3628 3111 3700 :quod
3140 3626 3294 3682 nobis
3319 3624 3570 3680 omnibus
3592 3639 3732 3694 pra:-

2138 3740 2282 3784 stare
2296 3727 2546 3799 dignetur
2570 3724 2739 3796 gratia
2768 3731 2823 3778 et
2850 3721 3148 3792 benignitas
3176 3716 3387 3774 Domini
3412 3718 3581 3772 nostri
3605 3715 3737 3771 Jesu

2136 3820 2371 3888 Christi,
2395 3835 2491 3890 per
2527 3833 2687 3889 quem
2717 3826 2773 3872 et
2791 3831 2911 3870 cum
2940 3830 3047 3885 quo
3077 3811 3219 3868 Patri
3239 3809 3410 3881 gloria
3429 3850 3445 3876 ,
3475 3823 3579 3863 una
3607 3823 3732 3861 cum

2137 3922 2325 3969 saneto
2374 3921 2430 3967 et
2478 3909 2689 3965 viviﬁco
2739 3908 2978 3979 Spiritu.
3044 3905 3099 3961 in
3136 3902 3334 3960 sarcula
3384 3902 3734 3958 saeclorum.

2141 4008 2337 4062 Amen.

3441 4213 3667 4223 .—_..__—————-

2840 4220 2871 4225 ν..
2884 4222 2891 4223 κ
2924 4222 2986 4225 π-κ,
3012 4216 3431 4226 ,.-.ή-‹--οι-...-...⁴-ο

2050 4220 2077 4226 .-
2168 4222 2171 4225 .
2290 4217 2299 4224 Δ
2518 4222 2521 4223 ,
2626 4224 2629 4226 _
2666 4222 2671 4225 _
2734 4222 2741 4223 κ
2784 4221 2789 4224 ,
2819 4220 2891 4225 ,κέ
2924 4222 2955 4225 ,-

2050 4220 2077 4226 ,,
2168 4222 2171 4225 ,
2290 4217 2299 4224 .
2518 4222 2521 4223 ,
2666 4222 2671 4225 _
2734 4222 2741 4223 κ
2784 4220 2891 4225 ,ηφ
2924 4222 2986 4225 ,μ
3012 4213 3667 4226 -Ψη--ηρμ-..μ-...ρ-...ω

2018 4235 2033 4239 -
2056 4233 2197 4240 -.-μή
2216 4234 2225 4247 ,
2240 4234 2467 4248 H.k-._..,
2475 4224 2803 4245 WL-__
2814 4213 3735 4249 .___,__,——-—.-—--—-—~—-——‘

1501 4501 1577 4563 IN
1623 4500 1997 4564 IIOMILIAM
2033 4499 2130 4562 DE
2160 4498 2443 4558 ΤΕΒῐὶίΕ
2491 4496 2699 4557 MOTU

523 4804 852 4880 [7l'ZJAliam
877 4806 1152 4863 edidimus
1181 4803 1461 4857 homiliam
1481 4802 1538 4857 in
1552 4809 1709 4855 terrae
1728 4808 2089 4869 motum,qua:
2110 4807 2193 4856 est
2213 4807 2363 4855 sexta
2392 4799 2457 4851 de
2488 4794 2698 4851 Lazaro
2718 4793 2780 4852 Τ.
2801 4798 2905 4866 l,in
2935 4797 3094 4869 cujus
3110 4797 3314 4854 Mouito
3340 4814 3393 4870 p.
3421 4800 3522 4854 772
3548 4802 3734 4856 multis

449 4938 576 4980 cum
603 4919 1011 4992 Cbrysostomi,
1052 4926 1169 4973 tum
1202 4915 1438 4971 aliorum
1470 4914 1804 4970 testimoniis
1837 4914 2192 4984 probavimus
2223 4912 2573 4967 Antiochiam
2611 4909 2993 4982 frequentibus
3033 4921 3191 4968 terra:
3230 4914 3473 4971 motibus
3501 4931 3731 4972 succus-

449 5056 593 5106 sam,
627 5036 975 5103 maximeque
1005 5043 1165 5089 aetate
1197 5030 1576 5104 Chrysostomi
1613 5028 1803 5084 fuisse.
1845 5027 1894 5084 Is
1920 5035 2104 5083 autem
2137 5035 2296 5082 terra:
2322 5034 2528 5091 motus,
2555 5024 2738 5095 quode
2779 5040 2926 5080 nunc
2960 5025 3159 5097 agitur,
3188 5035 3325 5083 tunc
3357 5028 3573 5094 accidit,
3607 5045 3728 5084 cum

449 5158 882 5228 Chrysostomus
906 5166 1048 5222 aeger
1083 5150 1136 5205 in
1164 5151 1305 5206 lecto
1326 5152 1682 5211 decumberct
1713 5169 1724 5205 :
1757 5153 1849 5221 qui
1875 5159 1934 5205 ut
1967 5152 2167 5208 ardens
2196 5160 2314 5206 erat
2339 5150 2523 5208 studio
2551 5150 2901 5205 instituendas
2927 5150 3124 5222 plebis,
3155 5160 3404 5208 moestam
3440 5152 3584 5207 illam
3607 5168 3730 5208 cer-

452 5285 587 5325 nens
611 5269 684 5324 ob
707 5270 1050 5338 ingruentem
1080 5266 1468 5331 calamitatem,
1496 5267 1650 5321 nullo
1684 5265 1910 5321 affectus
1947 5266 2123 5322 morbi
2148 5280 2340 5333 sensu,
2378 5265 2444 5318 ad
2478 5279 2694 5336 gregem
2727 5265 3002 5320 advolavit
3033 5284 3046 5319 :
3084 5266 3230 5335 quod
3272 5264 3493 5336 quidem
3528 5267 3617 5325 ille
3645 5267 3732 5322 in-

454 5389 575 5442 nuit
600 5403 725 5443 cutn
767 5388 883 5442 ait:
928 5385 1083 5441 Verbi
1123 5386 1368 5439 doctrina
1398 5378 1770 5454 wgritudiuem
1805 5401 1974 5439 nteant
2009 5385 2062 5438 in
2094 5383 2289 5439 bonum
2335 5384 2692 5439 valetudinem
2717 5385 2961 5438 mutauit.
2989 5382 3116 5436 llaec
3159 5399 3326 5454 porro
3362 5384 3555 5439 concio
3577 5395 3733 5439 extra

456 5506 646 5561 urbem
674 5506 729 5558 in
771 5506 954 5572 aliqua
981 5505 1362 5571 ecclesiarum,
1396 5521 1535 5576 quas
1565 5506 1746 5574 populi
1774 5504 2101 5560 Antiocheni
2131 5505 2331 5575 pietate
2359 5502 2507 5557 ducti
2543 5502 2987 5572 frequentabant,
3012 5500 3250 5557 habitam
3293 5499 3463 5557 fuisse
3503 5501 3735 5556 suadent

460 5640 569 5682 non
609 5642 782 5694 pauca
807 5628 1182 5696 Chrysostomi
1217 5631 1402 5695 verba,
1436 5631 1527 5700 qui
1557 5630 1814 5699 populum
1848 5645 1958 5683 non
1986 5630 2155 5686 semel
2185 5610 2389 5685 laudat"
2412 5628 2483 5684 ob
2521 5638 2832 5698 susceptum
2859 5627 3114 5685 audiendi
3143 5611 3309 5683 causa
3334 5624 3545 5681 itineris
3580 5624 3734 5682 labo-
