4088 6434
408 409 505 466 ἸΗ

401 700 547 754 στόν.

469 782 537 851 γ’.
556 780 702 852 Αὕτη
722 782 952 855 μεγίστη
978 784 1201 854 μέθοδος
1215 787 1310 839 καὶ
1329 787 1674 858 εύκολωτάτη
1699 788 1831 859 πρὸς
1851 787 1982 858 ἀρε-

397 864 497 935 τὴν
535 864 653 928 ὁδὸς
673 905 688 930 ,
737 865 812 935 μὴ
843 866 970 930 τοὺς
997 868 1191 932 πόνους
1230 869 1392 939 μόνον
1424 872 1576 941 ὀρᾷν.
1608 870 1743 924 ἀλλά
1787 869 1882 923 καὶ
1915 869 1983 923 τά

396 947 606 1000 ἔπαθλα
644 947 783 1018 μετὰ
816 948 924 1002 τῶν
957 950 1157 1015 πόνων,
1190 952 1305 1005 ἀλλ’
1333 955 1434 1007 οὐκ
1474 954 1612 1007 αὐτά
1646 952 1771 1008 καθ’
1814 951 1984 1006 ἑαυτά

398 1030 579 1099 μόνον.
626 1029 799 1085 Ὀταν
836 1029 930 1086 οὖν
972 1035 1174 1109 μέλλῃς
1212 1036 1584 1108 ἐλεημοσύνην
1633 1038 1853 1101 διδόναι,
1906 1036 1981 1108 μὴ

392 1114 629 1184 πρόσεχε
660 1118 723 1184 τῇ
753 1114 964 1188 δαπάνῃ
998 1118 1105 1171 τῶν
1132 1120 1454 1191 χρημάτων,
1487 1121 1624 1174 ἀλλά
1649 1123 1715 1192 τῇ
1749 1119 1978 1191 συλλογῇ

393 1196 492 1264 τῆς
517 1196 883 1268 δικαιοσύνης·
918 1199 1330 1269 Ἐσκόρπισεν,
1355 1202 1539 1255 ἔδωκε
1560 1202 1684 1268 τοῖς
1700 1204 1978 1270 πένησιν·

391 1277 432 1343 ἡ
461 1277 817 1348 δικαιοσύνη
842 1283 1028 1336 αὐτοῦ
1049 1285 1219 1352 μένει
1252 1288 1341 1352 εις
1365 1287 1474 1339 τὸν
1504 1285 1689 1339 αἰῶνα
1717 1285 1823 1339 τοῦ
1846 1284 1981 1338 ιιίῶ-

392 1377 523 1426 νος·
558 1362 633 1432 μὴ
661 1362 829 1432 βλέπε
855 1365 949 1418 τὸν
979 1366 1305 1437 κενούμενον
1332 1368 1581 1434 πλοῦτον,
1611 1369 1728 1422 ἀλλ’
1758 1370 1861 1440 ὅρα
1888 1368 1980 1423 τὸν

392 1445 760 1517 αὐξανόμενον
794 1447 1090 1522 θησαυρόν.
1122 1452 1220 1504 “Av
1245 1451 1580 1524 νηστεύσῃς,
1620 1452 1696 1523 μὴ
1739 1454 1839 1522 τὴν
1880 1456 1982 1507 κά-

390 1544 564 1583 κωσιν
601 1528 699 1600 τὴν
728 1529 838 1583 ἀπὸ
864 1532 964 1600 τῆς
991 1534 1245 1602 νηστείας
1272 1534 1489 1603 λογίζου
1510 1575 1526 1598 ,
1564 1534 1704 1589 ἀλλά
1749 1536 1849 1606 τὴν
1885 1536 1981 1591 ἄν·

395 1628 515 1664 εσιν
540 1611 639 1684 τὴν
668 1614 778 1667 ἀπὸ
808 1614 907 1685 τῆς
934 1616 1251 1680 κακώσεως·
1270 1617 1338 1671 ἂν
1367 1619 1728 1690 ἀγρυπνήσῃς
1749 1618 1981 1690 εὐχόμε-

391 1710 503 1757 νος,
545 1695 622 1766 μὴ
658 1696 759 1766 τὴν
794 1698 1175 1769 ταλαιπωρίαν
1212 1700 1311 1770 τὴν
1359 1701 1468 1754 ἀπὸ
1502 1701 1602 1770 τῆς
1634 1701 1976 1771 ἀγρυπνίας,

391 1776 528 1830 ἀλλὰ
555 1779 652 1849 τὴν
676 1780 988 1851 παρρησίαν
1005 1781 1105 1853 τὴν
1127 1783 1235 1836 ἀπὸ
1265 1785 1366 1854 τῆς
1394 1782 1560 1853 εὐχῆς
1592 1783 1784 1836 ἐννόει.
1820 1782 1978 1837 Οὕτω

391 1860 487 1914 καὶ
517 1861 852 1932 στρατιῶται
878 1864 1126 1919 ποιοῦσιν
1145 1883 1159 1896 ·
1187 1865 1247 1918 οὐ
1276 1865 1343 1918 τά
1375 1865 1691 1937 τραύματα,
1714 1864 1850 1918 ἀλλὰ
1877 1865 1978 1931 τὰς

389 1944 627 2015 ἀμοιϐάς
665 1945 976 2015 βλέπουσιν·
1006 1949 1068 2001 ού
1096 1948 1196 2012 τάς
1224 1949 1460 2018 σφαγὰς,
1500 1948 1637 2004 ἀλλά
1661 1949 1763 2013 τὰς
1794 1949 1974 2013 νίκας·

389 2029 450 2081 ού
473 2030 599 2092 τοὺς
643 2030 940 2096 πίπτοντας
980 2035 1237 2104 νεκροὺς,
1271 2032 1411 2087 ἀλλὰ
1445 2033 1578 2097 τοὺς·
1607 2034 1976 2104 στεφανουμέ-

389 2127 514 2174 νους
543 2113 822 2183 ἀριστέας.
864 2114 1022 2169 Οῦτω
1064 2118 1163 2170 καὶ
1204 2115 1545 2189 κυϐερνῆται
1584 2117 1695 2187 πρὸ
1734 2117 1845 2171 τῶν
1875 2135 1975 2171 κυ-

391 2195 577 2264 μάτων
608 2198 736 2260 τοὺς
781 2197 1009 2268 λιμένας
1036 2200 1233 2271 ὁρῶσι,
1269 2201 1377 2272 πρὸ
1412 2200 1524 2254 τῶν
1558 2202 1835 2271 ναυαγίων
1875 2202 1975 2267 τάς

387 2279 693 2351 ἐμπορίας,
750 2281 857 2351 πρὸ
898 2283 1010 2337 τῶν
1052 2288 1112 2337 ὲν
1159 2284 1405 2358 θαλάσσῃ
1462 2285 1654 2339 δεινῶν
1712 2286 1780 2340 τὰ
1837 2286 1976 2356 μετά

387 2363 667 2419 θάλασσαν
719 2365 922 2434 ἀγαθά.
968 2367 1124 2421 Οὕτω
1158 2369 1254 2423 καὶ
1300 2370 1364 2423 σὺ
1417 2370 1666 2440 ποίησον·
1718 2370 1973 2439 ἐννόησον

384 2448 573 2519 ήλίκον
644 2450 794 2503 ἐστὶν
852 2453 913 2504 ὲν
981 2452 1136 2506 νυκτὶ
1198 2452 1428 2523 βαθείᾳ,
1490 2454 1598 2506 τῶν
1670 2453 1973 2525 ἀνθρώπων

384 2533 755 2587 καθευδόντων
798 2534 1056 2589 ἁπάντων
1094 2536 1190 2589 καὶ
1225 2536 1431 2608 θηρίων
1464 2538 1559 2590 καὶ
1592 2538 1829 2607 κτηνῶν.
1874 2538 1972 2608 βα-

385 2616 622 2687 θυτάτης
664 2618 895 2689 ἡσυχίας
924 2617 1125 2689 οὔσης,
1176 2620 1335 2691 μόνον
1380 2636 1440 2673 σε
1485 2619 1780 2689 ἐγερθέντα
1820 2619 1970 2696 [716]

384 2701 669 2773 παρρησία
711 2702 1058 2771 διαλέγεσθαι
1106 2702 1184 2769 τῷ
1228 2703 1395 2772 κοινῷ
1435 2703 1653 2758 πάντων
1700 2705 1968 2778 Δεσπότῃ.

396 2783 558 2837 Ἀλλά
584 2785 790 2853 γλυκὺς
815 2788 843 2840 ό
868 2785 1068 2851 ὖπνος;
1110 2786 1249 2839 Ἀλλ’
1271 2787 1425 2839 οὐδὲν
1449 2786 1782 2857 γλυκύτερον
1805 2805 1974 2858 προσ-

382 2870 550 2937 ευχῆς
573 2881 619 2920 ι.
649 2869 747 2921 Ἂν
771 2870 891 2922 κατ’
920 2868 1056 2922 ἰδίαν
1072 2869 1219 2941 αὐτῷ
1238 2869 1547 2940 διαλεχθῇς,
1576 2869 1749 2923 πολλὰ
1773 2870 1970 2926 ἀνύσαι

381 2948 609 3023 δυνήσῃ.
649 2951 878 3021 μηδενὸς
914 2952 1263 3022 ἑνοχλοῦντός
1298 2967 1357 3005 σε
1379 2990 1395 3013 ,
1442 2951 1575 3022 μηδὲ
1615 2953 1972 3023 ὲκκρούοντός

384 3056 447 3095 σε
471 3043 569 3113 τῆς
598 3043 860 3114 δεήσεως·
892 3043 1037 3114 ἔχεις
1052 3044 1151 3097 καὶ
1174 3044 1268 3096 τὸν
1290 3044 1482 3114 καιρὸν
1511 3044 1799 3115 σύμμαχον
1830 3046 1965 3118 πρὸς

381 3124 445 3178 τὸ
474 3127 750 3197 ἐπιτυχεῖν
785 3120 863 3181 ὧν
899 3126 1095 3191 θέλεις.
1138 3127 1301 3180 Ἀλλά
1328 3128 1671 3200 περιστρέφῃ
1713 3129 1965 3199 κείμενος

382 3200 480 3263 ἐπὶ
509 3209 758 3280 μαλακῆς
783 3212 1090 3283 στρωμνῆς,
1111 3212 1204 3264 καὶ⁵
1227 3211 1405 3274 ὀκνεῖς
1432 3210 1821 3279 διαναστῆναι;
1857 3212 1971 3266 Ἐν-

382 3293 577 3364 νόησον
607 3295 733 3359 τοὺς
761 3295 854 3348 ἐπὶ
882 3295 981 3366 τῆς
1001 3296 1228 3366 σιδηρᾶς
1250 3294 1521 3365 κλίμακος
1548 3293 1838 3363 κειμένους
1862 3294 1965 3365 σή-

386 3394 552 3448 μερον
598 3377 903 3449 μάρτυρας,
938 3378 1059 3448 οὐχὶ
1090 3377 1380 3449 στρωμνῆς
1417 3376 1808 3448 ὑποκειμένης,
1849 3377 1967 3431 ἀλλ’

381 3459 674 3532 ἀνθράκων
703 3461 1166 3533 ὑπεστρωμένων.
1208 3459 1474 3513 Ἐνταῦθα
1502 3459 1763 3530 βούλομαι
1791 3478 1963 3515 κατα·-

381 3544 545 3597 λῦσαι
581 3545 673 3598 τὸν
716 3544 895 3614 λόγον,
943 3543 1085 3597 ὥστε
1126 3544 1228 3615 τῆς
1274 3542 1546 3615 κλίμακος
1591 3544 1690 3615 τὴν
1742 3545 1965 3615 μνήμην

382 3628 739 3698 ἀκμάζουσαν
807 3629 903 3681 καὶ
962 3628 1164 3700 νεαρὰν
1210 3628 1433 3698 ἔχοντας
1486 3628 1630 3699 ὑμᾶς
1688 3627 1966 3695 ἀπελθεῖν,

383 3713 481 3767 καὶ
526 3712 731 3783 ταύτης
759 3712 817 3765 ὲν
854 3713 1011 3766 νυκτὶ
1048 3713 1141 3766 καὶ
1178 3714 1237 3765 ὲν
1264 3710 1447 3783 ἡμέρα
1481 3710 1825 3782 μεμνῆσθαι·
1865 3711 1969 3765 κᾶν

386 3797 494 3869 γὰρ
528 3795 698 3869 μυρία
729 3795 939 3869 κατέχῃ
966 3795 1163 3868 δεσμὰ,
1195 3794 1542 3867 δυνησόμεθα
1579 3794 1756 3849 πάντα
1796 3796 1969 3867 ἀπορ-

372 3970 377 3974 ·
448 3948 474 3979 ⁸
498 3947 648 3998 Savll.
663 3954 717 3998 et
737 3948 861 4012 Reg.
880 3955 1147 4012 προσευχῆς
1169 3949 1433 4013 παρρησίαν
1459 3948 1677 4011 ἐχούσης.

1485 412 1573 466 DE
1609 403 1868 464 TERRIE
1912 398 2127 457 MOTU.
2159 426 2227 438 --
2248 395 2582 457 MONITUM.

408 532 537 599 πῦρ,
569 531 704 585 ἀλλά
728 533 824 601 τὴν
879 533 1246 604 προκειμένην
1283 534 1581 605 βασιλείαν,
1613 537 1690 606 μὴ
1723 536 1851 599 τοὺς
1882 551 1985 587 πε·
2027 516 2051 529 κ

403 615 698 687 ριεστῶτας
765 615 1001 686 δημίους,
1077 617 1211 670 ἀλλά
1275 617 1359 671 τὸν
1434 618 1802 689 στεφανοῦντα
1852 619 1987 689 Χρι-

3560 415 3667 471 ἨΞ

2096 532 2256 604 ῥῆξαι
2291 532 2506 605 ῥαδίως,
2547 531 2642 584 καὶ
2688 530 2826 602 πρὸς
2872 530 2970 599 τὴν
3003 531 3170 601 εὐχὴν
3208 530 3539 602 ἀναστῆναι,
3566 535 3665 604 τὴν

2093 617 2333 687 κλίμακα
2357 617 2559 686 ταύτην
2586 615 2891 679 ἐννοοῦντες
2927 616 3240 680 διαπαντός.
3290 617 3381 687 Μὴ
3413 619 3510 688 τὴν
3550 622 3665 674 κλί-
3766 670 3781 683 ,

2094 717 2245 769 μακα
2288 700 2345 753 δὲ
2390 700 2547 769 μόνον
2598 698 2835 770 ἐκείνην,
2887 698 3024 752 ἀλλά
3063 699 3158 752 καὶ
3205 699 3306 762 τὰς
3348 700 3510 766 ἄλλας
3555 705 3663 756 τῶν

2095 782 2384 855 μαρτύρων
2409 782 2680 853 τιμωρίας
2707 782 3098 851 διαγράφωμεν
3126 783 3219 835 ἐπὶ
3251 783 3313 836 τὸ
3340 784 3539 848 πλάτος
3566 789 3663 856 τῆς

2091 866 2318 936 καρδίας
2348 866 2448 937 τῆς
2478 866 2770 937 ἡμετέρας.
2810 866 2921 917 Καὶ
2951 864 3203 934 καθάπερ
3242 868 3292 919 οί
3339 867 3437 931 τὰς
3482 870 3661 934 οἰκίας

2088 949 2185 1012 τὰς
2210 949 2421 1002 ἑαυτῶν
2460 950 2736 1012 ποιοῦντες
2765 948 3046 1019 λαμπρὰς,
3074 950 3285 1019 ἀνθηρῇ
3312 954 3497 1023 γραφῇ
3535 970 3664 1007 παν·

2087 1032 2315 1102 ταχόθεν
2346 1032 2515 1096 αὐτὰς
2548 1033 3020 1104 κατακοσμοῦσιν·
3051 1032 3215 1101 ξοῦτω
3259 1034 3355 1088 καὶ
3399 1037 3560 1106 ἡμεῖς
3603 1042 3661 1092 έν

2088 1118 2200 1177 τοῖς
2236 1116 2435 1186 τοίχοις
2473 1117 2572 1186 τῆς
2614 1116 2894 1187 ἡμετέρας
2931 1116 3170 1179 διανοίας
3208 1118 3659 1192 ζωγραφήσωμεν

2086 1198 2195 1252 τῶν
2226 1199 2517 1270 μαρτύρων
2540 1200 2638 1262 τὰς
2666 1200 2954 1271 τιμωρίας.
3000 1201 3213 1271 Ἐκείνη
3241 1202 3339 1272 μὲν
3361 1202 3470 1274 γὰρ
3500 1206 3532 1273 ἠ
3558 1203 3662 1267 ζωοι

2086 1283 2296 1351 γραφία
2329 1283 2605 1351 ἀνόνητος,
2642 1282 2782 1352 αῦτη
2819 1282 2877 1335 δὲ
2908 1281 3097 1352 κέρδος
3144 1282 3358 1352 ἔχουσα·
3401 1287 3461 1338 οὺ
3490 1287 3659 1341 δεῖται

2086 1364 2196 1437 γὰρ
2224 1382 2327 1435 χρη
2337 1365 2544 1434 μάτων,
2565 1364 2686 1417 οὐδὲ
2709 1364 2974 1435 δαπάνης,
2997 1365 3118 1417 οὐδὲ
3138 1366 3332 1436 τέχνης
3351 1368 3495 1431 τινὸς
3519 1369 3657 1441 αὕτη

2086 1449 2120 1520 ἠ
2155 1448 2372 1520 γραφὴ,
2401 1448 2517 1502 ἀλλ’
2543 1447 2665 1501 ἀντὶ
2698 1445 2913 1500 πάντων
2951 1448 3114 1518 ἀρκεῖ
3147 1450 3427 1522 προθυμία
3455 1454 3661 1524 χρήσα-

2087 1531 2212 1586 σθαι
2248 1534 2345 1585 καὶ
2374 1529 2621 1601 λογισμῷ
2650 1530 2883 1599 γενναίῳ
2910 1530 3005 1582 καὶ
3030 1532 3274 1602 νήφοντι,
3306 1534 3400 1586 καὶ
3428 1534 3514 1590 διὰ
3545 1537 3663 1590 τού-

2084 1632 2180 1667 του
2209 1615 2462 1686 καθάπερ
2477 1614 2566 1668 διά
2586 1630 2733 1677 τινος
2757 1612 2941 1684 χειρὸς
2963 1613 3191 1684 ἀρίστης
3218 1615 3531 1687 ὑπογράψαι
3559 1619 3660 1683 τὰς

2085 1698 2358 1770 τιμωρίας
2404 1696 2605 1751 αὐτῶν.
2667 1687 3063 1766 Ζωγραιρὦμεν
3104 1697 3283 1750 τοίνυν
3309 1700 3367 1751 ὲν
3397 1704 3463 1771 τῇ
3512 1702 3657 1776 ψυχῇ

2083 1779 2211 1843 τοὺς
2246 1781 2344 1850 μὲν
2384 1779 2476 1833 ἐπὶ
2504 1778 2753 1848 τηγάνων
2788 1778 3111 1849 κειμένους,
3141 1781 3269 1842 τοὺς
3311 1780 3368 1833 δὲ
3413 1783 3518 1836 ὑπὸ
3565 1788 3661 1839 άν-

2080 1861 2300 1933 θράκων
2324 1862 2674 1932 τεταμένους,
2705 1861 2834 1924 τοὺς
2864 1862 2920 1915 δὲ
2954 1863 3035 1925 είς
3078 1860 3313 1932 λέϐητας
3356 1865 3659 1921 κυϐιστῶν-

2077 1962 2195 2011 τας,
2236 1946 2365 2010 τοὺς
2402 1946 2458 2000 δὲ
2486 1948 2566 2010 είς
2605 1946 2879 2000 θάλασσαν
2904 1947 3513 2018 ’καταποντιζομένους,
3549 1952 3663 2005 ἐτέ-

2080 2045 2209 2101 ρους
2247 2029 2536 2098 ξεομένους
2563 2029 2834 2115 Μαλλούς
2864 2030 2959 2115 ἐπι
2983 2028 3177 2099 τροχὸν
3210 2034 3656 2115 καμπτομένους⁹

2076 2112 2271 2177 ἄλλους
2320 2114 2403 2176 είς
2436 2112 2679 2185 κρημνὸν
2729 2112 3107 2182 ῥιπτομένους·
3141 2113 3239 2166 καὶ
3270 2115 3396 2178 τοὺς
3435 2118 3533 2187 μὲν
3559 2112 3659 2189 θηᾴ

2078 2197 2216 2270 ρίοις
2248 2197 2639 2262 πυκτεύοντας,
2673 2198 2797 2259 τοὺς
2824 2196 2879 2249 δὲ
2917 2196 3009 2249 ἐπὶ
3045 2197 3108 2250 τὺ
3149 2196 3425 2269 βάραθρον
3454 2201 3659 2272 ἀγομέ-

2076 2300 2220 2347 νους,
2242 2283 2368 2346 τοὺς
2394 2283 2470 2345 δὲ,
2497 2282 2573 2346 ὡς
2606 2281 2834 2344 ἕκαστος
2851 2279 3039 2351 έτυχεν
3062 2281 3374 2346 καταλύσας
3398 2283 3490 2336 τὸν
3516 2286 3655 2354 βίον·

2076 2363 2165 2417 ἵνα
2190 2364 2256 2433 τῇ
2296 2361 2540 2433 ποικιλίᾳ
2577 2363 2675 2424 τῆς
2708 2360 2927 2432 γραφῆς
2955 2358 3158 2430 ταύτης
3194 2370 3215 2399 ο
3260 2360 3523 2433 λαμπράν
3557 2364 3656 2436 τὴν

2076 2448 2349 2519 ἡμετέραν
2369 2438 2874 2506 κατασκευάσαντες
2898 2442 3096 2506 οὶκίαν,
3121 2444 3421 2514 ἐπιτήδειον
3449 2446 3527 2516 τῷ
3559 2447 3655 2518 βα-

2077 2530 2215 2583 σιλεῖ
2248 2529 2356 2583 τῶν
2384 2528 2627 2600 οὐρανῶν
2654 2528 2968 2596 ποιήσωμεν
3005 2525 3366 2595 καταγώγιον.
3415 2529 3511 2581 Ἂν
3541 2531 3653 2602 γὰρ

2077 2615 2160 2686 ἴδῃ
2186 2613 2441 2676 τοιαύτας
2465 2616 2521 2668 ὲν
2535 2616 2601 2684 τῇ
2625 2612 2835 2683 διανοίᾳ.
2861 2611 2960 2673 τὰς
2988 2611 3361 2682 γραφάς,ἥξει
3391 2612 3529 2680 μετά
3556 2616 3652 2667 τοῦ

2074 2700 2307 2770 Πατρός,
2337 2698 2432 2751 καὶ
2462 2698 2627 2769 μονὴν
2668 2699 2883 2768 ποιήσει
2920 2698 3049 2766 παρ’
3078 2698 3210 2766 ἡμῖν
3242 2699 3338 2750 σὺν
3371 2696 3450 2768 τῷ
3480 2698 3649 2752 Πνεύ-

2078 2800 2205 2852 ματι
2245 2781 2325 2857 τῷ
2362 2780 2528 2851 ἁγίῳ·
2561 2782 2657 2833 καὶ
2696 2778 2972 2849 βασιλικὸς
3018 2778 3171 2831 ἔσται
3208 2778 3393 2833 λοιπὸν
3430 2775 3579 2845 οἶκος
3615 2783 3650 2854 ή

2073 2867 2279 2920 διάνοια
2310 2865 2487 2936 ἡμῶν,
2526 2864 2622 2917 καὶ
2661 2864 2836 2927 οὐδεὶς
2874 2863 3072 2927 ἄτοπος
3100 2862 3360 2933 λογισμὸς
3398 2865 3650 2934 ἐπιϐῆναι

2072 2949 2383 3019 δυνήσεται,
2420 2947 2522 3017 τῆς
2551 2947 2660 3000 τῶν
2694 2946 2987 3018 μαρτύρων
3032 2946 3250 3016 μνήμης
3281 2945 3468 3017 ὥσπερ
3505 2946 3651 3011 τινὸς

2072 3033 2317 3106 ἀνθηρᾶς
2350 3031 2669 3102 ζωγραφίας
2697 3031 2989 3093 διαπαντὸς
3022 3032 3155 3099 ἡμῖν
3192 3030 3645 3101 έναποκειμένης,

2073 3119 2166 3170 καὶ
2204 3116 2406 3187 πολλὴν
2432 3116 2745 3185 ὲναφιείσης
2765 3114 2862 3184 τὴν
2894 3113 3283 3185 μαρμαρυγὴν,
3309 3114 3403 3166 καὶ
3427 3113 3521 3166 τοῦ
3556 3114 3649 3184 βα-

2074 3201 2263 3264 σιλέως
2290 3201 2400 3253 τῶν
2430 3199 2566 3253 δλων
2598 3197 2735 3251 Θεοῦ
2769 3197 3007 3268 συνεχῶς
3041 3197 3174 3266 ἡμῖν
3203 3195 3642 3265 ὲνδιαιτωμένου.

2072 3283 2227 3338 Οῦτω
2246 3283 2302 3335 δὲ
2329 3282 2563 3336 ἐνταῦθα
2589 3280 2825 3352 Χριστὸν
2858 3278 3269 3349 ὑποδεξάμενοι,
3302 3279 3645 3350 δυνησόμεθα

2074 3366 2213 3436 μετά
2238 3365 2336 3437 τὴν
2371 3364 2624 3419 ἐντεῦθεν
2666 3361 2975 3433 ἀποδημίαν
3011 3364 3092 3425 είς
3133 3362 3230 3425 τὰς
3270 3362 3472 3431 σκηνὰς
3510 3360 3646 3416 ὑπο·

2067 3449 2322 3519 δεχθῆναι
2350 3448 2451 3510 τὰς
2479 3446 2752 3509 αἰωνίους,
2780 3439 2855 3499 ὧν
2882 3445 3091 3513 γένοιτο
3117 3443 3322 3505 πάντας
3356 3446 3501 3513 ἡμᾶς
3522 3443 3646 3496 ἑπι-

2067 3535 2251 3602 τυχεῖν
2299 3532 2479 3603 χάριτι
2532 3532 2627 3585 καὶ
2675 3527 3057 3601 φιλανθρωπίᾳ.
3100 3525 3193 3579 τοῦ
3234 3526 3439 3595 Κυρίου
3484 3527 3643 3596 ἡμῶν

2080 3616 2253 3687 Ἰησοῦ
2291 3614 2548 3686 Χριστοῦ,
2587 3614 2656 3668 δι’
2689 3607 2749 3668 οῦ
2777 3610 2871 3666 καὶ
2910 3611 3027 3681 μεθ’
3059 3603 3121 3663 οῦ
3164 3609 3242 3680 τῷ
3280 3611 3453 3682 Πατρὶ
3493 3610 3639 3674 δόξα,

2066 3698 2184 3768 ἅμα
2214 3698 2290 3769 τῷ
2322 3698 2462 3768 ἁγίῳ
2494 3698 2589 3750 καὶ
2619 3695 2866 3767 ζωοποιῷ
2898 3693 3209 3765 Πνεύματι,
3240 3694 3319 3757 είς
3351 3694 3478 3757 τοὺς
3513 3692 3648 3746 αἰῶ-

2065 3799 2163 3845 νας
2194 3782 2301 3835 τῶν
2331 3781 2562 3835 αἰώνων.
2607 3781 2803 3852 Ἀμήν.

2124 3885 2153 3923 1³
2178 3886 2300 3947 Reg.
2322 3885 2757 3947 καταξαινομένους.

2128 3950 2151 3978 ⁸
2179 3946 2305 4009 lteg.
2328 3947 2588 4011 ζωγραφίας
2609 3946 2799 4004 ταύτης.

412 4222 1361 4255 ἒ-ῄ--ιψ--Αθ
1416 4232 1473 4238 ης-
1494 4232 1591 4238 --τ--μ
1616 4233 1671 4238 α-.
1688 4233 1763 4238 --μ
1792 4234 1805 4237 _
1832 4234 1851 4238 ._
1870 4232 1921 4239 -.η
1993 4232 2143 4238 ιντο-
2164 4226 2895 4239 --ομ-ἀο--α--Ψ-ῆ--ι
2922 4230 2927 4233 μ
2960 4229 2983 4234 -›
2998 4229 3037 4235 ⁴σ
3052 4225 3630 4252 οο--ς-ο-π

1823 4518 2199 4581 MONlTUM.

369 4825 485 4865 rem
523 4812 758 4866 multum
787 4821 952 4884 atque
990 4813 1266 4871 sudorem.
1298 4814 1355 4867 lu
1386 4814 1529 4869 hunc
1580 4830 1708 4868 vero
1741 4822 1897 4870 terra:
1932 4824 2136 4869 motum
2184 4827 2243 4868 se
2289 4812 2452 4866 etiam
2487 4809 2664 4881 pridie
2716 4809 3101 4863 couciouatum
3150 4819 3269 4859 esse
3327 4802 3643 4858 testiﬁcatur

365 4926 796 4997 Chrysostomus
826 4945 880 5000 p.
920 4928 1023 4985 7l9
1051 4934 1115 4985 Α.

438 5084 655 5138 Annum
687 5100 795 5155 quo
829 5084 919 5140 hic
953 5092 1111 5140 terra:
1142 5094 1324 5141 motus
1360 5084 1577 5150 accidit,
1612 5100 1680 5141 ne
1720 5085 2037 5156 conjectura
2084 5085 2303 5155 quidem
2331 5091 2571 5140 statuere
2598 5097 2929 5153 possumus:
2961 5081 3381 5152 cx'mgritudine
3408 5094 3642 5149 namque

364 5197 742 5271 Chrysostomi
776 5201 981 5255 nullam
1021 5202 1213 5257 calculi
1245 5203 1480 5272 ponendi
1509 5219 1696 5257 ansam
1734 5203 1977 5273 arripere
2010 5202 2136 5257 licet
2176 5222 2188 5256 :
2226 5218 2347 5255 nam
2381 5201 2711 5257 valetudinis
2741 5215 2851 5256 nou
2885 5210 2969 5257 Sat
3006 5200 3175 5254 ﬁrma:
3224 5199 3305 5252 vir
3335 5210 3477 5265 smpe
3513 5209 3637 5247 cum

365 5318 577 5372 morbis
603 5316 1037 5373 conﬂictabatur.
1071 5320 1224 5375 Hanc
1257 5321 1538 5376 homiliam
1574 5322 1628 5377 iu
1664 5323 1783 5377 loco
1831 5322 2119 5393 peregrino
2154 5322 2378 5378 dederat
2413 5323 2744 5379 Franciscus
2778 5322 3139 5380 Cumbcﬁsius
3174 5336 3316 5376 anno
3341 5318 3499 5374 {656.
3530 5316 3641 5373 Nos
3670 5368 3677 5376 .

363 5451 433 5491 ex
473 5432 742 5491 Vaticano
768 5437 1006 5507 quodam
1037 5436 1240 5495 Codice
1262 5439 1679 5511 exscripsimus,
1706 5447 1760 5495 et
1789 5456 1854 5495 ex
1887 5448 2118 5511 utroque
2154 5456 2368 5511 sanam,
2401 5451 2462 5499 ut
2483 5453 2639 5513 puto,
2680 5443 2878 5500 seriem
2914 5442 3328 5507 adornavimus,
3355 5445 3519 5510 atque
3555 5437 3639 5492 in»

367 5553 817 5623 ten-pretationem
850 5570 1046 5610 novam
1084 5554 1336 5612 fecimus.

564 5813 605 5833 4,
