4088 6448
987 560 1493 716 HOMILIA
1535 555 1824 707 vostr
1867 554 2293 705 TERBE
2355 556 2800 709 MOTUM
2847 554 2952 707 (at.

1634 398 1719 455 DE
1754 397 2011 461 TEJiBE
2050 400 2256 460 H011}.
3542 412 3600 463 Ἠ
3620 415 3641 468 i

2728 541 2959 556 Μ

1837 780 2156 841 «om»

427 931 772 1005 Chrysoslomi
823 943 941 999 ergo
990 940 1188 997 gregem
1243 923 1466 987 caritas;
1517 918 1946 974 Antiochenorum

356 1026 551 1095 pietas;
577 1021 919 1075 calamitatum
943 1020 1157 1090 fructus.
1180 1045 1253 1057 —
1282 1014 1391 1069 Etsi
1434 1011 1660 1067 adversa
1698 1006 1948 1065 valetudo

357 1116 694 1187 impedierit,
728 1110 1011 1183 quominus
1041 1108 1312 1162 vobiscum
1356 1103 1687 1177 spiritualem
1721 1100 1947 1157 chorum

355 1220 667 1291 ageremus,
699 1218 796 1260 vos
842 1213 1018 1258 tamen
1072 1201 1274 1291 itineris
1316 1198 1467 1291 labor
1511 1210 1617 1252 non
1666 1192 1943 1291 deterruit.

358 1282 509 1354 Licet
540 1297 684 1352 enim
714 1295 865 1349 labor
892 1293 980 1348 illo
1004 1307 1100 1346 vos
1135 1290 1302 1345 multo
1335 1287 1531 1343 sudore
1575 1285 1816 1365 perfusos
1843 1282 1949 1338 huc

357 1390 657 1454 adduxerit,
698 1397 753 1442 at
783 1386 931 1441 verbi
960 1384 1199 1439 doctrina
1227 1397 1348 1437 cum
1375 1379 1740 1450 tegritudinem
1772 1390 1945 1431 meum

356 1485 413 1539 in
440 1485 629 1537 bonam
656 1480 1013 1536 valetudinem
1041 1476 1280 1537 mutavit,
1314 1485 1424 1528 tum
1449 1472 1683 1527 laborem
1710 1478 1945 1525 vestrum

359 1592 454 1646 per
480 1572 826 1646 psalmodiam
859 1570 1137 1626 recreavit.
1171 1566 1375 1623 idcirco
1411 1577 1585 1634 neque
1610 1576 1708 1631 ego
1748 1559 1820 1615 ob
1858 1560 1947 1613 in-

361 1652 666 1725 firmitatem
697 1666 931 1735 linguam
961 1661 1197 1726 coercui,
1230 1673 1403 1729 neque
1429 1670 1525 1711 vos
1553 1652 1944 1724 defatigationis

357 1781 488 1836 ergo
516 1763 701 1828 audire
724 1759 1016 1824 abnuistis;
1047 1757 1141 1825 sed
1163 1755 1321 1810 simul
1350 1762 1509 1824 atque
1528 1763 1708 1805 sermo
1728 1746 1943 1817 prodiit,

359 1840 668 1925 defatigatio
716 1849 1007 1915 abscessit;
1045 1862 1166 1902 cmn
1206 1845 1436 1915 primum
1474 1840 1711 1896 doctrina
1742 1836 1945 1907 prolata

359 1958 476 2013 est,
508 1944 767 2014 lassimdo
813 1942 1033 2013 aufugit.
1064 1939 1197 1995 Nam
1246 1934 1507 2007 argritudo
1545 1940 1600 1988 et
1639 1929 1948 2001 defatigatio

357 2040 597 2109 corporis
622 2049 768 2103 sunt,
796 2033 1036 2090 doctrina
1061 2046 1189 2086 vero
1217 2028 1380 2092 animi
1417 2040 1552 2096 Opus
1583 2033 1741 2094 atque
1774 2020 1947 2075 medi-

358 2132 498 2186 cina.
521 2128 787 2196 Quantum
814 2136 992 2180 autem
1021 2122 1231 2196 corpori
1260 2126 1476 2191 prmstat
1501 2118 1676 2171 anima
1695 2158 1711 2182 ,
1742 2122 1945 2169 tantum

363 2222 518 2291 hujus
560 2234 722 2289 opera
762 2225 887 2271 sunt
929 2213 1320 2286 przestantiora.
1348 2209 1579 2280 ideoque
1608 2221 1712 2262 non
1758 2205 1947 2260 morbo

362 2326 585 2381 tantum,
604 2314 696 2368 sed
720 2313 984 2367 sexcentis
1002 2310 1160 2366 etiam
1181 2307 1300 2363 aliis
1325 2304 1686 2377 ingruentibus
1706 2298 1948 2357 obicibus

360 2417 587 2462 vestram
619 2404 893 2460 caritatem
924 2402 1206 2472 complecti
1243 2411 1529 2469 numquam
1565 2394 1768 2450 cessavi
1801 2410 1813 2446 κ
1848 2406 1946 2445 ne-

361 2516 463 2571 que.
495 2499 652 2553 hodie
687 2500 754 2552 ab
792 2499 888 2550 hac
919 2496 1172 2565 prmclara
1206 2491 1544 2548 solemnitate
1571 2486 1759 2542 abesse
1777 2482 1943 2540 volui.

359 2576 464 2646 Sed
498 2592 752 2644 hactenus
778 2589 989 2658 quidem
1014 2586 1153 2639 lecto
1175 2582 1317 2637 affixi
1348 2592 1583 2642 eramus,
1609 2577 1748 2631 Deus
1769 2584 1944 2628 tamen

361 2701 464 2740 non
497 2684 757 2754 permisit,
791 2668 842 2735 ut
874 2680 1012 2735 fame
1056 2678 1264 2747 penitus
1308 2672 1680 2730 deficeremus.
1711 2668 1778 2726 Ut
1801 2668 1944 2724 enim

361 2776 511 2831 vobis
549 2776 716 2829 fames
744 2785 823 2829 est
854 2789 957 2826 non
1005 2769 1189 2825 audire
1212 2809 1230 2836 ,
1262 2769 1339 2823 sic
1376 2775 1430 2822 et
1460 2763 1587 2819 mihi
1629 2762 1797 2816 fames
1838 2774 1944 2813 non

360 2866 687 2933 eoucionari.
716 2865 795 2919 Ad
825 2863 1069 2920 emndem
1102 2861 1315 2916 modum
1359 2867 1414 2913 et
1461 2865 1632 2912 mater
1679 2861 1947 2924 aegrotans

360 2959 566 3015 extrahi
592 2974 875 3026 ntatnmam
902 2972 1053 3011 suam
1083 2954 1150 3009 ab
1173 2954 1372 3008 infante
1398 2951 1565 3014 malit,
1590 2963 1747 3018 quam
1771 2950 1946 3017 ipsum

363 3055 500 3109 fame
540 3054 895 3107 tabescentem
926 3048 1154 3117 videre:
1186 3045 1426 3113 trahatur
1453 3052 1509 3098 et
1553 3040 1681 3097 mihi
1726 3053 1943 3109 corpus.

360 3149 489 3217 Quis
512 3148 653 3202 enim
686 3163 789 3200 non
822 3145 1005 3199 lubens
1033 3157 1130 3223 pro
1157 3142 1306 3196 vobis
1325 3137 1484 3195 etiam
1514 3135 1823 3205 sanguinem
1859 3131 1946 3187 fu-

360 3241 536 3305 derit,
561 3240 686 3294 viris
717 3249 859 3293 tanta
892 3239 1082 3307 pietate
1106 3276 1120 3300 ,
1149 3244 1297 3301 tanto
1331 3229 1577 3288 audiendi
1623 3227 1800 3283 studio
1838 3226 1945 3281 fer-

361 3333 602 3399 v,entibu3
633 3347 648 3389 :
675 3331 763 3402 qui
792 3343 896 3384 tam
935 3328 1126 3397 exiguo
1174 3326 1429 3395 temporis
1467 3329 1740 3377 momento
1770 3319 1943 3388 pmni-

361 3427 581 3482 tentiam
611 3423 943 3480 exhibeatis?
970 3421 1113 3476 inter
1140 3421 1277 3473 diem
1308 3426 1363 3472 et
1401 3424 1610 3483 noctem
1655 3412 1943 3467 discrimen

361 3533 466 3571 non
512 3518 708 3580 nostis,
738 3515 832 3570 sed
870 3526 1151 3583 utrumqttc
1179 3520 1386 3582 tempus
1414 3509 1553 3565 diem
1586 3506 1755 3561 facitis
1779 3548 1793 3571 ,
1837 3520 1944 3560 non

359 3623 537 3663 acrem
556 3606 938 3670 mutantessed
964 3603 1251 3675 pervigiliis
1270 3587 1452 3656 noctes
1474 3600 1829 3655 inusti-antes:
1849 3611 1946 3651 no-

357 3708 473 3753 ctes
497 3700 646 3753 vobis
667 3699 958 3761 insomnes,
982 3696 1153 3750 somni
1173 3693 1411 3768 tyrannis
1432 3692 1604 3748 soluta
1633 3698 1752 3745 est:
1786 3688 1944 3744 Chri-

358 3791 426 3843 sti
447 3806 671 3861 namque
685 3793 835 3843 ainor
854 3799 1053 3842 natura:
1076 3785 1434 3842 infirmitatem
1450 3785 1595 3837 vicit.
1616 3783 1697 3837 Ab
1714 3780 1944 3835 humana

358 3883 660 3937 conditione
679 3896 904 3950 corpora
923 3878 1211 3945 Iiberastis,
1229 3876 1368 3948 quod
1388 3876 1610 3930 virtutes
1635 3871 1942 3940 imitemini,

357 3975 485 4031 dum
519 3984 690 4029 tantas
730 3974 935 4044 vigilias
967 3972 1266 4041 suscipitis,
1297 3970 1604 4025 diuturnum
1641 3967 1942 4037 jejunium,

360 4077 564 4122 tantum
592 4066 798 4121 itineris
823 4065 1058 4119 laborem
1079 4106 1095 4133 ,
1130 4064 1370 4128 laborem
1410 4061 1615 4129 scilicet
1647 4060 1691 4115 si
1722 4068 1939 4124 natura,

356 4158 590 4227 quietem
617 4158 661 4212 si
692 4157 938 4212 voluntas
988 4166 1279 4227 spectetur.
1312 4154 1410 4211 llic
1457 4153 1663 4209 timoris
1700 4151 1902 4208 fructus
1925 4191 1943 4219 ,

361 4251 449 4304 hic
475 4264 537 4304 ex
569 4258 724 4304 terrm
744 4258 891 4303 motu
920 4254 1229 4318 proventus,
1253 4260 1447 4315 nempe
1472 4252 1763 4315 proventus
1789 4258 1945 4297 num-

358 4355 522 4410 quam
549 4338 947 4405 ερῃευωθηάιβ
964 4378 979 4405 ,
1012 4347 1302 4408 proventus
1330 4338 1423 4409 qui
1449 4345 1504 4403 et
1532 4350 1827 4409 pauperum
1862 4333 1945 4388 fa-.

358 4433 595 4499 cultates,
627 4440 788 4517 anget
805 4472 820 4501 ,
847 4440 899 4495 et
940 4430 1191 4499 divitibus
1218 4429 1517 4497 divitiarum
1546 4428 1785 4497 accessio
1812 4436 1900 4497 est
1926 4444 1941 4480 :

360 4540 469 4589 non
517 4524 665 4589 novit
712 4531 1117 4593 paupertatem,
1168 4538 1274 4577 non
1329 4520 1477 4578 novit
1517 4520 1748 4576 divitias.
1787 4518 1945 4575 Venit

361 4626 520 4672 teme
544 4626 742 4683 motus,
765 4625 819 4672 et
844 4617 966 4672 vitae
990 4614 1401 4687 intequalitatem
1423 4615 1655 4671 sustulit.
1672 4613 1773 4670 Ubi
1802 4628 1946 4669 nunc

358 4720 487 4771 sunt
513 4712 601 4782 qui
628 4711 814 4767 sericis
838 4709 1224 4766 induebamur?
1245 4709 1338 4767 ubi
1361 4709 1590 4771 aurum?
1614 4708 1740 4763 Haec
1763 4707 1943 4773 cauti;

360 4804 663 4873 evolarunt.
691 4802 920 4868 facilius,
947 4817 1112 4873 quam.
1131 4817 1342 4869 aram
1367 4801 1489 4871 tota.
1520 4800 1779 4871 dissipata
1796 4809 1943 4873 sunt,

361 4905 417 4951 et
446 4894 584 4950 fluxa
610 4895 780 4965 magis
805 4909 962 4965 quam
990 4893 1140 4950 verni
1168 4893 1328 4948 flores
1348 4892 1679 4962 deprehensa
1704 4900 1847 4947 sunt.
1877 4894 1946 4945 At

360 4989 483 5056 quia
515 4995 755 5055 paratum
787 4992 1021 5041 vestrum
1061 4986 1298 5040 animum
1327 4983 1503 5049 video,
1532 4982 1810 5038 lautiorem
1846 4998 1944 5037 vo-

362 5077 445 5131 bis
468 5089 705 5131 mensam
731 5089 1001 5146 apponere
1026 5076 1169 5131 volo.
1199 5074 1433 5146 Corpora
1461 5083 1636 5131 vestra
1665 5074 1828 5142 fessa,
1850 5075 1944 5130 sed

361 5168 599 5224 animum
644 5178 890 5240 vegetum
935 5168 1221 5240 perspicio.
1250 5168 1400 5239 Multi.
1441 5168 1698 5237 sudorum
1734 5168 1941 5241 fontes,

360 5257 458 5314 sed
506 5258 885 5312 conscientiam
928 5257 1259 5329 abstergunt.
1290 5258 1422 5314 Nam
1467 5259 1513 5313 si
1555 5259 1770 5314 athletae
1815 5274 1943 5313 sano

361 5349 521 5420 guine
541 5346 949 5419 perfunduntur,
980 5360 1038 5406 ut
1065 5349 1197 5404 lauri
1227 5350 1371 5406 foliis
1393 5350 1679 5418 donentur,
1704 5366 1824 5421 quae
1849 5349 1948 5404 bo-

361 5443 461 5507 die_
501 5440 657 5509 data,
701 5456 822 5506 eras
868 5451 1241 5507 marcescent:
1274 5443 1443 5509 multo
1483 5445 1653 5514 magis
1690 5458 1825 5513 vos,
1853 5444 1943 5515 qui

366 5534 631 5601 honorum
658 5546 880 5602 operum
904 5542 1180 5598 certamen.
1200 5534 1432 5602 iniistis.
1457 5549 1553 5604 pals
1576 5541 1660 5598 est
1686 5550 1789 5603 nec
1818 5550 1945 5601 suc?

282 5713 287 5717 i
361 5624 618 5699 cumbae
642 5637 744 5687 Im
769 5625 1001 5689 emolliri
1025 5625 1293 5691 laboribus
1320 5640 1419 5695 pec
1438 5627 1632 5691 virtute
1661 5627 1940 5709 susceptis.

422 5776 500 5840 (η)
531 5776 775 5845 Εκξοςᾷιςιιξ
811 5777 1009 5845 ex_ng.
1031 5779 1259 5845 Vaticano
1272 5794 1326 5845 ξι.
1348 5780 1458 5840 δτι,
1487 5786 1540 5833 XI
1563 5779 1747 5843 seculi,
1774 5788 1825 5833 et
1847 5781 1943 5845 col-

358 5838 460 5896 lata
480 5838 592 5892 iam
612 5838 729 5888 Mitt.
756 5838 1004 5891 Comhteﬁs.
1031 5853 1157 5892 anno
1179 5842 1307 5894 “sua,
1449 5838 1455 5840 '
1738 5838 1743 5843 η
1891 5840 1897 5847 .

2057 913 2306 972 Vestrum
2331 919 2593 975 theatrum
2620 922 2751 978 mihi
2776 936 2973 978 corona
3004 934 3103 990 est,
3134 940 3380 997 unusque
3405 936 3642 981 vestrum

2055 1006 2271 1063 auditor
2297 1011 2515 1079 perinde
2538 1011 2787 1076 milliest,
2819 1025 2979 1085 atque
3005 1024 3112 1071 tota
3141 1017 3354 1073 civitas.
3372 1017 3476 1071 Alii
3501 1020 3643 1072 enim

2056 1109 2296 1155 crateras
2322 1110 2447 1170 potu
2473 1114 2797 1159 coronarunt
2820 1147 2836 1172 ,
2858 1107 2947 1160 alii
2973 1107 3206 1162 satauica
3230 1108 3472 1162 convivia
3499 1111 3641 1165 cele-

2056 1189 2305 1257 brarunt,
2326 1193 2414 1249 alii
2445 1193 2640 1249 lautam
2679 1211 3005 1266 apparavere
3038 1212 3276 1254 mensam
3308 1214 3445 1254 :vos
3463 1212 3641 1256 autem

2057 1283 2391 1353 pervigilium
2414 1296 2618 1343 tantum
2643 1289 2948 1360 peregistis,
2969 1300 3237 1362 totamque
3265 1293 3451 1349 urbem
3478 1296 3642 1350 vesti—

2055 1371 2159 1441 giis
2180 1383 2491 1430 sanctorum
2521 1378 2714 1446 pedum
2740 1388 3036 1435 vestrorum
3059 1383 3402 1446 emundastis,
3432 1384 3641 1439 incessu

2056 1462 2230 1519 forum
2247 1467 2452 1522 emensi
2472 1468 2622 1534 estis,
2639 1478 2696 1526 et
2721 1485 2898 1527 aerem
2918 1473 3308 1530 sanetitieastis.
3326 1476 3432 1532 Aer
3446 1477 3642 1547 quippe
3678 1452 3691 1461 ’

2055 1568 2273 1613 sanctus
2314 1559 2547 1616 efficitur
2574 1577 2668 1631 per
2706 1564 3052 1632 psalmodiam
3079 1607 3093 1630 ,
3124 1574 3182 1621 ut
3221 1568 3442 1624 audistis
3485 1571 3641 1626 hodie

2058 1648 2223 1704 Deum
2251 1650 2419 1722 Moysi
2456 1652 2720 1708 dicentem
2753 1671 2766 1707 :
2798 1655 2965 1712 Locus
2986 1657 3138 1721 enim,
3162 1658 3212 1711 in
3227 1674 3325 1728 quo
3353 1668 3476 1725 stas,
3510 1671 3642 1713 terra

2055 1750 2230 1794 sancta
2258 1751 2330 1795 est
2361 1741 2379 1813 (
2402 1741 2571 1797 Exod.
2598 1745 2651 1799 5.
2675 1745 2753 1818 5).
2777 1745 3159 1802 Sanctificastis
3183 1749 3352 1803 solum
3379 1792 3394 1816 ,
3422 1751 3590 1806 forum
3622 1754 3639 1817 ;'

2055 1831 2243 1886 urbem
2264 1833 2418 1888 nobis
2437 1835 2720 1891 ecclesiam
2747 1837 2965 1892 fecistis.
2982 1839 3058 1893 Ac
3078 1839 3215 1894 sicut
3236 1849 3445 1896 torrens
3464 1858 3643 1897 erum-

2057 1937 2189 1994 pens
2208 1940 2401 1995 magno
2420 1942 2677 1999 aquarum
2700 1930 2897 1999 impetu
2917 1933 3095 1985 omnia
3114 1932 3324 1997 evertit,
3339 1935 3417 1988 sic
3432 1943 3643 1991 torrens

2056 2015 2144 2070 ille
2199 2016 2492 2085 spirituaiis
2513 2059 2529 2082 ,
2559 2018 2757 2075 flumen
2804 2022 2895 2076 Dei
2926 2022 3202 2078 lmtificans
3248 2024 3513 2081 civitatem
3548 2026 3640 2081 Dei

2056 2105 2382 2176 (Psai.45.5.
2401 2120 2449 2163 et
2465 2110 2553 2165 64.
2578 2111 2687 2181 i0),
2706 2112 2966 2181 repletum
2990 2124 3070 2168 est
3084 2116 3256 2184 aquis,
3275 2125 3434 2187 atque
3456 2118 3644 2186 impie-

2058 2203 2180 2260 tatis
2198 2215 2410 2257 omnum
2430 2206 2759 2274 expurgavit.
2780 2204 2947 2262 Nemo
2972 2207 3300 2278 impudicus;
3325 2209 3494 2266 imosi
3521 2213 3641 2281 quis

2055 2299 2353 2369 impudicus
2375 2300 2548 2355 adhuc
2568 2311 2649 2358 est
2667 2342 2682 2368 ,
2706 2304 2750 2357 is
2773 2302 3199 2359 transformalur.
3234 2305 3434 2361 Vocem
3472 2308 3638 2374 audit,

2053 2400 2108 2446 et
2131 2393 2340 2447 animus
2368 2393 2775 2449 transformatur
2799 2412 2813 2449 :
2839 2395 3001 2451 intrat
3028 2396 3253 2452 melodia
3274 2440 3288 2463 ,
3322 2406 3375 2453 et
3400 2398 3643 2469 impietas

2055 2493 2437 2541 lransmutatur
2464 2504 2477 2540 ε
2513 2488 2758 2557 fugantur
2778 2490 3011 2543 avaritire
3039 2491 3231 2544 morbi.
3263 2490 3485 2548 Etiamsi
3516 2507 3644 2547 vero

2054 2591 2161 2631 non
2190 2577 2470 2648 fugentur;
2499 2588 2554 2633 at
2594 2579 3042 2649 quemadmodum
3090 2580 3219 2636 fera:
3268 2582 3458 2653 hyeme
3501 2598 3560 2637 se
3588 2585 3640 2637 in

2056 2668 2241 2723 lustris
2271 2670 2569 2737 continent,
2589 2671 2667 2724 sic
2697 2679 2751 2725 et
2774 2671 2982 2725 animus
3010 2670 3285 2726 luxurians
3311 2687 3430 2728 sese
3457 2675 3597 2727 abdit
3625 2691 3638 2736 ;

2051 2776 2117 2817 ac
2143 2763 2280 2818 sicut
2303 2774 2603 2833 serpentes,
2634 2762 2835 2834 frigore
2856 2779 3040 2818 eorum
3070 2779 3295 2835 corpora
3326 2767 3643 2837 eongelantc

2053 2854 2107 2909 in
2130 2854 2235 2909 ima
2264 2869 2324 2910 se
2353 2855 2638 2925 recipiunt,
2664 2855 2743 2909 sic
2765 2863 2821 2911 et
2842 2855 3130 2910 illiberales
3158 2865 3212 2910 et
3232 2857 3454 2913 serviles
3479 2859 3649 2913 animi

2051 2947 2362 3003 affectiones
2394 2963 2489 3003 ceu
2526 2948 2578 3003 in
2629 2947 2948 3018 profundum
2987 2949 3254 3020 quoddam
3285 2965 3404 3007 sesc
3435 2951 3645 3007 demer-

2050 3051 2181 3110 gnnt
2210 3051 2264 3098 et
2290 3041 2513 3097 abdunt.
2548 3041 2740 3113 Utique
2767 3042 2820 3108 ii,
2854 3042 2942 3112 qui
2970 3041 3085 3099 hinc
3116 3042 3515 3107 circumferunt,
3548 3059 3645 3114 pu-

2052 3134 2183 3190 dore
2212 3134 2515 3190 aflieitmtur
2540 3152 2554 3189 :
2582 3150 2705 3189 nam
2741 3149 2804 3190 ea
2839 3135 3059 3204 quidem
3098 3134 3508 3203 circumferunt,
3545 3137 3643 3191 sed

2050 3239 2316 3284 emortua.
2344 3227 2487 3299 ipsis
2505 3229 2700 3299 quippe
2728 3227 2956 3282 melodia
2985 3238 3279 3298 cantusque
3308 3237 3485 3283 vester
3507 3228 3641 3300 hyc-

2051 3326 2154 3381 mis
2194 3325 2311 3380 loco
2339 3331 2440 3380 est.
2470 3323 2527 3378 in
2554 3323 2698 3378 avari
2724 3336 2883 3377 aures
2906 3338 3006 3377 vox
3035 3322 3225 3387 intrat,
3256 3336 3320 3377 ac
3346 3321 3468 3376 licet
3494 3338 3640 3376 mor-
3730 3340 3739 3348 ε

2051 3418 2174 3474 bum
2202 3431 2306 3472 non
2337 3416 2513 3487 ejiciat
2535 3457 2550 3481 ,
2582 3414 2722 3485 sopit
2749 3422 2926 3468 tamen
2954 3422 3010 3468 et
3036 3413 3186 3484 quasi
3213 3422 3479 3467 mortuum
3523 3415 3644 3468 red-

2051 3509 2170 3563 dit:
2200 3508 2254 3563 in
2296 3522 2453 3562 aures
2500 3507 2663 3560 intrat
2700 3504 2949 3575 impudici
3003 3514 3057 3558 ct
3097 3504 3309 3574 superbi
3341 3521 3355 3571 ;
3386 3506 3486 3561 etsi
3534 3520 3642 3560 non

2051 3601 2354 3671 exstinguat
2380 3597 2763 3668 impudicitiam
2789 3607 2841 3651 ct
2877 3596 3218 3667 superbiam,
3252 3605 3530 3667 utramque
3564 3607 3644 3651 ta-

2052 3709 2173 3749 men
2203 3708 2300 3748 ceu
2339 3691 2560 3747 defodit.
2611 3689 2794 3760 Neque
2835 3704 2962 3743 vero
3002 3688 3208 3742 modica
3254 3703 3340 3742 res
3380 3696 3489 3750 est,
3518 3702 3642 3742 cum

2051 3784 2283 3855 nequitia
2316 3798 2420 3837 non
2452 3782 2620 3837 libere
2651 3780 2868 3851 prodire
2907 3779 3086 3834 audet.
3124 3779 3369 3835 Dicebam
3400 3787 3455 3835 et
3482 3778 3596 3835 beri
3619 3821 3639 3849 ,

2051 3890 2300 3948 magnum
2329 3888 2396 3930 ex
2428 3883 2584 3929 terra:
2625 3872 2859 3928 motibus
2891 3886 3164 3942 emergere
3208 3870 3459 3926 fructum.
3489 3870 3637 3927 Vidi-

2050 3970 2148 4026 stis
2176 3969 2387 4025 Domini
2427 3969 2799 4032 clementiam,
2827 3967 2917 4038 qui
2955 3966 3082 4021 dum
3128 3966 3318 4023 urbem
3364 3968 3636 4034 concutit,

2050 4068 2289 4129 mentem
2324 4060 2536 4136 firmat;l
2564 4061 2691 4129 dum
2738 4058 3077 4114 fundamenta
3116 4068 3444 4121 commovet,
3477 4061 3640 4115 animi

2050 4169 2207 4211 sensa
2232 4162 2477 4209 constare
2504 4161 2790 4223 procurat;
2817 4150 2943 4205 dum
2972 4150 3158 4207 urbem
3187 4151 3491 4220 labefactat,
3520 4152 3637 4206 ani-

2051 4259 2199 4300 mum
2238 4243 2500 4298 roborat?
2527 4242 2655 4312 Ejus
2699 4241 3077 4312 benignitatem
3122 4242 3295 4312 cogita
3329 4259 3342 4293 :
3376 4242 3639 4296 tantillum

2049 4334 2368 4419 exagitavit,
2410 4342 2465 4395 et
2508 4334 2560 4390 in
2603 4344 2915 4411 perpetuum
2967 4334 3196 4398 ﬁrmavit
3238 4351 3255 4396 ς
3296 4333 3442 4399 bidui
3480 4342 3639 4391 terrm

2049 4436 2227 4489 motus
2256 4424 2389 4492 fuit,
2418 4434 2474 4479 at
2500 4425 2552 4480 in
2580 4436 2889 4495 perpetuum
2914 4425 3081 4494 pietas
3120 4437 3330 4479 maneat
3355 4442 3368 4478 :
3400 4424 3465 4479 ad
3513 4441 3631 4478 mo-

2050 4517 2227 4572 dicum
2260 4526 2467 4586 tempus
2494 4515 2740 4571 doluistis
2761 4557 2775 4580 ,
2809 4524 2864 4569 at
2891 4516 2941 4569 in
2966 4524 3276 4584 perpetuum
3303 4514 3508 4570 radices
3534 4516 3636 4579 mi,

2049 4608 2213 4665 sistis.
2245 4608 2389 4663 Bene
2413 4608 2609 4677 quippe
2651 4607 2773 4661 novi
2812 4622 2878 4660 ex
2909 4607 3101 4666 timore
3131 4607 3220 4660 Dei
3262 4607 3517 4677 pietatem
3541 4623 3637 4662 ve-

2049 4712 2219 4767 stram
2258 4700 2468 4756 radices
2525 4698 2771 4769 posuisse
2810 4715 2828 4761 ξ
2867 4699 2968 4763 etsi
3021 4698 3425 4764 mitissimam,
3457 4711 3637 4764 manci

2049 4796 2233 4866 utique
2275 4792 2496 4855 fructus,
2529 4790 2642 4855 Non
2675 4790 2813 4856 ultra
2858 4791 3026 4860 spina;
3074 4788 3303 4855 aderunt,
3327 4807 3445 4861 qua;
3475 4793 3633 4855 sum»

2049 4896 2200 4953 cent,
2232 4901 2408 4956 neque
2446 4885 2623 4955 pluvia
2661 4882 2937 4939 exundans
2975 4884 3165 4939 obruet
3194 4902 3208 4938 :
3241 4885 3408 4955 probe
3435 4900 3532 4942 vos
3560 4888 3635 4942 ti—

2049 4997 2169 5036 mor
2209 4978 2475 5042 excoluit,
2502 4978 2864 5045 doctrinmque
2892 4991 3026 5031 mea:
3062 4991 3217 5047 opem
3258 4977 3400 5035 tulit.
3427 4978 3510 5035 Me
3550 4990 3633 5034 ta—

2048 5080 2207 5129 cente
2257 5069 2597 5126 fundamenta
2653 5068 2940 5138 loquuntur
2995 5085 3011 5124 :
3067 5083 3155 5124 me
3200 5078 3411 5127 tacente
3478 5080 3641 5127 terra:

2049 5172 2228 5227 motus
2251 5161 2392 5227 tuba!
2418 5159 2673 5233 clangore
2711 5157 2992 5215 clariorem
3017 5159 3212 5215 emittit
3238 5176 3420 5217 vocem
3453 5160 3638 5231 lllljlls-

2049 5252 2193 5308 modi
2225 5269 2239 5305 :
2272 5238 2571 5307 Nisericorsﬂ
2602 5259 2650 5304 et
2691 5250 2956 5304 miseralor
3003 5248 3295 5316 Dominus;
3332 5252 3639 5324 longanimis

2048 5354 2099 5400 et
2123 5345 2336 5399 multum
2365 5342 2647 5397 misericors
2678 5340 2860 5413 (Psal.
2898 5342 3017 5397 κη.
3048 5343 3102 5398 8.
3133 5342 3242 5413 9):
3272 5345 3494 5411 accessi,
3529 5362 3637 5400 non

2052 5444 2113 5499 ut
2134 5450 2231 5505 vos
2255 5435 2537 5501 obruerem
2553 5475 2569 5497 ,
2594 5433 2688 5491 sed
2722 5441 2781 5501 ut
2808 5447 3001 5498 nervos
3041 5434 3189 5499 vobis
3216 5434 3489 5499 adderem.
3514 5436 3638 5499 llayc

2052 5536 2207 5589 terra:
2235 5535 2410 5595 motus
2441 5525 2699 5600 loquitur,
2723 5538 2787 5591 ac
2827 5539 3015 5587 vocem
3039 5523 3271 5585 emittit:
3303 5525 3491 5591 Τοξτωί
3516 5544 3630 5594 vos,

2051 5634 2161 5685 non
2202 5627 2260 5681 ut
2284 5616 2522 5685 molsstia
2553 5616 2827 5682 efﬁcerem
2847 5656 2863 5684 .
2905 5615 2998 5680 θεά
3033 5623 3089 5679 ut
3118 5616 3382 5681 cautiores
3408 5631 3633 5697 prtesta-

2052 5727 2184 5777 rem.
2216 5703 2397 5778 metis,
2426 5724 2628 5781 quaeso,
2657 5709 2895 5771 animum
2920 5708 3199 5779 diligenter
3218 5712 3637 5777 advertimlilttm

2049 5822 2236 5876 sentio
2262 5806 2457 5875 viribus
2477 5805 2749 5874 deficeret,
2777 5804 3038 5873 clamandi
3071 5817 3248 5881 partes
3277 5825 3435 5881 pinna
3459 5826 3644 5879 usus
