4088 6434
520 393 624 450 715

514 509 632 575 pit',
654 521 775 561 cum
804 505 1041 560 doctrina
1074 504 1235 558 robur
1259 504 1548 570 amitteret,
1575 504 1732 556 timor
1773 503 1823 556 in
1855 502 2108 556 auxilium

517 598 686 652 venit.
722 597 847 651 lla-c
890 596 1034 650 vobis
1083 595 1396 664 loquuturus
1443 593 1510 648 ad
1539 593 1805 648 modicum
1838 593 2029 658 venio,
2057 601 2112 647 et

517 707 636 760 qum
665 706 782 744 mea
813 700 931 744 sunt
954 699 1147 758 praesto
1175 705 1188 743 :
1216 703 1335 740 cum
1357 695 1536 740 autem
1563 702 1657 740 vos
1686 688 1973 745 strinxere.
2000 695 2108 738 tum

519 785 753 838 sermoni
784 783 1008 850 tradam,
1042 791 1099 836 ut
1128 798 1194 836 ne
1243 781 1437 836 frustra
1469 795 1648 834 sermo
1692 779 1896 833 laboret
1929 795 1942 831 :
1975 778 2110 846 lapi-

518 876 613 928 des
645 875 1066 944 pullulantesque
1096 874 1277 942 Spittas
1301 872 1534 936 invenio,
1565 882 1617 927 et
1643 887 1826 925 arvum
1847 883 2107 940 expurgo,

520 977 575 1020 ιιι
599 981 776 1020 sermo
804 967 949 1036 larga
981 982 1137 1019 manu
1166 974 1458 1021 sementem
1482 965 1666 1034 jaciat.

588 1055 672 1111 Ea:
693 1067 839 1112 terra!
857 1069 991 1111 motu
1013 1068 1254 1130 quantum
1270 1059 1448 1110 mutati
1464 1056 1997 1124 Antiocl:eni.—Quid
2015 1071 2111 1110 v0-

517 1149 598 1204 bis
626 1149 806 1204 damni
836 1166 902 1204 ex
930 1149 1080 1204 brevi
1103 1149 1371 1204 maerore?
1399 1149 1480 1203 Ex
1507 1148 1811 1203 hominibus
1831 1149 2004 1218 angeli
2034 1150 2111 1203 ef—

518 1242 637 1296 fecti
669 1242 798 1296 estis
824 1258 838 1294 :
873 1242 924 1295 in
953 1241 1139 1296 cmlum
1163 1241 1264 1296 etsi
1291 1256 1397 1294 non
1425 1240 1566 1306 loco,
1598 1249 1653 1294 at
1673 1240 1910 1294 moribus
1938 1249 2107 1295 trans-

517 1335 606 1388 lati
638 1335 789 1390 estis.
818 1333 972 1401 Quod
1002 1344 1180 1388 autem
1213 1350 1318 1387 non
1346 1349 1410 1388 ex
1451 1333 1758 1386 adulatione
1787 1333 1992 1401 l0quar,
2026 1347 2113 1388 res

515 1427 629 1497 ipse
652 1427 1021 1482 testificantur.
1049 1426 1186 1496 Quid
1211 1426 1352 1482 enim
1384 1425 1534 1480 vobis
1570 1429 1636 1480 ad
1667 1425 1995 1497 ptenitentiae
2022 1441 2110 1478 ra-

515 1522 712 1576 tionem
743 1519 952 1576 defuit?
982 1519 1238 1574 Invidiam
1271 1519 1504 1590 ciecistis
1523 1559 1538 1583 ,
1572 1519 1862 1574 illiberales
1889 1520 2112 1574 allectus

514 1611 944 1676 exterminastis,
987 1613 1238 1666 virtutem
1283 1611 1634 1676 consevistis,
1691 1620 1852 1664 totam
1899 1619 2109 1665 noctem

516 1702 804 1773 pervigiliis
847 1703 1015 1757 sacris
1057 1711 1274 1772 agentes
1295 1743 1308 1767 ,
1341 1717 1461 1756 cum
1493 1702 1658 1756 multa
1695 1702 1916 1758 caritate
1941 1713 1994 1758 et
2026 1703 2110 1756 in-

514 1794 660 1865 genti
686 1793 853 1848 animi
883 1793 1114 1848 fervore.
1148 1793 1315 1848 Nemo
1343 1810 1626 1848 usurarum
1656 1796 1920 1863 meminit,
1949 1811 2110 1851 nemo

514 1887 583 1942 de
625 1887 841 1940 avaritia
882 1887 1116 1957 loquitur
1145 1904 1158 1940 :
1187 1902 1286 1942 nec
1328 1888 1498 1941 solum
1546 1903 1575 1940 a
1621 1892 1852 1958 peccatis
1895 1890 2110 1944 munda:

515 1994 707 2034 manus
741 1987 894 2046 sunt,
920 1979 1014 2035 sed
1042 1981 1202 2034 etiam
1230 1981 1406 2051 lingua
1438 1981 1505 2036 ab
1544 1981 1820 2052 iniquitate
1839 1993 1893 2036 et
1922 1992 2112 2037 contu-

515 2073 674 2127 melia
715 2073 879 2129 libera
909 2091 922 2128 :
953 2089 1112 2129 nemo
1141 2073 1387 2144 injuriam
1435 2076 1676 2144 proximo
1705 2073 1865 2130 infert
1890 2117 1906 2143 ,
1951 2090 2109 2131 nemo

512 2165 747 2219 satauica
770 2165 880 2220 adit
904 2165 1144 2221 convivia
1174 2182 1187 2219 :
1211 2165 1355 2221 (edes
1379 2166 1591 2220 mundze
1618 2177 1762 2232 sunt,
1792 2165 1964 2220 forum
1987 2181 2108 2221 sor-

510 2257 666 2330 dibus
725 2267 1000 2328 purgatura
1049 2274 1064 2312 :
1119 2257 1407 2312 accedente
1448 2272 1669 2327 vespera
1715 2273 1978 2328 nusquam
2017 2257 2108 2328 ju-

510 2367 702 2406 venmn
766 2351 952 2417 chori,
1011 2351 1296 2406 theatricas
1349 2350 1732 2404 modulantium
1791 2351 2105 2405 cantilenas.

509 2443 669 2498 (litori
719 2452 866 2498 certe
923 2452 1081 2510 sunt,
1127 2451 1183 2498 at
1231 2460 1336 2497 non
1386 2443 1616 2497 lascivia:
1650 2461 1660 2495 :
1694 2442 1842 2497 chori
1891 2443 2105 2513 utique,

508 2533 602 2587 sed
644 2543 787 2589 recte
837 2533 1116 2589 factorum.
1159 2534 1214 2588 In
1253 2533 1367 2588 foro
1399 2534 1626 2605 hymnos
1661 2535 1844 2590 audire
1896 2545 2106 2598 est;ex

507 2625 652 2679 domi
684 2641 810 2681 vero
845 2624 1153 2680 sedentibus
1196 2626 1358 2678 alium
1407 2627 1742 2694 psallentem,
1792 2627 1952 2680 alimn
2006 2627 2107 2699 hy-

507 2733 664 2772 mnos
714 2727 994 2772 cancntem
1029 2735 1042 2772 :
1078 2733 1182 2772 nox
1231 2718 1481 2784 advenit,
1513 2727 1567 2772 et
1600 2733 1786 2774 omnes
1830 2721 1882 2774 in
1930 2722 2107 2776 eccle-

507 2809 664 2870 siam.
693 2809 1035 2878 tranquillum
1069 2817 1279 2878 portum
1307 2809 1662 2880 fluctibusque
1701 2827 1944 2880 Vacuum,
1975 2830 2108 2868 con-

507 2902 747 2954 veniunt.
778 2899 1032 2953 Putabam
1068 2914 1166 2970 ego
1197 2898 1310 2954 fore
1331 2942 1346 2966 ,
1379 2908 1436 2954 ut
1463 2909 1582 2970 post
1618 2917 1780 2956 unum
1813 2904 2109 2960 alterumve

506 2991 650 3046 diem
677 2991 866 3061 vigilia:
893 3006 1115 3060 corpora
1159 2991 1453 3061 dejicerent
1477 3011 1492 3046 :
1517 3009 1658 3048 nunc
1701 3004 1878 3049 autem
1909 3007 2108 3068 quanto

507 3084 701 3153 vigili:e
731 3083 940 3153 longius
968 3083 1294 3154 procedunt,
1329 3093 1475 3139 tanto
1520 3085 1670 3141 vobis
1705 3087 1879 3158 major
1906 3091 2105 3146 amoris

512 3179 568 3228 lit
592 3175 852 3230 accessio.
887 3175 984 3242 Qui
1014 3176 1311 3246 psallebant
1336 3177 1681 3245 defecerunt,
1710 3189 1766 3234 et
1808 3196 1901 3236 vos
1941 3181 2108 3240 virili-

507 3277 588 3322 ter
617 3267 772 3336 agitis
802 3283 814 3319 :
847 3265 937 3336 qui
969 3266 1264 3335 psallebant
1293 3267 1488 3324 defessi
1517 3277 1674 3336 sunt,
1705 3280 1760 3326 et
1783 3287 1879 3326 vos
1904 3273 2106 3330 viribus

507 3363 789 3430 nervisque
817 3359 956 3413 aucti
981 3361 1135 3416 estis.
1164 3359 1265 3416 Ubi
1310 3371 1438 3417 sunt
1467 3378 1608 3419 nunc
1629 3405 1644 3431 ,
1677 3380 1808 3436 rogo
1830 3408 1845 3432 ,
1870 3367 2104 3424 divites?

506 3450 716 3505 discant
747 3466 1035 3521 pauperum
1064 3451 1478 3522 philosophiam.
1503 3453 1784 3511 Dormiunt
1821 3458 1894 3513 illi
1918 3501 1933 3524 ,
1969 3476 2103 3529 pau-

508 3557 664 3613 peres
693 3558 820 3599 vero
843 3544 894 3598 in
923 3542 1229 3614 pavimento
1256 3545 1413 3614 positi
1436 3561 1540 3601 non
1571 3546 1863 3615 dormiunt,
1897 3551 1989 3606 sed
2014 3567 2101 3623 ge-

556 3840 890 3852 "-—

555 3857 894 3871 ~—

1233 391 1288 445 S.
1328 388 1605 446 JO.\.\'NIS
1628 386 2097 444 CllllYSOS'lOMl
2139 385 2436 441 ARCIIIEP
2494 388 3022 448 CONSTANTINOP.
3709 400 3806 454 'llfi

2219 519 2320 558 nua
2367 505 2581 560 ﬂectunt
2605 547 2620 571 ,
2654 506 2874 561 Paulum
2904 516 2958 562 et
2999 507 3164 562 Silam
3209 505 3654 583 imitantest'Act.
3688 515 3796 584 16).

2224 593 2418 649 Verum
2468 596 2543 650 illi
2595 597 2928 666 psallebant,
2983 609 3034 654 ct
3086 601 3460 658 concutiebant
3493 619 3800 672 carcerem;

2217 703 2314 743 vos
2357 698 2534 743 autem
2579 691 2802 758 psallitis
2827 731 2842 754 ,
2870 700 2925 745 et
2967 702 3270 760 quassatam
3301 694 3481 748 urbem
3532 695 3800 753 lirmastis.

2218 779 2414 834 lterum
2447 782 2697 836 contrarii
2730 782 2893 846 lines,
2932 783 3027 838 sed
3070 792 3295 854 utraque
3340 786 3406 840 ad
3445 787 3674 857 gloriam
3720 789 3804 844 Dei

2218 880 2462 940 vergunt.
2493 871 2586 928 llle
2612 888 2841 943 namque
2877 889 3148 929 carcerem
3187 879 3490 944 concussit,
3525 889 3587 933 ut
3627 880 3805 934 inﬁde-

2219 963 2347 1019 lium
2371 975 2604 1020 mentem
2629 974 2892 1035 quateret,
2917 976 2973 1020 ut
2993 968 3224 1023 carceris
3249 970 3522 1025 custodem
3555 972 3803 1039 solveret,

2219 1065 2276 1108 ut
2302 1056 2523 1110 verbum
2553 1055 2648 1110 Dei
2677 1057 3018 1111 annnntiaret
3047 1075 3060 1111 :
3092 1074 3186 1113 vos
3221 1059 3405 1114 urbem
3438 1061 3724 1125 lirmastis.
3756 1074 3808 1118 ut

2219 1147 2352 1201 iratn
2384 1147 2476 1201 Dei
2520 1147 2802 1202 solveretis
2827 1161 2841 1199 :
2871 1158 2925 1202 et
2954 1147 3069 1203 hinc
3107 1158 3162 1204 et
3202 1151 3290 1204 illa
3330 1152 3475 1206 vario
3501 1153 3802 1223 dispensata

2221 1241 2380 1294 modo
2410 1250 2554 1294 sunt.
2583 1243 2832 1295 Attamen
2860 1241 3066 1311 gaudeo
3089 1284 3106 1309 ,
3135 1259 3240 1297 non
3264 1245 3407 1315 quod
3442 1246 3572 1300 urbs
3607 1249 3802 1301 lirmata

2218 1333 2308 1399 sit,
2338 1332 2432 1386 sed
2459 1331 2600 1402 quod
2626 1334 2694 1387 sit
2722 1334 2970 1403 precibus
2999 1335 3190 1390 vestris
3215 1337 3420 1391 lirmata
3442 1380 3460 1406 ,
3489 1340 3634 1409 quod
3669 1341 3801 1410 psal-

2218 1425 2411 1479 modia:
2455 1436 2646 1480 vestrae
2672 1425 3136 1482 fundamentorum
3166 1427 3286 1484 loco
3327 1430 3542 1485 fuerint.
3573 1431 3804 1501 Superne

2219 1516 2316 1582 ira,
2349 1525 2402 1571 et
2424 1516 2475 1570 in
2504 1526 2641 1571 terra
2671 1533 2769 1571 vox
2803 1526 2976 1573 vestra
3010 1536 3023 1572 :
3053 1535 3284 1588 superne
3311 1522 3649 1592 ingruentem
3679 1525 3802 1578 iram

2215 1608 2456 1664 cohibuit
2481 1625 2582 1664 vox
2611 1624 2642 1664 e
2672 1610 2824 1664 terris
2855 1609 3068 1665 emissa.
3102 1611 3288 1680 Aperti
3309 1623 3433 1667 sunt
3463 1615 3607 1681 czeli,
3639 1625 3692 1671 et
3719 1617 3802 1670 de-

2216 1705 2360 1773 lapsa
2382 1705 2643 1759 sententia
2667 1714 2745 1760 est
2768 1705 2974 1774 gladius
3002 1716 3190 1761 acutus
3217 1724 3230 1759 :
3261 1707 3388 1763 urbs
3408 1707 3460 1762 in
3487 1708 3664 1762 solum
3687 1708 3800 1763 red-

2215 1806 2366 1863 acta,
2410 1796 2817 1866 indeprecabilis
2860 1797 2959 1851 ira.
3004 1796 3161 1852 Nulla
3209 1813 3267 1854 re
3311 1815 3445 1868 opus
3485 1798 3801 1865 habuimus,

2217 1891 2316 1946 nisi
2349 1889 2684 1960 paenitentia,
2709 1891 2979 1960 lacrymis,
3003 1891 3320 1960 gemitibus,
3349 1901 3402 1945 et
3428 1891 3612 1944 omnia
3643 1891 3802 1945 soluta

2215 1995 2340 2039 sunt
2374 2003 2387 2037 :
2420 1984 2558 2038 Deus
2599 1985 2918 2037 sententiam
2965 1982 3111 2047 tulit,
3150 1996 3354 2052 nosque
3393 1983 3531 2036 iram
3568 1982 3803 2036 dissolvi-

2216 2090 2354 2130 mus.
2387 2075 2732 2144 Nequaquam
2779 2074 3108 2129 abcrraverit
3152 2073 3241 2143 qui
3286 2089 3383 2128 vos
3427 2082 3707 2128 curatores
3756 2082 3804 2127 et

2215 2179 2522 2224 servatores
2551 2166 2698 2221 Urbis
2721 2165 3091 2236 appeliaverit.
3124 2165 3348 2221 Ubinam
3391 2166 3700 2236 principes?
3725 2165 3802 2219 ubi

2217 2259 2392 2329 magni
2420 2259 2496 2312 illi
2541 2257 2931 2326 sospitatores?
2961 2258 3064 2312 Vos
3095 2257 3241 2312 urbis
3277 2273 3402 2312 vero
3447 2267 3662 2322 turres,
3697 2272 3802 2310 mu-

2215 2367 2328 2416 rus,
2349 2351 2673 2422 prazsidium.
2696 2349 2772 2404 Illi
2801 2350 3032 2420 nequitia
3063 2365 3155 2404 sua
3190 2350 3372 2404 urbem
3401 2349 3808 2414 labefactarunt,

2217 2460 2312 2500 vos
2332 2446 2526 2500 virtute
2552 2453 2726 2499 vestra
2759 2444 2942 2499 urbem
2974 2445 3243 2498 lirmastis.
3266 2444 3320 2497 Si
3351 2443 3469 2514 quis
3508 2443 3795 2514 interroga-

2215 2547 2319 2601 tus,
2345 2553 2440 2594 cur
2461 2552 2719 2592 concussa
2743 2535 2869 2590 urbs
2899 2535 3078 2602 fuerit,
3101 2536 3200 2588 etsi
3229 2534 3359 2589 nihil
3386 2535 3731 2604 respondeat,
3754 2535 3806 2588 in

2214 2631 2461 2688 confesso
2488 2639 2664 2684 tamen
2695 2639 2797 2693 εει,
2827 2627 2878 2682 id
2912 2636 3248 2698 peccatorum
3271 2668 3285 2693 ,
3313 2630 3577 2694 avaritiae,
3609 2629 3802 2698 injusti-

2216 2723 2303 2778 tiae
2326 2761 2341 2785 ,
2390 2721 2640 2791 nequitize
2665 2762 2679 2785 ,
2713 2719 2977 2789 superbia:
2997 2761 3012 2785 ,
3057 2719 3318 2773 mendacii
3344 2734 3500 2773 causa
3529 2720 3800 2774 accidisse.

2215 2813 2502 2882 Cujusnam
2525 2812 2548 2866 ’ἰ
2573 2811 2819 2865 divitum.
2845 2809 3077 2865 Rursum
3109 2811 3152 2864 si
3183 2809 3300 2880 quis
3329 2809 3645 2880 interroget,
3673 2809 3800 2863 unde

2215 2905 2342 2960 urbs
2374 2904 2580 2958 firmata
2626 2903 2817 2965 fuerit,
2850 2903 2904 2956 in
2947 2901 3195 2955 confesso
3221 2911 3337 2964 est,
3371 2900 3514 2971 quod
3549 2917 3647 2971 per
3675 2902 3800 2970 psal-

2213 2996 2419 3050 modias
2439 3036 2454 3061 ,
2485 3009 2670 3063 preces
2689 3034 2704 3060 ,
2739 2991 3032 3062 pervigilia.
3060 2991 3461 3059 Quorumnam?
3488 3007 3795 3063 pauperum.

2214 3092 2342 3158 Qua:
2376 3089 2561 3144 urbem
2601 3094 3019 3150 concusserunt,
3053 3086 3261 3140 illorum
3305 3093 3467 3150 sunt;
3497 3102 3624 3156 qua:
3666 3086 3794 3139 illam

2213 3180 2704 3244 eunlirmaverunt,
2757 3185 2981 3231 vestra:
3017 3177 3194 3246 itaque
3240 3189 3336 3230 vos
3397 3185 3702 3230 servatores
3750 3183 3797 3228 et

2211 3281 2488 3330 curatores
2537 3270 2729 3324 fuistis.
2767 3268 2960 3322 Verum
2991 3266 3077 3322 hic
3124 3255 3388 3321 sermonis
3438 3268 3604 3321 linem
3647 3265 3796 3320 facia-

2212 3382 2332 3422 mus
2361 3364 2647 3436 pervigiliis
2672 3372 2726 3417 et
2756 3359 3064 3432 psalmodiis
3091 3360 3366 3423 instantes,
3394 3358 3624 3429 gloriam
3655 3357 3794 3412 emit-

2211 3467 2384 3515 tentes
2409 3455 2574 3520 Patri,
2605 3454 2738 3509 Filio
2765 3465 2818 3508 et
2843 3451 3063 3521 Spiritui
3091 3459 3296 3520 sancto,
3318 3466 3456 3504 nunc
3483 3459 3541 3505 et
3573 3463 3789 3518 semper,

2211 3561 2267 3608 et
2295 3552 2348 3606 in
2378 3549 2574 3606 saecula
2601 3547 2942 3602 smculorum.
2974 3546 3165 3599 Amen.

2317 3835 2879 3845 -ῇιρύ-ο--ρσ-
2894 3835 2948 3845 -π
2960 3832 3787 3863 Ἥ

2317 3851 3352 3863 ——_———_

1492 4074 1572 4135 ῘΝ
1613 4072 1991 4137 HOMILIAM
2023 4073 2121 4134 DE
2151 4072 2347 4153 _JUDA
2396 4069 2830 4131 PRODITORE

598 4343 717 4400 Non
744 4341 863 4398 sine
889 4339 1126 4412 quodam
1165 4338 1424 4410 scrupulo
1445 4337 1589 4394 hanc
1618 4339 1926 4403 homiliam,
1970 4353 2096 4409 qua:
2131 4351 2278 4393 nunc
2307 4335 2545 4408 primum
2588 4336 2642 4390 in
2665 4335 2847 4390 lucem
2889 4333 3094 4404 prodit,
3125 4334 3266 4388 inter
3286 4345 3579 4404 germanas
3607 4338 3660 4385 et
3685 4327 3790 4383 sin-

527 4475 682 4516 ceras
699 4453 1070 4530 Chrysostomi
1096 4453 1390 4510 conciones
1406 4452 1657 4509 locamus
1680 4471 1697 4509 :
1721 4453 2002 4510 licetenim
2027 4453 2117 4508 illa
2139 4451 2392 4523 Daphnes
2415 4449 2662 4506 suburbii
2692 4449 3020 4504 Antiocheni
3041 4447 3518 4515 commemoratio,
3543 4461 3651 4516 qua
3670 4457 3790 4498 con-

526 4576 612 4630 cio
631 4573 924 4644 incipitur;
960 4571 1087 4627 licet
1105 4569 1284 4644 Pythii
1314 4571 1580 4643 Apollinis
1616 4573 1669 4626 in
1701 4585 1767 4627 eo
1789 4569 2054 4626 suburbio
2079 4585 2109 4625 a
2133 4570 2430 4640 gentilibus
2461 4569 2595 4625 culti
2621 4567 2909 4632 memoria,
2935 4581 3150 4622 necnon
3187 4566 3292 4620 alia
3316 4564 3566 4636 quaadam
3597 4557 3786 4617 similia

527 4689 976 4758 Chrysostomum
1032 4687 1452 4742 concionantem
1486 4685 1692 4743 referre
1713 4685 2024 4749 videantur,
2076 4699 2187 4739 non
2221 4699 2395 4755 pauca
2435 4690 2714 4752 suntquae
2743 4681 3092 4752 peregrinum
3125 4679 3327 4745 oleant,
3375 4677 3788 4733 exclamationes

531 4803 788 4858 nimirum
837 4805 1365 4876 etinterrogationes
1397 4812 1695 4874 perpetuac,
1718 4817 1858 4870 quas
1894 4801 2020 4857 licet
2060 4799 2121 4855 S.
2153 4799 2348 4856 doctor
2374 4815 2483 4856 non
2509 4814 2635 4856 raro
2669 4799 2844 4855 soleat
2871 4811 3156 4868 usurpare,
3195 4809 3303 4850 non
3348 4804 3456 4849 tam
3491 4793 3786 4863 frequentet

3617 5050 3744 5064 ’.ο

1357 5099 1515 5226 ἸΝ
1559 5141 2379 5227 PRODITIONEM
2431 5147 2764 5230 JUDAZ
2793 5141 2898 5222 (α).

1941 5319 2367 5379 ᾶζὶῑὶῆὒὶεῖὺίἓζῧ

550 5438 702 5492 Nunc
729 5449 938 5492 ammna
970 5433 1213 5505 Daphne,
1237 5448 1377 5489 nunc
1404 5433 1650 5504 religiosa
1674 5445 1774 5500 est,
1796 5451 1900 5491 non
1929 5437 2089 5492 modo

496 5528 638 5598 quod
679 5527 1051 5596 Iimpidissima
1099 5525 1300 5580 fluenta
1341 5525 1568 5592 emittat,
1611 5539 1716 5580 non
1747 5526 1888 5596 quod
1925 5528 2087 5582 arbo-

495 5632 611 5672 rum
656 5633 838 5674 comas
880 5619 988 5675 alat
1025 5617 1479 5690 jucundissimas;
1520 5617 1618 5672 sed
1661 5618 1803 5688 quod
1849 5621 2088 5690 peregri-

495 5725 616 5764 nam
650 5710 881 5782 plantam
905 5727 1117 5767 cruccm
1148 5711 1411 5781 receperit
1439 5727 1452 5763 :
1487 5724 1628 5764 nunc
1656 5709 1777 5765 fons
1802 5726 1926 5766 vere
1950 5720 2090 5766 tem-

497 5816 691 5870 perans
719 5811 802 5857 est
834 5815 887 5857 et
922 5803 1110 5874 Pythio
1138 5801 1371 5856 dzcmoni
1403 5800 1674 5856 terribilis.
1719 5800 1836 5857 Non
1864 5803 2090 5873 amplius

564 5918 636 5980 (α)
672 5923 738 5968 Ex
755 5915 864 5966 Cod.
891 5923 987 5967 tim.
1017 5915 1151 5965 Pard.
1175 5914 1414 5964 Ottobout.

2196 5441 2372 5511 impiis
2403 5441 2530 5494 viris
2569 5439 2744 5495 solum
2783 5436 3095 5493 calcandum
3136 5435 3322 5500 olfert,
3367 5433 3461 5488 sed
3500 5431 3644 5488 vobis
3685 5427 3774 5498 piis

2195 5547 2385 5587 nemus
2420 5530 2654 5601 prazbet,
2702 5529 2987 5600 imaginem
3016 5527 3264 5582 amabilis
3310 5523 3456 5580 illius
3484 5525 3602 5589 loci,
3643 5522 3768 5576 horti

2193 5639 2415 5694 nempe,
2451 5624 2502 5677 in
2547 5637 2654 5693 quo
2696 5621 2996 5678 Servatoris
3036 5619 3297 5690 proditio,
3328 5619 3500 5673 audax
3535 5615 3763 5673 facinus,

2196 5724 2406 5786 peracta
2431 5723 2533 5779 est,
2562 5713 2854 5783 salutisque
2894 5720 3091 5784 nostra
3130 5710 3399 5780 negotium
3429 5717 3597 5764 ortum
3623 5717 3765 5757 acce-

2198 5810 2292 5880 pit.
2324 5807 2537 5864 Atenim
2560 5806 2687 5878 quid
2716 5805 2966 5875 prmsenti
2989 5803 3148 5860 ccetui
3177 5804 3363 5872 loquar
3383 5817 3488 5858 non
3514 5795 3763 5868 suppetit:

2201 5902 2430 5974 linguam
2465 5909 2642 5955 movet
2661 5908 2833 5954 cattus
2863 5897 2928 5952 ad
2955 5895 3144 5952 Iudam
3184 5894 3556 5961 incusantium,
3585 5892 3674 5946 sed
3711 5895 3764 5940 ui
