4088 6438
353 384 455 441 717

350 517 533 557 nicum
557 503 625 559 ad
654 516 715 560 se
755 505 1015 575 pertrahit
1056 505 1356 562 Servatoris
1387 508 1689 565 clcmcntia.
1736 510 1952 567 Duobus

350 595 506 653 hisce
544 598 817 667 detineor,
850 599 976 657 odio
1013 600 1305 671 proditoris
1327 608 1384 658 et
1408 612 1596 660 amore
1626 604 1833 660 Domini
1860 623 1871 659 :
1896 613 1952 661 at

350 687 519 745 vineit
541 690 723 745 odium
754 702 928 759 amor,
952 700 1134 763 utpote
1157 692 1328 763 major
1351 692 1701 766 validiorque.
1751 695 1952 765 Quam-

350 779 541 835 obrem
572 780 763 837 relicto
799 782 1093 853 proditore,
1123 784 1421 841 beneﬁcum
1449 786 1686 853 celebro,
1714 800 1820 843 non
1852 796 1952 859 pro

353 868 497 926 illius
522 870 779 943 dignitate
802 913 818 941 ,
841 873 936 929 sed
968 888 1064 944 pro
1090 874 1337 933 facultate
1376 892 1514 934 mea.
1543 878 1825 946 Quomodo
1863 880 1950 936 in.

349 960 571 1016 clinavit
598 962 783 1031 caelos,
823 973 879 1021 et
900 966 1178 1022 descendit
1206 967 1259 1023 in
1304 970 1542 1025 terram?
1568 969 1947 1041 quomodo-is,

350 1051 443 1122 qui
486 1060 655 1107 totum
684 1056 858 1125 replet
883 1055 1160 1124 mundum,
1199 1058 1267 1114 ad
1299 1075 1384 1114 me
1426 1061 1612 1128 venit,
1641 1075 1738 1131 pro
1770 1076 1857 1117 me
1897 1069 1952 1117 et

348 1144 646 1201 secundum
691 1163 778 1204 me
818 1149 1031 1205 lactus?
1057 1153 1329 1222 quomodo
1357 1168 1514 1222 eum,
1559 1169 1718 1225 quem
1765 1154 1950 1225 prodi-

351 1246 524 1292 torem
574 1236 809 1294 futurum
864 1251 1121 1312 noverat,
1163 1244 1480 1314 discipulum
1527 1245 1774 1315 accepit?
1817 1261 1949 1317 quo-

350 1330 514 1385 modo
548 1332 821 1387 inimicum
848 1349 909 1391 se
939 1343 994 1390 ut
1019 1337 1245 1392 amicum
1273 1339 1424 1408 sequi
1450 1338 1657 1408 jussit?
1681 1341 1950 1410 quomodo

352 1438 459 1478 non
500 1424 568 1477 de
596 1425 920 1494 proditione,
952 1428 1051 1483 sed
1080 1429 1147 1485 de
1189 1424 1476 1501 proditoris
1500 1431 1672 1488 salute
1699 1432 1795 1487 fuit
1837 1433 1948 1487 sol-

352 1514 571 1569 licitus?
612 1514 745 1570 Nam
784 1515 1003 1589 Vespere
1029 1519 1188 1588 facta,
1227 1522 1418 1592 inquit,
1463 1522 1950 1578 recuinb'e'batJesus

348 1625 467 1662 cum
511 1610 778 1666 duodecim
825 1613 1089 1686 discipulis
1126 1616 1252 1684 suis,
1283 1626 1330 1671 et
1379 1618 1805 1675 manducantibus
1844 1619 1950 1675 illis
1998 1608 2009 1615 ’

349 1704 480 1757 dixit
507 1719 526 1756 :
551 1702 730 1771 Amen,
763 1722 911 1762 amen
941 1708 1054 1763 dico
1074 1711 1229 1777 vobis,
1267 1712 1405 1778 quod
1428 1729 1557 1768 unus
1594 1723 1810 1767 vestrum
1839 1721 1948 1767 tra-

349 1795 435 1848 det
468 1812 548 1849 me
591 1795 806 1867 (Matth.
854 1798 947 1856 26.
978 1800 1069 1856 20.
1119 1801 1236 1874 21).
1284 1802 1647 1860 Proditionem
1680 1805 1945 1875 prtedixit,

346 1896 412 1940 ut
439 1889 616 1944 scelus
639 1889 935 1946 cohiberet.
965 1891 1244 1948 Neminem
1273 1893 1514 1950 indicans
1546 1896 1945 1965 praedictionem

348 1981 549 2050 emisit,
580 1997 699 2052 qure
727 1981 796 2039 de
820 1983 1065 2055 discipuli
1100 1986 1355 2056 nequitia,
1400 1987 1837 2044 recumbentibus
1858 1998 1950 2043 oo-

272 2146 285 2155 ‘
346 2070 516 2138 culta,
562 2072 892 2144 triumphare
934 2091 1040 2131 non
1085 2078 1275 2147 potuit.
1325 2077 1455 2147 Quis
1496 2078 1651 2134 talem
1696 2094 1947 2149 umquam

349 2163 564 2219 Domini
607 2165 987 2237 benignitatem
1032 2169 1200 2225 vidit?
1238 2170 1302 2225 Et
1327 2171 1569 2240 proditur
1607 2180 1663 2227 et
1706 2172 1947 2243 prodito-

349 2270 464 2310 rem
495 2263 658 2310 amat.
697 2255 828 2325 Quis
862 2252 1157 2329 despicitur
1185 2268 1239 2316 et
1268 2256 1632 2317 misericordia
1665 2258 1947 2318 movetur?

344 2347 598 2406 venditur
643 2358 697 2406 et
739 2352 1123 2423 ncquissimum
1172 2363 1524 2412 mercatorem
1570 2365 1770 2411 mensae
1812 2370 1947 2411 cons

346 2450 548 2497 Sortem
582 2433 818 2513 ﬁccipit,
853 2450 910 2500 et
954 2444 1251 2501 insidiatori
1292 2448 1501 2518 parcit?
1535 2447 1598 2502 Et
1633 2448 1949 2503 nrandacant

347 2534 479 2589 tibus
515 2535 620 2590 illis
657 2538 1025 2606 diariuAmen,
1085 2555 1232 2594 amen
1274 2540 1388 2594 dico
1426 2540 1597 2608 vobis,
1637 2540 1772 2612 quod
1812 2557 1947 2596 unus

346 2630 751 2707 vestrumtradet
777 2647 855 2685 me
886 2630 991 2703 (Ib.
1023 2648 1070 2687 υ.
1095 2632 1210 2704 21).
1235 2632 1304 2690 Ut
1336 2634 1496 2689 homo
1524 2634 1859 2701 comedebat,
1892 2643 1949 2690 et

346 2727 407 2773 ut
449 2720 588 2776 Deus
618 2721 791 2777 futura
831 2722 1198 2793 praedicebat:
1243 2741 1365 2797 qua:
1403 2736 1606 2782 natura:
1634 2733 1948 2797 competunt

347 2827 520 2879 mete,
569 2812 656 2868 ille
701 2815 804 2869 mei
842 2829 1001 2871 causa
1041 2817 1221 2872 subire
1268 2816 1535 2890 dignatur.
1579 2819 1947 2890 Omnibusque

344 2904 618 2976 discipulis
643 2906 710 2962 de
758 2908 846 2963 tali
889 2907 1033 2965 dicto
1077 2908 1422 2981 stupefactis,
1467 2920 1522 2967 et
1563 2912 1944 2967 conscientiam

346 3014 498 3053 suam
550 3001 783 3079 graviter
826 3000 1176 3072 ferientibus,
1225 3018 1544 3076 comamque
1592 3004 1645 3061 in
1697 3009 1946 3065 maeroris

347 3102 558 3162 tempus
583 3094 1041 3160 convertentibus,
1069 3096 1398 3167 singulisque
1422 3096 1744 3166 dicentibus,
1776 3099 1947 3154 Nam-

343 3184 469 3254 quid
503 3201 593 3256 ego
621 3201 734 3239 sum
755 3225 771 3253 ,
809 3184 1027 3241 Domine
1059 3186 1168 3259 (Ib.
1205 3204 1254 3242 υ.
1282 3187 1405 3260 22)?
1431 3197 1487 3243 ut
1519 3187 1945 3260 interrogatione

345 3277 440 3332 illa
481 3279 719 3334 molestae
747 3279 1067 3350 suspicionis
1097 3280 1337 3335 levamen
1371 3281 1705 3348 invenirent,
1749 3284 1943 3339 animis

345 3370 719 3439 intempestive
750 3372 1018 3440 percussis
1041 3372 1335 3427 remedium
1364 3373 1625 3429 adhibens
1646 3375 1900 3430 Servator
1922 3417 1935 3439 ,

341 3477 469 3518 eum
519 3464 609 3533 qui
659 3463 915 3519 hactenus
958 3466 1198 3521 occultus
1237 3465 1413 3522 fuerat
1454 3469 1805 3538 responsione
1842 3483 1941 3526 sua

341 3556 578 3612 declarat
603 3574 615 3610 :
638 3555 739 3623 Qui
762 3558 983 3630 intingit,
1008 3559 1197 3630 inquit,
1226 3576 1419 3615 uiscum
1442 3577 1651 3616 manum
1674 3562 1727 3615 in
1752 3565 1938 3629 catino,

344 3653 430 3706 hic
472 3668 551 3707 me
585 3653 766 3706 tradet.
809 3650 876 3706 Et
925 3654 1088 3708 Filius
1110 3655 1315 3723 quidem
1359 3656 1580 3709 hominis
1607 3656 1765 3723 cadit,
1811 3657 1942 3711 sicut

342 3744 589 3814 scriptum
633 3755 705 3799 est
750 3745 813 3798 de
841 3745 951 3799 illo.
990 3745 1075 3800 ναν
1106 3756 1277 3801 autem
1313 3747 1505 3800 homini
1532 3747 1637 3812 illi,
1667 3764 1756 3817 per
1793 3765 1941 3817 quem

346 3835 519 3891 Filius
557 3837 776 3891 hominis
811 3838 1079 3893 tradetur:
1117 3838 1302 3893 borium
1342 3840 1387 3893 ei
1429 3849 1536 3894 erat
1576 3840 1623 3895 si
1660 3849 1809 3896 natus
1839 3856 1940 3897 non

343 3929 524 3997 [uisset
553 3929 704 3985 homo
743 3930 832 3984 ille
858 3930 963 3999 (Ib:
1011 3947 1059 3984 ν.
1086 3932 1175 3988 95.
1205 3932 1323 4001 24).
1364 3933 1648 3988 Miseratur
1672 3948 1817 3998 eum,
1849 3934 1941 4005 qui

343 4036 408 4074 se
432 4021 673 4077 miserari
704 4024 906 4087 noluit;
939 4025 1106 4092 parcit
1128 4024 1201 4088 ei,
1229 4025 1319 4094 qui
1344 4025 1538 4079 animm
1562 4038 1673 4079 sua:
1698 4038 1803 4080 non
1845 4040 1942 4095 pe-v

347 4123 608 4183 peruerat.
632 4115 808 4169 Palam
836 4113 1014 4171 facere
1036 4117 1250 4172 nolebat
1269 4132 1414 4184 eum,
1442 4119 1535 4187 qui
1560 4133 1620 4175 se
1632 4118 1743 4189 jam
1766 4119 1945 4189 palam

345 4207 563 4272 fecerat,
595 4208 667 4263 illi
694 4207 1021 4278 pmnitentizu
1050 4219 1173 4277 tem;
1194 4223 1279 4277 us,
1308 4210 1692 4283 diseipulisque
1720 4212 1947 4283 reliquis

344 4300 596 4354 sumroris
646 4300 911 4356 iueiielmu
967 4301 1334 4370 suppeditans.
1380 4303 1575 4357 V'erum
1628 4303 1761 4361 nihil
1818 4304 1942 4359 hinc

343 4390 537 4444 melior
585 4389 815 4446 edoctus
850 4389 1092 4462 proditor
1133 4400 1236 4448 est.
1290 4393 1585 4464 Oportebat
1627 4395 1770 4449 enim
1815 4410 1943 4450 eum

342 4490 465 4551 post
506 4480 781 4563 horrenda
827 4482 1132 4552 hujusmodi
1178 4484 1339 4540 verba
1392 4498 1615 4555 repente
1665 4486 1735 4542 de
1785 4502 1938 4542 cmna

341 4588 583 4643 surgere,
629 4573 913 4644 oportebat
945 4573 1346 4644 condiscipulos
1374 4576 1754 4647 deprecatores
1782 4577 1936 4632 adhi-

344 4666 495 4731 bere,
525 4667 809 4735 oportebat
827 4665 1128 4724 Servatoris
1150 4683 1324 4738 genua
1343 4669 1649 4740 eoniplecti,
1683 4670 1938 4740 illumque

345 4757 651 4828 hujusmodi
701 4758 861 4816 dictis
900 4759 1150 4831 placito:
1197 4760 1454 4827 Peccavi,
1493 4762 1933 4829 clementissime,

345 4850 599 4921 peccavi,
647 4850 827 4921 inique
873 4851 994 4921 egi,
1042 4866 1165 4908 cum
1212 4850 1520 4908 hominibus
1557 4867 1723 4923 parvo
1765 4854 1938 4923 pretio

345 4944 557 4999 vendidi
597 4944 1021 5001 intestimabilem
1066 4947 1441 5016 margaritam;
1483 4947 1787 5018 iniquecgi
1831 4949 1935 5004 im-

344 5050 587 5095 mensum
612 5039 919 5095 thesaurum
945 5055 1043 5111 pro
1067 5041 1212 5096 tenui
1241 5041 1465 5111 pecunia
1485 5042 1740 5112 prodens.
1769 5043 1937 5099 Parce

344 5132 497 5199 mihi,
531 5130 710 5185 ἀωδιυὶ
754 5140 811 5185 et
853 5131 1108 5200 perniciei
1148 5132 1477 5188 mercatori:
1519 5133 1733 5203 ignosce
1766 5133 1933 5200 mihi,

342 5222 502 5293 cujus
537 5222 775 5276 animum
816 5222 932 5277 auri
968 5237 1120 5278 amor
1156 5222 1451 5295 corripuit:
1500 5225 1716 5295 ignosce
1748 5226 1799 5281 ei
1840 5230 1933 5296 qui

342 5330 370 5368 a
400 5311 688 5370 Pharisazis
715 5315 915 5373 nefarie
941 5317 1198 5389 deceptus
1223 5327 1327 5375 est.
1370 5318 1572 5376 ﬂorum
1607 5322 1813 5378 nullum
1851 5322 1933 5378 vel

343 5408 592 5478 protulit,
622 5408 709 5463 vel
741 5408 1030 5479 cogitavit;
1062 5412 1158 5470 sed
1184 5413 1442 5484 asperiori
1470 5430 1603 5471 voce
1640 5417 1807 5471 animi
1835 5417 1937 5472 im-

343 5499 655 5570 pudentiam
696 5502 948 5572 patefecit
987 5504 1306 5562 clamndo:
1347 5506 1615 5576 Numquid
1653 5518 1745 5581 ego
1785 5525 1933 5577 sum,

345 5590 602 5647 Domine?
626 5590 674 5647 Ο
718 5593 952 5665 linguam
986 5596 1387 5668 impudentem!
1429 5614 1464 5654 ο
1495 5600 1733 5656 animum
1776 5601 1934 5657 indo-

340 5683 572 5739 mitum!
620 5683 919 5756 lnterrogat
956 5696 1012 5742 ut
1054 5688 1272 5759 ignarus
1295 5704 1505 5757 eorum,
1547 5707 1666 5763 quae
1709 5691 1936 5748 medita-

341 5778 526 5846 batur,
570 5787 626 5835 et
666 5780 766 5835 hoe
811 5780 977 5837 latere
1026 5791 1173 5852 putat
1208 5784 1366 5840 oculo
1407 5800 1696 5857 numquam
1742 5801 1935 5858 sopore

340 5870 544 5925 clauso.
592 5870 787 5929 Animo
828 5872 1007 5931 dolum
1050 5883 1257 5945 gestat,
1305 5884 1361 5933 et
1398 5877 1575 5947 lingua
1618 5878 1933 5948 ignorantiae

1588 392 1694 453 ’ΠΕ
1736 396 2147 458 PRODITIONE
2185 396 2402 458 ,ἰωὴ-Ε.

2478 285 2505 299 ο

3549 416 3651 473 718

2058 514 2281 571 verbum
2321 514 2525 584 profert
2558 531 2569 568 :
2605 525 2784 572 mente
2822 518 2932 590 jam
2960 519 3318 591 proditionem
3352 524 3572 596 fecerat,
3598 541 3650 588 et

2053 616 2174 673 ore,
2214 614 2272 660 ut
2301 614 2481 676 putat,
2525 616 2802 678 peccaturo
2846 611 3067 683 obtegit.
3115 613 3308 670 Iisdem
3356 622 3516 689 atrjue
3562 620 3650 676 alii

2052 696 2303 768 discipuli
2355 699 2520 754 utitur
2562 698 2741 756 verbis
2765 743 2781 769 ,
2823 702 2981 774 longe
3023 705 3372 764 diesimilibus
3422 724 3542 765 cum
3585 716 3651 770 sit

2056 788 2298 844 moribus
2324 806 2338 843 :
2368 789 2525 861 lupus
2552 792 2732 847 animo
2751 836 2767 862 ,
2800 795 2961 851 ovina
3003 799 3295 867 respondet
3317 814 3470 858 voce.
3512 803 3650 873 Quid

2056 877 2125 934 nd
2148 878 2298 935 illum
2323 879 2576 937 Servatur
2594 883 2619 937 ?
2637 882 2719 938 Tu
2746 886 2938 940 dixisti.
2962 886 3232 945 Toleranti
3265 906 3395 947 voce
3421 891 3649 965 improbi

2056 985 2272 1029 scenam
2301 975 2559 1046 coarguit.
2592 975 2811 1033 Poterat
2838 980 2982 1035 enim
3024 981 3101 1036 illi
3137 982 3317 1039 dicere
3350 1001 3364 1038 :
3397 985 3534 1054 Quid
3566 988 3652 1042 di-

2054 1063 2154 1131 cis,
2176 1067 2504 1125 exsecrande
2548 1078 2603 1126 et
2627 1072 2927 1128 scelerate?
2967 1075 3092 1145 quid
3123 1076 3275 1142 dicis,
3307 1081 3651 1149 pecuniarum

2054 1158 2407 1229 mancipium,
2452 1169 2510 1217 et
2549 1161 2745 1219 diaboli
2794 1167 3064 1222 consors?
3108 1168 3346 1226 audesne
3397 1172 3636 1243 ignoran-

2056 1250 2183 1305 tiam
2209 1251 2505 1308 simulare?
2529 1254 2695 1311 audes
2715 1258 2968 1328 obtegere
2993 1275 3112 1329 quze
3137 1263 3313 1332 obtegi
3341 1268 3654 1334 nequeunt?

2053 1357 2232 1398 annon
2284 1342 2560 1401 divinitate
2611 1346 2889 1404 adstaham
2953 1352 3046 1406 tibi
3093 1353 3309 1424 indigna
3362 1356 3656 1412 molienti?

2052 1442 2231 1490 annon
2277 1435 2571 1492 divinitatis
2611 1441 2768 1495 oculo
2811 1449 2862 1495 te
2907 1442 3011 1497 vidi
3055 1444 3339 1502 adeuntem
3382 1448 3655 1518 principes

2053 1524 2434 1587 sacerdotum?
2472 1548 2649 1587 annon
2697 1532 2781 1589 vel
2822 1518 3016 1592 absens
3055 1539 3335 1594 audiebam
3378 1549 3430 1596 te
3466 1540 3651 1595 diecu-

2055 1631 2183 1692 tem,
2219 1624 2356 1692 Quid
2379 1626 2527 1680 vultis
2569 1627 2691 1681 mihi
2729 1629 2872 1694 dare,
2916 1638 2963 1683 et
3009 1647 3099 1701 ego
3124 1632 3260 1686 vobis
3296 1650 3408 1687 eum
3454 1635 3651 1688 tradam

1996 1748 2017 1757 -
2055 1716 2275 1788 (Matth.
2305 1717 2394 1773 9.6.
2441 1719 2574 1791 i5)?
2624 1735 2691 1774 an
2724 1721 2911 1788 ignoro
2952 1723 3135 1792 quanti
3177 1739 3262 1779 me
3309 1725 3653 1781 vendideris‘.’

2053 1808 2190 1876 Quid
2223 1809 2420 1881 igitur?
2458 1812 2602 1868 itane
2644 1813 2921 1870 convictus
2964 1814 3307 1885 impudenter
3331 1817 3483 1885 agis?
3524 1818 3648 1887 quid

2052 1916 2115 1956 ea
2166 1909 2347 1973 tegere
2393 1904 2607 1959 conaris
2648 1920 2769 1974 qua:
2822 1906 2998 1962 facere
3051 1908 3253 1978 cupis?
3301 1908 3431 1963 mihi
3473 1909 3650 1962 omnia

2053 1982 2194 2049 nuda
2240 2003 2295 2050 et
2339 2005 2524 2066 aperta
2570 2005 2716 2052 sunt.
2754 1997 2880 2052 llaec
2924 2013 3044 2052 cum
3095 1999 3426 2069 respondere
3473 2011 3651 2071 posset

2051 2086 2319 2154 Christus,
2353 2103 2459 2143 non
2501 2089 2572 2143 ita
2616 2089 2864 2159 loquutus
2893 2098 3011 2154 est;
3057 2090 3152 2144 sed
3184 2090 3497 2160 simpliciter
3542 2091 3652 2160 pla-

2054 2179 2280 2251 cideque
2326 2182 2444 2235 sine
2474 2181 2585 2236 ullo
2628 2181 3010 2253 indignationis
3049 2181 3289 2250 stimulo,
3321 2181 3402 2237 Tu
3442 2184 3650 2247 dixisti;

2053 2282 2112 2328 ut
2150 2288 2249 2328 nos
2279 2271 2499 2328 doceret
2534 2273 2613 2329 sic
2650 2289 2772 2328 eum
2803 2273 3032 2329 inimicis
3074 2278 3193 2330 esse
3235 2273 3521 2345 agendum.
3556 2276 3649 2329 Δια

2053 2373 2230 2419 tamen
2284 2373 2406 2435 post
2451 2366 2650 2419 tantum
2701 2365 3071 2421 circuitioucm
3119 2365 3311 2421 mansit
3358 2365 3411 2420 in
3458 2366 3647 2420 morbo

2051 2455 2232 2522 ludas,
2266 2470 2373 2511 non
2402 2455 2618 2523 medici,
2646 2456 2741 2513 sed
2768 2458 3078 2528 mgrotantis
3106 2457 3329 2512 incuria.
3360 2456 3455 2513 lllc
3493 2468 3645 2511 num-

2049 2562 2155 2617 que
2178 2548 2357 2602 omnia
2381 2547 2449 2603 ad
2488 2548 2715 2602 salutem
2746 2548 2982 2603 remedia
3007 2547 3350 2617 admovebat,
3392 2548 3478 2603 hic
3518 2565 3646 2613 vero

2049 2654 2113 2694 ea
2134 2634 2427 2695 admittere
2454 2638 2707 2708 nolebat;
2750 2638 2844 2695 sed
2876 2654 3034 2694 unam
3077 2655 3198 2694 cum
3248 2649 3431 2695 nosset
3466 2640 3644 2695 avari-

2052 2731 2197 2796 tiam,
2228 2747 2415 2786 aurum
2445 2730 2663 2788 Christo
2692 2733 3070 2803 anteponebat,
3104 2742 3326 2803 eratque
3354 2728 3441 2798 iis,
3471 2732 3561 2803 qui
3588 2749 3645 2788 se

2049 2825 2441 2890 conduxerant,
2475 2825 2767 2881 benevolus
2805 2835 2967 2895 atque
2995 2824 3186 2879 lideiis.
3216 2824 3491 2880 Accedens
3518 2838 3646 2880 vero

2049 2916 2215 2973 Judas
2250 2916 2467 2971 Christo
2490 2915 2624 2970 dixit
2652 2934 2667 2971 :
2697 2914 2821 2981 Ave,
2863 2915 3063 2980 Rabbi;
3087 2924 3132 2969 et
3154 2916 3411 2970 osculatus
3433 2926 3507 2969 est
3532 2931 3645 2969 euut

2051 3007 2101 3081 (1
2109 3009 2158 3063 b.
2182 3027 2231 3065 v.
2260 3008 2374 3080 49).
2401 3007 2580 3062 Novus
2610 3022 2741 3063 sane
2783 3006 3097 3077 proditionis
3125 3005 3336 3072 modus,
3367 3005 3435 3059 ab
3459 3006 3646 3061 osculo

2048 3111 2104 3156 et
2154 3100 2566 3170 compellatione
2613 3098 2887 3169 prodicns.
2935 3099 3089 3152 Jesus
3130 3109 3301 3154 autent
3342 3097 3473 3152 dixit
3515 3098 3593 3153 illi
3624 3115 3645 3154 :

2048 3192 2243 3256 Amice,
2275 3192 2345 3244 ad
2372 3191 2498 3260 quid
2526 3190 2705 3244 renisti
2743 3188 2849 3262 (Ib.
2881 3207 2930 3244 υ.
2968 3187 3100 3260 50)?
3126 3188 3252 3259 quid
3296 3204 3380 3244 mc
3409 3189 3645 3259 gaudere

2043 3281 2223 3351 jubes,
2268 3280 2394 3336 dum
2446 3272 2575 3334 mihi
2625 3280 2823 3334 malum
2872 3279 3071 3349 inferre
3110 3279 3352 3349 cogitas?
3391 3280 3518 3350 quid
3558 3294 3643 3335 me

2049 3373 2212 3429 verbo
2258 3372 2482 3438 deliuis,
2528 3374 2654 3426 dum
2704 3385 2869 3441 opere
2916 3372 3194 3441 pereuntis?
3258 3385 3416 3425 vocas
3470 3373 3640 3441 magi-

2046 3477 2237 3531 Mrum,
2285 3481 2406 3520 cum
2451 3481 2559 3520 non
2600 3465 2676 3519 sis
2717 3462 3052 3534 discipulus?
3077 3462 3201 3533 quid
3250 3462 3483 3518 caritatis
3519 3463 3639 3532 jura

2046 3557 2329 3616 coul'odis?
2368 3573 2467 3613 cur
2497 3558 2642 3628 pacis
2666 3555 2967 3629 symbolum
3000 3555 3053 3610 in
3084 3555 3295 3625 signum
3326 3554 3641 3625 proditionis

2047 3650 2349 3707 convertis?
2403 3649 2680 3720 cujusnam
2731 3647 2981 3717 exemplo
3047 3648 3149 3702 hoc
3201 3647 3449 3719 peragis?
3500 3647 3637 3704 Num

2045 3744 2125 3800 sic
2189 3742 2370 3798 vidisti
2429 3757 2600 3812 nuper
2667 3740 3005 3797 meretricem
3078 3739 3238 3810 pedes
3310 3741 3638 3796 osculantem

2047 3839 2236 3897 meos?
2275 3855 2402 3894 num
2439 3839 2519 3894 sic
2561 3837 2740 3893 vidisti
2782 3838 3150 3894 centurionem
3198 3838 3254 3891 in
3296 3851 3465 3905 genua
3518 3850 3639 3905 pru-

2045 3932 2430 3990 eumbentem?
2470 3946 2594 3985 utrm
2635 3930 2774 3986 forte
2818 3930 3092 3985 daemonas
3122 3929 3195 3983 ita
3231 3926 3641 3983 succumbentes

2045 4023 2266 4080 vidisti?
2307 4023 2439 4078 Novi
2471 4023 2588 4094 quis
2639 4022 2731 4078 tibi
2773 4021 2943 4078 dolosi
2986 4022 3154 4078 osculi
3183 4021 3325 4075 viam
3368 4028 3638 4075 monstra-

2043 4117 2181 4171 verit
2208 4134 2222 4171 :
2251 4115 2498 4171 diabolus
2529 4115 2620 4172 tibi
2652 4114 2773 4169 talis
2801 4115 3080 4183 amplexus
3105 4112 3320 4168 modum
3351 4112 3635 4182 suggessit,

2045 4217 2103 4265 tu
2142 4223 2273 4264 vero
2303 4206 2551 4278 improbo
2590 4205 2897 4262 consiliario
2935 4205 3347 4275 obtemperans,
3385 4204 3501 4271 ejus
3539 4216 3637 4256 vo-

2042 4300 2300 4357 lunt-atem
2343 4299 2674 4369 exsequeris.
2706 4297 2880 4352 Amice
2899 4337 2917 4364 ,
2952 4297 3022 4351 ad
3047 4297 3170 4367 quid
3208 4296 3430 4350 uouisti?
3458 4292 3641 4364 iniqua

2044 4403 2194 4465 pacta
2221 4392 2407 4463 imple,
2444 4408 2563 4462 qua:
2609 4406 2731 4447 cum
2765 4390 3051 4446 Pharisaeis
3080 4388 3245 4443 iniisti
3281 4386 3641 4442 :venditiouis

2043 4489 2403 4562 syngrapham
2449 4488 2671 4544 absolve
2723 4503 2737 4540 :
2782 4486 3060 4541 subscribe
3109 4485 3184 4540 illi
3232 4483 3445 4552 negotio
3494 4480 3643 4551 quod

2045 4582 2312 4654 pollicitus
2341 4596 2399 4636 es
2428 4601 2443 4636 :
2474 4580 2643 4651 prode
2667 4593 2812 4644 eum,
2842 4577 2931 4648 qui
2960 4575 3112 4646 prodi
3138 4573 3322 4642 cupit:
3350 4573 3460 4643 jam
3501 4587 3643 4641 νην-τ

2043 4683 2125 4730 ter
2176 4674 2381 4729 loculos
2437 4669 2759 4727 venditionis
2804 4666 3131 4737 marsupium
3188 4662 3452 4736 posside:
3501 4661 3635 4717 cede

2043 4766 2261 4831 latrdni,
2287 4766 2381 4837 qui
2406 4780 2501 4835 per
2526 4761 2916 4818 confessionem
2944 4756 3186 4813 ordinem
3212 4755 3505 4826 adepturus
3529 4763 3635 4818 est,

2040 4872 2202 4932 quem
2246 4868 2302 4914 tu
2350 4872 2447 4928 per
2487 4855 2842 4927 proditionem
2881 4850 3128 4908 amisisti.
3163 4849 3308 4904 Tunc
3346 4848 3647 4903 accedentes
3712 4867 3737 4897 ι

2040 4954 2323 5023 iujeserurtt
2356 4965 2541 5004 manus
2565 4949 2620 5003 in
2659 4946 2858 5013 losum,
2890 4954 2938 5001 et
2965 4953 3233 4998 tenuerunt
3270 4954 3386 4997 sum
3424 4941 3634 5014 (Ibid).

2041 5043 2192 5099 Tune
2231 5041 2556 5112 completum
2608 5046 2694 5095 est
2740 5036 3111 5109 propheticum
3160 5034 3290 5091 illud
3327 5035 3634 5106 eloquium:

2042 5135 2490 5193 Circumdedcrunt
2509 5148 2588 5197 me
2611 5131 2739 5186 sicut
2765 5145 2886 5201 apes
2911 5132 3103 5201 favum,
3136 5138 3183 5183 et
3211 5135 3509 5182 emerserunt
3532 5126 3636 5180 sic-

2039 5238 2095 5283 ut
2138 5228 2270 5299 ignis
2307 5227 2363 5280 in
2399 5224 2563 5293 spinis
2599 5221 2770 5295 (Psal.
2808 5222 2932 5277 H7.
2964 5220 3089 5289 12);
3134 5230 3203 5275 ac
3238 5228 3489 5274 rursum:
3524 5215 3643 5270 Cir:

2042 5320 2402 5375 cumdederuut
2425 5328 2504 5371 me
2526 5332 2676 5370 canes
2717 5314 2862 5368 ποικιιὶ
2881 5354 2895 5381 ,
2928 5314 3063 5367 tauri
3094 5313 3307 5382 pingues
3335 5307 3645 5363 obsederunt

2041 5428 2121 5467 me
2157 5409 2330 5482 (Psal.
2362 5409 2453 5463 2|.
2487 5408 2601 5479 i7).
2648 5406 2847 5462 Verum
2886 5422 2920 5458 ο
2961 5402 3332 5468 tolerantiam,
3372 5412 3493 5469 qua!
3536 5398 3641 5451 soli

2041 5505 2142 5576 ipsi
2171 5502 2471 5573 competit!
2515 5500 2572 5556 ln
2601 5500 2736 5556 cado
2779 5498 3070 5555 Cherubim
3113 5503 3168 5551 et
3194 5492 3473 5563 Seraphin:
3513 5506 3636 5546 eum

2040 5614 2148 5655 non
2187 5596 2419 5653 audeant
2458 5596 2725 5665 respicere
2762 5593 3045 5648 sublimem
3072 5589 3189 5660 ejus
3225 5586 3471 5659 gloriam,
3517 5586 3639 5640 vul-

2045 5700 2155 5747 tum
2183 5703 2337 5743 suum
2366 5688 2462 5742 alis
2492 5702 2592 5742 ceu
2621 5684 2864 5741 manibus
2889 5682 3158 5752 operiunt,
3185 5688 3240 5734 et
3260 5679 3312 5734 in
3340 5687 3476 5734 terra
3508 5676 3653 5740 dum.

2041 5795 2169 5837 caro
2197 5778 2313 5850 ejus
2354 5777 2599 5833 manibus
2643 5776 2944 5846 iniquorum
2981 5778 3273 5837 teneretur,
3314 5769 3363 5824 id
3414 5768 3503 5823 ille
3534 5781 3627 5834 pa-

2044 5876 2289 5933 tiebatur.
2323 5873 2595 5930 Videtisne
2633 5887 2793 5944 quam
2823 5869 3070 5942 patientis
3101 5877 3155 5924 et
3180 5865 3391 5938 benigni
3425 5858 3630 5917 Dcinini
