4088 6434
480 370 583 430 Ἀθ

484 484 616 539 servi
661 483 824 540 sitis?
877 481 1040 537 Iidem
1085 496 1212 552 ergo
1258 490 1429 535 estote
1474 495 1595 550 erga
1650 478 1893 534 inimicos
1931 493 2065 534 con-

475 591 663 631 servos
706 587 931 638 vestros,
951 575 1168 648 qualem
1195 589 1319 644 erga
1353 573 1595 627 inimicos
1619 589 1745 628 suos
1787 571 2067 627 Dominum

480 669 708 722 vidistis.
753 667 959 722 Etenim
1010 682 1103 722 vos
1133 682 1344 736 quo-pte
1385 666 1450 720 ad
1487 680 1695 720 comam
1737 664 2067 734 spiritualem

483 762 706 816 vocandi
765 761 938 814 estis:
990 775 1109 814 cum
1159 759 1382 812 Domino
1440 755 1858 813 recumbendum
1914 755 2070 810 vobis

484 851 625 904 erit:
673 865 740 904 ne
783 851 901 919 quis
946 850 997 904 in
1046 848 1194 902 vobis
1234 848 1398 903 Jttdas
1439 846 1677 900 moribus
1722 845 2065 916 reperiatur:

1785 1043 2496 1067 Μ

512 1046 1870 1077 κωκυ-πιππὸπσδεε-τπκέπ

1194 369 1249 424 S.
1288 367 1566 424 JOANNIS
1601 365 2073 423 CHRYSOSTOMI
2117 364 2437 421 ABClllEP.
2478 360 3016 420 CONSTANTINOP.

3668 352 3773 410 19.0

2177 491 2365 532 omnes
2400 491 2522 530 eum
2571 490 2703 546 pace
2747 483 2802 530 et
2854 470 3234 543 tranquillitate
3275 467 3553 531 accedite;
3583 482 3775 522 omnes

2175 585 2298 624 eum
2346 585 2476 639 pura
2536 567 2862 624 conscientia
2912 565 3186 621 Servatori
3230 573 3599 618 accurramus.
3655 558 3776 626 Ipse

2175 675 2405 731 namque
2433 669 2518 716 est
2549 659 2782 714 ﬁdelium
2807 657 3066 728 jejunium
3096 665 3257 725 atque
3287 652 3593 708 convivium
3629 667 3644 702 :
3685 650 3776 704 hic

2176 752 2431 805 nutritius
2459 759 2618 819 atque
2655 751 3064 813 nutrimentum,
3097 748 3181 801 hic
3213 755 3395 816 pastor
3420 755 3476 800 et
3495 745 3633 799 ovis.
3668 741 3774 808 Ipsi

2173 845 2344 916 gloria
2376 844 2429 898 in
2459 844 2652 899 smeula
2675 842 3015 898 surculorum.
3046 841 3236 895 Anien.

2379 1043 2659 1062 r_—.—
2663 1042 2885 1062 τοᾷ-’Ἴ

2883 1036 3745 1067 Μ

1083 1396 1212 1522 S.
1312 1391 1967 1521 JOANNIS
2064 1391 3191 1522 CHRYSOSTOMI

1035 1580 1054 1590 ι

1942 1958 2296 2019 MONITUM

571 2193 689 2250 Non
719 2211 920 2266 paucas
946 2196 1348 2267 peregrinitatis
1371 2204 1530 2253 notas
1575 2197 1628 2252 in
1678 2195 1780 2250 hac
1815 2195 2038 2250 homilia
2077 2191 2550 2265 deprehendimus.
2582 2191 2766 2266 Stylus
2799 2195 3023 2249 omnino
3063 2192 3350 2260 diversus;
3393 2191 3485 2247 illa
3523 2191 3762 2262 Chryso-

499 2312 658 2366 stomi
684 2312 947 2378 inventio,
977 2327 1084 2384 qua
1121 2314 1330 2370 caeteris
1357 2311 1614 2384 prmeellit
1642 2311 2022 2381 scriptoribus,
2060 2311 2148 2365 hic
2178 2326 2284 2364 non
2317 2319 2614 2380 comparet.
2642 2309 2802 2365 Ratio
2838 2307 3195 2380 eompellandi
3235 2305 3531 2369 auditores,
3561 2320 3772 2374 nempe

510 2427 861 2499 φιλόχριστοι,
905 2445 1067 2498 quam
1101 2429 1190 2483 hic
1217 2438 1465 2497 usurpat.
1497 2428 1548 2482 in
1579 2427 1854 2498 germanis
1891 2426 2268 2498 Chrysostomi
2302 2426 2560 2497 operibus
2583 2428 2668 2482 vix
2702 2428 3025 2497 reperiatur.
3061 2424 3180 2480 Non
3216 2424 3489 2480 immerito
3517 2422 3683 2492 igitur
3703 2431 3762 2476 et

495 2543 879 2608 Combelisius,
916 2544 1009 2613 qui
1067 2545 1208 2598 hane
1240 2543 1583 2606 concionem,
1641 2543 1799 2613 quasi
1837 2541 2078 2596 nondum
2109 2542 2368 2598 emissam
2443 2542 2739 2612 publicavit
2769 2556 2914 2595 anno
2968 2539 3125 2606 1656,
3163 2540 3377 2596 tametsi
3429 2549 3494 2593 ea
3548 2534 3753 2591 emissa

496 2661 675 2718 fuerat
714 2666 767 2718 in
815 2663 1066 2718 Editione
1103 2662 1479 2743 Chrysostomi
1514 2660 1750 2731 Operum
1802 2660 2070 2728 Parisina,
2125 2678 2267 2716 anno
2307 2661 2470 2725 1656,
2514 2677 2633 2716 eam
2677 2662 2802 2715 licet
2833 2659 3206 2731 Cbrysostomi
3247 2658 3466 2713 nomine
3517 2653 3776 2716 dederit,‘

505 2779 595 2834 alii
650 2780 886 2836 adscribi
929 2794 1091 2849 posse
1141 2778 1351 2832 auctori
1408 2778 1637 2833 censuit.
1694 2777 1881 2830 Parem
1922 2778 2065 2832 circa
2106 2777 2251 2831 illam
2313 2775 2533 2830 exhibet
2571 2775 2885 2844 scrupulum
2937 2773 3332 2828 Tillemontius.
3399 2769 3561 2824 Certe
3601 2782 3753 2831 cum,

486 2996 3454 3032 _______________________________________________.__._—-—_

3459 3001 3753 3014 .—.——.

483 3114 545 3157 IN
577 3109 1222 3156 (ΣΟΜΜΕΜΟΒΔΤΙΟΝΕΜ
1263 3109 1324 3178 .S.
1371 3107 1566 3152 BASSI.
1614 3107 1887 3149 HABITUS
1933 3107 2048 3148 EST
2077 3103 2284 3148 SERMO
2321 3104 2404 3145 DE
2447 3100 2716 3156 TIMORE,
2764 3100 2845 3142 ET
2887 3100 2972 3141 DE
3015 3097 3240 3143 VERBIS
3297 3096 3477 3153 ILLIS,
3525 3096 3776 3140 DISCITB

1340 3215 1379 3256 Δ
1409 3213 1499 3257 ME
1529 3211 1680 3265 QUIA
1712 3211 1886 3256 MITIS
1913 3211 2062 3267 seu,
2098 3211 2178 3254 ET
2210 3205 2473 3251 BUMILIS
2500 3204 2714 3248 conos
2761 3183 2872 3267 (α).

1937 3339 2302 3394 6(ᾤὲζὶἓὲζῶθο

549 3472 600 3525 1.
642 3468 750 3524 Nos
777 3467 988 3538 quidem
1019 3481 1115 3536 par
1135 3473 1268 3528 erat,
1300 3474 1578 3533 postquam
1608 3463 1659 3516 in
1690 3476 1783 3515 vos
1801 3469 1978 3515 tantus
2004 3459 2070 3514 de

478 3576 627 3617 more
655 3559 774 3615 fons
802 3560 1062 3615 orationis
1089 3557 1287 3614 ell‘nsus
1312 3565 1415 3621 e5t,
1446 3563 1501 3610 et
1527 3571 1647 3610 cum
1676 3554 1776 3608 hoc
1803 3562 2062 3620 tempore,

474 3662 635 3722 atque
679 3666 710 3705 a
753 3649 1184 3721 praecedentibus
1232 3647 1603 3702 sacerdotibus
1645 3661 1708 3699 ac
1751 3645 2063 3699 doctoribus

473 3743 689 3812 copiosa
712 3743 862 3798 vobis
883 3741 1175 3812 spiritualis
1199 3749 1283 3796 est
1309 3741 1566 3795 instructa
1604 3754 1809 3804 mensa,
1841 3753 2064 3807 pauper-

474 3837 626 3891 euias
664 3845 969 3890 nostrorum
1024 3835 1310 3890 verborum
1360 3835 1532 3888 stillas
1582 3833 1896 3901 reprimere,
1940 3847 2063 3885 eum

474 3926 776 3996 praesertim
819 3925 1067 3981 diuturna
1119 3926 1360 3994 corporis
1411 3925 1761 3995 a‘gritudinc,
1811 3939 1874 3977 ac
1917 3925 2064 3978 vocis

475 4017 881 4083 imbecillitate,
925 4029 1085 4089 atque
1144 4020 1278 4073 adeo
1319 4018 1462 4072 curis
1511 4019 1610 4072 sibi
1653 4016 2062 4073 succedentibus

473 4109 748 4180 praepediti
797 4108 989 4173 simus,
1033 4127 1067 4164 ο
1103 4109 1298 4164 Christi
1345 4120 1587 4164 amantes
1621 4109 1928 4174 auditores;
1965 4109 2061 4164 sed

471 4199 722 4272 quoniam
750 4199 1056 4268 inexplebili
1096 4203 1412 4256 concinnum
1437 4216 1708 4256 sacrarum
1735 4217 1919 4256 amore
1942 4216 2063 4256 eor.

471 4291 609 4360 repti
637 4305 734 4344 nos
757 4289 822 4344 ad
848 4289 1133 4345 dicendum
1167 4292 1422 4357 invitatis,
1451 4307 1548 4362 age
1571 4293 1866 4348 Salvatoris
1890 4293 2058 4362 gratia

470 4383 609 4438 bene
648 4381 868 4452 juvante
905 4383 1085 4450 paucis
1125 4383 1377 4452 probitati
1421 4394 1634 4450 vestrae,
1684 4400 1804 4454 qua:
1834 4384 2059 4454 tempori

469 4473 738 4543 quadrent
776 4480 832 4527 et
869 4468 1220 4536 'conveniant,
1267 4486 1618 4541 apponamus.
1667 4475 1780 4528 lloc
1816 4474 1959 4529 enim
2005 4484 2060 4530 et

469 4563 622 4617 nobis
657 4562 747 4634 qui
794 4562 1042 4626 dicimus,
1099 4571 1154 4617 et
1198 4563 1354 4619 vobis
1381 4564 1468 4633 qui
1499 4564 1694 4620 auditis
1735 4567 1914 4634 aptius
1952 4575 2055 4630 est,

467 4654 676 4719 opinor,
713 4655 800 4724 qui
822 4655 1033 4708 ratione
1064 4668 1128 4707 ac
1149 4663 1327 4710 mente
1353 4655 1506 4709 vobis
1534 4672 1653 4725 qua:
1684 4655 1905 4710 meliora
1932 4663 2058 4710 sunt

466 4753 522 4799 et
547 4747 699 4800 utilia
733 4747 1080 4816 comparatis.
1113 4747 1188 4801 Ac
1229 4756 1446 4803 sanctus
1475 4749 1690 4818 quidem
1735 4758 1788 4803 et
1824 4749 2055 4806 celebris

468 4843 673 4906 martyr
696 4845 752 4890 et
773 4840 1058 4908 episc0pus
1105 4838 1322 4905 Bassus,
1353 4839 1443 4908 qui
1484 4855 1694 4894 sacrum
1732 4842 1886 4895 nobis
1916 4842 2055 4896 hunc

467 4939 790 4986 conventum
827 4931 984 4987 hodie
1009 4934 1370 5004 congregavit,
1393 4933 1458 4988 iis
1498 4934 1753 5002 praamiis,
1792 4949 1913 5000 qua:
1939 4935 2054 4990 suis

467 5024 766 5095 promeruit
786 5027 1192 5089 certaminibus,
1214 5027 1323 5096 jam
1346 5028 1570 5098 potitur,
1601 5043 1700 5082 nec
1722 5029 1830 5082 nlla
1851 5041 2054 5084 nostra-

468 5131 585 5169 rum
605 5115 819 5170 laudum
839 5115 1126 5172 collatione
1147 5118 1228 5172 vel
1261 5120 1518 5188 pensione
1542 5135 1685 5181 nunc
1716 5120 1939 5188 indiget,
1958 5123 2050 5175 sed

467 5223 563 5280 pro
589 5208 765 5276 nobis,
788 5218 844 5263 ut
863 5207 1020 5275 solet,
1043 5209 1110 5263 ad
1140 5211 1422 5266 Dominum
1440 5227 1629 5282 preces
1652 5214 1840 5280 fundit,
1871 5225 2053 5284 utpote

463 5301 553 5370 qui
573 5311 790 5371 propter
804 5313 1030 5372 agonem
1046 5302 1286 5370 martyrii
1311 5304 1558 5374 loquendi
1584 5304 1830 5361 libertate
1851 5309 2052 5376 gratia-

465 5407 570 5462 que
585 5393 870 5464 plurimum
887 5393 1078 5460 valeat,
1101 5406 1154 5450 et
1172 5397 1591 5452 immortalitatis
1612 5413 1808 5453 corona
1825 5400 2053 5454 donatus

464 5484 553 5546 sit,
574 5499 729 5554 quam
751 5486 912 5543 etiam
931 5485 1175 5543 Christus
1203 5489 1442 5547 ﬁdelibus
1466 5493 1800 5562 prteparavit.
1823 5494 2051 5564 Copiosa

527 5616 805 5696 ςφηᾳῖιεψ
828 5634 940 5696 cum
979 5631 1084 5676 Mss.
1110 5626 1256 5690 Regio
1302 5627 1439 5692 l97i,
1479 5637 1530 5680 et
1567 5628 1775 5679 Colbcrl.
1803 5629 1944 5692 50338,
1969 5633 2051 5696 qui

467 5679 658 5728 merulis
679 5689 884 5734 scatent.

2180 3467 2305 3512 sunt
2337 3457 2502 3524 enim,
2550 3463 2605 3510 ttt
2645 3463 2873 3511 testatur
2919 3454 3217 3526 apostolus,
3263 3454 3357 3510 Dei
3399 3454 3554 3520 dona,
3603 3454 3777 3526 quiet

2179 3551 2305 3604 olim
2337 3559 2630 3622 martyrum
2675 3562 2898 3602 munera
2930 3547 3016 3614 iis,
3049 3546 3135 3616 qni
3183 3536 3394 3602 sincere
3423 3546 3595 3616 ipsum
3628 3546 3778 3600 invo-

2175 3651 2320 3708 cant,
2341 3642 2618 3712 dilargitns
2635 3650 2738 3706 οδε,
2762 3648 2816 3695 et
2839 3639 3258 3709 nuneprwcipue
3280 3653 3398 3693 cum
3421 3653 3598 3692 annua
3621 3639 3777 3709 paulo

2173 3745 2295 3806 post
2319 3737 2580 3791 memoria
2629 3735 2840 3789 timoris
2888 3734 3034 3788 illius
3083 3732 3406 3788 celebranda
3457 3733 3544 3794 sit,
3605 3741 3660 3786 et
3703 3733 3771 3785 ad

2173 3830 2343 3883 Deum
2371 3827 2695 3882 laudandum
2722 3827 2791 3883 ob
2823 3826 3096 3898 terribiles.
3118 3825 3238 3880 illas
3268 3825 3442 3878 minas
3471 3824 3700 3894 benigna
3720 3833 3774 3876 et

2174 3923 2484 3977 misericors
2507 3923 2580 3976 ira
2607 3922 2702 3976 Dei
2727 3937 2825 3976 nos
2857 3928 3127 3991 provocet.
3151 3919 3395 3974 Vidimus
3419 3919 3559 3974 enim
3588 3935 3773 3973 revera

2172 4015 2430 4082 furorem,
2463 4032 2528 4070 ex
2558 4030 2667 4085 quo
2697 4014 3000 4084 benignitas
3028 4012 3366 4074 coruscabat,
3390 4027 3512 4066 eum
3543 4026 3643 4064 nos
3667 4028 3774 4064 un-

2168 4109 2329 4180 dique
2379 4111 2538 4164 timor
2577 4117 2734 4164 terrae
2776 4118 2954 4162 motus
2982 4106 3274 4172 obsideret,
3321 4119 3442 4160 cum
3493 4117 3774 4160 creaturas

2169 4217 2358 4258 omnes
2387 4203 2601 4258 concuti
2643 4216 3014 4266 cerneremus,
3057 4215 3121 4255 ae
3162 4199 3525 4270 pavimentum
3575 4215 3775 4268 magno

2169 4295 2369 4364 impetu
2405 4294 2670 4364 quassari,
2719 4293 2968 4348 Salvator
2996 4300 3174 4348 autem
3208 4291 3613 4346 ntiserationutn
3643 4306 3772 4342 sua-

2166 4401 2284 4440 rum
2315 4401 2648 4456 nequaquam
2672 4385 3098 4450 obliviseeretur,
3151 4399 3274 4438 cum
3301 4383 3554 4440 acerbum
3597 4383 3767 4438 inter-

2167 4478 2300 4531 itum
2349 4486 2806 4546 exspectaremus,
2858 4492 2982 4531 eutn
3044 4485 3260 4530 nostras
3314 4475 3459 4530 (edes
3506 4475 3767 4530 continuo

2164 4569 2407 4637 sepulcra
2455 4576 2637 4622 nostra
2681 4567 2885 4623 futuras
2937 4581 3268 4637 putaremus,
3320 4581 3444 4621 eum
3474 4566 3766 4636 agitatione

2163 4659 2366 4715 detenti
2394 4659 2570 4714 locum
2585 4660 2872 4714 modnmve
2894 4658 3120 4730 perfugii
3150 4658 3357 4713 nullum
3383 4658 3766 4728 repet-iremus,

2163 4768 2284 4807 eum
2317 4752 2382 4806 ad
2411 4752 2644 4806 medium
2671 4752 2773 4806 diei
2802 4752 3178 4821 pervenientes
3207 4765 3538 4820 nequaquam
3559 4754 3770 4804 \‘lSlll‘trs

2163 4859 2261 4896 nos
2282 4858 2929 4912 vesper-antisperarcmns,
2954 4857 3072 4896 cum
3094 4857 3306 4898 sursum
3331 4841 3346 4872 ¹
3379 4841 3772 4910 appensusgla-

2162 4935 2618 5001 diusimmineret,
2653 4951 2715 4990 ac
2743 4935 2990 4990 deorsum
3021 4932 3370 4989 beneﬁcentia
3409 4947 3604 4986 secum
3647 4946 3770 4999 pre-

2161 5031 2311 5084 cibus
2363 5041 2580 5086 strenue
2623 5039 2851 5100 gereret,
2893 5043 3134 5083 cutnnna
3154 5042 3284 5087 voce
3311 5020 3510 5096 populi,
3537 5026 3767 5079 Domine

2161 5123 2436 5183 miserere,
2469 5122 2753 5177 clamarent
2767 5163 2780 5186 ,
2799 5132 2852 5176 et
2876 5121 3126 5176 Dominus
3145 5118 3572 5174 miserationibus
3589 5117 3769 5172 ﬂeete—

2161 5217 2427 5284 t'etttr:qui
2446 5217 2585 5271 enim
2602 5217 2790 5270 intuitu
2803 5217 3250 5280 soloeommovet,
3278 5228 3434 5273 manu
3449 5221 3762 5267 trementem

2160 5321 2457 5364 creaturam
2474 5309 2694 5363 sedavit.
2713 5308 2822 5363 Cur
2849 5324 2951 5362 non
2966 5307 3144 5376 paucis
3161 5306 3260 5359 ista
3275 5303 3639 5374 complector?
3659 5318 3767 5372 quo

2161 5412 2423 5471 tempore,
2465 5401 2565 5454 nisi
2598 5401 2852 5455 Dominus
2878 5399 3106 5454 Sabaoth
3137 5396 3428 5464 adjuvisset
3455 5412 3564 5459 nos
3604 5395 3764 5462 paulo

2160 5493 2335 5548 minus
2366 5491 2660 5548 habitasset
2694 5493 2744 5547 in
2798 5490 3004 5545 inferno
3031 5489 3206 5542 anima
3237 5498 3414 5542 nostra
3451 5485 3470 5558 (
3489 5484 3631 5538 Psal.
3663 5484 3755 5538 93.

2162 5587 2226 5640 Π
2254 5588 2290 5657 ).
2329 5585 2497 5652 Quem
2525 5585 2668 5639 enim
2702 5599 2806 5639 non
2852 5593 3069 5651 stupore
3114 5578 3296 5650 deﬁgit
3330 5575 3635 5648 magnitudo
3663 5574 3761 5630 mi-

2225 5700 2240 5726 '
2277 5695 2350 5743 sic
2368 5700 2473 5743 Mss.
2502 5693 2618 5742 t‘dtti
2649 5705 2786 5752 vero,
2811 5689 3128 5743 extrinsecus.
