4088 6434
462 499 566 554 7'23

468 612 619 667 mitis.
637 619 828 668 essem,
859 599 1072 656 dorsum
1106 604 1280 646 mcmn
1309 585 1373 639 ad
1405 579 1608 651 ﬂagella

467 697 775 760 sustinenda
804 707 907 748 non
941 686 1303 759 prmbuissem.
1331 674 1435 731 Sed
1458 686 1554 727 cur
1573 683 1692 737 ego,
1716 659 1854 732 quod
1881 653 2052 721 majus

465 803 549 849 est
571 834 584 857 ,
619 806 722 844 non
750 779 998 855 profero?
1026 776 1123 831 nisi
1154 772 1293 826 mitis
1318 781 1492 823 essem
1513 804 1528 826 ,
1555 775 1676 814 cum
1706 754 1794 810 alii
1813 748 1932 820 pati
1963 746 2055 801 de-

472 888 676 946 berent,
713 894 815 933 non
846 875 1028 942 utique
1053 883 1151 937 ego
1173 864 1259 935 qui
1288 860 1414 915 nihil
1436 851 1717 912 debebam,
1744 842 1929 900 mortis
1961 852 2055 908 pro

470 977 572 1031 illis
598 972 830 1027 debitum
875 961 1241 1020 exsolvissem.
1284 954 1394 1021 Ego
1435 961 1561 1000 vero
1600 936 1833 1000 cxsolvi,
1868 941 1925 994 ut
1960 943 2056 998 pro

472 1069 580 1122 illis
611 1063 698 1133 qui
728 1062 976 1114 deorsum
1006 1050 1141 1122 apud
1171 1047 1367 1100 inferos
1392 1036 1783 1094 detinebantur,
1807 1025 2056 1081 mulctam

474 1114 578 1122 ""V
613 1114 697 1133 '|"'
1043 1114 1055 1122 ι

473 1155 719 1227 supplicii
749 1161 1100 1206 numerarem.
1131 1140 1244 1195 Non
1272 1137 1412 1190 enim
1441 1131 1682 1184 vivorum
1713 1130 1914 1176 tantum
1947 1114 2061 1167 Rex

473 1266 612 1310 sum,
643 1246 732 1301 sed
763 1243 918 1298 etiam
949 1235 1201 1291 Dominus
1226 1237 1572 1283 mortuorum.
1603 1217 1890 1281 Propterea
1917 1206 2060 1260 viam

476 1352 753 1408 utramque
792 1326 1206 1401 dispensationis
1245 1320 1493 1375 insistens
1527 1310 1668 1365 veni.
1701 1305 1872 1360 Hmno
1901 1313 2062 1369 appa-

479 1433 557 1486 rui
581 1475 595 1496 ,
629 1396 796 1483 fa-ctus
825 1439 940 1478 sum
971 1431 1026 1474 et
1054 1417 1117 1471 ad
1151 1412 1417 1468 modicum
1451 1415 1660 1471 tempus
1697 1404 1939 1451 mortuus
1961 1431 1976 1455 ,
2007 1396 2064 1442 ut

475 1522 723 1578 omnibus
763 1516 922 1570 etiam
967 1509 1055 1578 qui
1097 1505 1198 1561 sub
1243 1511 1382 1555 terra
1423 1501 1609 1556 erant,
1653 1479 2064 1552 iucorruptionis

479 1629 612 1668 mea:
652 1611 849 1664 donum
896 1598 1244 1670 impertirem.
1299 1589 1504 1650 Venite,
1542 1582 1714 1636 discite
1747 1594 1778 1630 a
1806 1591 1915 1637 me,
1945 1571 2065 1643 quia

479 1705 614 1758 mitis
639 1718 780 1764 sum,
811 1705 856 1750 ct
888 1691 1092 1746 Immitis
1120 1685 1288 1741 corde.
1323 1682 1402 1734 Ah
1427 1675 1585 1732 animi
1616 1669 1890 1741 proposito
1911 1706 1926 1730 ,
1958 1676 2063 1715 non

480 1813 509 1850 a
557 1804 741 1848 natura
796 1795 879 1843 est
928 1786 1100 1839 vilitas
1150 1792 1266 1833 mea
1305 1792 1318 1828 :
1367 1763 1722 1827 iuaccessibili
1771 1753 2063 1814 substantia

480 1886 733 1958 praeditus
764 1889 902 1943 sum,
931 1877 1024 1932 sed
1053 1881 1249 1933 mente,
1279 1882 1396 1938 qua:
1421 1879 1478 1918 sc
1505 1861 1569 1916 ad
1597 1869 1784 1913 omnes
1807 1848 2064 1908 extendit.

491 1977 684 2040 Venite,
717 1975 892 2028 discite
915 1988 945 2024 a
973 1985 1071 2034 mc,
1103 1966 1219 2034 quia
1249 1961 1381 2014 mitis
1408 1972 1517 2012 sum
1535 1995 1550 2020 ,
1583 1963 1626 2006 et
1654 1947 1857 2004 lauinilis
1882 1941 2064 2005 corde,

484 2084 590 2124 non
619 2067 891 2136 dignitate.
922 2060 1158 2116 Modicus
1197 2069 1314 2109 smn
1337 2093 1352 2118 ,
1379 2051 1423 2105 si
1450 2055 1660 2116 spectes
1683 2037 1843 2094 animi
1873 2046 2068 2105 propo-

484 2163 642 2216 situm
663 2199 680 2224 ,
709 2173 812 2212 non
840 2157 882 2210 si
913 2151 1203 2224 potentiam
1236 2164 1248 2200 :
1279 2141 1480 2212 angelis
1510 2132 1762 2192 terribilis
1793 2143 1911 2184 sum
1949 2137 2072 2192 pro-

486 2265 602 2324 pter
626 2219 942 2323 potentiam,
969 2241 1280 2299 hominibus
1311 2244 1525 2306 propter
1550 2227 1710 2283 animi
1741 2219 2069 2295 propositum

483 2362 600 2400 sum
643 2342 875 2397 humilis.
914 2339 1116 2401 Vertite,
1145 2332 1321 2386 discite
1351 2345 1382 2380 (ι
1417 2341 1514 2391 mc,
1549 2322 1666 2392 quia
1689 2316 1822 2371 mitis
1856 2328 1995 2376 sum,
2027 2317 2074 2360 ct

488 2437 691 2491 [inutilis
729 2434 901 2487 corde.
947 2430 1060 2484 Non
1112 2443 1206 2496 pro
1241 2431 1453 2477 matura:
1494 2429 1627 2470 ureae
1655 2407 1962 2466 conditione
1992 2403 2071 2455 l0-

424 2589 426 2592 ,
488 2544 652 2597 quor,
685 2525 776 2579 sed
817 2531 973 2592 prout
1006 2513 1422 2573 misericordiam
1464 2520 1636 2562 meam
1678 2502 1870 2562 decet,
1913 2491 2074 2548 verba

490 2619 645 2672 facio.
675 2617 834 2670 Multo
863 2612 989 2667 mihi
1020 2611 1194 2664 carior
1224 2615 1306 2660 est
1336 2596 1686 2656 mansuetudo
1723 2607 1880 2662 quam
1928 2596 2076 2656 pote-

489 2721 618 2764 stas.
657 2709 771 2762 Rex
805 2721 922 2759 sum
960 2718 1079 2772 ego,
1112 2699 1198 2770 qui
1245 2707 1295 2751 te
1342 2694 1584 2761 alloquor
1609 2707 1621 2742 :
1645 2699 1834 2753 magna
1865 2679 2076 2750 quidem

492 2803 688 2855 virtute
717 2799 913 2868 polleo,
943 2770 1035 2849 sed
1069 2795 1192 2846 uolo
1228 2786 1479 2858 potentia,
1510 2797 1628 2852 qua:
1657 2778 1782 2832 mihi
1823 2770 2076 2841 suppetit,

495 2904 638 2947 tuam
667 2888 1080 2944 imbecillitatem
1110 2878 1540 2953 perterrefacerc.
1568 2871 1682 2926 Non
1705 2869 1845 2932 dico,
1870 2861 2074 2923 Venite.

496 2983 683 3039 discite
715 2997 744 3034 a
785 2995 872 3033 me
897 3021 910 3044 ,
941 2977 1059 3047 quia
1090 2974 1344 3029 Dominus
1386 2981 1501 3022 sum
1524 3007 1538 3031 ,
1571 2979 1670 3032 ego
1713 2960 1800 3028 qui
1837 2956 2082 3011 dominor

503 3077 794 3141 creaturis,
824 3075 910 3144 qui
950 3069 1176 3139 respicio
1219 3077 1452 3124 terram,
1490 3069 1542 3114 et
1569 3054 1745 3113 efﬁcio
1770 3062 1827 3106 ut
1854 3056 2078 3112 tremat,

501 3173 590 3237 qui
616 3169 801 3224 malum
828 3166 1018 3220 metior
1042 3163 1238 3233 palmo,
1262 3169 1314 3213 et
1337 3167 1528 3212 terram
1557 3165 1730 3222 pugno
1752 3156 1907 3201 teneo
1928 3141 2080 3216 (lsai.

501 3263 588 3315 40.
621 3261 712 3328 12)
746 3278 759 3313 :
792 3257 906 3324 sed,
938 3256 1140 3318 ‘Venile,
1172 3250 1348 3304 discite
1370 3266 1401 3302 a
1436 3263 1533 3312 me,
1564 3243 1684 3313 quia
1712 3239 1846 3294 mitis
1876 3252 2006 3296 sum,
2039 3242 2083 3286 et

501 3325 705 3406 humilis
728 3350 898 3404 corde.
933 3348 1006 3402 ita
1037 3361 1154 3401 sum
1173 3343 1325 3396 .mitis
1355 3359 1368 3394 :
1403 3335 1631 3407 peccasti
1665 3343 1717 3386 tu
1739 3373 1754 3397 ,
1782 3340 1836 3384 et
1862 3342 1960 3397 ego
1986 3325 2084 3380 ila-

498 3445 649 3512 gellis
675 3457 789 3496 sum
821 3454 1024 3502 caesus;
1057 3437 1125 3488 ita
1161 3441 1348 3502 Sponte
1379 3445 1494 3483 sum
1526 3424 1739 3480 humilis
1775 3419 1931 3474 :vcni
1962 3429 2082 3486 ego,

505 3545 560 3587 ut
586 3549 698 3597 eos,
728 3533 814 3602 qui
848 3531 1102 3585 servitute
1129 3524 1525 3595 premebantur,
1555 3519 1604 3571 in
1635 3517 1936 3570 libertatem
1972 3510 2087 3563 vin-

502 3627 770 3692 dicarem,
817 3632 870 3676 et
920 3622 1016 3692 ipsi
1065 3633 1151 3672 me
1198 3618 1532 3670 liberatorem
1576 3609 1741 3676 alapis
1783 3602 2090 3659 ceciderunt

505 3717 680 3780 simul,
714 3725 767 3770 et
794 3715 845 3768 in
874 3726 1086 3767 crucem
1114 3707 1442 3762 sustulerunt
1467 3702 1556 3772 qui
1597 3699 1851 3778 servitute
1877 3706 2088 3764 preme-

502 3809 727 3868 bantur,
757 3815 809 3859 et
844 3813 1025 3874 postea
1059 3803 1264 3855 Patrem
1301 3812 1475 3851 meum
1505 3808 1599 3863 pro
1630 3792 1756 3860 ipsis
1786 3802 1978 3858 rogans
2003 3786 2086 3839 di—

505 3899 690 3952 cebam
720 3915 733 3950 :
766 3873 952 3959 Pater,
990 3892 1185 3946 dimitte
1225 3890 1328 3942 illis
1359 3904 1376 3939 :
1409 3903 1507 3939 non
1551 3884 1686 3936 enim
1730 3881 1926 3943 sciunt,
1967 3873 2089 3938 quid

511 3991 704 4060 faciunt
733 3987 884 4058 (Luc.
916 3987 1004 4040 25.
1033 3986 1145 4052 54).
1192 3982 1362 4036 Venite
1391 3980 1566 4049 igitur,
1595 3975 1769 4029 discite
1796 3989 1827 4024 η
1855 3987 1951 4032 me,
1974 3968 2092 4038 quia

511 4084 646 4137 mitis
663 4089 869 4147 -sunt,-et
894 4079 1096 4132 Immitis
1118 4077 1284 4130 corde.
1314 4075 1520 4137 Venite,
1547 4070 1784 4139 supplico
1806 4073 1858 4120 et
1885 4075 2090 4132 precer,

509 4191 618 4229 non
659 4189 743 4227 mc
783 4171 946 4240 pudet
987 4168 1319 4238 supplicare,
1361 4176 1543 4217 servos
1583 4175 1730 4214 meos
1768 4169 1922 4211 orare
1961 4167 2093 4206 con-

515 4281 690 4324 tentus
731 4282 848 4320 sum
874 4306 888 4326 ,
922 4279 1008 4318 ne;
1030 4276 1189 4329 cogar
1237 4258 1422 4327 punire
1455 4273 1466 4306 :
1495 4254 1670 4307 venite
1694 4295 1706 4318 ,
1737 4249 1922 4302 discite
1952 4261 1979 4298 a
2012 4257 2096 4296 me

513 4357 972 4414 mansuetudinem
1022 4355 1210 4423 prius,
1256 4363 1412 4418 quam
1467 4345 1756 4399 terribilem
1809 4338 2092 4408 potentiam

513 4454 766 4522 spectetis
796 4469 807 4502 ε
832 4448 1012 4501 venite
1031 4487 1046 4510 ,
1076 4458 1216 4498 nunc
1246 4441 1460 4494 medeor
1479 4479 1494 4500 ,
1525 4436 1681 4505 paulo
1721 4441 1836 4501 post
1868 4430 2097 4483 rationes

519 4544 841 4605 subducam;
873 4555 1010 4593 ntmc
1033 4551 1211 4606 pareo,
1232 4533 1396 4601 ,paulo
1419 4539 1533 4598 Hist
1558 4524 1871 4580 sententiam
1900 4521 2094 4580 ieram;

523 4649 660 4687 nunc
690 4647 805 4692 sum
845 4629 1180 4688 misericors,
1214 4622 1370 4691 paulo
1403 4629 1519 4688 post
1541 4618 1716 4686 justus
1741 4613 1900 4683 judex
1933 4623 2096 4676 appa-

519 4725 666 4778 rebo.
715 4721 885 4774 Venite
903 4760 916 4783 ,
945 4717 1122 4770 discite
1146 4733 1176 4765 a
1202 4730 1279 4766 me
1297 4754 1312 4777 ,
1340 4712 1461 4780 quia
1490 4709 1622 4761 mitis
1647 4721 1759 4759 sum
1779 4745 1792 4767 ,
1823 4714 1866 4756 et
1895 4698 2101 4752 Immitis

521 4813 689 4868 corde.
723 4811 819 4864 Vel
863 4806 1318 4862 mansuetudinem
1352 4803 1643 4857 honorate,
1685 4797 1768 4849 Vt'i
1815 4792 2100 4863 potentiam

525 4904 898 4973 pertimescite.
942 4900 1165 4962 Venite,
1192 4901 1560 4966 prmoccupate
1606 4888 1790 4941 faciem
1836 4899 2006 4938 meam
2051 4883 2100 4935 in

521 4992 911 5048 confessionem
943 5011 954 5045 :
987 4999 1224 5056 tempore
1252 4984 1449 5054 quippe
1478 4977 1826 5034 mansuetudo
1853 4977 1946 5030 ista
1987 4987 2102 5026 mea

523 5085 886 5141 discriminata
913 5093 1012 5135 est.

599 5178 653 5230 3.
687 5173 954 5229 Secundus
979 5169 1170 5226 Christi
1199 5168 1442 5220 adventus
1476 5161 1729 5216 terribilis.
1759 5189 1829 5199 ——-
1859 5156 1934 5211 Ad
1971 5156 2106 5208 hanc

522 5269 694 5324 solam
740 5266 900 5320 vitam
947 5270 1260 5334 prtesentem
1302 5259 1566 5328 pertinet,
1609 5263 1666 5306 ut
1698 5249 2108 5321 lougmaimitatis

523 5375 665 5415 mea:
704 5358 978 5426 specimen
1008 5353 1175 5409 edam
1208 5369 1220 5404 :
1255 5350 1430 5404 veniet
1457 5358 1663 5413 tempus
1686 5385 1698 5406 ,
1730 5359 1834 5412 quo
1866 5354 2108 5395 niansue-

530 5452 728 5503 tudints
772 5448 925 5516 hujus
966 5460 1098 5498 mea:
1141 5449 1288 5510 porta
1328 5438 1638 5494 daudetur:
1671 5435 1841 5488 veniet
1871 5443 2105 5498 tempus,

533 5556 638 5608 quo
666 5541 914 5610 lacrymm
951 5545 1287 5606 peccatorum
1325 5530 1582 5585 stillantes
1613 5527 1740 5585 nihil
1775 5525 2062 5594 proderunt
2092 5539 2107 5575 :

532 5632 709 5685 veniet
738 5641 944 5699 tempus
964 5670 978 5696 ,
1012 5643 1116 5698 quo
1155 5624 1719 5694 undiqueclangentes
1747 5619 1884 5672 tubae
1918 5632 2110 5671 seum-

528 5721 660 5775 dum
704 5719 989 5774 adventum
1039 5732 1213 5772 meum
1258 5714 1560 5770 iudicabunt
1604 5727 1617 5762 :
1664 5707 1873 5778 quando
1918 5717 2109 5760 terram

533 5820 907 5880 percurrentes
934 5812 1230 5865 universam
1254 5808 1424 5878 angeli
1451 5806 1610 5860 multa
1638 5803 1919 5855 multorum
1947 5798 2112 5852 millia

537 5901 592 5958 in
613 5902 869 5975 judicium
900 5901 1161 5957 adducent
1196 5919 1208 5954 :
1237 5899 1447 5970 quando
1485 5892 1709 5951 tribunal
1747 5910 1920 5949 meum
1952 5892 2114 5947 cul'o-

1584 5979 1594 5998 1

1642 586 1740 646 pro
1770 561 2046 633 mancipiis

1203 474 1256 527 S.
1297 459 1571 525 JUANNiS
1607 439 2080 511 tillllVSOS'l'OMl
2128 435 2436 493 ARClllEP.
2462 425 2990 487 CONSTANTINOP.

3635 411 3754 468 ἨΑ

2157 554 2393 617 cabitur,
2422 560 2476 604 et
2512 563 2672 618 super
2699 546 2940 600 cariestes
2981 540 3201 595 virtutes
3237 545 3420 590 vectus
3447 530 3694 588 incedam
3729 547 3747 584 :

2157 645 2367 716 quando
2396 642 2718 713 principatus
2743 647 2797 692 et
2822 642 3108 706 potestates
3133 629 3389 686 venientis
3415 629 3552 682 latus
3578 625 3752 694 stipa-

2159 738 2289 792 hum
2322 754 2334 789 :
2364 732 2575 804 quando
2603 730 2750 800 regni
2785 727 2888 782 mei
2929 723 3205 780 luminaria
3245 719 3499 776 mundum
3526 717 3751 772 univer-

2159 846 2276 884 sum
2323 824 2693 881 illuminabunt
2721 839 2734 873 :
2765 818 2976 890 quando
3017 816 3135 870 libri
3177 812 3480 883 aperientur
3509 823 3699 863 eorum
3727 844 3750 870 ,

2160 938 2278 992 qua:
2308 917 2668 987 unusquisque
2708 913 2869 984 gessit
2899 912 2950 964 in
2982 910 3084 963 vita
3117 926 3130 960 :
3158 904 3369 976 quando
3397 902 3528 972 legis
3553 901 3752 954 obser-

2160 1015 2304 1067 \atio
2343 1011 2618 1080 exigetur,
2662 1019 2716 1061 et
2756 1007 3055 1059 daemonum
3085 1006 3328 1053 exactum
3369 991 3703 1048 ratiocinium
3731 989 3752 1020 ⁸

2165 1107 2463 1177 proferetur
2494 1121 2510 1162 ι
2541 1102 2754 1172 quando
2780 1114 2902 1154 reus
2930 1099 3146 1152 sistetur
3164 1137 3178 1159 ,
3205 1093 3288 1146 cui
3319 1091 3431 1146 sola
3458 1103 3616 1158 opera
3645 1101 3754 1156 po-

2167 1206 2339 1251 terunt
2364 1193 2676 1264 patrocinari
2701 1190 2938 1261 :quando
2959 1185 3303 1256 cogitationes
3324 1181 3667 1245 accusabunt,
3693 1185 3757 1232 et

2165 1286 2488 1341 conscientia
2518 1284 2793 1338 convinch
2824 1299 2836 1334 :
2865 1279 3078 1350 quando
3108 1273 3321 1344 maligni
3345 1272 3557 1343 Spiritus
3580 1269 3756 1322 verba

2162 1377 2357 1447 judicis
2387 1374 2659 1430 attondent
2686 1390 2698 1425 :
2726 1370 2939 1440 quando
2977 1368 3162 1421 fornax
3205 1364 3520 1418 sententiam
3550 1359 3761 1430 judicis

2167 1467 2493 1537 exspectabit
2520 1463 2768 1534 :quando
2794 1461 3009 1513 verbum
3042 1457 3190 1520 illud,
3219 1456 3486 1516 Miserere,
3509 1451 3615 1521 jam
3641 1465 3758 1503 non

2167 1560 2390 1628 amplius
2435 1555 2682 1612 clamanti
2733 1552 2988 1622 proderit.
3043 1548 3226 1602 Venite
3276 1545 3433 1615 igitur
3469 1551 3756 1611 antequam

2172 1651 2308 1704 fores
2334 1649 2728 1702 miserationuat
2753 1658 2985 1698 mearum
3009 1638 3303 1701 occludam,
3321 1646 3597 1703 antequam
3626 1630 3761 1683 vita:

2171 1741 2431 1807 nundinas
2460 1738 2596 1792 finiri
2619 1736 2910 1804 contingat,
2937 1741 3217 1800 antequam
3247 1728 3368 1782 vita:
3393 1722 3760 1795 spectaculum

2171 1829 2483 1900 pra-lcricrit
2509 1847 2519 1880 :
2547 1830 2896 1896 prrcstitutum
2921 1823 3058 1877 enim
3087 1831 3296 1888 tempus
3325 1817 3442 1870 linis
3467 1814 3642 1868 saeculi
3669 1821 3764 1864 est.

2173 1925 2222 1978 in
2264 1923 2458 1993 januis.
2495 1921 2716 1982 Venite,
2759 1918 3062 1986 priusquam
3108 1911 3352 1981 incipiam
3392 1907 3628 1978 judicare
3661 1921 3674 1957 :
3706 1903 3761 1957 si

2171 2015 2311 2068 enim
2359 2013 2466 2082 jam
2511 2011 2703 2065 sedeas
2749 2010 2993 2078 incipiam
3034 2004 3290 2074 judicium
3327 2013 3612 2061 exercere,
3644 2011 3760 2050 non

2173 2106 2398 2174 amplius
2451 2101 2782 2156 condonabo.
2840 2099 3122 2167 Pmptcrca
3188 2093 3444 2148 fatuarum
3493 2091 3762 2160 virginum

2173 2196 2472 2262 exemplum
2514 2192 2778 2263 patefeci,
2829 2206 3049 2261 quarum
3100 2188 3220 2241 vita:
3268 2182 3558 2253 lampades,
3610 2180 3761 2250 quod

2174 2289 2347 2358 oleum
2375 2285 2591 2352 justitie
2622 2300 2725 2337 non
2755 2283 3028 2345 haberent,
3059 2279 3330 2334 exstincta:
3365 2284 3486 2330 sunt
3508 2316 3524 2338 ,
3559 2281 3613 2327 et
3649 2286 3764 2340 quo

2176 2388 2328 2448 pacto
2359 2378 2497 2430 fores
2527 2377 2628 2430 illis
2649 2373 2912 2430 conclavis
2939 2371 3116 2440 sponsi
3147 2368 3371 2423 occlusa:
3400 2367 3506 2421 sint
3541 2363 3760 2436 (Matth.

2312 2471 2358 2522 t.
2400 2469 2532 2538 sqq.)
2555 2508 2570 2533 ,
2602 2482 2706 2536 quo
2737 2475 2891 2534 pacto
2921 2460 3250 2533 pulsantibus
3285 2457 3390 2511 illis
3415 2472 3477 2510 ex
3521 2453 3764 2508 interiori

2177 2561 2368 2614 :rdium
2401 2567 2551 2628 parte
2579 2555 2976 2625 responderim,
3011 2551 3197 2606 Nescio
3224 2566 3306 2602 vos
3327 2591 3341 2613 ,
3369 2547 3558 2617 quibus
3583 2546 3764 2599 verbis

2175 2654 2368 2723 judicis
2397 2668 2579 2704 vocem
2604 2692 2618 2713 ,
2658 2665 2760 2719 qua
2803 2656 3106 2718 peccatores
3135 2643 3430 2712 alloquetur
3453 2681 3469 2704 ,
3497 2637 3762 2707 expressi.

2179 2749 2232 2803 Si
2264 2763 2390 2817 ergo
2419 2744 2742 2814 Dominicam
2785 2741 3156 2810 benignitatem
3177 2779 3190 2801 ,
3220 2737 3435 2799 fratres,
3466 2749 3530 2787 ex
3576 2731 3764 2787 Salva-

2183 2841 2310 2894 toris
2352 2839 2527 2893 verbis
2569 2836 2883 2898 didicimus,
2926 2848 2991 2886 nc
3027 2830 3259 2898 judicem
3299 2841 3642 2896 spernamus,
3675 2823 3767 2892 qui

2183 2935 2398 2986 mitibus
2424 2930 2723 2984 verbis-[nos
2759 2935 2881 2984 ante
2907 2922 3092 2992 judicii
3121 2931 3328 2990 tempus
3352 2917 3634 2986 alloquitur
3653 2955 3667 2977 ,
3697 2928 3769 2968 ne

2187 3027 2508 3097 pmiiitcntia:
2534 3022 2867 3076 occasionem
2889 3018 3193 3071 amittamus
3219 3031 3230 3066 :
3261 3011 3414 3066 bonis
3441 3009 3687 3079 operibus
3714 3015 3772 3060 ct

2183 3119 2534 3190 eleemosynis
2562 3115 2765 3169 animas
2808 3120 3018 3165 nostras
3048 3107 3330 3162 vestiamus
3363 3121 3374 3157 :
3409 3101 3770 3170 unusquisque

2187 3223 2423 3267 nostrum
2445 3212 2510 3262 ad
2535 3209 2691 3261 vitam
2715 3214 2966 3270 mteruani
2993 3197 3386 3269 adipiscendam
3411 3196 3767 3248 necessariqu

2185 3309 2457 3373 comparet
2498 3304 2850 3354 connueatum
2878 3335 2892 3359 ,
2935 3292 3000 3346 ab
3044 3288 3236 3359 iniquis
3273 3285 3567 3340 actionibus
3601 3280 3770 3336 absti-

2189 3410 2426 3448 ueamus.
2453 3391 2507 3447 Si
2535 3389 2674 3443 enim
2701 3387 2856 3440 ﬁdem
2884 3392 3118 3437 nostram
3140 3382 3510 3433 inconcussam
3538 3374 3588 3427 in
3617 3372 3772 3425 bonis

2188 3488 2437 3558 operibus
2457 3493 2851 3541 conservemus,
2873 3483 3128 3530 creatura:
3150 3469 3419 3526 nobiscum
3444 3469 3772 3522 inconcussa:

2191 3578 2596 3652 permanebunt.
2623 3574 2839 3628 Animas
2865 3578 3070 3623 nostras
3091 3565 3332 3620 castitate
3356 3561 3693 3622 decoremus,
3721 3566 3775 3611 et

2192 3689 2337 3742 pura:
2375 3670 2494 3723 fidei
2536 3662 2954 3720 iumstimabilem
2989 3655 3322 3727 margaritam
3356 3661 3467 3705 tuto
3505 3649 3660 3705 nobis
3691 3649 3773 3700 in-

2192 3779 2350 3833 super
2375 3759 2728 3829 acquiramus,
2754 3762 3033 3820 antequam
3060 3749 3178 3800 \‘lltl‘.
3209 3755 3404 3799 nostra:
3435 3751 3644 3809 tempus
3669 3738 3775 3791 ela-

2197 3858 2367 3922 hatur,
2391 3862 2673 3920 antequam
2699 3849 2859 3917 figura
2881 3841 3084 3904 mundi,
3102 3848 3156 3894 et
3178 3838 3274 3891 llos
3295 3836 3495 3908 gloria‘,
3517 3843 3569 3888 et
3590 3847 3776 3917 o‘mnes

2197 3959 2420 4002 terrenc
2469 3942 2673 3998 delicia:
2718 3940 2969 3992 tollantur
3011 3943 3062 3986 et
3114 3937 3368 4001 pereant,
3415 3929 3776 3992 incorruptum

2190 4039 2423 4108 judicem
2457 4034 2608 4088 nobis
2635 4028 3000 4086 coaeiliemus.
3035 4024 3150 4092 lpse
3179 4021 3317 4075 enim
3345 4027 3454 4084 est,
3486 4017 3573 4086 qui
3606 4013 3734 4066 dicit
3763 4028 3776 4041 ·

2211 4133 2327 4184 Vivo
2356 4144 2467 4198 ego,
2492 4127 2609 4179 dicit
2638 4123 2883 4176 Dominus
2911 4135 2928 4172 :
2960 4118 3075 4170 nolo
3098 4124 3306 4168 mortem
3334 4109 3622 4182 peccatoris,
3653 4115 3781 4157 stt-at

2197 4223 2412 4277 converti
2443 4237 2554 4274 eunt
2583 4228 2628 4270 ct
2658 4217 2816 4268 vivere
2845 4211 3063 4278 (Ezcc/t.
3100 4207 3182 4261 l8.
3211 4202 3339 4273 5‘2).
3371 4203 3424 4258 Si
3468 4200 3655 4270 punire
3691 4214 3782 4250 cu-

2198 4323 2348 4385 peret
2387 4328 2466 4382 pe:
2486 4320 2753 4370 calorem,
2789 4310 2983 4357 taceret
3015 4318 3026 4352 :
3057 4295 3293 4351 misereri
3327 4293 3433 4345 vult
3457 4333 3471 4356 ,
3502 4299 3781 4358 propterea

2200 4415 2379 4462 monet
2409 4424 2420 4458 :
2456 4401 2654 4471 parcit,
2693 4396 2891 4450 idcirco
2935 4392 3176 4446 hortatur
3208 4406 3219 4439 :
3251 4381 3588 4456 prtediceudo
3618 4387 3783 4432 terret

2201 4509 2282 4560 te,
2315 4511 2381 4549 ue
2411 4494 2582 4561 reipsa
2624 4490 2674 4542 in
2721 4482 3009 4557 periculum
3055 4479 3275 4533 incidas.
3317 4475 3454 4528 Deus
3494 4471 3632 4523 cnim
3660 4483 3782 4520 cum

2199 4591 2464 4664 minatur,
2494 4597 2709 4637 servare
2740 4578 2846 4633 vult
2877 4595 2889 4630 :
2923 4591 3042 4631 cum
3075 4587 3200 4625 vero
3231 4568 3390 4631 silet,
3421 4563 3600 4618 statuit
3624 4561 3784 4616 casti-

2200 4698 2342 4754 gare.
2373 4680 2660 4733 Possumus
2684 4689 2749 4728 ex
2779 4673 3000 4724 aliorum
3030 4663 3406 4733 experimentis
3428 4661 3526 4712 hoc
3554 4656 3780 4709 discere.

2202 4772 2566 4829 Comminatus
2605 4776 2686 4818 est
2727 4762 2973 4819 Ninivitis
2997 4799 3010 4821 ,
3049 4769 3100 4812 et
3137 4753 3416 4825 pepercit:
3449 4749 3608 4804 tacuit
3644 4747 3783 4816 apud

2204 4867 2526 4925 Sodomitas,
2559 4871 2611 4915 et
2647 4858 2846 4930 punivit
2881 4873 2892 4907 :
2922 4865 3144 4908 coronas
3178 4845 3511 4917 praiparavit,
3543 4841 3641 4895 nisi
3671 4851 3784 4893 tor-

2205 4971 2380 5014 menta
2410 4955 2562 5011 nobis
2593 4953 2721 5022 ipsis
2760 4947 3065 5004 inferamus.
3097 4941 3252 5008 Cupit
3277 4936 3570 5008 gehennam
3598 4930 3782 4996 otiari,

2205 5054 2349 5122 cupit
2377 5047 2713 5104 tenebrarum
2740 5053 3007 5095 carcerem
3036 5033 3305 5094 claudere,
3337 5027 3479 5094 eiqut
3509 5025 3637 5078 iram
3666 5038 3782 5075 om-

2202 5161 2326 5199 uem
2371 5139 2582 5197 diabolo
2629 5145 2936 5194 reservare,
2967 5126 3110 5196 cupit
3145 5122 3308 5190 judcx
3341 5118 3526 5171 sedere
3549 5154 3564 5178 ,
3598 5128 3699 5164 non
3734 5123 3786 5162 ut

2207 5237 2413 5304 aliquos
2441 5230 2614 5302 puniat
2638 5271 2648 5290 .
2679 5224 2772 5280 sed
2803 5231 2858 5276 ut
2887 5232 3073 5275 omnes
3099 5220 3335 5270 Cortmet.
3369 5210 3498 5262 Cum
3529 5205 3682 5274 igitur
3711 5211 3789 5253 ta-

2205 5329 2316 5383 lem
2346 5325 2624 5380 Dominum
2657 5319 2945 5373 habeamus
2967 5354 2982 5378 ,
3011 5307 3374 5381 przcripiamus
3404 5299 3681 5366 benignam
3723 5294 3788 5346 il-

2211 5425 2311 5478 lam
2341 5435 2561 5480 vocem,
2594 5425 2870 5484 parcamus
2897 5403 3091 5459 dicenti
3124 5419 3136 5454 :
3173 5398 3347 5450 Venite
3366 5436 3378 5455 ,
3417 5392 3586 5445 discite
3614 5405 3646 5440 ιι
3673 5405 3784 5453 me,

2209 5515 2328 5586 quia
2354 5513 2487 5566 mitis
2514 5481 2647 5569 sum,
2677 5515 2720 5557 ct
2751 5499 2955 5556 humilis
2985 5493 3132 5548 corde
3159 5487 3369 5555 (Matth.
3406 5485 3487 5538 11.
3517 5481 3630 5550 9.9),
3656 5489 3706 5531 ut
3735 5487 3788 5534 et

2211 5602 2495 5674 optabilem
2538 5598 2681 5651 illam
2721 5607 2784 5647 ac
2821 5589 3028 5644 felicem
3067 5595 3248 5634 vocem
3281 5575 3461 5629 audire
3493 5583 3788 5624 mereanmr

2210 5662 2517 5753 diccntenr:
2557 5685 2761 5751 Venite,
2791 5676 3034 5734 benedicti
3071 5671 3238 5726 Patris
3265 5667 3392 5732 mei,
3423 5662 3667 5736 possidete
3691 5675 3785 5730 pa-

2213 5953 2216 5955 _
2283 5897 2297 5926 ι
2335 5899 2476 5949 Unus,
2501 5897 2544 5939 ct
2567 5883 2862 5950 agendorum
2883 5880 3106 5929 accurata
3133 5867 3265 5920 ratio.
