4088 6438
337 307 445 362 725

1484 299 1551 359 IN
1589 299 1685 356 ss.
1720 296 2007 365 manu
2048 298 2133 366 agr
2164 296 2453 373 nepam.

3604 104 3615 131 ι

3502 287 3619 343 .726

340 437 504 476 ratum
532 419 665 474 vobis
692 434 899 491 regnum
930 416 1142 493 (Matth.
1175 416 1264 472 9.5.
1297 416 1390 484 5i)
1424 434 1435 468 :
1465 430 1570 497 quo
1612 429 1707 485 nps
1737 428 1925 485 omnes
1988 442 1999 449 ι
2036 413 2201 484 nostri
2252 411 2375 485 Jesu
2422 409 2656 481 Christi,
2692 422 2811 475 cum
2858 421 2962 475 quo
3004 404 3145 460 Patri
3178 403 3343 473 gioria
3371 418 3473 458 una
3499 414 3619 453 cum

341 514 541 568 utinam
566 512 727 591 potiri
756 511 1053 593 contingat,
1083 510 1248 581 gratia
1275 520 1327 564 et
1356 508 1677 585 benignitate
1718 507 1925 581 Βοηιὶῃί

371 782 1237 820 i===========

2036 504 2233 577 Spiritu
2254 509 2466 577 sancto,
2492 503 2542 555 in
2566 502 2759 557 sarcula
2788 497 3124 555 saeculorum.
3152 495 3357 555 Amen.

1495 750 3609 811 rm:

1810 969 2184 1050 MONITUM.

366 1165 491 1223 quae
525 1147 744 1203 Petrum
792 1145 1177 1212 interrogabat,
1213 1142 1380 1197 [uisse
1430 1138 1766 1195 meretricem
1808 1154 1820 1190 :
1857 1151 1980 1189 cum
2015 1136 2138 1188 item
2174 1150 2368 1204 magna
2401 1131 2686 1205 contionis
2711 1146 2840 1200 pars
2893 1129 2995 1185 hac
3023 1132 3076 1184 in
3126 1145 3182 1184 re
3228 1130 3626 1199 probanda-in-

367 1222 624 1303 sumitur,
656 1237 863 1292 Heliam
899 1236 1145 1293 videlicet
1178 1236 1410 1305 graviter
1434 1245 1708 1301 peccasse,
1742 1245 1889 1301 cum,
1912 1227 2160 1282 Jezabele
2186 1243 2371 1280 necem
2396 1224 2598 1278 inim-re
2632 1225 2734 1278 sibi
2767 1233 3073 1292 qu:erente,
3102 1222 3239 1291 fugit
3268 1223 3355 1276 ille
3374 1225 3613 1291 quadam-

366 1339 515 1419 ginta
553 1337 763 1390 dierum
796 1333 988 1402 spatio.
1024 1330 1118 1385 llis
1144 1346 1244 1399 ego
1283 1329 1349 1383 de
1377 1328 1559 1383 causis
1589 1328 1729 1380 hanc
1757 1326 2035 1379 homiliam
2073 1323 2213 1376 inter
2246 1321 2462 1390 spat-ias
2493 1320 2747 1388 ablegare
2772 1310 2958 1372 Statim
3002 1317 3307 1386 cogitabam
3354 1334 3367 1369 :
3404 1324 3459 1370 at
3494 1333 3617 1370 cum

356 1408 604 1499 gaviI-us
631 1433 686 1495 et
734 1421 1115 1477 Tillemontius
1143 1419 1371 1491 γνησίαν
1423 1419 1568 1471 ilEam
1624 1432 1745 1471 esse
1783 1416 2093 1484 Opiuentur,
2130 1414 2255 1467 licet
2290 1412 2377 1466 hic
2432 1422 2741 1483 postremus
2793 1425 2903 1464 non
2944 1409 3063 1464 sine
3100 1408 3335 1477 quodam
3363 1409 3638 1479 scrupulo.

364 1534 488 1576 eam
528 1517 800 1590 germanis
830 1525 1168 1587 annumeret,
1211 1513 1344 1568 satis
1379 1494 1549 1565 habui
1572 1525 1691 1565 eam
1719 1511 1858 1564 inter
1889 1518 2174 1579 suspectas
2216 1506 2419 1561 locare.

434 1634 945 1711 interpretationem
966 1631 1226 1707 ,batina‘m
1248 1643 1450 1703 novam
1478 1626 1643 1699 edidi.

426 1749 656 1824 f(Totam
694 1751 843 1817 hanc
870 1750 1169 1821 humiliam.
1206 1750 1388 1813 multis
1419 1745 1812 1805 ontissionibns
1865 1741 2249 1808 deformatam,
2286 1757 2419 1807 cum
2455 1738 2658 1809 Savilip
2717 1738 3067 1811 contulerunt
3118 1749 3285 1808 atque
3328 1736 3635 1807 integritati

354 1842 722 1919 munierunt
751 1841 1053 1915 doctissimi
1085 1840 1300 1903 Ganme
1338 1859 1350 1893 :
1390 1855 1623 1910 quorum
1655 1854 1756 1893 nos
1781 1839 2171 1907 cortgectiones,
2203 1852 2244 1907 ,e
2273 1836 2480 1899 Savitio
2511 1841 2809 1901 mutuatas,
2834 1838 3028 1899 nostra
3057 1830 3301 1900 ipsorum
3327 1830 3631 1887 collatione

358 1939 848 2015 Δοωιουτυυειιρις,
876 1938 1209 2009 recepimus.
1241 1936 1400 1994 Ean.
1434 1934 1632 2009 Pagru.)

1318 2382 1431 2481 IN
1515 2384 1933 2476 Patrum
2017 2381 2637 2460 APOSTO-LUM

1546 2602 1629 2647 ,ΕΤ
1670 2600 1736 2647 IN
1774 2599 2009 2644 usam:
2049 2598 2446 2657 RRQPILETAH.

411 3070 475 3125 ιι.
525 3068 688 3124 Pauci
716 3067 877 3124 hodie
906 3068 1061 3125 nonis
1087 3068 1280 3125 adsunt
1309 3085 1327 3125 ς
1357 3070 1483 3142 quid
1528 3071 1580 3125 in
1622 3085 1780 3126 causa
1824 3068 1950 3126 est-?

353 3160 643 3235 Martyrum
688 3161 1002 3217 memoriam
1041 3162 1373 3217 celebramus
1398 3204 1413 3230 ,
1456 3172 1510 3218 et
1553 3178 1712 3219 nemo
1757 3163 1822 3218 ad
1851 3178 1949 3218 nos

354 3254 582 3310 accessit
611 3269 624 3307 :
653 3252 1008 3321 viaespatium
1038 3253 1090 3306 in
1121 3253 1397 3323 segnitiem
1423 3269 1517 3308 eos
1542 3253 1815 3323 coniecit?
1842 3254 1948 3308 imo

357 3363 460 3404 non
483 3347 592 3401 vite
614 3338 866 3414 spatium,
899 3344 993 3399 sed
1025 3344 1230 3414 ignavia
1250 3344 1628 3413 impedimento
1658 3343 1775 3399 l'uit.
1804 3342 1955 3399 Sicut

357 3440 494 3494 enim
539 3439 712 3491 virum
756 3436 1055 3492 studiosum
1083 3446 1139 3491 et
1164 3437 1343 3492 animo
1380 3437 1630 3492 solertem
1660 3436 1788 3491 nihil
1818 3436 1954 3492 deti-

359 3544 486 3591 nere
504 3536 716 3597 .potest,
740 3527 821 3581 ita
851 3541 1066 3597 segnem
1096 3541 1160 3582 ac
1186 3527 1468 3582 remissum
1498 3528 1675 3583 omnia
1698 3528 1956 3598 impedire

363 3626 609 3689 possunt.
655 3617 915 3689 Martyres
947 3619 1217 3687 proprium
1249 3619 1560 3689 sanguinem
1594 3634 1688 3689 pro
1733 3622 1958 3676 veritate

354 3711 636 3776 (tulerunt,
654 3717 713 3763 et
732 3719 786 3764 tu
806 3725 875 3765 ne
899 3709 1157 3763 tantillum
1181 3710 1391 3780 quidem
1415 3710 1618 3765 itineris
1636 3712 1961 3767 contemnis?

359 3801 817 3872 dlliproﬂhristo
842 3810 1003 3870 caput
1021 3799 1285 3855 dederunt
1307 3842 1321 3864 ,
1346 3810 1399 3856 et
1426 3810 1479 3856 tu
1510 3817 1576 3856 ne
1597 3811 1745 3856 extra
1773 3803 1959 3857 urbem

361 3893 585 3963 quidem
612 3907 709 3962 pro
740 3892 966 3947 Domino
989 3892 1068 3946 vis
1097 3892 1323 3963 egredi?
1352 3894 1609 3950 Dominus
1631 3910 1729 3966 pro
1749 3905 1799 3949 te
1822 3910 1963 3949 mor-

356 3994 486 4038 ituns
520 3993 613 4039 est
637 4024 652 4050 ,
683 3991 738 4037 et
775 3991 829 4037 tu
874 3997 1093 4053 segnem
1139 3999 1265 4053 erga
1294 3983 1576 4038 Dominum
1619 3992 1670 4039 te
1709 3984 1963 4040 exhibes?

366 4074 631 4132 memoria
680 4083 972 4144 martyrum
998 4074 1192 4141 adest,
1234 4084 1287 4130 tu
1316 4091 1446 4130 vero
1481 4077 1739 4132 remissus
1772 4074 1963 4147 jaccs?

365 4164 523 4221 Adsis
557 4173 787 4232 oportet,
819 4173 877 4219 ut
904 4164 1085 4218 videas
1109 4164 1377 4221 diabolum
1401 4174 1726 4236 superatum,
1762 4178 1964 4239 marty-

366 4271 483 4315 rem
512 4255 774 4311 victorem
800 4296 816 4320 ,
845 4255 1011 4310 Deum
1040 4255 1215 4325 gloria
1255 4257 1580 4312 celebratum
1602 4298 1616 4322 ,
1656 4257 1962 4312 :Ecclesiam

361 4355 700 4417 coronatam.
732 4344 836 4401 Sed
863 4345 1073 4400 illorum
1094 4346 1217 4401 haec
1241 4347 1511 4402 excusatio
1550 4356 1630 4403 est
1655 4388 1670 4413 ,
1712 4348 1967 4405 Peccator

370 4454 512 4505 sum,
541 4447 704 4510 atque
729 4437 848 4501 ideo
889 4438 1146 4493 accedere
1163 4454 1277 4493 non
1308 4454 1543 4509 possum.
1572 4439 1726 4508 Atqui
1755 4456 1815 4495 ea
1852 4439 1964 4509 ipsa

375 4532 443 4589 de
467 4547 626 4587 causa
652 4529 793 4601 quod
820 4540 1067 4601 peccator
1091 4530 1166 4585 sis
1189 4571 1204 4594 ,
1234 4532 1430 4591 accede
1454 4573 1468 4595 ,
1499 4539 1556 4584 ut
1581 4546 1648 4585 ne
1689 4531 1958 4601 a-justitia

377 4624 617 4681 excidas.
640 4623 775 4690 Quis
800 4630 978 4677 autem
1003 4621 1297 4687 hominum,
1322 4623 1411 4677 die
1439 4622 1587 4687 mihi,
1611 4623 1726 4677 sine
1751 4631 1967 4691 peccato

376 4716 498 4770 est?
526 4713 633 4773 Sed
660 4722 938 4784 propterea
964 4712 1280 4769 sacrificium
1310 4722 1365 4768 et
1399 4713 1658 4785 Ecclesia,
1678 4723 1966 4782 propterea

370 4821 565 4877 preces
585 4821 648 4864 ac
668 4804 888 4876 jejunis,
914 4805 1165 4874 quoniam
1189 4804 1351 4861 multa
1366 4812 1493 4858 sunt
1513 4804 1704 4863 animm
1727 4806 1963 4861 vulnera:

380 4898 502 4955 ideo
532 4897 698 4957 multa
727 4895 1114 4958 medicamenta
1138 4894 1437 4965 excogitata
1466 4903 1624 4958 sunt,
1682 4903 1736 4949 et
1762 4894 1827 4948 ad
1858 4895 1969 4953 sin-

373 4992 499 5064 gula
548 4991 768 5047 vulnera
812 4988 1019 5058 singula
1064 4988 1160 5059 ipsi
1203 4987 1547 5057 congruentia
1585 4988 1967 5049 mediCamenta

380 5092 503 5139 sunt
543 5092 858 5155 praeparata.
904 5082 1079 5153 Habes
1120 5080 1697 5137 Ecclesiamsacrilicia
1741 5080 1970 5151 offeren-

381 5185 487 5231 tem
513 5217 529 5241 ,
570 5177 840 5233 orationes
881 5183 1087 5243 patrum
1116 5214 1133 5239 ,
1179 5171 1689 5237 administrationem
1728 5170 1969 5240 Spiritus

381 5269 576 5335 Sancti,
603 5277 895 5341 martyrum
925 5270 1210 5331 memorias
1228 5306 1244 5332 ,
1262 5271 1579 5335 sanctorum
1600 5263 1968 5332 congregatio-

384 5372 506 5417 nem
531 5399 546 5423 .
578 5369 632 5416 et
656 5360 848 5431 similia
878 5358 1066 5424 multa,
1095 5371 1215 5426 quae
1247 5365 1297 5410 te
1323 5371 1352 5409 a
1370 5363 1596 5424 .pcccato
1618 5354 1688 5408 ad
1711 5354 1965 5423 justitiam

382 5466 635 5515 revocare
662 5451 867 5523 possint
895 5470 908 5506 :
935 5465 1041 5509 non
1067 5447 1336 5507 occessisti
1357 5446 1421 5517 ad
1442 5446 1966 5519 prcmtioncmtnar-

450 5581 523 5644 (α)
555 5581 729 5633 Collata
750 5595 860 5632 cum
873 5580 1123 5644 Codicibns
1146 5578 1293 5640 Regio
1314 5574 1454 5644 201:3,
1481 5582 1533 5625 et
1553 5575 1839 5644 colhertinis
1855 5573 1964 5644 8:;‘0,

380 5637 526 5707 3037',
549 5651 603 5693 et
621 5646 765 5701 470$,
789 5645 873 5707 qni
889 5642 1097 5707 codices
1120 5637 1252 5707 tanta
1283 5646 1379 5707 tam
1424 5638 1664 5707 incondita
1696 5644 1763 5707 et,
1785 5637 1965 5707 ittSulsa

384 5699 635 5765 proferunt
654 5699 916 5756 lectionum
958 5703 1253 5765 discrimina,
1272 5700 1329 5765 tit
1354 5712 1412 5749 ea
1449 5699 1603 5748 solum
1624 5706 1858 5751 atmotarc
1882 5700 1967 5763 jar

386 5762 546 5843 fuerit,
570 5780 682 5832 qua:
702 5766 904 5832 alicujus
925 5766 1156 5822 momenti
1181 5762 1466 5823 videbantur
1488 5774 1623 5817 esse.

2059 3083 2284 3146 tyrum;
2327 3094 2550 3151 ecquam
2598 3081 2763 3136 habes
2824 3082 3077 3136 veniam?
3113 3078 3259 3137 Nihil
3304 3095 3553 3151 asperum
3602 3080 3659 3136 in

2057 3173 2235 3227 medio
2278 3175 2504 3242 positum
2528 3182 2610 3229 est
2638 3216 2651 3240 ,
2699 3184 2750 3228 et
2784 3184 2959 3230 tamen
2988 3190 3017 3228 a
3050 3185 3346 3247 martyrum
3391 3183 3658 3228 conventu

2057 3264 2321 3319 cohibitus
2349 3266 2451 3320 es?
2502 3268 2570 3320 At
2618 3266 2891 3321 smcularis
2940 3276 2990 3322 te
3037 3281 3164 3323 cura
3212 3266 3481 3323 detinuit?
3526 3266 3660 3322 llinc

2059 3356 2233 3427 majus
2253 3356 2479 3411 crimen.
2514 3356 2589 3414 Ne
2629 3360 2844 3415 brevem
2874 3360 3087 3430 quidem
3116 3359 3306 3413 horam
3338 3358 3449 3414 Deo
3488 3356 3659 3414 foene-

2062 3449 2168 3501 rari
2197 3448 2408 3503 voluisti
2437 3491 2451 3513 ,
2481 3458 2538 3504 ut
2579 3451 2845 3523 integrum
2875 3450 3018 3505 diem
3064 3448 3386 3521 acciperes?

2131 3539 2235 3597 Cur
2270 3544 2552 3597 sacerdotes
2580 3543 2796 3614 peccatis
2838 3542 3079 3598 obnoxios
3114 3561 3219 3599 esse
3248 3541 3389 3598 Deus
3415 3542 3624 3597 voluerit
3641 3560 3661 3607 ;

2065 3631 2248 3688 Petrus
2265 3652 2474 3706 peccare
2490 3637 2812 3706 permittitur,
2836 3646 2892 3690 ut
2916 3638 3198 3691 misericors
3217 3653 3339 3710 erga
3367 3636 3495 3690 alios
3510 3645 3659 3690 esset.

2062 3759 2135 3769 ——
2173 3728 2427 3784 Peccator
2469 3744 2585 3783 sum
2611 3771 2627 3797 ,
2682 3729 3117 3800 inquies,neque
3142 3730 3193 3784 id
3238 3744 3478 3799 possum.
3527 3728 3661 3794 Quia

2063 3832 2315 3894 peccator
2342 3837 2430 3887 es,
2462 3822 2582 3876 ideo
2608 3821 2887 3891 ingredere
2919 3839 2932 3876 :
2967 3837 3034 3876 an
3065 3822 3279 3895 ignoras
3309 3822 3428 3876 illos
3456 3820 3613 3875 etiam
3642 3862 3659 3887 ,

2067 3918 2154 3988 qui
2204 3917 2354 3971 altari
2401 3916 2657 3978 adstant,
2703 3915 2935 3984 peccatis
2978 3902 3097 3969 esse
3138 3913 3443 3968 obnoxios?
3482 3911 3659 3967 Carne

2066 4016 2188 4062 sunt
2220 4005 2409 4071 induti,
2427 4014 2477 4060 et
2494 4020 2560 4061 ex
2584 4005 2840 4074 sanguine
2865 4003 3160 4069 constituti,
3177 4002 3252 4075 (a)
3271 4002 3426 4076 [elcx
3447 4001 3660 4056 ossibus

2066 4098 2351 4166 Compacti,
2383 4105 2436 4151 et
2467 4112 2565 4151 nos
2608 4096 2706 4166 ipsi
2745 4095 2940 4150 throno
2985 4094 3276 4149 insidentes
3317 4103 3371 4148 et
3399 4093 3658 4148 ducentes

2069 4191 2300 4260 peccatis
2340 4189 2638 4258 complicati
2678 4203 2884 4243 sumus.
2924 4187 3300 4243 Verumtamen
3330 4202 3432 4240 non
3461 4184 3655 4253 despe-

2069 4299 2247 4340 ramns
2275 4284 2342 4339 de
2369 4283 2730 4339 misericordia
2765 4283 2901 4353 Dei,
2953 4298 3051 4339 nec
3081 4284 3180 4354 ipsi
3219 4281 3656 4337 inhumanitatem

2068 4375 2350 4447 attigimus.
2394 4375 2592 4431 Omnes
2620 4374 2761 4429 enim
2804 4375 3047 4429 homines
3089 4388 3272 4428 sumus
3312 4371 3497 4427 iisdem
3544 4371 3657 4426 ele-

2070 4470 2261 4524 mentis
2309 4464 2606 4541 constituti]
2661 4485 2675 4522 :
2726 4482 2902 4539 neque
2953 4475 3128 4521 tamen
3202 4478 3508 4519 recusamus
3563 4463 3656 4517 do-

2070 4563 2292 4616 ctrinam
2322 4561 2616 4630 impertire,
2645 4558 2712 4614 ad
2743 4560 2834 4614 Dei
2861 4557 3199 4626 benignitatis
3226 4555 3441 4624 pelagus
3480 4555 3654 4624 respi—

2068 4659 2291 4711 cientes.
2322 4655 2429 4710 Vos
2454 4653 2668 4724 quidem
2697 4660 3005 4722 peccatores
3038 4649 3082 4703 si
3112 4646 3478 4717 ingrediamini
3500 4688 3513 4707 .
3549 4664 3653 4701 non

2071 4759 2275 4805 tantum
2304 4755 2387 4803 est
2428 4746 2631 4800 crimen
2664 4761 2678 4798 :
2713 4758 2834 4798 nam
2881 4741 2982 4795 sub
3026 4738 3305 4808 disciplina
3351 4739 3509 4798 estis;
3559 4753 3655 4791 nos

2072 4860 2199 4899 vero
2239 4850 2436 4913 quanto
2474 4839 2640 4907 magis
2670 4843 2982 4906 praestamus
3001 4831 3289 4901 dignitate,
3320 4839 3465 4883 tanto
3491 4831 3656 4899 magis

2070 4937 2243 5004 culpa:
2287 4946 2470 4987 sumus
2497 4927 2713 4984 obnoxii
2744 4944 2758 4980 :
2789 4923 2931 4979 aliud
2978 4924 3120 4977 enim
3168 4932 3252 4977 est
3293 4921 3607 4993 discipulum
3639 4961 3654 4983 ,

2071 5028 2214 5085 aliud
2259 5026 2532 5080 doctorem
2580 5034 2845 5092 peccare:
2875 5026 3109 5071 attamen
3157 5030 3263 5070 non
3307 5027 3653 5091 recusamus,

2070 5098 2139 5177 ne
2178 5116 2485 5174 humilitatis
2509 5114 2725 5169 obtentu
2747 5111 2798 5166 in
2825 5111 3101 5180 segnitiem
3123 5108 3394 5163 cadamus.
3427 5106 3494 5160 Et
3532 5104 3656 5158 illud

2070 5187 2249 5268 divina
2273 5207 2668 5279 dispensatione
2701 5202 2895 5258 factum
2926 5212 3026 5266 est,
3059 5212 3118 5256 ut
3144 5199 3448 5255 sacerdotes
3476 5197 3573 5266 ipsi
3601 5196 3654 5250 in

2072 5313 2283 5375 peccata
2328 5301 2590 5354 labantur.
2639 5296 2773 5351 Audi
2816 5292 3084 5365 quomodo
3126 5305 3213 5346 res
3257 5304 3314 5344 se
3356 5287 3568 5342 habeat.
3595 5285 3651 5375 Si

2070 5396 2314 5450 doctores
2341 5402 2395 5448 et
2424 5389 2729 5445 sacerdotes
2756 5402 2862 5441 non
2885 5391 3164 5457 pcecarent
3184 5423 3199 5447 ,
3232 5396 3404 5450 neque
3428 5376 3550 5431 vita:
3576 5377 3655 5429 at“.

2071 5488 2292 5544 fectibus
2330 5483 2549 5537 obnoxii
2578 5488 2758 5536 essent
2780 5520 2794 5544 ,
2831 5491 2955 5547 erga
2983 5474 3115 5529 alios
3142 5470 3412 5527 inhumani
3446 5468 3655 5523 veniam

2070 5579 2411 5655 peccantibus
2439 5591 2544 5633 non
2584 5575 2771 5630 darent
2803 5590 2818 5627 :
2849 5571 2970 5626 tdeo
3011 5570 3148 5624 Dens
3174 5567 3318 5637 ipsos
3354 5563 3658 5646 sacerdotes

2130 5696 2204 5759 (α)
2236 5702 2348 5753 θυῖε
2365 5693 2553 5759 uncinis
2574 5686 3053 5759 claudunturdesunt
3076 5682 3124 5733 in
3148 5680 3260 5732 Edd.
3280 5676 3442 5730 Morel.
3465 5682 3656 5728 etm-
3746 5707 3751 5711 .
3808 5704 3815 5711 .

2070 5752 2157 5811 tel".
2173 5752 2197 5823 ς’
2215 5772 2243 5808 e
2258 5752 2344 5816 Em
2356 5756 2435 5807 ilio
2458 5752 2683 5819 suppleta
2704 5759 2833 5803 sunt.
