4088 6438
517 311 620 371 του

515 451 676 511 atque
703 440 972 510 principes
1001 435 1279 496 allectibus
1307 440 1576 510 subjectos
1603 456 1722 496 esse
1749 438 1931 505 voluit,
1961 449 2019 494 ut
2044 455 2109 496 ex

515 531 628 584 suis
657 529 756 599 ipsi
791 529 993 586 morbis
1028 531 1095 586 ad
1120 531 1326 586 veniam
1353 531 1471 586 aliis
1493 529 1889 587 concedendam
1931 531 2116 586 ﬂecte-

515 635 720 677 rontttr.
751 623 912 694 Atqui
941 625 1019 679 sic
1061 639 1275 694 semper
1305 625 1442 679 Deus
1469 640 1582 680 rem
1628 624 1976 694 temperavit,
2008 639 2116 678 non

518 717 676 770 modo
707 733 867 783 nunc,
891 717 984 773 sed
1011 719 1171 773 etiam
1194 719 1320 773 olim
1346 751 1362 784 ,
1389 733 1484 774 eos
1519 719 1710 788 quibus
1738 717 2030 774 Ecclesiam
2062 725 2117 772 et

517 809 766 877 pupulum
817 811 1223 865 concrediturus
1249 820 1402 877 erat,
1435 811 1487 865 in
1519 820 1793 880 peccatum
1843 810 1945 865 labi
1995 826 2120 879 per-

513 919 544 954 ιι
571 902 675 968 isit,
702 913 756 958 ut
779 920 840 959 ex
869 905 1096 974 propriis
1117 905 1353 975 lapsibus
1375 920 1499 976 erga
1517 905 1651 960 alios
1673 905 1891 960 humani
1913 913 2115 959 essent.

515 997 570 1051 Si
601 998 741 1051 enim
775 997 874 1066 ipsi
904 1015 1009 1052 non
1034 1009 1366 1069 peccassent,
1400 999 1744 1070 peccantibus
1771 999 1978 1052 veniam
2009 1014 2114 1051 non

507 1089 820 1154 dedissent;
872 1089 966 1144 sed
1012 1089 1285 1144 iulnunani
1335 1104 1553 1159 prorsus
1597 1103 1786 1144 omnes
1815 1089 2118 1158 exegissent

511 1181 580 1232 ab
611 1179 870 1236 Ecclesia.
902 1182 1050 1249 Quod
1097 1192 1274 1237 autem
1306 1183 1379 1238 ita
1401 1197 1488 1238 res
1514 1197 1570 1237 se
1601 1182 1814 1244 haheat,
1847 1197 2021 1251 neque
2051 1196 2113 1233 ex

509 1271 812 1341 conjectura
841 1273 1026 1343 loquar
1047 1316 1060 1338 ,
1089 1290 1187 1344 age
1219 1275 1378 1329 rebits
1408 1274 1536 1345 ipsis
1559 1273 1909 1329 consideratis
1937 1274 2115 1327 dicere

505 1379 810 1436 pergamus.
843 1367 1000 1422 Petro
1028 1367 1427 1423 committenda:
1453 1377 1606 1422 erant
1633 1367 1810 1423 claves
1837 1356 2115 1443 Eeclesim,

505 1459 616 1515 imo
689 1462 866 1531 potius
908 1461 1378 1515 committebantur
1404 1461 1452 1515 ei
1497 1459 1675 1515 claves
1702 1460 1954 1515 cmlorum
1982 1502 1996 1526 ,
2032 1461 2112 1513 ei-

506 1551 735 1623 ι1ριιεψιο
757 1555 1124 1610 concredenda
1147 1564 1262 1609 erat
1285 1554 1567 1609 multitudo
1587 1555 1788 1624 populi.
1808 1553 1945 1620 Quid
1969 1554 2111 1607 enim

507 1648 583 1699 ait
609 1647 682 1700 illi
733 1648 1033 1702 Dominus?
1065 1648 1430 1719 Quodcumque
1457 1647 1692 1719 ligaveris
1722 1664 1872 1717 super
1900 1655 2108 1711 terram,

507 1738 600 1790 erit
633 1738 845 1808 ligatum
874 1750 919 1792 et
956 1741 1008 1792 in
1041 1739 1177 1794 cwlis
1204 1755 1224 1803 ;
1262 1750 1310 1792 et
1346 1740 1695 1810 quodcumque
1721 1739 1928 1793 solveris
1958 1754 2111 1807 super

509 1839 718 1894 terram,
742 1831 834 1884 erit
862 1832 1080 1884 solutum
1102 1842 1147 1886 et
1173 1833 1225 1886 in
1255 1833 1394 1887 cazlis
1425 1831 1445 1906 (
1469 1831 1655 1886 Matth.
1687 1832 1776 1886 16.
1807 1830 1873 1886 19
1904 1831 1947 1900 ).
1979 1831 2109 1885 Erat

508 1936 638 1974 vero
669 1921 859 1978 Petrus
903 1923 1174 1992 aliquanto
1201 1925 1441 1994 asperior
1468 1941 1481 1976 :
1515 1923 1654 1994 quod
1684 1923 1727 1977 si
1757 1932 1811 1979 et
1840 1922 2110 1992 impecca-

505 2013 627 2068 bilis
658 2013 862 2081 fuisset,
894 2032 1052 2086 quam
1081 2018 1290 2072 veniam
1323 2017 1557 2072 habituri
1583 2017 1807 2072 fuissent
1836 2018 1890 2082 ii,
1923 2017 2012 2086 qui
2040 2015 2108 2069 ab

501 2104 595 2159 illo
638 2103 866 2161 docendi
912 2108 1112 2163 erant?
1154 2110 1444 2180 Propterea
1481 2109 1583 2164 hoc
1629 2108 1894 2179 disposuit
1930 2107 2108 2162 divina

503 2195 694 2266 gratia,
726 2209 782 2253 ut
812 2198 863 2253 in
887 2206 1161 2270 peccatitm
1194 2193 1458 2272 quoddam
1489 2192 1770 2265 incideret,
1799 2216 1904 2271 quo
1929 2215 1993 2254 ex
2019 2191 2102 2265 iis,

501 2310 622 2362 qua:
649 2294 760 2363 ipse
792 2310 977 2364 passus
999 2294 1189 2360 fuerat,
1220 2296 1504 2351 humanior
1525 2295 1578 2350 in
1605 2295 1738 2350 alios
1768 2295 2103 2350 redderetur.

500 2389 580 2443 Ac
609 2388 887 2443 considera
936 2403 1094 2460 quem
1127 2391 1177 2443 in
1205 2397 1481 2461 peceatum
1513 2388 1618 2443 labi
1651 2387 1923 2459 permittat
1953 2406 1966 2440 :
2000 2387 2106 2442 Pe;-

497 2485 640 2535 trum
673 2473 820 2536 illum
864 2483 1229 2551 apoStolorum
1276 2484 1620 2555 coryphmum
1647 2525 1663 2548 ,
1703 2483 2105 2538 fundamentum

495 2571 772 2628 immobile
794 2615 810 2638 ,
843 2585 1045 2645 petram
1076 2592 1193 2645 quae
1219 2574 1386 2646 frangi
1419 2577 1635 2647 nequit,
1669 2575 1925 2632 Ecclesiae
1953 2575 2106 2645 prinv

495 2667 691 2734 cipem,
725 2677 936 2736 partum
965 2668 1450 2738 inexpugnabilem,
1484 2669 1671 2723 turrim
1704 2669 2101 2724 inconcussam.

496 2747 595 2812 llic
620 2759 710 2812 ille
740 2745 931 2814 Petrus
954 2770 1056 2827 est,
1084 2743 1173 2829 qui
1200 2759 1412 2814 Christo
1437 2759 1568 2815 dixit
1593 2777 1606 2814 :
1632 2758 1847 2815 Etiamsi
1866 2771 2106 2832 oportvee

497 2850 566 2903 rit
596 2862 675 2903 me
700 2849 828 2902 mori
865 2859 1025 2904 tecum
1052 2890 1066 2916 ,
1099 2868 1200 2905 non
1235 2861 1280 2904 te
1304 2852 1495 2922 negabo
1528 2851 1546 2922 (
1571 2849 1757 2904 Matth.
1796 2851 1890 2906 26.
1939 2853 2008 2907 55
2038 2853 2098 2922 );

503 2941 693 2996 Petrus
721 2943 808 3012 qui
841 2958 904 2997 ex
950 2942 1128 2998 divina
1158 2944 1483 2999 revelatione
1509 2945 1784 2998 veritatem
1821 2943 2100 3000 confessus

503 3042 582 3087 est
615 3047 627 3084 :
663 3031 738 3086 Tu
785 3050 834 3088 cs
875 3032 1103 3088 Christus
1156 3033 1320 3090 Filius
1359 3034 1456 3088 Dei
1475 3029 1909 3100 civiUlatthJG.
1938 3033 2006 3090 16
2032 3033 2096 3109 ):

498 3110 586 3181 hic
614 3127 768 3180 necte
794 3126 898 3190 illa,
923 3128 1025 3196 qua
1052 3114 1272 3182 traditus
1296 3135 1380 3182 est
1397 3125 1659 3193 Christus,
1690 3126 1960 3197 ingressus
1981 3135 2095 3182 est:

496 3221 552 3271 et
576 3221 696 3274 cuin
733 3221 902 3274 staret
945 3219 1012 3274 'ad
1062 3219 1277 3291 ignem,
1328 3229 1385 3274 ut
1414 3219 1729 3274 calefaceret
1768 3235 1827 3275 se
1852 3259 1867 3283 ,
1919 3218 2096 3291 puella

502 3302 745 3382 mundani
793 3314 1056 3368 accedens
1081 3315 1212 3368 dixit
1240 3301 1312 3369 illi
1347 3331 1361 3368 :
1394 3312 1457 3366 Et
1505 3321 1558 3367 tu
1584 3313 1692 3367 heri
1716 3330 1833 3366 cum
1863 3313 1958 3366 hoc
2004 3314 2096 3369 ho-

503 3395 638 3459 mine
680 3407 791 3458 eras
815 3421 834 3470 ,°
861 3391 1049 3461 Petrus
1090 3415 1268 3460 autem
1294 3447 1309 3470 ,
1341 3394 1464 3459 Non
1506 3405 1622 3460 novi
1663 3405 1915 3460 hominem
1961 3405 2096 3459 hunc

498 3481 1060 3569 (Matt!t.§6.69.70)-.
1095 3498 1251 3553 Modo
1287 3485 1536 3562 dicebas,
1569 3481 1784 3551 Etiamsi
1817 3497 2097 3563 oportuerit

494 3605 576 3643 me
601 3589 729 3642 mori
758 3597 920 3641 tecum
942 3604 964 3654 ;
987 3603 1130 3644 nunc
1157 3598 1334 3644 autem
1362 3602 1523 3658 negas
1551 3596 1606 3642 'et
1631 3587 1763 3642 dicis
1781 3625 1798 3654 ,
1833 3575 1954 3641 Non
1979 3588 2098 3642 novi

493 3673 747 3736 hominem
772 3680 928 3736 hunc.
960 3681 1005 3739 Ο
1026 3668 1182 3738 Petre
1209 3683 1224 3738 l
1252 3669 1474 3737 hoccine
1495 3691 1575 3736 est
1589 3673 1730 3752 quod
1749 3681 2096 3751 promiseras?

495 3775 733 3829 nondum
781 3777 1082 3838 tormenta,
1133 3764 1368 3830 nondum
1418 3763 1640 3830 verbera
1689 3783 1982 3844 expertus,
2028 3774 2097 3831 ad

495 3866 746 3936 puellulre
775 3867 960 3922 vocem
998 3864 1064 3921 ad
1096 3866 1394 3937 negandum
1425 3868 1741 3936 properasti.
1768 3859 1962 3938 Negas,
1992 3867 2096 3923 Pe-

495 3950 626 4014 tre?
655 3957 891 4015 nendum
935 3959 1205 4016 cruciatus
1227 4000 1244 4027 ,
1293 3959 1531 4014 nondum
1580 3959 1785 4030 ﬂagella
1815 4001 1830 4027 ,
1858 3960 2095 4015 nondum

495 4050 686 4121 plagas,
717 4063 822 4104 non
852 4048 1078 4116 furores,
1111 4067 1215 4104 non
1251 4052 1548 4122 principes,
1583 4067 1686 4106 non
1717 4050 1892 4123 gladia
1919 4063 2092 4120 acuta,

495 4157 602 4197 non
624 4141 840 4197 decreta
866 4141 1080 4206 emissa,
1106 4159 1211 4197 non
1233 4159 1386 4214 reges
1407 4143 1745 4209 minitantes;
1770 4161 1875 4198 non
1897 4155 2100 4201 mortes

497 4229 893 4302 ekspectautur,
927 4222 1163 4288 nendum
1193 4234 1473 4300 custodim,
1500 4249 1604 4288 non
1635 4236 1923 4306 praecipitia
1943 4277 1957 4301 ,
1989 4252 2096 4292 non

494 4332 644 4382 mare
667 4367 681 4391 ,
713 4316 950 4381 nondum
978 4317 1246 4398 quidpiam
1271 4317 1572 4398 hujusmodi
1594 4370 1608 4392 ,
1637 4339 1690 4384 et
1707 4329 1820 4399 jam
1847 4331 2050 4401 negasti
2081 4346 2096 4385 :

501 4411 625 4474 Non
674 4419 790 4474 noui
837 4419 1110 4475 hominem.
1162 4418 1371 4474 Rursus
1412 4421 1583 4490 puella
1628 4419 1694 4474 ad
1727 4421 1872 4480 illum
1904 4440 1919 4476 ς
1949 4421 2016 4476 Et
2045 4431 2101 4476 tu

496 4498 606 4565 heri
629 4519 743 4566 cum
775 4515 867 4566 hoc
909 4497 1110 4566 homine
1143 4528 1276 4566 eras.
1306 4507 1405 4567 Hic
1449 4521 1577 4567 vero
1616 4511 1683 4566 ad
1733 4512 1900 4582 ipsam
1929 4531 1942 4568 :
1978 4514 2100 4570 Non

495 4607 610 4660 no‘vi
636 4608 890 4661 hominem
915 4646 932 4673 ,
977 4623 1124 4676 quem
1163 4606 1308 4660 dicis.
1341 4604 1472 4674 Quis
1513 4615 1597 4661 est
1627 4613 1801 4660 tecum
1833 4607 2057 4678 loquens
2080 4647 2098 4678 ,

495 4700 745 4768 quoniam
783 4700 861 4754 sic
897 4699 1098 4770 negas?
1123 4697 1290 4754 Nemo
1322 4705 1389 4755 e‘x
1412 4701 1749 4763 necessariis,
1767 4700 1860 4755 sed
1886 4701 2097 4766 mulier,

502 4803 557 4844 et
580 4792 691 4863 ipsa
719 4791 957 4855 ostiaria,
988 4790 1228 4859 abjecta,
1261 4792 1466 4861 captiva
1487 4832 1502 4856 ,
1535 4792 1728 4845 nullius
1757 4792 1909 4860 pretii
1943 4809 1956 4844 :
1986 4793 2098 4862 ipsa

494 4884 643 4948 dicit,
673 4882 730 4936 et
757 4897 810 4937 tu
825 4888 987 4952 negas
1033 4882 1048 4912 ⁸
1067 4878 1090 4936 i
1109 4869 1154 4939 0
1171 4897 1257 4938 res
1281 4872 1473 4937 novasl
1499 4881 1671 4952 puella
1695 4872 1910 4936 Petrum
1927 4875 2097 4950 illum,

497 4975 752 5033 meretrix
781 4975 846 5030 ad
870 4976 1082 5030 Petrum
1100 4975 1382 5041 accedens,
1410 4975 1568 5030 ﬁdem
1601 4975 1715 5045 ejus
1735 4977 2094 5032 conturbavit.

495 5071 723 5133 Petrus,
757 5054 841 5124 illa
865 5052 1112 5122 columna
1138 5109 1153 5133 ,
1181 5066 1312 5122 illud
1343 5065 1816 5138 propugnaculum,
1846 5078 1953 5122 non
1981 5062 2103 5126 tulit

498 5165 694 5229 minas,
723 5145 818 5219 sed
837 5158 1013 5218 solum
1046 5158 1262 5230 l'oquuta
1290 5159 1378 5215 illa
1405 5170 1508 5226 est,
1537 5172 1592 5216 et
1617 5177 1877 5217 concussa
1907 5175 1990 5219 est
2017 5174 2102 5223 eo-

496 5253 678 5309 lumna
705 5295 721 5319 ,
769 5261 820 5308 et
853 5253 1024 5323 ipsum
1077 5252 1535 5322 propugnaculum
1579 5241 1888 5310 ﬂuctuahat.
1929 5256 2099 5325 Quem

496 5344 700 5410 vidisti,
729 5330 908 5410 Petre,
939 5336 998 5398 ut
1023 5331 1285 5412 negares?
1315 5343 1469 5398 vilem
1492 5345 1744 5414 puellam,
1777 5356 1828 5401 et
1855 5345 2100 5417 deSpica-

496 5436 658 5492 bilem
679 5439 949 5493 ostiariam
968 5458 981 5492 :
1001 5435 1116 5492 hmc
1139 5436 1314 5490 vidisti
1338 5446 1390 5490 et
1406 5439 1644 5510 negasti?
1662 5440 1891 5494 Rursum
1918 5443 2096 5497 tertio:

501 5526 566 5582 Et
593 5539 647 5582 tu
681 5529 787 5583 lteri
811 5546 926 5584 cum
955 5529 1049 5582 hoc
1090 5514 1293 5584 homine
1317 5545 1473 5596 eras;
1504 5538 1558 5586 et
1597 5539 1774 5586 tamen
1817 5533 1972 5588 tertio
1999 5549 2097 5589 ne-

564 5686 582 5763 ξ
599 5687 720 5763 λῇς
745 5687 1042 5763 loeu'sgapud‘
1056 5688 1265 5763 stanter.“
1273 5691 1344 5740 sic
1365 5689 1772 5763 habeturdminus
1784 5702 1930 5763 recte
1947 5707 1960 5743 :
1988 5694 2100 5763 ouis

500 5754 571 5818 est
596 5747 679 5820 me
699 5749 784 5812 qus
808 5747 896 5798 tibi
916 5747 1060 5813 dixit,
1077 5753 1218 5818 Nega
1240 5751 1265 5804 ἱ)
1472 5753 1684 5818 captiua,
1708 5752 1889 5808 nullius
1909 5747 2053 5821 pretii
2079 5747 2098 5810 ὲ

498 5819 604 5870 ipsa
628 5819 762 5868 (ιιι-ιι,
793 5820 940 5872 Δγένεα.

1229 319 1287 378 S.
1326 319 1608 377 JOANNIS
1645 314 2127 378 CllRYSOSTOill
2166 321 2486 380 ARClllEP.
2527 319 3063 386 CONSTANTINOP.
3217 309 3236 361 ί

3718 335 3805 394 ηε

2227 441 2389 510 gavit.
2437 441 2516 498 Ac
2563 441 2779 498 demum
2809 445 2979 515 ipsum
3031 439 3251 500 intuitus
3275 444 3424 502 Jesus
3456 488 3471 511 ,
3517 463 3636 518 qua:
3682 450 3807 509 diei:

2223 523 2434 587 fuerant
2459 533 2511 587 in
2539 535 2852 590 memoriam
2881 538 3150 592 revocavit
3175 555 3187 590 :
3217 554 3318 608 qua
3347 555 3401 594 re
3425 540 3692 595 intellecta
3713 558 3808 599 ete-

2225 625 2298 695 pit
2326 624 2457 681 ﬂere
2483 642 2546 680 ac
2575 629 2940 697 pmuitentiam
2967 630 3034 686 de
3067 640 3283 701 peccato
3327 647 3502 704 agere.
3547 633 3805 689 Verumta-

2223 733 2345 772 men
2409 719 2820 790 benignissimus
2877 722 3144 777 concessit
3195 723 3268 778 illi
3323 739 3547 794 peccare
3579 744 3592 778 :
3622 725 3800 785 sciebat

2221 811 2366 865 enim
2395 811 2543 866 illum
2589 822 2645 866 ut
2675 812 2946 869 hominem
2990 815 3278 869 humanum
3309 817 3578 886 quidpiam
3611 833 3801 887 passum

2221 916 2342 956 esse
2374 920 2387 955 :
2419 902 2516 958 sed
2560 904 3008 973 quemadmodum
3046 905 3154 976 jam
3184 906 3292 961 dixi
3318 946 3334 972 ,
3365 907 3466 963 hoc
3492 918 3646 977 pacto
3690 909 3804 965 illud

2221 991 2293 1047 ita
2335 993 2631 1048 institutum
2661 1010 2725 1050 ac
2756 995 2912 1051 Petro
2943 998 3261 1065 permissum
3288 1007 3370 1052 est
3398 1015 3620 1068 peccare
3641 1042 3655 1064 ,
3684 1016 3801 1070 quo-

2221 1087 2363 1141 niam
2403 1087 2451 1142 ei
2490 1089 2892 1144 concredendus
2941 1101 3068 1144 erat.
3099 1091 3324 1160 populus
3355 1093 3552 1164 multus
3577 1132 3594 1160 ,
3624 1103 3680 1147 ut
3707 1110 3799 1160 ne,

2220 1193 2437 1234 severus
2463 1195 2583 1236 cum
2611 1190 2772 1247 esset,
2808 1183 2851 1236 si
2875 1197 3068 1252 expers
3101 1183 3300 1253 peccati
3331 1183 3540 1251 fuisset,
3569 1202 3599 1240 a
3624 1200 3800 1242 conce-

2220 1271 2394 1327 dcnda
2437 1274 2688 1330 fratribus
2732 1276 2842 1330 suis
2884 1277 3039 1331 venia
3079 1276 3286 1332 alienus
3317 1278 3474 1334 foret.
3503 1279 3705 1347 Lapsus
3731 1292 3801 1336 est

2220 1362 2272 1416 in
2301 1374 2595 1432 peccatum,
2625 1375 2682 1420 ut
2708 1375 2760 1420 et
2785 1376 3061 1438 peccatum
3093 1369 3218 1423 illud
3249 1378 3302 1425 et
3327 1369 3503 1425 datam
3532 1373 3631 1426 sibi
3657 1388 3683 1425 a
3711 1373 3801 1426 θοι

2221 1455 2365 1509 mino
2412 1457 2624 1511 veniam
2664 1458 2942 1528 cogitans,
2992 1459 3113 1515 aliis
3149 1460 3309 1515 etiam
3349 1463 3562 1516 veniam
3595 1463 3799 1534 benigne

2218 1547 2574 1616 concederet,
2620 1550 2914 1605 secundum
2944 1550 3397 1622 dispensationem
3442 1555 3558 1612 Deo
3587 1572 3796 1628 congru-

2217 1653 2416 1697 entem.
2449 1641 2566 1714 lpse
2592 1645 2732 1699 enim
2762 1645 2813 1700 in
2846 1655 3120 1717 peccatum
3148 1647 3253 1702 labi
3278 1650 3573 1718 permissus
3599 1657 3696 1714 est,
3723 1649 3796 1705 cui

2217 1733 2456 1790 Ecclesia
2498 1737 2878 1793 committenda
2923 1748 3076 1806 erat,
3121 1739 3367 1794 columna
3416 1740 3796 1810 Ecclesiarum,

2173 1879 2176 1883 .
2214 1835 2400 1896 portus
2448 1827 2568 1883 lidei
2595 1869 2609 1895 ,
2642 1829 2830 1884 Petrus
2855 1829 3043 1886 doctor
3069 1832 3215 1886 orbis
3264 1847 3487 1901 peccare
3527 1833 3797 1902 permissus

2214 1928 2326 1984 est,
2357 1927 2416 1974 ut
2454 1917 2571 1974 hmc
2600 1922 2882 1990 permissio
2921 1921 3266 1979 humanitatis
3287 1934 3658 1994 argumentum
3695 1925 3798 1979 aliis

2213 2020 2623 2082 proponeretur.
2660 2012 2786 2068 Haec
2824 2025 3003 2070 autem
3032 2030 3128 2070 cur
3152 2031 3182 2069 a
3205 2031 3290 2071 me
3327 2016 3466 2070 dicta
3494 2016 3652 2070 sunt?
3679 2016 3798 2084 Quia
3833 2004 3845 2014 ’

2213 2121 2311 2160 nos
2341 2104 2649 2160 sacerdotes
2691 2106 2743 2160 in
2771 2105 2966 2162 throno
3009 2107 3261 2163 sedentes
3299 2123 3362 2163 ac
3389 2107 3646 2163 docentes
3682 2123 3796 2178 pec-

2211 2193 2344 2254 catis
2372 2194 2605 2270 colligati
2632 2215 2851 2256 sumus.
2883 2196 3087 2256 Idcirco
3127 2202 3270 2256 enim
3306 2217 3482 2271 neque
3509 2201 3692 2272 angelo
3716 2215 3798 2254 ne-

2210 2310 2315 2365 que
2344 2295 2668 2366 archangelo
2696 2295 3061 2351 concreditum
3083 2303 3166 2351 est
3193 2295 3552 2350 sacerdotium
3584 2295 3795 2367 (impec‘

2209 2389 2412 2443 cabiles
2436 2389 2632 2458 quippe
2657 2387 2821 2461 sunt)
2846 2429 2861 2454 ,
2895 2405 2962 2444 ne
2993 2404 3105 2459 pra:
3135 2389 3422 2444 severitate
3451 2397 3722 2459 peccantes
3747 2387 3795 2440 in

2210 2481 2406 2552 populo
2453 2481 2734 2537 confestim
2781 2481 3000 2537 fulmine
3053 2483 3274 2537 ferirent
3303 2499 3316 2536 :
3344 2482 3442 2538 sed
3493 2481 3688 2537 homini
3734 2495 3792 2535 ex

2211 2573 2431 2628 homine
2474 2583 2599 2628 nato
2627 2574 2946 2630 commissus
2977 2574 3062 2630 hic
3091 2573 3314 2630 thronus
3340 2583 3457 2643 est,
3501 2576 3588 2646 qui
3617 2585 3668 2630 et
3695 2575 3793 2645 ipse

2206 2649 2428 2722 libidine
2451 2666 2794 2738 peccatisque
2815 2667 3094 2737 colligatus
3116 2676 3218 2732 est,
3249 2676 3307 2722 ut
3335 2668 3378 2722 si
3404 2685 3566 2738 quem
3591 2681 3792 2736 peccans

2207 2770 2311 2812 tem
2335 2757 2620 2826 invenerit,
2645 2774 2708 2813 ex
2736 2760 2966 2830 propriis
2987 2764 3216 2829 peccatis
3239 2759 3523 2831 benignior
3547 2760 3618 2814 illi
3645 2765 3789 2813 esset.

2201 2848 2336 2904 Nam
2369 2850 2414 2904 si
2449 2850 2671 2920 angelus
2707 2860 2849 2906 esset
2885 2850 3172 2918 sacerdos,
3205 2860 3260 2906 et
3286 2852 3596 2922 quempiam
3639 2847 3789 2903 forni-

2203 2949 2384 2995 catum
2416 2941 2875 3012 deprehenderet,
2904 2957 3024 2996 cum
3055 2941 3167 3011 ipse
3195 2941 3317 2996 huic
3344 2944 3538 2998 morbo
3571 2941 3789 2995 addictus

2204 3047 2309 3088 non
2350 3043 2525 3100 esset,
2577 3035 2756 3090 statim
2790 3034 2936 3089 illum
2975 3033 3318 3090 interficeret.
3360 3033 3710 3102 Quamobrem
3747 3032 3787 3086 si

2201 3126 2423 3198 angelus
2451 3135 2770 3198 potestatem
2792 3125 3183 3182 sacerdotalem
3213 3127 3546 3197 accepisset,
3574 3141 3674 3181 non
3699 3125 3786 3178 do-

2199 3220 2406 3276 cuisset
2429 3261 2444 3285 ,
2473 3219 2567 3276 sed
2593 3220 2916 3287 occidisset,
2945 3219 3020 3275 ira
3042 3227 3372 3286 commotus,
3409 3221 3535 3291 quia
3563 3220 3670 3290 ipse
3695 3231 3784 3272 non

2202 3311 2507 3382 hujusmodi
2553 3321 2716 3368 esset.
2751 3313 3043 3382 Propterea
3088 3311 3139 3366 id
3181 3311 3384 3366 homini
3431 3310 3781 3368 concreditum

2199 3415 2304 3472 cst,
2333 3405 2426 3475 qui
2455 3415 2792 3476 peccatorqu
2820 3405 2921 3460 sibi
2952 3404 3216 3470 conscius,
3247 3412 3302 3460 et
3332 3405 3383 3458 in
3413 3404 3501 3461 his
3528 3410 3781 3474 expertus,

2198 3495 2505 3567 ignosceret
2531 3496 2893 3566 peccantibus,
2925 3511 3025 3552 nec
3049 3504 3355 3552 moveretur
3383 3495 3486 3564 ira,
3513 3511 3581 3552 ne
3607 3506 3782 3568 persys

2200 3603 2459 3660 nagogam
2487 3587 2724 3643 Ecclesia
2748 3597 2960 3642 vacaret
2978 3587 3019 3643 '.

2273 3679 2330 3734 2.
2372 3677 2580 3734 Heliam
2623 3679 2677 3733 in
2717 3687 2976 3748 peccatum
3018 3677 3241 3733 incidere
3284 3678 3518 3750 permisit
3561 3678 3710 3744 Deus,
3734 3677 3780 3731 st

2201 3775 2515 3828 mansuetior
2541 3790 2660 3846 erga
2688 3773 2818 3828 alios
2845 3782 2992 3827 esset.
3013 3802 3086 3813 —
3105 3771 3210 3828 Sed
3239 3787 3336 3828 cur
3364 3773 3415 3828 in
3439 3773 3600 3830 Petro
3621 3785 3781 3828 moror

2202 3866 2307 3922 hoc
2337 3875 2571 3922 tractans
2594 3875 2988 3935 argumentum,
3014 3881 3114 3921 nec
3133 3866 3200 3920 ad
3229 3865 3391 3921 aliam
3419 3865 3652 3923 ascendo
3676 3878 3780 3934 per-

2201 3957 2432 4015 sonam?
2479 3957 2592 4029 Age
2622 3957 2784 4013 alium
2831 3957 3165 4028 proferamus
3206 3957 3259 4012 in
3306 3957 3565 4022 medium,
3599 3957 3778 4012 lleliam

2201 4066 2398 4123 nempe
2443 4050 2780 4122 pr0phetam,
2812 4059 3085 4106 terrenum
3119 4050 3266 4106 illum
3307 4051 3580 4121 angelum,
3621 4046 3778 4104 homi-

2204 4159 2439 4214 nemque
2465 4143 2769 4198 eazlestem:
2793 4143 2942 4196 humi
2963 4142 3324 4198 ambulantem
3351 4152 3406 4199 et
3424 4143 3654 4200 caelestia
3681 4154 3780 4194 mo-

2204 4236 2508 4302 derantem,
2540 4234 2898 4290 tricubitalem
2928 4233 3199 4290 hominem
3225 4235 3532 4292 sublimiter
3552 4233 3780 4306 gradien-

2203 4336 2334 4396 tem,
2361 4327 2427 4382 ad
2455 4328 2598 4398 ipsos
2625 4324 2747 4382 cudi
2776 4324 3010 4382 fornices
3035 4325 3252 4392 elatum,
3270 4341 3529 4397 aquarum
3554 4337 3776 4398 promum

2203 4419 2461 4486 condunt,
2503 4420 2659 4487 cujus
2702 4418 2882 4488 lingua
2925 4419 3210 4474 thesaurus
3258 4434 3519 4489 aquarum
3566 4426 3692 4483 erat,
3731 4423 3775 4470 et

2203 4511 2371 4567 clavis
2399 4509 2654 4565 caelorum
2685 4525 2700 4564 :
2731 4510 2844 4578 ipse
2881 4525 3085 4580 pauper
3110 4517 3168 4566 et
3187 4509 3360 4575 dives,
3402 4510 3565 4565 idiota
3591 4519 3641 4564 et
3668 4507 3772 4578 phi-

2205 4602 2510 4674 losOphus:
2554 4616 2760 4672 pauper
2808 4601 3055 4671 quidem,
3099 4601 3222 4671 quia
3273 4601 3406 4656 nihil
3454 4600 3774 4672 possidebat;

2205 4702 2356 4758 dives
2380 4707 2582 4766 autem,
2609 4695 2734 4769 quia
2761 4698 2932 4752 nubes
2970 4697 3218 4752 imbrium
3246 4697 3298 4752 in
3347 4697 3525 4768 lingua
3553 4695 3776 4752 contine-

2204 4796 2316 4852 bat.
2361 4795 2478 4867 Ipse
2515 4808 2728 4864 quoque
2765 4793 2845 4848 sic
2883 4807 3043 4863 asper
3081 4807 3202 4863 erga
3230 4803 3540 4864 peccatores
3577 4798 3699 4852 erat,
3728 4793 3777 4838 ut

2205 4887 2494 4958 aliquando
2517 4897 2827 4956 precaretur
2857 4899 2926 4940 ne
2957 4884 3132 4955 pluvia
3163 4884 3399 4941 caderet.
3437 4885 3502 4939 Et
3525 4883 3644 4955 quid
3680 4875 3775 4932 ait?

2217 4979 2349 5036 Vivit
2377 4979 2642 5043 Dominus,
2664 4978 2709 5032 si
2737 4977 2829 5032 erit
2859 4977 3046 5046 pluvia,
3073 4977 3172 5030 nisi
3199 4993 3288 5047 per
3303 4993 3359 5031 os
3380 4994 3543 5031 meum
3568 4977 3640 5044 (5.
3662 4971 3772 5040 Reg.

2208 5072 2298 5127 t7.
2328 5072 2402 5142 1).
2442 5068 2581 5138 Quid
2615 5068 2768 5136 facis,
2817 5067 3012 5122 Helia?
3039 5066 3165 5136 quid
3212 5067 3559 5136 pronuntias?
3605 5066 3772 5118 saltem

2209 5163 2493 5220 Dominum
2522 5175 2763 5232 precare,
2789 5167 2844 5215 et
2867 5160 2944 5214 sic
2974 5159 3137 5228 imple
3161 5173 3464 5214 sermonem
3491 5176 3505 5213 :
3543 5155 3663 5210 Vivit
3687 5150 3772 5204 Do-

2207 5258 2396 5319 minus,
2427 5255 2471 5310 si
2494 5255 2590 5309 erit
2634 5253 2824 5323 pluuia,
2852 5252 2952 5306 nisi
2977 5268 3068 5321 per
3095 5268 3150 5306 os
3175 5267 3357 5305 meum.
3402 5250 3620 5307 Ubinam
3665 5248 3774 5298 sunt

2208 5349 2464 5414 haeretici,
2515 5347 2607 5419 qui
2655 5347 2861 5412 dicunt,
2914 5345 3107 5400 Filium
3170 5344 3263 5400 Dei
3316 5345 3558 5415 precari?
3604 5337 3766 5395 Infelix

2207 5443 2390 5510 homo,
2420 5441 2585 5496 miser
2609 5449 2664 5496 et
2692 5438 3004 5509 impudens:
3055 5437 3232 5493 Helias
3259 5437 3578 5508 pronuntiat,
3609 5441 3658 5485 et
3691 5427 3767 5480 Fi-

2207 5535 2311 5592 lius
2358 5533 2646 5606 precatur?
2685 5547 2876 5588 servus
2922 5531 3094 5603 jubet,
3125 5539 3181 5586 et
3209 5531 3464 5586 Dominus
3492 5524 3668 5597 rogati
3709 5527 3766 5572 ne
3810 5574 3815 5578 .

2206 5643 2390 5700 parem
2420 5625 2636 5698 quidem
2666 5625 2740 5681 illi
2767 5634 2926 5696 atque
2955 5623 3119 5678 Helia:
3151 5622 3408 5678 honorem
3450 5614 3660 5675 tribuis?
3685 5619 3764 5663 att-

2271 5760 2290 5791 ι
2325 5761 2374 5807 ιιι
2397 5756 2558 5817 sarit,
2579 5769 2627 5810 et
2649 5771 2741 5809 non
2762 5762 3028 5809 moveretur
3063 5755 3157 5818 ira,
3183 5763 3228 5807 et
3250 5769 3341 5807 non
3355 5751 3670 5807 emunirch
3690 5751 3763 5806 νεῖ

2207 5819 2336 5876 iram
2353 5819 2582 5871 Ecclesia.
3755 5875 3783 5924 )
