4088 6442
464 354 579 412 3³2⁸)

466 484 584 545 nep
616 468 697 543 vis
722 465 1221 543 aqualemflqmino
1243 472 1295 519 et
1321 477 1474 521 servo
1501 462 1810 537 dignitatem
1836 459 2051 529 largiri?

466 559 592 635 ,Nun
611 569 867 646 precatur
911 559 996 623 ille
1041 564 1407 629 nequc‘rogat,
1440 554 1533 608 sed
1577 554 1793 609 verbum
1825 549 2062 646 veritatis

467 642 700 730 λὶιῖρῑὸει,
720 661 769 706 et
792 651 980 723 calum
994 650 1214 719 'claudit.
1238 648 1341 702 Ora
1361 647 1608 716 primum,
1629 646 1799 700 Ilelia.
1815 645 1916 699 Sed
1936 642 2062 712 quid

468 736 769 821 "respondet
804 741 1016 796 Helias?
1057 741 1186 805 Novi
1220 740 1497 793 Dominum
1527 753 1702 793 meum
1728 754 1818 795 me
1844 735 2063 807 exaudi-

482 837 805 911 turu’mpsse
830 849 843 885 :
871 831 989 901 zelo
1015 840 1202 903 ,motus
1233 830 1332 884 hoc
1359 829 1515 887 facio.
1555 829 1599 885 Ο
1644 845 1755 891 rem
1797 842 1985 885 novam
2012 834 2066 880 et

480 923 844 1003 stupendam?
873 923 1045 985 vidisti
1081 923 1369 987 Dominum
1400 922 1539 976 servi
1573 920 1936 976 benevolentia
1977 934 2067 971 su-

484 1016 768 1092 peraturi)?
795 1016 1004 1079 Etenim
1028 1016 1212 1077 Helias
1240 1029 1431 1084 magno
1458 1014 1572 1069 zelo
1598 1025 1772 1069 motus
1802 1013 1898 1066 hoc
1920 1011 2063 1066 fecit.
2132 1058 2139 1063 .

485 1102 713 1183 Videbat
739 1103 882 1159 enim
923 1104 1084 1169 multa
1124 1104 1351 1169 absurda
1394 1104 1548 1158 fieri:
1582 1103 1794 1163 videbat
1836 1101 2065 1155 fornica-

486 1199 684 1252 tionem
710 1213 831 1252 cum
858 1197 1019 1251 multa
1051 1198 1250 1252 malitia
1277 1198 1635 1267 coniunctam.
1660 1196 1770 1253 Nox
1792 1202 1926 1256 crat,
1950 1209 2069 1263 qua:

487 1296 656 1362 totum
679 1289 862 1343 orbem
891 1289 1186 1359 occupabat
1216 1307 1229 1341 :
1262 1288 1430 1359 nubes
1450 1288 1763 1364 densissima
1796 1285 2070 1355 operiebat

485 1381 689 1435 onmia.
719 1379 918 1436 Omnes
948 1382 1087 1435 enim
1127 1380 1194 1435 ad
1233 1382 1431 1434 malum
1470 1381 1824 1450 prorucbant:
1860 1380 2073 1439 univcr-

485 1471 598 1529 sale
642 1470 971 1547 naufragium
998 1482 1145 1555 \erat,
1192 1487 1295 1525 non
1344 1487 1625 1540 aquarum,
1657 1471 1750 1545 sed
1801 1470 2066 1533 libidinis:

472 1548 839 1639 temperantia.
883 1548 1174 1639 eliminata,
1222 1562 1624 1631 intemperantia
1676 1560 2068 1630 triumphabat:

486 1658 656 1723 virtus
708 1657 1028 1735 pellebatur,
1059 1656 1243 1721 vitium
1293 1656 1505 1729 vigebat
1547 1672 1561 1708 :
1606 1655 1792 1719 colles,
1840 1663 2068 1719 montes,

487 1748 675 1813 saltus,
707 1749 825 1813 viae,
851 1749 1230 1819 promptuaria,
1259 1762 1354 1801 aer
1387 1746 1758 1816 polluebantur
1782 1762 1793 1796 :
1819 1744 1896 1813 sol
1932 1743 2069 1795 offu-

487 1838 758 1913 scabatur,
822 1847 965 1893 terra
1017 1838 1334 1909 ftedabatur,
1399 1839 1585 1895 caelum
1653 1835 2066 1906 despiciebatur,

488 1940 733 2007 creatura
758 1930 933 1985 omnis
978 1946 1043 1986 ex
1090 1929 1385 1983 idololatria
1433 1927 1836 1982 inlirmabatur:
1874 1941 1970 1980 ceu
2019 1924 2071 1977 in

489 2030 649 2076 nocte
695 2032 882 2087 omnes
927 2021 1300 2088 ambulabant,
1347 2035 1452 2077 non
1504 2018 1843 2075 attendentes
1893 2032 2071 2081 rerum

491 2123 740 2191 naturam
768 2130 780 2167 :
805 2114 1035 2187 lapidem
1078 2114 1346 2179 videbant,
1379 2122 1436 2168 ct
1470 2122 1529 2166 ut
1561 2114 1724 2167 Deum
1752 2111 2070 2177 adorabant:

492 2204 693 2281 lignum
735 2204 1115 2274 respiciebant,
1146 2217 1200 2258 et
1229 2205 1329 2258 hoc
1346 2204 1599 2273 similiter
1629 2203 1792 2257 Deum
1824 2217 1943 2257 esse
1975 2218 2075 2271 [δυ-τ

493 2294 694 2348 labant.
722 2293 838 2349 Nox
881 2294 1002 2349 illos
1040 2295 1356 2349 densissima
1397 2294 1691 2363 occupabat
1722 2313 1736 2347 :
1764 2293 2073 2347 Creatorem

489 2384 761 2450 videbant,
800 2392 857 2461 et
892 2395 1163 2453 creaturas
1198 2385 1508 2439 adurabant.
1542 2386 1718 2440 Helias
1756 2384 1902 2439 solus
1937 2393 2073 2450 erat,

490 2474 580 2543 qui
620 2474 889 2537 lucernam
916 2477 1125 2531 virtutis
1162 2476 1408 2540 habebat,
1440 2478 1491 2533 in
1529 2477 1863 2546 philosophia
1897 2491 1993 2531 ceu
2023 2477 2074 2529 in

492 2569 690 2621 montis
714 2569 913 2622 vertice
945 2569 1158 2635 sedens,
1181 2585 1243 2624 ac
1280 2584 1339 2623 se
1375 2584 1654 2635 exercens,
1685 2569 1829 2623 solus
1856 2568 2073 2637 lucerna

493 2657 705 2725 pietatis
735 2658 1068 2713 instructus:
1104 2660 1370 2713 neminem
1417 2668 1591 2714 tamen
1635 2657 1750 2713 bmc
1793 2659 1884 2713 lux
1925 2658 2078 2726 juva-

491 2745 603 2813 bat,
634 2747 774 2819 quod
816 2749 870 2803 in
900 2762 1093 2819 separe
1121 2750 1195 2803 illi
1225 2749 1500 2818 degerent,
1532 2759 1585 2803 et
1613 2748 1906 2803 idololatria
1934 2748 2076 2803 deti-

490 2851 766 2895 nerentur.
794 2840 1227 2896 Escandescebat
1251 2843 1425 2911 itaque
1455 2841 1654 2905 Helias,
1687 2840 2073 2907 dissecabatur,

492 2924 1087 2997 latnentabatur,'verba
1117 2931 1387 2997 fundebat,
1410 2932 1621 2986 nemine
1652 2931 1927 2998 audiente;
1955 2932 2079 2984 hor-

493 3023 707 3093 tabatur
754 3023 968 3077 nemine
1014 3023 1248 3076 animum
1307 3022 1591 3077 adhihcnte
1633 3040 1646 3076 :
1694 3022 1908 3083 demum
1961 3021 2078 3076 zelo

492 3124 816 3179 commotus,
833 3113 952 3167 illos
976 3116 1235 3184 castigare
1262 3125 1315 3168 et
1337 3115 1550 3169 erudire
1579 3115 1762 3179 voluit,
1788 3114 2076 3191 ut'tandem

493 3200 634 3257 fame
664 3203 1016 3270 tabescentes,
1047 3204 1291 3273 precibus
1329 3204 1394 3257 ad
1425 3204 1728 3275 Creatorem
1769 3204 1997 3271 adirent,
2022 3213 2080 3258 ut

495 3293 664 3347 Ibmes
688 3308 1059 3365 argumentum
1096 3296 1310 3366 pietatis
1350 3296 1453 3351 illis
1478 3306 1639 3363 esset.
1684 3296 1846 3362 Nihil,
1886 3295 2076 3364 inquit,

496 3384 617 3439 illos
639 3386 926 3464 emendare
970 3395 1164 3456 potest,
1193 3387 1293 3441 nisi
1333 3385 1539 3441 fames:
1571 3388 1649 3441 sic
1673 3387 1838 3454 enim,
1885 3386 2077 3457 inquit,

496 3477 729 3547 undique
770 3480 1028 3548 angustiis
1069 3479 1345 3542 coarctati,
1385 3478 1449 3533 ad
1495 3479 1732 3533 omnium
1767 3479 2079 3533 Creatorem

495 3569 820 3639 confugient.
846 3568 981 3637 Quid
1006 3570 1162 3640 igitur
1184 3569 1400 3624 Helias?
1431 3570 1574 3634 Vivit,
1602 3570 1786 3639 inquit,
1810 3569 2078 3634 Dominus,

496 3659 541 3713 si
568 3661 661 3712 erit
690 3660 879 3728 pluuia,
899 3660 994 3713 nisi
1025 3676 1114 3730 per
1138 3676 1193 3713 os
1220 3676 1401 3713 nicum.
1423 3660 1562 3714 Exiit
1587 3660 1859 3729 propheta:
1878 3674 2078 3728 sermo,

498 3758 554 3802 et
577 3751 752 3802 statim
784 3766 875 3802 aer
905 3760 1139 3804 mutatus
1174 3759 1277 3817 est,
1308 3752 1495 3805 caelum
1517 3766 1722 3805 teneam
1754 3751 1947 3805 factum
1976 3760 2077 3815 est,

499 3853 605 3892 non
636 3848 834 3899 mutata
859 3849 1064 3903 natura,
1094 3840 1188 3896 sed
1218 3840 1483 3896 refrenata
1513 3841 1627 3911 ejus
1650 3842 1874 3896 virtute:
1901 3841 2079 3895 statim

500 3932 764 3987 elementa
794 3934 1165 3988 transformata
1193 3944 1343 3989 sunt:
1375 3934 1564 3991 cecidit
1590 3936 1859 4005 propheta:
1877 3951 2077 4002 sermo,

497 4025 647 4093 quasi
670 4024 831 4078 febris
852 4025 1114 4096 qutedam,
1131 4027 1181 4079 in
1208 4027 1409 4081 viscera
1434 4037 1608 4092 teme,
1625 4037 1678 4081 et
1697 4030 1873 4082 omnia
1899 4030 2077 4084 statim

499 4115 899 4180 exarescebant,
951 4116 1128 4171 omnia
1172 4117 1566 4180 desolabantur,
1619 4121 1793 4173 omnia
1822 4121 2080 4175 deleban—

498 4211 620 4260 tur:
663 4206 913 4261 videbant
942 4206 1134 4262 herbas
1171 4208 1450 4263 confestim
1481 4210 1828 4276 exarefactas,
1871 4227 2078 4266 nemon

498 4297 728 4367 plantis,
759 4299 1085 4369 arboresque
1113 4308 1218 4354 tam
1247 4300 1566 4367 fructiferas,
1592 4316 1748 4371 quam
1786 4302 2080 4356 infructuo-

499 4402 608 4453 sas,
642 4405 761 4457 qua:
788 4390 842 4443 in
871 4390 1095 4458 campis,
1128 4405 1246 4460 quae
1270 4406 1457 4445 versus
1496 4408 1675 4456 mare;
1719 4394 1897 4446 omnia
1938 4394 2081 4449 illico

499 4479 661 4546 sicca,
690 4496 904 4534 omnem
936 4490 1146 4535 aetatem
1192 4483 1368 4561 anima
1416 4484 1689 4551 praeditam
1719 4484 2077 4550 deficientem,

500 4585 785 4640 puerorum
812 4572 1088 4642 gemitum,
1136 4586 1366 4628 matrum
1411 4574 1615 4641 fictum,
1653 4576 2078 4645 desperationem

499 4664 742 4717 multam.
765 4662 935 4718 Unum
958 4664 1233 4734 pmphetze
1259 4667 1478 4720 verbum
1499 4668 1649 4731 exiit,
1668 4677 1721 4721 et
1744 4668 1862 4723 vide
1882 4679 2076 4738 quanta

498 4765 777 4822 apemtum
809 4755 895 4808 sit.
912 4756 1101 4810 Omnia
1125 4756 1303 4826 itaque
1321 4758 1631 4822 interibant,
1653 4759 2078 4828 fer:e,pjumenta,

499 4845 746 4909 infantes,
782 4846 1045 4914 homines,
1069 4850 1336 4915 animalia,
1365 4850 1592 4904 volatilia
1616 4852 1791 4905 omnia
1821 4869 1833 4905 :
1869 4854 2083 4906 univcr-

499 4940 613 4993 sale
636 4939 987 5011 naufragium,
1017 4952 1070 4997 et
1105 4942 1377 4996 calamitas
1405 4952 1570 4997 totum
1599 4946 1754 4999 simul
1782 4959 2081 5014 occupave-

500 5040 583 5085 rat
606 5033 789 5087 orbem
831 5051 844 5087 :
891 5050 1049 5089 nemo
1092 5037 1425 5096 servabatur.
1454 5038 1546 5091 sed
1591 5053 1777 5093 omnes
1822 5054 2077 5110 aquarum

502 5122 722 5190 penuria
744 5122 1109 5179 moriebantur
1137 5143 1150 5180 :
1180 5128 1493 5181 arescebant
1518 5128 1727 5196 plantae.
1758 5129 1948 5193 fontes,
1982 5130 2080 5184 ﬂu-

501 5215 666 5279 mina,
710 5216 856 5270 lacus
890 5235 904 5270 :
933 5218 1110 5271 omnia
1153 5218 1384 5289 denique
1427 5221 1734 5275 interibant.
1769 5221 2079 5277 Universalc

502 5306 832 5376 naufragium
864 5317 1032 5363 totum
1055 5310 1237 5364 orbem
1268 5312 1579 5380 occupabat,
1608 5328 1715 5366 non
1742 5330 1835 5381 per
1861 5330 2075 5380 aquam,

501 5398 594 5454 sed
623 5415 716 5467 per
744 5402 989 5455 imbrium
1036 5403 1304 5470 penuriam
1342 5420 1355 5456 :
1383 5404 1569 5458 caelum
1601 5404 1814 5474 ligatum
1859 5416 1973 5459 erat
2017 5422 2080 5460 ac

502 5490 713 5557 penitus
739 5491 1106 5563 cohibebatur,
1139 5508 1458 5565 onmemth
1488 5506 1727 5559 naturam
1762 5505 2075 5559 mutaverat.

503 5577 686 5645 Omina
732 5583 905 5651 itaque
945 5585 1322 5647 moriebantur,
1353 5596 1406 5640 et
1434 5602 1530 5656 per
1575 5587 1827 5649 divinitus
1873 5589 2077 5643 immis-

504 5685 615 5723 sant
645 5675 774 5727 iram
815 5675 1092 5743 peribant:
1124 5678 1300 5732 Helias
1340 5696 1467 5747 vero
1498 5681 1623 5747 nihil
1655 5683 1868 5737 curabat
1903 5702 1914 5736 :
1963 5685 2080 5738 zelo

504 5760 646 5827 είιίω
689 5765 837 5835 quasi
879 5765 1056 5827 ebrius
1090 5781 1222 5825 erat.
1251 5770 1436 5839 Otnnis
1454 5773 1623 5847 igitur
1662 5774 1743 5829 vel
1794 5774 2072 5839 L'ittztttturtt

1560 344 1629 403 IN
1664 344 1762 401 SS.
1805 342 2080 415 PETHUM
2122 341 2206 395 ET
2239 340 2517 397 HELIAM.

3643 325 3745 397 nte

2169 466 2298 508 aetas
2344 454 2566 523 peribat.
2613 450 2747 519 Quid
2796 448 2949 519 facis.
2988 445 3185 515 _IJelia?
3231 452 3366 505 esto.
3418 443 3750 511 peccaverint

2169 547 2554 608 adolescentes,
2584 558 2680 601 cur
2723 541 2950 597 infantes
2996 534 3364 607 castigantur?
3396 544 3532 597 esto,
3556 547 3754 607 pecca-

2171 637 2343 690 verint
2391 635 2653 695 homines,
2686 647 2778 693 cur
2800 632 3036 701 iumenta
3069 627 3223 681 simul
3255 622 3590 678 moriuntur?
3637 632 3753 676 tan-

2172 734 2293 779 tane
2346 724 2675 781 ittttnanitate
2708 722 2921 785 indultu
2958 719 3054 773 es?
3100 718 3226 779 nihil
3275 730 3429 769 curas
3476 713 3751 772 homines;

2173 830 2279 881 non
2308 830 2549 883 uxorem,
2584 828 2687 883 non
2722 811 2886 875 filiam
2908 809 3118 872 .ltabes;
3165 807 3453 863 morientes
3493 804 3643 858 nihili
3678 805 3749 856 l'a-

2170 908 2297 960 cis'.
2328 904 2462 972 Quid
2485 919 2621 972 ergo
2654 903 2790 973 Deus
2813 900 2877 955 ad
2913 898 3106 955 illum?
3147 897 3302 960 Vade,
3335 896 3526 963 inquit,
3556 894 3624 946 ad
3652 895 3756 964 [lu-

2172 1015 2283 1051 men
2314 997 2583 1059 Cltorratft,
2613 1004 2656 1048 et
2694 994 2991 1062 ,prwcipipm
3028 990 3209 1051 corvis,
3247 997 3300 1040 ut
3343 998 3390 1053 te
3427 987 3646 1041 nutriant
3691 985 3757 1051 ibi

2172 1087 2250 1156 (3.
2284 1087 2407 1157 Reg.
2434 1087 2519 1138 Π.
2548 1086 2623 1153 5).
2662 1068 2916 1151 Libenter
2946 1079 3380 1149 interrogaverim
3414 1077 3660 1141 dada-um
3703 1077 3754 1131 in

2176 1177 2407 1230 taedium
2455 1176 2851 1241 adductumtut
2880 1170 3158 1233 ostendam
3199 1170 3270 1236 ei,
3316 1169 3487 1237 legem
3529 1183 3611 1229 ea,
3640 1182 3757 1235 quae

2175 1266 2308 1335 legis
2338 1275 2508 1329 erant,
2534 1264 2810 1323 evertisse,
2846 1273 2898 1316 ct
2934 1263 3098 1332 ipsam
3147 1274 3319 1330 neque
3361 1259 3458 1313 sibi
3488 1268 3754 1322 constare,

2175 1372 2347 1426 neque
2376 1365 2523 1409 recte
2558 1354 2849 1423 procedere
2875 1369 2886 1404 :
2917 1366 3086 1420 neque
3116 1352 3257 1405 enim
3291 1350 3485 1403 veritas
3505 1357 3636 1411 erat,
3662 1345 3758 1403 sed

2177 1447 2401 1505 umbra,
2460 1444 2546 1497 illa
2600 1452 2751 1496 erant
2805 1443 3007 1504 unthra,
3057 1440 3172 1493 ha:c
3212 1439 3410 1505 veritas
3466 1447 3623 1502 sunt;
3670 1436 3759 1515 ilia

2176 1538 2363 1609 figura,
2397 1535 2511 1589 Inrc
2550 1550 2641 1591 res
2684 1543 2824 1588 sunt.
2856 1532 2947 1587 Ille
2985 1546 3142 1602 quem
3185 1531 3352 1598 colis,
3406 1530 3499 1585 Hel
3522 1545 3571 1595 a,
3600 1544 3757 1599 quem

2179 1636 2458 1681 venturum
2482 1636 2778 1703 QKSpCClﬂS,
2805 1624 2871 1679 de
2899 1640 3004 1694 quo
3035 1624 3197 1677 multa
3227 1622 3386 1676 verba
3416 1621 3564 1686 facis,
3600 1636 3760 1690 quem

2177 1719 2489 1789 prOphetam
2518 1732 2697 1783 vocas,
2729 1716 2837 1780 ille,
2865 1714 3392 1785 inquam,_quomodo
3418 1730 3446 1767 a
3466 1729 3629 1767 corvo
3657 1730 3759 1779 nu-

2168 1800 2472 1866 triebatur?
2501 1826 2619 1871 nam
2644 1825 2839 1863 Corvus
2862 1808 3152 1862 secundum
3178 1806 3347 1876 legem
3380 1808 3619 1874 impurus
3645 1813 3756 1860 est:

2177 1903 2288 1971 ipsa
2345 1902 2426 1955 lex
2481 1901 2668 1953 statuit
2714 1898 2977 1969 impurum
3026 1911 3147 1953 esse
3197 1880 3435 1949 cérvum.
3486 1895 3761 1962 Quomodo

2178 1994 2335 2063 igitur
2357 1991 2611 2062 propheta
2641 1992 2707 2045 ab
2737 1989 2946 2058 impuro
2967 2002 3127 2042 corvo
3149 1986 3520 2045 nutriebatur?
3549 1986 3595 2039 si
3617 2002 3764 2038 nam-

2176 2101 2283 2155 que
2311 2085 2391 2138 lex
2423 2084 2694 2151 impurum
2726 2096 2847 2135 esse
2880 2095 3096 2134 corvum
3128 2079 3280 2141 dixit,
3303 2078 3390 2148 qui
3421 2092 3450 2131 a
3479 2092 3641 2131 corvo
3667 2092 3762 2129 nu-

2180 2177 2457 2240 triebatur,
2484 2174 2723 2241 impurus
2760 2186 2890 2226 sane
2921 2171 3099 2225 fuerit.
3136 2169 3328 2224 Verum
3353 2185 3455 2221 non
3493 2168 3561 2221 ita
3594 2183 3678 2221 res
3704 2182 3763 2221 se

2180 2266 2427 2331 habebat,
2457 2267 2630 2330 absit;
2676 2263 2770 2318 sed
2800 2261 2975 2329 llt‘lias
2999 2276 3029 2313 a
3057 2275 3218 2314 corvo
3250 2258 3599 2323 nutriebatur,
3633 2258 3762 2313 nihil

2177 2373 2383 2423 eorum,
2415 2372 2534 2427 qua:
2570 2355 2822 2408 Dominus
2863 2353 3086 2415 creavit,
3129 2352 3392 2420 impurum
3430 2351 3759 2404 existimans.

2182 2450 2400 2511 Deinde,
2430 2449 2612 2519 elapso
2639 2446 2869 2517 quodam
2910 2457 3169 2514 tempore,
3202 2458 3321 2497 cum
3355 2443 3550 2495 ﬂumen
3589 2444 3762 2496 exsic-

2178 2552 2352 2594 catum
2384 2549 2545 2599 esset,
2572 2539 2883 2608 prophetam
2912 2537 3138 2591 suscitat
3183 2526 3320 2587 Deus
3341 2533 3407 2587 ad
3450 2532 3625 2586 cibum
3671 2548 3762 2586 su-

2179 2632 2451 2685 mendum.
2486 2628 2644 2693 Vade,
2670 2609 2858 2696 inquit,
2885 2628 2939 2678 in
2968 2625 3257 2693 Sarepltt/m
3280 2623 3527 2689 Sidoniw,
3548 2631 3592 2675 et
3629 2637 3762 2690 pra:-

2178 2723 2366 2792 cipiam
2387 2721 2583 2774 mulieri
2603 2718 2786 2784 viduaz,
2810 2728 2867 2770 ut
2890 2727 2936 2772 te
2961 2716 3147 2769 nutriat
3169 2714 3274 2768 illic
3299 2714 3369 2787 (5.
3399 2714 3526 2785 Reg.
3559 2714 3644 2769 Π.
3675 2712 3763 2786 8):

2180 2813 2282 2868 hoc
2307 2821 2482 2867 autem
2514 2810 2911 2880 dispensatione
2936 2806 3166 2878 quadam
3192 2807 3331 2861 Deus
3360 2806 3604 2860 faciebat.
3632 2806 3764 2872 Quia

2179 2906 2322 2960 enim
2354 2904 2533 2959 Helias
2564 2919 2668 2957 non
2713 2909 2869 2956 norat
2893 2916 2978 2968 ea,
3007 2915 3126 2969 qute
3157 2911 3282 2954 tunc
3324 2900 3519 2953 fiebant
3548 2899 3765 2970 (quippe

2179 2998 2268 3069 qui
2316 2998 2367 3051 in
2398 3012 2505 3051 uno
2532 2996 2704 3051 solum
2736 2996 2854 3050 loco
2905 2993 3123 3049 sederet
3154 3011 3169 3048 :
3202 3009 3305 3051 nec
3356 2993 3570 3048 videbat
3619 2993 3762 3046 illam

2182 3090 2412 3144 univt'rsi
2441 3089 2585 3142 orbis
2614 3088 2993 3149 calamitatem,
3032 3085 3301 3154 quomodo
3325 3085 3503 3138 omnia
3530 3084 3762 3139 arefacta

2180 3190 2381 3247 essent,
2432 3178 2672 3250 paludes,
2721 3177 2915 3243 fontes,
2971 3176 3211 3241 ﬂumina,
3262 3177 3474 3247 planta',
3524 3178 3765 3247 arbores,

2181 3271 2382 3326 fructus
2422 3269 2635 3336 maturi,
2684 3268 2973 3335 immaturi,
3018 3269 3241 3322 arbores
3280 3268 3565 3323 fructuosa:
3600 3279 3654 3324 et
3684 3272 3766 3324 in-

2182 3364 2487 3426 fructuosa,
2517 3377 2636 3432 qua:
2666 3361 2807 3415 circa
2840 3362 3034 3425 fontes,
3057 3376 3175 3429 qua:
3201 3360 3340 3414 circa
3383 3370 3567 3436 stagna
3606 3378 3769 3431 aqua-

2183 3468 2322 3518 rum,
2345 3453 2646 3517 volucrum,
2671 3452 3035 3518 jumentorum
3067 3460 3492 3520 eteterorumque
3529 3453 3766 3506 etnnium

2182 3544 2476 3609 interitum,
2498 3544 2774 3597 infantium
2809 3552 3058 3610 mortem,
3079 3553 3305 3597 matrum
3336 3544 3589 3609 ululatus,
3613 3545 3765 3599 istam

2184 3637 2412 3691 universi
2454 3637 2598 3691 orbis
2635 3637 3051 3707 calamitatem),
3096 3637 3289 3691 excitat
3317 3638 3460 3691 illum
3508 3638 3667 3705 Deus,
3708 3649 3769 3713 et

2184 3729 2499 3782 immensum
2528 3738 2685 3782 terra:
2709 3730 2937 3798 spatium
2963 3743 3244 3800 peragrare
3260 3730 3411 3799 jubet
3436 3731 3581 3785 illinc
3601 3747 3770 3803 usque

2182 3822 2249 3876 ad
2287 3822 2567 3887 Sidonem,
2596 3830 2655 3876 ut
2682 3822 2751 3875 ita
2774 3837 2892 3876 eum
2923 3822 3148 3887 videret,
3176 3823 3442 3893 quomodo
3472 3840 3560 3878 res
3585 3829 3642 3879 se
3671 3824 3768 3878 Ita-

2182 3915 2391 3979 herent,
2424 3926 2735 3984 precaretur
2763 3915 3045 3969 Dominutn
3077 3925 3132 3969 ut
3166 3915 3319 3971 daret
3363 3917 3614 3987 pluviam.
3644 3917 3770 3972 Ideo

2184 4009 2343 4078 igitur
2368 4009 2530 4061 mittit
2558 4009 2703 4062 illum
2740 4023 2831 4077 per
2861 4017 3063 4062 tantum
3092 4009 3191 4062 vim
3221 4010 3468 4079 spatium,
3500 4025 3603 4063 non
3626 4011 3769 4079 quod

2184 4114 2289 4155 non
2329 4108 2511 4167 posset
2536 4115 2655 4152 eum
2688 4100 2796 4153 illic
2820 4099 2984 4164 alere,
3013 4099 3105 4153 sed
3129 4100 3267 4170 quod
3303 4101 3463 4168 vellet
3495 4102 3657 4156 Helia:
3683 4118 3765 4155 ca-

2183 4190 2476 4244 lamitatem
2518 4192 2658 4244 illam
2686 4190 2962 4256 exhibere,
2993 4199 3050 4244 ut
3085 4206 3182 4259 pro
3220 4191 3397 4261 pluvia
3437 4207 3620 4261 preces
3652 4192 3770 4245 fun-

2183 4283 2353 4336 deret.
2379 4283 2510 4336 Nam
2559 4291 2767 4352 poterat
2794 4282 3009 4352 quidem
3041 4282 3181 4337 Deus
3211 4283 3326 4336 sine
3377 4282 3523 4336 Helia
3556 4282 3655 4337 hoc
3693 4282 3769 4336 fa-

2183 4388 2328 4438 cere,
2354 4374 2447 4428 sed
2478 4372 2677 4427 famulo
2705 4388 2802 4427 suo
2833 4374 3000 4428 noluit
3038 4375 3414 4428 contumeliam
3460 4375 3675 4442 inferre,
3716 4383 3772 4430 et

2184 4464 2331 4518 illum
2361 4465 2509 4529 mali,
2542 4480 2599 4518 se
2631 4479 2757 4519 vero
2786 4465 2910 4519 boni
2954 4474 3225 4519 auctorem
3257 4465 3531 4530 exhibere,
3570 4466 3671 4521 ενα,
3692 4463 3770 4518 fa-

2183 4557 2311 4610 muli
2339 4558 2762 4611 obsecrationem
2799 4556 3164 4624 exspectabat.
3206 4555 3310 4609 Sed
3350 4570 3418 4609 ne
3458 4555 3526 4608 ita
3554 4556 3768 4625 quidem

2183 4647 2356 4701 adhuc
2402 4648 2490 4702 ille
2533 4648 2867 4711 flectebatur,
2915 4648 3007 4702 sed
3056 4662 3149 4701 seu
3197 4648 3495 4716 arrogantia
3540 4649 3767 4717 quadam

2185 4755 2332 4806 usus,
2385 4742 2486 4795 iter
2533 4742 2759 4812 agebat,
2813 4743 2954 4794 nulla
3006 4749 3181 4794 motus
3231 4740 3613 4809 misericordia,
3665 4758 3769 4801 nec

2183 4832 2487 4901 quempiam
2529 4848 2763 4887 curans:
2798 4850 2940 4893 nam,
2989 4843 3045 4885 ut
3088 4834 3216 4894 dixi,
3261 4835 3374 4886 zelo
3408 4835 3588 4889 ebrius
3633 4846 3767 4889 erat.

2184 4925 2292 4979 Cur
2319 4925 2538 4986 insanis,
2565 4924 2755 4978 Helia?
2804 4939 2969 4993 quare
3012 4934 3152 4991 tanta
3186 4926 3397 4979 indutus
3428 4940 3487 4977 es
3520 4926 3770 4999 inhuma-

2185 5016 2390 5070 nitate?
2415 5027 2665 5083 exspecta
2690 5015 2977 5083 paulisper,
3001 5024 3053 5067 et
3084 5016 3240 5084 paulo
3268 5027 3380 5086 post
3410 5017 3521 5085 ipse
3552 5028 3770 5085 peccato

2184 5107 2443 5161 obnoxius
2490 5106 2926 5175 deprehenderis.
2990 5106 3071 5161 Ob
3136 5096 3409 5176 peccatum
3473 5108 3766 5161 incolarum

2184 5200 2476 5254 siccitatem
2503 5199 2800 5264 advocasti,
2820 5199 3007 5251 Caelum
3029 5198 3287 5265 clausisti,
3306 5210 3499 5254 terram
3524 5198 3765 5263 frenasti,

2185 5303 2389 5344 natura:
2431 5304 2646 5344 cursum
2692 5290 2996 5356 cohibuisti,
3045 5307 3219 5361 neque
3260 5295 3337 5344 vis
3381 5306 3569 5360 rogare
3602 5292 3768 5347 Deum

2187 5396 2282 5451 pro
2309 5381 2390 5434 bis
2415 5380 2754 5435 anfercndis?
2789 5382 2935 5437 brevi
2958 5391 3011 5435 et
3034 5383 3146 5449 ipse
3179 5385 3228 5435 in
3260 5393 3480 5451 peccato
3519 5398 3639 5437 esse
3680 5400 3769 5437 re-

2185 5475 2482 5545 dargueris,
2515 5478 2829 5545 veniamque
2872 5475 3180 5545 impetrabis
3227 5490 3255 5526 a
3304 5475 3526 5529 Domino
3572 5484 3682 5542 tuo,
3714 5483 3771 5532 ut

2186 5583 2307 5635 erga
2333 5582 2620 5620 conservos
2652 5576 2769 5619 tuas
2800 5566 3081 5620 humanior
3105 5566 3320 5619 evadas.

2252 5662 2267 5691 ι
2303 5662 2375 5709 sic
2400 5660 2546 5709 habet
2574 5659 2735 5715 ειη-η..
2772 5672 2866 5708 non
2890 5672 3089 5708 uxorem
3114 5657 3257 5709 habes
3278 5657 3301 5708 ?
3323 5658 3575 5708 morientes
3596 5669 3769 5720 pueros

2188 5722 2331 5772 ttiftiii
2366 5721 2530 5783 fixis?
2565 5730 2614 5770 tu
2639 5735 2791 5783 marg.
2819 5727 2981 5783 autem
3008 5720 3205 5783 legitur,
3228 5733 3317 5769 non
3352 5734 3553 5770 uxorem
3579 5714 3720 5772 liabet
3744 5714 3770 5771 ἒ

2187 5798 2279 5835 non
2304 5782 2513 5847 pueros?
2535 5792 2578 5834 ct
2592 5797 2685 5834 non
2701 5782 2926 5833 curaturi
2948 5789 3015 5832 est
3043 5782 3103 5833 de
3126 5797 3215 5833 mo:
3231 5782 3448 5833 icutibus.
