  <div class='ocr_page' id='page_1' title='image "/cluster/home/n/w/nwhite01/storage/ocr_20150623/50:no.2:pt.2/coo.31924054869494/327.png"; bbox 0 0 4088 6442; ppageno 0'>
   <div class='ocr_carea' id='block_1_1' title="bbox 497 323 594 378">
    <p class='ocr_par' dir='ltr' id='par_1_1' title="bbox 497 323 594 378">
     <span class='ocr_line' id='line_1_1' title="bbox 497 323 594 378; baseline 0.031 -2"><span class='ocrx_word' id='word_1_1' title='bbox 497 323 594 378; x_wconf 75' lang='grc'><strong>751</strong></span> 
     </span>
    </p>
   </div>
   <div class='ocr_carea' id='block_1_2' title="bbox 556 426 2077 522">
    <p class='ocr_par' dir='ltr' id='par_1_2' title="bbox 556 438 2077 522">
     <span class='ocr_line' id='line_1_2' title="bbox 556 438 2077 522; baseline 0.014 -30"><span class='ocrx_word' id='word_1_2' title='bbox 556 438 612 492; x_wconf 78' lang='lat'><strong>5.</strong></span> <span class='ocrx_word' id='word_1_3' title='bbox 654 438 758 494; x_wconf 81' lang='lat' dir='ltr'><strong>Cur</strong></span> <span class='ocrx_word' id='word_1_4' title='bbox 783 441 1006 498; x_wconf 76' lang='lat' dir='ltr'><strong>homines</strong></span> <span class='ocrx_word' id='word_1_5' title='bbox 1031 445 1315 504; x_wconf 81' lang='lat' dir='ltr'><strong>liciiiini&#39;bits</strong></span> <span class='ocrx_word' id='word_1_6' title='bbox 1333 454 1614 522; x_wconf 75' lang='lat' dir='ltr'><strong>prwfererit</strong></span> <span class='ocrx_word' id='word_1_7' title='bbox 1643 451 1784 510; x_wconf 83' lang='lat' dir='ltr'><strong>Deus</strong></span> <span class='ocrx_word' id='word_1_8' title='bbox 1801 497 1818 514; x_wconf 81' lang='lat'><strong>.</strong></span> <span class='ocrx_word' id='word_1_9' title='bbox 1847 474 1946 510; x_wconf 89' lang='lat' dir='ltr'><strong>non</strong></span> <span class='ocrx_word' id='word_1_10' title='bbox 1969 458 2077 512; x_wconf 81' lang='lat' dir='ltr'><strong>Au-</strong></span> 
     </span>
    </p>
   </div>
   <div class='ocr_carea' id='block_1_3' title="bbox 485 531 2082 617">
    <p class='ocr_par' dir='ltr' id='par_1_3' title="bbox 485 531 2082 617">
     <span class='ocr_line' id='line_1_3' title="bbox 485 531 2082 617; baseline 0.018 -37"><span class='ocrx_word' id='word_1_11' title='bbox 485 531 647 600; x_wconf 80' lang='lat' dir='ltr'><strong>gelos.</strong></span> <span class='ocrx_word' id='word_1_12' title='bbox 675 559 744 571; x_wconf 81' lang='lat'><strong>——</strong></span> <span class='ocrx_word' id='word_1_13' title='bbox 765 533 935 591; x_wconf 85' lang='lat' dir='ltr'><strong>Hodie</strong></span> <span class='ocrx_word' id='word_1_14' title='bbox 962 539 1041 590; x_wconf 75' lang='lat' dir='ltr'><strong>bis</strong></span> <span class='ocrx_word' id='word_1_15' title='bbox 1067 539 1134 593; x_wconf 88' lang='lat' dir='ltr'><strong>de</strong></span> <span class='ocrx_word' id='word_1_16' title='bbox 1163 542 1319 596; x_wconf 98' lang='lat' dir='ltr'><strong>rebus</strong></span> <span class='ocrx_word' id='word_1_17' title='bbox 1343 561 1642 601; x_wconf 78' lang='lat' dir='ltr'><strong>sermonem</strong></span> <span class='ocrx_word' id='word_1_18' title='bbox 1661 564 1816 604; x_wconf 65' lang='lat' dir='ltr'><strong>orsus</strong></span> <span class='ocrx_word' id='word_1_19' title='bbox 1841 567 1958 606; x_wconf 87' lang='lat' dir='ltr'><strong>sum</strong></span> <span class='ocrx_word' id='word_1_20' title='bbox 1977 595 1992 617; x_wconf 91' lang='lat'><strong>,</strong></span> <span class='ocrx_word' id='word_1_21' title='bbox 2025 564 2082 608; x_wconf 92' lang='lat' dir='ltr'><strong>ut</strong></span> 
     </span>
    </p>
   </div>
   <div class='ocr_carea' id='block_1_4' title="bbox 484 623 2077 711">
    <p class='ocr_par' dir='ltr' id='par_1_4' title="bbox 484 623 2077 711">
     <span class='ocr_line' id='line_1_4' title="bbox 484 623 2077 711; baseline 0.017 -39"><span class='ocrx_word' id='word_1_22' title='bbox 484 623 849 690; x_wconf 75' lang='lat' dir='ltr'><strong>asteridercm,</strong></span> <span class='ocrx_word' id='word_1_23' title='bbox 880 628 1000 684; x_wconf 90' lang='lat' dir='ltr'><strong>ideo</strong></span> <span class='ocrx_word' id='word_1_24' title='bbox 1025 633 1355 690; x_wconf 85' lang='lat' dir='ltr'><strong>sacerdotem</strong></span> <span class='ocrx_word' id='word_1_25' title='bbox 1388 653 1493 692; x_wconf 90' lang='lat' dir='ltr'><strong>non</strong></span> <span class='ocrx_word' id='word_1_26' title='bbox 1529 653 1648 693; x_wconf 81' lang='lat' dir='ltr'><strong>esse</strong></span> <span class='ocrx_word' id='word_1_27' title='bbox 1687 643 1956 711; x_wconf 80' lang='lat' dir='ltr'><strong>angelum,</strong></span> <span class='ocrx_word' id='word_1_28' title='bbox 1985 645 2077 699; x_wconf 81' lang='lat' dir='ltr'><strong>sed</strong></span> 
     </span>
    </p>
   </div>
   <div class='ocr_carea' id='block_1_5' title="bbox 485 710 2080 802">
    <p class='ocr_par' dir='ltr' id='par_1_5' title="bbox 485 710 2080 802">
     <span class='ocr_line' id='line_1_5' title="bbox 485 710 2080 802; baseline 0.018 -37"><span class='ocrx_word' id='word_1_29' title='bbox 485 710 757 772; x_wconf 83' lang='lat' dir='ltr'><strong>hominem</strong></span> <span class='ocrx_word' id='word_1_30' title='bbox 787 735 852 774; x_wconf 80' lang='lat' dir='ltr'><strong>ex</strong></span> <span class='ocrx_word' id='word_1_31' title='bbox 881 721 1095 776; x_wconf 92' lang='lat' dir='ltr'><strong>homine</strong></span> <span class='ocrx_word' id='word_1_32' title='bbox 1125 741 1326 791; x_wconf 90' lang='lat' dir='ltr'><strong>natum,</strong></span> <span class='ocrx_word' id='word_1_33' title='bbox 1360 741 1416 784; x_wconf 93' lang='lat' dir='ltr'><strong>tit</strong></span> <span class='ocrx_word' id='word_1_34' title='bbox 1449 747 1514 785; x_wconf 90' lang='lat' dir='ltr'><strong>ne</strong></span> <span class='ocrx_word' id='word_1_35' title='bbox 1543 749 1571 786; x_wconf 90' lang='lat' dir='ltr'><strong>a</strong></span> <span class='ocrx_word' id='word_1_36' title='bbox 1605 747 1941 802; x_wconf 84' lang='lat' dir='ltr'><strong>peccatorum</strong></span> <span class='ocrx_word' id='word_1_37' title='bbox 1987 754 2080 792; x_wconf 75' lang='lat' dir='ltr'><strong>cx-</strong></span> 
     </span>
    </p>
   </div>
   <div class='ocr_carea' id='block_1_6' title="bbox 484 815 2076 884">
    <p class='ocr_par' dir='ltr' id='par_1_6' title="bbox 484 815 2076 884">
     <span class='ocr_line' id='line_1_6' title="bbox 484 815 2076 884; baseline 0.018 -27"><span class='ocrx_word' id='word_1_38' title='bbox 484 817 634 874; x_wconf 87' lang='lat' dir='ltr'><strong>perie</strong></span> <span class='ocrx_word' id='word_1_39' title='bbox 661 821 942 876; x_wconf 93' lang='lat' dir='ltr'><strong>peccantes</strong></span> <span class='ocrx_word' id='word_1_40' title='bbox 975 815 1380 872; x_wconf 78' lang='lat' dir='ltr'><strong>interficiuntur.</strong></span> <span class='ocrx_word' id='word_1_41' title='bbox 1411 821 1543 876; x_wconf 87' lang='lat' dir='ltr'><strong>Nam</strong></span> <span class='ocrx_word' id='word_1_42' title='bbox 1571 825 1614 877; x_wconf 90' lang='lat' dir='ltr'><strong>si</strong></span> <span class='ocrx_word' id='word_1_43' title='bbox 1645 827 1898 881; x_wconf 84' lang='lat' dir='ltr'><strong>sacerdos</strong></span> <span class='ocrx_word' id='word_1_44' title='bbox 1933 841 2076 884; x_wconf 80' lang='lat' dir='ltr'><strong>esset</strong></span> 
     </span>
    </p>
   </div>
   <div class='ocr_carea' id='block_1_7' title="bbox 481 898 2075 988">
    <p class='ocr_par' dir='ltr' id='par_1_7' title="bbox 481 898 2075 988">
     <span class='ocr_line' id='line_1_7' title="bbox 481 898 2075 988; baseline 0.018 -40"><span class='ocrx_word' id='word_1_45' title='bbox 481 898 704 966; x_wconf 77' lang='lat' dir='ltr'><strong>angelus</strong></span> <span class='ocrx_word' id='word_1_46' title='bbox 731 904 932 970; x_wconf 73' lang='lat' dir='ltr'><strong>peccati</strong></span> <span class='ocrx_word' id='word_1_47' title='bbox 961 921 1157 975; x_wconf 72' lang='lat' dir='ltr'><strong>expers</strong></span> <span class='ocrx_word' id='word_1_48' title='bbox 1181 950 1194 973; x_wconf 94' lang='lat'><strong>,</strong></span> <span class='ocrx_word' id='word_1_49' title='bbox 1229 921 1536 978; x_wconf 82' lang='lat' dir='ltr'><strong>peccatores</strong></span> <span class='ocrx_word' id='word_1_50' title='bbox 1570 917 1751 970; x_wconf 82' lang='lat' dir='ltr'><strong>statim</strong></span> <span class='ocrx_word' id='word_1_51' title='bbox 1784 921 2075 988; x_wconf 76' lang='lat' dir='ltr'><strong>plecteret;</strong></span> 
     </span>
    </p>
   </div>
   <div class='ocr_carea' id='block_1_8' title="bbox 481 992 2082 1068">
    <p class='ocr_par' dir='ltr' id='par_1_8' title="bbox 481 992 2082 1068">
     <span class='ocr_line' id='line_1_8' title="bbox 481 992 2082 1068; baseline 0.016 -25"><span class='ocrx_word' id='word_1_52' title='bbox 481 992 576 1044; x_wconf 83' lang='lat' dir='ltr'><strong>sed</strong></span> <span class='ocrx_word' id='word_1_53' title='bbox 609 1004 890 1063; x_wconf 88' lang='lat' dir='ltr'><strong>propterea</strong></span> <span class='ocrx_word' id='word_1_54' title='bbox 922 997 1082 1052; x_wconf 86' lang='lat' dir='ltr'><strong>homo</strong></span> <span class='ocrx_word' id='word_1_55' title='bbox 1104 1013 1206 1067; x_wconf 85' lang='lat' dir='ltr'><strong>est,</strong></span> <span class='ocrx_word' id='word_1_56' title='bbox 1233 1013 1290 1058; x_wconf 86' lang='grc' dir='ltr'><strong>ιιι</strong></span> <span class='ocrx_word' id='word_1_57' title='bbox 1327 1021 1546 1060; x_wconf 87' lang='lat' dir='ltr'><strong>suorum</strong></span> <span class='ocrx_word' id='word_1_58' title='bbox 1581 1012 1830 1065; x_wconf 81' lang='lat' dir='ltr'><strong>conscius</strong></span> <span class='ocrx_word' id='word_1_59' title='bbox 1867 1015 2082 1068; x_wconf 88' lang='lat' dir='ltr'><strong>inorbo-</strong></span> 
     </span>
    </p>
   </div>
   <div class='ocr_carea' id='block_1_9' title="bbox 479 1084 2076 1170">
    <p class='ocr_par' dir='ltr' id='par_1_9' title="bbox 479 1084 2076 1170">
     <span class='ocr_line' id='line_1_9' title="bbox 479 1084 2076 1170; baseline 0.016 -34"><span class='ocrx_word' id='word_1_60' title='bbox 479 1084 640 1148; x_wconf 79' lang='lat' dir='ltr'><strong>rom’,</strong></span> <span class='ocrx_word' id='word_1_61' title='bbox 695 1102 806 1142; x_wconf 69' lang='lat' dir='ltr'><strong>suae</strong></span> <span class='ocrx_word' id='word_1_62' title='bbox 857 1101 1063 1145; x_wconf 73' lang='lat' dir='ltr'><strong>natura:</strong></span> <span class='ocrx_word' id='word_1_63' title='bbox 1102 1098 1445 1154; x_wconf 81' lang='lat' dir='ltr'><strong>ccnsortibus</strong></span> <span class='ocrx_word' id='word_1_64' title='bbox 1491 1102 1748 1170; x_wconf 81' lang='lat' dir='ltr'><strong>ignoscat.</strong></span> <span class='ocrx_word' id='word_1_65' title='bbox 1807 1105 2076 1162; x_wconf 68' lang='lat' dir='ltr'><strong>Dechravi</strong></span> 
     </span>
    </p>
   </div>
   <div class='ocr_carea' id='block_1_10' title="bbox 479 1179 2076 1268">
    <p class='ocr_par' dir='ltr' id='par_1_10' title="bbox 479 1179 2076 1268">
     <span class='ocr_line' id='line_1_10' title="bbox 479 1179 2076 1268; baseline 0.022 -49"><span class='ocrx_word' id='word_1_66' title='bbox 479 1183 684 1242; x_wconf 85' lang='lat' dir='ltr'><strong>postea,</strong></span> <span class='ocrx_word' id='word_1_67' title='bbox 739 1179 902 1234; x_wconf 82' lang='lat' dir='ltr'><strong>Deum</strong></span> <span class='ocrx_word' id='word_1_68' title='bbox 943 1199 1162 1253; x_wconf 84' lang='lat' dir='ltr'><strong>magnos</strong></span> <span class='ocrx_word' id='word_1_69' title='bbox 1193 1189 1352 1242; x_wconf 85' lang='lat' dir='ltr'><strong>etiam</strong></span> <span class='ocrx_word' id='word_1_70' title='bbox 1396 1191 1558 1256; x_wconf 79' lang='lat' dir='ltr'><strong>viros,</strong></span> <span class='ocrx_word' id='word_1_71' title='bbox 1585 1194 1779 1262; x_wconf 84' lang='lat' dir='ltr'><strong>quibus</strong></span> <span class='ocrx_word' id='word_1_72' title='bbox 1826 1200 2076 1268; x_wconf 69' lang='lat' dir='ltr'><strong>populum</strong></span> 
     </span>
    </p>
   </div>
   <div class='ocr_carea' id='block_1_11' title="bbox 479 1266 2076 1358">
    <p class='ocr_par' dir='ltr' id='par_1_11' title="bbox 479 1266 2076 1358">
     <span class='ocr_line' id='line_1_11' title="bbox 479 1266 2076 1358; baseline 0.019 -42"><span class='ocrx_word' id='word_1_73' title='bbox 479 1266 702 1321; x_wconf 90' lang='lat' dir='ltr'><strong>multum</strong></span> <span class='ocrx_word' id='word_1_74' title='bbox 753 1275 1161 1330; x_wconf 82' lang='lat' dir='ltr'><strong>conci-editurus</strong></span> <span class='ocrx_word' id='word_1_75' title='bbox 1191 1290 1326 1347; x_wconf 89' lang='lat' dir='ltr'><strong>erat,</strong></span> <span class='ocrx_word' id='word_1_76' title='bbox 1361 1285 1668 1350; x_wconf 77' lang='lat' dir='ltr'><strong>permisisse</strong></span> <span class='ocrx_word' id='word_1_77' title='bbox 1711 1289 1761 1340; x_wconf 90' lang='lat' dir='ltr'><strong>in</strong></span> <span class='ocrx_word' id='word_1_78' title='bbox 1802 1300 2076 1358; x_wconf 88' lang='lat' dir='ltr'><strong>peccatum</strong></span> 
     </span>
    </p>
   </div>
   <div class='ocr_carea' id='block_1_12' title="bbox 478 1355 2074 1453">
    <p class='ocr_par' dir='ltr' id='par_1_12' title="bbox 478 1355 2074 1453">
     <span class='ocr_line' id='line_1_12' title="bbox 478 1355 2074 1453; baseline 0.018 -43"><span class='ocrx_word' id='word_1_79' title='bbox 478 1355 608 1423; x_wconf 83' lang='lat' dir='ltr'><strong>labi,</strong></span> <span class='ocrx_word' id='word_1_80' title='bbox 642 1359 878 1434; x_wconf 81' lang='lat' dir='ltr'><strong>ipsisque</strong></span> <span class='ocrx_word' id='word_1_81' title='bbox 909 1369 1116 1423; x_wconf 89' lang='lat' dir='ltr'><strong>veniam</strong></span> <span class='ocrx_word' id='word_1_82' title='bbox 1146 1371 1388 1442; x_wconf 80' lang='lat' dir='ltr'><strong>largituin</strong></span> <span class='ocrx_word' id='word_1_83' title='bbox 1419 1393 1540 1431; x_wconf 88' lang='lat' dir='ltr'><strong>esse</strong></span> <span class='ocrx_word' id='word_1_84' title='bbox 1565 1421 1580 1443; x_wconf 92' lang='lat'><strong>,</strong></span> <span class='ocrx_word' id='word_1_85' title='bbox 1605 1390 1659 1432; x_wconf 91' lang='lat' dir='ltr'><strong>ut</strong></span> <span class='ocrx_word' id='word_1_86' title='bbox 1689 1391 1870 1449; x_wconf 86' lang='lat' dir='ltr'><strong>postea</strong></span> <span class='ocrx_word' id='word_1_87' title='bbox 1893 1394 1946 1438; x_wconf 89' lang='lat' dir='ltr'><strong>ct</strong></span> <span class='ocrx_word' id='word_1_88' title='bbox 1977 1383 2074 1453; x_wconf 55' lang='lat' dir='ltr'><strong>ipsi</strong></span> 
     </span>
    </p>
   </div>
   <div class='ocr_carea' id='block_1_13' title="bbox 475 1450 2073 1544">
    <p class='ocr_par' dir='ltr' id='par_1_13' title="bbox 475 1450 2073 1544">
     <span class='ocr_line' id='line_1_13' title="bbox 475 1450 2073 1544; baseline 0.018 -41"><span class='ocrx_word' id='word_1_89' title='bbox 475 1465 540 1504; x_wconf 81' lang='lat' dir='ltr'><strong>ex</strong></span> <span class='ocrx_word' id='word_1_90' title='bbox 577 1450 661 1508; x_wconf 85' lang='lat' dir='ltr'><strong>his</strong></span> <span class='ocrx_word' id='word_1_91' title='bbox 699 1458 933 1527; x_wconf 90' lang='lat' dir='ltr'><strong>eruditi,</strong></span> <span class='ocrx_word' id='word_1_92' title='bbox 969 1461 1312 1522; x_wconf 85' lang='lat' dir='ltr'><strong>humaniores</strong></span> <span class='ocrx_word' id='word_1_93' title='bbox 1353 1470 1618 1526; x_wconf 83' lang='lat' dir='ltr'><strong>evadant:</strong></span> <span class='ocrx_word' id='word_1_94' title='bbox 1655 1473 1976 1544; x_wconf 82' lang='lat' dir='ltr'><strong>Petrumque</strong></span> <span class='ocrx_word' id='word_1_95' title='bbox 2022 1477 2073 1532; x_wconf 90' lang='lat' dir='ltr'><strong>in</strong></span> 
     </span>
    </p>
   </div>
   <div class='ocr_carea' id='block_1_14' title="bbox 473 1543 2073 1634">
    <p class='ocr_par' dir='ltr' id='par_1_14' title="bbox 473 1543 2073 1634">
     <span class='ocr_line' id='line_1_14' title="bbox 473 1543 2073 1634; baseline 0.017 -38"><span class='ocrx_word' id='word_1_96' title='bbox 473 1543 706 1600; x_wconf 86' lang='lat' dir='ltr'><strong>medium</strong></span> <span class='ocrx_word' id='word_1_97' title='bbox 737 1549 972 1618; x_wconf 74' lang='lat' dir='ltr'><strong>adduxi,</strong></span> <span class='ocrx_word' id='word_1_98' title='bbox 1008 1555 1165 1610; x_wconf 84' lang='lat' dir='ltr'><strong>talem</strong></span> <span class='ocrx_word' id='word_1_99' title='bbox 1208 1560 1530 1627; x_wconf 83' lang='lat' dir='ltr'><strong>apostolum,</strong></span> <span class='ocrx_word' id='word_1_100' title='bbox 1561 1564 1649 1632; x_wconf 85' lang='lat' dir='ltr'><strong>qui</strong></span> <span class='ocrx_word' id='word_1_101' title='bbox 1696 1564 1746 1618; x_wconf 91' lang='lat' dir='ltr'><strong>iu</strong></span> <span class='ocrx_word' id='word_1_102' title='bbox 1799 1577 2073 1634; x_wconf 86' lang='lat' dir='ltr'><strong>peccatum</strong></span> 
     </span>
    </p>
   </div>
   <div class='ocr_carea' id='block_1_15' title="bbox 474 1632 2075 1730">
    <p class='ocr_par' dir='ltr' id='par_1_15' title="bbox 474 1632 2075 1730">
     <span class='ocr_line' id='line_1_15' title="bbox 474 1632 2075 1730; baseline 0.019 -45"><span class='ocrx_word' id='word_1_103' title='bbox 474 1632 578 1687; x_wconf 85' lang='lat' dir='ltr'><strong>labi</strong></span> <span class='ocrx_word' id='word_1_104' title='bbox 612 1639 906 1705; x_wconf 87' lang='lat' dir='ltr'><strong>permissus</strong></span> <span class='ocrx_word' id='word_1_105' title='bbox 935 1652 1017 1696; x_wconf 90' lang='lat' dir='ltr'><strong>est</strong></span> <span class='ocrx_word' id='word_1_106' title='bbox 1041 1661 1055 1706; x_wconf 88' lang='lat'><strong>;</strong></span> <span class='ocrx_word' id='word_1_107' title='bbox 1085 1646 1179 1700; x_wconf 89' lang='lat' dir='ltr'><strong>sed</strong></span> <span class='ocrx_word' id='word_1_108' title='bbox 1209 1647 1301 1703; x_wconf 85' lang='lat' dir='ltr'><strong>Dei</strong></span> <span class='ocrx_word' id='word_1_109' title='bbox 1325 1650 1649 1720; x_wconf 82' lang='lat' dir='ltr'><strong>benignitate</strong></span> <span class='ocrx_word' id='word_1_110' title='bbox 1678 1668 1950 1725; x_wconf 85' lang='lat' dir='ltr'><strong>peccatum</strong></span> <span class='ocrx_word' id='word_1_111' title='bbox 1979 1676 2075 1730; x_wconf 90' lang='lat' dir='ltr'><strong>per</strong></span> 
     </span>
    </p>
   </div>
   <div class='ocr_carea' id='block_1_16' title="bbox 473 1728 2140 1820">
    <p class='ocr_par' dir='ltr' id='par_1_16' title="bbox 473 1728 2140 1820">
     <span class='ocr_line' id='line_1_16' title="bbox 473 1728 2140 1820; baseline 0.022 -43"><span class='ocrx_word' id='word_1_112' title='bbox 473 1728 842 1794; x_wconf 54' lang='lat' dir='ltr'><strong>paenitentiam</strong></span> <span class='ocrx_word' id='word_1_113' title='bbox 893 1734 1111 1792; x_wconf 86' lang='lat' dir='ltr'><strong>delevit.</strong></span> <span class='ocrx_word' id='word_1_114' title='bbox 1145 1742 1278 1810; x_wconf 83' lang='lat' dir='ltr'><strong>Age,</strong></span> <span class='ocrx_word' id='word_1_115' title='bbox 1313 1743 1380 1798; x_wconf 88' lang='lat' dir='ltr'><strong>ad</strong></span> <span class='ocrx_word' id='word_1_116' title='bbox 1426 1745 1630 1801; x_wconf 88' lang='lat' dir='ltr'><strong>Heliam</strong></span> <span class='ocrx_word' id='word_1_117' title='bbox 1675 1751 1991 1820; x_wconf 86' lang='lat' dir='ltr'><strong>redeamus,</strong></span> <span class='ocrx_word' id='word_1_118' title='bbox 2018 1764 2074 1812; x_wconf 86' lang='lat' dir='ltr'><strong>et</strong></span> <span class='ocrx_word' id='word_1_119' title='bbox 2133 1759 2140 1763; x_wconf 80' lang='grc'><em>’</em></span> 
     </span>
    </p>
   </div>
   <div class='ocr_carea' id='block_1_17' title="bbox 473 1821 2070 1915">
    <p class='ocr_par' dir='ltr' id='par_1_17' title="bbox 473 1821 2070 1915">
     <span class='ocr_line' id='line_1_17' title="bbox 473 1821 2070 1915; baseline 0.019 -43"><span class='ocrx_word' id='word_1_120' title='bbox 473 1829 622 1875; x_wconf 82' lang='lat' dir='ltr'><strong>recte</strong></span> <span class='ocrx_word' id='word_1_121' title='bbox 673 1821 933 1880; x_wconf 87' lang='lat' dir='ltr'><strong>factormn</strong></span> <span class='ocrx_word' id='word_1_122' title='bbox 976 1827 1092 1896; x_wconf 90' lang='lat' dir='ltr'><strong>ejus</strong></span> <span class='ocrx_word' id='word_1_123' title='bbox 1144 1833 1360 1904; x_wconf 69' lang='lat' dir='ltr'><strong>pelagus</strong></span> <span class='ocrx_word' id='word_1_124' title='bbox 1411 1841 1754 1896; x_wconf 86' lang='lat' dir='ltr'><strong>ostendamus</strong></span> <span class='ocrx_word' id='word_1_125' title='bbox 1783 1847 2070 1915; x_wconf 87' lang='lat' dir='ltr'><strong>:quouiam</strong></span> 
     </span>
    </p>
   </div>
   <div class='ocr_carea' id='block_1_18' title="bbox 471 1908 2067 1997">
    <p class='ocr_par' dir='ltr' id='par_1_18' title="bbox 471 1908 2067 1997">
     <span class='ocr_line' id='line_1_18' title="bbox 471 1908 2067 1997; baseline 0.021 -36"><span class='ocrx_word' id='word_1_126' title='bbox 471 1908 689 1966; x_wconf 74' lang='lat' dir='ltr'><strong>Volebat</strong></span> <span class='ocrx_word' id='word_1_127' title='bbox 710 1914 923 1984; x_wconf 87' lang='lat' dir='ltr'><strong>quidem</strong></span> <span class='ocrx_word' id='word_1_128' title='bbox 953 1917 1092 1976; x_wconf 90' lang='lat' dir='ltr'><strong>Deus</strong></span> <span class='ocrx_word' id='word_1_129' title='bbox 1108 1921 1436 1993; x_wconf 78' lang='lat' dir='ltr'><strong>benignitate</strong></span> <span class='ocrx_word' id='word_1_130' title='bbox 1459 1932 1552 1997; x_wconf 90' lang='lat' dir='ltr'><strong>uti,</strong></span> <span class='ocrx_word' id='word_1_131' title='bbox 1577 1934 1668 1986; x_wconf 89' lang='lat' dir='ltr'><strong>sed</strong></span> <span class='ocrx_word' id='word_1_132' title='bbox 1701 1933 1792 1989; x_wconf 91' lang='lat' dir='ltr'><strong>ille</strong></span> <span class='ocrx_word' id='word_1_133' title='bbox 1819 1908 2029 1993; x_wconf 79' lang='lat' dir='ltr'><strong>nolebat</strong></span> <span class='ocrx_word' id='word_1_134' title='bbox 2054 1957 2067 1993; x_wconf 93' lang='lat'><strong>:</strong></span> 
     </span>
    </p>
   </div>
   <div class='ocr_carea' id='block_1_19' title="bbox 470 1996 2072 2100">
    <p class='ocr_par' dir='ltr' id='par_1_19' title="bbox 470 1996 2072 2100">
     <span class='ocr_line' id='line_1_19' title="bbox 470 1996 2072 2100; baseline 0.021 -48"><span class='ocrx_word' id='word_1_135' title='bbox 470 1999 689 2056; x_wconf 81' lang='lat' dir='ltr'><strong>volebat</strong></span> <span class='ocrx_word' id='word_1_136' title='bbox 730 1996 870 2061; x_wconf 83' lang='lat' dir='ltr'><strong>Deus</strong></span> <span class='ocrx_word' id='word_1_137' title='bbox 913 2010 1142 2078; x_wconf 84' lang='lat' dir='ltr'><strong>pluviam</strong></span> <span class='ocrx_word' id='word_1_138' title='bbox 1169 2015 1317 2082; x_wconf 90' lang='lat' dir='ltr'><strong>dare,</strong></span> <span class='ocrx_word' id='word_1_139' title='bbox 1343 2020 1435 2073; x_wconf 90' lang='lat' dir='ltr'><strong>sed</strong></span> <span class='ocrx_word' id='word_1_140' title='bbox 1467 2023 1607 2076; x_wconf 80' lang='lat' dir='ltr'><strong>servi</strong></span> <span class='ocrx_word' id='word_1_141' title='bbox 1657 2040 1844 2094; x_wconf 91' lang='lat' dir='ltr'><strong>preces</strong></span> <span class='ocrx_word' id='word_1_142' title='bbox 1891 2033 2072 2100; x_wconf 84' lang='lat' dir='ltr'><strong>requi-</strong></span> 
     </span>
    </p>
   </div>
   <div class='ocr_carea' id='block_1_20' title="bbox 467 2093 2069 2189">
    <p class='ocr_par' dir='ltr' id='par_1_20' title="bbox 467 2093 2069 2189">
     <span class='ocr_line' id='line_1_20' title="bbox 467 2093 2069 2189; baseline 0.023 -45"><span class='ocrx_word' id='word_1_143' title='bbox 467 2093 644 2148; x_wconf 79' lang='lat' dir='ltr'><strong>rebat.</strong></span> <span class='ocrx_word' id='word_1_144' title='bbox 673 2095 809 2164; x_wconf 87' lang='lat' dir='ltr'><strong>Quid</strong></span> <span class='ocrx_word' id='word_1_145' title='bbox 836 2099 991 2184; x_wconf 80' lang='lat' dir='ltr'><strong>igitur</strong></span> <span class='ocrx_word' id='word_1_146' title='bbox 1014 2103 1162 2161; x_wconf 89' lang='lat' dir='ltr'><strong>?ltcr</strong></span> <span class='ocrx_word' id='word_1_147' title='bbox 1192 2110 1412 2178; x_wconf 77' lang='lat' dir='ltr'><strong>perfecit</strong></span> <span class='ocrx_word' id='word_1_148' title='bbox 1440 2123 1608 2170; x_wconf 88' lang='lat' dir='ltr'><strong>totum</strong></span> <span class='ocrx_word' id='word_1_149' title='bbox 1639 2118 1846 2189; x_wconf 82' lang='lat' dir='ltr'><strong>Helias,</strong></span> <span class='ocrx_word' id='word_1_150' title='bbox 1887 2133 1942 2178; x_wconf 92' lang='lat' dir='ltr'><strong>ct</strong></span> <span class='ocrx_word' id='word_1_151' title='bbox 1975 2141 2069 2180; x_wconf 89' lang='lat' dir='ltr'><strong>vc-</strong></span> 
     </span>
    </p>
   </div>
   <div class='ocr_carea' id='block_1_21' title="bbox 471 2179 2068 2276">
    <p class='ocr_par' dir='ltr' id='par_1_21' title="bbox 471 2179 2068 2276">
     <span class='ocr_line' id='line_1_21' title="bbox 471 2179 2068 2276; baseline 0.023 -41"><span class='ocrx_word' id='word_1_152' title='bbox 471 2184 550 2237; x_wconf 87' lang='lat' dir='ltr'><strong>nit</strong></span> <span class='ocrx_word' id='word_1_153' title='bbox 577 2185 626 2239; x_wconf 94' lang='lat' dir='ltr'><strong>in</strong></span> <span class='ocrx_word' id='word_1_154' title='bbox 654 2187 949 2260; x_wconf 72' lang='lat' dir='ltr'><strong>S-H’Cpllllla</strong></span> <span class='ocrx_word' id='word_1_155' title='bbox 971 2179 1250 2267; x_wconf 69' lang='lat' dir='ltr'><strong>Sidoniae,</strong></span> <span class='ocrx_word' id='word_1_156' title='bbox 1284 2203 1519 2276; x_wconf 76' lang='lat' dir='ltr'><strong>viditque</strong></span> <span class='ocrx_word' id='word_1_157' title='bbox 1549 2208 1758 2266; x_wconf 76' lang='lat' dir='ltr'><strong>viduam</strong></span> <span class='ocrx_word' id='word_1_158' title='bbox 1791 2215 2068 2272; x_wconf 87' lang='lat' dir='ltr'><strong>mulierem</strong></span> 
     </span>
    </p>
   </div>
   <div class='ocr_carea' id='block_1_22' title="bbox 471 2271 2073 2374">
    <p class='ocr_par' dir='ltr' id='par_1_22' title="bbox 471 2271 2073 2374">
     <span class='ocr_line' id='line_1_22' title="bbox 471 2271 2073 2374; baseline 0.024 -48"><span class='ocrx_word' id='word_1_159' title='bbox 471 2271 613 2345; x_wconf 84' lang='lat' dir='ltr'><strong>ligna</strong></span> <span class='ocrx_word' id='word_1_160' title='bbox 657 2279 1016 2352; x_wconf 82' lang='lat' dir='ltr'><strong>cnlligcutem.</strong></span> <span class='ocrx_word' id='word_1_161' title='bbox 1045 2287 1141 2344; x_wconf 92' lang='lat' dir='ltr'><strong>Hic</strong></span> <span class='ocrx_word' id='word_1_162' title='bbox 1183 2292 1313 2347; x_wconf 88' lang='lat' dir='ltr'><strong>mihi</strong></span> <span class='ocrx_word' id='word_1_163' title='bbox 1365 2297 1528 2352; x_wconf 80' lang='lat' dir='ltr'><strong>Helite</strong></span> <span class='ocrx_word' id='word_1_164' title='bbox 1583 2301 1973 2374; x_wconf 81' lang='lat' dir='ltr'><strong>philosophiam</strong></span> <span class='ocrx_word' id='word_1_165' title='bbox 2015 2315 2073 2364; x_wconf 90' lang='lat' dir='ltr'><strong>et</strong></span> 
     </span>
    </p>
   </div>
   <div class='ocr_carea' id='block_1_23' title="bbox 471 2365 2068 2468">
    <p class='ocr_par' dir='ltr' id='par_1_23' title="bbox 471 2365 2068 2468">
     <span class='ocr_line' id='line_1_23' title="bbox 471 2365 2068 2468; baseline 0.024 -50"><span class='ocrx_word' id='word_1_166' title='bbox 471 2365 630 2421; x_wconf 81' lang='lat' dir='ltr'><strong>[idem</strong></span> <span class='ocrx_word' id='word_1_167' title='bbox 662 2371 1048 2433; x_wconf 76' lang='lat' dir='ltr'><strong>animadverte.</strong></span> <span class='ocrx_word' id='word_1_168' title='bbox 1097 2379 1304 2438; x_wconf 82' lang='lat' dir='ltr'><strong>Rursus</strong></span> <span class='ocrx_word' id='word_1_169' title='bbox 1335 2401 1456 2442; x_wconf 89' lang='lat' dir='ltr'><strong>eum</strong></span> <span class='ocrx_word' id='word_1_170' title='bbox 1493 2391 1635 2446; x_wconf 85' lang='lat' dir='ltr'><strong>aliud</strong></span> <span class='ocrx_word' id='word_1_171' title='bbox 1665 2395 1878 2451; x_wconf 88' lang='lat' dir='ltr'><strong>virlutis</strong></span> <span class='ocrx_word' id='word_1_172' title='bbox 1920 2401 2068 2468; x_wconf 54' lang='lat' dir='ltr'><strong>pela.</strong></span> 
     </span>
    </p>
   </div>
   <div class='ocr_carea' id='block_1_24' title="bbox 466 2469 2069 2552">
    <p class='ocr_par' dir='ltr' id='par_1_24' title="bbox 466 2469 2069 2552">
     <span class='ocr_line' id='line_1_24' title="bbox 466 2469 2069 2552; baseline 0.022 -41"><span class='ocrx_word' id='word_1_173' title='bbox 466 2475 570 2527; x_wconf 78' lang='lat' dir='ltr'><strong>gus</strong></span> <span class='ocrx_word' id='word_1_174' title='bbox 598 2469 811 2534; x_wconf 75' lang='lat' dir='ltr'><strong>excepit</strong></span> <span class='ocrx_word' id='word_1_175' title='bbox 839 2469 878 2520; x_wconf 77' lang='grc' dir='ltr'><strong>ι.</strong></span> <span class='ocrx_word' id='word_1_176' title='bbox 903 2469 1016 2524; x_wconf 70' lang='lat' dir='ltr'><strong>Non</strong></span> <span class='ocrx_word' id='word_1_177' title='bbox 1046 2471 1179 2528; x_wconf 79' lang='lat' dir='ltr'><strong>dixit</strong></span> <span class='ocrx_word' id='word_1_178' title='bbox 1211 2476 1321 2532; x_wconf 89' lang='lat' dir='ltr'><strong>Deo</strong></span> <span class='ocrx_word' id='word_1_179' title='bbox 1348 2497 1361 2533; x_wconf 90' lang='lat'><strong>:</strong></span> <span class='ocrx_word' id='word_1_180' title='bbox 1392 2481 1471 2534; x_wconf 83' lang='lat' dir='ltr'><strong>Ad</strong></span> <span class='ocrx_word' id='word_1_181' title='bbox 1517 2499 1676 2552; x_wconf 72' lang='lat' dir='ltr'><strong>quam</strong></span> <span class='ocrx_word' id='word_1_182' title='bbox 1724 2504 1812 2543; x_wconf 89' lang='lat' dir='ltr'><strong>me</strong></span> <span class='ocrx_word' id='word_1_183' title='bbox 1861 2491 2069 2548; x_wconf 84' lang='lat' dir='ltr'><strong>mittis?</strong></span> 
     </span>
    </p>
   </div>
   <div class='ocr_carea' id='block_1_25' title="bbox 471 2559 2069 2640">
    <p class='ocr_par' dir='ltr' id='par_1_25' title="bbox 471 2559 2069 2640">
     <span class='ocr_line' id='line_1_25' title="bbox 471 2559 2069 2640; baseline 0.024 -38"><span class='ocrx_word' id='word_1_184' title='bbox 471 2559 616 2606; x_wconf 85' lang='lat' dir='ltr'><strong>tanta</strong></span> <span class='ocrx_word' id='word_1_185' title='bbox 647 2571 731 2610; x_wconf 88' lang='lat' dir='ltr'><strong>me</strong></span> <span class='ocrx_word' id='word_1_186' title='bbox 774 2559 958 2616; x_wconf 82' lang='lat' dir='ltr'><strong>subire</strong></span> <span class='ocrx_word' id='word_1_187' title='bbox 1001 2565 1148 2632; x_wconf 80' lang='lat' dir='ltr'><strong>Cogis</strong></span> <span class='ocrx_word' id='word_1_188' title='bbox 1199 2570 1472 2638; x_wconf 88' lang='lat' dir='ltr'><strong>pericula,</strong></span> <span class='ocrx_word' id='word_1_189' title='bbox 1510 2585 1564 2630; x_wconf 90' lang='lat' dir='ltr'><strong>et</strong></span> <span class='ocrx_word' id='word_1_190' title='bbox 1602 2579 1670 2632; x_wconf 87' lang='lat' dir='ltr'><strong>:id</strong></span> <span class='ocrx_word' id='word_1_191' title='bbox 1721 2581 1934 2637; x_wconf 87' lang='lat' dir='ltr'><strong>viduam</strong></span> <span class='ocrx_word' id='word_1_192' title='bbox 1981 2600 2069 2640; x_wconf 90' lang='lat' dir='ltr'><strong>me</strong></span> 
     </span>
    </p>
   </div>
   <div class='ocr_carea' id='block_1_26' title="bbox 465 2643 2066 2734">
    <p class='ocr_par' dir='ltr' id='par_1_26' title="bbox 465 2643 2066 2734">
     <span class='ocr_line' id='line_1_26' title="bbox 465 2643 2066 2734; baseline 0.025 -40"><span class='ocrx_word' id='word_1_193' title='bbox 465 2643 658 2710; x_wconf 83' lang='lat' dir='ltr'><strong>mittis,</strong></span> <span class='ocrx_word' id='word_1_194' title='bbox 709 2646 904 2704; x_wconf 81' lang='lat' dir='ltr'><strong>famem</strong></span> <span class='ocrx_word' id='word_1_195' title='bbox 954 2653 1019 2708; x_wconf 89' lang='lat' dir='ltr'><strong>ad</strong></span> <span class='ocrx_word' id='word_1_196' title='bbox 1065 2663 1406 2716; x_wconf 76' lang='lat' dir='ltr'><strong>extremm?</strong></span> <span class='ocrx_word' id='word_1_197' title='bbox 1442 2680 1620 2723; x_wconf 89' lang='lat' dir='ltr'><strong>annon</strong></span> <span class='ocrx_word' id='word_1_198' title='bbox 1669 2681 1796 2727; x_wconf 88' lang='lat' dir='ltr'><strong>sunt</strong></span> <span class='ocrx_word' id='word_1_199' title='bbox 1834 2677 1933 2731; x_wconf 92' lang='lat' dir='ltr'><strong>viri</strong></span> <span class='ocrx_word' id='word_1_200' title='bbox 1975 2679 2066 2734; x_wconf 87' lang='lat' dir='ltr'><strong>alii</strong></span> 
     </span>
    </p>
   </div>
   <div class='ocr_carea' id='block_1_27' title="bbox 466 2735 2127 2828">
    <p class='ocr_par' dir='ltr' id='par_1_27' title="bbox 466 2735 2127 2828">
     <span class='ocr_line' id='line_1_27' title="bbox 466 2735 2127 2828; baseline 0.026 -41"><span class='ocrx_word' id='word_1_201' title='bbox 466 2735 867 2805; x_wconf 82' lang='lat' dir='ltr'><strong>upuleutiorcs,</strong></span> <span class='ocrx_word' id='word_1_202' title='bbox 903 2746 990 2812; x_wconf 94' lang='lat' dir='ltr'><strong>qui</strong></span> <span class='ocrx_word' id='word_1_203' title='bbox 1024 2761 1247 2815; x_wconf 87' lang='lat' dir='ltr'><strong>possunt</strong></span> <span class='ocrx_word' id='word_1_204' title='bbox 1275 2751 1468 2810; x_wconf 82' lang='lat' dir='ltr'><strong>famem</strong></span> <span class='ocrx_word' id='word_1_205' title='bbox 1500 2758 1680 2818; x_wconf 84' lang='lat' dir='ltr'><strong>levare</strong></span> <span class='ocrx_word' id='word_1_206' title='bbox 1709 2769 1928 2824; x_wconf 87' lang='lat' dir='ltr'><strong>meam?</strong></span> <span class='ocrx_word' id='word_1_207' title='bbox 1971 2773 2066 2828; x_wconf 93' lang='lat' dir='ltr'><strong>sed</strong></span> <span class='ocrx_word' id='word_1_208' title='bbox 2121 2765 2127 2770; x_wconf 59' lang='grc'><strong>’</strong></span> 
     </span>
    </p>
   </div>
   <div class='ocr_carea' id='block_1_28' title="bbox 467 2835 2068 2930">
    <p class='ocr_par' dir='ltr' id='par_1_28' title="bbox 467 2835 2068 2930">
     <span class='ocr_line' id='line_1_28' title="bbox 467 2835 2068 2930; baseline 0.026 -52"><span class='ocrx_word' id='word_1_209' title='bbox 467 2835 612 2880; x_wconf 88' lang='lat' dir='ltr'><strong>tanta</strong></span> <span class='ocrx_word' id='word_1_210' title='bbox 641 2839 902 2888; x_wconf 88' lang='lat' dir='ltr'><strong>terrarum</strong></span> <span class='ocrx_word' id='word_1_211' title='bbox 935 2839 1104 2905; x_wconf 78' lang='lat' dir='ltr'><strong>spatia</strong></span> <span class='ocrx_word' id='word_1_212' title='bbox 1131 2855 1375 2914; x_wconf 85' lang='lat' dir='ltr'><strong>peragro,</strong></span> <span class='ocrx_word' id='word_1_213' title='bbox 1405 2857 1462 2903; x_wconf 91' lang='lat' dir='ltr'><strong>ut</strong></span> <span class='ocrx_word' id='word_1_214' title='bbox 1505 2851 1572 2906; x_wconf 90' lang='lat' dir='ltr'><strong>ad</strong></span> <span class='ocrx_word' id='word_1_215' title='bbox 1619 2855 1830 2912; x_wconf 78' lang='lat' dir='ltr'><strong>viduam</strong></span> <span class='ocrx_word' id='word_1_216' title='bbox 1877 2876 2068 2930; x_wconf 89' lang='lat' dir='ltr'><strong>perve-</strong></span> 
     </span>
    </p>
   </div>
   <div class='ocr_carea' id='block_1_29' title="bbox 470 2919 2066 3012">
    <p class='ocr_par' dir='ltr' id='par_1_29' title="bbox 470 2919 2066 3012">
     <span class='ocr_line' id='line_1_29' title="bbox 470 2919 2066 3012; baseline 0.024 -39"><span class='ocrx_word' id='word_1_217' title='bbox 470 2919 653 2986; x_wconf 91' lang='lat' dir='ltr'><strong>niam,</strong></span> <span class='ocrx_word' id='word_1_218' title='bbox 681 2925 746 2977; x_wconf 89' lang='lat' dir='ltr'><strong>:id</strong></span> <span class='ocrx_word' id='word_1_219' title='bbox 796 2927 964 2998; x_wconf 85' lang='lat' dir='ltr'><strong>ipsam</strong></span> <span class='ocrx_word' id='word_1_220' title='bbox 997 2933 1259 2989; x_wconf 90' lang='lat' dir='ltr'><strong>malorum</strong></span> <span class='ocrx_word' id='word_1_221' title='bbox 1289 2940 1646 3000; x_wconf 86' lang='lat' dir='ltr'><strong>calamitatem</strong></span> <span class='ocrx_word' id='word_1_222' title='bbox 1675 2965 1814 3012; x_wconf 88' lang='lat' dir='ltr'><strong>;ncc</strong></span> <span class='ocrx_word' id='word_1_223' title='bbox 1862 2963 2066 3011; x_wconf 88' lang='lat' dir='ltr'><strong>tantum</strong></span> 
     </span>
    </p>
   </div>
   <div class='ocr_carea' id='block_1_30' title="bbox 467 3013 2066 3119">
    <p class='ocr_par' dir='ltr' id='par_1_30' title="bbox 467 3013 2066 3119">
     <span class='ocr_line' id='line_1_30' title="bbox 467 3013 2066 3119; baseline 0.026 -54"><span class='ocrx_word' id='word_1_224' title='bbox 467 3013 704 3084; x_wconf 79' lang='lat' dir='ltr'><strong>viduam,</strong></span> <span class='ocrx_word' id='word_1_225' title='bbox 734 3019 1018 3119; x_wconf 65' lang='lat' dir='ltr'><strong>sed.ctiaiu</strong></span> <span class='ocrx_word' id='word_1_226' title='bbox 1053 3033 1430 3098; x_wconf 85' lang='lat' dir='ltr'><strong>pauperculam</strong></span> <span class='ocrx_word' id='word_1_227' title='bbox 1457 3036 1882 3102; x_wconf 81' lang='lat' dir='ltr'><strong>?Auiniadvertc</strong></span> <span class='ocrx_word' id='word_1_228' title='bbox 1921 3049 2066 3119; x_wconf 82' lang='lat' dir='ltr'><strong>quod</strong></span> 
     </span>
    </p>
   </div>
   <div class='ocr_carea' id='block_1_31' title="bbox 466 3092 2062 3209">
    <p class='ocr_par' dir='ltr' id='par_1_31' title="bbox 466 3092 2062 3209">
     <span class='ocr_line' id='line_1_31' title="bbox 1053 3092 2062 3119; baseline 0.023 -35"><span class='ocrx_word' id='word_1_229' title='bbox 1053 3092 1066 3096; x_wconf 96' lang='lat'>_</span> <span class='ocrx_word' id='word_1_230' title='bbox 1161 3092 1172 3098; x_wconf 90' lang='lat'>_</span> <span class='ocrx_word' id='word_1_231' title='bbox 1613 3092 1882 3102; x_wconf 16' lang='lat' dir='ltr'><strong>om.-.“</strong></span> <span class='ocrx_word' id='word_1_232' title='bbox 1921 3092 2062 3119; x_wconf 66' lang='grc' dir='ltr'><strong>..νων</strong></span> 
     </span>
     <span class='ocr_line' id='line_1_32' title="bbox 466 3092 2062 3209; baseline 0.024 -50"><span class='ocrx_word' id='word_1_233' title='bbox 466 3107 598 3163; x_wconf 91' lang='lat' dir='ltr'><strong>nihil</strong></span> <span class='ocrx_word' id='word_1_234' title='bbox 651 3092 851 3168; x_wconf 67' lang='lat' dir='ltr'><strong>llOl‘llll</strong></span> <span class='ocrx_word' id='word_1_235' title='bbox 885 3117 1030 3174; x_wconf 82' lang='lat' dir='ltr'><strong>dicat</strong></span> <span class='ocrx_word' id='word_1_236' title='bbox 1072 3121 1338 3194; x_wconf 90' lang='lat' dir='ltr'><strong>famulus;</strong></span> <span class='ocrx_word' id='word_1_237' title='bbox 1371 3126 1568 3186; x_wconf 74' lang='lat' dir='ltr'><strong>fidebat</strong></span> <span class='ocrx_word' id='word_1_238' title='bbox 1605 3135 1746 3189; x_wconf 85' lang='lat' dir='ltr'><strong>enim</strong></span> <span class='ocrx_word' id='word_1_239' title='bbox 1803 3138 2062 3209; x_wconf 89' lang='lat' dir='ltr'><strong>Domino,</strong></span> 
     </span>
    </p>
   </div>
   <div class='ocr_carea' id='block_1_32' title="bbox 463 3199 2059 3293">
    <p class='ocr_par' dir='ltr' id='par_1_32' title="bbox 463 3199 2059 3293">
     <span class='ocr_line' id='line_1_33' title="bbox 463 3199 2059 3293; baseline 0.023 -41"><span class='ocrx_word' id='word_1_240' title='bbox 463 3199 556 3269; x_wconf 88' lang='lat' dir='ltr'><strong>qui</strong></span> <span class='ocrx_word' id='word_1_241' title='bbox 585 3217 668 3268; x_wconf 90' lang='lat' dir='ltr'><strong>ca,</strong></span> <span class='ocrx_word' id='word_1_242' title='bbox 699 3220 816 3275; x_wconf 82' lang='lat' dir='ltr'><strong>qua:</strong></span> <span class='ocrx_word' id='word_1_243' title='bbox 845 3210 955 3264; x_wconf 85' lang='lat' dir='ltr'><strong>lieri</strong></span> <span class='ocrx_word' id='word_1_244' title='bbox 990 3228 1094 3267; x_wconf 90' lang='lat' dir='ltr'><strong>non</strong></span> <span class='ocrx_word' id='word_1_245' title='bbox 1145 3231 1302 3286; x_wconf 84' lang='lat' dir='ltr'><strong>posse</strong></span> <span class='ocrx_word' id='word_1_246' title='bbox 1347 3221 1617 3293; x_wconf 91' lang='lat' dir='ltr'><strong>videntur,</strong></span> <span class='ocrx_word' id='word_1_247' title='bbox 1643 3225 1822 3284; x_wconf 73' lang='lat' dir='ltr'><strong>facilia</strong></span> <span class='ocrx_word' id='word_1_248' title='bbox 1865 3232 2059 3288; x_wconf 86' lang='lat' dir='ltr'><strong>reddit.</strong></span> 
     </span>
    </p>
   </div>
   <div class='ocr_carea' id='block_1_33' title="bbox 472 3287 2065 3380">
    <p class='ocr_par' dir='ltr' id='par_1_33' title="bbox 472 3287 2065 3380">
     <span class='ocr_line' id='line_1_34' title="bbox 472 3287 2065 3380; baseline 0.023 -38"><span class='ocrx_word' id='word_1_249' title='bbox 472 3287 632 3360; x_wconf 80' lang='lat' dir='ltr'><strong>Vade,</strong></span> <span class='ocrx_word' id='word_1_250' title='bbox 665 3294 870 3366; x_wconf 88' lang='lat' dir='ltr'><strong>inquit,</strong></span> <span class='ocrx_word' id='word_1_251' title='bbox 901 3302 954 3355; x_wconf 87' lang='lat' dir='ltr'><strong>iit</strong></span> <span class='ocrx_word' id='word_1_252' title='bbox 981 3303 1274 3376; x_wconf 83' lang='lat' dir='ltr'><strong>Sareplitlia</strong></span> <span class='ocrx_word' id='word_1_253' title='bbox 1297 3309 1507 3368; x_wconf 75' lang='lat' dir='ltr'><strong>Sidonis</strong></span> <span class='ocrx_word' id='word_1_254' title='bbox 1529 3355 1544 3380; x_wconf 89' lang='lat'><strong>,</strong></span> <span class='ocrx_word' id='word_1_255' title='bbox 1577 3287 1623 3370; x_wconf 75' lang='lat' dir='ltr'><strong>et</strong></span> <span class='ocrx_word' id='word_1_256' title='bbox 1646 3333 1759 3372; x_wconf 78' lang='lat' dir='ltr'><strong>ecce</strong></span> <span class='ocrx_word' id='word_1_257' title='bbox 1783 3322 1932 3375; x_wconf 81' lang='lat' dir='ltr'><strong>vidua</strong></span> <span class='ocrx_word' id='word_1_258' title='bbox 1961 3287 2065 3379; x_wconf 77' lang='lat' dir='ltr'><strong>una</strong></span> 
     </span>
    </p>
   </div>
   <div class='ocr_carea' id='block_1_34' title="bbox 463 3382 2062 3478">
    <p class='ocr_par' dir='ltr' id='par_1_34' title="bbox 463 3382 2062 3478">
     <span class='ocr_line' id='line_1_35' title="bbox 463 3382 2062 3478; baseline 0.023 -43"><span class='ocrx_word' id='word_1_259' title='bbox 463 3382 607 3455; x_wconf 87' lang='lat' dir='ltr'><strong>tigna</strong></span> <span class='ocrx_word' id='word_1_260' title='bbox 631 3388 894 3462; x_wconf 78' lang='lat' dir='ltr'><strong>colligens.</strong></span> <span class='ocrx_word' id='word_1_261' title='bbox 923 3395 1060 3463; x_wconf 86' lang='lat' dir='ltr'><strong>Quid</strong></span> <span class='ocrx_word' id='word_1_262' title='bbox 1101 3399 1324 3468; x_wconf 89' lang='lat' dir='ltr'><strong>incedis,</strong></span> <span class='ocrx_word' id='word_1_263' title='bbox 1356 3403 1548 3460; x_wconf 84' lang='lat' dir='ltr'><strong>Helia?</strong></span> <span class='ocrx_word' id='word_1_264' title='bbox 1573 3410 1698 3478; x_wconf 89' lang='lat' dir='ltr'><strong>quid</strong></span> <span class='ocrx_word' id='word_1_265' title='bbox 1744 3412 1810 3466; x_wconf 87' lang='lat' dir='ltr'><strong>ad</strong></span> <span class='ocrx_word' id='word_1_266' title='bbox 1847 3415 2062 3473; x_wconf 85' lang='lat' dir='ltr'><strong>viduam</strong></span> 
     </span>
    </p>
   </div>
   <div class='ocr_carea' id='block_1_35' title="bbox 461 3479 2062 3578">
    <p class='ocr_par' dir='ltr' id='par_1_35' title="bbox 461 3479 2062 3578">
     <span class='ocr_line' id='line_1_36' title="bbox 461 3479 2062 3578; baseline 0.022 -50"><span class='ocrx_word' id='word_1_267' title='bbox 461 3479 702 3534; x_wconf 85' lang='lat' dir='ltr'><strong>accurris</strong></span> <span class='ocrx_word' id='word_1_268' title='bbox 725 3481 750 3536; x_wconf 88' lang='lat'><strong>?</strong></span> <span class='ocrx_word' id='word_1_269' title='bbox 778 3483 956 3540; x_wconf 90' lang='lat' dir='ltr'><strong>vidisti</strong></span> <span class='ocrx_word' id='word_1_270' title='bbox 985 3493 1314 3558; x_wconf 86' lang='lat' dir='ltr'><strong>paupertatis</strong></span> <span class='ocrx_word' id='word_1_271' title='bbox 1337 3497 1592 3552; x_wconf 82' lang='lat' dir='ltr'><strong>chiibula</strong></span> <span class='ocrx_word' id='word_1_272' title='bbox 1611 3540 1627 3566; x_wconf 94' lang='lat'><strong>,</strong></span> <span class='ocrx_word' id='word_1_273' title='bbox 1659 3516 1726 3556; x_wconf 89' lang='lat' dir='ltr'><strong>ne</strong></span> <span class='ocrx_word' id='word_1_274' title='bbox 1767 3503 2062 3578; x_wconf 82' lang='lat' dir='ltr'><strong>interroges</strong></span> 
     </span>
    </p>
   </div>
   <div class='ocr_carea' id='block_1_36' title="bbox 472 3576 2058 3668">
    <p class='ocr_par' dir='ltr' id='par_1_36' title="bbox 472 3576 2058 3668">
     <span class='ocr_line' id='line_1_37' title="bbox 472 3576 2058 3668; baseline 0.023 -46"><span class='ocrx_word' id='word_1_275' title='bbox 472 3582 669 3640; x_wconf 89' lang='lat' dir='ltr'><strong>quanta</strong></span> <span class='ocrx_word' id='word_1_276' title='bbox 696 3576 764 3630; x_wconf 87' lang='lat' dir='ltr'><strong>sit</strong></span> <span class='ocrx_word' id='word_1_277' title='bbox 813 3581 1044 3636; x_wconf 85' lang='lat' dir='ltr'><strong>tenuitas</strong></span> <span class='ocrx_word' id='word_1_278' title='bbox 1079 3601 1092 3638; x_wconf 89' lang='lat'><strong>:</strong></span> <span class='ocrx_word' id='word_1_279' title='bbox 1126 3585 1302 3641; x_wconf 81' lang='lat' dir='ltr'><strong>vidisti</strong></span> <span class='ocrx_word' id='word_1_280' title='bbox 1352 3595 1680 3660; x_wconf 86' lang='lat' dir='ltr'><strong>paupertatis</strong></span> <span class='ocrx_word' id='word_1_281' title='bbox 1735 3576 2058 3668; x_wconf 80' lang='lat' dir='ltr'><strong>ingressum,</strong></span> 
     </span>
    </p>
   </div>
   <div class='ocr_carea' id='block_1_37' title="bbox 465 3671 2059 3754">
    <p class='ocr_par' dir='ltr' id='par_1_37' title="bbox 465 3671 2059 3754">
     <span class='ocr_line' id='line_1_38' title="bbox 465 3671 2059 3754; baseline 0.021 -38"><span class='ocrx_word' id='word_1_282' title='bbox 465 3678 536 3718; x_wconf 89' lang='lat' dir='ltr'><strong>ne</strong></span> <span class='ocrx_word' id='word_1_283' title='bbox 574 3680 784 3735; x_wconf 66' lang='lat' dir='ltr'><strong>quaeras</strong></span> <span class='ocrx_word' id='word_1_284' title='bbox 809 3671 934 3740; x_wconf 91' lang='lat' dir='ltr'><strong>quid</strong></span> <span class='ocrx_word' id='word_1_285' title='bbox 963 3671 1032 3727; x_wconf 79' lang='lat' dir='ltr'><strong>sit</strong></span> <span class='ocrx_word' id='word_1_286' title='bbox 1070 3674 1230 3732; x_wconf 89' lang='lat' dir='ltr'><strong>intus.</strong></span> <span class='ocrx_word' id='word_1_287' title='bbox 1253 3678 1370 3748; x_wconf 88' lang='lat' dir='ltr'><strong>Quo</strong></span> <span class='ocrx_word' id='word_1_288' title='bbox 1401 3682 1718 3754; x_wconf 86' lang='lat' dir='ltr'><strong>ingrederis,</strong></span> <span class='ocrx_word' id='word_1_289' title='bbox 1751 3689 1942 3747; x_wconf 90' lang='lat' dir='ltr'><strong>Helia?</strong></span> <span class='ocrx_word' id='word_1_290' title='bbox 1980 3696 2059 3749; x_wconf 88' lang='lat' dir='ltr'><strong>vi-</strong></span> 
     </span>
    </p>
   </div>
   <div class='ocr_carea' id='block_1_38' title="bbox 463 3756 2049 3852">
    <p class='ocr_par' dir='ltr' id='par_1_38' title="bbox 463 3756 2049 3852">
     <span class='ocr_line' id='line_1_39' title="bbox 463 3756 2049 3852; baseline 0.022 -42"><span class='ocrx_word' id='word_1_291' title='bbox 463 3756 588 3812; x_wconf 87' lang='lat' dir='ltr'><strong>disti</strong></span> <span class='ocrx_word' id='word_1_292' title='bbox 622 3760 758 3830; x_wconf 84' lang='lat' dir='ltr'><strong>ligna</strong></span> <span class='ocrx_word' id='word_1_293' title='bbox 789 3765 1128 3836; x_wconf 83' lang='lat' dir='ltr'><strong>colligentem</strong></span> <span class='ocrx_word' id='word_1_294' title='bbox 1149 3810 1163 3833; x_wconf 88' lang='lat'><strong>,</strong></span> <span class='ocrx_word' id='word_1_295' title='bbox 1197 3781 1252 3826; x_wconf 83' lang='lat' dir='ltr'><strong>et</strong></span> <span class='ocrx_word' id='word_1_296' title='bbox 1301 3773 1370 3828; x_wconf 87' lang='lat' dir='ltr'><strong>ab</strong></span> <span class='ocrx_word' id='word_1_297' title='bbox 1391 3773 1479 3828; x_wconf 87' lang='lat' dir='ltr'><strong>illa</strong></span> <span class='ocrx_word' id='word_1_298' title='bbox 1528 3780 1718 3834; x_wconf 90' lang='lat' dir='ltr'><strong>nutriri</strong></span> <span class='ocrx_word' id='word_1_299' title='bbox 1768 3785 2049 3852; x_wconf 83' lang='lat' dir='ltr'><strong>postulas?</strong></span> 
     </span>
    </p>
   </div>
   <div class='ocr_carea' id='block_1_39' title="bbox 425 3836 2061 3942">
    <p class='ocr_par' dir='ltr' id='par_1_39' title="bbox 425 3836 2061 3942">
     <span class='ocr_line' id='line_1_40' title="bbox 425 3836 2061 3942; baseline 0.02 -42"><span class='ocrx_word' id='word_1_300' title='bbox 425 3836 430 3840; x_wconf 62' lang='grc'><em>’</em></span> <span class='ocrx_word' id='word_1_301' title='bbox 461 3849 712 3905; x_wconf 81' lang='lat' dir='ltr'><strong>Attamen</strong></span> <span class='ocrx_word' id='word_1_302' title='bbox 734 3867 856 3908; x_wconf 88' lang='lat' dir='ltr'><strong>cum</strong></span> <span class='ocrx_word' id='word_1_303' title='bbox 885 3855 1093 3912; x_wconf 89' lang='lat' dir='ltr'><strong>Domini</strong></span> <span class='ocrx_word' id='word_1_304' title='bbox 1127 3861 1286 3917; x_wconf 86' lang='lat' dir='ltr'><strong>verba</strong></span> <span class='ocrx_word' id='word_1_305' title='bbox 1323 3863 1374 3917; x_wconf 89' lang='lat' dir='ltr'><strong>in</strong></span> <span class='ocrx_word' id='word_1_306' title='bbox 1422 3867 1612 3937; x_wconf 90' lang='lat' dir='ltr'><strong>pignus</strong></span> <span class='ocrx_word' id='word_1_307' title='bbox 1647 3836 1900 3942; x_wconf 59' lang='lat' dir='ltr'><strong>lmbdret,</strong></span> <span class='ocrx_word' id='word_1_308' title='bbox 1929 3877 2061 3932; x_wconf 89' lang='lat' dir='ltr'><strong>abiit</strong></span> 
     </span>
    </p>
   </div>
   <div class='ocr_carea' id='block_1_40' title="bbox 461 3942 2060 4037">
    <p class='ocr_par' dir='ltr' id='par_1_40' title="bbox 461 3942 2060 4037">
     <span class='ocr_line' id='line_1_41' title="bbox 461 3942 2060 4037; baseline 0.019 -41"><span class='ocrx_word' id='word_1_309' title='bbox 461 3942 834 4016; x_wconf 88' lang='lat' dir='ltr'><strong>alloquuturus</strong></span> <span class='ocrx_word' id='word_1_310' title='bbox 867 3951 1098 4008; x_wconf 87' lang='lat' dir='ltr'><strong>viduam.</strong></span> <span class='ocrx_word' id='word_1_311' title='bbox 1125 3954 1188 4008; x_wconf 83' lang='lat' dir='ltr'><strong>Et</strong></span> <span class='ocrx_word' id='word_1_312' title='bbox 1216 3956 1342 4026; x_wconf 91' lang='lat' dir='ltr'><strong>quid</strong></span> <span class='ocrx_word' id='word_1_313' title='bbox 1372 3958 1488 4014; x_wconf 88' lang='lat' dir='ltr'><strong>ait?</strong></span> <span class='ocrx_word' id='word_1_314' title='bbox 1517 3959 1600 4015; x_wconf 90' lang='lat' dir='ltr'><strong>Da</strong></span> <span class='ocrx_word' id='word_1_315' title='bbox 1625 3965 1752 4020; x_wconf 84' lang='lat' dir='ltr'><strong>milii</strong></span> <span class='ocrx_word' id='word_1_316' title='bbox 1791 3969 2060 4037; x_wconf 81' lang='lat' dir='ltr'><strong>paululum</strong></span> 
     </span>
    </p>
   </div>
   <div class='ocr_carea' id='block_1_41' title="bbox 461 4038 2052 4128">
    <p class='ocr_par' dir='ltr' id='par_1_41' title="bbox 461 4038 2052 4128">
     <span class='ocr_line' id='line_1_42' title="bbox 461 4038 2052 4128; baseline 0.019 -42"><span class='ocrx_word' id='word_1_317' title='bbox 461 4049 643 4104; x_wconf 63' lang='lat' dir='ltr'><strong>aqua,</strong></span> <span class='ocrx_word' id='word_1_318' title='bbox 697 4047 754 4091; x_wconf 82' lang='lat' dir='ltr'><strong>ut</strong></span> <span class='ocrx_word' id='word_1_319' title='bbox 797 4038 963 4094; x_wconf 86' lang='lat' dir='ltr'><strong>bibam</strong></span> <span class='ocrx_word' id='word_1_320' title='bbox 991 4042 1069 4112; x_wconf 79' lang='lat'><strong>(5.</strong></span> <span class='ocrx_word' id='word_1_321' title='bbox 1093 4043 1221 4117; x_wconf 84' lang='lat' dir='ltr'><strong>Reg.</strong></span> <span class='ocrx_word' id='word_1_322' title='bbox 1249 4048 1332 4102; x_wconf 88' lang='grc'><strong>17.</strong></span> <span class='ocrx_word' id='word_1_323' title='bbox 1363 4049 1476 4120; x_wconf 85' lang='grc'><strong>10).</strong></span> <span class='ocrx_word' id='word_1_324' title='bbox 1533 4051 1692 4110; x_wconf 73' lang='lat' dir='ltr'><strong>Vides</strong></span> <span class='ocrx_word' id='word_1_325' title='bbox 1735 4059 2052 4128; x_wconf 84' lang='lat' dir='ltr'><strong>sapientiam</strong></span> 
     </span>
    </p>
   </div>
   <div class='ocr_carea' id='block_1_42' title="bbox 461 4123 2056 4225">
    <p class='ocr_par' dir='ltr' id='par_1_42' title="bbox 461 4123 2056 4225">
     <span class='ocr_line' id='line_1_43' title="bbox 461 4123 2056 4225; baseline 0.02 -46"><span class='ocrx_word' id='word_1_326' title='bbox 461 4123 968 4200; x_wconf 72' lang='lat' dir='ltr'><strong>lleliai?qunmodo</strong></span> <span class='ocrx_word' id='word_1_327' title='bbox 1011 4149 1113 4189; x_wconf 91' lang='lat' dir='ltr'><strong>non</strong></span> <span class='ocrx_word' id='word_1_328' title='bbox 1150 4140 1330 4193; x_wconf 87' lang='lat' dir='ltr'><strong>statim</strong></span> <span class='ocrx_word' id='word_1_329' title='bbox 1380 4142 1447 4197; x_wconf 88' lang='lat' dir='ltr'><strong>ad</strong></span> <span class='ocrx_word' id='word_1_330' title='bbox 1495 4143 1659 4214; x_wconf 88' lang='lat' dir='ltr'><strong>illud,</strong></span> <span class='ocrx_word' id='word_1_331' title='bbox 1689 4123 1834 4219; x_wconf 81' lang='lat' dir='ltr'><strong>quod</strong></span> <span class='ocrx_word' id='word_1_332' title='bbox 1883 4154 2056 4225; x_wconf 88' lang='lat' dir='ltr'><strong>majus</strong></span> 
     </span>
    </p>
   </div>
   <div class='ocr_carea' id='block_1_43' title="bbox 461 4222 2058 4304">
    <p class='ocr_par' dir='ltr' id='par_1_43' title="bbox 461 4222 2058 4304">
     <span class='ocr_line' id='line_1_44' title="bbox 461 4222 2058 4304; baseline 0.018 -32"><span class='ocrx_word' id='word_1_333' title='bbox 461 4229 602 4286; x_wconf 84' lang='lat' dir='ltr'><strong>erat,</strong></span> <span class='ocrx_word' id='word_1_334' title='bbox 635 4222 944 4292; x_wconf 89' lang='lat' dir='ltr'><strong>petendum,</strong></span> <span class='ocrx_word' id='word_1_335' title='bbox 972 4227 1067 4280; x_wconf 85' lang='lat' dir='ltr'><strong>sed</strong></span> <span class='ocrx_word' id='word_1_336' title='bbox 1089 4224 1155 4282; x_wconf 86' lang='lat' dir='ltr'><strong>ad</strong></span> <span class='ocrx_word' id='word_1_337' title='bbox 1185 4229 1256 4294; x_wconf 88' lang='lat' dir='ltr'><strong>id,</strong></span> <span class='ocrx_word' id='word_1_338' title='bbox 1285 4233 1428 4302; x_wconf 89' lang='lat' dir='ltr'><strong>quod</strong></span> <span class='ocrx_word' id='word_1_339' title='bbox 1461 4235 1617 4292; x_wconf 78' lang='lat' dir='ltr'><strong>vilius</strong></span> <span class='ocrx_word' id='word_1_340' title='bbox 1645 4249 1779 4304; x_wconf 89' lang='lat' dir='ltr'><strong>erat,</strong></span> <span class='ocrx_word' id='word_1_341' title='bbox 1813 4222 2058 4301; x_wconf 78' lang='lat' dir='ltr'><strong>venerit?</strong></span> 
     </span>
    </p>
   </div>
   <div class='ocr_carea' id='block_1_44' title="bbox 461 4305 2054 4406">
    <p class='ocr_par' dir='ltr' id='par_1_44' title="bbox 461 4305 2054 4406">
     <span class='ocr_line' id='line_1_45' title="bbox 461 4305 2054 4406; baseline 0.018 -43"><span class='ocrx_word' id='word_1_342' title='bbox 461 4305 578 4364; x_wconf 81' lang='lat' dir='ltr'><strong>Non</strong></span> <span class='ocrx_word' id='word_1_343' title='bbox 605 4311 758 4378; x_wconf 79' lang='lat' dir='ltr'><strong>dixit,</strong></span> <span class='ocrx_word' id='word_1_344' title='bbox 808 4314 880 4368; x_wconf 87' lang='lat' dir='ltr'><strong>Da</strong></span> <span class='ocrx_word' id='word_1_345' title='bbox 938 4317 1066 4372; x_wconf 91' lang='lat' dir='ltr'><strong>mihi</strong></span> <span class='ocrx_word' id='word_1_346' title='bbox 1114 4335 1342 4390; x_wconf 88' lang='lat' dir='ltr'><strong>panem,</strong></span> <span class='ocrx_word' id='word_1_347' title='bbox 1385 4326 1515 4392; x_wconf 87' lang='lat' dir='ltr'><strong>sed,</strong></span> <span class='ocrx_word' id='word_1_348' title='bbox 1550 4331 1618 4382; x_wconf 87' lang='lat' dir='ltr'><strong>Da</strong></span> <span class='ocrx_word' id='word_1_349' title='bbox 1669 4333 1798 4386; x_wconf 88' lang='lat' dir='ltr'><strong>milii</strong></span> <span class='ocrx_word' id='word_1_350' title='bbox 1839 4350 2054 4406; x_wconf 85' lang='lat' dir='ltr'><strong>aquam.</strong></span> 
     </span>
    </p>
   </div>
   <div class='ocr_carea' id='block_1_45' title="bbox 463 4399 2054 4498">
    <p class='ocr_par' dir='ltr' id='par_1_45' title="bbox 463 4399 2054 4498">
     <span class='ocr_line' id='line_1_46' title="bbox 463 4399 2054 4498; baseline 0.019 -44"><span class='ocrx_word' id='word_1_351' title='bbox 463 4399 647 4458; x_wconf 82' lang='lat' dir='ltr'><strong>Primo</strong></span> <span class='ocrx_word' id='word_1_352' title='bbox 685 4419 879 4475; x_wconf 88' lang='lat' dir='ltr'><strong>aquam</strong></span> <span class='ocrx_word' id='word_1_353' title='bbox 935 4411 1099 4479; x_wconf 87' lang='lat' dir='ltr'><strong>petit,</strong></span> <span class='ocrx_word' id='word_1_354' title='bbox 1129 4413 1441 4482; x_wconf 80' lang='lat' dir='ltr'><strong>conjectaus</strong></span> <span class='ocrx_word' id='word_1_355' title='bbox 1484 4419 1528 4473; x_wconf 91' lang='lat' dir='ltr'><strong>si</strong></span> <span class='ocrx_word' id='word_1_356' title='bbox 1577 4435 1768 4491; x_wconf 90' lang='lat' dir='ltr'><strong>aquam</strong></span> <span class='ocrx_word' id='word_1_357' title='bbox 1823 4425 2054 4498; x_wconf 82' lang='lat' dir='ltr'><strong>habent,</strong></span> 
     </span>
    </p>
   </div>
   <div class='ocr_carea' id='block_1_46' title="bbox 460 4496 2056 4588">
    <p class='ocr_par' dir='ltr' id='par_1_46' title="bbox 460 4496 2056 4588">
     <span class='ocr_line' id='line_1_47' title="bbox 460 4496 2056 4588; baseline 0.021 -45"><span class='ocrx_word' id='word_1_358' title='bbox 460 4504 652 4560; x_wconf 85' lang='lat' dir='ltr'><strong>panem</strong></span> <span class='ocrx_word' id='word_1_359' title='bbox 711 4496 910 4554; x_wconf 88' lang='lat' dir='ltr'><strong>habere</strong></span> <span class='ocrx_word' id='word_1_360' title='bbox 969 4517 1146 4570; x_wconf 83' lang='lat' dir='ltr'><strong>posse.</strong></span> <span class='ocrx_word' id='word_1_361' title='bbox 1198 4504 1282 4559; x_wconf 89' lang='lat' dir='ltr'><strong>Da</strong></span> <span class='ocrx_word' id='word_1_362' title='bbox 1331 4509 1490 4575; x_wconf 85' lang='lat' dir='ltr'><strong>milii,</strong></span> <span class='ocrx_word' id='word_1_363' title='bbox 1529 4511 1736 4583; x_wconf 85' lang='lat' dir='ltr'><strong>inquit,</strong></span> <span class='ocrx_word' id='word_1_364' title='bbox 1789 4496 2056 4588; x_wconf 80' lang='lat' dir='ltr'><strong>paululum</strong></span> 
     </span>
    </p>
   </div>
   <div class='ocr_carea' id='block_1_47' title="bbox 407 4589 2056 4677">
    <p class='ocr_par' dir='ltr' id='par_1_47' title="bbox 407 4589 2056 4677">
     <span class='ocr_line' id='line_1_48' title="bbox 407 4589 2056 4677; baseline 0.022 -44"><span class='ocrx_word' id='word_1_365' title='bbox 407 4605 416 4613; x_wconf 80' lang='lat'><strong>~</strong></span> <span class='ocrx_word' id='word_1_366' title='bbox 461 4599 625 4652; x_wconf 76' lang='lat' dir='ltr'><strong>aqure.</strong></span> <span class='ocrx_word' id='word_1_367' title='bbox 675 4589 820 4646; x_wconf 80' lang='lat' dir='ltr'><strong>Abiit</strong></span> <span class='ocrx_word' id='word_1_368' title='bbox 867 4593 1061 4662; x_wconf 88' lang='lat' dir='ltr'><strong>vidua,</strong></span> <span class='ocrx_word' id='word_1_369' title='bbox 1104 4613 1295 4666; x_wconf 86' lang='lat' dir='ltr'><strong>aquam</strong></span> <span class='ocrx_word' id='word_1_370' title='bbox 1355 4603 1493 4670; x_wconf 84' lang='lat' dir='ltr'><strong>tulit,</strong></span> <span class='ocrx_word' id='word_1_371' title='bbox 1524 4612 1580 4660; x_wconf 87' lang='lat' dir='ltr'><strong>et</strong></span> <span class='ocrx_word' id='word_1_372' title='bbox 1625 4607 1714 4664; x_wconf 88' lang='lat' dir='ltr'><strong>ille</strong></span> <span class='ocrx_word' id='word_1_373' title='bbox 1763 4610 1932 4677; x_wconf 89' lang='lat' dir='ltr'><strong>bibit;</strong></span> <span class='ocrx_word' id='word_1_374' title='bbox 1984 4613 2056 4670; x_wconf 89' lang='lat' dir='ltr'><strong>ita</strong></span> 
     </span>
    </p>
   </div>
   <div class='ocr_carea' id='block_1_48' title="bbox 450 4678 2050 4772">
    <p class='ocr_par' dir='ltr' id='par_1_48' title="bbox 450 4678 2050 4772">
     <span class='ocr_line' id='line_1_49' title="bbox 450 4678 2050 4772; baseline 0.02 -44"><span class='ocrx_word' id='word_1_375' title='bbox 450 4687 653 4746; x_wconf 84' lang='lat' dir='ltr'><strong>sumpta</strong></span> <span class='ocrx_word' id='word_1_376' title='bbox 685 4678 1064 4746; x_wconf 81' lang='lat' dir='ltr'><strong>ﬁducia,8ume</strong></span> <span class='ocrx_word' id='word_1_377' title='bbox 1083 4688 1227 4750; x_wconf 81' lang='lat' dir='ltr'><strong>milii,</strong></span> <span class='ocrx_word' id='word_1_378' title='bbox 1253 4690 1454 4761; x_wconf 86' lang='lat' dir='ltr'><strong>inquit,</strong></span> <span class='ocrx_word' id='word_1_379' title='bbox 1487 4707 1534 4748; x_wconf 84' lang='lat' dir='ltr'><strong>et</strong></span> <span class='ocrx_word' id='word_1_380' title='bbox 1563 4697 1836 4754; x_wconf 84' lang='lat' dir='ltr'><strong>buccellam</strong></span> <span class='ocrx_word' id='word_1_381' title='bbox 1863 4705 2010 4772; x_wconf 82' lang='lat' dir='ltr'><strong>punis</strong></span> <span class='ocrx_word' id='word_1_382' title='bbox 2037 4746 2050 4770; x_wconf 92' lang='lat'><strong>,</strong></span> 
     </span>
    </p>
   </div>
   <div class='ocr_carea' id='block_1_49' title="bbox 462 4771 2056 4852">
    <p class='ocr_par' dir='ltr' id='par_1_49' title="bbox 462 4771 2056 4852">
     <span class='ocr_line' id='line_1_50' title="bbox 462 4771 2056 4852; baseline 0.021 -35"><span class='ocrx_word' id='word_1_383' title='bbox 462 4775 508 4818; x_wconf 80' lang='lat' dir='ltr'><strong>et</strong></span> <span class='ocrx_word' id='word_1_384' title='bbox 535 4771 792 4824; x_wconf 76' lang='lat' dir='ltr'><strong>comedam</strong></span> <span class='ocrx_word' id='word_1_385' title='bbox 815 4771 975 4846; x_wconf 86' lang='lat' dir='ltr'><strong>(Ibid.</strong></span> <span class='ocrx_word' id='word_1_386' title='bbox 1004 4792 1051 4831; x_wconf 81' lang='grc' dir='ltr'><strong>υ.</strong></span> <span class='ocrx_word' id='word_1_387' title='bbox 1079 4779 1188 4849; x_wconf 83' lang='grc'><strong>11).</strong></span> <span class='ocrx_word' id='word_1_388' title='bbox 1213 4780 1518 4852; x_wconf 79' lang='lat' dir='ltr'><strong>Respondet</strong></span> <span class='ocrx_word' id='word_1_389' title='bbox 1547 4787 1633 4841; x_wconf 87' lang='lat' dir='ltr'><strong>illa</strong></span> <span class='ocrx_word' id='word_1_390' title='bbox 1669 4807 1682 4843; x_wconf 92' lang='lat'>:</span> <span class='ocrx_word' id='word_1_391' title='bbox 1723 4771 2056 4850; x_wconf 79' lang='lat' dir='ltr'><strong>VivitDomi-</strong></span> 
     </span>
    </p>
   </div>
   <div class='ocr_carea' id='block_1_50' title="bbox 464 4862 2054 4956">
    <p class='ocr_par' dir='ltr' id='par_1_50' title="bbox 464 4862 2054 4956">
     <span class='ocr_line' id='line_1_51' title="bbox 464 4862 2054 4956; baseline 0.019 -43"><span class='ocrx_word' id='word_1_392' title='bbox 464 4875 557 4913; x_wconf 78' lang='lat' dir='ltr'><strong>nus</strong></span> <span class='ocrx_word' id='word_1_393' title='bbox 579 4901 594 4924; x_wconf 92' lang='lat'><strong>,</strong></span> <span class='ocrx_word' id='word_1_394' title='bbox 631 4862 676 4914; x_wconf 79' lang='lat' dir='ltr'><strong>si</strong></span> <span class='ocrx_word' id='word_1_395' title='bbox 707 4871 780 4915; x_wconf 83' lang='lat' dir='ltr'><strong>est</strong></span> <span class='ocrx_word' id='word_1_396' title='bbox 812 4867 935 4919; x_wconf 84' lang='lat' dir='ltr'><strong>milii</strong></span> <span class='ocrx_word' id='word_1_397' title='bbox 976 4869 1124 4938; x_wconf 84' lang='lat' dir='ltr'><strong>panis</strong></span> <span class='ocrx_word' id='word_1_398' title='bbox 1165 4875 1515 4930; x_wconf 74' lang='lat' dir='ltr'><strong>subcineriti&#39;us</strong></span> <span class='ocrx_word' id='word_1_399' title='bbox 1539 4879 1698 4952; x_wconf 87' lang='lat' dir='ltr'><strong>(Ibid.</strong></span> <span class='ocrx_word' id='word_1_400' title='bbox 1726 4899 1770 4937; x_wconf 90' lang='grc' dir='ltr'><strong>υ.</strong></span> <span class='ocrx_word' id='word_1_401' title='bbox 1801 4886 1922 4956; x_wconf 71' lang='grc'><strong>12),</strong></span> <span class='ocrx_word' id='word_1_402' title='bbox 1957 4890 2054 4944; x_wconf 84' lang='lat' dir='ltr'><strong>nisi</strong></span> 
     </span>
    </p>
   </div>
   <div class='ocr_carea' id='block_1_51' title="bbox 465 4951 2053 5049">
    <p class='ocr_par' dir='ltr' id='par_1_51' title="bbox 465 4951 2053 5049">
     <span class='ocr_line' id='line_1_52' title="bbox 465 4951 2053 5049; baseline 0.021 -48"><span class='ocrx_word' id='word_1_403' title='bbox 465 4951 688 5021; x_wconf 80' lang='lat' dir='ltr'><strong>pugillus</strong></span> <span class='ocrx_word' id='word_1_404' title='bbox 710 4955 730 4984; x_wconf 84' lang='grc'>²</span> <span class='ocrx_word' id='word_1_405' title='bbox 752 4953 935 5022; x_wconf 76' lang='lat' dir='ltr'><strong>farina:</strong></span> <span class='ocrx_word' id='word_1_406' title='bbox 957 4959 1008 5013; x_wconf 87' lang='lat' dir='ltr'><strong>in</strong></span> <span class='ocrx_word' id='word_1_407' title='bbox 1036 4961 1240 5046; x_wconf 74' lang='lat' dir='ltr'><strong>Iiydi&#39;ia,</strong></span> <span class='ocrx_word' id='word_1_408' title='bbox 1268 4975 1314 5019; x_wconf 89' lang='lat' dir='ltr'><strong>et</strong></span> <span class='ocrx_word' id='word_1_409' title='bbox 1343 4951 1608 5036; x_wconf 83' lang='lat' dir='ltr'><strong>paululum</strong></span> <span class='ocrx_word' id='word_1_410' title='bbox 1633 4973 1732 5027; x_wconf 83' lang='lat' dir='ltr'><strong>olei</strong></span> <span class='ocrx_word' id='word_1_411' title='bbox 1751 4980 1802 5028; x_wconf 86' lang='lat' dir='ltr'><strong>in</strong></span> <span class='ocrx_word' id='word_1_412' title='bbox 1834 4951 2053 5049; x_wconf 78' lang='lat' dir='ltr'><strong>lecyllto,</strong></span> 
     </span>
    </p>
   </div>
   <div class='ocr_carea' id='block_1_52' title="bbox 461 5041 2054 5141">
    <p class='ocr_par' dir='ltr' id='par_1_52' title="bbox 461 5041 2054 5132">
     <span class='ocr_line' id='line_1_53' title="bbox 461 5041 2054 5132; baseline 0.021 -40"><span class='ocrx_word' id='word_1_413' title='bbox 461 5058 576 5108; x_wconf 77' lang='lat' dir='ltr'><strong>qua:</strong></span> <span class='ocrx_word' id='word_1_414' title='bbox 603 5044 848 5117; x_wconf 73' lang='lat' dir='ltr'><strong>faciemus</strong></span> <span class='ocrx_word' id='word_1_415' title='bbox 871 5059 917 5101; x_wconf 86' lang='lat' dir='ltr'><strong>et</strong></span> <span class='ocrx_word' id='word_1_416' title='bbox 944 5041 1264 5108; x_wconf 80' lang='lat' dir='ltr'><strong>coniedemus</strong></span> <span class='ocrx_word' id='word_1_417' title='bbox 1289 5075 1380 5129; x_wconf 87' lang='lat' dir='ltr'><strong>ego</strong></span> <span class='ocrx_word' id='word_1_418' title='bbox 1408 5071 1455 5114; x_wconf 86' lang='lat' dir='ltr'><strong>et</strong></span> <span class='ocrx_word' id='word_1_419' title='bbox 1502 5063 1600 5130; x_wconf 80' lang='lat' dir='ltr'><strong>ﬁlii</strong></span> <span class='ocrx_word' id='word_1_420' title='bbox 1635 5065 1766 5132; x_wconf 81' lang='lat' dir='ltr'><strong>mei,</strong></span> <span class='ocrx_word' id='word_1_421' title='bbox 1797 5079 1844 5121; x_wconf 91' lang='lat' dir='ltr'><strong>et</strong></span> <span class='ocrx_word' id='word_1_422' title='bbox 1870 5071 2054 5124; x_wconf 86' lang='lat' dir='ltr'><strong>morie—</strong></span> 
     </span>
    </p>
   </div>
   <div class='ocr_carea' id='block_1_53' title="bbox 459 5137 2057 5232">
    <p class='ocr_par' dir='ltr' id='par_1_53' title="bbox 459 5137 2057 5232">
     <span class='ocr_line' id='line_1_54' title="bbox 459 5137 2057 5232; baseline 0.02 -44"><span class='ocrx_word' id='word_1_423' title='bbox 459 5153 592 5190; x_wconf 88' lang='lat' dir='ltr'><strong>mur.</strong></span> <span class='ocrx_word' id='word_1_424' title='bbox 638 5137 775 5205; x_wconf 81' lang='lat' dir='ltr'><strong>Quid</strong></span> <span class='ocrx_word' id='word_1_425' title='bbox 822 5139 982 5212; x_wconf 85' lang='lat' dir='ltr'><strong>igitur</strong></span> <span class='ocrx_word' id='word_1_426' title='bbox 1030 5144 1244 5204; x_wconf 85' lang='lat' dir='ltr'><strong>Helias?</strong></span> <span class='ocrx_word' id='word_1_427' title='bbox 1285 5151 1458 5222; x_wconf 76' lang='lat' dir='ltr'><strong>Vade,</strong></span> <span class='ocrx_word' id='word_1_428' title='bbox 1512 5137 1700 5229; x_wconf 86' lang='lat' dir='ltr'><strong>inquit,</strong></span> <span class='ocrx_word' id='word_1_429' title='bbox 1727 5171 1773 5215; x_wconf 87' lang='lat' dir='ltr'><strong>et</strong></span> <span class='ocrx_word' id='word_1_430' title='bbox 1811 5165 1895 5232; x_wconf 76' lang='lat' dir='ltr'><strong>[ac</strong></span> <span class='ocrx_word' id='word_1_431' title='bbox 1931 5166 2057 5220; x_wconf 83' lang='lat' dir='ltr'><strong>milii</strong></span> 
     </span>
    </p>
   </div>
   <div class='ocr_carea' id='block_1_54' title="bbox 459 5228 2057 5326">
    <p class='ocr_par' dir='ltr' id='par_1_54' title="bbox 459 5228 2057 5326">
     <span class='ocr_line' id='line_1_55' title="bbox 459 5228 2057 5326; baseline 0.019 -46"><span class='ocrx_word' id='word_1_432' title='bbox 459 5228 836 5286; x_wconf 82' lang='lat' dir='ltr'><strong>subciiieritium</strong></span> <span class='ocrx_word' id='word_1_433' title='bbox 883 5250 1140 5305; x_wconf 85' lang='lat' dir='ltr'><strong>seorsum,</strong></span> <span class='ocrx_word' id='word_1_434' title='bbox 1171 5250 1216 5294; x_wconf 87' lang='lat' dir='ltr'><strong>et</strong></span> <span class='ocrx_word' id='word_1_435' title='bbox 1265 5247 1564 5312; x_wconf 81' lang='lat' dir='ltr'><strong>comedam;</strong></span> <span class='ocrx_word' id='word_1_436' title='bbox 1592 5259 1642 5304; x_wconf 84' lang='lat' dir='ltr'><strong>et</strong></span> <span class='ocrx_word' id='word_1_437' title='bbox 1685 5265 1858 5322; x_wconf 84' lang='lat' dir='ltr'><strong>postea</strong></span> <span class='ocrx_word' id='word_1_438' title='bbox 1901 5257 2057 5326; x_wconf 80' lang='lat' dir='ltr'><strong>facies</strong></span> 
     </span>
    </p>
   </div>
   <div class='ocr_carea' id='block_1_55' title="bbox 459 5323 2054 5416">
    <p class='ocr_par' dir='ltr' id='par_1_55' title="bbox 459 5323 2054 5416">
     <span class='ocr_line' id='line_1_56' title="bbox 459 5323 2054 5416; baseline 0.019 -43"><span class='ocrx_word' id='word_1_439' title='bbox 459 5323 581 5387; x_wconf 75' lang='lat' dir='ltr'><strong>[iliis</strong></span> <span class='ocrx_word' id='word_1_440' title='bbox 609 5325 728 5391; x_wconf 84' lang='lat' dir='ltr'><strong>tuis,</strong></span> <span class='ocrx_word' id='word_1_441' title='bbox 757 5338 803 5380; x_wconf 86' lang='lat' dir='ltr'><strong>et</strong></span> <span class='ocrx_word' id='word_1_442' title='bbox 829 5331 1110 5385; x_wconf 86' lang='lat' dir='ltr'><strong>comedent.</strong></span> <span class='ocrx_word' id='word_1_443' title='bbox 1134 5333 1269 5400; x_wconf 75' lang='lat' dir='ltr'><strong>Quid</strong></span> <span class='ocrx_word' id='word_1_444' title='bbox 1295 5336 1444 5404; x_wconf 71' lang='lat' dir='ltr'><strong>facis,</strong></span> <span class='ocrx_word' id='word_1_445' title='bbox 1475 5341 1623 5398; x_wconf 89' lang='lat' dir='ltr'><strong>Helia</strong></span> <span class='ocrx_word' id='word_1_446' title='bbox 1646 5344 1670 5398; x_wconf 88' lang='lat'><strong>?</strong></span> <span class='ocrx_word' id='word_1_447' title='bbox 1697 5355 1834 5412; x_wconf 89' lang='lat' dir='ltr'><strong>esto,</strong></span> <span class='ocrx_word' id='word_1_448' title='bbox 1861 5323 2054 5416; x_wconf 84' lang='lat' dir='ltr'><strong>panem</strong></span> 
     </span>
    </p>
   </div>
   <div class='ocr_carea' id='block_1_56' title="bbox 461 5423 2055 5502">
    <p class='ocr_par' dir='ltr' id='par_1_56' title="bbox 461 5423 2055 5502">
     <span class='ocr_line' id='line_1_57' title="bbox 461 5423 2055 5502; baseline 0.021 -40"><span class='ocrx_word' id='word_1_449' title='bbox 461 5423 632 5480; x_wconf 80' lang='lat' dir='ltr'><strong>petas,</strong></span> <span class='ocrx_word' id='word_1_450' title='bbox 661 5431 758 5472; x_wconf 91' lang='lat' dir='ltr'><strong>cur</strong></span> <span class='ocrx_word' id='word_1_451' title='bbox 786 5423 1012 5477; x_wconf 87' lang='lat' dir='ltr'><strong>seorsim</strong></span> <span class='ocrx_word' id='word_1_452' title='bbox 1043 5431 1099 5478; x_wconf 90' lang='lat' dir='ltr'><strong>et</strong></span> <span class='ocrx_word' id='word_1_453' title='bbox 1125 5426 1296 5494; x_wconf 87' lang='lat' dir='ltr'><strong>primo</strong></span> <span class='ocrx_word' id='word_1_454' title='bbox 1323 5429 1414 5484; x_wconf 89' lang='lat' dir='ltr'><strong>tibi</strong></span> <span class='ocrx_word' id='word_1_455' title='bbox 1440 5431 1552 5486; x_wconf 90' lang='lat' dir='ltr'><strong>dari</strong></span> <span class='ocrx_word' id='word_1_456' title='bbox 1579 5437 1848 5502; x_wconf 86' lang='lat' dir='ltr'><strong>postulas?</strong></span> <span class='ocrx_word' id='word_1_457' title='bbox 1875 5455 2055 5496; x_wconf 91' lang='lat' dir='ltr'><strong>annon</strong></span> 
     </span>
    </p>
   </div>
   <div class='ocr_carea' id='block_1_57' title="bbox 459 5507 2058 5600">
    <p class='ocr_par' dir='ltr' id='par_1_57' title="bbox 459 5507 2058 5600">
     <span class='ocr_line' id='line_1_58' title="bbox 459 5507 2058 5600; baseline 0.019 -43"><span class='ocrx_word' id='word_1_458' title='bbox 459 5507 844 5586; x_wconf 73' lang='lat' dir='ltr'><strong>gratiasagere</strong></span> <span class='ocrx_word' id='word_1_459' title='bbox 871 5515 1122 5586; x_wconf 85' lang='lat' dir='ltr'><strong>deberes,</strong></span> <span class='ocrx_word' id='word_1_460' title='bbox 1151 5519 1196 5574; x_wconf 92' lang='lat' dir='ltr'><strong>si</strong></span> <span class='ocrx_word' id='word_1_461' title='bbox 1242 5537 1344 5580; x_wconf 87' lang='lat' dir='ltr'><strong>una</strong></span> <span class='ocrx_word' id='word_1_462' title='bbox 1387 5539 1508 5579; x_wconf 91' lang='lat' dir='ltr'><strong>cum</strong></span> <span class='ocrx_word' id='word_1_463' title='bbox 1554 5527 1675 5582; x_wconf 77' lang='lat' dir='ltr'><strong>(iliis</strong></span> <span class='ocrx_word' id='word_1_464' title='bbox 1712 5530 1829 5600; x_wconf 82' lang='lat' dir='ltr'><strong>ejus</strong></span> <span class='ocrx_word' id='word_1_465' title='bbox 1875 5547 2058 5588; x_wconf 87' lang='lat' dir='ltr'><strong>come-</strong></span> 
     </span>
    </p>
   </div>
   <div class='ocr_carea' id='block_1_58' title="bbox 501 5610 2055 5703">
    <p class='ocr_par' dir='ltr' id='par_1_58' title="bbox 501 5610 2055 5703">
     <span class='ocr_line' id='line_1_59' title="bbox 501 5610 2055 5703; baseline 0.023 -39"><span class='ocrx_word' id='word_1_466' title='bbox 501 5618 555 5703; x_wconf 47' lang='lat'><strong>}.</strong></span> <span class='ocrx_word' id='word_1_467' title='bbox 581 5625 646 5703; x_wconf 70' lang='lat' dir='ltr'><strong>tta</strong></span> <span class='ocrx_word' id='word_1_468' title='bbox 669 5610 841 5692; x_wconf 75' lang='lat' dir='ltr'><strong>IL;</strong></span> <span class='ocrx_word' id='word_1_469' title='bbox 867 5627 914 5703; x_wconf 65' lang='lat' dir='ltr'><strong>in</strong></span> <span class='ocrx_word' id='word_1_470' title='bbox 942 5629 1104 5680; x_wconf 77' lang='lat' dir='ltr'><strong>Morel.</strong></span> <span class='ocrx_word' id='word_1_471' title='bbox 1129 5637 1294 5703; x_wconf 78' lang='lat' dir='ltr'><strong>autem</strong></span> <span class='ocrx_word' id='word_1_472' title='bbox 1331 5644 1385 5688; x_wconf 84' lang='lat' dir='ltr'><strong>et</strong></span> <span class='ocrx_word' id='word_1_473' title='bbox 1403 5639 1455 5689; x_wconf 87' lang='lat' dir='ltr'><strong>in</strong></span> <span class='ocrx_word' id='word_1_474' title='bbox 1485 5641 1702 5703; x_wconf 63' lang='lat' dir='ltr'><strong>nomen,</strong></span> <span class='ocrx_word' id='word_1_475' title='bbox 1726 5656 1895 5696; x_wconf 81' lang='lat' dir='ltr'><strong>rursus</strong></span> <span class='ocrx_word' id='word_1_476' title='bbox 1915 5645 2055 5700; x_wconf 82' lang='lat' dir='ltr'><strong>aliud</strong></span> 
     </span>
    </p>
   </div>
   <div class='ocr_carea' id='block_1_59' title="bbox 463 5682 1330 5759">
    <p class='ocr_par' dir='ltr' id='par_1_59' title="bbox 463 5682 1330 5759">
     <span class='ocr_line' id='line_1_60' title="bbox 463 5682 1330 5759; baseline 0.027 -35"><span class='ocrx_word' id='word_1_477' title='bbox 463 5682 652 5759; x_wconf 52' lang='lat' dir='ltr'><strong>uirtutis</strong></span> <span class='ocrx_word' id='word_1_478' title='bbox 673 5683 779 5759; x_wconf 55' lang='lat' dir='ltr'><strong>ejus</strong></span> <span class='ocrx_word' id='word_1_479' title='bbox 801 5682 1001 5759; x_wconf 66' lang='lat' dir='ltr'><strong>pelagus</strong></span> <span class='ocrx_word' id='word_1_480' title='bbox 1024 5682 1330 5759; x_wconf 58' lang='lat' dir='ltr'><strong>noseagcipit.</strong></span> 
     </span>
    </p>
   </div>
   <div class='ocr_carea' id='block_1_60' title="bbox 529 5743 2052 5837">
    <p class='ocr_par' dir='ltr' id='par_1_60' title="bbox 529 5743 2052 5837">
     <span class='ocr_line' id='line_1_61' title="bbox 529 5743 2052 5837; baseline 0.024 -48"><span class='ocrx_word' id='word_1_481' title='bbox 529 5743 818 5837; x_wconf 46' lang='lat' dir='ltr'><strong>:iltlc</strong></span> <span class='ocrx_word' id='word_1_482' title='bbox 843 5743 978 5837; x_wconf 51' lang='lat' dir='ltr'><strong>sicut</strong></span> <span class='ocrx_word' id='word_1_483' title='bbox 1001 5743 1120 5808; x_wconf 79' lang='lat' dir='ltr'><strong>milii</strong></span> <span class='ocrx_word' id='word_1_484' title='bbox 1141 5743 1263 5808; x_wconf 49' lang='lat' dir='ltr'><strong>nisi”</strong></span> <span class='ocrx_word' id='word_1_485' title='bbox 1277 5743 1510 5826; x_wconf 67' lang='lat' dir='ltr'><strong>pitgillus,</strong></span> <span class='ocrx_word' id='word_1_486' title='bbox 1539 5768 1660 5830; x_wconf 69' lang='lat' dir='ltr'><strong>etc,</strong></span> <span class='ocrx_word' id='word_1_487' title='bbox 1698 5770 1873 5822; x_wconf 83' lang='lat' dir='ltr'><strong>omissa</strong></span> <span class='ocrx_word' id='word_1_488' title='bbox 1913 5785 2052 5837; x_wconf 81' lang='lat' dir='ltr'><strong>voce,</strong></span> 
     </span>
    </p>
   </div>
   <div class='ocr_carea' id='block_1_61' title="bbox 457 5806 978 5872">
    <p class='ocr_par' dir='ltr' id='par_1_61' title="bbox 457 5806 978 5872">
     <span class='ocr_line' id='line_1_62' title="bbox 457 5806 978 5872; baseline 0.021 -24"><span class='ocrx_word' id='word_1_489' title='bbox 457 5806 600 5872; x_wconf 59' lang='lat' dir='ltr'><strong>piatis</strong></span> <span class='ocrx_word' id='word_1_490' title='bbox 623 5806 978 5862; x_wconf 73' lang='lat' dir='ltr'><strong>subcutei&#39;itt&#39;us.</strong></span> 
     </span>
    </p>
   </div>
   <div class='ocr_carea' id='block_1_62' title="bbox 1286 335 3104 423">
    <p class='ocr_par' dir='ltr' id='par_1_62' title="bbox 1286 335 3104 423">
     <span class='ocr_line' id='line_1_63' title="bbox 1286 335 3104 423; baseline 0.018 -35"><span class='ocrx_word' id='word_1_491' title='bbox 1286 335 1337 388; x_wconf 81' lang='lat' dir='ltr'><strong>S.</strong></span> <span class='ocrx_word' id='word_1_492' title='bbox 1373 335 1654 395; x_wconf 68' lang='lat' dir='ltr'><strong>JOANNIS</strong></span> <span class='ocrx_word' id='word_1_493' title='bbox 1694 340 2166 400; x_wconf 70' lang='lat' dir='ltr'><strong>CllllYStJS&#39;l&#39;tllll</strong></span> <span class='ocrx_word' id='word_1_494' title='bbox 2209 352 2526 412; x_wconf 74' lang='lat' dir='ltr'><strong>AHCIHEP.</strong></span> <span class='ocrx_word' id='word_1_495' title='bbox 2570 358 3104 423; x_wconf 72' lang='lat' dir='ltr'><strong>(ZONSTANTINOP.</strong></span> 
     </span>
    </p>
   </div>
   <div class='ocr_carea' id='block_1_63' title="bbox 3671 380 3763 438">
    <p class='ocr_par' dir='ltr' id='par_1_63' title="bbox 3671 380 3763 438">
     <span class='ocr_line' id='line_1_64' title="bbox 3671 380 3763 438; baseline 0.043 -4"><span class='ocrx_word' id='word_1_496' title='bbox 3671 380 3763 438; x_wconf 62' lang='grc' dir='ltr'><strong>ἴδε</strong></span> 
     </span>
    </p>
   </div>
   <div class='ocr_carea' id='block_1_64' title="bbox 2189 462 3758 556">
    <p class='ocr_par' dir='ltr' id='par_1_64' title="bbox 2189 462 3758 556">
     <span class='ocr_line' id='line_1_65' title="bbox 2189 462 3758 556; baseline 0.024 -41"><span class='ocrx_word' id='word_1_497' title='bbox 2189 462 2391 520; x_wconf 83' lang='lat' dir='ltr'><strong>deres?</strong></span> <span class='ocrx_word' id='word_1_498' title='bbox 2421 477 2473 522; x_wconf 91' lang='lat' dir='ltr'><strong>tu</strong></span> <span class='ocrx_word' id='word_1_499' title='bbox 2507 471 2586 525; x_wconf 85' lang='lat' dir='ltr'><strong>vis</strong></span> <span class='ocrx_word' id='word_1_500' title='bbox 2613 476 2897 532; x_wconf 86' lang='lat' dir='ltr'><strong>comedere</strong></span> <span class='ocrx_word' id='word_1_501' title='bbox 2920 481 3086 546; x_wconf 91' lang='lat' dir='ltr'><strong>solus,</strong></span> <span class='ocrx_word' id='word_1_502' title='bbox 3119 493 3174 538; x_wconf 91' lang='lat' dir='ltr'><strong>ct</strong></span> <span class='ocrx_word' id='word_1_503' title='bbox 3203 485 3316 556; x_wconf 85' lang='lat' dir='ltr'><strong>ejus</strong></span> <span class='ocrx_word' id='word_1_504' title='bbox 3349 487 3484 545; x_wconf 82' lang='lat' dir='ltr'><strong>ﬁlios</strong></span> <span class='ocrx_word' id='word_1_505' title='bbox 3515 493 3651 550; x_wconf 86' lang='lat' dir='ltr'><strong>fame</strong></span> <span class='ocrx_word' id='word_1_506' title='bbox 3677 511 3758 553; x_wconf 78' lang='lat' dir='ltr'><strong>in:-</strong></span> 
     </span>
    </p>
   </div>
   <div class='ocr_carea' id='block_1_65' title="bbox 2187 557 3761 664">
    <p class='ocr_par' dir='ltr' id='par_1_65' title="bbox 2187 557 3761 664">
     <span class='ocr_line' id='line_1_66' title="bbox 2187 557 3761 664; baseline 0.024 -58"><span class='ocrx_word' id='word_1_507' title='bbox 2187 571 2312 611; x_wconf 85' lang='lat' dir='ltr'><strong>eare</strong></span> <span class='ocrx_word' id='word_1_508' title='bbox 2346 560 2382 611; x_wconf 85' lang='grc'><strong>¹.</strong></span> <span class='ocrx_word' id='word_1_509' title='bbox 2405 557 2628 632; x_wconf 75' lang='lat' dir='ltr'><strong>[Necare</strong></span> <span class='ocrx_word' id='word_1_510' title='bbox 2651 582 2754 620; x_wconf 91' lang='lat' dir='ltr'><strong>non</strong></span> <span class='ocrx_word' id='word_1_511' title='bbox 2778 569 2927 636; x_wconf 81' lang='lat' dir='ltr'><strong>Volo,</strong></span> <span class='ocrx_word' id='word_1_512' title='bbox 2956 573 3049 628; x_wconf 87' lang='lat' dir='ltr'><strong>sed</strong></span> <span class='ocrx_word' id='word_1_513' title='bbox 3080 573 3318 634; x_wconf 76' lang='lat' dir='ltr'><strong>benefice</strong></span> <span class='ocrx_word' id='word_1_514' title='bbox 3344 579 3540 640; x_wconf 81' lang='lat' dir='ltr'><strong>habere</strong></span> <span class='ocrx_word' id='word_1_515' title='bbox 3564 585 3681 643; x_wconf 81' lang='lat' dir='ltr'><strong>volo</strong></span> <span class='ocrx_word' id='word_1_516' title='bbox 3701 587 3761 664; x_wconf 60' lang='grc' dir='ltr'><strong>’.ι</strong></span> 
     </span>
    </p>
   </div>
   <div class='ocr_carea' id='block_1_66' title="bbox 2187 647 3757 738">
    <p class='ocr_par' dir='ltr' id='par_1_66' title="bbox 2187 647 3757 738">
     <span class='ocr_line' id='line_1_67' title="bbox 2187 647 3757 738; baseline 0.02 -36"><span class='ocrx_word' id='word_1_517' title='bbox 2187 647 2317 704; x_wconf 85' lang='lat' dir='ltr'><strong>Novi</strong></span> <span class='ocrx_word' id='word_1_518' title='bbox 2346 653 2720 712; x_wconf 87' lang='lat' dir='ltr'><strong>liberalitatem</strong></span> <span class='ocrx_word' id='word_1_519' title='bbox 2767 673 2819 717; x_wconf 90' lang='lat' dir='ltr'><strong>et</strong></span> <span class='ocrx_word' id='word_1_520' title='bbox 2865 667 3073 734; x_wconf 82' lang='lat' dir='ltr'><strong>cupiam</strong></span> <span class='ocrx_word' id='word_1_521' title='bbox 3116 669 3325 728; x_wconf 85' lang='lat' dir='ltr'><strong>Domini</strong></span> <span class='ocrx_word' id='word_1_522' title='bbox 3367 676 3492 732; x_wconf 84' lang='lat' dir='ltr'><strong>inci.</strong></span> <span class='ocrx_word' id='word_1_523' title='bbox 3525 647 3757 738; x_wconf 62' lang='lat' dir='ltr'><strong>Attameii</strong></span> 
     </span>
    </p>
   </div>
   <div class='ocr_carea' id='block_1_67' title="bbox 2186 741 3756 844">
    <p class='ocr_par' dir='ltr' id='par_1_67' title="bbox 2186 741 3756 844">
     <span class='ocr_line' id='line_1_68' title="bbox 2186 741 3756 844; baseline 0.025 -52"><span class='ocrx_word' id='word_1_524' title='bbox 2186 741 2340 796; x_wconf 84' lang='lat' dir='ltr'><strong>vidua</strong></span> <span class='ocrx_word' id='word_1_525' title='bbox 2374 762 2477 800; x_wconf 89' lang='lat' dir='ltr'><strong>non</strong></span> <span class='ocrx_word' id='word_1_526' title='bbox 2535 749 2740 806; x_wconf 83' lang='lat' dir='ltr'><strong>turbata</strong></span> <span class='ocrx_word' id='word_1_527' title='bbox 2794 767 2872 809; x_wconf 84' lang='lat' dir='ltr'><strong>est</strong></span> <span class='ocrx_word' id='word_1_528' title='bbox 2903 756 2946 824; x_wconf 83' lang='grc'>³,</span> <span class='ocrx_word' id='word_1_529' title='bbox 2980 775 3078 814; x_wconf 87' lang='lat' dir='ltr'><strong>nec</strong></span> <span class='ocrx_word' id='word_1_530' title='bbox 3120 764 3248 832; x_wconf 88' lang='lat' dir='ltr'><strong>quid</strong></span> <span class='ocrx_word' id='word_1_531' title='bbox 3305 768 3590 826; x_wconf 89' lang='lat' dir='ltr'><strong>absurdum</strong></span> <span class='ocrx_word' id='word_1_532' title='bbox 3633 779 3756 844; x_wconf 82' lang='lat' dir='ltr'><strong>cogi-</strong></span> 
     </span>
    </p>
   </div>
   <div class='ocr_carea' id='block_1_68' title="bbox 2189 836 3756 934">
    <p class='ocr_par' dir='ltr' id='par_1_68' title="bbox 2189 836 3756 934">
     <span class='ocr_line' id='line_1_69' title="bbox 2189 836 3756 934; baseline 0.022 -49"><span class='ocrx_word' id='word_1_533' title='bbox 2189 836 2336 902; x_wconf 92' lang='lat' dir='ltr'><strong>tavit,</strong></span> <span class='ocrx_word' id='word_1_534' title='bbox 2371 854 2542 909; x_wconf 87' lang='lat' dir='ltr'><strong>neque</strong></span> <span class='ocrx_word' id='word_1_535' title='bbox 2571 842 2707 897; x_wconf 75' lang='lat' dir='ltr'><strong>dixit</strong></span> <span class='ocrx_word' id='word_1_536' title='bbox 2740 861 2752 898; x_wconf 91' lang='lat'><strong>:</strong></span> <span class='ocrx_word' id='word_1_537' title='bbox 2787 846 2864 901; x_wconf 87' lang='lat' dir='ltr'><strong>Tu</strong></span> <span class='ocrx_word' id='word_1_538' title='bbox 2897 865 2955 903; x_wconf 88' lang='lat' dir='ltr'><strong>es</strong></span> <span class='ocrx_word' id='word_1_539' title='bbox 2985 853 3073 921; x_wconf 92' lang='lat' dir='ltr'><strong>qui</strong></span> <span class='ocrx_word' id='word_1_540' title='bbox 3104 853 3296 910; x_wconf 82' lang='lat' dir='ltr'><strong>famem</strong></span> <span class='ocrx_word' id='word_1_541' title='bbox 3340 857 3474 916; x_wconf 90' lang='lat' dir='ltr'><strong>banc</strong></span> <span class='ocrx_word' id='word_1_542' title='bbox 3513 836 3756 934; x_wconf 62' lang='grc' dir='ltr'>ἰιιιιιιὶεῆς</span> 
     </span>
    </p>
   </div>
   <div class='ocr_carea' id='block_1_69' title="bbox 2185 923 3758 1019">
    <p class='ocr_par' dir='ltr' id='par_1_69' title="bbox 2185 923 3758 1019">
     <span class='ocr_line' id='line_1_70' title="bbox 2185 923 3758 1019; baseline 0.022 -43"><span class='ocrx_word' id='word_1_543' title='bbox 2185 933 2240 976; x_wconf 91' lang='lat' dir='ltr'><strong>ct</strong></span> <span class='ocrx_word' id='word_1_544' title='bbox 2271 927 2320 978; x_wconf 90' lang='lat' dir='ltr'><strong>in</strong></span> <span class='ocrx_word' id='word_1_545' title='bbox 2341 923 2758 1004; x_wconf 83' lang='lat' dir='ltr'><strong>reliquiisbujus</strong></span> <span class='ocrx_word' id='word_1_546' title='bbox 2791 936 2946 994; x_wconf 69' lang='lat' dir='ltr'><strong>famis</strong></span> <span class='ocrx_word' id='word_1_547' title='bbox 2975 957 3003 996; x_wconf 90' lang='lat' dir='ltr'><strong>a</strong></span> <span class='ocrx_word' id='word_1_548' title='bbox 3035 959 3122 998; x_wconf 91' lang='lat' dir='ltr'><strong>me</strong></span> <span class='ocrx_word' id='word_1_549' title='bbox 3154 947 3346 1002; x_wconf 89' lang='lat' dir='ltr'><strong>nutriri</strong></span> <span class='ocrx_word' id='word_1_550' title='bbox 3376 951 3656 1019; x_wconf 82' lang='lat' dir='ltr'><strong>postulas?</strong></span> <span class='ocrx_word' id='word_1_551' title='bbox 3681 972 3758 1010; x_wconf 89' lang='lat' dir='ltr'><strong>ne-</strong></span> 
     </span>
    </p>
   </div>
   <div class='ocr_carea' id='block_1_70' title="bbox 2184 1020 3740 1116">
    <p class='ocr_par' dir='ltr' id='par_1_70' title="bbox 2184 1020 3740 1116">
     <span class='ocr_line' id='line_1_71' title="bbox 2184 1020 3740 1116; baseline 0.021 -47"><span class='ocrx_word' id='word_1_552' title='bbox 2184 1033 2288 1088; x_wconf 84' lang='lat' dir='ltr'><strong>que</strong></span> <span class='ocrx_word' id='word_1_553' title='bbox 2313 1020 2446 1074; x_wconf 59' lang='lat' dir='ltr'><strong>dixit</strong></span> <span class='ocrx_word' id='word_1_554' title='bbox 2478 1041 2494 1078; x_wconf 90' lang='lat'><strong>:</strong></span> <span class='ocrx_word' id='word_1_555' title='bbox 2525 1024 2722 1082; x_wconf 90' lang='lat' dir='ltr'><strong>Orbem</strong></span> <span class='ocrx_word' id='word_1_556' title='bbox 2755 1041 3013 1088; x_wconf 88' lang='lat' dir='ltr'><strong>terrarum</strong></span> <span class='ocrx_word' id='word_1_557' title='bbox 3045 1038 3131 1106; x_wconf 90' lang='lat' dir='ltr'><strong>qui</strong></span> <span class='ocrx_word' id='word_1_558' title='bbox 3164 1048 3342 1094; x_wconf 83' lang='lat' dir='ltr'><strong>tantus</strong></span> <span class='ocrx_word' id='word_1_559' title='bbox 3368 1055 3446 1098; x_wconf 89' lang='lat' dir='ltr'><strong>est</strong></span> <span class='ocrx_word' id='word_1_560' title='bbox 3474 1047 3740 1116; x_wconf 79' lang='lat' dir='ltr'><strong>neglexisti</strong></span> 
     </span>
    </p>
   </div>
   <div class='ocr_carea' id='block_1_71' title="bbox 2185 1111 3758 1209">
    <p class='ocr_par' dir='ltr' id='par_1_71' title="bbox 2185 1111 3758 1209">
     <span class='ocr_line' id='line_1_72' title="bbox 2185 1111 3758 1209; baseline 0.021 -47"><span class='ocrx_word' id='word_1_561' title='bbox 2185 1118 2240 1162; x_wconf 91' lang='lat' dir='ltr'><strong>ut</strong></span> <span class='ocrx_word' id='word_1_562' title='bbox 2263 1111 2328 1165; x_wconf 89' lang='lat' dir='ltr'><strong>ad</strong></span> <span class='ocrx_word' id='word_1_563' title='bbox 2362 1129 2446 1168; x_wconf 90' lang='lat' dir='ltr'><strong>me</strong></span> <span class='ocrx_word' id='word_1_564' title='bbox 2470 1118 2701 1187; x_wconf 86' lang='lat' dir='ltr'><strong>venires,</strong></span> <span class='ocrx_word' id='word_1_565' title='bbox 2748 1122 2989 1193; x_wconf 81' lang='lat' dir='ltr'><strong>ﬁliosque</strong></span> <span class='ocrx_word' id='word_1_566' title='bbox 3020 1144 3167 1183; x_wconf 89' lang='lat' dir='ltr'><strong>iueos</strong></span> <span class='ocrx_word' id='word_1_567' title='bbox 3200 1129 3340 1186; x_wconf 85' lang='lat' dir='ltr'><strong>fame</strong></span> <span class='ocrx_word' id='word_1_568' title='bbox 3381 1150 3632 1204; x_wconf 85' lang='lat' dir='ltr'><strong>necares,</strong></span> <span class='ocrx_word' id='word_1_569' title='bbox 3658 1139 3758 1209; x_wconf 82' lang='lat' dir='ltr'><strong>ipse</strong></span> 
     </span>
    </p>
   </div>
   <div class='ocr_carea' id='block_1_72' title="bbox 2185 1199 3757 1299">
    <p class='ocr_par' dir='ltr' id='par_1_72' title="bbox 2185 1199 3757 1299">
     <span class='ocr_line' id='line_1_73' title="bbox 2185 1199 3757 1299; baseline 0.021 -46"><span class='ocrx_word' id='word_1_570' title='bbox 2185 1199 2344 1258; x_wconf 87' lang='lat' dir='ltr'><strong>famis</strong></span> <span class='ocrx_word' id='word_1_571' title='bbox 2390 1209 2613 1263; x_wconf 86' lang='lat' dir='ltr'><strong>auctor?</strong></span> <span class='ocrx_word' id='word_1_572' title='bbox 2639 1212 2732 1265; x_wconf 89' lang='lat' dir='ltr'><strong>sed</strong></span> <span class='ocrx_word' id='word_1_573' title='bbox 2767 1215 3116 1272; x_wconf 62' lang='lat' dir='ltr'><strong>Abraliainica</strong></span> <span class='ocrx_word' id='word_1_574' title='bbox 3163 1221 3248 1276; x_wconf 89' lang='lat' dir='ltr'><strong>illa</strong></span> <span class='ocrx_word' id='word_1_575' title='bbox 3298 1225 3491 1280; x_wconf 87' lang='lat' dir='ltr'><strong>mulier</strong></span> <span class='ocrx_word' id='word_1_576' title='bbox 3537 1229 3757 1299; x_wconf 85' lang='lat' dir='ltr'><strong>ingressa</strong></span> 
     </span>
    </p>
   </div>
   <div class='ocr_carea' id='block_1_73' title="bbox 2185 1293 3758 1384">
    <p class='ocr_par' dir='ltr' id='par_1_73' title="bbox 2185 1293 3758 1384">
     <span class='ocr_line' id='line_1_74' title="bbox 2185 1293 3758 1384; baseline 0.02 -40"><span class='ocrx_word' id='word_1_577' title='bbox 2185 1293 2307 1348; x_wconf 81' lang='lat' dir='ltr'><strong>fecit</strong></span> <span class='ocrx_word' id='word_1_578' title='bbox 2360 1295 2408 1350; x_wconf 92' lang='lat' dir='ltr'><strong>id</strong></span> <span class='ocrx_word' id='word_1_579' title='bbox 2458 1299 2598 1368; x_wconf 91' lang='lat' dir='ltr'><strong>quod</strong></span> <span class='ocrx_word' id='word_1_580' title='bbox 2634 1305 2890 1372; x_wconf 83' lang='lat' dir='ltr'><strong>propheta</strong></span> <span class='ocrx_word' id='word_1_581' title='bbox 2923 1308 3137 1364; x_wconf 83' lang='lat' dir='ltr'><strong>dixerat</strong></span> <span class='ocrx_word' id='word_1_582' title='bbox 3167 1328 3182 1377; x_wconf 90' lang='lat'><strong>;</strong></span> <span class='ocrx_word' id='word_1_583' title='bbox 3212 1315 3500 1384; x_wconf 71' lang='lat' dir='ltr'><strong>Videreque</strong></span> <span class='ocrx_word' id='word_1_584' title='bbox 3541 1331 3651 1375; x_wconf 88' lang='lat' dir='ltr'><strong>erat</strong></span> <span class='ocrx_word' id='word_1_585' title='bbox 3691 1323 3758 1376; x_wconf 88' lang='lat' dir='ltr'><strong>vi-</strong></span> 
     </span>
    </p>
   </div>
   <div class='ocr_carea' id='block_1_74' title="bbox 2181 1385 3756 1482">
    <p class='ocr_par' dir='ltr' id='par_1_74' title="bbox 2181 1385 3756 1482">
     <span class='ocr_line' id='line_1_75' title="bbox 2181 1385 3756 1482; baseline 0.019 -45"><span class='ocrx_word' id='word_1_586' title='bbox 2181 1385 2339 1441; x_wconf 85' lang='lat' dir='ltr'><strong>duam</strong></span> <span class='ocrx_word' id='word_1_587' title='bbox 2384 1390 2500 1458; x_wconf 83' lang='lat' dir='ltr'><strong>ipso</strong></span> <span class='ocrx_word' id='word_1_588' title='bbox 2530 1393 2838 1452; x_wconf 83' lang='lat' dir='ltr'><strong>Abraliamo</strong></span> <span class='ocrx_word' id='word_1_589' title='bbox 2878 1399 3302 1472; x_wconf 73' lang='lat' dir='ltr'><strong>hospitaliorum.</strong></span> <span class='ocrx_word' id='word_1_590' title='bbox 3340 1408 3433 1462; x_wconf 75' lang='lat' dir='ltr'><strong>Ille</strong></span> <span class='ocrx_word' id='word_1_591' title='bbox 3463 1411 3606 1465; x_wconf 87' lang='lat' dir='ltr'><strong>enim</strong></span> <span class='ocrx_word' id='word_1_592' title='bbox 3637 1432 3756 1482; x_wconf 89' lang='lat' dir='ltr'><strong>opu-</strong></span> 
     </span>
    </p>
   </div>
   <div class='ocr_carea' id='block_1_75' title="bbox 2180 1473 3757 1574">
    <p class='ocr_par' dir='ltr' id='par_1_75' title="bbox 2180 1473 3757 1574">
     <span class='ocr_line' id='line_1_76' title="bbox 2180 1473 3757 1574; baseline 0.019 -44"><span class='ocrx_word' id='word_1_593' title='bbox 2180 1473 2358 1533; x_wconf 85' lang='lat' dir='ltr'><strong>leutiis</strong></span> <span class='ocrx_word' id='word_1_594' title='bbox 2403 1497 2525 1536; x_wconf 86' lang='lat' dir='ltr'><strong>cum</strong></span> <span class='ocrx_word' id='word_1_595' title='bbox 2581 1497 2757 1555; x_wconf 89' lang='lat' dir='ltr'><strong>esset,</strong></span> <span class='ocrx_word' id='word_1_596' title='bbox 2806 1494 3025 1560; x_wconf 83' lang='lat' dir='ltr'><strong>angelos</strong></span> <span class='ocrx_word' id='word_1_597' title='bbox 3076 1495 3310 1567; x_wconf 80' lang='lat' dir='ltr'><strong>hospitio</strong></span> <span class='ocrx_word' id='word_1_598' title='bbox 3354 1503 3603 1574; x_wconf 82' lang='lat' dir='ltr'><strong>excepit;</strong></span> <span class='ocrx_word' id='word_1_599' title='bbox 3656 1505 3757 1560; x_wconf 65' lang='lat' dir='ltr'><strong>bare</strong></span> 
     </span>
    </p>
   </div>
   <div class='ocr_carea' id='block_1_76' title="bbox 2181 1572 3754 1666">
    <p class='ocr_par' dir='ltr' id='par_1_76' title="bbox 2181 1572 3754 1666">
     <span class='ocr_line' id='line_1_77' title="bbox 2181 1572 3754 1666; baseline 0.019 -44"><span class='ocrx_word' id='word_1_600' title='bbox 2181 1585 2308 1624; x_wconf 87' lang='lat' dir='ltr'><strong>vero</strong></span> <span class='ocrx_word' id='word_1_601' title='bbox 2333 1587 2397 1626; x_wconf 79' lang='lat' dir='ltr'><strong>ex</strong></span> <span class='ocrx_word' id='word_1_602' title='bbox 2431 1572 2572 1630; x_wconf 88' lang='lat' dir='ltr'><strong>fame</strong></span> <span class='ocrx_word' id='word_1_603' title='bbox 2601 1577 2872 1638; x_wconf 86' lang='lat' dir='ltr'><strong>interitum</strong></span> <span class='ocrx_word' id='word_1_604' title='bbox 2917 1597 3238 1656; x_wconf 81' lang='lat' dir='ltr'><strong>exspectans</strong></span> <span class='ocrx_word' id='word_1_605' title='bbox 3258 1632 3271 1653; x_wconf 92' lang='lat'><strong>,</strong></span> <span class='ocrx_word' id='word_1_606' title='bbox 3303 1595 3516 1663; x_wconf 82' lang='lat' dir='ltr'><strong>excepit</strong></span> <span class='ocrx_word' id='word_1_607' title='bbox 3542 1597 3754 1666; x_wconf 80' lang='lat' dir='ltr'><strong>prophe-</strong></span> 
     </span>
    </p>
   </div>
   <div class='ocr_carea' id='block_1_77' title="bbox 2181 1663 3756 1758">
    <p class='ocr_par' dir='ltr' id='par_1_77' title="bbox 2181 1663 3756 1758">
     <span class='ocr_line' id='line_1_78' title="bbox 2181 1663 3756 1758; baseline 0.021 -46"><span class='ocrx_word' id='word_1_608' title='bbox 2181 1668 2310 1716; x_wconf 88' lang='lat' dir='ltr'><strong>tam.</strong></span> <span class='ocrx_word' id='word_1_609' title='bbox 2333 1663 2633 1738; x_wconf 65' lang='lat' dir='ltr'><strong>Videreque</strong></span> <span class='ocrx_word' id='word_1_610' title='bbox 2655 1683 2770 1726; x_wconf 90' lang='lat' dir='ltr'><strong>erat</strong></span> <span class='ocrx_word' id='word_1_611' title='bbox 2793 1685 3036 1732; x_wconf 83' lang='lat' dir='ltr'><strong>naturam</strong></span> <span class='ocrx_word' id='word_1_612' title='bbox 3055 1690 3440 1753; x_wconf 88' lang='lat' dir='ltr'><strong>contemptam,</strong></span> <span class='ocrx_word' id='word_1_613' title='bbox 3467 1697 3520 1741; x_wconf 85' lang='lat' dir='ltr'><strong>et</strong></span> <span class='ocrx_word' id='word_1_614' title='bbox 3538 1688 3756 1758; x_wconf 81' lang='lat' dir='ltr'><strong>b05pita-</strong></span> 
     </span>
    </p>
   </div>
   <div class='ocr_carea' id='block_1_78' title="bbox 2179 1755 3754 1851">
    <p class='ocr_par' dir='ltr' id='par_1_78' title="bbox 2179 1755 3754 1851">
     <span class='ocr_line' id='line_1_79' title="bbox 2179 1755 3754 1851; baseline 0.019 -42"><span class='ocrx_word' id='word_1_615' title='bbox 2179 1755 2379 1813; x_wconf 86' lang='lat' dir='ltr'><strong>lilatem</strong></span> <span class='ocrx_word' id='word_1_616' title='bbox 2428 1760 2745 1821; x_wconf 86' lang='lat' dir='ltr'><strong>honoratam</strong></span> <span class='ocrx_word' id='word_1_617' title='bbox 2778 1787 2792 1824; x_wconf 89' lang='lat'><strong>:</strong></span> <span class='ocrx_word' id='word_1_618' title='bbox 2821 1771 3004 1827; x_wconf 90' lang='lat' dir='ltr'><strong>videre</strong></span> <span class='ocrx_word' id='word_1_619' title='bbox 3032 1786 3151 1832; x_wconf 88' lang='lat' dir='ltr'><strong>erat</strong></span> <span class='ocrx_word' id='word_1_620' title='bbox 3176 1776 3378 1833; x_wconf 78' lang='lat' dir='ltr'><strong>viscera</strong></span> <span class='ocrx_word' id='word_1_621' title='bbox 3412 1781 3644 1851; x_wconf 85' lang='lat' dir='ltr'><strong>proje&#39;cta</strong></span> <span class='ocrx_word' id='word_1_622' title='bbox 3665 1827 3678 1848; x_wconf 93' lang='lat'><strong>,</strong></span> <span class='ocrx_word' id='word_1_623' title='bbox 3705 1794 3754 1841; x_wconf 83' lang='lat' dir='ltr'><strong>et</strong></span> 
     </span>
    </p>
   </div>
   <div class='ocr_carea' id='block_1_79' title="bbox 2177 1850 3756 1931">
    <p class='ocr_par' dir='ltr' id='par_1_79' title="bbox 2177 1850 3756 1931">
     <span class='ocr_line' id='line_1_80' title="bbox 2177 1850 3756 1931; baseline 0.021 -33"><span class='ocrx_word' id='word_1_624' title='bbox 2177 1850 2492 1919; x_wconf 83' lang='lat' dir='ltr'><strong>prephetam</strong></span> <span class='ocrx_word' id='word_1_625' title='bbox 2539 1869 2844 1929; x_wconf 88' lang='lat' dir='ltr'><strong>susceptum</strong></span> <span class='ocrx_word' id='word_1_626' title='bbox 2875 1879 2890 1928; x_wconf 89' lang='lat'><strong>;</strong></span> <span class='ocrx_word' id='word_1_627' title='bbox 2925 1873 3088 1920; x_wconf 87' lang='lat' dir='ltr'><strong>totam</strong></span> <span class='ocrx_word' id='word_1_628' title='bbox 3141 1869 3371 1925; x_wconf 81' lang='lat' dir='ltr'><strong>filiorum</strong></span> <span class='ocrx_word' id='word_1_629' title='bbox 3419 1850 3640 1928; x_wconf 86' lang='lat' dir='ltr'><strong>turbam</strong></span> <span class='ocrx_word' id='word_1_630' title='bbox 3681 1890 3756 1931; x_wconf 84' lang='lat' dir='ltr'><strong>se-</strong></span> 
     </span>
    </p>
   </div>
   <div class='ocr_carea' id='block_1_80' title="bbox 2175 1941 3751 2038">
    <p class='ocr_par' dir='ltr' id='par_1_80' title="bbox 2175 1941 3751 2038">
     <span class='ocr_line' id='line_1_81' title="bbox 2175 1941 3751 2038; baseline 0.021 -48"><span class='ocrx_word' id='word_1_631' title='bbox 2175 1941 2418 2007; x_wconf 85' lang='lat' dir='ltr'><strong>pulcrum</strong></span> <span class='ocrx_word' id='word_1_632' title='bbox 2450 1945 2627 2002; x_wconf 70' lang='lat' dir='ltr'><strong>ell‘ecit</strong></span> <span class='ocrx_word' id='word_1_633' title='bbox 2655 1967 2669 2004; x_wconf 89' lang='lat'>:</span> <span class='ocrx_word' id='word_1_634' title='bbox 2693 1963 2950 2020; x_wconf 89' lang='lat' dir='ltr'><strong>quantum</strong></span> <span class='ocrx_word' id='word_1_635' title='bbox 2978 1958 3120 2013; x_wconf 89' lang='lat' dir='ltr'><strong>enim</strong></span> <span class='ocrx_word' id='word_1_636' title='bbox 3154 1958 3253 2016; x_wconf 87' lang='lat' dir='ltr'><strong>fuit</strong></span> <span class='ocrx_word' id='word_1_637' title='bbox 3277 1963 3452 2019; x_wconf 71' lang='lat' dir='ltr'><strong>vidua:</strong></span> <span class='ocrx_word' id='word_1_638' title='bbox 3485 1966 3537 2020; x_wconf 90' lang='lat' dir='ltr'><strong>in</strong></span> <span class='ocrx_word' id='word_1_639' title='bbox 3568 1978 3751 2038; x_wconf 84' lang='lat' dir='ltr'><strong>propo-</strong></span> 
     </span>
    </p>
   </div>
   <div class='ocr_carea' id='block_1_81' title="bbox 2175 2031 3754 2122">
    <p class='ocr_par' dir='ltr' id='par_1_81' title="bbox 2175 2031 3754 2122">
     <span class='ocr_line' id='line_1_82' title="bbox 2175 2031 3754 2122; baseline 0.018 -38"><span class='ocrx_word' id='word_1_640' title='bbox 2175 2031 2303 2095; x_wconf 87' lang='lat' dir='ltr'><strong>sito,</strong></span> <span class='ocrx_word' id='word_1_641' title='bbox 2331 2034 2405 2088; x_wconf 90' lang='lat' dir='ltr'><strong>illi</strong></span> <span class='ocrx_word' id='word_1_642' title='bbox 2436 2039 2634 2092; x_wconf 89' lang='lat' dir='ltr'><strong>mortui</strong></span> <span class='ocrx_word' id='word_1_643' title='bbox 2665 2052 2822 2110; x_wconf 88' lang='lat' dir='ltr'><strong>sunt,</strong></span> <span class='ocrx_word' id='word_1_644' title='bbox 2853 2046 2946 2101; x_wconf 89' lang='lat' dir='ltr'><strong>sed</strong></span> <span class='ocrx_word' id='word_1_645' title='bbox 2977 2049 3068 2102; x_wconf 92' lang='lat' dir='ltr'><strong>Dei</strong></span> <span class='ocrx_word' id='word_1_646' title='bbox 3102 2050 3431 2122; x_wconf 85' lang='lat' dir='ltr'><strong>benignitate</strong></span> <span class='ocrx_word' id='word_1_647' title='bbox 3463 2031 3754 2113; x_wconf 53' lang='grc' dir='ltr'>[ςιςιιιιιίθδῑ</span> 
     </span>
    </p>
   </div>
   <div class='ocr_carea' id='block_1_82' title="bbox 2175 2127 3752 2220">
    <p class='ocr_par' dir='ltr' id='par_1_82' title="bbox 2175 2127 3752 2220">
     <span class='ocr_line' id='line_1_83' title="bbox 2175 2127 3752 2220; baseline 0.02 -45"><span class='ocrx_word' id='word_1_648' title='bbox 2175 2134 2233 2176; x_wconf 86' lang='lat' dir='ltr'><strong>ut</strong></span> <span class='ocrx_word' id='word_1_649' title='bbox 2264 2127 2508 2184; x_wconf 88' lang='lat' dir='ltr'><strong>viverent</strong></span> <span class='ocrx_word' id='word_1_650' title='bbox 2534 2141 2587 2186; x_wconf 89' lang='lat' dir='ltr'><strong>et</strong></span> <span class='ocrx_word' id='word_1_651' title='bbox 2628 2135 2922 2192; x_wconf 85' lang='lat' dir='ltr'><strong>incolumes</strong></span> <span class='ocrx_word' id='word_1_652' title='bbox 2951 2153 3150 2196; x_wconf 90' lang='lat' dir='ltr'><strong>essent.</strong></span> <span class='ocrx_word' id='word_1_653' title='bbox 3175 2144 3366 2214; x_wconf 84' lang='lat' dir='ltr'><strong>Nescio</strong></span> <span class='ocrx_word' id='word_1_654' title='bbox 3394 2149 3588 2218; x_wconf 89' lang='lat' dir='ltr'><strong>quibus</strong></span> <span class='ocrx_word' id='word_1_655' title='bbox 3627 2167 3752 2220; x_wconf 73' lang='lat' dir='ltr'><strong>pue-</strong></span> 
     </span>
    </p>
   </div>
   <div class='ocr_carea' id='block_1_83' title="bbox 2174 2219 3753 2314">
    <p class='ocr_par' dir='ltr' id='par_1_83' title="bbox 2174 2219 3753 2314">
     <span class='ocr_line' id='line_1_84' title="bbox 2174 2219 3753 2314; baseline 0.017 -43"><span class='ocrx_word' id='word_1_656' title='bbox 2174 2219 2346 2274; x_wconf 88' lang='lat' dir='ltr'><strong>couiis</strong></span> <span class='ocrx_word' id='word_1_657' title='bbox 2375 2222 2586 2278; x_wconf 82' lang='lat' dir='ltr'><strong>viduam</strong></span> <span class='ocrx_word' id='word_1_658' title='bbox 2619 2227 2904 2284; x_wconf 86' lang='lat' dir='ltr'><strong>celebrabo</strong></span> <span class='ocrx_word' id='word_1_659' title='bbox 2929 2249 2942 2286; x_wconf 90' lang='lat'>:</span> <span class='ocrx_word' id='word_1_660' title='bbox 2971 2237 3240 2304; x_wconf 85' lang='lat' dir='ltr'><strong>quomodo</strong></span> <span class='ocrx_word' id='word_1_661' title='bbox 3265 2239 3402 2295; x_wconf 84' lang='lat' dir='ltr'><strong>filios</strong></span> <span class='ocrx_word' id='word_1_662' title='bbox 3427 2244 3753 2314; x_wconf 85' lang='lat' dir='ltr'><strong>contempsit,</strong></span> 
     </span>
    </p>
   </div>
   <div class='ocr_carea' id='block_1_84' title="bbox 2174 2313 3753 2407">
    <p class='ocr_par' dir='ltr' id='par_1_84' title="bbox 2174 2313 3753 2407">
     <span class='ocr_line' id='line_1_85' title="bbox 2174 2313 3753 2407; baseline 0.016 -42"><span class='ocrx_word' id='word_1_663' title='bbox 2174 2325 2226 2366; x_wconf 89' lang='lat' dir='ltr'><strong>et</strong></span> <span class='ocrx_word' id='word_1_664' title='bbox 2256 2313 2672 2386; x_wconf 80' lang='lat' dir='ltr'><strong>hospitalitatem</strong></span> <span class='ocrx_word' id='word_1_665' title='bbox 2697 2323 2944 2393; x_wconf 75' lang='lat' dir='ltr'><strong>amplexa</strong></span> <span class='ocrx_word' id='word_1_666' title='bbox 2975 2337 3060 2382; x_wconf 87' lang='lat' dir='ltr'><strong>est</strong></span> <span class='ocrx_word' id='word_1_667' title='bbox 3093 2346 3107 2382; x_wconf 91' lang='lat'><strong>:</strong></span> <span class='ocrx_word' id='word_1_668' title='bbox 3137 2333 3408 2401; x_wconf 88' lang='lat' dir='ltr'><strong>quomodo</strong></span> <span class='ocrx_word' id='word_1_669' title='bbox 3437 2347 3624 2392; x_wconf 88' lang='lat' dir='ltr'><strong>natura</strong></span> <span class='ocrx_word' id='word_1_670' title='bbox 3652 2337 3753 2407; x_wconf 85' lang='lat' dir='ltr'><strong>ejus</strong></span> 
     </span>
    </p>
   </div>
   <div class='ocr_carea' id='block_1_85' title="bbox 2175 2411 3754 2499">
    <p class='ocr_par' dir='ltr' id='par_1_85' title="bbox 2175 2411 3754 2499">
     <span class='ocr_line' id='line_1_86' title="bbox 2175 2411 3754 2499; baseline 0.015 -39"><span class='ocrx_word' id='word_1_671' title='bbox 2175 2421 2280 2460; x_wconf 86' lang='lat' dir='ltr'><strong>lion</strong></span> <span class='ocrx_word' id='word_1_672' title='bbox 2324 2411 2622 2480; x_wconf 83' lang='lat' dir='ltr'><strong>contabuit,</strong></span> <span class='ocrx_word' id='word_1_673' title='bbox 2643 2415 2727 2470; x_wconf 83' lang='lat' dir='ltr'><strong>vel</strong></span> <span class='ocrx_word' id='word_1_674' title='bbox 2759 2419 2954 2474; x_wconf 78' lang='lat' dir='ltr'><strong>matrix</strong></span> <span class='ocrx_word' id='word_1_675' title='bbox 2983 2437 3088 2477; x_wconf 80' lang='lat' dir='ltr'><strong>non</strong></span> <span class='ocrx_word' id='word_1_676' title='bbox 3116 2434 3316 2480; x_wconf 89' lang='lat' dir='ltr'><strong>mutata</strong></span> <span class='ocrx_word' id='word_1_677' title='bbox 3351 2425 3475 2494; x_wconf 89' lang='lat' dir='ltr'><strong>fuit,</strong></span> <span class='ocrx_word' id='word_1_678' title='bbox 3502 2427 3754 2499; x_wconf 90' lang='lat' dir='ltr'><strong>quomodo</strong></span> 
     </span>
    </p>
   </div>
   <div class='ocr_carea' id='block_1_86' title="bbox 2173 2503 3752 2580">
    <p class='ocr_par' dir='ltr' id='par_1_86' title="bbox 2173 2503 3752 2580">
     <span class='ocr_line' id='line_1_87' title="bbox 2173 2503 3752 2580; baseline 0.015 -26"><span class='ocrx_word' id='word_1_679' title='bbox 2173 2503 2380 2559; x_wconf 64' lang='lat' dir='ltr'><strong>viscera</strong></span> <span class='ocrx_word' id='word_1_680' title='bbox 2407 2505 2524 2576; x_wconf 89' lang='lat' dir='ltr'><strong>ejus</strong></span> <span class='ocrx_word' id='word_1_681' title='bbox 2566 2524 2670 2563; x_wconf 92' lang='lat' dir='ltr'><strong>non</strong></span> <span class='ocrx_word' id='word_1_682' title='bbox 2695 2510 2952 2567; x_wconf 91' lang='lat' dir='ltr'><strong>dissoluta</strong></span> <span class='ocrx_word' id='word_1_683' title='bbox 2982 2523 3124 2580; x_wconf 90' lang='lat' dir='ltr'><strong>sunt,</strong></span> <span class='ocrx_word' id='word_1_684' title='bbox 3154 2533 3273 2572; x_wconf 91' lang='lat' dir='ltr'><strong>cum</strong></span> <span class='ocrx_word' id='word_1_685' title='bbox 3317 2519 3527 2575; x_wconf 80' lang='lat' dir='ltr'><strong>videret</strong></span> <span class='ocrx_word' id='word_1_686' title='bbox 3563 2521 3752 2576; x_wconf 81' lang='lat' dir='ltr'><strong>turbam</strong></span> 
     </span>
    </p>
   </div>
   <div class='ocr_carea' id='block_1_87' title="bbox 2172 2595 3751 2681">
    <p class='ocr_par' dir='ltr' id='par_1_87' title="bbox 2172 2595 3751 2681">
     <span class='ocr_line' id='line_1_88' title="bbox 2172 2595 3751 2681; baseline 0.011 -31"><span class='ocrx_word' id='word_1_687' title='bbox 2172 2595 2432 2666; x_wconf 83' lang='lat' dir='ltr'><strong>integram</strong></span> <span class='ocrx_word' id='word_1_688' title='bbox 2505 2600 2736 2657; x_wconf 83' lang='lat' dir='ltr'><strong>ﬁliorum</strong></span> <span class='ocrx_word' id='word_1_689' title='bbox 2797 2621 2920 2660; x_wconf 82' lang='lat' dir='ltr'><strong>mox</strong></span> <span class='ocrx_word' id='word_1_690' title='bbox 2977 2607 3116 2663; x_wconf 89' lang='lat' dir='ltr'><strong>fame</strong></span> <span class='ocrx_word' id='word_1_691' title='bbox 3168 2614 3618 2681; x_wconf 80' lang='lat' dir='ltr'><strong>consumendum;</strong></span> <span class='ocrx_word' id='word_1_692' title='bbox 3666 2613 3751 2668; x_wconf 79' lang='lat' dir='ltr'><strong>sed</strong></span> 
     </span>
    </p>
   </div>
   <div class='ocr_carea' id='block_1_88' title="bbox 2170 2689 3748 2776">
    <p class='ocr_par' dir='ltr' id='par_1_88' title="bbox 2170 2689 3748 2776">
     <span class='ocr_line' id='line_1_89' title="bbox 2170 2689 3748 2776; baseline 0.013 -36"><span class='ocrx_word' id='word_1_693' title='bbox 2170 2689 2420 2744; x_wconf 89' lang='lat' dir='ltr'><strong>oumibus</strong></span> <span class='ocrx_word' id='word_1_694' title='bbox 2450 2690 2726 2762; x_wconf 87' lang='lat' dir='ltr'><strong>s&#39;upcrior,</strong></span> <span class='ocrx_word' id='word_1_695' title='bbox 2757 2696 3073 2766; x_wconf 88' lang='lat' dir='ltr'><strong>prophetam</strong></span> <span class='ocrx_word' id='word_1_696' title='bbox 3108 2700 3341 2770; x_wconf 81' lang='lat' dir='ltr'><strong>hospitio</strong></span> <span class='ocrx_word' id='word_1_697' title='bbox 3381 2706 3602 2776; x_wconf 86' lang='lat' dir='ltr'><strong>recepit.</strong></span> <span class='ocrx_word' id='word_1_698' title='bbox 3629 2707 3748 2760; x_wconf 77' lang='lat' dir='ltr'><strong>Cum</strong></span> 
     </span>
    </p>
   </div>
   <div class='ocr_carea' id='block_1_89' title="bbox 2171 2781 3750 2864">
    <p class='ocr_par' dir='ltr' id='par_1_89' title="bbox 2171 2781 3750 2864">
     <span class='ocr_line' id='line_1_90' title="bbox 2171 2781 3750 2864; baseline 0.013 -32"><span class='ocrx_word' id='word_1_699' title='bbox 2171 2781 2468 2850; x_wconf 64' lang='lat' dir='ltr'><strong>accepisset</strong></span> <span class='ocrx_word' id='word_1_700' title='bbox 2505 2793 2682 2839; x_wconf 85' lang='lat' dir='ltr'><strong>autem</strong></span> <span class='ocrx_word' id='word_1_701' title='bbox 2727 2788 2985 2857; x_wconf 88' lang='lat' dir='ltr'><strong>propheta</strong></span> <span class='ocrx_word' id='word_1_702' title='bbox 3038 2801 3092 2846; x_wconf 89' lang='lat' dir='ltr'><strong>et</strong></span> <span class='ocrx_word' id='word_1_703' title='bbox 3139 2795 3500 2864; x_wconf 82' lang='lat' dir='ltr'><strong>comedisset,</strong></span> <span class='ocrx_word' id='word_1_704' title='bbox 3553 2799 3750 2854; x_wconf 89' lang='lat' dir='ltr'><strong>dcuiuni</strong></span> 
     </span>
    </p>
   </div>
   <div class='ocr_carea' id='block_1_90' title="bbox 2171 2871 3748 2957">
    <p class='ocr_par' dir='ltr' id='par_1_90' title="bbox 2171 2871 3748 2957">
     <span class='ocr_line' id='line_1_91' title="bbox 2171 2871 3748 2957; baseline 0.013 -35"><span class='ocrx_word' id='word_1_705' title='bbox 2171 2871 2474 2926; x_wconf 87' lang='lat' dir='ltr'><strong>mercedem</strong></span> <span class='ocrx_word' id='word_1_706' title='bbox 2506 2876 2789 2932; x_wconf 89' lang='lat' dir='ltr'><strong>retribuit:</strong></span> <span class='ocrx_word' id='word_1_707' title='bbox 2822 2878 3237 2950; x_wconf 84' lang='lat' dir='ltr'><strong>h05pitalitateiii</strong></span> <span class='ocrx_word' id='word_1_708' title='bbox 3274 2885 3430 2941; x_wconf 87' lang='lat' dir='ltr'><strong>vidua</strong></span> <span class='ocrx_word' id='word_1_709' title='bbox 3461 2889 3748 2957; x_wconf 86' lang='lat' dir='ltr'><strong>seminavit,</strong></span> 
     </span>
    </p>
   </div>
   <div class='ocr_carea' id='block_1_91' title="bbox 2117 2964 3746 3053">
    <p class='ocr_par' dir='ltr' id='par_1_91' title="bbox 2117 2964 3746 3053">
     <span class='ocr_line' id='line_1_92' title="bbox 2117 2964 3746 3053; baseline 0.012 -39"><span class='ocrx_word' id='word_1_710' title='bbox 2117 3031 2122 3038; x_wconf 26' lang='grc' dir='ltr'><em>ο</em></span> <span class='ocrx_word' id='word_1_711' title='bbox 2170 2964 2460 3034; x_wconf 88' lang='lat' dir='ltr'><strong>statimque</strong></span> <span class='ocrx_word' id='word_1_712' title='bbox 2509 2967 2890 3039; x_wconf 89' lang='lat' dir='ltr'><strong>hospitalitatis</strong></span> <span class='ocrx_word' id='word_1_713' title='bbox 2939 2979 3492 3044; x_wconf 80' lang='lat' dir='ltr'><strong>spicam,comanteni</strong></span> <span class='ocrx_word' id='word_1_714' title='bbox 3529 2983 3746 3053; x_wconf 86' lang='lat' dir='ltr'><strong>collegit.</strong></span> 
     </span>
    </p>
   </div>
   <div class='ocr_carea' id='block_1_92' title="bbox 2169 3055 3749 3148">
    <p class='ocr_par' dir='ltr' id='par_1_92' title="bbox 2169 3055 3749 3148">
     <span class='ocr_line' id='line_1_93' title="bbox 2169 3055 3749 3148; baseline 0.013 -41"><span class='ocrx_word' id='word_1_715' title='bbox 2169 3055 2309 3124; x_wconf 85' lang='lat' dir='ltr'><strong>Quid</strong></span> <span class='ocrx_word' id='word_1_716' title='bbox 2337 3059 2478 3114; x_wconf 90' lang='lat' dir='ltr'><strong>enim</strong></span> <span class='ocrx_word' id='word_1_717' title='bbox 2507 3061 2574 3115; x_wconf 90' lang='lat' dir='ltr'><strong>ad</strong></span> <span class='ocrx_word' id='word_1_718' title='bbox 2603 3078 2719 3116; x_wconf 88' lang='lat' dir='ltr'><strong>eam</strong></span> <span class='ocrx_word' id='word_1_719' title='bbox 2747 3063 2965 3121; x_wconf 84' lang='lat' dir='ltr'><strong>Helias?</strong></span> <span class='ocrx_word' id='word_1_720' title='bbox 3001 3067 3128 3122; x_wconf 79' lang='lat' dir='ltr'><strong>Vivit</strong></span> <span class='ocrx_word' id='word_1_721' title='bbox 3158 3070 3406 3127; x_wconf 84' lang='lat' dir='ltr'><strong>Dominus</strong></span> <span class='ocrx_word' id='word_1_722' title='bbox 3427 3114 3444 3139; x_wconf 94' lang='lat'><strong>,</strong></span> <span class='ocrx_word' id='word_1_723' title='bbox 3475 3076 3652 3147; x_wconf 72' lang='lat' dir='ltr'><strong>hydria</strong></span> <span class='ocrx_word' id='word_1_724' title='bbox 3679 3078 3749 3148; x_wconf 73' lang='lat' dir='ltr'><strong>fa-</strong></span> 
     </span>
    </p>
   </div>
   <div class='ocr_carea' id='block_1_93' title="bbox 2169 3149 3745 3239">
    <p class='ocr_par' dir='ltr' id='par_1_93' title="bbox 2169 3149 3745 3239">
     <span class='ocr_line' id='line_1_94' title="bbox 2169 3149 3745 3239; baseline 0.013 -38"><span class='ocrx_word' id='word_1_725' title='bbox 2169 3149 2296 3205; x_wconf 74' lang='lat' dir='ltr'><strong>rina:</strong></span> <span class='ocrx_word' id='word_1_726' title='bbox 2324 3167 2424 3205; x_wconf 85' lang='lat' dir='ltr'><strong>non</strong></span> <span class='ocrx_word' id='word_1_727' title='bbox 2455 3153 2672 3222; x_wconf 77' lang='lat' dir='ltr'><strong>deﬁciet,</strong></span> <span class='ocrx_word' id='word_1_728' title='bbox 2700 3167 2747 3211; x_wconf 86' lang='lat' dir='ltr'><strong>et</strong></span> <span class='ocrx_word' id='word_1_729' title='bbox 2773 3158 3004 3228; x_wconf 80' lang='lat' dir='ltr'><strong>lecyt/ius</strong></span> <span class='ocrx_word' id='word_1_730' title='bbox 3029 3161 3129 3217; x_wconf 83' lang='lat' dir='ltr'><strong>olei</strong></span> <span class='ocrx_word' id='word_1_731' title='bbox 3156 3181 3258 3218; x_wconf 87' lang='lat' dir='ltr'><strong>non</strong></span> <span class='ocrx_word' id='word_1_732' title='bbox 3289 3167 3652 3239; x_wconf 84' lang='lat' dir='ltr'><strong>imminuetur(</strong></span> <span class='ocrx_word' id='word_1_733' title='bbox 3673 3168 3745 3223; x_wconf 75' lang='grc' dir='ltr'>ιι.</span> 
     </span>
    </p>
   </div>
   <div class='ocr_carea' id='block_1_94' title="bbox 2171 3239 3746 3323">
    <p class='ocr_par' dir='ltr' id='par_1_94' title="bbox 2171 3239 3746 3323">
     <span class='ocr_line' id='line_1_95' title="bbox 2171 3239 3746 3323; baseline 0.015 -30"><span class='ocrx_word' id='word_1_734' title='bbox 2171 3257 2220 3294; x_wconf 83' lang='grc' dir='ltr'><strong>υ.</strong></span> <span class='ocrx_word' id='word_1_735' title='bbox 2255 3239 2364 3312; x_wconf 71' lang='lat' dir='ltr'><strong>lt).</strong></span> <span class='ocrx_word' id='word_1_736' title='bbox 2395 3243 2556 3300; x_wconf 85' lang='lat' dir='ltr'><strong>Facta</strong></span> <span class='ocrx_word' id='word_1_737' title='bbox 2587 3258 2672 3302; x_wconf 88' lang='lat' dir='ltr'><strong>est</strong></span> <span class='ocrx_word' id='word_1_738' title='bbox 2695 3249 2867 3304; x_wconf 69' lang='lat' dir='ltr'><strong>viduae</strong></span> <span class='ocrx_word' id='word_1_739' title='bbox 2889 3252 3107 3307; x_wconf 80' lang='lat' dir='ltr'><strong>dextera</strong></span> <span class='ocrx_word' id='word_1_740' title='bbox 3141 3257 3374 3312; x_wconf 78' lang='lat' dir='ltr'><strong>torcular</strong></span> <span class='ocrx_word' id='word_1_741' title='bbox 3395 3298 3410 3323; x_wconf 93' lang='lat'><strong>,</strong></span> <span class='ocrx_word' id='word_1_742' title='bbox 3450 3271 3507 3316; x_wconf 85' lang='lat' dir='ltr'><strong>et</strong></span> <span class='ocrx_word' id='word_1_743' title='bbox 3548 3261 3746 3316; x_wconf 77' lang='lat' dir='ltr'><strong>sinistra</strong></span> 
     </span>
    </p>
   </div>
   <div class='ocr_carea' id='block_1_95' title="bbox 2166 3341 3748 3422">
    <p class='ocr_par' dir='ltr' id='par_1_95' title="bbox 2166 3341 3748 3422">
     <span class='ocr_line' id='line_1_96' title="bbox 2166 3341 3748 3422; baseline 0.013 -34"><span class='ocrx_word' id='word_1_744' title='bbox 2166 3349 2290 3392; x_wconf 84' lang='lat' dir='ltr'><strong>area</strong></span> <span class='ocrx_word' id='word_1_745' title='bbox 2312 3347 2368 3392; x_wconf 91' lang='lat' dir='ltr'><strong>et</strong></span> <span class='ocrx_word' id='word_1_746' title='bbox 2397 3341 2650 3408; x_wconf 85' lang='lat' dir='ltr'><strong>manipuli</strong></span> <span class='ocrx_word' id='word_1_747' title='bbox 2679 3343 2730 3396; x_wconf 91' lang='lat' dir='ltr'><strong>iii</strong></span> <span class='ocrx_word' id='word_1_748' title='bbox 2756 3346 3076 3404; x_wconf 86' lang='lat' dir='ltr'><strong>necessitate</strong></span> <span class='ocrx_word' id='word_1_749' title='bbox 3119 3348 3348 3406; x_wconf 87' lang='lat' dir='ltr'><strong>fructum</strong></span> <span class='ocrx_word' id='word_1_750' title='bbox 3373 3353 3679 3422; x_wconf 71' lang='lat' dir='ltr'><strong>reddentcs,</strong></span> <span class='ocrx_word' id='word_1_751' title='bbox 3700 3362 3748 3410; x_wconf 82' lang='lat' dir='ltr'><strong>et</strong></span> 
     </span>
    </p>
   </div>
   <div class='ocr_carea' id='block_1_96' title="bbox 2167 3431 3747 3503">
    <p class='ocr_par' dir='ltr' id='par_1_96' title="bbox 2167 3431 3747 3503">
     <span class='ocr_line' id='line_1_97' title="bbox 2167 3431 3747 3503; baseline 0.015 -23"><span class='ocrx_word' id='word_1_752' title='bbox 2167 3443 2264 3498; x_wconf 89' lang='lat' dir='ltr'><strong>per</strong></span> <span class='ocrx_word' id='word_1_753' title='bbox 2312 3431 2585 3500; x_wconf 70' lang='lat' dir='ltr'><strong>prophetae</strong></span> <span class='ocrx_word' id='word_1_754' title='bbox 2623 3435 2784 3490; x_wconf 87' lang='lat' dir='ltr'><strong>verba</strong></span> <span class='ocrx_word' id='word_1_755' title='bbox 2813 3437 3026 3494; x_wconf 85' lang='lat' dir='ltr'><strong>viduam</strong></span> <span class='ocrx_word' id='word_1_756' title='bbox 3059 3443 3375 3500; x_wconf 85' lang='lat' dir='ltr'><strong>nutrieiiles.</strong></span> <span class='ocrx_word' id='word_1_757' title='bbox 3403 3445 3663 3503; x_wconf 86' lang='lat' dir='ltr'><strong>Torcular</strong></span> <span class='ocrx_word' id='word_1_758' title='bbox 3699 3456 3747 3503; x_wconf 89' lang='lat' dir='ltr'><strong>et</strong></span> 
     </span>
    </p>
   </div>
   <div class='ocr_carea' id='block_1_97' title="bbox 2163 3521 3742 3611">
    <p class='ocr_par' dir='ltr' id='par_1_97' title="bbox 2163 3521 3742 3611">
     <span class='ocr_line' id='line_1_98' title="bbox 2163 3521 3742 3611; baseline 0.018 -38"><span class='ocrx_word' id='word_1_759' title='bbox 2163 3534 2290 3576; x_wconf 88' lang='lat' dir='ltr'><strong>area</strong></span> <span class='ocrx_word' id='word_1_760' title='bbox 2333 3521 2472 3577; x_wconf 89' lang='lat' dir='ltr'><strong>facta</strong></span> <span class='ocrx_word' id='word_1_761' title='bbox 2496 3533 2578 3578; x_wconf 87' lang='lat' dir='ltr'><strong>est</strong></span> <span class='ocrx_word' id='word_1_762' title='bbox 2606 3525 2798 3582; x_wconf 90' lang='lat' dir='ltr'><strong>domus</strong></span> <span class='ocrx_word' id='word_1_763' title='bbox 2825 3528 3034 3598; x_wconf 67' lang='lat' dir='ltr'><strong>viduae;</strong></span> <span class='ocrx_word' id='word_1_764' title='bbox 3063 3549 3166 3588; x_wconf 86' lang='lat' dir='ltr'><strong>non</strong></span> <span class='ocrx_word' id='word_1_765' title='bbox 3201 3535 3392 3603; x_wconf 89' lang='lat' dir='ltr'><strong>imber,</strong></span> <span class='ocrx_word' id='word_1_766' title='bbox 3425 3553 3534 3594; x_wconf 92' lang='lat' dir='ltr'><strong>non</strong></span> <span class='ocrx_word' id='word_1_767' title='bbox 3563 3539 3742 3611; x_wconf 85' lang='lat' dir='ltr'><strong>pluvia.</strong></span> 
     </span>
    </p>
   </div>
   <div class='ocr_carea' id='block_1_98' title="bbox 2165 3627 3744 3696">
    <p class='ocr_par' dir='ltr' id='par_1_98' title="bbox 2165 3627 3744 3696">
     <span class='ocr_line' id='line_1_99' title="bbox 2165 3627 3744 3696; baseline 0.011 -30"><span class='ocrx_word' id='word_1_768' title='bbox 2165 3627 2271 3667; x_wconf 88' lang='lat' dir='ltr'><strong>non</strong></span> <span class='ocrx_word' id='word_1_769' title='bbox 2307 3629 2422 3682; x_wconf 76' lang='lat' dir='ltr'><strong>VCI&#39;,</strong></span> <span class='ocrx_word' id='word_1_770' title='bbox 2457 3631 2563 3672; x_wconf 88' lang='lat' dir='ltr'><strong>non</strong></span> <span class='ocrx_word' id='word_1_771' title='bbox 2593 3627 2900 3682; x_wconf 88' lang='lat' dir='ltr'><strong>autumnus,</strong></span> <span class='ocrx_word' id='word_1_772' title='bbox 2926 3639 3031 3678; x_wconf 85' lang='grc' dir='ltr'>ιιοη</span> <span class='ocrx_word' id='word_1_773' title='bbox 3075 3635 3257 3692; x_wconf 68' lang='lat' dir='ltr'><strong>testas,</strong></span> <span class='ocrx_word' id='word_1_774' title='bbox 3281 3643 3389 3683; x_wconf 85' lang='lat' dir='ltr'><strong>non</strong></span> <span class='ocrx_word' id='word_1_775' title='bbox 3414 3642 3581 3686; x_wconf 65' lang='lat' dir='ltr'><strong>aestus</strong></span> <span class='ocrx_word' id='word_1_776' title='bbox 3603 3673 3617 3696; x_wconf 82' lang='grc'><strong>,</strong></span> <span class='ocrx_word' id='word_1_777' title='bbox 3649 3647 3744 3686; x_wconf 88' lang='lat' dir='ltr'><strong>non</strong></span> 
     </span>
    </p>
   </div>
   <div class='ocr_carea' id='block_1_99' title="bbox 2164 3709 3744 3788">
    <p class='ocr_par' dir='ltr' id='par_1_99' title="bbox 2164 3709 3744 3788">
     <span class='ocr_line' id='line_1_100' title="bbox 2164 3709 3744 3788; baseline 0.012 -31"><span class='ocrx_word' id='word_1_778' title='bbox 2164 3713 2444 3762; x_wconf 87' lang='lat' dir='ltr'><strong>ventorum</strong></span> <span class='ocrx_word' id='word_1_779' title='bbox 2501 3709 2622 3778; x_wconf 89' lang='lat' dir='ltr'><strong>vis,</strong></span> <span class='ocrx_word' id='word_1_780' title='bbox 2677 3725 2783 3766; x_wconf 91' lang='lat' dir='ltr'><strong>non</strong></span> <span class='ocrx_word' id='word_1_781' title='bbox 2853 3722 3156 3784; x_wconf 85' lang='lat' dir='ltr'><strong>temporum</strong></span> <span class='ocrx_word' id='word_1_782' title='bbox 3210 3723 3534 3778; x_wconf 79' lang='lat' dir='ltr'><strong>mutationes</strong></span> <span class='ocrx_word' id='word_1_783' title='bbox 3563 3721 3622 3788; x_wconf 63' lang='grc' dir='ltr'><strong>Ιις</strong></span> <span class='ocrx_word' id='word_1_784' title='bbox 3659 3721 3744 3776; x_wconf 86' lang='lat' dir='ltr'><strong>sed</strong></span> 
     </span>
    </p>
   </div>
   <div class='ocr_carea' id='block_1_100' title="bbox 2164 3797 3744 3882">
    <p class='ocr_par' dir='ltr' id='par_1_100' title="bbox 2164 3797 3744 3882">
     <span class='ocr_line' id='line_1_101' title="bbox 2164 3797 3744 3882; baseline 0.011 -32"><span class='ocrx_word' id='word_1_785' title='bbox 2164 3797 2386 3854; x_wconf 88' lang='lat' dir='ltr'><strong>verbum</strong></span> <span class='ocrx_word' id='word_1_786' title='bbox 2411 3816 2573 3856; x_wconf 89' lang='lat' dir='ltr'><strong>unum</strong></span> <span class='ocrx_word' id='word_1_787' title='bbox 2595 3817 2660 3859; x_wconf 83' lang='lat' dir='ltr'><strong>ex</strong></span> <span class='ocrx_word' id='word_1_788' title='bbox 2688 3804 2966 3875; x_wconf 74' lang='lat' dir='ltr'><strong>propheta:</strong></span> <span class='ocrx_word' id='word_1_789' title='bbox 2993 3812 3262 3866; x_wconf 83' lang='lat' dir='ltr'><strong>sententia</strong></span> <span class='ocrx_word' id='word_1_790' title='bbox 3295 3814 3564 3882; x_wconf 88' lang='lat' dir='ltr'><strong>prolatum</strong></span> <span class='ocrx_word' id='word_1_791' title='bbox 3587 3815 3744 3870; x_wconf 76' lang='lat' dir='ltr'><strong>vidua:</strong></span> 
     </span>
    </p>
   </div>
   <div class='ocr_carea' id='block_1_101' title="bbox 2164 3891 3746 3978">
    <p class='ocr_par' dir='ltr' id='par_1_101' title="bbox 2164 3891 3746 3978">
     <span class='ocr_line' id='line_1_102' title="bbox 2164 3891 3746 3978; baseline 0.012 -37"><span class='ocrx_word' id='word_1_792' title='bbox 2164 3901 2346 3943; x_wconf 86' lang='lat' dir='ltr'><strong>rerum</strong></span> <span class='ocrx_word' id='word_1_793' title='bbox 2375 3891 2586 3960; x_wconf 88' lang='lat' dir='ltr'><strong>copiam</strong></span> <span class='ocrx_word' id='word_1_794' title='bbox 2634 3894 3080 3957; x_wconf 84' lang='lat' dir='ltr'><strong>subministravit.</strong></span> <span class='ocrx_word' id='word_1_795' title='bbox 3120 3901 3247 3958; x_wconf 85' lang='lat' dir='ltr'><strong>Inde</strong></span> <span class='ocrx_word' id='word_1_796' title='bbox 3282 3919 3413 3961; x_wconf 85' lang='lat' dir='ltr'><strong>vero</strong></span> <span class='ocrx_word' id='word_1_797' title='bbox 3464 3914 3746 3978; x_wconf 84' lang='lat' dir='ltr'><strong>postea,ut</strong></span> 
     </span>
    </p>
   </div>
   <div class='ocr_carea' id='block_1_102' title="bbox 2163 3983 3743 4064">
    <p class='ocr_par' dir='ltr' id='par_1_102' title="bbox 2163 3983 3743 4064">
     <span class='ocr_line' id='line_1_103' title="bbox 2163 3983 3743 4064; baseline 0.011 -30"><span class='ocrx_word' id='word_1_798' title='bbox 2163 3983 2349 4052; x_wconf 85' lang='lat' dir='ltr'><strong>paucis</strong></span> <span class='ocrx_word' id='word_1_799' title='bbox 2376 3983 2671 4054; x_wconf 86' lang='lat' dir='ltr'><strong>absolvam,</strong></span> <span class='ocrx_word' id='word_1_800' title='bbox 2699 3988 2830 4044; x_wconf 88' lang='lat' dir='ltr'><strong>abiit</strong></span> <span class='ocrx_word' id='word_1_801' title='bbox 2856 3991 2923 4045; x_wconf 90' lang='lat' dir='ltr'><strong>ad</strong></span> <span class='ocrx_word' id='word_1_802' title='bbox 2963 4007 3140 4064; x_wconf 79' lang='lat' dir='ltr'><strong>regem</strong></span> <span class='ocrx_word' id='word_1_803' title='bbox 3168 3994 3376 4052; x_wconf 87' lang='lat' dir='ltr'><strong>Achab.</strong></span> <span class='ocrx_word' id='word_1_804' title='bbox 3397 3998 3578 4055; x_wconf 87' lang='lat' dir='ltr'><strong>Dicam</strong></span> <span class='ocrx_word' id='word_1_805' title='bbox 3615 4013 3743 4054; x_wconf 90' lang='lat' dir='ltr'><strong>nunc</strong></span> 
     </span>
    </p>
   </div>
   <div class='ocr_carea' id='block_1_103' title="bbox 2162 4067 3740 4155">
    <p class='ocr_par' dir='ltr' id='par_1_103' title="bbox 2162 4067 3740 4155">
     <span class='ocr_line' id='line_1_104' title="bbox 2162 4067 3740 4155; baseline 0.01 -27"><span class='ocrx_word' id='word_1_806' title='bbox 2162 4067 2282 4143; x_wconf 88' lang='lat' dir='ltr'><strong>ejus</strong></span> <span class='ocrx_word' id='word_1_807' title='bbox 2311 4076 2570 4144; x_wconf 70' lang='lat' dir='ltr'><strong>prmelara</strong></span> <span class='ocrx_word' id='word_1_808' title='bbox 2596 4093 2782 4148; x_wconf 88' lang='lat' dir='ltr'><strong>opera,</strong></span> <span class='ocrx_word' id='word_1_809' title='bbox 2815 4090 2874 4134; x_wconf 90' lang='lat' dir='ltr'><strong>ut</strong></span> <span class='ocrx_word' id='word_1_810' title='bbox 2899 4097 3022 4136; x_wconf 90' lang='lat' dir='ltr'><strong>cum</strong></span> <span class='ocrx_word' id='word_1_811' title='bbox 3046 4101 3168 4139; x_wconf 88' lang='lat' dir='ltr'><strong>eum</strong></span> <span class='ocrx_word' id='word_1_812' title='bbox 3201 4099 3512 4155; x_wconf 85' lang='lat' dir='ltr'><strong>peccantem</strong></span> <span class='ocrx_word' id='word_1_813' title='bbox 3537 4092 3740 4155; x_wconf 85' lang='lat' dir='ltr'><strong>videris,</strong></span> 
     </span>
    </p>
   </div>
   <div class='ocr_carea' id='block_1_104' title="bbox 2161 4165 3741 4250">
    <p class='ocr_par' dir='ltr' id='par_1_104' title="bbox 2161 4165 3741 4250">
     <span class='ocr_line' id='line_1_105' title="bbox 2161 4165 3741 4250; baseline 0.01 -30"><span class='ocrx_word' id='word_1_814' title='bbox 2161 4165 2339 4222; x_wconf 89' lang='lat' dir='ltr'><strong>discas</strong></span> <span class='ocrx_word' id='word_1_815' title='bbox 2387 4167 2480 4222; x_wconf 88' lang='lat' dir='ltr'><strong>Dei</strong></span> <span class='ocrx_word' id='word_1_816' title='bbox 2526 4172 2750 4241; x_wconf 82' lang='lat' dir='ltr'><strong>gratiam</strong></span> <span class='ocrx_word' id='word_1_817' title='bbox 2797 4186 2924 4242; x_wconf 81' lang='lat' dir='ltr'><strong>eiga</strong></span> <span class='ocrx_word' id='word_1_818' title='bbox 2973 4173 3221 4232; x_wconf 88' lang='lat' dir='ltr'><strong>homines</strong></span> <span class='ocrx_word' id='word_1_819' title='bbox 3265 4178 3572 4250; x_wconf 82' lang='lat' dir='ltr'><strong>benignam.</strong></span> <span class='ocrx_word' id='word_1_820' title='bbox 3617 4181 3741 4250; x_wconf 84' lang='lat' dir='ltr'><strong>Quid</strong></span> 
     </span>
    </p>
   </div>
   <div class='ocr_carea' id='block_1_105' title="bbox 2161 4257 3744 4338">
    <p class='ocr_par' dir='ltr' id='par_1_105' title="bbox 2161 4257 3744 4338">
     <span class='ocr_line' id='line_1_106' title="bbox 2161 4257 3744 4338; baseline 0.008 -27"><span class='ocrx_word' id='word_1_821' title='bbox 2161 4266 2340 4312; x_wconf 86' lang='lat' dir='ltr'><strong>autem</strong></span> <span class='ocrx_word' id='word_1_822' title='bbox 2384 4257 2453 4312; x_wconf 88' lang='lat' dir='ltr'><strong>ad</strong></span> <span class='ocrx_word' id='word_1_823' title='bbox 2499 4259 2644 4316; x_wconf 90' lang='lat' dir='ltr'><strong>illum</strong></span> <span class='ocrx_word' id='word_1_824' title='bbox 2675 4260 2898 4318; x_wconf 85' lang='lat' dir='ltr'><strong>Achab?</strong></span> <span class='ocrx_word' id='word_1_825' title='bbox 2925 4265 3003 4318; x_wconf 85' lang='lat' dir='ltr'><strong>Tu</strong></span> <span class='ocrx_word' id='word_1_826' title='bbox 3031 4281 3084 4320; x_wconf 86' lang='lat' dir='ltr'><strong>es</strong></span> <span class='ocrx_word' id='word_1_827' title='bbox 3129 4268 3216 4335; x_wconf 86' lang='lat' dir='ltr'><strong>qui</strong></span> <span class='ocrx_word' id='word_1_828' title='bbox 3257 4271 3497 4338; x_wconf 76' lang='lat' dir='ltr'><strong>pervertis</strong></span> <span class='ocrx_word' id='word_1_829' title='bbox 3542 4269 3744 4326; x_wconf 78' lang='lat' dir='ltr'><strong>Israel?</strong></span> 
     </span>
    </p>
   </div>
   <div class='ocr_carea' id='block_1_106' title="bbox 2162 4349 3733 4438">
    <p class='ocr_par' dir='ltr' id='par_1_106' title="bbox 2162 4349 3733 4438">
     <span class='ocr_line' id='line_1_107' title="bbox 2162 4349 3733 4438; baseline 0.007 -33"><span class='ocrx_word' id='word_1_830' title='bbox 2162 4349 2456 4422; x_wconf 73' lang='lat' dir='ltr'><strong>Respondit</strong></span> <span class='ocrx_word' id='word_1_831' title='bbox 2484 4353 2607 4416; x_wconf 87' lang='lat' dir='ltr'><strong>ille.</strong></span> <span class='ocrx_word' id='word_1_832' title='bbox 2641 4353 2791 4418; x_wconf 85' lang='lat' dir='ltr'><strong>Non,</strong></span> <span class='ocrx_word' id='word_1_833' title='bbox 2812 4357 2901 4410; x_wconf 87' lang='lat' dir='ltr'><strong>sed</strong></span> <span class='ocrx_word' id='word_1_834' title='bbox 2929 4367 3014 4426; x_wconf 84' lang='lat' dir='ltr'><strong>tu,</strong></span> <span class='ocrx_word' id='word_1_835' title='bbox 3057 4369 3104 4412; x_wconf 81' lang='lat' dir='ltr'><strong>et</strong></span> <span class='ocrx_word' id='word_1_836' title='bbox 3147 4360 3330 4417; x_wconf 87' lang='lat' dir='ltr'><strong>domus</strong></span> <span class='ocrx_word' id='word_1_837' title='bbox 3385 4367 3546 4433; x_wconf 83' lang='lat' dir='ltr'><strong>patris</strong></span> <span class='ocrx_word' id='word_1_838' title='bbox 3571 4367 3642 4420; x_wconf 78' lang='lat' dir='ltr'><strong>tui</strong></span> <span class='ocrx_word' id='word_1_839' title='bbox 3663 4364 3733 4438; x_wconf 80' lang='grc'><strong>(5.</strong></span> 
     </span>
    </p>
   </div>
   <div class='ocr_carea' id='block_1_107' title="bbox 2162 4441 3739 4526">
    <p class='ocr_par' dir='ltr' id='par_1_107' title="bbox 2162 4441 3739 4526">
     <span class='ocr_line' id='line_1_108' title="bbox 2162 4441 3739 4526; baseline 0.009 -29"><span class='ocrx_word' id='word_1_840' title='bbox 2162 4441 2292 4515; x_wconf 76' lang='lat' dir='ltr'><strong>Reg.</strong></span> <span class='ocrx_word' id='word_1_841' title='bbox 2324 4445 2410 4499; x_wconf 91' lang='grc'><strong>18.</strong></span> <span class='ocrx_word' id='word_1_842' title='bbox 2439 4444 2525 4500; x_wconf 86' lang='grc'><strong>17.</strong></span> <span class='ocrx_word' id='word_1_843' title='bbox 2553 4446 2668 4518; x_wconf 88' lang='grc'><strong>18).</strong></span> <span class='ocrx_word' id='word_1_844' title='bbox 2694 4446 2938 4502; x_wconf 83' lang='lat' dir='ltr'><strong>Vidistin’</strong></span> <span class='ocrx_word' id='word_1_845' title='bbox 2976 4452 3251 4520; x_wconf 66' lang='lat' dir='ltr'><strong>propheta:</strong></span> <span class='ocrx_word' id='word_1_846' title='bbox 3295 4455 3546 4526; x_wconf 88' lang='lat' dir='ltr'><strong>loquendi</strong></span> <span class='ocrx_word' id='word_1_847' title='bbox 3593 4459 3739 4513; x_wconf 89' lang='lat' dir='ltr'><strong>liber-</strong></span> 
     </span>
    </p>
   </div>
   <div class='ocr_carea' id='block_1_108' title="bbox 2165 4536 3740 4615">
    <p class='ocr_par' dir='ltr' id='par_1_108' title="bbox 2165 4536 3740 4615">
     <span class='ocr_line' id='line_1_109' title="bbox 2165 4536 3740 4615; baseline 0.008 -24"><span class='ocrx_word' id='word_1_848' title='bbox 2165 4539 2625 4608; x_wconf 86' lang='lat' dir='ltr'><strong>tatem,quomodo</strong></span> <span class='ocrx_word' id='word_1_849' title='bbox 2645 4536 2826 4612; x_wconf 77' lang='lat' dir='ltr'><strong>regem</strong></span> <span class='ocrx_word' id='word_1_850' title='bbox 2856 4542 3164 4615; x_wconf 82' lang='lat' dir='ltr'><strong>redarguit?</strong></span> <span class='ocrx_word' id='word_1_851' title='bbox 3188 4545 3373 4603; x_wconf 80' lang='lat' dir='ltr'><strong>Postea</strong></span> <span class='ocrx_word' id='word_1_852' title='bbox 3395 4565 3516 4606; x_wconf 88' lang='lat' dir='ltr'><strong>cum</strong></span> <span class='ocrx_word' id='word_1_853' title='bbox 3543 4552 3740 4608; x_wconf 85' lang='lat' dir='ltr'><strong>sederet</strong></span> 
     </span>
    </p>
   </div>
   <div class='ocr_carea' id='block_1_109' title="bbox 2163 4629 3739 4709">
    <p class='ocr_par' dir='ltr' id='par_1_109' title="bbox 2163 4629 3739 4709">
     <span class='ocr_line' id='line_1_110' title="bbox 2163 4629 3739 4709; baseline 0.008 -27"><span class='ocrx_word' id='word_1_854' title='bbox 2163 4629 2214 4682; x_wconf 92' lang='lat' dir='ltr'><strong>in</strong></span> <span class='ocrx_word' id='word_1_855' title='bbox 2257 4641 2460 4695; x_wconf 89' lang='lat' dir='ltr'><strong>monte,</strong></span> <span class='ocrx_word' id='word_1_856' title='bbox 2493 4633 2721 4687; x_wconf 83' lang='lat' dir='ltr'><strong>accessit</strong></span> <span class='ocrx_word' id='word_1_857' title='bbox 2761 4633 2830 4688; x_wconf 88' lang='lat' dir='ltr'><strong>ad</strong></span> <span class='ocrx_word' id='word_1_858' title='bbox 2873 4649 2998 4708; x_wconf 84' lang='lat' dir='ltr'><strong>cum</strong></span> <span class='ocrx_word' id='word_1_859' title='bbox 3045 4639 3288 4694; x_wconf 88' lang='lat' dir='ltr'><strong>centurio</strong></span> <span class='ocrx_word' id='word_1_860' title='bbox 3333 4640 3553 4709; x_wconf 88' lang='lat' dir='ltr'><strong>dicens,</strong></span> <span class='ocrx_word' id='word_1_861' title='bbox 3587 4641 3739 4696; x_wconf 80' lang='lat' dir='ltr'><strong>Homo</strong></span> 
     </span>
    </p>
   </div>
   <div class='ocr_carea' id='block_1_110' title="bbox 2162 4720 3739 4803">
    <p class='ocr_par' dir='ltr' id='par_1_110' title="bbox 2162 4720 3739 4803">
     <span class='ocr_line' id='line_1_111' title="bbox 2162 4720 3739 4803; baseline 0.008 -29"><span class='ocrx_word' id='word_1_862' title='bbox 2162 4720 2257 4775; x_wconf 85' lang='lat' dir='ltr'><strong>Dei</strong></span> <span class='ocrx_word' id='word_1_863' title='bbox 2284 4762 2298 4784; x_wconf 89' lang='lat'><strong>,</strong></span> <span class='ocrx_word' id='word_1_864' title='bbox 2353 4723 2633 4792; x_wconf 82' lang='lat' dir='ltr'><strong>descende,</strong></span> <span class='ocrx_word' id='word_1_865' title='bbox 2673 4741 2763 4780; x_wconf 72' lang='lat' dir='ltr'><strong>rex</strong></span> <span class='ocrx_word' id='word_1_866' title='bbox 2800 4735 2848 4780; x_wconf 85' lang='lat' dir='ltr'><strong>te</strong></span> <span class='ocrx_word' id='word_1_867' title='bbox 2893 4739 3034 4782; x_wconf 78' lang='lat' dir='ltr'><strong>vocat</strong></span> <span class='ocrx_word' id='word_1_868' title='bbox 3059 4728 3134 4802; x_wconf 73' lang='grc'><strong>(4.</strong></span> <span class='ocrx_word' id='word_1_869' title='bbox 3169 4731 3297 4802; x_wconf 79' lang='lat' dir='ltr'><strong>Reg.</strong></span> <span class='ocrx_word' id='word_1_870' title='bbox 3331 4733 3382 4787; x_wconf 87' lang='grc'><strong>1.</strong></span> <span class='ocrx_word' id='word_1_871' title='bbox 3412 4734 3446 4790; x_wconf 90' lang='grc'><strong>9</strong></span> <span class='ocrx_word' id='word_1_872' title='bbox 3499 4736 3604 4803; x_wconf 75' lang='grc'><strong>11)).</strong></span> <span class='ocrx_word' id='word_1_873' title='bbox 3653 4732 3739 4789; x_wconf 82' lang='lat' dir='ltr'><strong>lile</strong></span> 
     </span>
    </p>
   </div>
   <div class='ocr_carea' id='block_1_111' title="bbox 2161 4816 3739 4894">
    <p class='ocr_par' dir='ltr' id='par_1_111' title="bbox 2161 4816 3739 4894">
     <span class='ocr_line' id='line_1_112' title="bbox 2161 4816 3739 4894; baseline 0.008 -26"><span class='ocrx_word' id='word_1_874' title='bbox 2161 4829 2291 4870; x_wconf 83' lang='lat' dir='ltr'><strong>vero</strong></span> <span class='ocrx_word' id='word_1_875' title='bbox 2321 4833 2334 4870; x_wconf 92' lang='lat'><strong>:</strong></span> <span class='ocrx_word' id='word_1_876' title='bbox 2365 4816 2425 4872; x_wconf 85' lang='lat' dir='ltr'><strong>Si</strong></span> <span class='ocrx_word' id='word_1_877' title='bbox 2451 4817 2602 4872; x_wconf 81' lang='lat' dir='ltr'><strong>homo</strong></span> <span class='ocrx_word' id='word_1_878' title='bbox 2627 4817 2722 4872; x_wconf 86' lang='lat' dir='ltr'><strong>Dei</strong></span> <span class='ocrx_word' id='word_1_879' title='bbox 2741 4836 2853 4874; x_wconf 84' lang='lat' dir='ltr'><strong>sum</strong></span> <span class='ocrx_word' id='word_1_880' title='bbox 2875 4862 2890 4887; x_wconf 92' lang='lat'><strong>,</strong></span> <span class='ocrx_word' id='word_1_881' title='bbox 2932 4821 3200 4876; x_wconf 80' lang='lat' dir='ltr'><strong>descendat</strong></span> <span class='ocrx_word' id='word_1_882' title='bbox 3242 4825 3374 4894; x_wconf 84' lang='lat' dir='ltr'><strong>ignis</strong></span> <span class='ocrx_word' id='word_1_883' title='bbox 3413 4827 3477 4881; x_wconf 85' lang='lat' dir='ltr'><strong>de</strong></span> <span class='ocrx_word' id='word_1_884' title='bbox 3511 4829 3631 4882; x_wconf 75' lang='lat' dir='ltr'><strong>cado</strong></span> <span class='ocrx_word' id='word_1_885' title='bbox 3651 4866 3667 4889; x_wconf 89' lang='lat'><strong>,</strong></span> <span class='ocrx_word' id='word_1_886' title='bbox 3695 4834 3739 4876; x_wconf 78' lang='lat' dir='ltr'><strong>ct</strong></span> 
     </span>
    </p>
   </div>
   <div class='ocr_carea' id='block_1_112' title="bbox 2162 4907 3738 4984">
    <p class='ocr_par' dir='ltr' id='par_1_112' title="bbox 2162 4907 3738 4984">
     <span class='ocr_line' id='line_1_113' title="bbox 2162 4907 3738 4984; baseline 0.006 -23"><span class='ocrx_word' id='word_1_887' title='bbox 2162 4907 2360 4964; x_wconf 83' lang='lat' dir='ltr'><strong>devoret</strong></span> <span class='ocrx_word' id='word_1_888' title='bbox 2387 4919 2454 4977; x_wconf 87' lang='lat' dir='ltr'><strong>te,</strong></span> <span class='ocrx_word' id='word_1_889' title='bbox 2481 4919 2529 4965; x_wconf 82' lang='lat' dir='ltr'><strong>et</strong></span> <span class='ocrx_word' id='word_1_890' title='bbox 2548 4912 2917 4984; x_wconf 82' lang='lat' dir='ltr'><strong>quinquaginta</strong></span> <span class='ocrx_word' id='word_1_891' title='bbox 2947 4924 3079 4968; x_wconf 87' lang='lat' dir='ltr'><strong>tuos.</strong></span> <span class='ocrx_word' id='word_1_892' title='bbox 3113 4915 3314 4972; x_wconf 86' lang='lat' dir='ltr'><strong>Deinde</strong></span> <span class='ocrx_word' id='word_1_893' title='bbox 3353 4920 3589 4974; x_wconf 86' lang='lat' dir='ltr'><strong>secundo</strong></span> <span class='ocrx_word' id='word_1_894' title='bbox 3615 4919 3738 4971; x_wconf 86' lang='lat' dir='ltr'><strong>alios</strong></span> 
     </span>
    </p>
   </div>
   <div class='ocr_carea' id='block_1_113' title="bbox 2160 5001 3737 5072">
    <p class='ocr_par' dir='ltr' id='par_1_113' title="bbox 2160 5001 3737 5072">
     <span class='ocr_line' id='line_1_114' title="bbox 2160 5001 3737 5072; baseline 0.001 -16"><span class='ocrx_word' id='word_1_895' title='bbox 2160 5001 2646 5072; x_wconf 78' lang='lat' dir='ltr'><strong>quinquagenarius</strong></span> <span class='ocrx_word' id='word_1_896' title='bbox 2693 5003 2824 5058; x_wconf 90' lang='lat' dir='ltr'><strong>dicit</strong></span> <span class='ocrx_word' id='word_1_897' title='bbox 2855 5021 2870 5058; x_wconf 84' lang='lat'><strong>:</strong></span> <span class='ocrx_word' id='word_1_898' title='bbox 2901 5004 3066 5069; x_wconf 83' lang='lat' dir='ltr'><strong>Homo</strong></span> <span class='ocrx_word' id='word_1_899' title='bbox 3108 5005 3240 5072; x_wconf 88' lang='lat' dir='ltr'><strong>Dei,</strong></span> <span class='ocrx_word' id='word_1_900' title='bbox 3269 5009 3545 5071; x_wconf 85' lang='lat' dir='ltr'><strong>descende,</strong></span> <span class='ocrx_word' id='word_1_901' title='bbox 3572 5025 3656 5063; x_wconf 74' lang='lat' dir='ltr'><strong>rei:</strong></span> <span class='ocrx_word' id='word_1_902' title='bbox 3695 5017 3737 5060; x_wconf 80' lang='lat' dir='ltr'><strong>te</strong></span> 
     </span>
    </p>
   </div>
   <div class='ocr_carea' id='block_1_114' title="bbox 2162 5093 3734 5169">
    <p class='ocr_par' dir='ltr' id='par_1_114' title="bbox 2162 5093 3734 5169">
     <span class='ocr_line' id='line_1_115' title="bbox 2162 5093 3734 5169; baseline 0.001 -22"><span class='ocrx_word' id='word_1_903' title='bbox 2162 5110 2292 5163; x_wconf 82' lang='lat' dir='ltr'><strong>opus</strong></span> <span class='ocrx_word' id='word_1_904' title='bbox 2313 5094 2459 5149; x_wconf 85' lang='lat' dir='ltr'><strong>liabet</strong></span> <span class='ocrx_word' id='word_1_905' title='bbox 2487 5093 2648 5169; x_wconf 87' lang='lat' dir='ltr'><strong>(Ibid.</strong></span> <span class='ocrx_word' id='word_1_906' title='bbox 2679 5112 2729 5148; x_wconf 83' lang='grc' dir='ltr'><strong>υ.</strong></span> <span class='ocrx_word' id='word_1_907' title='bbox 2755 5093 2866 5168; x_wconf 87' lang='grc'><strong>11).</strong></span> <span class='ocrx_word' id='word_1_908' title='bbox 2901 5095 2970 5150; x_wconf 84' lang='grc' dir='ltr'><strong>Εῑ</strong></span> <span class='ocrx_word' id='word_1_909' title='bbox 2995 5097 3120 5167; x_wconf 89' lang='lat' dir='ltr'><strong>quid</strong></span> <span class='ocrx_word' id='word_1_910' title='bbox 3147 5098 3213 5153; x_wconf 90' lang='lat' dir='ltr'><strong>ad</strong></span> <span class='ocrx_word' id='word_1_911' title='bbox 3255 5100 3400 5154; x_wconf 83' lang='lat' dir='ltr'><strong>illum</strong></span> <span class='ocrx_word' id='word_1_912' title='bbox 3447 5099 3652 5154; x_wconf 68' lang='lat' dir='ltr'><strong>Helias?</strong></span> <span class='ocrx_word' id='word_1_913' title='bbox 3681 5097 3734 5151; x_wconf 75' lang='lat' dir='ltr'><strong>Si</strong></span> 
     </span>
    </p>
   </div>
   <div class='ocr_carea' id='block_1_115' title="bbox 2164 5185 3734 5262">
    <p class='ocr_par' dir='ltr' id='par_1_115' title="bbox 2164 5185 3734 5262">
     <span class='ocr_line' id='line_1_116' title="bbox 2164 5185 3734 5262; baseline 0.001 -23"><span class='ocrx_word' id='word_1_914' title='bbox 2164 5187 2314 5240; x_wconf 82' lang='lat' dir='ltr'><strong>homo</strong></span> <span class='ocrx_word' id='word_1_915' title='bbox 2350 5185 2448 5240; x_wconf 82' lang='lat' dir='ltr'><strong>Dei</strong></span> <span class='ocrx_word' id='word_1_916' title='bbox 2472 5204 2584 5242; x_wconf 86' lang='lat' dir='ltr'><strong>sum</strong></span> <span class='ocrx_word' id='word_1_917' title='bbox 2623 5203 2736 5260; x_wconf 84' lang='lat' dir='ltr'><strong>ego,</strong></span> <span class='ocrx_word' id='word_1_918' title='bbox 2768 5187 3036 5242; x_wconf 84' lang='lat' dir='ltr'><strong>descendat</strong></span> <span class='ocrx_word' id='word_1_919' title='bbox 3064 5189 3196 5260; x_wconf 77' lang='lat' dir='ltr'><strong>ignis</strong></span> <span class='ocrx_word' id='word_1_920' title='bbox 3219 5193 3282 5244; x_wconf 84' lang='lat' dir='ltr'><strong>de</strong></span> <span class='ocrx_word' id='word_1_921' title='bbox 3313 5193 3457 5262; x_wconf 74' lang='lat' dir='ltr'><strong>cado,</strong></span> <span class='ocrx_word' id='word_1_922' title='bbox 3487 5201 3530 5246; x_wconf 81' lang='lat' dir='ltr'><strong>et</strong></span> <span class='ocrx_word' id='word_1_923' title='bbox 3553 5193 3734 5244; x_wconf 84' lang='lat' dir='ltr'><strong>devoret</strong></span> 
     </span>
    </p>
   </div>
   <div class='ocr_carea' id='block_1_116' title="bbox 2163 5278 3731 5351">
    <p class='ocr_par' dir='ltr' id='par_1_116' title="bbox 2163 5278 3731 5351">
     <span class='ocr_line' id='line_1_117' title="bbox 2163 5278 3731 5351; baseline -0.001 -19"><span class='ocrx_word' id='word_1_924' title='bbox 2163 5288 2211 5332; x_wconf 84' lang='lat' dir='ltr'><strong>te</strong></span> <span class='ocrx_word' id='word_1_925' title='bbox 2233 5289 2280 5332; x_wconf 86' lang='lat' dir='ltr'><strong>et</strong></span> <span class='ocrx_word' id='word_1_926' title='bbox 2303 5279 2671 5350; x_wconf 83' lang='lat' dir='ltr'><strong>quinquaginta</strong></span> <span class='ocrx_word' id='word_1_927' title='bbox 2700 5290 2812 5334; x_wconf 86' lang='lat' dir='ltr'><strong>tuos</strong></span> <span class='ocrx_word' id='word_1_928' title='bbox 2840 5278 2999 5351; x_wconf 87' lang='lat' dir='ltr'><strong>(Ibid.</strong></span> <span class='ocrx_word' id='word_1_929' title='bbox 3028 5297 3072 5334; x_wconf 80' lang='grc' dir='ltr'><strong>υ.</strong></span> <span class='ocrx_word' id='word_1_930' title='bbox 3104 5281 3215 5350; x_wconf 72' lang='grc'><strong>12).</strong></span> <span class='ocrx_word' id='word_1_931' title='bbox 3241 5281 3368 5338; x_wconf 89' lang='lat' dir='ltr'><strong>lude</strong></span> <span class='ocrx_word' id='word_1_932' title='bbox 3395 5297 3598 5338; x_wconf 78' lang='lat' dir='ltr'><strong>ruisum</strong></span> <span class='ocrx_word' id='word_1_933' title='bbox 3622 5295 3731 5334; x_wconf 85' lang='lat' dir='ltr'><strong>cum</strong></span> 
     </span>
    </p>
   </div>
   <div class='ocr_carea' id='block_1_117' title="bbox 2162 5370 3733 5443">
    <p class='ocr_par' dir='ltr' id='par_1_117' title="bbox 2162 5370 3733 5443">
     <span class='ocr_line' id='line_1_118' title="bbox 2162 5370 3733 5443; baseline 0.001 -19"><span class='ocrx_word' id='word_1_934' title='bbox 2162 5370 2342 5439; x_wconf 89' lang='lat' dir='ltr'><strong>venit,</strong></span> <span class='ocrx_word' id='word_1_935' title='bbox 2369 5370 2437 5425; x_wconf 88' lang='lat' dir='ltr'><strong>ad</strong></span> <span class='ocrx_word' id='word_1_936' title='bbox 2465 5372 2724 5426; x_wconf 86' lang='lat' dir='ltr'><strong>orationis</strong></span> <span class='ocrx_word' id='word_1_937' title='bbox 2747 5371 3054 5427; x_wconf 89' lang='lat' dir='ltr'><strong>condictum</strong></span> <span class='ocrx_word' id='word_1_938' title='bbox 3083 5377 3399 5443; x_wconf 85' lang='lat' dir='ltr'><strong>provocavit</strong></span> <span class='ocrx_word' id='word_1_939' title='bbox 3443 5371 3733 5430; x_wconf 80' lang='lat' dir='ltr'><strong>sacerdotes</strong></span> 
     </span>
    </p>
   </div>
   <div class='ocr_carea' id='block_1_118' title="bbox 2225 5524 3396 5592">
    <p class='ocr_par' dir='ltr' id='par_1_118' title="bbox 2225 5524 3396 5592">
     <span class='ocr_line' id='line_1_119' title="bbox 2225 5524 3396 5592; baseline 0.006 -17"><span class='ocrx_word' id='word_1_940' title='bbox 2225 5531 2243 5592; x_wconf 62' lang='grc' dir='ltr'>ξ</span> <span class='ocrx_word' id='word_1_941' title='bbox 2281 5533 2328 5576; x_wconf 83' lang='grc' dir='ltr'><strong>ιιι</strong></span> <span class='ocrx_word' id='word_1_942' title='bbox 2345 5527 2508 5588; x_wconf 86' lang='lat' dir='ltr'><strong>savil.,</strong></span> <span class='ocrx_word' id='word_1_943' title='bbox 2526 5535 2572 5592; x_wconf 89' lang='lat' dir='ltr'><strong>et</strong></span> <span class='ocrx_word' id='word_1_944' title='bbox 2590 5524 2804 5592; x_wconf 80' lang='lat' dir='ltr'><strong>ﬁliorum</strong></span> <span class='ocrx_word' id='word_1_945' title='bbox 2827 5529 3182 5582; x_wconf 81' lang='lat' dir='ltr'><strong>multitudinem</strong></span> <span class='ocrx_word' id='word_1_946' title='bbox 3205 5545 3396 5582; x_wconf 78' lang='lat' dir='ltr'><strong>necare.</strong></span> 
     </span>
    </p>
   </div>
   <div class='ocr_carea' id='block_1_119' title="bbox 2225 5586 3728 5656">
    <p class='ocr_par' dir='ltr' id='par_1_119' title="bbox 2225 5586 3728 5656">
     <span class='ocr_line' id='line_1_120' title="bbox 2225 5586 3728 5656; baseline 0 -18"><span class='ocrx_word' id='word_1_947' title='bbox 2225 5591 2246 5622; x_wconf 81' lang='grc'>³</span> <span class='ocrx_word' id='word_1_948' title='bbox 2277 5598 2391 5648; x_wconf 70' lang='lat' dir='ltr'><strong>Quae</strong></span> <span class='ocrx_word' id='word_1_949' title='bbox 2417 5586 2615 5656; x_wconf 76' lang='lat' dir='ltr'><strong>uncinis</strong></span> <span class='ocrx_word' id='word_1_950' title='bbox 2635 5591 2924 5642; x_wconf 85' lang='lat' dir='ltr'><strong>clauduntur</strong></span> <span class='ocrx_word' id='word_1_951' title='bbox 2945 5593 3126 5642; x_wconf 80' lang='lat' dir='ltr'><strong>desunt</strong></span> <span class='ocrx_word' id='word_1_952' title='bbox 3157 5597 3284 5656; x_wconf 61' lang='lat' dir='ltr'><strong>apud</strong></span> <span class='ocrx_word' id='word_1_953' title='bbox 3311 5593 3500 5644; x_wconf 78' lang='lat' dir='ltr'><strong>.uontef.</strong></span> <span class='ocrx_word' id='word_1_954' title='bbox 3523 5599 3556 5642; x_wconf 78' lang='grc' dir='ltr'>Ε</span> <span class='ocrx_word' id='word_1_955' title='bbox 3575 5586 3728 5641; x_wconf 68' lang='lat' dir='ltr'><strong>sai-ilio</strong></span> 
     </span>
    </p>
   </div>
   <div class='ocr_carea' id='block_1_120' title="bbox 2159 5653 2700 5704">
    <p class='ocr_par' dir='ltr' id='par_1_120' title="bbox 2159 5653 2700 5704">
     <span class='ocr_line' id='line_1_121' title="bbox 2159 5653 2700 5704; baseline 0.002 -3"><span class='ocrx_word' id='word_1_956' title='bbox 2159 5659 2326 5701; x_wconf 85' lang='lat' dir='ltr'><strong>autem</strong></span> <span class='ocrx_word' id='word_1_957' title='bbox 2351 5653 2545 5704; x_wconf 85' lang='lat' dir='ltr'><strong>inducta</strong></span> <span class='ocrx_word' id='word_1_958' title='bbox 2563 5659 2700 5704; x_wconf 88' lang='lat' dir='ltr'><strong>sunt.</strong></span> 
     </span>
    </p>
   </div>
   <div class='ocr_carea' id='block_1_121' title="bbox 2225 5713 3702 5779">
    <p class='ocr_par' dir='ltr' id='par_1_121' title="bbox 2225 5713 3702 5779">
     <span class='ocr_line' id='line_1_122' title="bbox 2225 5713 3702 5779; baseline 0.005 -19"><span class='ocrx_word' id='word_1_959' title='bbox 2225 5714 2246 5745; x_wconf 84' lang='grc'><em>³</em></span> <span class='ocrx_word' id='word_1_960' title='bbox 2279 5713 2351 5762; x_wconf 75' lang='lat' dir='ltr'><strong>sic</strong></span> <span class='ocrx_word' id='word_1_961' title='bbox 2371 5721 2476 5764; x_wconf 81' lang='lat' dir='ltr'><strong>Mss.</strong></span> <span class='ocrx_word' id='word_1_962' title='bbox 2503 5723 2665 5779; x_wconf 75' lang='lat' dir='ltr'><strong>M9ri_&#39;l.</strong></span> <span class='ocrx_word' id='word_1_963' title='bbox 2693 5728 2834 5776; x_wconf 89' lang='lat' dir='ltr'><strong>vero,</strong></span> <span class='ocrx_word' id='word_1_964' title='bbox 2855 5727 2950 5766; x_wconf 86' lang='lat' dir='ltr'><strong>non</strong></span> <span class='ocrx_word' id='word_1_965' title='bbox 2972 5722 3161 5766; x_wconf 85' lang='lat' dir='ltr'><strong>mortua</strong></span> <span class='ocrx_word' id='word_1_966' title='bbox 3174 5723 3261 5766; x_wconf 76' lang='lat' dir='ltr'><strong>est.</strong></span> <span class='ocrx_word' id='word_1_967' title='bbox 3695 5770 3702 5779; x_wconf 88' lang='lat'><em>_</em></span> 
     </span>
    </p>
   </div>
   <div class='ocr_carea' id='block_1_122' title="bbox 2223 5773 3722 5891">
    <p class='ocr_par' dir='ltr' id='par_1_122' title="bbox 2223 5773 3722 5891">
     <span class='ocr_line' id='line_1_123' title="bbox 2223 5773 3722 5891; baseline -0.001 -68"><span class='ocrx_word' id='word_1_968' title='bbox 2223 5773 2246 5806; x_wconf 77' lang='grc' dir='ltr'>δ</span> <span class='ocrx_word' id='word_1_969' title='bbox 2279 5775 2580 5891; x_wconf 49' lang='grc' dir='ltr'><strong>Αιηυειβεγνιι.</strong></span> <span class='ocrx_word' id='word_1_970' title='bbox 2609 5773 2926 5842; x_wconf 57' lang='lat' dir='ltr'><strong>legitumum:</strong></span> <span class='ocrx_word' id='word_1_971' title='bbox 2949 5787 3112 5840; x_wconf 63' lang='lat' dir='ltr'><strong>astus,</strong></span> <span class='ocrx_word' id='word_1_972' title='bbox 3138 5793 3231 5831; x_wconf 81' lang='lat' dir='ltr'><strong>non</strong></span> <span class='ocrx_word' id='word_1_973' title='bbox 3251 5786 3518 5846; x_wconf 75' lang='lat' dir='ltr'><strong>temporum</strong></span> <span class='ocrx_word' id='word_1_974' title='bbox 3554 5773 3722 5841; x_wconf 69' lang='lat' dir='ltr'><strong>prasti-</strong></span> 
     </span>
     <span class='ocr_line' id='line_1_124' title="bbox 2223 5843 2460 5890; baseline 0.004 -1"><span class='ocrx_word' id='word_1_975' title='bbox 2223 5843 2372 5889; x_wconf 78' lang='lat' dir='ltr'><strong>tornm</strong></span> <span class='ocrx_word' id='word_1_976' title='bbox 2395 5852 2460 5890; x_wconf 76' lang='lat' dir='ltr'><strong>vis</strong></span> 
     </span>
    </p>
   </div>
   <div class='ocr_carea' id='block_1_123' title="bbox 2162 5843 2460 5890">
    <p class='ocr_par' dir='ltr' id='par_1_123' title="bbox 2162 5843 2460 5890">
     <span class='ocr_line' id='line_1_125' title="bbox 2162 5843 2460 5890; baseline 0.01 -3"><span class='ocrx_word' id='word_1_977' title='bbox 2162 5843 2372 5890; x_wconf 84' lang='lat' dir='ltr'><strong>tutorum</strong></span> <span class='ocrx_word' id='word_1_978' title='bbox 2395 5843 2460 5890; x_wconf 76' lang='lat' dir='ltr'><strong>vis</strong></span> 
     </span>
    </p>
   </div>
  </div>
