4088 6436
251 582 361 639 755

252 697 374 752 illos
401 692 625 749 infames
658 688 836 745 Baulis
859 730 874 756 ,
901 686 1086 743 dicens
1110 728 1124 751 ,
1157 662 1444 739 Urecemiur
1469 699 1481 736 :
1511 662 1842 750 addiditque,

253 787 436 843 Facite
476 786 614 841 vobis
656 784 820 837 altare
870 794 1118 843 seorsum,
1176 786 1222 829 et
1268 775 1434 844 eligite
1483 768 1610 827 duos
1664 770 1844 835 boves,

250 892 300 937 et
328 879 574 952 imponite
602 877 740 948 ligna
765 873 832 928 ad
855 888 1009 927 unum
1034 871 1227 933 bovem,
1270 878 1316 922 et
1341 866 1509 939 ignem
1542 882 1643 919 non
1680 860 1849 934 impo-

254 973 403 1038 nite;
430 980 478 1026 et
503 985 595 1040 ego
641 968 868 1038 idipsum
916 966 1149 1037 faciant:
1197 952 1255 1015 et
1287 961 1513 1013 invocate
1553 958 1607 1010 in
1652 955 1854 1009 nomine

251 1068 467 1119 deorum
494 1071 791 1125 vestrorum,
810 1068 855 1111 et
876 1074 966 1129 ego
993 1057 1044 1109 in
1068 1053 1269 1109 nomine
1286 1049 1524 1105 Dei’mei.
1540 1047 1608 1101 Et
1633 1047 1746 1129 erit,
1765 1045 1854 1115 qui

253 1157 395 1213 Deus
408 1153 686 1210 exaudierit
703 1152 755 1205 in
767 1122 998 1221 ignei/lic
1018 1147 1151 1200 Deus
1162 1161 1305 1198 verus
1321 1140 1398 1213 (ὅ.
1417 1122 1848 1213 Reg.18.23.2:i).

250 1248 390 1303 Tum
422 1246 665 1303 fecerunt
694 1240 1001 1299 sacerdotes
1034 1224 1256 1294 infames
1280 1231 1469 1300 altare,
1494 1242 1548 1288 ει
1572 1232 1854 1300 coeperunt

252 1340 507 1395 invocare
537 1328 662 1390 Baal
686 1335 944 1396 dicentes,
971 1330 1175 1386 Exaudi
1212 1345 1323 1393 nos,
1352 1326 1503 1389 Baal,
1530 1324 1711 1378 exaudi
1761 1320 1853 1375 nos

253 1429 422 1503 (Ibid.
450 1446 500 1483 υ.
528 1427 643 1499 26).
671 1425 804 1481 Cum
848 1426 1027 1478 autem
1080 1430 1200 1493 post
1247 1417 1441 1472 multas
1486 1428 1672 1486 preces
1694 1429 1853 1468 nemo

252 1502 401 1580 esset
443 1523 532 1593 qui
571 1519 852 1576 exaudiret
878 1516 1027 1588 (Non
1055 1515 1196 1571 enim
1223 1523 1330 1568 erat
1369 1527 1485 1578 vox,
1515 1525 1673 1583 neque
1701 1502 1853 1561 audi-

256 1616 376 1688 tio),
408 1612 761 1685 exspeCIabat
790 1610 969 1665 llelias
1007 1622 1127 1662 cum
1181 1600 1433 1677 patientia
1479 1602 1583 1657 illis
1624 1602 1853 1673 precan-

257 1711 399 1766 tibus
427 1725 442 1764 ;
473 1724 595 1764 cum
623 1715 803 1763 autem
845 1703 1049 1758 videret
1075 1700 1297 1755 multum
1328 1712 1449 1753 esse
1478 1697 1685 1751 illorum
1740 1702 1853 1748 stu-

253 1801 427 1866 dium,
459 1800 553 1854 sed
608 1797 875 1852 neminem
919 1793 1009 1864 qui
1053 1772 1368 1855 exaudiret,
1398 1787 1584 1842 irridet
1611 1787 1730 1840 illos
1770 1778 1853 1840 his

253 1890 433 1946 verbis
467 1909 481 1945 :
512 1888 740 1944 Claritate
772 1884 1021 1951 multum,
1055 1900 1117 1936 ne
1141 1874 1271 1952 forte
1296 1872 1525 1932 dormint
1548 1872 1672 1931 deus
1697 1887 1856 1931 vester

256 1982 417 2054 (Ibid.
443 1999 493 2037 υ.
520 1982 637 2052 27).
669 1980 860 2034 Postea
898 1993 1019 2031 cum
1060 1973 1310 2028 meridies
1340 1979 1516 2035 esset,
1553 1960 1607 2023 et
1645 1964 1855 2037 tempus

255 2050 609 2148 procederet,
637 2074 770 2128 dixit
819 2072 922 2127 illis
951 2111 968 2136 ,
1002 2068 1256 2122 Discedite
1300 2081 1434 2119 nunc
1456 2106 1471 2129 ,
1502 2072 1555 2116 ut
1581 2056 1766 2132 faciam
1809 2050 1867 2114 et

255 2140 344 2241 ego
382 2140 740 2224 holocaustum
786 2180 953 2218 meum
980 2160 1142 2232 (Ibid.
1173 2176 1221 2212 v.
1250 2158 1341 2230 50)
1374 2175 1387 2210 :
1417 2164 1472 2211 ει
1512 2140 1647 2211 fecit.
1665 2150 1853 2220 altare,

255 2271 307 2316 ει
333 2260 594 2330 imposuit
628 2259 789 2327 ligna,
820 2264 876 2311 ct
909 2254 1041 2308 dixit
1074 2271 1087 2307 :
1126 2250 1278 2305 Ferte
1315 2264 1499 2319 aquam
1542 2248 1596 2300 in
1642 2243 1857 2300 circuitu

254 2354 432 2407 altaris
457 2392 473 2417 ,
502 2360 547 2405 et
582 2351 804 2404 tulerunt
833 2364 851 2402 .'
883 2344 1174 2413 Duplicate,
1199 2352 1244 2396 et
1292 2332 1677 2412 duplicaiverunt
1700 2353 1719 2417 ξ
1745 2332 1859 2389 Tri-

256 2408 471 2515 pticate,
490 2454 536 2496 et
564 2441 942 2512 triplicaverunt
970 2408 1017 2509 ξι
1027 2436 1131 2489 bid.
1232 2431 1322 2504 54)
1347 2408 1447 2504 (u).
1475 2408 1871 2515 A'nimadjvcrte‘

254 2552 415 2610 quare
450 2536 506 2590 id
538 2534 697 2589 faciat
729 2531 927 2586 llelias.
954 2527 1221 2595 Quoniam
1250 2520 1452 2580 erroris
1478 2510 1599 2576 mos
1621 2508 1857 2575 est'veri-

256 2630 346 2684 tati
375 2627 598 2698 prapria
626 2624 939 2694 adjnngere,
971 2619 1113 2691 quod
1163 2616 1368 2672 faciunt
1403 2623 1459 2669 et
1509 2609 1852 2673 meretrices,

256 2737 370 2792 quia
401 2725 871 2791 pra-occupantes,
902 2713 1099 2768 liberas
1137 2703 1389 2787 mulieres
1417 2703 1728 2760 meretrices
1765 2718 1860 2757 vo-

259 2823 401 2881 cant,
429 2823 491 2868 ut
517 2825 623 2867 ncn
652 2809 884 2865 habeant
911 2806 1015 2862 illa:
1035 2803 1161 2877 quid
1192 2800 1414 2857 convicii
1442 2798 1724 2881 objicia‘ut.

328 2878 396 2964 ιζ
428 2905 600 2960 Fraus
625 2901 840 2972 insignis
874 2898 1195 2952 sacerdotum
1221 2892 1590 2972 gentilium.—
1609 2878 1858 2944 Attamen

263 2999 439 3055 Helias
479 2996 569 3051 hic
598 2968 860 3064 sapientia
893 2990 1060 3044 utitur
1091 2984 1330 3057 :quare?
1366 2968 1427 3039 id.
1448 2970 1590 3053 quod
1621 2970 1863 3035 dicturus

264 3107 376 3147 sum
395 3090 538 3147 meis
563 3089 676 3158 ipse
702 3084 874 3140 oculis
905 3079 1181 3152 conspexi.
1214 3078 1269 3132 ln
1302 3076 1579 3132 idolorum
1603 3066 1867 3128 altaribus

266 3185 520 3239 fmamina
562 3152 809 3251 quaedam
847 3183 973 3230 sunt
1011 3175 1066 3251 in
1109 3170 1363 3227 inferiore
1391 3164 1574 3249 altaris
1603 3172 1783 3251 parte,
1806 3152 1874 3219 et'

264 3277 396 3334 infra
419 3238 598 3349 posita
616 3281 700 3328 est
714 3267 958 3340 quaedam
988 3246 1138 3319 fovea
1165 3261 1372 3317 occulta
1393 3276 1406 3314 :
1425 3238 1862 3326 descenduntan

263 3372 456 3426 erroris
506 3366 745 3422 artiﬁces
792 3363 847 3417 in
904 3359 1142 3439 foveam,
1182 3360 1237 3410 et
1275 3355 1458 3437 sielex
1515 3342 1863 3405 foraminibus

265 3461 519 3517 deorsum
553 3459 730 3528 ignem
755 3432 1046 3510 exsufflant
1068 3462 1281 3503 sursum
1301 3432 1705 3499 ad'sacriﬁcidm
1731 3432 1862 3494 con-

270 3524 678 3618 ﬁciendum,vita
702 3557 760 3603 ut
777 3546 927 3602 multi
948 3543 1282 3612 decipiantur
1301 3547 1356 3594 et
1380 3544 1566 3608 putent
1594 3524 1862 3589 caélestcm

264 3662 382 3704 esse
412 3648 613 3716 ignem.
647 3640 725 3697 Ne
751 3639 911 3709 igitur
947 3634 1121 3690 Helias
1150 3633 1205 3687 in
1228 3629 1586 3701 suSpicionem
1625 3624 1858 3687 veniret,

266 3741 402 3812 quod
425 3753 480 3796 ει
505 3740 621 3808 ipse
650 3733 825 3790 simile
842 3729 1110 3802 quidpiam
1130 3725 1466 3781 machinatus
1480 3728 1644 3787 esset,
1672 3732 1862 3788 aquam

264 3832 467 3899 effudit,
502 3838 563 3884 ut
591 3828 797 3882 foveam
829 3839 934 3878 non
974 3834 1095 3878 esse
1123 3832 1259 3888 aqua
1280 3816 1707 3871 demonstraret:
1741 3824 1863 3863 nam

267 3925 351 3979 ubi
373 3939 512 3994 aqua
544 3921 749 3976 foveam
778 3915 999 3987 reperit,
1019 3926 1128 3967 non
1150 3908 1414 3972 consistit,
1444 3904 1537 3960 sed
1559 3902 1863 3959 descendit.

270 4017 515 4090 Implevit
571 4014 733 4085 igitur
781 4012 949 4064 altare
969 4048 985 4072 ,
1031 4013 1086 4061 et
1116 4005 1371 4074 precatus
1399 4007 1481 4055 est
1513 3999 1595 4053 his
1640 3997 1816 4052 verbis
1847 4012 1861 4048 :

268 4111 471 4166 Exaudi
512 4125 627 4172 me,
664 4105 918 4169 Domine,
959 4102 1012 4155 in
1058 4100 1175 4170 igne
1212 4092 1670 4151 Itodie:ea:audisti
1708 4106 1787 4144 me
1813 4093 1867 4143 in

265 4219 414 4273 aqua,
443 4198 635 4256 exaudi
667 4213 745 4250 me
784 4205 831 4249 et
867 4194 921 4246 in
957 4191 1073 4262 igne
1104 4190 1182 4260 (5.
1220 4186 1345 4257 Reg.
1370 4184 1457 4239 ‘l8.
1483 4183 1598 4253 '57).
1632 4182 1702 4236 Et
1742 4196 1867 4235 ecce

269 4272 381 4362 ipso
416 4294 705 4347 invocante
744 4283 1027 4341 confestim
1059 4280 1196 4351 ignis
1223 4276 1497 4333 descendit
1524 4276 1592 4328 de
1622 4272 1784 4337 ca-lo,
1813 4281 1869 4326 et

267 4383 606 4454 consumpsit
620 4379 938 4435 sacrificium
957 4383 1010 4430 et
1032 4373 1256 4442 lapides,
1270 4380 1523 4440 etaquam
1546 4366 1866 4436 linxitignis.

270 4478 405 4545 Quid
441 4485 625 4531 autem
661 4473 736 4526 ait
764 4468 1001 4542 populo?
1031 4462 1449 4536 Comprehendite
1477 4458 1756 4515 sacerdotes
1786 4458 1868 4510 iu-

271 4575 449 4639 futues,
480 4579 642 4621 nemo
666 4571 908 4618 servetur
928 4575 993 4615 ex
1022 4558 1124 4611 illis
1150 4574 1162 4609 :
1194 4564 1244 4610 ει
1275 4550 1798 4622 comprehenderunt
1818 4558 1871 4602 et

274 4654 589 4719 occiderunt
616 4666 731 4724 ecs,
762 4654 1178 4727 quadringentos
1208 4661 1263 4706 et
1291 4647 1665 4719 quinquaginta
1694 4658 1872 4700 sacer-

272 4757 429 4810 dotes
454 4753 616 4816 Baal,
648 4762 698 4806 et
733 4749 1149 4819 quadringentos
1176 4741 1487 4797 sacerdotes
1512 4738 1868 4794 excelsorum.

275 4849 490 4901 Audivit
519 4844 737 4900 Jezabcl
782 4856 915 4896 uxor
955 4838 1134 4894 Achab
1156 4852 1217 4890 ea
1240 4851 1360 4904 qua:
1389 4834 1524 4888 facta
1551 4832 1793 4891 fuerant.
1819 4838 1874 4883 et

276 4939 419 4993 misit
446 4938 515 4991 ad
548 4936 749 4990 lleliam
781 4934 962 4987 dicens
996 4946 1008 4985 :
1045 4918 1169 4982 Hice
1198 4918 1389 4999 faciant
1416 4918 1538 4977 mihi
1567 4923 1660 4988 dii,
1692 4931 1735 4975 et
1766 4921 1873 4974 Itwc

275 5022 508 5097 addant,
546 5028 644 5082 nisi
672 5044 784 5080 cras
826 5032 1010 5095 penam
1050 5017 1273 5075 animum
1306 5028 1442 5091 tu‘am
1483 5014 1610 5069 sicut
1651 5013 1886 5067 animam'

277 5120 428 5179 amitis
455 5140 625 5178 eorum
648 5123 724 5191 (5.
750 5108 875 5191 Regi.
905 5118 981 5174 l9"
1009 5116 1095 5186 2.)
1122 5131 1136 5168 :
1163 5114 1246 5168 his
1275 5110 1490 5173 auditis,
1520 5109 1699 5163 Helias
1719 5106 1872 5175 fugit.

282 5216 508 5271 Ubinam
547 5223 628 5269 est
668 5212 848 5268 Helias
891 5210 979 5263 ille
1022 5208 1141 5261 talis
1179 5200 1498 5272 tantusque?
1527 5200 1577 5253 in
1599 5198 1876 5269 proposito

280 5309 426 5362 enim
454 5305 584 5360 mihi
606 5314 689 5361 est
714 5301 1019 5365 ostendere,
1046 5298 1193 5351 illum
1214 5297 1263 5349 in
1289 5290 1563 5365 peccatum
1587 5288 1872 5343 incidisse:

285 5411 565 5470 peccatum
592 5399 731 5461 dico,
764 5411 868 5449 non
902 5404 1160 5447 accusans
1182 5380 1407 5456 justum,
1437 5378 1532 5438 sed
1559 5380 1742 5435 salutis
1762 5376 1869 5433 nia-

283 5468 471 5544 teriam
504 5482 827 5557 prbenrans‘,
858 5478 925 5537 ut‘
943 5492 1073 5538 cum]
1094 5481 1307 5535 sanctos
1335 5476 1465 5529 illos’
1487 5480 1768 5543 peccantes
1795 5468 1878 5524 vi;

285 5579 430 5633 deris
451 5621 466 5647 ,
500 5587 555 5632 et
588 5579 656 5632 de
688 5588 787 5631 sua
815 5574 989 5629 salute
1018 5570 1530 5639 non‘des'perante‘s,
1557 5563 1651 5619 sed
1686 5562 1881 5617 divina:

286 5670 624 5739 benignitatis
654 5675 929 5738 compotes
972 5663 1142 5735 factos
1167 5703 1182 5729 ,
1216 5671 1268 5715 tu
1299 5658 1507 5714 etiamsi
1537 5670 1761 5726 pecces,
1797 5669 1883 5707 sa-

289 5761 451 5816 lutem
492 5758 777 5815 admodum
820 5770 1027 5826 spercs.
1058 5754 1189 5808 Cum
1220 5751 1442 5806 dixisset
1468 5747 1683 5804 Jezabel
1707 5787 1722 5810 ,
1754 5744 1880 5798 Haec

289 5852 482 5924 faciant
523 5853 645 5906 mihi
672 5840 775 5916 dii,
810 5842 989 5905 et'liarc
1014 5834 1239 5909 addunt,
1283 5840 1383 5897 nisi
1411 5830 1740 5909 eras'ponam
1771 5836 1883 5889 ani-

286 5987 782 6102 Inquaedam
804 5986 1011 6037 deerant
1033 5969 1079 6035 in
1106 5983 1289 6044 storel.,
1314 5992 1424 6046 quzc
1452 5992 1515 6030 ex
1530 5984 1637 6028 Mss.
1667 5984 1719 6028 ct
1736 5973 1875 6028 savii.

1426 556 1491 625 1N
1532 566 1627 625 ss.
1672 546 1955 623 remuli
1997 554 2086 622 Er
2127 567 2409 624 unum.

3449 574 3555 631 751

1912 758 1917 763 ι
1960 698 2096 734 mam
2122 686 2285 749 tuam,
2316 684 2370 736 ut
2392 682 2615 736 animant
2642 684 2793 737 unius
2819 692 2883 738 ex
2908 678 3031 755 ipsils
3059 684 3134 756 (5.
3167 676 3293 756 li'cg'.
3326 670 3411 742 ibi
3439 686 3483 743 Ἰ
3499 697 3519 755 )
3538 731 3554 753 .

1957 769 2157 830 audivit
2189 774 2398 842 ll'elias,
2431 776 2485 832 et
2512 776 2643 848 fugit
2669 772 2859 833 itinere
2881 766 3486 850 dierum'quadraginla.
3515 778 3559 834 0

1960 865 2165 921 timoris
2213 868 2523 923 excessum!
2569 858 2819 923 mulieris
2849 877 3049 925 vocent
3072 864 3302 935 au’divi't',
3340 870 3392 926 et
3428 868 3557 942 qua:

1957 958 2198 1030 draginta
2220 960 2629 1031 dierum'spalio
2657 960 2790 1033 fugit
2822 979 2837 1017 :
2869 976 2974 1016 non
3007 977 3112 1017 uno
3138 960 3259 1030 die,
3285 979 3390 1018 non
3417 964 3557 1019 dbo-

1958 1053 2087 1117 bus,
2141 1070 2245 1108 non
2292 1054 2494 1120 tribus;
2536 1054 2630 1110 sed
2669 1052 2789 1110 eum
2834 1055 3077 1125 primum
3102 1054 3341 1111 mulieris
3378 1054 3573 1113 sermo'

1958 1148 2105 1201 venit
2131 1144 2195 1200 ad
2225 1146 2563 1217 prophetam,
2590 1146 2713 1229 pra;
2736 1151 2879 1204 metu
2907 1150 3153 1229 nesciens
3180 1144 3306 1221 quid
3334 1153 3553 1222 ageret,

1959 1246 2158 1292 lautam
2187 1237 2361 1331 fugam
2391 1240 2534 1294 fecit.
2565 1226 2825 1306 Quid'hnc
2855 1252 2957 1309 est,
2990 1226 3179 1298 ll‘e’lia?
3211 1246 3338 1300 tu'ne
3363 1242 3451 1301 ille
3471 1261 3556 1312 es,

1957 1330 2050 1401 qui
2075 1329 2266 1387 cwlum
2296 1322 2569 1396 clausisti,
2598 1330 2823 1401 pluviam
2854 1326 3091 1399 frena'sti,
3119 1332 3229 1391 aeri
3258 1322 3555 1408 imperasti,

1960 1424 2135 1494 ignem
2177 1440 2243 1480 ex
2281 1425 2389 1479 alto
2410 1420 2681 1493 evocasti,
2715 1427 3022 1483 sacerdotes
3049 1428 3383 1493 interfecisti,
3443 1423 3556 1499 regi

1958 1516 2147 1571 Achab
2181 1516 2397 1582 dixisti,
2429 1515 2508 1571 Tu
2533 1533 2586 1571 es
2610 1518 2696 1588 qui
2725 1514 2971 1573 subvertis
2997 1502 3276 1587 Israelcm',
3305 1531 3351 1576 et
3377 1516 3567 1578 domus

1960 1608 2119 1677 patris
2150 1608 2225 1661 mi
2251 1607 2327 1678 (δ.
2351 1608 2481 1679 Reg.
2508 1607 2594 1664 ιε.
2623 1610 2708 1663 η.
2764 1598 2825 1667 ρι’
2858 1603 2962 1683 ι’8)
2993 1627 3008 1676 ;
3078 1610 3167 1681 qui
3187 1610 3390 1676 dixisti,
3424 1594 3573 1667 Vivit

1961 1697 2233 1785 Dominus,
2275 1700 2320 1754 si
2366 1700 2459 1753 erit
2500 1692 2704 1771 pluvia,
2758 1696 2859 1757 nisi
2907 1695 2996 1771 per
3050 1698 3106 1757 os
3162 1696 3383 1771 meum;
3465 1706 3558 1775 qui

1963 1793 2140 1848 vidum
2182 1793 2398 1848 domum
2430 1810 2609 1849 aream
2650 1806 2706 1851 ει
2745 1786 3137 1866 manipularnm
3180 1792 3387 1868 copiam
3427 1799 3561 1854 effe-

1959 1885 2079 1969 cisti
2103 1887 2244 1961 ,[qui
2283 1886 2564 1941 elementis
2598 1878 2960 1969 imperavisti,
2992 1882 3297 1943 sermonem
3321 1880 3563 1945 meretri-

1961 1965 2040 2030 cis
2069 1977 2321 2059 audivisti
2353 1988 2405 2031 et
2434 1964 2631 2049 fugisti,
2662 1987 2715 2031 et
2738 1972 2843 2034 una
2876 1964 3071 2033 mulicr'
3099 1984 3150 2034 t‘e
3169 1974 3437 2048 captivum
3460 1981 3559 2035 ab-

1962 2067 2154 2122 ducit?
2185 2056 2327 2122 Duas
2355 2084 2506 2124 arces
2539 2064 2855 2141 (Ecclesiae)
2885 2062 2986 2122 una
3021 2064 3187 2140 fregit
3203 2056 3512 2126 mulieréula
3546 2088 3562 2124 :

1962 2160 2155 2216 Petrus
2183 2162 2414 2230 puellam
2443 2146 2643 2216 veritus
2671 2170 2772 2227 est,
2801 2150 2961 2216 et'ille
2982 2158 3226 2226 Jezabcl;
3274 2162 3326 2216 in
3372 2160 3571 2218 eadem

1962 2266 2181 2327 peccata
2226 2255 2459 2326 prolapsi
2507 2265 2650 2309 sunt.
2700 2255 2769 2309 Et
2808 2238 3139 2324 fngitllelias
3167 2250 3303 2309 viam
3326 2236 3559 2325 quadi-a-

1963 2349 2107 2419 ginta
2136 2348 2365 2404 dierum.
2397 2348 2498 2404 Ubi
2527 2356 2611 2403 est
2634 2348 2778 2402 zelus
2806 2334 2946 2411 tuus,
2979 2342 3149 2412 llelia,
3177 2334 3390 2417 quando
3414 2342 3566 2402 dice-

1959 2444 2060 2498 bas
2080 2483 2095 2509 ,
2146 2442 2277 2496 Vivit
2309 2441 2578 2508 Dominus,
2610 2442 2655 2495 si
2680 2441 2772 2494 erit
2809 2428 3001 2511 pluvia,
3031 2440 3129 2493 nisi
3156 2457 3245 2511 per
3269 2456 3325 2493 os
3351 2456 3517 2492 meum
3537 2420 3575 2493 .’7

1964 2535 2178 2606 quando
2203 2533 2390 2589 Achab
2417 2549 2593 2605 regem
2623 2518 2961 2602 vituperabas
2981 2529 3239 2601 ,lquando
3259 2531 3433 2602 ignem
3462 2544 3556 2583 vo-

1964 2628 2098 2682 casti
2128 2626 2249 2698 (a)?
2316 2626 2482 2701 Tanta
2525 2626 2810 2695 cperatus',
2843 2633 2897 2678 et
2924 2614 3163 2677 mulieris
3190 2614 3347 2677 unius
3378 2612 3563 2675 vocem

1966 2736 2072 2775 non
2104 2720 2305 2774 tulisti?
2341 2719 2443 2775 Ubi
2464 2728 2547 2773 est
2571 2718 2657 2773 illa
2684 2727 2772 2771 tua
2793 2717 3113 2779 constantia,
3135 2730 3257 2769 cum
3284 2700 3565 2769 Dominum

1967 2830 2160 2885 rogare
2202 2814 2418 2869 noluisti
2446 2854 2461 2877 ,
2490 2822 2549 2866 ut
2580 2810 2811 2881 pluviam
2842 2798 3005 2885 daret'
3028 2808 3229 2864 terra)?
3255 2798 3566 2862 clare'enim

1967 2878 2338 2963 subindicabat
2357 2906 2561 2971 tibi,-ac
2581 2878 2633 2958 -εἱ
2661 2903 2863 2958 diceret
2888 2921 2899 2955 :
2927 2878 3072 2971 [iuga
3104 2882 3421 2970 pro'pluvia,
3446 2888 3578 2954 licet-

1966 3014 2066 3070 ego
2092 2999 2209 3055 sine
2235 3007 2287 3054 te
2309 2996 2439 3051 dare
2467 2988 2685 3066 possim,
2716 2993 2812 3049 sed
2837 2994 3002 3057 nolui,
3035 2980 3095 3046 ut
3115 2976 3573 3063 quernad'modnm

1968 3092 2232 3146 malorum
2277 3088 2596 3161 conciliator
2634 3085 2820 3148 fuisti,
2852 3074 2942 3153 iia
2981 3093 3036 3137 et
3084 3072 3347 3137 bonorum
3378 3081 3484 3136 dux
3514 3070 3579 3135 et'

1967 3193 2153 3238 auctor
2196 3181 2290 3234 sis.
2334 3178 2529 3233 Fecisti
2572 3177 2752 3243 enim,
2799 3172 2982 3239 lleiia,
3027 3189 3140 3228 rem
3183 3166 3585 3227 inhumanitate;

1968 3274 2219 3343 plenam;
2252 3271 2393 3325 Deus
2419 3264 2547 3324 vero
2576 3283 2642 3322 ex
2674 3254 2981 3321 calamitate
3004 3246 3371 3319 misericordia
3393 3252 3587 3317 manus“

1971 3379 2109 3434 erat,
2130 3370 2252 3440 quia
2276 3366 2515 3423 omnium
2539 3365 2652 3435 ipsc
2672 3360 2884 3418 creator
2908 3371 2962 3417 et
2987 3359 3163 3431 opifex
3186 3368 3265 3414 est
3285 3375 3300 3425 ;
3331 3358 3571 3413 omnium
3666 3427 3673 3434 ἡ

1970 3462 2170 3535 pariter
2204 3469 2421 3516 curator
2461 3464 2581 3524 est,
2626 3455 2895 3523 voluitque
2939 3450 3379 3506 inhumanitatem
3425 3457 3571 3503 tuam

1971 3534 2254 3615 emollire,
2308 3559 2363 3605 et
2405 3559 2459 3604 tu
2510 3549 2560 3602 in
2605 3543 2690 3601 illa
2740 3542 3142 3614 persev’eraba's.
3179 3542 3405 3595 Dicebat“
3428 3534 3568 3606 tibi,

1971 3648 2103 3705 Novi
2133 3644 2491 3700 calamitatem
2521 3655 2640 3711 qua:
2664 3637 2896 3699 accidit,
2946 3635 3067 3689 novi
3116 3643 3344 3687 matrum
3390 3631 3568 3697 fletus,

1974 3740 2098 3795 novi
2144 3749 2433 3808 puerorum
2479 3731 2715 3786 ululatus
2745 3745 2758 3782 :
2791 3727 2945 3781 video
2976 3734 3172 3779 terram
3199 3765 3211 3786 ,
3241 3737 3398 3793 quam
3431 3721 3528 3776 feci
3555 3761 3570 3786 ,

1971 3832 2202 3886 deletam
2228 3868 2244 3894 ,
2292 3833 2351 3879 et
2394 3823 2517 3878 volo
2553 3820 2782 3891 benigne
2811 3833 2933 3872 cum
2962 3816 3048 3869 illa
3076 3829 3274 3884 agere;
3307 3812 3401 3867 sed
3446 3812 3575 3868 nolo

1973 3933 2151 3977 tamen
2182 3928 2234 3974 te
2261 3915 2462 3987 probro
2503 3912 2721 3968 afficere
2745 3953 2759 3975 ,
2813 3924 2985 3978 neque
3015 3909 3130 3961 sine
3160 3914 3251 3959 tuo
3278 3912 3411 3958 nutu
3457 3904 3575 3973 plu-

1975 4017 2113 4070 viam
2160 4012 2379 4067 mittere
2402 4048 2417 4075 ,
2451 4019 2519 4061 ue
2544 4004 2809 4059 malorum
2853 4009 2925 4055 tu‘
2946 4004 3113 4054 causa
3157 3998 3233 4052 sis
3257 4038 3271 4062 ,
3309 3996 3583 4051 bonorum

1976 4122 2108 4164 vero
2152 4120 2259 4160 non
2299 4104 2468 4167 item;
2519 4098 2614 4153 sed
2654 4108 2705 4151 te
2731 4096 2784 4150 in
2812 4094 3019 4148 honore
3062 4090 3256 4145 habeo.
3284 4090 3329 4145 Ο
3361 4088 3571 4143 Domini

1974 4200 2359 4257 humanitatem
2426 4189 2801 4249 benevolentia
2872 4200 2998 4256 erga
3061 4198 3279 4238 servum
3347 4194 3576 4250 supcra-

1974 4303 2081 4349 tam
2112 4289 2224 4362 (b)!
2256 4287 2436 4342 llclias
2470 4294 2647 4339 tamen
2692 4280 2874 4335 multa:
2899 4286 3017 4332 erat
3042 4273 3358 4344 arrogantim
3380 4312 3395 4336 ,
3425 4270 3576 4340 quasi

1975 4382 2387 4456 iinpecc‘abilis:
2417 4386 2560 4433 nbnc
2589 4384 2765 4429 autem
2798 4373 2848 4425 in
2877 4378 3157 4441 peccatum
3191 4368 3370 4435 lapsus
3395 4375 3578 4418 OSIen-

1975 4494 2067 4535 sus
2101 4486 2216 4543 est,
2255 4475 2369 4530 Deo
2412 4469 2754 4541 permittente
2781 4479 2843 4519 ac
2871 4460 3189 4532 providente
3210 4499 3224 4523 ,
3262 4466 3318 4510 ut
3345 4456 3578 4509 humane

1977 4570 2190 4628 habitus
2216 4611 2229 4633 ,
2262 4581 2385 4637 erga
2430 4565 2564 4617 alios
2594 4569 2647 4615 et
2677 4561 2791 4629 ipse
2821 4572 2925 4611 non
2956 4553 3279 4607 inhumanus
3309 4556 3473 4602 esset.
3509 4544 3578 4598 Et

1977 4666 2127 4738 fugit,
2161 4660 2353 4730 inquit,
2386 4657 2565 4711 Helias
2589 4654 2721 4707 vi‘am
2744 4651 2940 4704 dierum
2973 4643 3313 4716 quadraginta
3339 4642 3414 4712 (3.
3443 4640 3572 4711 Reg.

2087 4754 2173 4825 8).
2202 4753 2430 4810 Ubinam
2460 4755 2581 4823 sunt
2610 4745 2697 4799 illa
2721 4742 2905 4804 verba,
2930 4752 3046 4808 quae
3074 4749 3193 4825 cum
3214 4732 3290 4823 ad
3316 4733 3580 4823 quinqua.‘

1978 4812 2224 4925 genarios
2248 4846 2492 4909 dixisset,
2525 4818 2801 4896 descendit
2832 4833 2988 4917 ignis,
3013 4817 3077 4884 ει
3097 4812 3219 4883 ἰιὶὸέ
3246 4812 3579 4882 combussit?

1978 4912 2107 5003 ilum
2138 4946 2297 5015 igitur
2326 4924 2602 4994 declarare
2648 4928 2821 4984 vellct'
2856 4912 3034 4988 Dens,
3082 4916 3295 4991 quando
3323 4912 3577 4973 miracula

1982 5044 2093 5112 ipsa
2144 5010 2334 5092 fierent
2359 5077 2372 5101 ,
2423 5028 2543 5086 n'on‘
2579 5020 2824 5085 llbllam‘,
2861 5020 2963 5074 sedr
2989 5018 3079 5072 Dei
3110 5020 3367 5069 virtute‘m'
3387 5013 3473 5067 illa
3501 5010 3580 5064 fe‘

1981 5104 2148 5196 cisse,
2195 5130 2316 5184 vide
2358 5124 2484 5196 quid
2526 5120 2704 5175 faciat.
2735 5117 2852 5185 Quo
2884 5123 3126 5180 tempore
3154 5110 3294 5164 Deus
3323 5104 3582 5174 operaba-

1985 5237 2069 5281 tur
2091 5267 2106 5287 ,
2148 5237 2302 5292 reges
2327 5260 2340 5283 ,
2371 5215 2640 5289 principes
2669 5220 2723 5265 et
2754 5207 2932 5279 populi
2961 5205 3262 5266 cadebant;
3295 5215 3415 5253 cum
3445 5209 3577 5249 vero

1986 5323 2124 5376 Deus
2152 5314 2429 5375 abscessit,
2460 5309 2541 5363 vel
2571 5302 2760 5361 mulier
2791 5299 3042 5356 terribilis
3067 5298 3180 5349 visa
3207 5302 3290 5349 est
3323 5310 3336 5346 :
3368 5288 3583 5344 abSces-

1983 5414 2051 5468 sit
2086 5400 2222 5465 Deus
2247 5450 2261 5474 ,
2304 5415 2358 5460 et
2396 5404 2625 5456 humana
2671 5388 2858 5450 natura
2907 5386 3152 5458 superata
3194 5392 3294 5437 est.
3333 5378 3580 5433 Attamen

1985 5522 2106 5564 cum
2137 5471 2357 5572 fugisset
2381 5492 2563 5553 ll‘elias
2591 5476 2778 5547 diebus
2806 5481 3176 5557 quadraginta,
3207 5475 3350 5527 venit
3377 5471 3584 5572 dormi-

1986 5604 2169 5671 vitque
2192 5593 2421 5668 quodam
2453 5591 2506 5645 in
2537 5588 2694 5652 loco,
2724 5581 2974 5648 venitque
3002 5573 3068 5628 ad
3100 5572 3244 5649 illum
3277 5568 3447 5629 Deus,
3483 5562 3587 5617 Do-

2051 5844 2124 5908 (n)
2157 5815 2803 5908 Quaeuncinis.clandunturT
2824 5837 2853 5872 a
2891 5814 3085 5870 Montef.
3110 5813 3286 5865 Omissa
3332 5811 3463 5864 sunt,
3506 5800 3593 5850 hic

1991 5898 2119 5960 veio'
2136 5898 2363 5953 e's‘avilio
2383 5898 2631 5960 restituta.
2651 5950 2664 5960 _
2801 5948 2841 5960 L
2894 5947 2990 5960 ’-Δ
3038 5948 3228 5960 “nm
3255 5935 3267 5960 ε

2056 5923 2111 5956 1⁸0
2136 5923 2165 5953 c
2190 5923 2363 5951 aavulu
2385 5923 2631 5948 ι’ῖδιιιυισσ
3257 5935 3267 5946 .

2054 5967 2128 6031 (b)
2162 5964 2245 6013 nic
2270 5965 2319 6011 in
2334 5957 2500 6031 staret.
2515 5950 2767 6031 Δ(ιιιιειξιιιηι
2786 5947 3231 6031 d‘eergnhnecnon
3255 5946 3305 5984 m
3327 5923 3580 5991 sequimu-

1993 6010 2239 6092 animi
2259 6010 2325 6077 ex
2348 6029 2453 6071 Mss.
2482 6010 2623 6069 ct'ex
2647 6011 2788 6064 Savil.
2816 6010 3061 6061 sarsimus.
