4088 6452
536 530 642 584 7'55
1376 519 1434 579 Β.
1466 514 1743 577 JOANNIS
1767 514 2239 574 CllltYSOSTOMl
2267 515 2584 573 ARCIIIEP.
2624 513 3160 575 CONSTANTINOP.
3715 522 3806 580 736

538 646 718 699 minus
743 641 807 697 ad
838 655 1088 706 servum;
1136 639 1223 694 ille
1245 679 1260 703 ,
1304 637 1517 707 inquam
1542 674 1558 701 ,
1603 641 1818 689 curator
1854 642 1908 687 ct
1943 646 2133 686 amans
2237 633 2584 697 transmittit;
2639 631 2719 688 sic
2757 631 2980 687 verbum
3029 632 3268 688 mulieris
3297 631 3350 687 in
3388 633 3696 705 prophetam
3731 637 3803 692 in-

541 737 815 789 bmninnm
850 751 862 787 :
893 742 947 788 et
974 731 1101 802 quid
1127 731 1245 786 ait?
1270 743 1466 800 gnarus
1492 726 1706 797 quidem
1735 741 1837 796 qua
1868 723 1937 779 de
1971 737 2131 778 causa
2235 736 2514 792 gressum,
2566 722 2715 776 illum
2763 736 2883 777 cum
2930 723 3132 792 impetu
3172 723 3224 777 in
3259 723 3530 780 desertum
3570 728 3805 795 coniecit.

538 828 672 881 istuc
698 827 948 891 venisset,
967 834 1201 878 attamen
1223 822 1558 877 sciscitatur:
1585 818 1722 887 Quid
1743 828 1796 872 tu
1815 818 1916 884 hic,
1943 815 2135 871 Helia?
2241 812 2495 880 Ubinam,
2523 813 2673 869 llclia
2696 855 2712 881 ,
2736 813 2824 868 illa
2849 823 2935 868 tua
2959 814 3213 884 loquendi
3237 815 3494 871 libertas?
3525 816 3730 872 ubinam
3752 834 3807 874 os

449 920 454 926 '
536 920 660 987 quid
682 919 763 970 ln'c
782 918 893 988 agis
916 917 934 987 (
977 917 1064 973 Ib.
1088 919 1142 975 9.
1179 934 1288 988 sqq.
1321 920 1341 990 )
1382 911 1770 966 ?subindicans
1790 908 1907 978 ejus
1934 906 2128 979 fugam,
2239 907 2368 961 illud
2396 905 2663 961 terribile?
2690 905 2778 960 ubi
2805 905 2984 976 lingua
3012 905 3101 960 illa
3123 906 3371 962 imbrium
3393 908 3807 977 suppeditatrix?

543 1025 605 1063 ac
636 1011 679 1063 si
704 1009 908 1063 diceret
939 1025 953 1059 :
988 1005 1187 1076 Fugisti
1216 1022 1231 1059 :
1265 1005 1351 1059 ubi
1382 1013 1465 1058 est
1495 1003 1581 1057 illa
1613 999 1842 1056 ﬁducia?
1868 998 1935 1054 llt
1958 998 2134 1054 discas
2239 998 2326 1053 ubi
2350 998 2458 1065 ille,
2483 997 2573 1068 qui
2604 997 2842 1069 utrisque
2870 997 3150 1053 elementis
3178 997 3555 1069 prmcipieliat,
3586 1010 3637 1055 et
3666 1003 3809 1055 modo

540 1099 746 1153 viribus
775 1099 879 1152 tuis
902 1114 1008 1153 non
1036 1097 1329 1152 conlidere.
1375 1095 1511 1162 Quid
1542 1105 1596 1147 tu
1631 1094 1712 1147 hic
1735 1134 1751 1159 ,
1798 1091 1986 1146 Helia?
2010 1090 2134 1161 quid
2237 1092 2426 1146 caelum
2466 1090 2788 1158 claudebat,
2818 1090 2979 1147 modo
3032 1092 3208 1160 ignem
3255 1091 3509 1147 evocabat
3534 1092 3600 1147 ad
3620 1095 3806 1149 sacriﬁ-

538 1191 621 1243 hic
656 1190 770 1260 agis
792 1190 817 1242 ?
844 1186 1142 1258 Respondit
1162 1197 1339 1241 tamen
1369 1186 1548 1241 llelias
1569 1227 1585 1250 ,
1614 1185 1716 1239 alia
1748 1184 1800 1237 in
1831 1191 2011 1239 mente
2041 1182 2135 1236 ba-
2236 1184 2420 1241 cium?
2443 1186 2727 1249 Attamen,
2778 1193 2833 1239 ut
2855 1182 3003 1250 dixi,
3033 1182 3147 1239 bzcc
3171 1181 3400 1239 faciebat
3427 1192 3680 1254 operante
3702 1200 3806 1255 gra-

536 1281 668 1335 hens
691 1320 708 1347 ,
734 1289 789 1335 et
810 1280 911 1333 alia
939 1280 1156 1353 dicens.
1183 1276 1319 1345 Quid
1360 1275 1519 1346 igitur
1547 1274 1612 1329 ad
1642 1274 1758 1328 haec
1789 1273 2000 1329 llelias?
2022 1271 2133 1326 Do-
2238 1277 2308 1330 tia
2330 1275 2712 1348 ;quamobrem
2734 1291 2764 1330 a
2789 1276 2898 1330 Deo
2923 1274 3280 1345 rrdarguitur.
3305 1273 3464 1330 Vides
3483 1275 3743 1346 quomodo
3760 1275 3805 1328 in

539 1372 694 1437 mine,
725 1372 997 1442 praphctas
1026 1380 1136 1424 tuos
1163 1369 1453 1423 occiderunt
1475 1408 1488 1429 ,
1517 1376 1563 1419 et
1589 1365 1776 1419 altaria
1801 1374 1886 1417 tua
1910 1361 2134 1430 suﬁ'ode-
2238 1377 2511 1439 peccatum
2541 1368 2666 1423 illud
2698 1368 2947 1440 exiguum
2977 1368 3172 1423 cadere
3201 1367 3497 1437 permissus
3523 1367 3593 1423 sit
3614 1409 3630 1432 ,
3656 1377 3710 1422 ιιι
3733 1368 3804 1422 in.

536 1473 652 1516 runt
679 1480 697 1515 :
727 1472 773 1516 et
813 1478 904 1532 rgo
954 1461 1164 1514 relictus
1209 1475 1321 1511 sunt
1364 1458 1536 1519 solus,
1564 1464 1610 1509 et
1639 1465 1871 1525 quierunt
1910 1455 2133 1507 animam
2239 1471 2389 1533 [egro
2413 1460 2757 1532 benignitatis
2793 1460 2990 1515 amictu
3016 1458 3378 1515 scindueret?
3417 1460 3639 1515 Demum
3661 1499 3678 1526 ,
3715 1458 3806 1514 lie.

538 1569 699 1606 meam
728 1594 743 1616 ,
774 1563 829 1605 ut
860 1553 1098 1623 auferant
1143 1566 1274 1603 eam.
1319 1547 1454 1618 Quid
1486 1548 1644 1617 igitur
1671 1545 1736 1599 ad
1767 1546 1915 1600 illum
1948 1545 2132 1599 Deus?
2238 1552 2330 1618 lia,
2363 1552 2606 1608 eruditus
2635 1566 2729 1617 es;
2760 1560 2877 1607 esto
2912 1551 3171 1623 benignus
3203 1552 3342 1607 sicut
3381 1551 3637 1607 Dominus
3661 1560 3803 1619 tuus.

537 1644 718 1698 statim
755 1643 903 1698 illum
935 1642 1225 1711 redarguit.
1264 1639 1378 1694 Non
1411 1637 1531 1693 ideo
1562 1638 1767 1708 fugisti,
1791 1638 1961 1707 inquit
1982 1678 1996 1700 ,
2028 1636 2133 1692 lle-
2240 1654 2297 1699 ιιι
2322 1644 2561 1700 eruditus
2585 1658 2665 1707 es,
2700 1653 2757 1697 ul
2782 1642 3010 1697 didicisti
3033 1657 3062 1696 a
3088 1642 3314 1697 Domino
3344 1650 3456 1697 tuo.
3481 1641 3665 1697 Vidisti
3689 1655 3806 1712 quo-

536 1735 644 1798 lia;
691 1749 794 1788 non
840 1733 981 1788 enim
1024 1741 1078 1785 tu
1123 1732 1266 1786 solus
1292 1746 1385 1797 es,
1416 1731 1505 1801 qui
1544 1745 1649 1783 non
1696 1729 1931 1784 adurasti
1962 1728 2129 1783 Baal:
2237 1735 2397 1789 modo
2436 1733 2739 1805 permiserit
2779 1733 2919 1788 Deus
2961 1732 3014 1788 in
3050 1732 3296 1803 exiguum
3332 1740 3609 1802 peccatum
3635 1732 3807 1788 cadere

540 1824 666 1882 hinc
693 1825 842 1878 illum
871 1823 1196 1894 redargueus
1226 1822 1503 1891 subjungit
1526 1838 1538 1874 :
1566 1821 1769 1891 Reliqui
1796 1820 1921 1874 mihi
1945 1830 2132 1890 septem
2236 1828 2517 1884 columnas
2544 1826 2682 1891 illas,
2713 1824 3131 1897 propugnacula,
3154 1824 3368 1879 turres?
3388 1838 3458 1880 ne
3482 1824 3526 1879 si
3557 1824 3760 1879 omnino
3779 1838 3807 1880 ι

541 1919 706 1973 millia
734 1918 976 1979 virorum,
1005 1917 1090 1983 qui
1113 1926 1213 1970 n‘on
1230 1924 1557 1969 curvaverant
1575 1931 1705 1986 genu
1725 1924 1842 1967 ante
1859 1912 1991 1969 Baal
2023 1912 2129 1984 (Ib.
2237 1921 2472 1991 peccatis
2502 1928 2756 1990 expertes
2784 1927 3003 1985 essent,
3037 1931 3229 1972 omnes
3252 1917 3320 1972 ab
3347 1917 3587 1973 Ecclesia
3616 1915 3808 1973 exscin-

536 2026 587 2064 υ.
621 2008 736 2081 18.)
771 2008 1059 2078 Rcdarguit
1081 2008 1238 2078 igitur
1259 2007 1429 2071 illum,
1462 2006 1605 2078 quod
1631 2021 1734 2062 non
1764 2020 1881 2060 eam
1910 2005 1980 2060 ob
2006 2020 2133 2060 cau-
2234 2012 2460 2075 dercnt;
2493 2020 2691 2065 utcum
2736 2009 2970 2079 aliquem
3015 2018 3322 2079 peccantem
3360 2006 3596 2064 viderint
3617 2048 3633 2075 ,
3666 2017 3809 2077 atque

540 2116 656 2155 sam
684 2100 927 2170 fugisset,
957 2098 1052 2154 sed
1081 2098 1321 2153 mulieris
1347 2105 1488 2152 metu
1519 2106 1797 2165 correptus
1824 2096 1863 2148 ¹.
1895 2094 1984 2150 Sic
2011 2109 2131 2148 mu-
2235 2101 2304 2157 ad
2354 2100 2506 2156 illum
2547 2102 2664 2156 sine
2709 2100 3074 2156 misericordia
3120 2099 3495 2169 excipiendum
3528 2099 3678 2169 proni
3709 2097 3810 2154 fue-

539 2195 640 2249 lier
667 2208 768 2247 una
801 2192 959 2248 talem
989 2200 1300 2260 tantumque
1321 2190 1494 2244 virum
1524 2186 1799 2258 fugitivum
1828 2184 2005 2242 eliccit
2026 2226 2041 2251 ,
2075 2195 2131 2240 ut
2237 2194 2361 2260 rint,
2391 2192 2743 2248 recordemur
2769 2191 2974 2265 peccati
2991 2192 3095 2255 sui,
3119 2200 3172 2246 et
3199 2190 3443 2246 eamdem
3468 2191 3519 2246 ei
3545 2197 3809 2245 exerceant

538 2284 736 2349 discas.
768 2282 941 2348 "0133.
970 2297 1093 2337 cum
1121 2279 1324 2350 θιίψιίά
1355 2278 1668 2333 δάηιίνθυὶιθ
1690 2277 1881 2333 feceris
1900 2317 1916 2342 ν
1944 2275 1997 2331 id
2024 2290 2129 2330 ηοη
2235 2284 2641 2356 benignitatem,
2664 2298 2821 2353 quam
2844 2292 2898 2338 et
2920 2283 3016 2352 ipsi
3040 2281 3356 2353 consequuti
3377 2291 3504 2337 sunt
3526 2298 3556 2337 a
3581 2281 3806 2338 Domino.

537 2374 628 2430 libi
651 2370 1058 2428 adscribendum
1085 2385 1205 2425 esse
1228 2371 1273 2436 ’ν
1296 2368 1392 2424 8θά
1421 2368 1511 2422 ί)οί
1544 2367 1751 2422 νίηυιίο
1778 2365 1964 2420 Villis"
1990 2380 2127 2434 QUO‘
2236 2375 2361 2430 Haec
2381 2375 2632 2435 diximus,
2662 2389 2771 2428 non
2799 2373 3048 2443 utjustos
3073 2373 3191 2427 illos
3217 2387 3612 2438 accusarcmus,
3643 2372 3731 2428 sed
3755 2379 3805 2427 ut

536 2462 698 2517 modo
727 2462 1035 2518 discedente
1072 2461 1240 2531 gratia
1267 2500 1282 2525 ,
1320 2467 1571 2529 superata
1605 2458 1677 2513 sit
1718 2455 1948 2511 natura?
1974 2454 2131 2527 Fugit
2235 2466 2388 2521 vobis
2413 2466 2551 2519 viam
2592 2464 2780 2520 salutis
2819 2478 3280 2535 prmpararemus;
3326 2473 3384 2518 ut
3418 2481 3543 2520 cum
3571 2478 3809 2535 peccave-

540 2553 719 2608 Helias
742 2555 919 2609 itinere
938 2554 1133 2607 dierum
1153 2552 1514 2625 quadraginta.
1537 2550 1581 2606 0
1604 2552 1847 2605 timorem
1870 2550 2090 2604 nimium
2112 2549 2126 2603 l
2234 2557 2376 2626 ritis,
2406 2572 2474 2613 ne
2500 2556 2793 2627 desperetis
2818 2555 2885 2611 de
2914 2557 3085 2610 salute
3113 2564 3291 2610 vestra
3309 2596 3324 2621 ,
3365 2571 3634 2611 memores
3652 2556 3807 2624 justo-

536 2661 572 2700 ο
601 2645 901 2700 formidinis
931 2644 1353 2700 vehementiam!
1387 2659 1491 2697 non
1517 2658 1627 2698 uno
1647 2684 1662 2708 ,
1693 2653 1785 2697 aut
1810 2642 1980 2696 altero
2001 2683 2017 2708 ,
2039 2647 2132 2694 aut
2234 2666 2354 2706 mm
2404 2650 2615 2706 illorum
2643 2691 2659 2712 ,
2705 2648 2795 2720 qui
2825 2648 2959 2718 lapsi
2997 2657 3154 2716 sunt,
3186 2657 3240 2703 et
3262 2664 3357 2718 per
3377 2649 3735 2718 pmnitemiam
3759 2636 3804 2703 iii

538 2737 696 2791 tertio
720 2779 736 2805 ,
782 2737 875 2791 sed
924 2735 1273 2806 quadraginta
1313 2734 1503 2789 diebus
1541 2734 1707 2804 fugit,
1737 2743 1791 2788 et
1818 2732 1884 2787 ad
1910 2732 2129 2786 omnino

2234 2744 2424 2799 eodem
2455 2757 2557 2799 nec
2579 2742 2859 2796 imminuto
2885 2739 3105 2795 honoris
3125 2739 3291 2810 gradu
3319 2748 3650 2795 manserunt.
3677 2738 3805 2793 Dixi-

538 2830 803 2883 desertam
845 2828 1119 2899 regionem
1162 2842 1222 2882 se
1252 2827 1505 2894 contulit,
1545 2840 1654 2880 non
1695 2825 1847 2892 cibo,
1891 2839 1999 2879 non
2026 2823 2127 2878 ali-

2234 2849 2355 2890 mus
2405 2836 2579 2903 primo
2618 2834 2828 2889 illorum
2870 2833 3124 2896 virtutes;
3166 2838 3223 2886 et
3262 2831 3458 2886 deinde
3493 2839 3701 2903 peccata
3736 2829 3805 2884 in-

539 2930 722 2975 mcnto
759 2920 1008 2989 qquiam
1038 2918 1331 2973 instructus
1359 2936 1372 2971 :
1397 2927 1542 2972 metu
1572 2917 1768 2987 quippe
1804 2916 1984 2971 ebrius
2014 2915 2129 2970 hzcc

2232 2929 2497 2983 duximus.
2525 2928 2590 2987 Et
2620 2937 2673 2982 tu
2703 2927 2864 2996 igitur
2893 2926 2936 2981 si
2980 2933 3231 2996 peccator
3253 2940 3334 2990 es,
3366 2939 3435 2979 ne
3460 2926 3607 2980 absis
3632 2923 3697 2977 ab
3718 2921 3805 2977 Eo-

537 3026 642 3066 nnn
665 3011 887 3065 curabat
910 3052 924 3073 ,
955 3010 1047 3065 sed
1076 3010 1286 3064 deserta
1328 3009 1445 3064 loca
1474 3009 1799 3065 sectabatur.
1825 3009 2126 3080 ingressum

2189 3067 2199 3087 ,
2231 3022 2393 3078 clesia
2421 3038 2437 3088 ;
2471 3022 2514 3076 si
2542 3019 2738 3091 justus,
2772 3034 2841 3076 ne
2864 3018 3008 3074 absis
3034 3020 3190 3085 item,
3224 3028 3283 3073 ut
3308 3017 3803 3088 Scripturarumno-

541 3110 627 3157 est
654 3103 890 3157 mulieris
918 3104 1139 3158 verbum
1171 3103 1223 3156 in
1253 3104 1588 3172 prephetam,
1617 3111 1672 3157 et
1692 3102 1842 3174 quasi
1862 3101 2126 3172 zephyrus

2232 3115 2404 3170 titiam
2449 3125 2767 3188 praesentem
2801 3113 3003 3169 habens
3025 3112 3199 3183 justus
3236 3126 3591 3182 permaneas,
3620 3122 3804 3164 memor

532 3195 877 3252 vehementer
914 3196 967 3251 in
1001 3197 1181 3251 velum
1217 3194 1438 3251 sufﬂans
1473 3197 1741 3265 navigium
1775 3210 1898 3251 cum
1924 3195 2124 3265 impetu
2231 3206 2381 3277 regni
2402 3206 2657 3261 metarum
2682 3247 2697 3269 ,
2731 3214 2786 3260 οι
2822 3204 3086 3260 bonorum
3112 3244 3127 3271 ,
3171 3218 3291 3274 qua;
3336 3203 3658 3273 ρι-ωρπεινίι
3681 3200 3804 3256 Deus

2156 3320 2157 3323 η
2229 3296 2572 3368 diligentibus
2596 3313 2655 3352 se
2687 3314 2701 3349 :
2729 3296 2851 3367 quia
2880 3297 3054 3366 ipsum
3080 3294 3234 3350 decet
3258 3294 3431 3365 gloria
3453 3308 3578 3349 cum
3607 3292 3733 3347 Filio
3755 3297 3803 3348 et

598 3374 613 3404 ι
642 3377 700 3442 ,ιη
717 3369 880 3441 sarit,
908 3369 1023 3434 quia
1044 3383 1138 3420 non
1156 3383 1264 3420 eam
1284 3370 1345 3421 ob
1383 3382 1583 3422 causam
1602 3369 1789 3436 fugisti,
1811 3368 1900 3421 sed
1922 3374 2123 3434 propter

533 3432 752 3483 multm
775 3439 952 3482 metum
975 3431 1233 3483 recessisti.

2230 3398 2417 3444 sancto
2442 3387 2642 3458 Spiritu
2662 3429 2679 3457 ,
2712 3403 2853 3444 nunc
2880 3399 2935 3443 et
2964 3402 3180 3459 semper
3202 3429 3217 3452 ,
3249 3390 3311 3442 'et
3343 3388 3398 3442 in
3427 3387 3623 3444 Stccula
3650 3398 3802 3444 sa:ch

597 3481 894 3546 'HuoreLet
917 3481 1209 3555 MontefJut
1230 3493 1515 3548 discas......
1530 3492 1586 3545 id
1608 3506 1701 3544 non
1723 3491 1812 3547 tibi
1825 3491 2065 3544 adscribe.
2229 3481 2426 3540 lorum.
2456 3485 2647 3541 Amen.

1500 4362 1614 4435 DE'
1650 4375 1970 4439 HOMILIA
2009 4379 2091 4440 IN
2128 4380 2441 4442 BEATUM
2482 4381 2859 4444 ABRAHAM

611 4643 762 4700 Hane
802 4646 1081 4701 liomiliam
1121 4662 1230 4702 non
1256 4649 1415 4718 pauci
1457 4649 1602 4705 docti
1638 4650 1738 4705 viri
1769 4652 1927 4722 quasi
1957 4654 2226 4724 principio
2257 4663 2311 4708 et
2354 4656 2459 4708 line
2479 4654 2725 4709 mutilam
2756 4656 2997 4711 habuere
3030 4672 3045 4711 :
3073 4663 3128 4711 et
3155 4654 3376 4725 quidem
3401 4652 3547 4723 quod
3582 4648 3795 4707 antehac

540 4757 595 4812 in
623 4760 728 4813 fine
759 4775 865 4817 non
895 4763 1085 4817 mutila
1104 4767 1286 4830 modo,
1323 4766 1415 4822 sed
1442 4766 1619 4823 media
1646 4767 1731 4822 sui
1760 4773 1912 4834 parte
1942 4775 2190 4820 truncata
2228 4763 2410 4826 fuerit,
2440 4764 2552 4833 iam
2588 4765 2946 4834 conspicuum
2977 4772 3082 4829 est,
3116 4765 3336 4834 quando
3361 4778 3480 4820 eam
3515 4777 3583 4817 ex
3617 4761 3793 4814 Manu-

538 4871 756 4940 scriptis
789 4873 1176 4943 Ottoboniauo,
1210 4876 1550 4934 Coisliniano
1583 4887 1638 4933 et
1663 4878 1979 4934 Colbertiuo
2030 4894 2140 4933 uno
2174 4878 2441 4948 integram
2477 4879 2692 4934 damus.
2751 4876 2907 4947 Quod
2966 4887 3147 4933 autem
3184 4877 3340 4932 initio
3390 4878 3521 4932 nihil
3561 4885 3791 4945 unquam

540 4985 771 5044 defuerit
806 5005 931 5046 cum
967 4991 1042 5048 illi
1085 4992 1439 5066 Manuscripti
1479 5004 1532 5050 et
1571 5003 1682 5050 tres
1711 4994 1805 5049 alii
1845 4996 2096 5059 suadent,
2149 4996 2244 5065 qui
2276 4995 2419 5050 idem
2470 4995 2651 5065 ipsum
2684 4994 3011 5065 principium
3037 4994 3277 5051 eﬂ'erunt
3304 4997 3423 5051 sine
3455 4990 3791 5052 discrimine;

537 5119 651 5167 tum
694 5110 860 5165 etiam
923 5112 1170 5168 ordiendi
1230 5114 1428 5170 modus
1477 5114 1873 5187 Cbrysostomo
1927 5130 2151 5185 perquat

2179 5131 2191 5168 ι
2240 5112 2530 5168 familiaris
2569 5133 2583 5169 :
2645 5113 2832 5168 Εἴδετε
2886 5113 3080 5168 πολιὰν
3128 5113 3451 5185 σφριγῶσαν
3492 5112 3585 5164 καὶ
3631 5108 3793 5178 γῆρας

537 5227 816 5301 ἀκμάζονζ
858 5228 1077 5286 Vidistis
1100 5233 1349 5286 canitiem
1381 5244 1634 5304 vegetam,
1669 5242 1717 5287 et
1748 5224 2002 5302 ﬂoridam
2032 5242 2350 5287 senectutem
2382 5234 2408 5288 ν
2428 5234 2496 5288 At
2535 5233 2639 5286 hoc
2684 5230 3041 5301 principium,
3074 5231 3349 5300 inquiunt,
3383 5231 3486 5285 alia
3509 5239 3632 5285 ante
3658 5228 3789 5281 dicta

537 5349 811 5415 supponit.
871 5350 949 5403 ita
1007 5364 1139 5405 sane
1169 5357 1299 5413 est;
1362 5350 1457 5405 sed
1490 5350 1570 5404 vel
1627 5359 1752 5404 ante
1790 5350 1935 5405 dicta
1976 5349 2028 5404 in
2079 5348 2315 5404 lectione
2368 5349 2605 5420 quadam
2660 5346 2956 5419 Scripturae
3020 5363 3211 5412 sacrm,
3272 5362 3394 5415 qme
3446 5340 3791 5401 concionibus

505 5454 788 5541 'prtemitti
857 5460 1087 5523 solebat,
1150 5460 1231 5515 vel
1294 5462 1347 5515 in
1400 5461 1625 5517 homilia
1671 5462 1908 5532 quadam
1965 5463 2290 5533 praecedenti
2355 5470 2788 5520 commemorata
2845 5471 2902 5518 et
2949 5470 3226 5520 enarrata.
3285 5461 3445 5516 Certe
3488 5458 3773 5515 conciones

538 5575 798 5630 tredecim
857 5576 999 5644 apud
1063 5574 1518 5646 Chrysostomum
1588 5584 1890 5631 occurrunt
1952 5576 2059 5631 hoc
2114 5593 2152 5629 vi

2171 5576 2198 5629 :l
2257 5574 2423 5630 simili
2478 5575 2786 5646 principio,
2840 5574 3062 5641 Εἵδετε,
3117 5575 3427 5648 ἀγαπητοὶ,
3476 5572 3592 5636 πῶς
3639 5568 3785 5622 οὐδὲν

535 5689 724 5759 ἀργόν,
753 5688 954 5745 liomil.
997 5690 1066 5745 59
1101 5689 1153 5743 in
1187 5688 1384 5745 Genes.
1412 5687 1546 5744 illud
1571 5704 1702 5745 vero
1725 5690 1790 5744 ad
1821 5693 2149 5760 praemissam

2183 5691 2470 5746 lectionem
2502 5690 2757 5746 refertur.
2785 5693 2944 5754 item,
2976 5689 3160 5744 Εῐδετε
3183 5691 3243 5743 ὲν
3270 5693 3381 5753 τοῖς
3403 5689 3501 5760 ἤδη
3530 5685 3782 5759 ῥηθεῖσιν,

535 5807 658 5860 ὅσον
680 5806 777 5877 τῆς
814 5805 1243 5877 φιλανῦρωπὶας,
1264 5804 1437 5861 σηοω.
1470 5806 1523 5862 in
1564 5805 1766 5863 Gcncs.
1802 5807 1891 5863 25.
1921 5807 2058 5862 illud
2085 5824 2147 5863 ve

2166 5823 2214 5863 ὀ
2270 5817 2481 5879 spectat
2512 5808 2579 5864 ad
2601 5823 2685 5876 ea,
2728 5824 2851 5880 quae
2882 5809 2936 5863 in
2979 5806 3246 5863 concione
3296 5802 3618 5877 prtecedenti
3650 5800 3780 5854 dicta

538 5915 709 5975 fuere.
743 5918 834 5974 Sic
872 5928 923 5974 et
957 5921 1060 5975 hoc
1099 5919 1218 5975 loco
1265 5919 1595 5990 principium
1647 5920 1801 5989 illul,
1834 5919 1999 5974 εἴδετε
2035 5918 2152 5973 mh

2168 5919 2225 5974 ἅν
2286 5918 2624 5992 σφριγῶσχν,
2658 5919 2853 5977 referri
2908 5920 3183 5977 credimus
3214 5919 3283 5975 ad
3338 5894 3620 5977 lectionem
3664 5919 3782 5967 αηῑθ
