4088 6486
363 526 469 586 T55
630 590 639 599 .
786 546 827 593 λι.

362 644 575 707 δοῦλον,
607 644 636 697 6
663 643 918 716 κηδεμὼν
960 644 1052 700 καὶ
1081 644 1457 717 φιλάνθρωπος
1478 664 1491 677 ·
1527 648 1621 701 καὶ
1650 649 1703 701 τί
1743 666 1937 720 φησιν;

360 727 517 791 εἰδὼς
553 726 652 797 μὲν
699 728 787 780 διὰ
834 728 886 780 τί
934 723 1098 799 ἦλθεν
1150 730 1284 795 ἐκεῖ,
1316 729 1547 799 ὃμωςδὲ
1587 730 1838 801 ἐρωτῶν
1883 732 1942 785 Τί

342 805 494 885 ἱῶδε,
549 810 748 875 Ἠλία;
797 812 893 865 καὶ
929 814 989 867 τί
1034 812 1116 867 σὺ
1154 807 1309 877 ὦδε;
1355 813 1725 884 αἰνιττόμενος
1773 814 1937 867 αὐτοῦ

355 894 456 963 τὴν
485 891 685 963 φυγὴν,
718 893 839 946 ἀντὶ
864 894 982 951 τοῦ.
1018 896 1280 963 Ἔφυγες·
1304 894 1405 950 ποῦ
1427 895 1573 949 ἐστιν
1599 899 1632 968 ἡ
1659 897 1939 969 παρρησία

358 975 575 1044 ἐκείνη;
627 973 743 1028 ’Ίνα
790 976 989 1050 μάθῃς,
1033 978 1107 1049 μὴ
1158 977 1338 1048 σαυτῷ
1379 978 1620 1050 θαρρεῖν.
1676 978 1744 1032 Τί
1798 975 1935 1043 ὦδε,

366 1058 578 1120 Ἠλία;
608 1057 707 1111 καὶ
737 1060 794 1111 τί
823 1060 906 1113 σὺ
932 1055 1087 1123 ὧδε;
1138 1061 1275 1114 Ἀλλ’
1305 1063 1452 1133 ὅμως
1486 1066 1513 1116 6
1574 1062 1758 1126 ἸΙλίας
1801 1063 1936 1116 617:0-

353 1140 623 1211 κρίνεται,
672 1142 806 1196 ἄλλα
840 1143 940 1213 μὲν
988 1143 1127 1215 ἔχων
1164 1146 1223 1199 ἐν
1246 1148 1312 1216 τῇ
1352 1146 1566 1219 γνώμῃ.
1599 1147 1734 1200 ἄλλα
1764 1146 1822 1199 δὲ
1850 1145 1935 1198 λέ-

351 1240 484 1291 γων.
537 1224 603 1276 Τί
654 1224 821 1296 γὰρὸ
879 1225 1065 1286 Ἠλίας
1107 1227 1241 1298 πρὸς
1284 1228 1488 1294 ruﬁ-cat;
1542 1228 1741 1298 Κύριε,
1792 1227 1935 1295 τοὺς

350 1304 663 1375 προφήτας
696 1322 814 1362 σου
849 1308 1242 1377 ἀπέκτειναν,
1290 1312 1388 1367 καὶ
1425 1313 1499 1366 τὰ
1539 1310 1937 1378 θυσιαστήριά

349 1407 466 1443 σου
490 1389 907 1460 κατέσκαψαν,
936 1392 1096 1462 κάγὼ
1115 1395 1488 1463 ὑπελείφθην
1504 1397 1713 1463 μόνος,
1729 1394 1828 1451 καὶ
1843 1393 1935 1461 ζηο

348 1472 525 1525 τοῦσί
555 1472 669 1541 τὴν
693 1474 908 1544 ψυχήν
939 1494 1059 1545 μου
1085 1477 1293 1531 λαϐεῖν
1321 1478 1532 1544 αὑτήν.
1563 1477 1627 1531 Τί
1657 1473 1749 1531 οὖν
1797 1476 1934 1549 πρὸς

348 1555 513 1610 αὐτὸν
548 1558 577 1610 6
624 1557 793 1624 956;;
830 1558 992 1623 εὐθὺς
1025 1560 1187 1613 αὐτὸν
1238 1560 1472 1631 ἐλέγχει.
1522 1561 1598 1613 Οὐ
1651 1560 1741 1614 διὰ
1775 1560 1934 1613 τοῦτο

347 1637 572 1708 ἔφυγες,
604 1640 790 1708 φησὶν,
826 1641 983 1695 Ἠλία
1004 1659 1017 1672 ·
1043 1643 1104 1694 οὐ
1135 1643 1244 1715 γὰρ
1275 1645 1338 1696 σὺ
1373 1642 1533 1712 μόνος
1558 1638 1611 1696 εἴ
1636 1643 1664 1695 6
1690 1642 1764 1714 μὴ
1797 1660 1932 1714 προ-

347 1723 623 1793 σκυνήσας
645 1724 711 1793 τῇ
736 1721 900 1777 Βαάλύ
934 1721 1052 1779 εἶτα
1084 1724 1277 1794 ἐπάγει
1301 1718 1540 1795 ἐλέγχων
1562 1724 1743 1779 αὐτόν·
1777 1728 1930 1779 Κατ-

344 1803 562 1860 έλιπον
605 1807 839 1876 ἐμαυτῷ
876 1808 1378 1878 ἑπτακισχιλίους
1432 1809 1677 1877 ἄνδρας,
1713 1808 1932 1876 οἵτινες

343 1891 457 1946 οὐκ
478 1889 761 1960 ἔκαμψαν
790 1894 937 1963 γόνυ
958 1893 1035 1963 τῇ
1056 1888 1244 1949 Βαάλ.
1278 1888 1510 1961 Ἠλεγξε
1531 1892 1711 1946 τοίνυν
1742 1893 1926 1958 αὑτὸν,

345 1974 427 2028 ὅτι
459 1975 522 2027 οὐ
554 1975 642 2029 διὰ
670 1972 832 2029 τοῦτο
876 1975 1096 2047 ἔφυγεν,
1122 1976 1260 2031 ἀλλὰ
1286 1974 1375 2029 διὰ
1402 1974 1493 2029 τὸν
1530 1976 1629 2046 τῆς
1672 1976 1930 2045 γυναικὸς

343 2056 509 2128 φόϐον
556 2059 883 2132 ἀνεχόμενος
920 2074 976 2102 α’
1012 2063 1105 2116 καὶ
1136 2062 1236 2132 μία
1267 2061 1401 2132 γυνὴ
1442 2061 1536 2114 τὸν
1564 2059 1804 2119 τοιοῦτον
1834 2060 1930 2113 καὶ

344 2141 666 2213 τηλικοῦτον
699 2140 869 2214 ἄνδρα
883 2143 1160 2217 δραπέτην
1180 2145 1274 2198 καὶ
1304 2144 1517 2213 φυγάδα
1538 2142 1815 2214 ἐποίησεν,
1843 2143 1930 2196 ἵνα

343 2223 546 2296 μάθῃς,
590 2224 765 2289 Ἠλία,
794 2226 925 2280 ὅταν
963 2243 1016 2279 τι
1067 2225 1368 2300 παράδοξον
1409 2228 1589 2297 ποιῇς,
1630 2225 1705 2297 μὴ
1747 2225 1929 2297 σαυτῷ

342 2308 673 2381 ἐπιγράφειν
691 2309 740 2374 b,
782 2309 917 2364 ἀλλὰ
945 2313 1011 2383 τῇ
1044 2310 1137 2364 τοῦ
1169 2309 1304 2364 Θεοῦ
1341 2310 1589 2380 δυνάμει.
1627 2304 1781 2373 Εἶδες
1810 2309 1928 2373 πῶς

343 2393 430 2446 ὅτε
476 2394 690 2465 ἀπέστη
735 2392 768 2464 ή
816 2396 1010 2465 χάρις,
1057 2394 1297 2466 ἠλέγχθη
1335 2395 1367 2465 ή
1414 2393 1609 2464 φύσις;
1667 2395 1927 2463 Ἔφυγεν

355 2477 553 2543 Ἠλίας
582 2476 728 2531 ὁδὸν
757 2475 993 2547 ἡμερῶν
1021 2477 1490 2546 τεσσαράκοντα.
1519 2478 1584 2530 Ὢ
1613 2477 1776 2547 φόϐου
1805 2477 1925 2530 ἐπί-

341 2562 529 2625 τασιςί
555 2559 601 2613 ὣ
636 2557 840 2625 δειλίας
865 2562 1172 2635 ὑπερϐολήι
1205 2562 1266 2615 οὐ
1296 2562 1425 2633 μίαν
1454 2561 1653 2631 ἔφυγεν
1685 2561 1921 2633 ἡμέραν,

339 2643 400 2695 οὐ
441 2643 724 2715 δευτέραν,
757 2645 818 2697 ού
842 2644 1054 2717 τρίτην,
1089 2644 1224 2699 ἀλλὰ
1252 2645 1658 2718 τεσσαράκοντα
1693 2644 1923 2717 ἡμέρας,

340 2726 436 2780 καὶ
486 2726 650 2791 αὐτὸς
698 2727 796 2792 τὰς
849 2728 1201 2800 πανερήμους
1258 2727 1573 2794 κατέλαϐεν,
1610 2729 1672 2782 οὐ
1721 2725 1927 2800 τροφὴν

340 2809 502 2881 ἔχων,
538 2811 597 2865 οὐ
635 2811 948 2883 σιτηρέσιον
986 2813 1360 2885 ἐπαγόμενος⁹
1414 2812 1628 2883 μεθύων
1675 2811 1786 2885 γὰρ
1818 2813 1926 2867 ἀπὸ

339 2896 434 2950 τοῦ
457 2897 645 2966 φόϐου,
663 2897 870 2953 τούτων
891 2897 991 2953 οὐκ
1009 2897 1344 2970 ἐφρόντιζεν,
1367 2898 1504 2952 ἀλλὰ
1521 2897 1618 2962 τὰς
1640 2898 1925 2969 ἀοικήτους

339 2982 583 3038 ἐδίωκεν.
612 2983 878 3055 Εἰσῆλθεν
906 2985 935 3038 6
958 2985 1116 3053 λόγος
1134 2985 1237 3055 τῆς
1268 2983 1527 3054 γυναικὸς
1559 2985 1639 3047 είς
1671 2982 1761 3039 τὸν
1788 3001 1926 3055 προ-

338 3067 541 3136 φήτην,
578 3067 674 3121 καὶ
708 3065 961 3140 καθάπερ
999 3069 1235 3140 ζέφυρος
1267 3066 1512 3143 σφοδρῶς
1544 3067 1804 3139 ἐμπεσὼν
1846 3071 1926 3132 είς

344 3148 519 3204 ἱστίον
550 3152 616 3222 τῇ
650 3148 798 3222 ῥύμῃ
825 3151 923 3222 τὴν
954 3150 1159 3206 ὁλκάδα
1190 3150 1543 3223 ἀποπέμπει·
1581 3149 1754 3214 οὕτως
1790 3151 1819 3202 6
1849 3151 1929 3204 λό-

339 3250 437 3302 γος
470 3233 573 3304 τῆς
601 3233 866 3303 γυναικὸς
901 3233 1160 3288 εἰσελθὼν
1194 3235 1274 3299 είς
1305 3232 1398 3287 τὸν
1446 3233 1755 3305 προφήτην,
1790 3232 1928 3303 μετὰ

340 3317 543 3388 πολλῆς
579 3316 758 3390 ῥύμης
790 3318 953 3373 αὑτὸν
994 3318 1075 3381 είς
1105 3314 1204 3389 τὴν
1228 3315 1448 3388 ἔρημον
1490 3316 1783 3386 ἐξέπεμψε.
1816 3313 1926 3369 Ποῦ

400 3492 424 3550 '_‘
460 3487 609 3550 Sat'il-
632 3486 866 3550 ἔφυγεςηυ
879 3487 1024 3550 φόϐον
1043 3487 1364 3550 ἀνεχώρησας-

401 3504 424 3517 πι
461 3504 609 3535 aaut.
632 3504 866 3550 εφυγες....
914 3504 1024 3535 οοον
1043 3504 1364 3550 ανεχωρησας.

401 3546 435 3586 1³
465 3548 634 3596 hlorel.
663 3556 715 3596 et
741 3504 910 3598 Montﬁ
933 3548 1174 3613 ἐπίγραφι,
1200 3550 1343 3598 male.
1372 3546 1506 3596 EDIT.

1372 530 1463 593 DE
1494 530 1724 592 ΒΕΑτο
1764 528 2116 590 ΑΒΒᾹΙΙΑΜ.
2150 556 2214 571 -ι
2247 535 2579 596 MONITUM.

3515 549 3623 604 736

2048 650 2218 716 ἔστιν,
2277 651 2450 714 Ἠλία,
2505 651 2577 705 τὰ
2606 650 2707 722 τῆς
2736 652 3047 725 παρρησίας
3114 654 3363 725 ἐκείνης;
3412 658 3514 712 ποῦ
3562 665 3623 715 τὸ

2046 734 2219 805 στόμα
2269 732 2331 787 τὸ
2383 734 2648 807 φοϐερόν;
2691 734 2862 805 ποῦή
2909 736 3124 805 γλῶττα
3160 740 3193 809 ή
3251 739 3465 810 ήνίοχος
3511 744 3621 798 τῶν

2041 816 2295 887 ὅμϐρωψ
2329 816 2434 871 ποῦ
2464 818 2491 870 ὁ
2519 819 2800 888 ἑκατέροις
2835 820 3138 873 ἐπιτάττων
3166 822 3279 883 τοῖς
3310 826 3617 893 στοιχείοις,

2043 901 2173 952 ποτέ
2203 901 2299 971 μὲν
2323 901 2550 972 οὐρανὸν
2578 901 2792 966 κλείων,
2817 902 2945 956 ποτέ
2976 902 3033 955 δὲ
3058 901 3167 975 πῦρ
3197 903 3377 958 καλῶν
3405 906 3499 960 ἐπὶ
3521 909 3623 980 τὴν

2042 983 2264 1047 θυσίαν;
2312 983 2451 1036 Ἀλλ’
2480 985 2649 1055 ὅμως,
2680 984 2755 1048 ὡς
2780 987 3058 1056 προεῖπον.
3090 986 3266 1041 ταῦτα
3309 988 3482 1044 ἐποίει
3521 994 3620 1062 τῆς

2040 1067 2261 1137 χάριτος
2304 1068 2667 1139 ἐνεργούσης·
2715 1068 2796 1121 διὸ
2830 1068 2925 1123 καὶ¹
2971 1070 3258 1141 ἐλέγχεται
3307 1070 3411 1126 ὑπὸ
3459 1074 3616 1129 Θεοῦ.

2052 1150 2215 1220 Ὁρᾷς
2244 1151 2362 1214 πῶς
2401 1151 2582 1222 μικρῷ
2637 1153 2996 1224 ἁμαρτήματι
3033 1155 3386 1226 συνεχωρήθη
3434 1162 3621 1211 πεσεῖν

2040 1233 2126 1286 ἵνα
2191 1233 2488 1305 ὁλόκληρον
2542 1235 2748 1305 χιτῶνα
2805 1235 3215 1307 φιλανθρωπίας
3291 1240 3619 1311 ἐνδύσητσις

2039 1316 2264 1381 Λοιπὸν,
2300 1317 2476 1382 Ἠλία,
2504 1318 2848 1387 ἐπαιδεύθης,
2889 1319 3048 1387 γενοῦ
3081 1320 3462 1393 φιλάνθρωπος
3489 1324 3566 1385 ὡς
3592 1324 3621 1374 ὁ

2037 1401 2316 1471 Δεσπότης
2348 1418 2462 1463 σου,
2496 1401 2554 1466 ἐξ
2577 1395 2650 1453 ὧν
2677 1402 3020 1472 ἐπαιδεύθης,
3048 1403 3110 1468 ἐξ
3130 1397 3202 1456 ὧν
3236 1403 3438 1475 ἔμαθες
3468 1407 3621 1478 παρὰ

2036 1484 2128 1538 τοῦ
2172 1485 2443 1539 Δεσπότου
2491 1501 2605 1537 σου.
2639 1478 2793 1548 Εἶδες
2843 1484 2956 1549 πῶς
3005 1486 3384 1559 συνεχώρησεν
3430 1491 3458 1542 6
3486 1490 3620 1553 Θεὸς
3707 1551 3710 1554 ,

2039 1568 2222 1639 μικρῷ
2270 1569 2631 1639 ἁμαρτήματι
2679 1571 2998 1639 περιπεσεῖν
3046 1570 3171 1632 τοὺς
3206 1571 3431 1635 στύλους
3471 1573 3617 1625 ἐκεί-

2035 1669 2181 1717 νους,
2227 1652 2353 1715 τοὺς
2405 1651 2729 1723 προϐόλους,
2781 1651 2908 1715 τοὺς
2959 1651 3231 1722 πύργους;
3283 1653 3369 1707 ἵνα
3422 1654 3496 1726 μὴ
3540 1654 3619 1725 τῷ

2036 1732 2245 1789 ἐαυτῶν
2270 1730 2643 1805 ἀναμαρτήτῳ
2680 1733 2833 1807 [740]
2863 1734 3071 1799 πάντας
3101 1735 3210 1789 ἀπὸ
3241 1736 3339 1805 τῆς
3382 1737 3616 1808 Ἐκκλη-

2036 1818 2157 1882 σίας
2201 1818 2537 1888 ἐκκόψωσινο
2570 1817 2656 1872 ἵνα
2688 1819 2815 1872 ὅταν
2846 1818 2996 1872 ἴδωσί
3037 1836 3158 1873 τινα
3193 1820 3615 1892 ἁμαρτήσαντα,

2035 1902 2131 1957 xal.
2186 1901 2415 1956 θέλωσιν
2468 1902 2845 1974 ἀσπλαγχνίαν
2909 1902 3247 1979 ἐνδείξασθαι
3300 1905 3382 1967 εὶς
3435 1904 3614 1967 αὐτὸν,

2033 1986 2423 2058 ἀναμνησθῶσι
2464 1985 2564 2057 τῆς
2609 1987 2818 2041 ἐαυτῶν
2848 1986 3147 2058 ἁμαρτίας,
3189 1988 3282 2041 καὶ⁸
3315 1990 3413 2059 τῆς
3447 1988 3617 2059 αὐτῆς

2033 2070 2186 2141 αὐτῷ
2219 2069 2569 2140 μεταδώσωσι
2601 2069 3033 2141 φιλανθρωπίας,
3059 2065 3124 2143 ἧς
3153 2071 3249 2124 καὶ
3277 2071 3432 2125 αὐτοὶ
3460 2087 3619 2124 τετυ-

2032 2156 2235 2225 χήκασι
2265 2153 2413 2224 παρὰ
2439 2155 2532 2208 τοῦ
2566 2154 2861 2208 Δεσπότου.
2884 2153 3071 2207 Ταῦτα
3100 2154 3400 2224 εἰρήκαμεν
3423 2154 3484 2208 οὐ
3505 2155 3616 2208 τῶν

2031 2237 2255 2292 δικαίων
2317 2236 2774 2309 κατηγοροῦντες,
2816 2236 2933 2291 ἀλλ’
2987 2237 3116 2306 ὑμῖν
3163 2235 3282 2292 ὁδὸν
3344 2239 3616 2310 σωτηρίας

2032 2322 2581 2395 προκαταρτίζοντες,
2614 2322 2701 2375 ἵνα
2719 2322 2847 2374 ὅταν
2874 2321 3250 2392 ἁμαρτήσητε,
3269 2320 3344 2392 μὴ
3364 2321 3615 2390 ἀπογνώ-

2033 2422 2162 2476 σητε
2191 2407 2290 2477 τῆς
2320 2404 2529 2460 ἐαυτῶν
2570 2404 2844 2475 σωτηρίας
2878 2407 2946 2475 τῇ
2994 2404 3186 2474 μνήμῃ
3212 2404 3322 2458 τῶν
3355 2402 3612 2474 πεπλημ-

2034 2488 2345 2559 μεληκότων
2378 2488 2623 2553 δικαίων,
2668 2488 2762 2541 καὶ
2799 2489 2865 2558 τῇ
2908 2486 3168 2556 μετανοίᾳ
3205 2484 3306 2554 τῆς
3339 2485 3507 2555 τιμῆς
3537 2487 3611 2557 μὴ

2031 2571 2465 2626 ἐλαττωθέντων.
2502 2569 2745 2642 Εἴπομεν
2770 2571 2826 2624 δὲ
2855 2568 3037 2624 αὐτῶν
3087 2568 3308 2640 πρῶτον
3369 2569 3467 2631 τὰς
3486 2570 3586 2640 ἀρε

2029 2653 2149 2717 τὰς,
2170 2654 2265 2708 καὶ
2286 2654 2407 2707 τότε
2440 2655 2809 2725 είσηγάγομεν
2837 2653 2907 2707 τὰ
2934 2651 3313 2723 ἁμαρτήματα
3347 2662 3393 2704 ε.
3417 2652 3525 2705 Καὶ
3546 2651 3612 2703 σὺ

2029 2736 2228 2804 τοίνυν,
2275 2739 2325 2790 εί
2353 2737 2447 2791 καὶ
2467 2736 2793 2809 ἁμαρτωλὸς
2823 2731 2894 2799 εἴ,
2935 2735 3007 2806 μὴ
3035 2733 3366 2804 ἀπολειφθῇς
3390 2732 3489 2803 τῆς
3520 2734 3615 2785 ἐκ-

2030 2820 2258 2891 κλησίας
2277 2837 2291 2853 ·
2316 2820 2420 2875 κᾶν
2449 2821 2657 2883 δίκαιος
2683 2815 2770 2894 ᾗς,
2807 2820 2882 2890 μὴ
2913 2816 3314 2887 ἀποπλειφθῇς,
3342 2816 3427 2868 ἵνα
3453 2815 3613 2869 ἐναυ-

2028 2903 2119 2958 λον
2148 2904 2289 2975 ἔχων
2321 2904 2429 2958 τῶν
2456 2902 2691 2976 Γραφῶν
2735 2903 2835 2973 τὴν
2866 2901 3069 2971 γνῶσιν
3099 2900 3305 2962 δίκαιος
3328 2898 3609 2970 διαμένῃς,

2030 3006 2099 3061 με
2108 3006 2214 3060 μνη
2225 2988 2388 3060 μένος
2417 2987 2486 3041 τὰ
2510 2987 2755 3059 περὶτῆς
2789 2985 3066 3057 βασιλείας
3088 2983 3195 3038 τῶν
3222 2982 3485 3054 οὐρανῶν,
3516 2982 3612 3034 καὶ

2027 3071 2138 3125 τῶν
2162 3070 2381 3140 ἀγαθῶν
2406 3070 2632 3125 ἐκείνων
2663 3062 2739 3123 ὧν
2778 3068 3077 3139 ἡτοίμασεν
3107 3068 3135 3119 6
3158 3066 3289 3128 θεὸς
3313 3068 3427 3128 τοῖς
3469 3066 3609 3133 ἀγα-

2029 3156 2203 3209 πῶσιν
2237 3155 2428 3208 αὐτόν·
2460 3154 2542 3208 ὅτι
2573 3152 2723 3225 αὐτῷ
2767 3152 2968 3223 πρέπει
3001 3152 3034 3221 ἠ
3075 3148 3203 3215 δόξα
3249 3149 3345 3202 σὺν
3386 3146 3463 3219 τῷ
3496 3147 3611 3217 Υἰῷ

2026 3237 2229 3308 καὶτῷ
2269 3237 2408 3308 ἁγίῳ
2439 3236 2738 3307 Πνεύματι,
2772 3234 2868 3288 νῦν
2919 3235 3015 3288 καὶ
3060 3232 3169 3298 ἀεὶ,
3212 3232 3304 3285 καὶ
3355 3232 3432 3293 εἰς
3482 3231 3610 3294 τοὺς

2027 3320 2230 3384 αἰῶνας
2260 3321 2367 3375 τῶν
2391 3319 2626 3375 αἰώνων.
2666 3319 2860 3390 Ἀμήν.

2092 3429 2113 3457 ο
2139 3425 2223 3475 Sic
2264 3425 2417 3475 Savil.
2440 3425 2489 3472 in
2512 3437 2650 3486 marg
2707 3427 2762 3486 et
2781 3435 2894 3471 mss.
2924 3422 2977 3486 lin
3006 3420 3262 3486 Morel._et
3286 3418 3336 3469 in
3359 3420 3496 3467 textu
3520 3416 3611 3486 Sa_—

2028 3489 2114 3561 vii.
2135 3488 2344 3563 ‘haec’sic
2367 3489 2562 3535 inversa
2589 3479 2878 3535 eislabant:
2904 3485 2988 3541 τὰς
3025 3482 3276 3547 ἁμαρτίας,
3323 3498 3370 3528 κ.
3396 3496 3441 3526 τ.
3484 3494 3524 3527 ε.
3547 3479 3610 3526 ιὰ

2028 3550 2190 3607 εὐτελῆ
2216 3550 2419 3613 ῥήματα.

1794 4370 2087 4437 MONITU
2095 4374 2147 4434 M
2159 4419 2171 4432 .

333 4655 623 4712 recitatum
654 4670 666 4705 :
721 4665 959 4722 cumque
1007 4650 1116 4705 huc
1148 4650 1372 4705 accedat
1416 4644 1917 4720 Manuseriptorum
1958 4656 2013 4705 et
2045 4650 2439 4719 exemplarium
2472 4651 2717 4705 omnium
2750 4653 3051 4708 auctoritas
3075 4692 3091 4719 ,
3127 4652 3330 4707 nullam
3368 4661 3628 4723 putamus

342 4780 446 4833 hac
483 4777 550 4832 de
597 4790 656 4830 re
700 4773 1056 4846 quaestionem
1088 4771 1233 4826 ultra
1279 4770 1485 4826 moveri
1525 4785 1709 4840 posse.
1759 4766 2030 4841 lntegram
2079 4769 2265 4841 itaque
2297 4770 2445 4823 illam
2493 4770 2830 4834 asserimus,
2876 4784 2985 4825 non
3028 4769 3253 4840 perinde
3282 4769 3577 4843 genuinam
3612 4787 3624 4821 :

336 4891 513 4962 stylus
544 4890 691 4945 enim
736 4886 1135 4959 Chrysostomo
1169 4884 1430 4956 indignus
1467 4884 1722 4951 videtur,
1770 4885 2041 4940 orationis
2089 4898 2264 4957 genus
2303 4883 2513 4939 triviale
2549 4894 2603 4940 et
2637 4885 2820 4943 nervis
2852 4883 3174 4940 destitutum
3211 4900 3226 4941 :
3263 4900 3373 4939 uno
3405 4882 3575 4939 verbo
3612 4904 3625 4939 :

338 5007 511 5062 multa
542 5004 989 5078 peregrinitatem
1029 5004 1179 5059 olent
1207 5019 1222 5059 :
1254 5002 1614 5074 quamobrem
1648 4999 1920 5059 Henricus
1951 5001 2211 5068 Savilius,
2248 5000 2490 5059 Joannes
2533 5001 2775 5064 Boisius,
2811 5009 2866 5056 et
2902 4998 3203 5055 novissime
3231 4998 3618 5056 Tillemontius

340 5134 404 5183 ut
430 5126 620 5181 saltem
651 5132 968 5195 suspectam
1005 5121 1208 5179 habent
1234 5140 1247 5177 :
1281 5121 1482 5194 quibus
1508 5136 1610 5177 nos
1638 5120 1873 5178 libenter
1897 5120 2319 5193 adstipulamur,
2344 5120 2808 5190 arbitramurque,
2841 5115 3154 5188 quempiam
3189 5116 3411 5204 levioris
3439 5131 3622 5171 arma-

346 5253 487 5300 tura:
522 5246 578 5300 in
618 5244 737 5300 haec
758 5256 821 5299 se
857 5247 1040 5299 castra
1073 5240 1396 5313 conjecisse,
1420 5252 1474 5296 et
1513 5240 1972 5312 Chrysosmmum
2008 5242 2331 5298 ementitum
2359 5254 2502 5302 esse,
2535 5237 2897 5307 ordiendique
2931 5234 3155 5292 modum
3183 5249 3251 5291 ex
3294 5234 3418 5289 aliis
3440 5231 3500 5289 S.
3524 5231 3625 5287 do-

347 5363 517 5420 ctoris
581 5362 824 5418 homiliis
880 5369 1191 5416 mutuatum
1239 5374 1380 5416 esse.
1449 5355 1567 5414 Non
1623 5356 2039 5413 dissimulamus
2099 5365 2283 5411 tamen
2325 5352 2602 5409 Halesium
2659 5351 2893 5422 Anglum
2929 5364 3052 5406 eam
3102 5361 3204 5420 pro
3233 5361 3363 5403 vera
3408 5353 3463 5401 et
3504 5361 3627 5417 ger-

349 5494 513 5536 mana
567 5479 850 5542 habuisse,
898 5478 987 5533 cui
1036 5475 1414 5534 accensendus
1458 5473 1678 5529 videtur
1723 5473 1930 5529 Fronto
1988 5471 2240 5537 Ducaeus,
2295 5469 2389 5542 qui
2431 5468 2571 5524 nihil
2630 5466 2852 5539 quidem
2908 5464 3038 5538 περὶ
3088 5461 3302 5526 νοθείας
3346 5461 3434 5517 vel
3489 5464 3625 5534 γνη-

353 5598 601 5669 σιότητος
621 5596 776 5662 dixit,
804 5595 899 5651 sed
933 5598 1053 5650 eam
1082 5593 1223 5647 inter
1250 5605 1511 5662 germana
1551 5605 1717 5662 opera
1747 5588 1969 5677 locayit.

423 5708 807 5780 lnterpretatio
848 5707 1045 5778 prioris
1078 5705 1249 5778 partis
1286 5713 1371 5761 est
1398 5703 1694 5761 Frontonis
1719 5704 1919 5762 Ducaei.
1947 5702 2229 5762 Posterior
2261 5717 2412 5768 vero,
2442 5714 2565 5773 quae
2593 5713 2742 5756 nunc
2769 5696 2950 5769 primo
2972 5691 3175 5767 prodit,
3207 5704 3237 5746 a
3259 5689 3419 5748 nobis
3440 5688 3634 5745 Latine

349 5836 619 5881 conversa
654 5827 734 5875 CSi
746 5859 760 5875 ιι

677 5870 947 5962 ῥλτιιοι..
993 5901 1110 5962 Gn.
1154 5898 1220 5960 L.
1830 5953 1834 5957 _

2226 5944 2240 5950 _
3202 5870 3280 5932 21
