4088 6432
576 466 678 553 237
1294 461 1352 519 S.
1392 462 1682 523 JOANNIS
1720 460 2210 520 CHRYSOSTOMI
2247 461 2572 519 ARCHIEP.
2612 460 3159 521 CONSTANTINOP.
3719 458 3809 514 738

1846 910 2013 985 -ίπη
2082 919 2490 1007 moro:

1702 1200 1807 1252 ΕΙΣ
1847 1197 1982 1253 ΤΟΝ
2018 1199 2384 1253 ΜΑΚΔΡῙΟΝ
2457 1198 2761 1253 ΔΒΡΑΔΜ.

644 1625 829 1682 Εῑδετε
861 1624 891 1666 δ
918 1623 1109 1679 πολιάν
1140 1624 1476 1697 σφριγῶσαν,
1520 1625 1616 1681 καὶ
1655 1626 1837 1700 γῆρας
1873 1625 2156 1699 ἀκμάζονς

570 1712 743 1765 εἴδετε
784 1708 1024 1782 ἀθλητὴν
1064 1712 1311 1778 γενναῖον
1355 1710 1493 1781 πρὸς
1524 1709 1686 1780 φύσιν
1726 1713 1824 1764 καὶ
1875 1710 2160 1782 σπλάγχνα

572 1791 1070 1865 παραταξάμενον;
1118 1793 1291 1848 εἴδετε
1337 1794 1505 1866 ἀνδρα
1524 1794 1583 1849 ἐν
1611 1794 1814 1867 ἐσχάτῃ
1843 1793 2007 1867 πολιᾷ
2039 1793 2160 1848 ἀδά-

575 1896 778 1950 μαντος
819 1878 1210 1952 στερρότερον;
1246 1878 1568 1957 Ῑςεχάλαστο
1610 1878 1709 1951 μὲν
1745 1877 1912 1933 αὐτοῦ
1940 1880 1970 1933 6
2007 1878 2160 1942 τόνος

571 1961 687 2018 τῶν
716 1962 961 2036 σαρκῶν,
979 1962 1281 2034 νενεύρωτο
1291 1962 1349 2017 δὲ
1370 1963 1535 2017 αὐτοῦ
1552 1963 1582 2016 6
1604 1962 1757 2027 τόνος
1777 1962 1876 2034 τῆς
1897 1962 2156 2027 πίστεως.

572 2048 815 2103 Τοιαῦτα
843 2047 954 2119 γάρ
980 2048 1079 2118 τῆς
1124 2046 1455 2117 Ἐκκλησίας
1477 2045 1547 2101 τά
1571 2045 1995 2120 κατορθώματα,
2020 2047 2103 2100 ὃτι
2122 2046 2157 2118 η

572 2132 762 2187 ἀτονία
788 2131 885 2185 τοῦ
918 2131 1171 2203 σώματος
1202 2129 1355 2186 οὐδὲν
1376 2130 1702 2202 λυμαίνεται
1721 2131 1822 2203 τὴν
1846 2130 2158 2203 προθυμίαν

571 2217 671 2288 τῆς
699 2216 956 2280 πίστεως·
981 2215 1187 2285 κόσμος
1199 2214 1308 2287 γάρ
1339 2213 1667 2287 Ἐκκλησίας
1690 2214 1849 2271 πολιὰ
1860 2214 2161 2271 κατεστσλν

573 2299 734 2373 μένη,
766 2299 864 2354 καὶ
895 2299 1079 2364 πίστις
1102 2296 1485 2369 ἐπτερωμένη,
1517 2297 1613 2352 καὶ
1640 2298 1700 2352 ἐν
1727 2298 1905 2370 τούτῳ
1926 2298 2103 2371 χαίρει
2121 2300 2155 2369 η

582 2381 876 2454 Ἐκκλησία
900 2380 1120 2453 μᾶλλον.
1166 2381 1289 2436 Ἐπὶ
1313 2383 1411 2453 μὲν
1431 2380 1541 2454 γάρ
1558 2380 1667 2435 τῶν
1689 2380 1794 2449 ἔξω
1816 2382 2158 2454 πραγμάτων

570 2469 601 2521 6
627 2468 806 2539 γέρων
837 2467 1131 2537 ἄχρηστος,
1167 2466 1248 2528 είς
1275 2464 1429 2518 οὐδὲν
1474 2464 1802 2537 ἐπιτήδειος,
1847 2465 1984 2519 ἀλλὰ
2023 2482 2159 2519 παν-

571 2551 740 2622 ταχοῦ
758 2548 1090 2621 συγγνώμης
1112 2547 1502 2613 ἀπολαύει,διά
1523 2547 1741 2604 ἀτονίαν
1764 2548 1840 2621 μὴ
1864 2548 2159 2620 δυνάμενος

574 2632 949 2708 χρησιμεῦσαι
978 2635 1093 2696 τοῖς
1115 2630 1457 2700 ἀναγκαίοις.
1483 2626 1609 2685 Οἴόν
1636 2648 1689 2685 τι
1714 2631 1879 2701 λέγω·
1903 2632 1982 2685 Οὑ
2007 2631 2161 2685 δύνα·

571 2735 662 2772 ται
698 2716 925 2788 όγὲρων
972 2715 1052 2778 είς
1090 2712 1327 2785 πόλεμον
1364 2713 1805 2785 παρατάξασθαι,
1850 2713 1950 2784 οὐχ
2002 2714 2160 2785 ῖππῳ

568 2799 859 2870 ἀναϐῆναι,
888 2797 949 2849 οὑ
991 2797 1123 2870 δόρυ
1153 2797 1401 2869 κινῆσαι,
1446 2796 1549 2850 οὐκ
1579 2795 1785 2850 ἀσπίδα
1819 2799 2016 2861 σεῖσαι,
2059 2798 2158 2867 οὐχ

570 2882 726 2955 ἡλίου
750 2880 1067 2952 θερμότητα
1090 2881 1437 2950 ὑπενεγκεῖν,
1468 2880 1569 2953 οὑχ
1586 2880 1899 2952 ὁδοιπορίας
1929 2880 2158 2952 μέγεθος

573 2967 860 3038 βαστάσαι,
891 2965 951 3018 οὑ
977 2964 1137 3037 λιμοῦ
1160 2965 1444 3036 δεινότητα
1482 2966 1795 3036 ὑπομεῖναι,
1830 2965 1891 3017 οὐ
1913 2964 2159 3037 θορύϐων

569 3054 767 3120 δγκον·
810 3050 925 3104 ἀλλ’
981 3052 1039 3104 ὲν
1087 3050 1276 3123 ἡσύχῳ
1309 3049 1463 3122 τόπῳ
1496 3048 1813 3116 καθέζεται,
1862 3051 2160 3121 συνήγορον

571 3139 710 3207 ἔχων
740 3136 838 3208 τὴν
871 3134 1088 3190 πολιάν.
1119 3134 1291 3188 Τοῦτο
1310 3135 1376 3189 δὲ
1410 3135 1506 3189 καὶ
1542 3134 1637 3189 ἐπὶ
1670 3133 1779 3188 τῶν
1819 3133 2021 3189 πλοίων
2062 3133 2159 3187 ῖδοι

568 3237 654 3283 τις
676 3219 764 3274 ἀν·
801 3219 876 3272 Οὐ
902 3217 1126 3272 δύναται
1151 3217 1181 3270 6
1212 3218 1390 3291 γέρων
1413 3219 1508 3273 ἐπὶ
1528 3217 1636 3272 τῶν
1662 3217 1865 3273 οἰάκων
1890 3215 2158 3288 καθεσθῆ-

572 3321 680 3367 ναι,
717 3303 777 3356 οὑ
812 3302 1024 3374 πελάγη
1065 3305 1273 3374 τεμεῖν,
1301 3302 1363 3355 οὐ
1406 3301 1602 3373 κώπην
1630 3301 1839 3368 ἐλάσαι,
1870 3303 1971 3373 οὐχ
1992 3302 2161 3355 ἱστίον

571 3384 876 3460 κρεμάσαι,
916 3386 1018 3439 οὐκ
1059 3384 1327 3450 ἐναντίοις
1363 3386 1587 3457 ἀνέμοις
1615 3385 2060 3458 παρατάξασθαι,
2096 3384 2157 3437 οὑ

571 3471 772 3544 κρύους
803 3468 1111 3542 δριμύτητα
1141 3469 1454 3541 ὑπομεῖναι,
1483 3469 1586 3523 οὑκ
1612 3469 1743 3523 ἄλλο
1761 3486 1815 3523 τι
1852 3468 1960 3524 τῶν
1984 3465 2159 3522 τοιού-

568 3573 678 3609 των
699 3555 924 3610 δύναται
956 3553 1214 3624 ποιῆσαι·
1249 3553 1388 3607 ἀλλά
1416 3554 1710 3619 καθέζεται
1744 3556 1803 3608 ἐν
1835 3556 1902 3625 τῇ
1945 3552 2036 3625 νηῒ
2060 3551 2159 3625 τὴν

571 3640 665 3693 ἐπὶ
701 3639 803 3709 τῆς
839 3637 1060 3710 ἡλικίας
1095 3647 1117 3676 ο
1174 3636 1315 3707 ἔχων
1350 3636 1705 3708 συγγνώμην.
1756 3635 1928 3691 Τοῦτο
1970 3637 2028 3691 δὲ
2066 3637 2160 3690 καὶ

570 3723 664 3776 ἐπὶ
712 3722 822 3777 τῶν
873 3720 1133 3793 γηπόνων
1181 3719 1333 3774 ἔστιν
1386 3720 1543 3774 ἰδεῖν·
1599 3720 1726 3774 οὔτε
1770 3719 1881 3792 γὰρ
1930 3720 2159 3792 ἄροτρον

572 3804 800 3859 ἑλκύσαι
820 3803 1067 3870 δύναται,
1094 3800 1219 3856 οὑτε
1249 3801 1466 3857 αὑλακα
1492 3805 1803 3876 ἀνατεμεῖν,
1836 3802 1961 3856 οὐτε
1985 3802 2160 3856 πωλο-

571 3888 783 3959 δάμνης
841 3886 1131 3956 γενέσθαι,
1198 3884 1321 3939 οὔτε
1381 3883 1521 3956 βοῶν
1570 3886 1806 3959 ἰσχυρῶν
1860 3886 2159 3955 ὑπενέγκαι

577 3972 754 4042 ἰσχὺν,
808 3970 933 4024 οὐτε
1005 3969 1289 4042 καύματος
1340 3971 1609 4042 πόλεμον,
1653 3969 1785 4027 οὐτε
1824 3969 2161 4042 θερμότητος

570 4058 758 4125 ὄγκον,
793 4054 918 4109 οὐτε
951 4055 1238 4127 σκαπάνης
1278 4054 1464 4127 βάρος,
1494 4054 1619 4108 οὔτε
1650 4055 1778 4109 ἄλλο
1809 4071 1863 4107 τι
1888 4053 1998 4107 τῶν
2023 4054 2161 4126 πρὸς

570 4143 669 4211 τὴν
696 4140 799 4211 γῆν
829 4137 1275 4211 χρησιμευόντων
1294 4155 1306 4167 ·
1336 4137 1477 4192 ἀλλά
1501 4136 1792 4201 καθέζεται
1817 4138 1875 4190 ἐν
1899 4137 1976 4209 τῷ
2001 4138 2156 4209 οἴκῳ,

574 4226 872 4294 συνήγορον
910 4221 1050 4292 ἔχων
1078 4220 1175 4293 τὴν
1202 4219 1413 4275 πολιάν.
1454 4220 1595 4274 Ἀλλ’
1626 4221 1687 4274 οὐ
1708 4220 1777 4274 τά
1795 4220 1893 4291 τῆς
1925 4219 2158 4292 Ἐκκλη-

574 4306 695 4369 σίας
727 4305 976 4369 τοιαῦτα,
1014 4303 1131 4358 ἀλλ’
1166 4305 1297 4358 ὅταν
1322 4304 1637 4375 γηράσωσιν
1664 4304 1713 4358 οί
1742 4305 1801 4359 ἐν
1836 4305 2005 4376 ἀρετῇ
2044 4304 2159 4357 διά-

572 4406 783 4459 γοντες,
819 4387 943 4441 τότε
992 4388 1191 4459 μᾶλλον
1223 4389 1487 4460 χρήσιμοι
1525 4387 1919 4443 καθίστανται*
1948 4388 2009 4443 οὑ
2049 4389 2159 4460 γάρ

573 4470 794 4543 σαρκῶν
839 4471 1076 4536 εὐτονία,
1125 4470 1264 4525 ἀλλὰ
1310 4471 1550 4535 πίστεως
1597 4471 1847 4537 ἐπίτασις
1891 4470 2156 4543 ζητεῖται.

571 4555 828 4620 Τοιοῢτος
873 4549 942 4627 ἦν
1006 4555 1280 4627 Ἁϐραάμ,
1317 4553 1725 4626 κεχαλασμένος
1780 4556 1877 4627 μὲν
1901 4554 1980 4627 τῷ
2023 4555 2160 4627 τόνῳ

571 4640 682 4695 τῶν
711 4640 950 4712 σαρκῶν,
984 4636 1393 4711 νενευρωμὲνος
1425 4638 1483 4691 δὲ
1509 4637 1587 4709 τῷ
1610 4637 1751 4710 τόνῳ
1777 4639 1877 4711 τῆς
1900 4639 2158 4703 πίστεως.

573 4725 760 4796 Γέρων
779 4719 871 4795 ἦν,
901 4722 1019 4777 ἀλλ’
1046 4724 1105 4776 ἐν
1126 4723 1334 4795 ἐσχάτῃ
1355 4721 1517 4793 πολιᾷ
1545 4722 1686 4794 πρὸς
1714 4722 1877 4792 φύσιν
1901 4723 2157 4795 ἐμάχετο,

573 4808 814 4877 τρόπαια
860 4807 1021 4879 νίκης
1076 4804 1293 4877 μεγάλα
1343 4806 1584 4877 στήσας·
1636 4806 1814 4877 γέρων
1858 4801 1964 4877 ἦν,
2023 4806 2160 4861 ἀλλὰ

577 4890 798 4961 σιδήρου
845 4889 1241 4961 εὐτονώτερος,
1285 4890 1379 4942 καὶ
1424 4887 1734 4961 ἀδάμαντος
1782 4890 2157 4962 στερρότερος.

576 4973 687 5028 Καὶ
717 4974 808 5026 ὅτε
846 4972 942 5043 μὲν
980 4975 1039 5026 ἐν
1072 4972 1286 5044 νεότητι
1317 4969 1406 5045 ἦν,
1446 4972 1597 5026 οὐδὲν
1625 4971 1831 5026 τούτων
1861 4972 2159 5045 κατώρθω-

575 5074 667 5110 σεν
686 5073 700 5088 ·
725 5057 814 5110 ὅτε
835 5055 892 5107 δὲ
922 5055 1275 5127 παρέδραμεν
1300 5059 1328 5111 ὁ
1350 5056 1541 5129 χρόνος
1566 5055 1664 5128 τῆς
1685 5055 1921 5128 ἡλικίας,
1955 5056 2079 5110 τότε
2101 5056 2161 5110 τὸ

572 5140 831 5211 τρόπαιον
866 5138 965 5211 τῆς
1011 5138 1166 5210 νίκης
1216 5138 1444 5212 ἔστησεν
1469 5155 1482 5170 ·
1518 5141 1577 5195 ἐν
1622 5139 1830 5211 ἐσχάτῃ
1858 5135 1927 5210 ἢν
1975 5139 2157 5212 πολιᾷ,

573 5223 688 5276 ἀλλ’
719 5222 975 5294 ἐμπόδιον
1012 5223 1045 5293 ἡ
1081 5222 1243 5276 πολιά
1279 5225 1379 5277 οὐκ
1411 5224 1649 5293 ἐγένετο.
1689 5221 1780 5276 Διὸ
1808 5223 1905 5277 καὶ
1944 5226 1973 5281 6
2004 5223 2158 5288 Θεὸς,

574 5306 731 5371 εἰδὼς
774 5306 873 5378 τὴν
919 5306 1165 5360 εὐτονίαν
1216 5307 1405 5373 αὐτοῦ,
1462 5307 1813 5378 ἐπιφαίνεται
1854 5306 2025 5378 αὐτῷ,
2065 5306 2161 5361 καί

497 5444 503 5449 ,
577 5408 742 5463 φησιν
763 5408 775 5420 ·
814 5389 1064 5456 Ἔξελθε
1094 5390 1164 5444 ἐκ
1190 5389 1301 5459 τῆς
1332 5389 1448 5460 τῆς
1467 5404 1606 5458 σου,
1638 5391 1737 5445 καί
1781 5391 1851 5444 ἐκ
1875 5390 1987 5461 τῆς
2012 5407 2160 5461 συγ-

575 5475 812 5541 γενείας
834 5488 973 5538 σου,
990 5474 1089 5528 καί
1110 5474 1180 5528 ἐκ
1211 5473 1315 5529 τοῦ
1341 5474 1513 5529 οἴκου
1534 5475 1642 5530 τοῦ
1661 5477 1885 5544 πατρός
1906 5492 2041 5539 σου,
2056 5477 2156 5531 καὶ

577 5557 752 5625 δεῦρο
799 5560 886 5624 εὶς
940 5557 1079 5627 γῆν,
1133 5556 1215 5627 ’ἢν
1266 5558 1344 5612 ἄν
1396 5573 1495 5613 σοι
1554 5557 1751 5622 δείξω.
1827 5558 2158 5629 ’Υπήκουσεν

589 5639 840 5712 ’Δϐραάμ
867 5640 945 5712 τῷ
975 5642 1139 5712 λόγῳ,
1174 5644 1353 5695 καίτοι
1384 5642 1562 5715 γέρων
1590 5640 1666 5696 ῶν
1686 5641 1893 5708 λοιπὸν,
1926 5644 2017 5697 καὶ
2038 5642 2160 5697 ἄτο-

641 5738 667 5766 “
688 5739 872 5804 Collala
895 5752 1003 5788 cum
1025 5738 1466 5804 codicibusﬁegiis
1486 5739 1623 5804 {8335,
1642 5739 1784 5804 2545,
1813 5753 1922 5788 cum
1942 5740 2158 5791 Colbcrt.

582 5811 696 5862 uno,
719 5803 940 5862 itemque
958 5815 1069 5851 cum
1090 5800 1395 5852 Coisliniand
1411 5809 1462 5852 et
1485 5801 1833 5853 Ollobouiano.

641 5861 669 5927 ιδ
698 5861 881 5927 ρωπος
903 5875 1021 5927 ῐιιεει1
1046 5863 1176 5927 idem
1200 5863 1385 5927 lupam
1402 5866 1712 5927 prmcipium.
1737 5863 1904 5927 Aliqui
1924 5864 2064 5913 ἴδετε.

641 5924 668 5955 ⁸
696 5925 822 5987 Reg.
850 5936 978 5975 unus
1000 5925 1151 5975 Savil.
1172 5932 1225 5975 et
1244 5924 1421 5987 CoisL,’
1438 5927 1523 5985 τὴν
1557 5924 1611 5975 ἐκ
1634 5931 1720 5985 τῆς
1736 5924 1940 5983 ἡλικίας.

2260 1643 2349 1692 νος
2382 1627 2643 1704 minui]
2662 1633 2893 1702 σώματι,
2926 1627 3019 1684 καὶ
3048 1627 3149 1683 οὐκ
3172 1621 3298 1682 εἶπε
3328 1625 3466 1698 πρὸς
3478 1624 3695 1704 ἶαυτόν·
3727 1622 3823 1679 Ποῦ

2259 1702 2589 1784 ἀπέρχωμαι
2621 1702 2678 1769 ἐν
2701 1715 2904 1787 ἐσχάτῃ
2930 1711 3124 1784 πολιᾷς
3153 1708 3439 1765 καταλίπω
3463 1708 3559 1765 τὸν
3586 1702 3724 1763 οἶκον
3745 1705 3825 1762 τοῦ

2260 1796 2468 1868 πατρός
2505 1815 2630 1870 μου,
2670 1799 2767 1852 καὶ
2796 1797 2895 1869 τὴν
2928 1796 3036 1868 γῆν
3068 1788 3184 1870 ὲνῇ
3216 1792 3539 1866 ἐγεννήθην,
3572 1793 3699 1847 ὅπου
3736 1806 3822 1844 πι-

2265 1876 2475 1951 ριουσία
2522 1882 2843 1952 χρημάτων,
2894 1880 2989 1934 καὶ
3039 1878 3370 1951 περιφάνεια
3420 1875 3658 1946 γονέων·
3708 1874 3821 1927 ὅπου

2260 1962 2456 2032 κτῆσις
2509 1963 2827 2035 πολυτελὴς,
2877 1964 2972 2017 καὶ
3021 1962 3193 2033 φίλων
3229 1960 3539 2033 εὐημερία;
3584 1958 3695 2013 ἀλλ’
3720 1957 3823 2010 ἐλυ-

2261 2048 2416 2100 πεῖτο
2445 2046 2546 2119 μὲν
2578 2047 2717 2120 πρὸς
2745 2047 2806 2101 τὸ
2831 2046 3029 2117 παρὸν,
3064 2045 3124 2100 οὐ
3160 2046 3444 2117 παρήκουε
3467 2042 3556 2098 δέ·
3595 2042 3669 2107 ὡς
3696 2039 3824 2111 φιλό-

2259 2147 2420 2195 τοπος
2451 2130 2561 2204 γάρ
2585 2132 2860 2201 ὴγωνιᾶτο
2886 2129 3231 2196 καταλιπεῖν,
3257 2128 3334 2192 ὡς
3353 2125 3600 2198 φιλόθεος
3623 2125 3679 2179 δὲ
3695 2122 3824 2177 ἐπεί-

2260 2214 2385 2269 θετο
2432 2215 2527 2269 καὶ
2573 2214 2852 2287 ὑπήκουε·
2905 2213 3002 2269 καὶ
3049 2212 3112 2267 τό
3147 2210 3483 2283 θαυμαστὸν,
3529 2208 3652 2265 οὔτε
3690 2204 3824 2262 εἶπεν

2262 2298 2412 2371 αὑτῷ
2439 2302 2468 2353 6
2496 2298 2630 2363 Θεὸς
2658 2300 2739 2363 είς
2776 2301 2929 2353 ποῖον
2956 2298 3142 2366 τόπον,
3171 2295 3309 2353 ἀλλά
3328 2294 3406 2369 τῷ
3437 2295 3717 2368 ἀδιορίστῳ
3741 2290 3821 2346 τοῦ

2259 2382 2522 2454 ὀνόματος
2562 2382 2873 2454 ἐγύμνασεν
2920 2380 3087 2437 αὑτοῦ
3120 2381 3221 2448 τὴν
3258 2379 3603 2452 προαίρεσιν.
3643 2378 3703 2431 El
3730 2375 3823 2446 γὰρ

2259 2463 2412 2521 εἶπεν
2442 2466 2613 2539 αὐτῷ,
2656 2468 2742 2521 ὅτι
2773 2468 2854 2532 είς
2879 2465 2986 2537 γῆν
3016 2482 3076 2520 σε
3112 2464 3222 2538 ἔχω
3260 2465 3571 2535 ἀπαγαγεῖν
3618 2462 3823 2535 ῥέουσαν

2259 2550 2399 2621 γάλα
2434 2551 2528 2605 καὶ
2556 2551 2699 2623 μέλι,
2743 2551 3029 2622 εὑρίσκετο
3059 2550 3088 2603 6
3138 2549 3389 2621 Ἀϐραὰμ
3425 2548 3489 2605 οὑ
3526 2553 3672 2619 φωνῇ
3705 2542 3821 2623 Θεοῦ

2260 2622 2602 2702 ὑπακούσας,
2646 2634 2784 2690 ἀλλά
2811 2635 2916 2706 γῆν
2950 2635 3057 2705 γῆς
3087 2634 3408 2707 προκρίνας.
3464 2630 3709 2704 Ἐξῆλθεν
3734 2622 3824 2707 οὖν

2274 2717 2528 2791 Ἀϐραάμ
2602 2718 2679 2792 μὴ
2729 2717 3095 2790 ἐπιστάμενος
3141 2706 3246 2771 ποῧ
3314 2717 3636 2789 ἀπέρχεται.
3692 2706 3822 2772 Εἶδες

2263 2802 2456 2856 πολιὰν
2510 2802 2922 2874 σεμνυνομένην
2992 2803 3053 2856 ἐν
3110 2799 3544 2874 κατορθώμασι;
3612 2792 3823 2851 Τοιαῦτα

2261 2886 2391 2958 γάρ,
2422 2886 2499 2951 ὡς
2530 2888 2812 2959 προεῖπον,
2860 2885 2932 2940 τά
2958 2885 3206 2958 ἡμέτερα
3225 2902 3238 2916 ·
3269 2885 3372 2939 οὐκ
3421 2881 3613 2939 ἀτονία
3662 2879 3821 2951 γήρως

2260 2970 2403 3025 αὐτά
2439 2971 2791 3035 καταϐάλλει,
2827 2970 2889 3025 οὑ
2930 2971 3125 3043 χρόνος
3151 2968 3294 3023 αὑτά
3328 2968 3622 3042 μαραίνει·
3651 2965 3706 3019 οὐ
3729 2960 3820 3031 γὰρ

2260 3056 2319 3109 ὲν
2362 3054 2609 3127 σώμασίν
2646 3056 2796 3109 ἐστιν
2918 3053 3102 3119 πολιὰ,
3145 3052 3263 3107 ἀλλ’
3305 3054 3364 3107 ὲν
3410 3051 3598 3124 ψυχῇ·
3640 3047 3711 3102 διδ
3741 3044 3819 3098 καὶ

2260 3140 2518 3212 ἀγήρατά
2550 3141 2720 3194 ἐστιν.
2785 3138 3042 3211 Ἐξῆλθεν
3086 3136 3182 3194 οὖν
3222 3137 3482 3210 ’Δϐραάμ
3514 3135 3674 3209 μηδὲν
3700 3128 3821 3201 εἱλη-

2262 3223 2400 3294 φὼς,
2434 3224 2550 3278 ἀλλ’
2577 3223 2659 3279 ἔτι
2687 3226 2745 3279 ἐν
2772 3226 3002 3295 σκηναῖς
3042 3223 3345 3280 κατοικῶν·
3373 3223 3473 3277 καὶ
3493 3222 3592 3277 οὑκ
3614 3217 3818 3290 ἠπίστη-

2263 3325 2377 3373 σεν,
2411 3307 2534 3362 οὑδέ
2576 3308 2909 3380 ἠγωνίασεν·
2942 3305 3057 3381 εἷχε
3095 3308 3204 3381 γάρ
3240 3307 3503 3379 ἐνέχυρον
3539 3304 3819 3370 ἀξιόπιστον

2259 3389 2355 3445 τοῦ
2380 3392 2713 3457 καλέσαντος
2734 3391 2834 3463 τὴν
2867 3394 3074 3464 φωνήν.
3107 3387 3216 3446 Ἦν
3244 3390 3304 3445 δέ
3326 3389 3495 3454 αὐτὸς
3520 3389 3722 3458 ἄγονος,
3743 3382 3820 3435 καὶ

2259 3475 2361 3530 οὐκ
2386 3474 2629 3542 ἐτέκνου,
2666 3476 2782 3530 ἀλλ’
2809 3473 2935 3531 οὑτε
2965 3475 3153 3548 Σάρρα
3182 3476 3215 3547 ἡ
3244 3472 3437 3528 τούτου
3472 3472 3642 3544 γυνή·
3683 3464 3817 3522 ἔλαϐε

2259 3556 2317 3610 δέ
2354 3558 2415 3624 ἐξ
2459 3557 2795 3628 ἐπαγγελίας
2842 3559 2959 3613 υἱδν
3002 3557 3095 3613 τὸν
3136 3558 3351 3628 Ἰσαάκ·
3391 3557 3485 3610 ὅτε
3527 3555 3642 3625 δὲή
3684 3549 3818 3623 φύσις

2261 3641 2632 3714 ἀπηγόρευσε,
2663 3640 2786 3694 τότε
2815 3644 2849 3713 ή
2896 3641 3061 3713 χάρις
3089 3640 3401 3712 ἐδωρήσατο
3422 3655 3436 3669 ·
3470 3638 3655 3694 ἔλαϐεν
3694 3631 3819 3701 ἀξιό-

2262 3742 2455 3779 πιστον
2485 3725 2676 3797 μισθὸν
2699 3725 2968 3797 ὑπακοῆς,
3002 3724 3141 3779 ἀλλά
3164 3723 3325 3777 τοῦτο
3352 3722 3428 3794 μὴ
3457 3721 3612 3784 εἰδώς
3629 3738 3643 3750 ·
3663 3720 3709 3772 εί
3729 3714 3819 3784 γὰρ

2260 3811 2400 3882 ᾔδει,
2448 3810 2601 3864 οὐδὲν
2630 3808 2947 3875 ἀξιόπιστον
2979 3804 3049 3882 ἦν
3099 3811 3352 3881 ποιήσας.
3384 3805 3493 3861 Καὶ
3535 3807 3619 3860 ἵνα
3646 3799 3815 3875 μάθῃςν

2260 3895 2344 3949 ὅτι
2396 3894 2457 3948 οὑ
2488 3894 2578 3948 διά
2618 3893 2784 3948 τοῦτο
2830 3895 3143 3968 ὑπήκουσε,
3193 3892 3358 3964 βλέπε
3393 3892 3515 3956 πῶς
3558 3889 3649 3945 καὶ
3681 3883 3816 3968 αὐτὸν

2262 3979 2617 4050 κελευόμενος
2664 3979 2874 4034 ἀνελεῖν
2918 3967 2980 4033 οὑ
3015 3977 3342 4050 παρακούει,
3384 3975 3524 4030 ἀλλὰ
3562 3973 3655 4044 τὴν
3683 3967 3816 4040 φύσιν

2267 4064 2467 4137 ῥίπτει,
2498 4064 2593 4116 καὶ
2633 4063 2735 4134 τὴν
2770 4063 3047 4134 φιλοθεῖαν
3078 4062 3412 4129 ἀσπάζεται,
3457 4062 3528 4117 τά
3569 4057 3816 4124 σπλάγχνα

2263 4162 2592 4223 καταπατεῖ,
2633 4160 2729 4214 καὶ
2771 4158 2867 4214 τοῦ
2914 4159 3246 4225 καλέσαντος
3286 4159 3388 4214 οὐκ
3423 4158 3725 4229 ἀφίσταται.
3764 4149 3817 4204 Τί

2262 4243 2356 4299 οὖν
2409 4244 2545 4317 πρὸς
2588 4244 2797 4299 αὑτδνό
2839 4244 3010 4312 Θεός;
3057 4244 3333 4314 Ἀϐραὰμ,
3390 4242 3663 4313 Ἀϐραάμ.
3700 4235 3817 4292 Ὀδὲ

2262 4325 2451 4384 εἶπεν·
2505 4327 2665 4383 Ἰδοὺ
2692 4327 2834 4399 ἐγώ·
2871 4328 2964 4383 καὶ⁵
3007 4323 3160 4382 εἶπε·
3197 4327 3354 4383 Λάϐε
3392 4328 3501 4381 τὸν
3552 4326 3681 4381 υἱόν
3720 4335 3817 4375 σου

2261 4412 2370 4467 τὸν
2420 4412 2754 4484 ἀγαπητὸν,
2801 4411 2874 4467 ὃν
2908 4412 3253 4484 ἠγάπησας,
3305 4412 3413 4467 τὸν
3465 4410 3682 4473 Ἰσαὰκ,
3734 4400 3815 4457 καὶ

2261 4495 2548 4569 ἀνένεγκε
2607 4495 2798 4551 αὐτόν
2837 4498 2928 4564 είς
2984 4497 3408 4565 ὀλοκὰρπωσιν
3461 4498 3551 4567 ἐφ’
3608 4493 3673 4547 ἓν
3718 4487 3816 4543 τῶν

2262 4579 2469 4651 ὀρέων,
2498 4575 2589 4633 ὧν
2622 4580 2700 4633 ἄν
2728 4594 2827 4633 σοι
2862 4580 3033 4634 sla-c0.
3064 4578 3204 4634 Οὑτε
3233 4579 3292 4633 τὸ
3320 4579 3444 4653 ὅρος
3473 4577 3617 4648 αὑτῷ
3642 4572 3814 4644 ἐδήλωσ

2265 4681 2378 4729 σεν,
2413 4662 2549 4718 ἀλλά
2584 4663 2662 4734 τῷ
2690 4663 2981 4736 ἀδιορίστῳ
3010 4664 3104 4717 τοῦ
3134 4663 3295 4736 ὅρους
3326 4666 3407 4727 είς
3441 4664 3655 4718 πλείονα
3677 4655 3813 4713 αὐτὸν

2257 4747 2504 4819 ’ἀθυμίαν
2559 4746 2831 4801 ἐνέϐαλεν.
2903 4747 3044 4800 Ἀλλ’
3097 4748 3248 4819 ὅμως
3291 4746 3496 4804 τούτων
3547 4744 3689 4799 οὐδὲν
3739 4737 3812 4791 ’ὢν

2275 4832 2530 4905 Ἀϐραὰμ
2578 4831 2918 4903 ἐθορύϐησε·
2974 4831 3176 4904 μᾶλλον
3221 4831 3280 4887 δὲ
3329 4832 3425 4885 καὶ
3478 4828 3807 4906 ἐθορύϐησεν·

2263 4915 2471 4987 ἔπασχε
2506 4916 2609 4986 μὲν
2646 4916 2757 4988 γάρ
2777 4915 2847 4969 τά
2879 4914 2976 4970 τοῦ
3006 4915 3317 4989 ἀνθρώπου,
3350 4917 3453 4972 οὑκ
3473 4904 3666 4986 ἔπασχε
3691 4910 3740 4964 δὲ
3756 4904 3810 4958 τὰ

2262 5012 2362 5085 τῆς
2394 5012 2700 5084 ἁμαρτίας’
2732 5011 3122 5079 ὲκλυδωνίζετο
3157 5013 3258 5085 μὲν
3287 5013 3364 5078 ὡς
3391 5013 3592 5084 πατὴρ,
3632 5008 3687 5062 οὐ
3726 5019 3807 5058 και

2261 5094 2607 5160 τεποντίζετο
2638 5095 2698 5150 δὲ
2724 5094 2801 5160 ὡς
2826 5096 3072 5166 φιλόθεος
3092 5110 3107 5126 ·
3146 5096 3215 5150 τά
3240 5096 3529 5168 σπλάγχνα
3551 5094 3805 5163 ἁνήπτετο.

2264 5177 2379 5232 ἀλλ’
2412 5180 2447 5249 ἠ
2494 5178 2677 5242 πίστις
2707 5177 2883 5233 ἐνίκα.
2920 5179 3012 5251 Μὴ
3048 5178 3156 5251 γάρ
3195 5178 3379 5251 εἴπῃς.
3407 5180 3489 5233 δτι
3525 5174 3669 5232 οὐδὲν
3702 5169 3805 5251 ἐφ’

2265 5278 2393 5334 σχεν
2415 5263 2444 5315 6
2485 5261 2768 5334 Ἀϐραάμ·
2802 5250 3056 5334 ἐννόησον
3089 5250 3204 5325 πῶς
3232 5250 3585 5334 ἐπυρπολεῖτο
3611 5250 3805 5311 ὐπὸτῶν

2266 5344 2588 5415 σπλάγχνων
2620 5343 2996 5416 ἐλαυνόμενος,
3051 5345 3144 5399 καὶ
3192 5343 3358 5415 βλέπε
3400 5345 3497 5417 τὴν
3529 5334 3804 5413 φιλοσοφίαν

2265 5427 2450 5481 αὐτοῦ.
2477 5426 2615 5481 Οὐδὲ
2635 5429 2702 5499 τῇ
2736 5428 2923 5499 Σάρρᾳ
2942 5428 3092 5497 λέγει
3111 5442 3125 5457 ·
3158 5427 3413 5483 ἐδεδοίκει
3445 5427 3565 5499 γὰρ,
3594 5423 3661 5495 μή
3696 5428 3803 5470 ποτε

2264 5510 2534 5583 ἐμποδίσῃ
2570 5509 2650 5581 τῷ
2697 5512 2987 5583 μυστηρίῳ
3024 5512 3103 5584 τῷ
3152 5512 3570 5584 ἐπιτελουμένῳ.
3617 5506 3676 5559 Εἰ
3707 5499 3802 5587 χάξ

2265 5588 2442 5659 εἶπεν,
2487 5593 2632 5657 εἰκὸς
2692 5594 2865 5665 αὐτὴν
2910 5595 3314 5667 ἐπιστομίζειν,
3348 5596 3442 5652 καὶ
3474 5595 3671 5663 λέγειν·
3706 5584 3799 5667 11ξῦ

2265 5678 2489 5747 ἀνάγεις
2528 5676 2619 5731 τὸν
2672 5676 2783 5730 υἱόν
2820 5663 2936 5743 σου,
2984 5679 3043 5733 ὃν
3097 5663 3232 5752 παρ’
3265 5680 3489 5743 ἐλπίδας
3532 5663 3798 5752 ἔλαϐονηόν

2264 5746 2392 5814 κατ⁴
2432 5759 2761 5829 ἐπαγγελίαν
2803 5761 3094 5834 ἐδεξάμην,
3140 5746 3200 5815 ὃν
3243 5762 3364 5816 ἀντὶ
3404 5762 3499 5832 τῆς
3537 5746 3794 5834 φιλοξενίοις

2264 5844 2477 5910 ἔλαϐον,
2526 5845 2587 5899 ὃν
2627 5845 2685 5900 ἐν
2730 5847 2941 5918 ἐσχάτῳ
2968 5831 3129 5919 ⁷γήρα.
3172 5831 3468 5918 ἐχαρίσατό
3501 5843 3629 5917 μοιό
3656 5831 3792 5892 Θεόςί

2264 5929 2369 5984 ποῦ
2398 5928 2561 5983 αὑτὸν
2582 5929 2835 5999 ἀνάγεις;
2866 5930 2969 5985 ποῦ
2999 5931 3163 5985 αὐτὸν
3191 5929 3519 6002 λαμϐάνεις;
3554 5922 3705 5983 οὐδείς
3724 5926 3789 5967 σοι
