4088 6444
357 463 463 520 ’ἔξῑῗ
507 501 512 504 -

1704 469 1791 526 DE
1833 471 2058 530 ΒΕΑΤΟ
2089 475 2441 534 AllllAllAM.

359 595 3468 646 Ἢ

3477 637 3643 652 ιι...-

1382 685 1540 768 DE
1590 685 1967 773 BEATO
2028 694 2591 785 ABRAHAM

1866 864 2120 910 ORATIO.
2183 880 2192 890 '

1747 1014 2233 1043 mm—

427 1111 481 1166 1.
520 1109 588 1167 In
615 1114 958 1174 ecclesiasticis
982 1122 1260 1179 actionibus
1291 1137 1520 1182 senectus
1554 1144 1653 1182 non
1684 1129 1838 1183 obest.
1871 1160 1943 1170 —

352 1200 573 1257 Vidistis
591 1205 666 1276 (τι)
685 1208 934 1265 canitiem
953 1223 1214 1284 vegetam,
1235 1231 1299 1272 ac
1319 1217 1564 1273 ﬂoridam
1581 1219 1945 1274 senectutem?

350 1294 561 1350 vidistis
593 1297 846 1354 athletam
879 1318 1232 1374 generosum,
1264 1317 1318 1364 et
1346 1325 1469 1364 cum
1502 1320 1692 1367 natura
1720 1312 1942 1367 visceri-

355 1383 561 1455 busque
608 1394 964 1458 pugnantem?
991 1395 1197 1452 vidistis
1226 1399 1400 1461 virum
1442 1401 1495 1456 in
1526 1413 1768 1459 extremo
1793 1406 1944 1459 senio

348 1479 635 1534 adamante
683 1481 1005 1541 ﬁrmiorem?
1052 1489 1205 1545 Vires
1261 1493 1478 1562 quidem
1529 1497 1771 1566 corporis
1829 1497 1942 1568 ejus

349 1570 734 1640 elanguerant,
767 1577 862 1631 sed
893 1579 1008 1648 ejus
1055 1580 1176 1636 ﬁdei
1214 1585 1365 1655 vigor
1402 1589 1777 1644 corroboratus
1805 1601 1940 1645 erat.

350 1659 501 1715 Talia
523 1672 646 1718 sunt
673 1667 814 1720 enim
838 1668 1094 1726 Ecclesia:
1125 1675 1380 1742 praeclara
1409 1677 1668 1746 facinora,
1702 1688 1757 1734 ut
1784 1681 1944 1737 imbe-

347 1753 540 1808 cillitas
567 1757 809 1826 corporis
850 1759 973 1816 ﬁdei
1015 1762 1354 1820 alacritatem
1401 1783 1508 1823 non
1561 1769 1718 1825 laedat
1745 1789 1757 1825 :
1785 1786 1943 1827 orna-

346 1853 586 1899 mentum
615 1848 811 1918 quippe
827 1851 1181 1910 estEcclesite
1201 1858 1427 1913 canities
1451 1859 1702 1926 demissa,
1719 1873 1779 1918 et
1809 1863 1942 1920 ﬁdes

346 1933 448 1988 alis
478 1935 760 2005 instructa,
790 1948 844 1993 et
871 1939 970 1996 hac
1000 1957 1059 1997 re
1084 1946 1420 2013 potissimum
1445 1949 1685 2007 Ecclesia
1708 1953 1937 2010 lastatur.

345 2023 479 2080 Nam
520 2027 573 2080 in
620 2028 858 2098 profanis
889 2033 1106 2102 quidem
1137 2039 1365 2108 negotiis
1395 2041 1599 2096 inutilis
1625 2053 1708 2098 est
1735 2060 1937 2114 senex,

345 2133 447 2174 nec
473 2119 634 2174 ullam
668 2121 736 2176 ad
759 2139 873 2178 rem
904 2125 1130 2183 idoneus
1156 2146 1171 2195 ;
1197 2129 1292 2184 sed
1319 2132 1515 2203 ubique
1541 2133 1732 2206 dignus
1761 2137 1936 2192 indul-

344 2211 522 2280 gentia
552 2222 820 2281 censetur,
847 2217 986 2286 quod
1017 2229 1236 2289 propter
1268 2222 1688 2282 imbecillitatem
1719 2228 1784 2283 ad
1815 2246 1940 2287 usus

347 2303 470 2357 vita:
498 2307 839 2363 necessarios
862 2309 1081 2366 minime
1111 2313 1664 2376 valeatcomtnodare.
1694 2321 1939 2392 Exempli

345 2409 528 2460 causa,
553 2413 659 2450 non
687 2407 864 2467 potest
885 2415 1052 2457 senex
1083 2403 1138 2458 in
1169 2405 1309 2462 bello
1335 2416 1477 2463 stare
1506 2409 1558 2463 in
1590 2411 1725 2479 acie,
1751 2427 1856 2467 non
1883 2414 1938 2468 in

344 2500 541 2555 equum
568 2491 883 2561 ascendere,
925 2510 1030 2550 non
1058 2495 1266 2553 hastam
1293 2500 1526 2570 vibrare,
1559 2519 1666 2559 non
1689 2505 1935 2576 clypeum

343 2593 583 2648 movere,
616 2598 722 2638 non
751 2587 878 2642 solis
904 2588 1152 2646 ardorem
1179 2592 1345 2662 ferre,
1379 2610 1488 2650 non
1517 2596 1724 2652 itineris
1765 2599 1937 2668 longi-

340 2672 581 2729 tudinem
625 2678 909 2748 sustinere,
942 2696 1049 2737 non
1090 2683 1244 2742 famis
1274 2689 1646 2758 asperitatem,
1682 2706 1790 2746 non
1821 2707 1936 2746 mo-

341 2763 446 2819 lem
476 2769 797 2825 tumultuum
828 2773 1091 2842 tolerare;
1132 2777 1232 2832 sed
1265 2781 1547 2849 tranquillo
1576 2782 1632 2835 in
1656 2782 1777 2838 loco
1801 2786 1938 2839 cani-

343 2857 432 2911 tiei
459 2861 756 2928 patrocinio
785 2863 954 2919 fretus
984 2866 1155 2922 sedet.
1183 2868 1296 2924 lloc
1314 2886 1442 2926 vero
1472 2871 1526 2926 in
1550 2873 1771 2944 navigiis
1797 2890 1934 2946 quo-

341 2964 445 3016 que
466 2952 614 3006 cerni
636 2962 839 3022 potest:
857 2956 920 3011 ad
943 2957 1300 3028 gubernacula
1323 2963 1510 3033 nequit
1530 2979 1699 3021 senex
1722 2967 1930 3036 sedere,

343 3057 448 3095 non
475 3043 644 3097 maria
670 3045 899 3113 sulcare,
924 3063 1028 3104 non
1053 3066 1259 3106 remum
1288 3053 1506 3124 ducere,
1535 3072 1640 3111 non
1673 3058 1789 3113 vela
1822 3067 1936 3114 ten-

342 3133 491 3203 dere,
516 3150 622 3192 non
645 3140 930 3195 contrariis
951 3143 1124 3198 ventis
1147 3144 1435 3216 obsistere,
1463 3164 1568 3203 non
1592 3151 1933 3219 asperitatem

341 3227 551 3299 frigoris
572 3231 700 3298 pati,
724 3246 829 3286 non
851 3231 994 3287 aliud
1019 3235 1292 3306 quidpiam
1316 3239 1577 3308 ejusmodi
1610 3251 1785 3310 potest
1809 3259 1923 3312 per-

341 3318 520 3386 ﬁcere,
547 3319 639 3374 scd
683 3321 736 3374 in
777 3325 899 3377 navi
941 3324 1116 3391 sedet,
1147 3336 1306 3398 atque
1335 3331 1507 3386 :etatis
1536 3346 1694 3386 causa
1722 3334 1930 3388 veniam

339 3409 611 3478 impetrat.
638 3410 753 3466 lloc
799 3412 971 3482 ipsum
1003 3424 1058 3470 et
1099 3417 1152 3471 in
1195 3420 1446 3489 agricolis
1490 3433 1733 3492 Spectare
1763 3424 1928 3480 licet:

338 3515 461 3553 nam
491 3516 666 3572 neque
691 3502 904 3559 trahere
932 3516 1165 3564 aratrum
1195 3520 1390 3579 potest,
1424 3527 1598 3584 neque
1628 3516 1805 3571 sulcos
1833 3517 1932 3572 im-

338 3592 588 3660 primere,
622 3609 728 3648 non
755 3611 1014 3666 equorum
1044 3599 1280 3656 domitor
1311 3602 1445 3671 ﬁeri,
1479 3621 1654 3676 neque
1680 3608 1928 3664 robusto—

337 3699 456 3737 rum
500 3686 659 3740 boum
707 3689 812 3742 vim
843 3693 1122 3761 sustinere,
1169 3710 1268 3750 nec
1316 3707 1478 3754 aestus
1521 3700 1801 3770 impetum,
1831 3719 1929 3759 nec

334 3774 649 3842 gravitatem
696 3779 913 3847 caloris,
961 3798 1062 3837 nec
1112 3784 1306 3854 ligonis
1355 3789 1604 3857 pondus,
1639 3807 1738 3847 nec
1783 3793 1927 3850 aliud

337 3865 547 3933 quidvis
578 3883 760 3922 eorum
782 3912 795 3935 ,
829 3886 948 3940 quae
974 3873 1044 3927 ad
1077 3882 1273 3931 terram
1303 3878 1580 3935 colendam
1609 3892 1733 3937 sunt
1761 3885 1876 3940 usui
1909 3903 1924 3940 :

337 3955 434 4010 sed
462 3956 604 4012 domi
632 3961 898 4028 considet,
929 3972 982 4017 et
1020 3967 1232 4022 canitiei
1273 3972 1617 4027 excusatione
1645 3990 1702 4029 se
1729 3985 1922 4032 tuetur.

337 4047 410 4100 At
439 4063 540 4102 non
573 4050 640 4102 ita
669 4065 728 4106 se
758 4052 955 4107 habent
981 4071 1066 4109 res
1089 4056 1367 4123 Ecclesia);
1392 4062 1484 4115 sed
1513 4063 1599 4117 ubi
1626 4080 1919 4122 consenue-

335 4139 446 4192 rint
471 4142 557 4208 qui
591 4157 711 4195 cum
747 4145 937 4199 virtute
963 4147 1126 4201 vitam
1169 4151 1491 4221 traducunt,
1529 4163 1653 4211 tunc
1685 4160 1926 4216 utiliores

335 4233 675 4290 redduntur:
710 4253 816 4292 non
845 4241 986 4294 enim
1019 4245 1264 4312 corporis
1290 4247 1473 4314 robur,
1506 4250 1600 4304 sed
1634 4251 1752 4306 ﬁdei
1784 4269 1924 4322 prte-

334 4325 533 4380 stantia
561 4329 839 4397 qumritur.
874 4331 1019 4386 Talis
1049 4343 1166 4388 erat
1201 4337 1500 4405 Abraham,
1528 4341 1614 4396 cui
1640 4343 1778 4398 vires
1805 4361 1924 4400 cor-

335 4415 482 4484 poris
524 4417 900 4489 elanguerant,
941 4422 1036 4477 sed
1069 4425 1183 4495 ipse
1211 4426 1331 4482 ﬁdei
1361 4430 1554 4486 robore
1577 4433 1923 4492 conﬁrmatus

333 4515 452 4560 erat
477 4524 490 4559 :
519 4522 681 4563 senex
709 4519 846 4578 erat,
878 4513 971 4566 sed
1015 4515 1064 4566 in
1105 4524 1350 4572 extrema
1381 4531 1656 4578 senectute
1681 4541 1801 4579 cum
1827 4542 1923 4581 na-

336 4607 453 4651 tura
481 4599 765 4669 pugnabat,
794 4612 847 4658 et
880 4606 1192 4672 pratclarum
1233 4609 1300 4664 de
1338 4626 1398 4666 ea
1430 4614 1754 4684 triumphum
1794 4633 1920 4687 age-

335 4686 431 4741 bat
454 4706 466 4741 :
491 4703 654 4744 senex
681 4702 819 4758 erat,
843 4692 937 4748 sed
964 4695 1233 4752 robustior
1257 4699 1400 4755 ferro
1449 4713 1611 4774 atque
1640 4706 1920 4762 adamante

334 4779 562 4832 ﬁrmior.
607 4781 683 4834 Ac
727 4780 938 4851 juvenis
986 4784 1198 4854 quidem
1243 4803 1364 4844 cum
1417 4804 1588 4860 esset,
1632 4796 1764 4851 nihil
1814 4799 1919 4854 tale

333 4871 606 4938 praestitit;
640 4887 759 4928 cum
784 4889 912 4929 vero
940 4891 1106 4946 prope
1136 4889 1321 4935 exacta
1344 4881 1456 4951 jam
1494 4893 1625 4941 aetas
1669 4899 1811 4944 esset
1854 4905 1918 4946 ac

332 4958 582 5027 decursa,
611 4969 718 5015 tum
749 4963 1075 5033 triumphum
1105 4972 1432 5040 reportavit;
1459 4973 1512 5028 in
1541 4985 1777 5032 extrema
1803 4990 1919 5034 erat

333 5048 558 5113 canitie,
587 5051 679 5105 sed
719 5053 944 5108 canities
986 5056 1367 5126 impedimento
1393 5079 1499 5118 non
1549 5077 1701 5123 erat:
1733 5085 1916 5138 quam-

333 5139 518 5191 obrem
563 5153 682 5195 cum
731 5142 846 5213 ejus
873 5145 1181 5203 ﬁrmitatem
1213 5153 1451 5208 novisset
1480 5156 1640 5224 Deus,
1673 5165 1917 5228 apparuit

333 5227 435 5293 illi,
461 5237 512 5282 et
541 5231 616 5283 ait
642 5247 655 5283 :
686 5231 932 5302 Egredere
957 5236 1020 5289 de
1043 5247 1176 5291 terra
1200 5250 1304 5307 tua,
1330 5252 1376 5296 et
1403 5245 1465 5296 dc
1487 5227 1780 5316 cognatione
1806 5261 1910 5318 tua,

331 5331 380 5372 et
403 5321 464 5371 de
486 5321 634 5375 domo
656 5326 813 5392 patris
837 5327 932 5392 tui,
959 5337 1004 5380 et
1034 5331 1144 5382 veni
1171 5331 1223 5384 in
1249 5343 1433 5386 terram
1453 5353 1601 5405 quant
1628 5345 1914 5396 monstrabo

330 5410 422 5462 tibi
451 5408 792 5482 (GenJQJ).
823 5415 1006 5471 Paruit
1035 5419 1303 5475 Abraham
1347 5424 1508 5489 dicto,
1557 5431 1765 5484 tametsi
1800 5432 1911 5502 jam

331 5515 493 5554 senex
523 5501 797 5574 deinceps,
828 5515 880 5560 et
907 5522 1130 5578 corpore
1159 5512 1434 5571 imbecillis
1458 5529 1616 5584 esset,
1644 5537 1742 5576 nec
1772 5527 1909 5594 apud

331 5606 390 5644 se
431 5592 598 5646 dixit:
628 5594 744 5662 Quo
788 5599 999 5654 laudent
1052 5603 1102 5660 in
1147 5617 1385 5662 extrema
1426 5623 1701 5669 senectute
1739 5615 1912 5674 disce-

331 5684 486 5736 dam?
508 5685 794 5742 domumne
824 5692 990 5760 patris
1017 5696 1156 5762 mei,
1187 5707 1506 5771 terramque,
1540 5706 1591 5758 in
1621 5722 1723 5776 qua
1755 5720 1910 5767 natus

327 5788 470 5839 sum,
493 5774 898 5846 derelinquam?
921 5783 1006 5837 ubi
1038 5789 1378 5854 pecuniarum
1401 5794 1574 5864 copia,
1600 5809 1908 5866 parentum-

391 5884 461 5945 (α)
502 5891 552 5933 ιιι
579 5884 788 5938 colhert.
813 5891 983 5943 Codice
1006 5899 1164 5947 omnia
1187 5913 1271 5951 sus
1300 5903 1464 5966 deque
1488 5919 1628 5959 versa
1651 5919 1781 5962 sunt.

2054 1150 2158 1201 que
2188 1139 2474 1198 nobilitas?
2497 1146 2587 1201 ubi
2618 1151 2884 1220 opulenta:
2916 1161 3280 1225 possessiones
3309 1173 3363 1220 et
3395 1181 3639 1223 contum-

2049 1226 2187 1281 ditas
2227 1233 2560 1292 amicorum?
2594 1242 2769 1312 Atque
2807 1261 2872 1301 ex
2912 1257 3154 1320 tempore
3195 1255 3409 1326 quidem
3455 1260 3642 1317 dolore

2048 1316 2399 1392 afﬁciebatur,
2449 1329 2542 1384 sed
2592 1347 2780 1401 parere
2831 1316 3165 1399 tamen—non
3211 1316 3542 1409 recusabat:
3582 1369 3640 1410 ut

2053 1424 2238 1466 amans
2261 1415 2467 1482 patrita,
2492 1419 2662 1476 deseri
2689 1439 2805 1479 eam
2838 1443 2866 1481 a
2893 1445 2952 1484 se
2977 1432 3226 1502 dolebat;
3257 1449 3314 1494 ut
3340 1441 3429 1496 Dei
3451 1460 3639 1500 amans
3683 1444 3685 1447 ’

2047 1508 2102 1553 et
2126 1501 2265 1570 pius,
2297 1509 2518 1574 parebat
2549 1520 2603 1566 et
2632 1530 2838 1572 morem
2867 1525 3084 1589 gerebat
3111 1544 3124 1580 :
3154 1531 3401 1603 quodque
3439 1541 3638 1605 permi-

2046 1606 2164 1647 rum
2193 1607 2329 1664 erat,
2359 1617 2428 1655 ne
2458 1603 2590 1659 dixit
2630 1610 2843 1676 quidem
2876 1613 2952 1668 illi
2979 1616 3139 1685 Deus,
3170 1621 3222 1676 in
3262 1640 3418 1694 quem
3440 1603 3636 1686 locum

2047 1685 2280 1741 eundum
2309 1702 2486 1759 esset;
2517 1703 2570 1750 at
2593 1699 2738 1754 nullo
2768 1718 2887 1758 eum
2917 1709 3134 1765 nemine
3160 1711 3444 1785 designans
3471 1721 3636 1790 ipsius

2045 1775 2282 1831 animum
2309 1785 2550 1838 exercuit
2575 1802 2639 1843 ac
2671 1795 2911 1848 tentavit.
2940 1795 2996 1852 Si
3031 1801 3173 1856 enim
3203 1804 3276 1858 illi
3305 1806 3546 1876 dixisset,
3582 1814 3636 1868 lu

2047 1873 2243 1925 terram
2273 1880 2322 1927 te
2351 1887 2468 1930 sum
2495 1877 2630 1935 laete
2659 1897 2720 1938 ac
2749 1888 2906 1943 melle
2934 1905 3240 1951 manantem
3286 1900 3630 1972 abducturus,

2045 1965 2155 2012 tum
2186 1976 2294 2018 non
2321 1967 2436 2020 voci
2477 1969 2670 2027 divina:
2710 1976 2976 2034 Abraham
3012 1986 3271 2056 paruisse,
3306 1991 3399 2046 sed
3437 2003 3635 2052 terram

2047 2059 2201 2106 terra:
2255 2059 2551 2123 praetulisse
2621 2071 2969 2135 reperiretur.
3027 2076 3286 2146 Egressus
3341 2095 3425 2138 est
3480 2088 3640 2158 igitur

2045 2141 2334 2211 Abraham,
2377 2152 2624 2208 nesciens
2654 2173 2760 2225 quo
2792 2161 2986 2217 abi-ret.
3014 2165 3176 2223 Vides
3203 2174 3454 2230 canitiem
3496 2194 3638 2248 pra:-

2042 2232 2203 2289 claris
2246 2238 2570 2299 facinoribus
2605 2247 2935 2316 gloriosam?
2961 2256 3104 2312 Talis
3131 2263 3274 2317 enim
3295 2275 3396 2333 est,
3431 2277 3486 2323 ut
3513 2281 3638 2327 ante

2043 2324 2174 2394 dixi,
2205 2345 2384 2386 rerum
2410 2343 2582 2392 status
2610 2351 2908 2399 nostrarum
2932 2365 2945 2413 ;
2975 2365 3080 2404 non
3105 2368 3194 2408 eas
3221 2362 3512 2416 senectutis
3536 2364 3634 2417 im-

2042 2416 2300 2474 becillitas
2326 2423 2598 2496 deprimit,
2623 2446 2727 2486 non
2759 2449 2852 2489 eas
2879 2446 3088 2510 tempus
3113 2443 3392 2502 labefactat
3419 2468 3434 2504 :
3463 2468 3636 2518 neque

2042 2509 2184 2564 enim
2212 2515 2436 2572 canities
2465 2530 2546 2574 est
2590 2523 2642 2576 in
2683 2530 3017 2598 corporibus,
3051 2537 3144 2590 sed
3174 2538 3225 2592 in
3255 2543 3466 2610 anima;
3501 2563 3634 2618 qua-

2040 2610 2262 2669 propter
2282 2621 2455 2676 neque
2479 2613 2717 2668 sentiunt
2745 2630 3098 2681 senectutem.

2115 2693 2422 2755 Obedientite
2484 2715 2698 2762 merccs'
2718 2714 2912 2781 fructus
2965 2721 3188 2789 ventris;
3239 2741 3329 2778 cur
3370 2727 3628 2786 Abraham

2041 2786 2307 2843 consilium
2354 2809 2502 2847 suum
2547 2801 2611 2851 de
2643 2801 2951 2862 immolando
2979 2808 3130 2865 Isaac
3168 2819 3318 2871 uxori
3367 2837 3467 2876 non
3509 2841 3634 2895 ape—

2039 2879 2216 2932 ruerit.
2245 2909 2319 2921 —
2341 2882 2600 2954 Egressus
2624 2900 2706 2946 est
2742 2895 2902 2965 igitur
2949 2901 3217 2960 Abraham
3269 2909 3402 2966 nihil
3445 2879 3624 2971 secum

2039 2968 2328 3041 accipiens,
2355 2977 2449 3030 sed
2502 2982 2553 3033 in
2599 2986 2843 3040 tentoriis
2874 2989 3048 3047 adhuc
3078 2994 3339 3066 habitans,
3376 3013 3427 3056 et
3458 3005 3633 3061 incre~

2039 3057 2196 3114 dulus
2214 3079 2322 3118 non
2351 3066 2484 3135 fuit,
2533 3087 2706 3143 neque
2733 3076 2992 3137 dubitavit
3016 3102 3028 3138 :
3059 3089 3255 3142 etenim
3309 3057 3493 3150 habuit
3519 3097 3634 3153 idu-

2037 3164 2198 3206 neum
2243 3155 2434 3226 pignus
2485 3160 2600 3230 ejus
2631 3179 2836 3235 vocem,
2893 3186 2924 3225 a
2975 3189 3080 3242 quo
3134 3175 3307 3235 fuerat
3354 3197 3628 3244 evocatus.

2038 3239 2207 3298 Porro
2237 3248 2437 3303 sterilis
2467 3263 2584 3306 erat
2615 3254 2756 3324 ipse,
2797 3275 2968 3330 neque
2993 3239 3199 3322 liberos
3230 3270 3461 3330 habebat
3491 3295 3505 3332 :
3535 3282 3628 3334 sed

2035 3346 2208 3404 neque
2231 3335 2363 3392 Sara
2409 3356 2544 3396 uxor
2569 3345 2726 3415 ejus:
2755 3353 2959 3421 accepit
2997 3366 3176 3414 autem
3225 3377 3288 3416 ex
3333 3372 3628 3434 repromis-

2034 3425 2188 3482 sione
2213 3427 2379 3485 ﬁlium
2410 3432 2558 3490 lsaac
2586 3455 2600 3492 :
2632 3454 2752 3494 cum
2777 3453 2962 3499 natura
2986 3447 3288 3522 deiecisset,
3320 3465 3430 3513 tum
3458 3467 3625 3532 gratia

2034 3517 2221 3586 largita
2241 3530 2324 3577 est
2341 3540 2354 3588 ;
2379 3526 2728 3586 sufﬁcientem
2747 3538 2951 3606 accepit
2969 3540 3283 3600 obedientiae
3300 3517 3624 3625 mercedem,

2037 3621 2408 3670 verumtamen
2439 3634 2560 3674 cum
2590 3621 2692 3679 hoc
2740 3630 2975 3685 nesciret
3007 3651 3022 3687 :
3052 3635 3096 3689 si
3142 3639 3283 3694 enim
3331 3643 3574 3701 scivisset
3610 3693 3624 3715 ,

2034 3702 2168 3758 nihil
2212 3707 2465 3765 eximium
2506 3719 2867 3784 prtestitisset.
2901 3726 3074 3796 Atque
3119 3739 3176 3784 ut
3219 3732 3479 3806 intelligas
3520 3702 3626 3795 non

2033 3792 2234 3852 idcirco
2261 3813 2383 3854 eum
2414 3818 2620 3861 morem
2666 3811 2924 3881 gessisse,
2966 3817 3086 3873 vide
3129 3836 3236 3891 quo
3267 3835 3422 3894 pacto
3454 3815 3626 3899 ipsum

2033 3890 2194 3946 etiam
2225 3905 2461 3952 mactare
2477 3899 2680 3968 jussus,
2713 3919 2901 3974 parere
2946 3927 3051 3967 non
3085 3927 3317 3988 recuset,
3347 3922 3440 3976 sed
3469 3936 3626 3981 natu-

2032 3999 2144 4040 ram
2176 4002 2513 4060 aspernetur,
2534 4006 2591 4051 et
2619 4014 2857 4057 amorem
2889 4006 2979 4060 Dei
3013 4013 3430 4084 complectatur;
3487 4037 3586 4076 con
3608 4053 3624 4062 -

2033 4078 2224 4133 temnit
2254 4097 2350 4137 sua
2383 4086 2612 4155 viscera,
2643 4106 2740 4146 nec
2764 4095 2830 4148 ab
2852 4112 2917 4150 eo
2937 4139 2951 4164 ,
2981 4101 3069 4169 qui
3100 4118 3160 4157 se
3185 4119 3416 4174 vocarat,
3465 4127 3624 4168 aver-

2032 4165 2180 4222 titur.
2213 4170 2350 4237 Quid
2375 4174 2534 4245 igitur
2557 4179 2624 4233 ad
2654 4196 2777 4236 eum
2808 4185 2946 4240 Deus
2964 4165 3290 4262 t‘Abraham,
3325 4165 3583 4254 Abi-aliain
3604 4221 3623 4258 :

2030 4267 2140 4315 tum
2184 4262 2295 4331 ille,
2343 4265 2479 4323 Ecce
2511 4287 2638 4342 ego;
2687 4283 2795 4331 tum
2844 4279 3020 4337 Deus:
3049 4283 3236 4356 Accipe
3281 4291 3445 4359 ﬁlium
3483 4303 3625 4348 tuum

2029 4351 2290 4422 dilectum,
2331 4375 2478 4429 quem
2517 4364 2760 4435 dilexisti,
2795 4369 2966 4442 Isaac,
3021 4386 3068 4430 et
3110 4351 3238 4446 offer
3263 4399 3378 4436 eum
3402 4385 3456 4439 in
3476 4387 3620 4443 lioto-

2028 4452 2259 4500 caustum
2301 4465 2455 4520 super
2482 4469 2638 4510 unum
2679 4463 2943 4530 montium,
2976 4484 3103 4536 quos
3123 4471 3211 4525 tibi
3250 4474 3468 4549 dixero(
3489 4478 3618 4534 Gen.

2025 4533 2118 4587 22.
2149 4535 2228 4606 2).
2277 4538 2458 4611 Neque
2497 4557 2732 4603 montem
2766 4552 2840 4606 illi
2883 4533 3155 4626 indicavit,
3185 4562 3281 4616 sed
3317 4580 3382 4619 ex
3419 4533 3616 4624 montis

2026 4625 2401 4688 incertitudine
2439 4638 2699 4706 majorem
2732 4643 2806 4697 illi
2851 4647 3118 4704 tristitiam
3151 4651 3354 4722 injecit.
3384 4658 3454 4713 At
3483 4661 3613 4717 nihil

2027 4717 2218 4775 horum
2243 4730 2420 4780 tamen
2454 4728 2724 4787 Abraham
2765 4738 3132 4807 perturbavit;
3185 4717 3294 4801 imo
3339 4763 3469 4804 vero
3499 4769 3619 4822 per-

2024 4811 2300 4867 turbavit:
2330 4831 2450 4871 nam
2494 4835 2613 4890 quae
2663 4821 2891 4881 hominis
2934 4839 3078 4897 sunt,
3129 4849 3317 4902 passus
3362 4849 3476 4906 est;
3521 4847 3615 4900 sed

2023 4916 2142 4971 quas
2171 4908 2374 4973 peccati
2405 4920 2549 4976 sunt,
2584 4929 2689 4968 non
2719 4925 2802 4970 est
2826 4933 3052 4987 passus:
3080 4923 3369 4985 ﬁuctuabat
3393 4933 3608 5003 quidem

2023 5005 2080 5049 ut
2110 5007 2280 5066 pater,
2312 5001 2405 5056 sed
2424 5011 2480 5057 ut
2506 5004 2596 5060 Dei
2627 5024 2814 5064 amans
2837 5027 2943 5068 non
2973 5019 3350 5090 mergebatur;
3382 5029 3615 5083 ureban-

2022 5094 2108 5141 tur
2131 5090 2360 5159 viscera,
2400 5095 2495 5149 sed
2544 5096 2676 5153 ﬁdes
2721 5101 2984 5159 vincebat.
3029 5108 3172 5166 Cave
3225 5115 3366 5170 enim
3412 5119 3614 5174 dixeris

2019 5275 2168 5322 retur
2190 5285 2220 5324 a
2251 5272 2544 5330 visceribus
2569 5291 2866 5339 commotus
2893 5328 2906 5352 ,
2939 5272 3188 5362 ejusque
3213 5295 3606 5368 philosophiam

2019 5365 2222 5425 specta.
2268 5360 2346 5416 Nc
2397 5361 2544 5420 Sara:
2588 5370 2802 5439 quidem
2851 5375 2902 5429 id
2945 5360 3257 5449 signiﬁcat:
3287 5360 3482 5458 quippe
3517 5398 3604 5462 qui

2020 5449 2250 5518 timeret,
2283 5469 2370 5520 ne,
2415 5473 2522 5526 quo
2565 5463 2740 5517 minus
2765 5471 3076 5537 mysterium
3103 5476 3466 5548 perﬁceretur,
3501 5486 3602 5539 oh-

2019 5549 2204 5598 staret.
2263 5544 2318 5600 Si
2370 5549 2512 5604 enim
2564 5553 2954 5626 signiﬁcasset,
2987 5564 3278 5624 verisimile
3319 5581 3435 5627 erat
3481 5589 3600 5632 eam

2018 5649 2319 5691 sermonem
2350 5640 2464 5710 ejus
2491 5659 2854 5713 repressuram
2882 5650 3047 5708 fuisse
3076 5671 3139 5711 ac
3167 5657 3450 5730 dicturam,
3485 5666 3606 5736 Quo

2016 5727 2178 5780 ﬁlium
2208 5737 2352 5785 tuum
2383 5733 2620 5804 abducis,
2649 5754 2807 5808 quem
2842 5753 3038 5811 praeter
3063 5762 3214 5817 spem
3257 5767 3470 5810 omnem
3511 5773 3605 5812 ac-

2014 5819 2126 5887 cepi
2146 5820 2169 5872 ?
2187 5837 2345 5890 quem
2367 5827 2662 5884 secundum
2689 5834 3158 5902 repromissionem
3178 5848 3422 5917 suscepi?
3439 5865 3599 5918 quem

2014 5921 2233 5983 propter
2287 5917 2700 5990 hospitalitatem
2744 5926 2989 5983 obtinui?
3036 5947 3194 6003 quem
3248 5938 3302 5993 in
3353 5917 3592 5998 extrema
