4088 6434
565 442 737 495 733.

569 559 699 613 mihi
722 566 998 614 senectute
1028 558 1167 612 Deus
1192 554 1410 627 largitus
1456 555 1578 611 est?
1600 568 1706 623 quo
1731 566 1853 607 eum
1876 549 2095 606 abducis
2121 548 2146 602 ?

569 666 675 717 quo
699 667 820 705 eum
848 650 1087 720 abripis?
1114 665 1272 705 nemo
1307 649 1399 703 tibi
1430 648 1676 718 apparuit
1702 663 1714 700 :
1742 645 1834 716 qui
1863 645 2006 701 enim
2037 643 2153 697 ﬁeri

572 750 766 810 potest,
798 749 852 794 ut
898 740 991 795 tibi
1037 742 1176 796 Deus
1222 739 1545 809 apparuerit,
1587 746 1640 793 et
1686 736 1853 791 ﬁlium
1897 733 2151 804 requirat,

570 846 726 899 quem
755 830 881 884 mihi
913 840 1105 899 praeter
1130 846 1279 900 spem
1311 829 1497 884 dedit?
1541 828 1654 897 ipse
1693 827 1916 897 largitus
1954 834 2057 890 est,
2100 831 2155 878 et

573 923 685 990 ipse
712 919 924 975 aufert?
950 924 994 976 si
1023 930 1079 976 ut
1108 920 1385 987 auferret,
1417 920 1578 987 dedit,
1618 921 1788 975 satius
1831 918 2020 974 fuisset
2047 931 2154 972 non

571 1012 780 1067 dedisse
813 1030 825 1064 :
860 1027 965 1067 non
993 1015 1132 1068 enim
1165 1023 1271 1066 tam
1320 1013 1603 1067 molestum
1651 1021 1732 1065 est
1771 1025 1877 1065 non
1920 1009 2150 1075 habere,

566 1118 725 1168 quam
780 1117 900 1158 cum
954 1104 1248 1173 acceperis,
1283 1103 1597 1172 perdidisse.
1629 1101 1923 1158 Considera
1965 1100 2152 1158 Saram

570 1193 862 1259 incensam,
880 1193 1281 1259 inflammatam,
1306 1209 1336 1247 a
1364 1203 1552 1248 natura
1574 1193 1915 1263 exagitatam,
1934 1191 2156 1263 ejusque

570 1297 779 1337 uterum
821 1283 1103 1340 distortum
1135 1297 1189 1340 et
1234 1285 1440 1340 viscera
1472 1286 1638 1355 ipsius
1666 1295 1935 1340 commota
1968 1283 2156 1339 :facile

570 1376 765 1446 quippe
823 1377 873 1430 in
944 1376 1207 1446 ejusmodi
1261 1376 1419 1432 rebus
1467 1376 1658 1431 affectu
1712 1376 1964 1432 mulieres
2004 1392 2156 1431 com-

571 1478 854 1522 moventur
880 1485 895 1521 :
921 1478 1121 1538 quanto
1151 1469 1292 1523 enim
1337 1467 1551 1522 mollior
1579 1479 1632 1522 et
1661 1469 1727 1522 ad
1765 1468 2011 1523 allectum
2042 1479 2158 1524 erat

571 1559 810 1625 pronior,
836 1566 985 1612 tanto
1006 1558 1173 1620 magis
1200 1573 1320 1612 eum
1355 1557 1658 1612 Abraltatno
1685 1558 2067 1625 contendisset,
2104 1568 2158 1614 et

566 1645 883 1701 Sacriﬁcium
914 1646 1224 1716 impeditum
1247 1646 1448 1712 fuisset,
1481 1662 1543 1701 ae
1567 1647 1877 1718 mysterium
1904 1647 2153 1703 infectum

571 1740 876 1794 mansisset.
904 1738 1039 1806 Quid
1065 1740 1207 1795 enim
1240 1756 1342 1793 non
1373 1740 1705 1809 praestitisset
1729 1740 1881 1806 Sara,
1910 1750 1968 1797 ut
1987 1740 2152 1797 ﬁlium

570 1846 724 1884 suum
757 1831 1049 1888 avelleret?
1078 1846 1181 1887 non
1210 1832 1351 1888 enim
1385 1848 1496 1887 rem
1526 1833 1668 1888 illam
1702 1833 1840 1889 ferre
1869 1835 2153 1905 potuisset,

572 1929 630 1974 ut
661 1920 798 1975 ﬁlius
826 1931 1022 1991 praeter
1060 1936 1207 1992 spem
1252 1933 1411 1979 natus
1453 1924 1769 1979 mactandos
1795 1935 1960 1991 esset,
1988 1934 2045 1981 et
2063 1927 2155 1995 qui

569 2014 623 2066 in
675 2014 787 2083 ipsa
832 2024 1107 2071 senectute
1137 2016 1364 2072 donatus
1409 2017 1510 2088 ipsi
1559 2017 1753 2086 fuerat,
1794 2019 2154 2076 immolandos

569 2116 744 2172 esset;
778 2117 835 2161 ut
863 2109 1028 2178 patris
1058 2125 1243 2164 manus
1270 2120 1451 2167 essent
1479 2110 1575 2165 ﬁlii
1602 2111 1803 2167 caedem
1830 2118 2115 2183 patratum:
2140 2128 2155 2167 ε

572 2212 676 2275 non
702 2198 910 2255 tulisset
930 2200 1053 2255 talia
1078 2200 1231 2266 Sara,
1257 2201 1353 2257 sed
1380 2203 1648 2273 ingentem
1677 2203 1907 2260 Abraha:
1927 2218 2154 2275 pugnam

570 2270 892 2358 excitasset;
933 2291 1159 2346 excitata
1188 2307 1318 2348 vero
1338 2308 1533 2364 pugna,
1579 2309 1801 2351 necesse
1851 2294 2070 2361 fuisset,
2098 2304 2158 2351 ut

571 2380 778 2436 insidiae
824 2391 1207 2452 sequerentur;
1243 2383 1542 2455 insequutis
1569 2392 1752 2440 autem
1790 2384 2022 2452 insidiis,
2054 2386 2155 2440 im-

568 2473 808 2544 peditum
854 2476 1170 2546 mysterium
1216 2475 1422 2532 fuisset.
1455 2476 1570 2532 Non
1598 2477 1735 2533 dixit
1760 2477 1925 2549 igitur
1945 2478 2156 2534 mulieri

574 2564 866 2633 Abraham,
904 2580 971 2620 ne
1013 2581 1116 2637 qua
1161 2569 1433 2624 contentio
1479 2569 1801 2639 exoriretur,
1856 2586 1925 2628 ne
1973 2578 2158 2627 exorta

575 2659 916 2713 contentione
944 2659 996 2714 in
1034 2676 1261 2731 pugnam
1290 2675 1378 2716 res
1420 2662 1772 2732 procederet,
1805 2679 1873 2719 ne
1900 2676 1961 2720 re
1985 2664 2159 2734 inpu-

573 2764 730 2818 gnam
759 2750 1082 2821 procedente
1110 2750 1176 2806 ad
1204 2750 1483 2807 dissidium
1514 2763 1732 2823 pr0pter
1762 2754 1928 2809 ﬁlium
1963 2770 2158 2826 prove-

573 2837 816 2904 heretur,
839 2854 907 2894 ne
926 2839 1147 2895 dissidio
1180 2840 1258 2896 sie
1281 2839 1352 2896 ob
1377 2842 1544 2897 ﬁlium
1575 2852 1888 2914 erumpente
1932 2846 2162 2916 promis.

571 2931 656 2985 sio
676 2931 1057 3000 retardaretur,
1083 2948 1149 2989 ne
1170 2933 1435 2989 retardata
1463 2935 1817 3005 promissione
1835 2937 1962 2993 dolo
1981 2938 2160 3009 aliquo

573 3022 844 3092 negotium
875 3023 1243 3094 impediretur,
1267 3040 1337 3081 ne
1363 3025 1619 3096 impedito
1645 3026 1769 3083 dolo
1792 3029 2041 3099 quopiam
2066 3044 2164 3084 ne-

573 3114 720 3185 gotio
741 3116 1052 3188 mysterium
1074 3116 1327 3174 infectum
1348 3127 1606 3175 maneret.

641 3205 696 3260 2.
738 3207 808 3261 At
851 3207 1199 3280 philosophus
1228 3209 1322 3265 ille
1365 3210 1657 3277 Abraham,
1689 3210 1891 3268 athleta
1919 3213 2030 3280 ille,
2069 3215 2160 3285 qui

571 3308 910 3354 cumnatura
932 3299 1264 3369 decertabat,
1296 3310 1351 3357 et
1379 3315 1501 3369 cum
1528 3301 1823 3359 visceribus
1839 3305 2158 3372 luctabatur,

573 3388 830 3449 adversus
855 3400 1097 3448 naturam
1123 3403 1381 3462 armatus,
1414 3408 1602 3465 parere
1623 3396 1843 3452 minime
1872 3399 2159 3465 recusavit;

573 3480 668 3536 scd
710 3481 963 3538 mandato
993 3483 1089 3539 Dei
1116 3484 1336 3552 cedens,
1366 3484 1510 3556 quod
1550 3487 1894 3544 nuntiabatur
1937 3491 2160 3559 audivit,

575 3580 630 3626 et
644 3569 808 3627 ﬁlium
830 3573 1110 3628 confestim
1137 3575 1360 3645 accepit.
1385 3574 1637 3632 Libenter
1653 3577 1737 3633 his
1765 3579 1945 3634 verbis
1971 3580 2166 3638 immo-

570 3676 683 3730 ror,
713 3663 896 3735 Accipe
922 3666 1085 3733 ﬁlium
1110 3674 1251 3720 tuum
1271 3666 1529 3735 dilectum,
1551 3685 1696 3740 quem
1724 3669 1961 3737 dilexisti,
1986 3670 2163 3742 Isaac,

574 3762 629 3808 et
652 3752 779 3822 offer
815 3756 963 3810 illum
1004 3756 1132 3811 mihi
1164 3758 1218 3812 in
1261 3758 1608 3816 holocaustum
1643 3777 1796 3832 super
1821 3779 1978 3819 unum
2014 3782 2163 3820 meno

574 3844 717 3909 tium,
749 3861 871 3915 quos
892 3845 1066 3901 dixero
1093 3847 1181 3901 tibi
1205 3847 1356 3921 (Gen.
1386 3848 1476 3903 22.
1504 3848 1560 3921 2)
1587 3860 1677 3907 :et
1702 3853 1970 3923 accipiens
1993 3854 2165 3911 Abra-

575 3932 700 3987 ham
746 3932 912 4000 lsaac,
967 3946 1023 3991 et
1073 3938 1301 4009 asinam,
1351 3947 1406 3996 et
1436 3924 1592 3997 Iduos
1647 3958 1884 4012 pueros,
1943 3945 2159 4003 abibat:

575 4027 769 4083 deinde
794 4044 917 4085 cum
939 4030 1004 4085 ad
1030 4031 1207 4086 locum
1229 4033 1515 4103 quemdam
1545 4037 1935 4105 pervenissent,
1979 4041 2162 4109 pueris

573 4122 670 4189 ait,
703 4122 904 4189 Sedete,
928 4122 1119 4195 inquit,
1149 4142 1232 4181 vos
1258 4127 1339 4181 hic
1366 4146 1380 4182 :
1412 4144 1503 4200 ego
1533 4145 1649 4183 vero
1685 4139 1731 4185 et
1768 4133 2008 4201 parvulus
2046 4150 2163 4201 per-

572 4213 898 4268 transibimus
919 4230 1072 4285 usque
1090 4214 1233 4282 illuc,
1266 4226 1313 4271 et
1340 4234 1453 4272 cum
1490 4220 1868 4277 adaraverimus
1890 4265 1904 4289 ,
1945 4235 2162 4279 reverte‘

575 4319 692 4355 mur
720 4302 789 4356 ad
814 4319 900 4357 vos
915 4303 965 4374 (1
973 4303 1076 4359 bid.
1096 4323 1145 4360 υ.
1170 4303 1246 4380 5).
1268 4307 1501 4364 Insciens
1518 4310 2161 4381 prophetaritAbraham,

574 4393 753 4447 divina
782 4393 859 4448 illi
878 4395 1047 4465 gratia
1073 4409 1415 4466 cooperante.
1442 4401 1638 4456 Filium
1666 4411 1812 4458 tuum
1839 4414 2165 4462 mactaturus

573 4485 767 4554 pergis,
792 4492 847 4541 et
869 4486 967 4553 ais,
998 4486 1360 4544 Reuertemur?
1387 4490 1521 4545 Dum
1547 4506 1742 4562 pueros
1761 4494 2158 4564 studeteelare,

500 4578 509 4643 ς
572 4574 830 4640 propheta
859 4573 1108 4631 efﬁcitur.
1139 4576 1207 4631 Et
1242 4578 1496 4649 imposuit
1522 4577 1661 4649 ligna
1699 4577 1935 4633 humeris
1976 4580 2160 4653 Isaac,

578 4666 635 4715 et
652 4666 869 4729 sumpto
908 4659 1030 4731 igne
1059 4660 1360 4734 gladioque,
1409 4664 1462 4719 in
1498 4674 1735 4722 montem
1785 4668 2044 4726 ascendit.
2097 4672 2164 4728 Et

578 4748 698 4820 quid
726 4749 858 4804 dixit
884 4751 951 4807 ad
980 4761 1183 4823 patrem
1208 4753 1389 4811 Isaac?
1418 4754 1590 4811 Pater.
1623 4756 1725 4813 Ille
1745 4775 1877 4824 uero,
1904 4761 2043 4827 Quid
2066 4773 2161 4833 est,

578 4838 692 4905 ﬁli?
730 4836 799 4893 Et
840 4842 944 4908 ait,
980 4840 1112 4897 Ecce
1137 4844 1267 4914 ignis
1296 4854 1343 4899 et
1370 4846 1508 4917 ligna
1526 4862 1557 4915 ,ε
1587 4846 1670 4900 ubi
1697 4857 1771 4903 est
1798 4851 1904 4905 ovis
1939 4852 1992 4906 iu
2020 4853 2164 4908 holo-

576 4924 848 4984 caustum?
878 4928 1004 4987 Tum
1033 4934 1143 5002 ille,
1181 4935 1318 4992 Deus
1342 4938 1525 4993 videbit
1548 4939 1643 4994 sibi
1670 4956 1809 4996 ouem
1835 4944 1903 4997 ad
1923 4945 2162 5002 holocau-

576 5029 728 5087 stum,
754 5020 832 5090 ﬁli
857 5019 1019 5092 (Ibid.
1052 5038 1100 5077 υ.
1132 5026 1293 5098 5.8).
1320 5028 1457 5085 Ecce
1474 5039 1528 5086 et
1544 5031 1764 5087 alteram
1787 5035 2118 5105 prophetiam
2144 5054 2158 5092 :

577 5127 753 5182 neque
782 5113 945 5169 verba
975 5117 1267 5184 praeterire,
1300 5135 1474 5191 neque
1499 5121 1637 5177 facta
1673 5137 1890 5193 possum
1939 5135 2160 5196 practer-

574 5221 812 5262 currere.
836 5205 1128 5263 Considera
1154 5213 1369 5267 nomina
1396 5229 1520 5270 mox
1557 5215 1718 5272 rebus
1744 5218 1873 5288 ipsis
1898 5220 2157 5276 orbanda.

575 5295 650 5349 lta
679 5297 766 5353 ille
794 5307 1000 5370 patrem
1031 5301 1282 5371 appellat,
1309 5313 1364 5359 et
1379 5304 1465 5360 hic
1491 5322 1676 5362 rursus
1701 5308 1890 5378 ﬁlium,
1915 5320 2073 5381 atque
2092 5314 2158 5367 ad

581 5387 766 5442 horam
792 5390 1006 5460 quidem
1033 5392 1285 5449 velabaut
1332 5396 1548 5453 nomina
1569 5438 1585 5465 ,
1616 5414 1742 5455 mox
1791 5410 1970 5457 autem
2009 5414 2162 5459 erant

575 5479 916 5539 denudanda.
946 5483 1240 5542 Considera
1266 5487 1412 5542 enim
1437 5490 1705 5559 quomodo
1739 5491 1961 5555 allectus
2003 5494 2161 5550 fuerit

576 5571 868 5639 Abraham,
899 5577 1251 5647 compellatus
1296 5577 1365 5633 ab
1414 5578 1580 5648 Isaac,
1610 5597 1769 5652 quem
1809 5584 2157 5656 cratjugula-

576 5674 749 5727 turus,
773 5673 941 5732 pater.
965 5666 1063 5733 Qui
1096 5666 1212 5723 ﬁeri
1242 5669 1449 5738 potuit,
1473 5681 1540 5726 ut
1565 5687 1672 5727 non
1698 5672 1814 5743 ejus
1847 5690 2016 5745 genua
2044 5676 2155 5731 dis-

576 5752 950 5811 solverentur?
1002 5760 1272 5829 quomodo
1317 5777 1424 5817 non
1487 5765 1727 5820 membra
1773 5767 1956 5821 collisa
2002 5770 2177 5833 sunt‘?_

579 5845 851 5914 quomodo
883 5861 985 5901 non
1016 5859 1194 5905 mente
1220 5852 1459 5909 turbatus
1480 5863 1568 5911 est
1586 5897 1602 5925 ,
1632 5872 1754 5913 cum
1781 5856 1864 5914 his
1891 5874 2011 5915 eum
2033 5875 2153 5917 ver-

1293 441 1349 498 S.
1391 438 1666 498 JOANNIS
1703 433 2176 495 CHRYSOSTOMI
2213 432 2532 494 ARCIIIEP.
2571 433 3113 497 CONSTANTINOP.

3725 448 3818 503 ’1ιο

2263 550 2344 605 bis
2372 550 2520 611 Isaac
2547 552 2688 609 ﬁlius
2712 554 3007 610 aﬁaretur?
3032 556 3235 612 Obtulit
3262 565 3457 626 tamen,
3491 569 3548 615 et
3572 562 3817 633 colligavit

2264 643 2432 711 Isaae,
2453 660 2721 718 manuque
2755 648 2979 705 dextera
3024 651 3256 720 gladium
3303 655 3564 725 arripuit,
3591 665 3648 711 ut
3673 656 3819 712 ﬁlium

2262 751 2416 792 suum
2443 747 2724 794 maetaret.

2332 827 2613 884 Parentum
2642 829 2878 898 affectum
2905 833 3196 888 auditorum
3222 834 3632 895 obtestatun—O
3656 839 3819 896 dexte-

2261 935 2375 975 ram
2406 922 2547 977 illam
2568 922 2822 981 adversus
2844 924 3007 982 lilium
3034 930 3320 983 armatam!
3340 930 3531 1001 quibus
3549 934 3818 1005 exprimam

2262 1014 2438 1069 verbis
2466 1031 2580 1070 rem
2625 1026 2828 1085 gestam
2873 1020 3075 1076 nescio.
3121 1021 3400 1089 Quomodo
3426 1039 3531 1079 non
3575 1025 3819 1095 obtorpuit

2262 1105 2489 1176 manus?
2516 1109 2784 1177 quomodo
2810 1110 3016 1181 gladius
3038 1111 3107 1168 de
3131 1128 3291 1170 manu
3322 1130 3427 1171 non
3450 1117 3683 1173 excidit?
3708 1133 3820 1189 quo.

2262 1198 2423 1253 modo
2448 1212 2553 1253 non
2600 1207 2743 1256 totus
2769 1203 3032 1261 resolutus
3060 1212 3143 1262 est
3167 1213 3220 1262 et
3247 1208 3513 1265 extabuit?
3557 1210 3644 1281 qui
3672 1210 3819 1280 potuit

2258 1298 2439 1345 autem
2460 1291 2770 1360 Subsistere,
2792 1302 2848 1349 et
2870 1294 3015 1351 Isaac
3041 1295 3272 1353 vinctum
3297 1307 3559 1358 cernere?
3580 1302 3819 1372 quomodo

2263 1381 2440 1436 subito
2466 1392 2707 1439 mortuus
2733 1400 2842 1441 non
2866 1388 3161 1444 remansit?
3184 1391 3454 1460 quomodo
3480 1392 3556 1447 illi
3585 1394 3818 1449 inservie-

2264 1481 2389 1526 runt
2417 1475 2599 1529 nervi?
2623 1478 2892 1547 quomodo
2913 1480 3121 1536 animus
3152 1482 3296 1538 illum
3334 1498 3439 1539 non
3469 1484 3697 1541 defecit?
3721 1487 3819 1541 Non

2264 1565 2439 1630 video,
2482 1574 2586 1636 Qua
2626 1570 2822 1638 possint
2865 1576 3108 1628 oratione
3143 1588 3256 1630 rem
3281 1585 3483 1647 gestam
3527 1580 3819 1648 exprimere.

2262 1658 2536 1729 Quotquot
2576 1662 2662 1717 hi'e
2710 1674 2908 1732 patres,
2959 1675 3051 1721 aut
3088 1676 3285 1724 matres
3333 1670 3494 1736 eStis,
3540 1673 3818 1738 convenite,

2265 1764 2479 1805 manum
2527 1754 2799 1824 porrigite,
2846 1758 3145 1812 orationem
3192 1759 3480 1829 adjuvate:
3526 1762 3663 1817 vires
3699 1764 3820 1817 enim

2265 1855 2413 1898 meas
2458 1858 2545 1898 res
2590 1845 2872 1911 excedunt,
2925 1848 3214 1919 ignoscite;
3259 1850 3383 1922 quin
3427 1868 3526 1909 vos
3557 1855 3709 1909 etiam
3738 1855 3823 1925 ipsi

2264 1934 2577 1991 succurrite.
2612 1936 2990 2007 Saepenumero
3014 1941 3251 2013 quinque
3276 1945 3360 1999 vel
3398 1958 3493 2001 sex
3525 1946 3658 2002 ﬁlios
3687 1946 3824 2003 habet

2262 2025 2548 2096 quispiam,
2585 2038 2640 2084 et
2679 2029 2854 2086 ﬁlias:
2882 2034 2928 2086 si
2971 2034 3182 2104 quando
3213 2048 3346 2092 unus
3370 2053 3435 2092 ex
3464 2039 3570 2115 illis
3606 2049 3821 2111 wgrotct,

2267 2128 2436 2173 totum
2462 2120 2637 2177 cubile
2664 2130 2816 2193 pater
2837 2126 3240 2199 circumcursat,
3268 2131 3454 2187 oculos
3498 2131 3590 2189 ﬁlii
3620 2134 3823 2191 deoscu-

2266 2208 2426 2277 latur,
2475 2212 2665 2295 manus
2704 2200 3061 2295 amplectitur,
3093 2210 3233 2276 diem
3279 2226 3491 2293 reputat
3531 2236 3749 2295 noctem,
3781 2237 3824 2283 et

2265 2299 2445 2358 lumen
2478 2292 2740 2371 tenebraS,
2782 2323 2889 2363 non
2932 2292 3075 2383 quod
3121 2292 3380 2369 elementa
3411 2292 3823 2386 eommutet,isetl

2260 2394 2410 2463 quod
2447 2406 2559 2465 pra:
2597 2396 2799 2456 doloris
2821 2401 3109 2459 acerbitate
3135 2393 3241 2462 illis
3268 2408 3487 2466 minime
3525 2410 3823 2477 delectetur;

2266 2489 2447 2545 mollia
2480 2492 2678 2549 cubilia
2707 2503 3036 2565 sternuntur,
3067 2500 3259 2557 medici
3283 2502 3547 2574 assident,
3584 2504 3724 2561 multi
3750 2521 3823 2560 sa.

2266 2583 2463 2640 tellites
2497 2590 2695 2657 aegrum
2723 2588 3088 2661 circumstant,
3117 2602 3259 2651 totus
3285 2599 3507 2654 omnino
3530 2600 3825 2656 contabescit

2268 2683 2455 2745 pater:
2505 2677 2629 2734 licet
2668 2682 2911 2749 pecuniae
2953 2684 3105 2756 copia
3140 2693 3406 2759 suppetat,
3434 2691 3732 2748 detestanda
3757 2703 3824 2748 est

2267 2766 2380 2835 illi;
2432 2767 2557 2853 licet
2601 2770 2896 2830 innumeris
2929 2776 3076 2832 euris
3119 2788 3409 2849 prematur,
3458 2796 3644 2838 omnes
3667 2783 3823 2853 abigit,

2267 2870 2446 2930 neque
2469 2848 2644 2929 potest
2664 2863 2730 2918 ad
2752 2864 3093 2923 sobrietatem
3115 2867 3292 2925 redire
3320 2848 3431 2942 prae
3454 2874 3614 2928 nimia
3642 2848 3821 2928 tristitia

2270 2951 2593 3008 temulentus
2620 2971 2634 3009 :
2662 2940 2804 3011 totus
2827 2957 2986 3012 etiam
3032 2958 3260 3017 mundus
3301 2940 3374 3016 illi
3402 2963 3679 3021 insanabili
3706 2964 3824 3018 malo

2269 3043 2494 3101 laborat.
2518 3046 2637 3103 Pari
2661 3050 2870 3108 ratione
2899 3056 3069 3109 mater
3088 3067 3298 3125 quoque
3317 3057 3566 3115 circumit
3584 3059 3821 3123 distracta.

2266 3136 2597 3205 perturbata,
2626 3145 2680 3194 et
2703 3138 2902 3196 ardens
2932 3150 3059 3209 tota,
3090 3153 3143 3199 et
3171 3143 3475 3202 facultatem
3498 3165 3727 3222 quaerens
3747 3148 3822 3203 do-

2270 3226 2441 3282 lerem
2470 3243 2591 3285 cum
2636 3246 2780 3300 agro
2804 3232 3091 3303 dividendi,
3126 3238 3210 3292 vel
3242 3240 3419 3308 potius
3452 3240 3707 3313 integrum
3743 3241 3822 3295 atl-

2271 3318 2538 3390 mittendi,
2582 3330 2641 3376 ut
2683 3316 2910 3380 amictus
2956 3326 3095 3383 lilius
3140 3330 3329 3386 morbo
3364 3330 3822 3389 relevetur:nibili

2270 3409 2399 3466 facit
2428 3414 2590 3467 vitam
2620 3424 2961 3485 praesentem,
2992 3418 3142 3475 nihili
3187 3420 3455 3492 futuram;
3487 3426 3581 3481 sed
3611 3425 3822 3481 omnibus

2270 3503 2390 3559 istis
2416 3505 2700 3575 optabilius
2721 3518 2803 3563 est
2823 3509 2921 3580 illi,
2949 3520 3005 3566 ut
3026 3520 3197 3567 totum
3216 3513 3306 3569 ﬁlii
3339 3517 3583 3572 morbum
3605 3517 3821 3587 excipiat.

2269 3594 2389 3650 Non
2418 3604 2709 3668 suppetunt
2737 3600 2866 3655 mihi
2897 3602 3081 3671 verba,
3108 3604 3300 3674 quibus
3329 3606 3664 3666 atl‘eetionem
3692 3610 3820 3665 istam

2271 3700 2671 3759 repraesentem.
2716 3690 2864 3749 Pone
2910 3696 3006 3751 tibi
3060 3706 3184 3754 ante
3234 3701 3418 3756 oculos
3469 3704 3729 3759 Abraham
3762 3703 3822 3758 sic

2271 3778 2519 3835 all’eetum
2550 3782 2697 3838 illum
2728 3784 2944 3854 quidem
2981 3785 3184 3854 dolore,
3228 3790 3325 3847 sed
3369 3794 3820 3866 phi1050phantem,

2270 3880 2326 3926 'et
2364 3874 2615 3930 mandato
2656 3877 3150 3949 obtemperantem:
3179 3884 3455 3957 subigebat
3501 3898 3748 3955 naturam,
3779 3896 3823 3944 et

2271 3967 2578 4024 mandatum
2605 3970 2809 4027 viscera
2841 3973 2951 4043 ipsa
2982 3977 3285 4046 superabat.
3314 3978 3600 4038 Enimvero
3622 3983 3741 4047 hare,
3776 3990 3821 4035 ut

2271 4066 2398 4113 ante
2423 4059 2551 4127 dixi,
2586 4062 2886 4131 patiebatur
2918 4074 2974 4121 ut
2997 4065 3178 4137 homo,
3205 4069 3302 4125 sed
3326 4079 3382 4126 ut
3403 4071 3497 4129 Dei
3525 4089 3703 4130 amans
3724 4074 3822 4144 phi-

2271 4148 2670 4218 losophabatur.
2698 4153 2776 4209 Ae
2815 4155 2999 4212 videre
3025 4167 3140 4214 erat
3176 4159 3323 4217 Isaac
3352 4174 3639 4239 martyrem
3674 4167 3822 4222 vivum

2271 4249 2328 4296 et
2355 4256 2460 4297 non
2487 4243 2687 4313 vivum,
2718 4256 2988 4304 mortuum
3014 4260 3069 4306 et
3107 4268 3213 4308 non
3242 4267 3532 4313 mortuum.
3554 4259 3678 4314 Nam
3704 4255 3822 4329 quod

2270 4333 2338 4389 ad
2375 4338 2608 4404 parentis
2651 4340 2978 4409 propositum
3019 4343 3228 4412 attinet,
3276 4359 3519 4406 mortuus
3558 4360 3637 4407 est
3664 4369 3676 4405 :
3703 4346 3821 4421 quod

2270 4433 2449 4481 autem
2495 4426 2562 4481 ad
2602 4427 2697 4482 Dei
2725 4428 3127 4501 benignitatem,
3158 4450 3262 4490 non
3284 4447 3368 4492 est
3398 4450 3652 4508 mortuus,
3679 4439 3820 4510 siqui-

2268 4514 2394 4571 dem
2434 4516 2645 4573 Domini
2672 4518 2838 4591 ﬁgura
2866 4531 2919 4578 et
2941 4524 3116 4595 imago
3143 4525 3276 4582 fuit:
3306 4530 3485 4586 evenit
3508 4546 3631 4603 ergo
3659 4531 3819 4601 ﬁgura.

2267 4613 2325 4662 et
2347 4619 2466 4664 eam
2486 4610 2679 4666 veritas
2701 4612 3023 4685 subsequuta
3048 4625 3149 4672 est.
3176 4617 3366 4676 Postea
3387 4621 3659 4695 colligatur
3676 4621 3819 4685 Isaac,

2271 4695 2367 4752 sed
2388 4712 2493 4753 non
2518 4700 2826 4770 jugulatur;
2852 4720 2953 4759 vox
2979 4706 3119 4761 enim
3147 4721 3379 4777 superne
3414 4711 3491 4785 (α)
3518 4715 3658 4772 venit
3681 4717 3820 4769 mise-

2270 4787 2502 4844 ricOrdia
2530 4799 2585 4846 et
2604 4791 2927 4862 benignitate
2953 4797 3104 4865 plena
3126 4812 3247 4868 quae
3268 4801 3619 4869 patriarcham
3637 4803 3820 4860 cohibet

2269 4881 2376 4951 jam
2426 4890 2590 4937 totum
2636 4884 2897 4941 intentum
2942 4894 2996 4943 et
3025 4899 3268 4959 paratum
3298 4893 3365 4949 ad
3389 4895 3587 4951 caedem
3629 4908 3817 4967 patran-

2270 4969 2415 5038 dum,
2448 4988 2565 5043 quae
2588 4976 2662 5030 ait
2691 4995 2703 5031 :
2733 4976 3010 5043 Abraham,
3043 4980 3319 5051 Abraham,
3342 5002 3405 5040 ne
3431 4988 3624 5058 inﬁcias
3641 4999 3816 5041 manant

2270 5069 2407 5116 tuam
2434 5065 2503 5119 ad
2526 5068 2792 5137 puerulum
2813 5068 2962 5139 (Gen.
2993 5071 3082 5127 22.
3114 5075 3199 5129 Η.
3229 5075 3337 5149 12).
3368 5078 3473 5134 Cur
3499 5097 3600 5135 non
3627 5079 3686 5134 ad
3710 5090 3812 5148 puev

2269 5168 2409 5223 rum,
2433 5157 2526 5212 sed
2552 5158 2635 5211 Ad
2656 5162 2963 5230 puerulum?
2988 5179 3084 5220 cur
3106 5165 3196 5221 vili
3220 5169 3379 5225 modo
3404 5170 3651 5242 loquitur?
3670 5170 3814 5225 llomo

2269 5250 2463 5319 quippe
2514 5259 2630 5306 erat
2661 5270 2674 5307 :
2704 5253 2840 5311 Filio
2894 5271 3029 5326 opus
3074 5269 3218 5326 erat,
3272 5277 3377 5317 non
3432 5264 3677 5334 puerulo;
3725 5274 3812 5313 non

2268 5350 2444 5408 servo,
2471 5342 2565 5398 sed
2591 5342 2725 5400 Filio
2752 5361 2878 5401 vero
2905 5350 3194 5420 uuigenito,
3217 5366 3246 5405 a
3270 5352 3426 5409 Patre
3450 5355 3513 5409 ad
3535 5369 3626 5409 nos
3653 5352 3808 5405 misso.

2272 5431 2354 5487 Ne
2371 5434 2571 5504 injicias
2598 5452 2801 5490 manum
2830 5446 2967 5492 tuam
2992 5441 3060 5494 ad
3085 5444 3372 5513 puerulum.
3409 5444 3591 5515 Figura
3619 5451 3805 5497 conten-

2270 5532 2354 5580 tus
2386 5524 2552 5593 fuisti,
2610 5528 2792 5598 accipe
2843 5532 3141 5587 veritatem.
3194 5535 3260 5589 Et
3312 5535 3576 5590 Abraham
3622 5530 3807 5603 quidem

2334 5688 2407 5764 (ᾳ)
2424 5689 2527 5764 llic
2546 5689 2684 5764 locus
2703 5689 3018 5764 quniinprius
3035 5692 3197 5764 Editis
3219 5705 3377 5764 usque
3399 5694 3460 5742 ad
3482 5694 3617 5764 ﬁnem
3637 5688 3802 5764 deerat:

2269 5749 2353 5817 ρκ’
2373 5749 2533 5817 tribus
2574 5749 3109 5817 Mssq'Qttoboniano,
3147 5749 3451 5817 tlolbe'rtino,
3476 5753 3558 5817 qui
3588 5761 3706 5817 nunc
3735 5750 3801 5817 9.3%

2268 5811 2610 5881 Regiusl79_et
2629 5813 2823 5863 mendis
2854 5823 3029 5877 scatet,
3057 5811 3109 5867 et
3138 5811 3446 5881 Consliniano'
3470 5811 3569 5877 117,
3589 5814 3666 5877 qui
3688 5811 3798 5872 opu‘

2270 5885 2381 5923 mus
2404 5877 2501 5936 est,
2523 5874 2816 5937 desumptus
2838 5884 2932 5926 est.
