4088 6436
280 397 387 450 739

277 505 473 576 ὣφθη;
506 501 620 566 πῶς
650 502 759 573 γὰρ
797 501 928 564 Θεός
972 518 1051 554 σοι
1102 495 1245 573 εἶχεν
1274 501 1525 572 ὀφθῆναι,
1557 502 1650 554 καὶ
1680 503 1861 573 ζητεῖν

220 604 228 611 ’
276 599 372 650 τὸν
398 594 533 656 υίδν,
552 594 612 646 δν
639 597 769 664 παρ’
786 592 980 647 ὲλπίδα
1000 592 1148 665 [745]
1170 610 1258 664 μοι
1288 593 1489 646 ἔδωκεν
1508 610 1522 659 ;
1538 593 1713 656 ἀὐτὸς
1735 598 1864 664 ἐχα-

279 689 489 759 ρίσατο,
522 685 617 738 καὶ
657 684 818 748 αὐτὸς
848 683 1147 755 λαμϐάνει;
1190 685 1237 737 εἱ
1270 684 1359 737 διὰ
1393 684 1455 738 τὸ
1480 683 1665 739 λαϐεῖν
1703 685 1864 739 αὐτὸν

277 780 474 841 ἔδωκε,
511 777 741 848 βέλτιον,
777 779 826 831 εἰ
864 777 939 848 μὴ
964 776 1201 833 ἔδωκεν·
1232 778 1295 830 ού
1324 776 1437 847 γάρ
1496 777 1614 831 ἐστι
1676 777 1866 831 τοσοῦ-

275 887 369 933 τος
396 868 557 932 πόνος
589 868 650 921 τὸ
684 868 758 939 μὴ
787 867 953 938 ἔχειν,
987 869 1113 922 ὅσον
1142 868 1204 922 τὸ
1246 868 1431 922 λαϐεῖν
1464 869 1557 922 καὶ
1578 868 1860 924 ἀπολέσαι.

288 961 572 1033 Ἐννόησον
604 960 704 1031 τὴν
738 960 957 1033 Σάρραν
1002 961 1387 1033 ἀναπτομένην
1416 962 1512 1016 καὶ
1554 960 1863 1033 πυρπολού-

278 1051 468 1123 μένην,
504 1051 599 1105 καὶ
655 1051 762 1104 ὑπὸ
791 1051 894 1121 τῆς
936 1050 1152 1121 φύσεως
1191 1052 1580 1123 ἐλαυνομένην,
1616 1050 1712 1105 καὶ
1761 1052 1862 1122 τὴν

277 1148 500 1218 μήτραν
531 1146 703 1218 αὐτῆς
723 1145 1213 1218 διαστρεφομένην,
1242 1148 1335 1200 καὶ
1360 1146 1431 1200 τά
1460 1146 1743 1217 σπλάγχνα
1771 1146 1864 1200 αύ-

272 1240 374 1310 τῆς
404 1239 767 1312 ἀλλοιούμενα
788 1256 801 1268 ·
831 1239 1140 1311 συμπαθεῖς
1176 1241 1286 1312 γὰρ
1319 1240 1377 1293 αί
1423 1241 1685 1309 γυναῖκες
1732 1237 1861 1308 περὶ
1905 1309 1909 1312 γ

270 1331 340 1384 τά
356 1331 600 1385 τοιαῦτα·
626 1331 751 1385 ὅσον
777 1330 893 1403 γὰρ
907 1330 1276 1404 μαλακωτέρα
1295 1331 1389 1385 καὶ
1409 1330 1858 1402 συμπαθεστέρα,

269 1425 529 1479 τοσοῦτον
568 1424 760 1496 ἔμελλε
790 1423 1223 1495 διισχυρίζεσθαι
1275 1424 1413 1497 πρὸς
1441 1424 1532 1478 τὸν
1587 1422 1856 1494 Ἀϐραὰμ,

270 1519 367 1573 καὶ
400 1517 743 1583 ὲνεποδίζετο
780 1518 814 1587 ἡ
873 1515 1056 1581 θυσία,
1088 1517 1182 1570 καὶ
1212 1516 1272 1570 τὸ
1311 1516 1608 1588 μυστήριον
1650 1531 1860 1586 κατηρ-

270 1612 440 1677 γεῖτο.
466 1609 531 1663 Τί
558 1608 666 1681 γὰρ
692 1607 758 1665 ἂν
788 1608 889 1663 οὑκ
919 1608 1229 1681 ἐποίησενή
1258 1611 1444 1682 Σάρρα
1465 1608 1601 1679 πρὸς
1629 1609 1690 1662 τὸ
1722 1609 1858 1662 ἀπο-

269 1704 479 1755 σπάσαι
507 1701 599 1756 τὸν
639 1700 753 1755 υἱδν
782 1701 988 1770 αὐτῆςς
1021 1701 1082 1753 ού
1110 1701 1217 1773 γὰρ
1247 1702 1479 1771 ἠδύνατο
1505 1701 1772 1772 βαστάσαι
1797 1702 1858 1755 τὸ

268 1794 575 1864 γινόμενον,
610 1793 700 1847 τὸν
744 1793 874 1865 παρ’
910 1793 1130 1859 ἐλπίδας
1161 1794 1275 1846 υἱὸν
1322 1793 1586 1865 μέλλοντα
1619 1794 1860 1866 ἀναιρεῖι

270 1886 417 1953 σθαι,
465 1887 560 1939 καὶ
591 1886 650 1940 ἐν
704 1883 853 1955 αύτῷ
875 1884 953 1955 τῷ
977 1885 1125 1956 γήρᾳ
1158 1885 1531 1956 δεδωρημένον
1564 1887 1699 1958 αὐτῇ
1736 1887 1860 1965 μέλ-

266 1980 425 2032 λοντα
479 1976 805 2047 σφάζεσθαι,
849 1978 1054 2047 πατρὸς
1109 1980 1300 2049 χεῖρας
1343 1980 1692 2048 τεκνοφονίαν
1733 1980 1859 2051 μελ-

267 2070 477 2132 λούσας
496 2068 847 2141 ἐργάζεσθαι·
866 2071 965 2124 ούκ
987 2069 1051 2124 ἂν
1065 2070 1332 2135 ἐϐάσταζε
1350 2070 1574 2125 τοιαῦτα
1591 2074 1622 2143 ή
1646 2072 1853 2145 Σάρρα,

264 2162 400 2217 ἀλλά
433 2161 638 2233 πολλὴν
664 2161 729 2216 ἂν
757 2162 1054 2232 εἰργάσατο
1075 2163 1256 2232 μάχην
1282 2161 1420 2232 μετά
1442 2161 1536 2215 τοῦ
1581 2163 1854 2235 Ἀϐραὰμ,

264 2254 363 2324 τῆς
393 2254 457 2308 δὲ
487 2254 669 2325 μάχης
694 2253 989 2324 γινομένης
1017 2254 1232 2325 ἀνάγκη
1278 2253 1500 2326 ἐνέδραν
1530 2255 1651 2309 τινὰ
1678 2274 1856 2327 παρα-

263 2346 620 2416 κολουθῆσαι,
642 2345 865 2417 ἐνέδρας
894 2346 951 2398 δὲ
971 2346 1489 2419 παρακολουθούσης
1518 2347 1854 2413 ένεποδίζετο

259 2441 319 2492 τὸ
366 2440 693 2510 μυστήριον.
730 2426 846 2495 Ούκ
878 2435 1031 2492 εἶπεν
1065 2435 1159 2492 οἷν
1202 2439 1452 2511 Ἀϐραάμ
1492 2443 1558 2513 τῇ
1612 2442 1851 2511 γυναικὶ,

265 2531 346 2586 ῖνα
390 2531 477 2603 μὴ
515 2530 818 2600 φιλονεικία
862 2531 1109 2602 γένηται,
1159 2533 1245 2585 ἵνα
1283 2532 1379 2604 μὴ,
1422 2535 1719 2606 γενομένης
1754 2535 1853 2606 τῆς

263 2622 625 2692 φιλονεικίας,
657 2624 736 2686 είς
774 2622 957 2693 μάχην
990 2621 1234 2696 προέλθῃ
1263 2622 1324 2676 τὸ
1356 2626 1607 2696 πρᾶγμα,
1639 2626 1725 2679 ἵνα
1752 2625 1848 2698 μὴ,

260 2717 337 2781 είς
367 2719 559 2789 μάχην
583 2716 937 2788 προελθόντος
960 2714 1058 2768 τοῦ
1094 2717 1441 2787 πράγματος,
1468 2719 1549 2781 εἱς
1584 2719 1852 2789 μερισμὸν

264 2812 387 2882 περί
409 2810 513 2865 τοῦ
541 2808 663 2863 υἱοῦ
690 2808 1050 2879 προχωρήσῃ,
1084 2808 1172 2862 ἵνα
1200 2809 1296 2880 μὴ,
1321 2810 1403 2874 εἰς
1430 2810 1698 2882 μερισμὸν
1725 2826 1853 2881 προ-

265 2902 569 2975 χωροῦντος
604 2902 700 2955 τοῦ
735 2900 876 2965 υἱοῦ,
907 2900 1132 2973 χρονίσῃ
1162 2904 1197 2973 ή
1245 2903 1572 2972 ἐπαγγελία,
1606 2903 1696 2957 ῖνα
1751 2903 1847 2973 μὴ,

265 2995 595 3067 χῳνισάσης
636 2995 738 3065 τῆς
770 2993 1127 3062 ἐπαγγελίας,
1157 2994 1220 3048 τὸ
1251 2996 1486 3067 πρᾶγμα
1534 2993 1849 3066 ἐνεδρευθῇ.

267 3088 347 3142 ἰνα
403 3086 506 3159 μὴ,
555 3085 649 3140 τοῦ
704 3085 1034 3156 πράγματος
1084 3085 1512 3159 ἐνεδρευθέντος,
1560 3086 1850 3141 ἀτέλεστον

266 3180 394 3253 μένῃ
421 3179 486 3233 τὸ
531 3179 855 3255 μυστήριον.

336 3269 400 3341 β’.
432 3270 579 3324 Ἀλλ’
599 3271 631 3323 6
651 3270 942 3341 φιλόσοφος
956 3269 1230 3343 Ἀϐραὰμ,
1257 3270 1286 3323 6
1311 3272 1568 3344 ἀθλητὴς,
1594 3270 1848 3341 καὶπρὸς

263 3360 417 3427 φύσιν
441 3361 875 3433 ἀγωνιζόμενος,
895 3363 989 3416 καί
1018 3362 1159 3432 πρὸς
1211 3360 1498 3429 σπλάγχνα
1534 3358 1845 3425 πυκτεύων,

261 3454 351 3507 καὶ
392 3454 540 3509 κατά
570 3457 669 3526 τῆς
701 3455 918 3525 φύσεως
953 3453 1331 3524 ὁπλιζόμενος,
1361 3452 1422 3505 ού
1469 3452 1843 3525 παρήκουσεν,

253 3545 369 3603 ἀλλ’
404 3543 749 3615 ἐπιτάγματι
793 3544 888 3598 τοῦ
922 3544 1059 3597 Θεοῦ
1092 3545 1278 3608 εἴκων,
1311 3544 1512 3614 ήκουσε
1545 3542 1645 3613 τῆς
1684 3543 1849 3611 ἀγγεο

258 3635 393 3701 λὶας,
435 3638 538 3692 καὶ
583 3637 744 3702 εὐθὺς
784 3637 1055 3709 λαμϐάνει
1100 3637 1192 3690 τὸν
1241 3636 1377 3690 υἱόν.
1434 3635 1637 3699 Ἡδέως
1671 3635 1848 3688 ἐνδια-

259 3730 423 3800 τρίϐω
453 3732 573 3794 τοῖς
610 3732 823 3803 ῥήμασι
848 3729 1086 3795 τούτοις·
1130 3728 1286 3784 Λάϐε
1310 3729 1418 3782 τὸν
1446 3729 1581 3783 υἱόν
1602 3743 1719 3782 σου
1740 3729 1847 3783 τὸν

260 3821 588 3892 ἀγαπητὸν,
641 3822 714 3877 ὃν
764 3821 1108 3893 ἠγάπησας,
1159 3822 1267 3876 τὸν
1313 3820 1541 3884 Ἰσαὰκ,
1593 3820 1691 3874 καὶ
1736 3822 1845 3876 ἁν-

258 3913 458 3984 ἐι·εγκέ
488 3932 595 3981 μοι
627 3914 816 3968 αὐτὸν
856 3917 944 3981 εις
991 3912 1416 3982 ὀλοκάρπωσιν
1467 3912 1561 3984 ἐφ’
1606 3912 1677 3965 ἐν
1728 3912 1847 3966 τῶν

261 4006 455 4077 ὀρέων,
486 4000 576 4063 ὧν
604 4008 682 4061 ἄν
721 4022 822 4062 σοι
853 4008 1031 4061 εἷπω·
1061 4009 1156 4062 καὶ
1187 4007 1367 4061 λαϐὼν
1411 4008 1439 4060 6
1476 4005 1727 4079 Ἀϐραὰμ
1753 4005 1846 4060 τὸν

272 4099 470 4167 Ἰσαὰκ,
504 4098 607 4154 καὶ
644 4100 740 4172 τὴν
785 4101 930 4167 ὄνον,
962 4100 1059 4155 καὶ
1088 4101 1215 4164 τοὺς
1253 4099 1346 4155 δύο
1382 4099 1602 4163 παῖδας,
1636 4099 1841 4175 ἀπῄει·

259 4185 371 4245 εἶτα
398 4190 722 4262 φθασάντων
744 4190 923 4246 αὐτῶν
945 4191 1001 4245 έν
1017 4210 1124 4247 τινι
1145 4193 1317 4264 τόπῳ,
1346 4191 1495 4260 λέγει
1522 4194 1637 4255 τοῖς
1651 4190 1806 4245 παισί
1826 4206 1840 4221 ·

261 4284 573 4350 Καθίσατε,
616 4284 801 4355 φησὶν,
844 4284 1014 4355 ὑμεῖς
1038 4281 1188 4340 ὧδε·
1221 4286 1337 4355 ἐγὼ
1370 4284 1438 4338 δὲ
1460 4284 1557 4338 καὶ
1603 4283 1671 4337 τὸ
1703 4298 1843 4337 παι-

257 4373 457 4444 δάριον
487 4376 923 4446 διελευσόμεθα
941 4377 1053 4444 ἕως
1077 4371 1214 4441 ὧδε,
1248 4383 1345 4431 καὶ
1366 4374 1841 4446 προσκυνήσαν-

255 4482 353 4534 τες
376 4468 564 4525 πάλιν
593 4470 1059 4541 ἀναστρέφομεν
1079 4470 1232 4539 πρὸς
1268 4466 1446 4539 ὑμᾶς·
1488 4469 1672 4523 ’Ἄκων
1706 4486 1844 4540 προ-

256 4561 556 4630 εφήτευσεν
585 4562 614 4616 6
649 4560 924 4637 Ἀϐραὰμ,
966 4562 1064 4634 τῆς
1094 4560 1246 4625 θείας
1278 4561 1501 4632 χάριτος
1529 4558 1681 4630 αὑτῷ
1713 4579 1840 4615 συν-

258 4652 539 4725 εργούσης.
581 4652 793 4725 Σφάξαι
819 4653 1025 4728 ἀνέρχῃ
1070 4653 1163 4708 τὸν
1203 4652 1317 4706 υίόν
1352 4670 1468 4719 σου,
1506 4653 1607 4706 καὶ-
1630 4651 1837 4721 λέγεις,

197 4748 206 4794 ξ
269 4740 787 4815 Ἀναστρέψομεν;
832 4745 922 4810 Ὦς
971 4744 1126 4816 ζητεῖ
1179 4744 1387 4815 κρύψαι
1438 4745 1567 4809 τοὺς
1618 4745 1836 4809 παῖδας,

257 4836 539 4906 προφήτης
570 4836 918 4891 καθίσταται.
959 4836 1068 4891 Καὶ
1096 4836 1260 4908 ἔθηκε
1309 4836 1380 4890 τά
1406 4835 1539 4901 ξύλα
1577 4838 1669 4891 ἐπὶ
1712 4839 1839 4901 τοὺς

255 4921 436 4992 ὤμους
482 4925 577 4980 τοῦ
623 4927 833 4992 Ἰσαὰκ,
885 4926 980 4981 καὶ
1013 4925 1195 4983 λαϐὼν
1249 4925 1361 4999 πῦρ
1410 4928 1504 4981 καὶ
1561 4928 1838 5001 μάχαιραν

256 5014 421 5087 ἀνέϐη
454 5016 548 5070 ἐπὶ
583 5018 647 5070 τὸ
673 5017 817 5091 ὅρος.
855 5019 966 5072 Καὶ
996 5017 1052 5071 τί
1096 5036 1262 5088 φησιν
1283 5020 1311 5071 6
1350 5019 1536 5072 ἰσαάκ
1570 5019 1706 5092 πρὸς
1745 5020 1837 5073 τὸν

258 5105 468 5177 πατέρα
486 5124 501 5173 ;
520 5108 728 5178 Πάτερ.
755 5109 817 5163 Ὀ
842 5109 931 5173 δὲ,
955 5110 1013 5163 τι
1032 5110 1183 5175 ἐστι,
1209 5108 1425 5164 τέκνον
1440 5125 1460 5174 ;
1481 5109 1592 5165 Καί
1608 5125 1800 5178 φησιν
1820 5125 1834 5139 °

259 5194 384 5251 ἰδοὺ
414 5198 484 5253 τὸ
506 5200 625 5269 πῦρ
643 5200 743 5257 καί
769 5200 840 5255 τὰ
858 5200 1037 5265 ξύλα·
1064 5202 1181 5255 ποῦ
1210 5202 1343 5258 ἐστι
1364 5201 1429 5255 τὸ
1446 5203 1749 5271 πρόϐατον
1765 5204 1836 5258 τὸ

254 5285 340 5347 είς
367 5285 823 5355 ὁλοκάρπωσιν;
861 5290 918 5342 ’0
948 5289 1006 5347 δὲ
1037 5290 1172 5360 πρὸς
1202 5290 1396 5343 αὐτόν·
1438 5292 1466 5344 6
1488 5292 1620 5355 Θεὸς
1644 5291 1834 5362 ὅψεται

255 5374 430 5447 ἐαυτῷ
456 5380 726 5449 πρόϐατον
757 5383 837 5445 εἰς
882 5381 1281 5453 ὁλοκάρπωσιν,
1314 5382 1525 5443 τέκνον.
1576 5383 1706 5437 Ἰδοὺ
1739 5383 1834 5437 καὶ

255 5463 484 5537 δευτέρα
510 5471 819 5544 προφητεία
840 5490 853 5501 ·
889 5473 950 5533 ού
984 5473 1167 5541 στέγω
1192 5473 1315 5529 οὔτε
1348 5474 1417 5527 τὰ
1448 5475 1672 5544 ῥήματα
1699 5491 1836 5545 παρ-

254 5558 455 5626 ελθεῖν,
484 5562 610 5619 οὔτε
645 5567 1027 5639 παραδραμεῖν
1060 5568 1131 5621 τά
1154 5569 1517 5640 γεγενημένα.
1549 5569 1834 5640 Ἐννόησον

252 5649 493 5720 ὀνόματα
537 5658 799 5727 μέλλοντα
832 5660 1174 5731 πραγμάτων
1226 5660 1590 5731 ἐρημοῦσθαι.
1642 5662 1833 5727 υῦτως

255 5740 456 5807 ἐκεῖνος
492 5746 585 5801 τὸν
613 5750 825 5823 πατέρα
857 5752 1030 5817 καλεῖ,
1067 5754 1318 5817 κάκεῖνος
1354 5753 1521 5808 πάλιν
1561 5754 1656 5807 τὸν
1689 5756 1828 5822 υἱὸν,

258 5832 350 5883 καὶ
382 5835 513 5906 πρὸς
556 5838 701 5918 ᾣραν
747 5843 844 5912 μὲν
873 5838 940 5915 ἦν
974 5844 1040 5897 τά
1082 5845 1339 5916 ὀνόματα,
1369 5843 1598 5916 ἤμελλον
1639 5844 1694 5898 δὲ
1725 5863 1823 5915 γυ-

1554 386 1644 441 DE
1684 387 1912 443 ΒΕΑΤο
1949 387 2306 444 ABRAHAM.

3450 390 3554 446 ’ἶίο

1983 501 2263 573 μνοῦσθαι.
2330 499 2609 571 Ἐννόησον
2662 499 2791 570 γὰρ,
2841 499 2891 553 τί
2934 499 3169 571 ἔπασχεν
3216 503 3244 554 6
3304 500 3556 573 Ἀϐραὰμ

1975 592 2309 664 καλούμενος
2364 592 2471 645 ὑπὸ
2512 590 2604 645 τοῦ
2659 591 2866 656 Ἰσαὰκ,
2920 591 2979 647 ὃν
3022 591 3223 662 ἤμελλε
3272 592 3552 661 σφάττειν,

1973 684 2169 756 πάτερ.
2211 684 2339 747 Πῶς
2376 684 2437 737 ού
2469 682 2728 753 διεθρύϐη
2762 683 2833 739 τὰ
2880 684 3119 752 γόνατα;
3149 682 3264 747 πῶς
3293 684 3353 737 ού
3398 682 3553 756 [744]

1975 773 2312 845 ωνεκλάσθη
2344 773 2414 827 τὰ
2451 775 2622 846 μέλη;
2662 776 2781 839 πῶς
2808 774 2907 847 τὴν
2951 775 3191 831 διάνοιαν
3232 778 3335 831 οὐκ
3385 776 3556 833 ἔπαθε

1970 866 2143 921 ταῦτα
2166 866 2406 931 ἀκούσας
2445 870 2599 939 παρὰ
2641 868 2736 922 τοῦ
2781 868 2900 922 υἱοῦ
2940 869 3156 936 Ἰσαάκ,
3209 870 3402 940 Ὅμως
3452 873 3547 925 άν-

1970 962 2193 1031 ήνεγκε,
2226 962 2321 1014 καὶ
2364 961 2679 1015 συνεπόδισε
2722 961 2813 1016 τὸν
2866 962 3194 1026 Ἰσαάκ,καὶ
3241 962 3402 1017 ἔλαϐε
3451 966 3553 1037 τὴν

1972 1053 2249 1126 μάχαιραν
2287 1055 2352 1124 τῇ
2382 1052 2532 1125 δεξιᾷ
2560 1053 2726 1124 χειρὶ,
2759 1052 2847 1107 ἴνα
2886 1053 3063 1127 σφάξῃ
3095 1054 3186 1108 τὸν
3219 1055 3334 1109 υἱὸν
3363 1056 3549 1112 αὑτοῦ.

2041 1147 2105 1198 Ὢ
2135 1147 2236 1218 τῆς
2264 1146 2447 1211 δεξιᾶς
2481 1148 2698 1219 ἐκείνης
2738 1148 2837 1219 τῆς
2884 1148 3027 1203 κατά
3058 1147 3155 1203 τοῦ
3183 1148 3301 1205 υἱοῦ
3339 1148 3555 1214 ὁπλιζο-

1971 1237 2162 1309 μένης·
2192 1239 2293 1291 οὐκ
2317 1238 2425 1310 ἔχω
2446 1238 2564 1303 πῶς
2586 1241 2923 1314 παραστήσω
2954 1241 3035 1313 τῷ
3057 1242 3202 1313 λόγῳ
3230 1242 3298 1297 τὰ
3328 1260 3554 1315 γεγενη-

1971 1328 2130 1399 μένα.
2157 1328 2284 1392 Πῶς
2318 1329 2418 1381 οὐκ
2458 1328 2760 1400 ἐνάρκησεν
2784 1333 2815 1402 ἡ
2849 1331 2970 1402 χείρ
2996 1347 3010 1397 ;
3037 1331 3154 1395 πῶς
3177 1332 3279 1386 οὐκ
3306 1332 3467 1387 ἔπεσε
3495 1334 3553 1387 τὸ

1969 1419 2116 1489 ξίφος
2138 1420 2245 1473 ἀπὸ
2264 1421 2362 1493 τῆς
2383 1421 2594 1493 χειρός;
2621 1423 2739 1486 πῶς
2755 1424 2815 1476 οὐ
2834 1424 3052 1495 διελύθη
3068 1426 3208 1491 ὅλος,
3231 1428 3326 1481 καὶ
3340 1427 3554 1500 διεθρύ-

1965 1513 2069 1583 ϐη;
2102 1512 2220 1576 πῶς
2237 1506 2303 1567 ’δὲ
2338 1515 2540 1587 ήρκεσε
2574 1516 2765 1588 στῆναι
2793 1518 2887 1571 καὶ
2915 1517 3041 1572 ἱδεῖν
3065 1520 3157 1575 τὸν
3198 1520 3385 1574 Ἰσαὰκ
3405 1519 3553 1573 δεδε-

1969 1604 2158 1675 μένον;
2193 1604 2311 1669 πῶς
2339 1605 2395 1659 δὲ
2433 1607 2534 1661 ούκ
2560 1606 2744 1678 ἔμεινε
2782 1608 2979 1680 νεκρὸς
3012 1610 3199 1679 ἄφνω;
3242 1610 3360 1674 πῶς
3398 1611 3453 1664 δὲ
3489 1612 3554 1660 τά

1966 1695 2132 1767 νεῦρα
2167 1697 2315 1768 αύτῷ
2350 1698 2738 1771 ύπηρέτησαν;
2774 1699 2893 1765 πῶς
2918 1701 2975 1755 δὲ
3002 1702 3035 1772 ή
3064 1701 3258 1773 γνώμη
3289 1703 3552 1773 ἤρκεσεν,

1964 1788 2079 1840 Οὐκ
2112 1786 2238 1859 έχω,
2277 1789 2394 1853 πῶς
2424 1793 2764 1863 παραστήσω
2796 1791 2873 1863 τῷ
2906 1792 3047 1865 λόγῳ
3079 1794 3141 1847 τὸ
3167 1795 3551 1866 γεγενημένον.

1966 1881 2121 1934 Ὅσοι
2156 1882 2448 1954 πατέρεςή
2484 1884 2740 1956 μητέρες,
2773 1884 3075 1950 συνέλθετε,
3116 1888 3275 1957 χεῖρα
3299 1886 3553 1957 ὀρέξατε.

1965 1972 2267 2045 βοηθήσατε
2295 1975 2373 2046 τῷ
2411 1974 2576 2047 λόγῳ·
2610 1978 2786 2032 ἀτονῶ
2808 1978 2915 2052 γάρ
2948 1980 3087 2051 πρὸς
3118 1984 3190 2034 τὰ
3218 1982 3520 2053 πράγματα
3543 1999 3554 2013 ·

1965 2065 2262 2135 σύγγνωτε,
2295 2066 2410 2120 ἀλλ’
2443 2069 2601 2139 ὑμεῖς
2638 2072 3060 2143 συμμαχήσατε.
3092 2073 3363 2137 Πολλάκις
3393 2074 3551 2127 πέντε

1962 2156 1994 2228 ἦ
2023 2158 2115 2212 καὶ
2138 2159 2195 2226 ἒξ
2222 2162 2373 2227 υἱοὺς
2414 2162 2524 2233 ἔχει
2565 2181 2647 2228 τις
2682 2164 2775 2218 καὶ
2813 2164 3150 2238 θυγατέρας·
3180 2167 3277 2221 καὶ
3306 2167 3445 2220 ἐπὰν
3475 2163 3556 2233 εἷς

1960 2247 2021 2313 ἐξ
2041 2249 2222 2305 αὐτῶν
2254 2254 2608 2328 ἀρρωστήσῃ,
2646 2256 2995 2329 περιέρχεται
3026 2259 3154 2331 ὅλην
3182 2260 3282 2331 τὴν
3305 2260 3492 2326 κλίνην
3526 2263 3555 2316 6

1961 2342 2163 2414 πατὴρ,
2197 2344 2365 2413 φιλῶν
2385 2347 2478 2400 τοῦ
2504 2347 2694 2413 παιδὸς
2723 2350 2852 2413 τοὺς
2884 2350 3218 2422 ὀφθαλμοὺς,
3242 2354 3342 2416 τὰς
3366 2355 3555 2423 χεῖρας

1960 2437 2491 2507 περιπτυσσόμενος,
2527 2439 2627 2512 τήν
2677 2440 2895 2511 ἡμέραν
2950 2441 3122 2497 νύκτα
3164 2442 3546 2514 λογιζόμενος.

1959 2525 2052 2577 καὶ
2102 2525 2162 2578 τὸ
2215 2526 2333 2597 φῶς
2382 2530 2603 2597 σκότος,
2652 2532 2713 2583 ού
2753 2531 2821 2588 τά
2865 2536 3105 2604 στοιχεῖα
3159 2536 3548 2607 μεταϐάλλων,

1957 2615 2093 2670 ἀλλὰ
2119 2621 2184 2689 τῇ
2226 2620 2389 2692 ἀηδίᾳ
2416 2622 2516 2693 τῆς
2548 2622 2729 2695 λύπης
2768 2626 2869 2679 ούκ
2892 2626 3320 2698 εὐφραινόμενος
3338 2631 3424 2684 ἐπ’
3451 2632 3551 2684 αύ-

1957 2712 2086 2773 τοῖς·
2119 2710 2298 2766 κλῖναι
2332 2714 2673 2786 ἐστρωμέναι
2700 2718 2931 2783 ἀπαλαὶ,
2966 2719 3145 2790 ίατροὶ
3167 2722 3554 2792 παρακαθεζό-

1961 2819 2135 2870 μενοι,
2158 2803 2326 2875 πολλὴ
2356 2807 2388 2877 ή
2428 2806 2725 2879 δορυφορία
2742 2809 2836 2862 τοῦ
2867 2811 3306 2882 ἁνωμαλοῦντος,
3325 2818 3552 2887 τήκεται

1954 2893 2074 2957 ὅλος
2090 2893 2157 2948 δι’
2186 2896 2309 2949 ὅλου
2335 2898 2363 2950 6
2393 2900 2599 2971 πατήρ·
2631 2899 2732 2954 κάν
2756 2904 3079 2972 περιουσίαν
3102 2903 3202 2977 ἔχῃ
3226 2908 3550 2979 χρημάτων,

1955 2986 2234 3043 ἀπευκτέα
2288 2990 2437 3061 αύτῷ
2468 2992 2615 3057 ἐστι,
2675 2993 2781 3048 κᾶν
2824 2996 3025 3069 μυρίας
3084 2996 3184 3069 ἔχῃ
3227 3000 3548 3070 φροντίδας,

1954 3079 2133 3144 πάσας
2163 3080 2369 3149 διώκει,
2398 3083 2458 3136 ού
2486 3083 2783 3155 δυνάμενος
2805 3088 3107 3159 ἀνανῆψαι,
3139 3093 3205 3144 ὲκ
3239 3093 3339 3163 τῆς
3372 3092 3551 3164 λύπης

1956 3170 2191 3240 μεθύων·
2234 3174 2329 3227 καὶ
2367 3176 2396 3227 6
2424 3176 2534 3240 πᾶς
2569 3176 2717 3248 αὐτῷ
2744 3177 2950 3249 κόσμος
2975 3179 3195 3245 ἀνίατος
3222 3183 3315 3236 τοῦ
3355 3185 3547 3241 κακοῦ,

1965 3264 2196 3334 Ὁμοίως
2228 3266 2323 3318 καὶ
2352 3268 2383 3337 ἡ
2410 3267 2595 3338 μήτηρ
2611 3270 2971 3341 περιέρχεται
2992 3272 3415 3348 διακοπτομένη,
3445 3282 3548 3349 ἐμ-

1953 3354 2315 3428 πυριζομένη,
2351 3358 2445 3411 καὶ
2479 3360 2830 3431 ἀναπτομένη
2856 3362 2953 3434 ὅλη
2972 3402 2986 3424 ,
3028 3366 3269 3435 ζητοῦσα
3295 3367 3548 3441 δύναμιν,

1951 3448 2038 3500 ἵνα
2069 3449 2479 3521 συμμερίσηται
2506 3451 2598 3506 τὸν
2638 3451 2819 3506 πόνον·
2862 3456 3063 3526 μᾶλλον
3092 3458 3150 3511 δὲ
3192 3460 3280 3513 ἵνα
3310 3462 3403 3515 καὶ
3428 3463 3548 3517 ὅλον

1951 3538 2299 3610 ἀναδέξηται,
2334 3541 2419 3595 ἵνα
2447 3542 2509 3596 τὸ
2542 3544 2882 3615 κακούμενον
2906 3548 3097 3605 τέκνον
3129 3551 3416 3627 ἀπαλλαγῇ
3449 3557 3548 3628 τῆς

1951 3630 2129 3686 νόσου.
2171 3631 2339 3687 Ούδὲν
2368 3633 2506 3705 αὐτῇ
2542 3634 2571 3687 6
2598 3635 2789 3707 παρὼν
2828 3636 2973 3708 βίος,
3005 3641 3158 3696 ούδέν
3192 3644 3329 3716 αὐτῇ
3363 3646 3392 3697 6
3422 3642 3549 3711 μέλ-

1951 3722 2097 3789 λων,
2151 3724 2289 3778 ἀλλά
2339 3726 2559 3781 πάντων
2603 3729 2810 3782 τούτων
2857 3732 3187 3806 τιμιώτερον
3234 3739 3448 3808 ἡγεῖται
3489 3742 3546 3793 τὸ

1953 3817 2133 3870 πᾶσαν
2182 3816 2539 3885 ἀναδέξασθαι
2574 3820 2673 3892 τήν
2701 3822 2857 3877 νόσον
2884 3824 2979 3878 τοῦ
3024 3827 3243 3883 τέκνου.
3286 3832 3401 3885 Οὐκ
3440 3831 3546 3903 ἔχω

1951 3909 2069 3974 πῶς
2099 3912 2439 3983 παραστήσω
2463 3912 2528 3965 τὸ
2552 3913 2724 3979 πάθος
2752 3915 2932 3971 τοῦτο.
2989 3920 3274 3992 Ἐννόησον
3309 3926 3404 3979 καὶ
3458 3927 3547 3981 τὸν

1963 4002 2216 4074 Ἀϐραὰμ
2249 4004 2316 4057 τὰ
2349 4004 2492 4059 αύτά
2522 4007 2803 4078 πάσχοντα
2845 4011 2976 4080 μὲν,
3025 4013 3418 4084 φιλοσοφοῦντα
3447 4020 3503 4072 δὲ
3531 4064 3544 4081 ,

1949 4094 2044 4147 καὶ⁸
2068 4094 2146 4165 τῷ
2185 4097 2572 4168 προστάγματι
2613 4099 2957 4171 πειθόμενον·
2987 4107 3285 4160 κατεπάτει
3314 4109 3410 4181 τὴν
3450 4113 3544 4180 φύ-

1950 4202 2054 4253 σιν,
2082 4188 2179 4241 καὶ
2208 4190 2242 4259 ή
2266 4188 2454 4261 ἐντολὴ
2478 4189 2589 4245 τῶν
2622 4191 2949 4263 σπλάγχνων
2981 4196 3193 4266 ἐγίνετο
3230 4201 3432 4270 μᾶλλον
3454 4204 3544 4255 δυ-

1947 4278 2248 4350 νατωτέρα.
2281 4280 2529 4353 Ἔπασχε
2556 4280 2656 4352 μὲν
2693 4284 2802 4356 γὰρ
2834 4286 3031 4349 ταῦτα,
3062 4290 3137 4355 ὠς
3162 4295 3448 4363 προεῖπον,
3471 4295 3544 4358 ὡς

1947 4370 2254 4445 ἄνθρωπος,
2292 4373 2600 4445 ἐφιλοσόφει
2626 4376 2682 4430 δὲ
2716 4378 2792 4443 ὡς
2833 4380 3102 4449 φιλόθεος.
3155 4385 3267 4437 Καὶ
3311 4381 3378 4457 ἦν
3417 4388 3544 4441 ἰδεῖν

1946 4462 2038 4515 τὸν
2077 4463 2263 4516 Ἰσαάκ
2290 4464 2545 4538 μάρτυρα
2571 4466 2749 4532 ζῶντα
2774 4469 2869 4523 καὶ
2891 4471 2951 4523 οὐ
2979 4470 3178 4539 ζῶντα,
3204 4473 3544 4528 ἀποθανόντα

1947 4555 2043 4608 καὶ
2073 4556 2173 4607 ούκ
2201 4555 2562 4611 ἀποθανόντα.
2599 4560 2760 4614 Ὅσον
2796 4562 2895 4632 μὲν
2924 4563 3033 4633 γὰρ
3063 4566 3129 4634 τῇ
3164 4565 3423 4634 προθέσει
3448 4567 3543 4621 τοῦ

1949 4644 2178 4715 πατρὸς,
2208 4645 2498 4701 ἀπέθανεν·
2522 4649 2646 4705 ὅσον
2675 4650 2731 4704 δὲ
2755 4654 2821 4722 τῇ
2847 4652 2941 4706 τοῦ
2971 4652 3108 4705 Θεοῦ
3135 4653 3539 4729 φιλανθρωπία,

1946 4737 2046 4790 οὐκ
2074 4738 2340 4793 ἀπέθανε·
2367 4739 2537 4805 τύπος
2564 4741 2674 4814 γὰρ
2702 4739 2770 4814 ἧν
2798 4745 2893 4797 τοῦ
2929 4746 3202 4799 Δεσπότου
3233 4748 3327 4801 καὶ
3352 4749 3536 4804 είκών·

1945 4829 2315 4903 ἐχρησίμευσε
2345 4831 2401 4886 δὲ
2427 4834 2455 4886 6
2478 4831 2667 4901 τύπος,
2698 4837 2791 4889 καὶ
2820 4837 3104 4908 ἐκδέχεται
3134 4840 3234 4912 τήν
3258 4842 3537 4915 ἀλήθειαν.

1946 4918 2081 4977 Εἶτα
2114 4923 2504 4994 συμποδίζεται
2548 4928 2575 4980 6
2613 4928 2831 4994 Ἰσαὰκ,
2866 4930 2959 4983 καὶ
3008 4930 3070 4983 ού
3127 4934 3494 5002 σφαγιάζεται
3520 4953 3533 4965 ·

1942 5006 2074 5084 ἦλθε
2112 5014 2222 5087 γὰρ
2249 5014 2455 5070 ἄνωθεν
2483 5017 2636 5088 φωνὴ
2665 5016 2817 5071 ἐλέου
2860 5019 2954 5073 καὶ
2996 5021 3410 5094 φιλανθρωπίας
3446 5028 3537 5095 γέ-

1948 5123 2146 5176 μουσα,
2174 5108 2271 5161 καὶ
2301 5108 2489 5180 ἐπέχει
2539 5109 2633 5163 τὸν
2682 5112 3029 5185 πατριάρχην
3067 5113 3188 5169 ὅλον
3216 5117 3536 5190 ἐγκείμενον

1944 5194 2072 5250 ὄντα
2115 5195 2207 5250 καὶ
2263 5197 2480 5267 ἕτοιμον
2537 5199 2674 5273 πρὸς
2730 5201 2831 5272 τήν
2886 5203 3143 5276 σφαγήν,
3205 5207 3300 5260 καί
3347 5225 3531 5279 φησιν·

1958 5285 2222 5355 Ἀϐραὰμ,
2252 5287 2516 5358 Ἀϐραὰμ,
2534 5289 2620 5361 μὴ
2642 5291 2940 5363 ἐπιϐἀλῃς
2964 5295 3079 5365 τὴν
3099 5296 3268 5367 χεῖρά
3284 5315 3401 5353 σου
3432 5301 3532 5354 ἐπὶ

1943 5379 2011 5432 τὸ
2044 5379 2383 5449 παιδάριον.
2409 5382 2511 5436 Διά
2539 5384 2592 5436 τί
2620 5384 2743 5457 οὐχὶ
2780 5386 2875 5441 ἐπὶ
2910 5388 3001 5442 τὸν
3030 5390 3221 5455 παῖδα,
3247 5392 3364 5445 ἀλλ’
3400 5393 3531 5447 Ἐπὶ

1942 5471 2011 5526 τὸ
2037 5471 2354 5542 παιδάριον
2368 5490 2389 5541 ;
2418 5475 2507 5531 διά
2529 5477 2582 5530 τί
2607 5478 2911 5549 εὐτελίζει;
2950 5481 3274 5554 Ἀνθρωπος
3303 5484 3412 5557 γὰρ
3438 5481 3527 5557 ἦν·

1943 5566 2075 5619 Υῖοῦ
2099 5566 2154 5620 δὲ
2184 5562 2252 5638 ἦν
2277 5568 2455 5639 χρεία,
2474 5570 2533 5622 οὐ
2569 5571 2881 5644 παιδαρίου·
2907 5575 2970 5629 οὐ
2999 5574 3210 5643 δούλου,
3246 5577 3363 5632 ἀλλ’
3396 5578 3526 5633 Υἱοῦ

1940 5657 2194 5728 ἀληθινοῦ
2214 5656 2366 5729 [745]
2393 5658 2740 5729 μονογενοῦς,
2765 5663 2917 5735 παρὰ
2942 5664 3153 5737 Πατρὸς
3172 5667 3528 5738 ἀπεσταλμέ-

1942 5768 2034 5805 νου
2062 5751 2202 5823 πρὸς
2234 5754 2403 5824 ἡμᾶς.
2432 5753 2530 5821 Μὴ
2547 5754 2837 5827 ἐπιϐάλῃς
2873 5759 2989 5827 τὴν
3005 5756 3175 5830 χεῖρά
3200 5774 3314 5814 σου
3340 5760 3437 5814 ἐπὶ
3456 5761 3524 5814 τό

1947 5841 2282 5912 παιδάριον.
2326 5845 2633 5918 Ἠρκέσθης
2671 5847 2749 5919 τῷ
2778 5848 2952 5922 τύπῳ,
3008 5851 3226 5924 ἐκδέχου
3265 5851 3365 5923 τὴν
3391 5850 3524 5922 ἀλήρ
