  <div class='ocr_page' id='page_1' title='image "/cluster/home/n/w/nwhite01/storage/ocr_20150623/50:no.2:pt.2/coo.31924054869494/338.png"; bbox 0 0 4088 6436; ppageno 0'>
   <div class='ocr_carea' id='block_1_1' title="bbox 304 348 403 403">
    <p class='ocr_par' dir='ltr' id='par_1_1' title="bbox 304 348 403 403">
     <span class='ocr_line' id='line_1_1' title="bbox 304 348 403 403; baseline 0.03 -3"><span class='ocrx_word' id='word_1_1' title='bbox 304 348 403 403; x_wconf 77' lang='grc' dir='ltr'><strong>ἨΙ</strong></span> 
     </span>
    </p>
   </div>
   <div class='ocr_carea' id='block_1_2' title="bbox 311 454 1902 530">
    <p class='ocr_par' dir='ltr' id='par_1_2' title="bbox 311 454 1902 530">
     <span class='ocr_line' id='line_1_2' title="bbox 311 454 1902 530; baseline -0.003 -19"><span class='ocrx_word' id='word_1_2' title='bbox 311 459 596 530; x_wconf 79' lang='lat' dir='ltr'><strong>prophetat</strong></span> <span class='ocrx_word' id='word_1_3' title='bbox 631 470 815 515; x_wconf 86' lang='lat' dir='ltr'><strong>servos</strong></span> <span class='ocrx_word' id='word_1_4' title='bbox 844 470 971 516; x_wconf 91' lang='lat' dir='ltr'><strong>suos</strong></span> <span class='ocrx_word' id='word_1_5' title='bbox 995 456 1307 528; x_wconf 88' lang='lat' dir='ltr'><strong>decipiens:</strong></span> <span class='ocrx_word' id='word_1_6' title='bbox 1333 454 1477 510; x_wconf 80' lang='lat' dir='ltr'><strong>videt</strong></span> <span class='ocrx_word' id='word_1_7' title='bbox 1498 464 1677 510; x_wconf 89' lang='lat' dir='ltr'><strong>autem</strong></span> <span class='ocrx_word' id='word_1_8' title='bbox 1700 454 1902 510; x_wconf 88' lang='lat' dir='ltr'><strong>verita-</strong></span> 
     </span>
    </p>
   </div>
   <div class='ocr_carea' id='block_1_3' title="bbox 307 544 1902 616">
    <p class='ocr_par' dir='ltr' id='par_1_3' title="bbox 307 544 1902 616">
     <span class='ocr_line' id='line_1_3' title="bbox 307 544 1902 616; baseline -0.003 -12"><span class='ocrx_word' id='word_1_9' title='bbox 307 559 413 605; x_wconf 89' lang='lat' dir='ltr'><strong>tem</strong></span> <span class='ocrx_word' id='word_1_10' title='bbox 463 548 755 604; x_wconf 87' lang='lat' dir='ltr'><strong>secundum</strong></span> <span class='ocrx_word' id='word_1_11' title='bbox 794 548 938 605; x_wconf 87' lang='lat' dir='ltr'><strong>dicta</strong></span> <span class='ocrx_word' id='word_1_12' title='bbox 992 562 1087 604; x_wconf 90' lang='lat' dir='ltr'><strong>sua</strong></span> <span class='ocrx_word' id='word_1_13' title='bbox 1136 545 1387 616; x_wconf 89' lang='lat' dir='ltr'><strong>impleri:</strong></span> <span class='ocrx_word' id='word_1_14' title='bbox 1417 545 1542 615; x_wconf 87' lang='lat' dir='ltr'><strong>quid</strong></span> <span class='ocrx_word' id='word_1_15' title='bbox 1591 545 1732 599; x_wconf 90' lang='lat' dir='ltr'><strong>enim</strong></span> <span class='ocrx_word' id='word_1_16' title='bbox 1781 544 1902 599; x_wconf 84' lang='lat' dir='ltr'><strong>ait?</strong></span> 
     </span>
    </p>
   </div>
   <div class='ocr_carea' id='block_1_4' title="bbox 306 637 1900 710">
    <p class='ocr_par' dir='ltr' id='par_1_4' title="bbox 306 637 1900 710">
     <span class='ocr_line' id='line_1_4' title="bbox 306 637 1900 710; baseline -0.003 -16"><span class='ocrx_word' id='word_1_17' title='bbox 306 640 492 694; x_wconf 71' lang='lat' dir='ltr'><strong>Sedete</strong></span> <span class='ocrx_word' id='word_1_18' title='bbox 518 639 602 693; x_wconf 84' lang='lat' dir='ltr'><strong>ltic</strong></span> <span class='ocrx_word' id='word_1_19' title='bbox 628 656 744 693; x_wconf 85' lang='lat' dir='ltr'><strong>cum</strong></span> <span class='ocrx_word' id='word_1_20' title='bbox 772 640 953 705; x_wconf 79' lang='lat' dir='ltr'><strong>asina;</strong></span> <span class='ocrx_word' id='word_1_21' title='bbox 981 654 1072 710; x_wconf 86' lang='lat' dir='ltr'><strong>ego</strong></span> <span class='ocrx_word' id='word_1_22' title='bbox 1100 645 1269 693; x_wconf 89' lang='lat' dir='ltr'><strong>autem</strong></span> <span class='ocrx_word' id='word_1_23' title='bbox 1297 644 1344 691; x_wconf 82' lang='lat' dir='ltr'><strong>et</strong></span> <span class='ocrx_word' id='word_1_24' title='bbox 1373 637 1613 707; x_wconf 76' lang='lat' dir='ltr'><strong>puerulus</strong></span> <span class='ocrx_word' id='word_1_25' title='bbox 1641 643 1900 708; x_wconf 80' lang='lat' dir='ltr'><strong>pertrans-</strong></span> 
     </span>
    </p>
   </div>
   <div class='ocr_carea' id='block_1_5' title="bbox 304 726 1900 799">
    <p class='ocr_par' dir='ltr' id='par_1_5' title="bbox 304 726 1900 799">
     <span class='ocr_line' id='line_1_5' title="bbox 304 726 1900 799; baseline -0.001 -18"><span class='ocrx_word' id='word_1_26' title='bbox 304 728 490 782; x_wconf 81' lang='lat' dir='ltr'><strong>ibimus</strong></span> <span class='ocrx_word' id='word_1_27' title='bbox 533 744 690 799; x_wconf 77' lang='lat' dir='ltr'><strong>usque</strong></span> <span class='ocrx_word' id='word_1_28' title='bbox 715 728 858 794; x_wconf 81' lang='lat' dir='ltr'><strong>illuc,</strong></span> <span class='ocrx_word' id='word_1_29' title='bbox 887 736 937 783; x_wconf 84' lang='lat' dir='ltr'><strong>et</strong></span> <span class='ocrx_word' id='word_1_30' title='bbox 964 737 1231 797; x_wconf 75' lang='lat' dir='ltr'><strong>postqum</strong></span> <span class='ocrx_word' id='word_1_31' title='bbox 1254 726 1630 781; x_wconf 84' lang='lat' dir='ltr'><strong>adoraverimus</strong></span> <span class='ocrx_word' id='word_1_32' title='bbox 1648 768 1662 794; x_wconf 91' lang='lat'><strong>,</strong></span> <span class='ocrx_word' id='word_1_33' title='bbox 1685 733 1900 780; x_wconf 81' lang='lat' dir='ltr'><strong>reverte-</strong></span> 
     </span>
    </p>
   </div>
   <div class='ocr_carea' id='block_1_6' title="bbox 304 817 1904 888">
    <p class='ocr_par' dir='ltr' id='par_1_6' title="bbox 304 817 1904 888">
     <span class='ocr_line' id='line_1_6' title="bbox 304 817 1904 888; baseline 0.001 -16"><span class='ocrx_word' id='word_1_34' title='bbox 304 836 419 873; x_wconf 79' lang='lat' dir='ltr'><strong>mur</strong></span> <span class='ocrx_word' id='word_1_35' title='bbox 433 820 503 874; x_wconf 86' lang='lat' dir='ltr'><strong>ad</strong></span> <span class='ocrx_word' id='word_1_36' title='bbox 522 835 626 875; x_wconf 74' lang='lat' dir='ltr'><strong>eos.</strong></span> <span class='ocrx_word' id='word_1_37' title='bbox 651 820 791 875; x_wconf 83' lang='lat' dir='ltr'><strong>Dixit</strong></span> <span class='ocrx_word' id='word_1_38' title='bbox 811 835 915 874; x_wconf 86' lang='lat' dir='ltr'><strong>non</strong></span> <span class='ocrx_word' id='word_1_39' title='bbox 938 820 1007 874; x_wconf 90' lang='lat' dir='ltr'><strong>ita</strong></span> <span class='ocrx_word' id='word_1_40' title='bbox 1023 819 1283 887; x_wconf 73' lang='lat' dir='ltr'><strong>sentiens,</strong></span> <span class='ocrx_word' id='word_1_41' title='bbox 1306 833 1488 874; x_wconf 91' lang='lat' dir='ltr'><strong>verum</strong></span> <span class='ocrx_word' id='word_1_42' title='bbox 1510 817 1703 873; x_wconf 89' lang='lat' dir='ltr'><strong>accidit</strong></span> <span class='ocrx_word' id='word_1_43' title='bbox 1728 817 1904 888; x_wconf 83' lang='lat' dir='ltr'><strong>potius</strong></span> 
     </span>
    </p>
   </div>
   <div class='ocr_carea' id='block_1_7' title="bbox 306 909 1901 984">
    <p class='ocr_par' dir='ltr' id='par_1_7' title="bbox 306 909 1901 984">
     <span class='ocr_line' id='line_1_7' title="bbox 306 909 1901 984; baseline -0.002 -18"><span class='ocrx_word' id='word_1_44' title='bbox 306 920 367 966; x_wconf 92' lang='lat' dir='ltr'><strong>ut</strong></span> <span class='ocrx_word' id='word_1_45' title='bbox 395 911 628 981; x_wconf 89' lang='lat' dir='ltr'><strong>dicebat,</strong></span> <span class='ocrx_word' id='word_1_46' title='bbox 678 928 837 984; x_wconf 88' lang='lat' dir='ltr'><strong>quam</strong></span> <span class='ocrx_word' id='word_1_47' title='bbox 884 921 943 966; x_wconf 91' lang='lat' dir='ltr'><strong>ut</strong></span> <span class='ocrx_word' id='word_1_48' title='bbox 980 911 1263 968; x_wconf 82' lang='lat' dir='ltr'><strong>sentiebat.</strong></span> <span class='ocrx_word' id='word_1_49' title='bbox 1293 911 1499 968; x_wconf 86' lang='lat' dir='ltr'><strong>Pueros</strong></span> <span class='ocrx_word' id='word_1_50' title='bbox 1522 919 1702 966; x_wconf 78' lang='lat' dir='ltr'><strong>autem</strong></span> <span class='ocrx_word' id='word_1_51' title='bbox 1731 909 1901 966; x_wconf 77' lang='lat' dir='ltr'><strong>relin-</strong></span> 
     </span>
    </p>
   </div>
   <div class='ocr_carea' id='block_1_8' title="bbox 303 1001 1902 1072">
    <p class='ocr_par' dir='ltr' id='par_1_8' title="bbox 303 1001 1902 1072">
     <span class='ocr_line' id='line_1_8' title="bbox 303 1001 1902 1072; baseline -0.001 -16"><span class='ocrx_word' id='word_1_52' title='bbox 303 1004 441 1072; x_wconf 90' lang='lat' dir='ltr'><strong>quit,</strong></span> <span class='ocrx_word' id='word_1_53' title='bbox 496 1019 565 1059; x_wconf 92' lang='lat' dir='ltr'><strong>ne</strong></span> <span class='ocrx_word' id='word_1_54' title='bbox 611 1005 691 1059; x_wconf 86' lang='lat' dir='ltr'><strong>vis</strong></span> <span class='ocrx_word' id='word_1_55' title='bbox 742 1003 816 1059; x_wconf 84' lang='lat' dir='ltr'><strong>illi</strong></span> <span class='ocrx_word' id='word_1_56' title='bbox 871 1003 1158 1067; x_wconf 82' lang='lat' dir='ltr'><strong>inferatur,</strong></span> <span class='ocrx_word' id='word_1_57' title='bbox 1201 1011 1391 1058; x_wconf 84' lang='lat' dir='ltr'><strong>contra</strong></span> <span class='ocrx_word' id='word_1_58' title='bbox 1438 1001 1533 1057; x_wconf 86' lang='lat' dir='ltr'><strong>Dei</strong></span> <span class='ocrx_word' id='word_1_59' title='bbox 1582 1001 1902 1056; x_wconf 87' lang='lat' dir='ltr'><strong>sententiam</strong></span> 
     </span>
    </p>
   </div>
   <div class='ocr_carea' id='block_1_9' title="bbox 307 1091 1904 1164">
    <p class='ocr_par' dir='ltr' id='par_1_9' title="bbox 307 1091 1904 1164">
     <span class='ocr_line' id='line_1_9' title="bbox 307 1091 1904 1164; baseline 0 -17"><span class='ocrx_word' id='word_1_60' title='bbox 307 1107 582 1163; x_wconf 79' lang='lat' dir='ltr'><strong>pugnans,</strong></span> <span class='ocrx_word' id='word_1_61' title='bbox 627 1109 695 1148; x_wconf 91' lang='lat' dir='ltr'><strong>ue</strong></span> <span class='ocrx_word' id='word_1_62' title='bbox 739 1100 986 1164; x_wconf 77' lang='lat' dir='ltr'><strong>putanteS</strong></span> <span class='ocrx_word' id='word_1_63' title='bbox 1031 1093 1195 1161; x_wconf 84' lang='lat' dir='ltr'><strong>servi,</strong></span> <span class='ocrx_word' id='word_1_64' title='bbox 1239 1092 1395 1148; x_wconf 85' lang='lat' dir='ltr'><strong>senili</strong></span> <span class='ocrx_word' id='word_1_65' title='bbox 1423 1091 1673 1162; x_wconf 88' lang='lat' dir='ltr'><strong>quopiam</strong></span> <span class='ocrx_word' id='word_1_66' title='bbox 1715 1091 1904 1147; x_wconf 90' lang='lat' dir='ltr'><strong>morbo</strong></span> 
     </span>
    </p>
   </div>
   <div class='ocr_carea' id='block_1_10' title="bbox 305 1185 1905 1257">
    <p class='ocr_par' dir='ltr' id='par_1_10' title="bbox 305 1185 1905 1257">
     <span class='ocr_line' id='line_1_10' title="bbox 305 1185 1905 1257; baseline 0.001 -17"><span class='ocrx_word' id='word_1_67' title='bbox 305 1186 554 1243; x_wconf 74' lang='lat' dir='ltr'><strong>allectum</strong></span> <span class='ocrx_word' id='word_1_68' title='bbox 593 1201 801 1253; x_wconf 80' lang='lat' dir='ltr'><strong>semen,</strong></span> <span class='ocrx_word' id='word_1_69' title='bbox 848 1187 964 1257; x_wconf 88' lang='lat' dir='ltr'><strong>ejus</strong></span> <span class='ocrx_word' id='word_1_70' title='bbox 1011 1186 1080 1242; x_wconf 90' lang='lat' dir='ltr'><strong>ad</strong></span> <span class='ocrx_word' id='word_1_71' title='bbox 1117 1186 1319 1243; x_wconf 63' lang='lat' dir='ltr'><strong>easdem</strong></span> <span class='ocrx_word' id='word_1_72' title='bbox 1363 1187 1615 1256; x_wconf 88' lang='lat' dir='ltr'><strong>impetum</strong></span> <span class='ocrx_word' id='word_1_73' title='bbox 1650 1185 1905 1256; x_wconf 75' lang='lat' dir='ltr'><strong>prohibe~</strong></span> 
     </span>
    </p>
   </div>
   <div class='ocr_carea' id='block_1_11' title="bbox 306 1276 1903 1349">
    <p class='ocr_par' dir='ltr' id='par_1_11' title="bbox 306 1276 1903 1349">
     <span class='ocr_line' id='line_1_11' title="bbox 306 1276 1903 1349; baseline 0 -17"><span class='ocrx_word' id='word_1_74' title='bbox 306 1285 450 1343; x_wconf 85' lang='lat' dir='ltr'><strong>rent,</strong></span> <span class='ocrx_word' id='word_1_75' title='bbox 482 1276 851 1349; x_wconf 87' lang='lat' dir='ltr'><strong>dicerentque,</strong></span> <span class='ocrx_word' id='word_1_76' title='bbox 872 1276 1010 1345; x_wconf 87' lang='lat' dir='ltr'><strong>Quid</strong></span> <span class='ocrx_word' id='word_1_77' title='bbox 1036 1278 1172 1349; x_wconf 91' lang='lat' dir='ltr'><strong>agis,</strong></span> <span class='ocrx_word' id='word_1_78' title='bbox 1200 1277 1456 1334; x_wconf 87' lang='lat' dir='ltr'><strong>domine?</strong></span> <span class='ocrx_word' id='word_1_79' title='bbox 1483 1277 1649 1332; x_wconf 88' lang='lat' dir='ltr'><strong>ﬁlium</strong></span> <span class='ocrx_word' id='word_1_80' title='bbox 1680 1292 1745 1333; x_wconf 92' lang='lat' dir='ltr'><strong>ex</strong></span> <span class='ocrx_word' id='word_1_81' title='bbox 1772 1291 1903 1348; x_wconf 51' lang='lat' dir='ltr'><strong>pro.</strong></span> 
     </span>
    </p>
   </div>
   <div class='ocr_carea' id='block_1_12' title="bbox 303 1368 1903 1439">
    <p class='ocr_par' dir='ltr' id='par_1_12' title="bbox 303 1368 1903 1439">
     <span class='ocr_line' id='line_1_12' title="bbox 303 1368 1903 1439; baseline 0.001 -15"><span class='ocrx_word' id='word_1_82' title='bbox 303 1368 564 1424; x_wconf 88' lang='lat' dir='ltr'><strong>missione</strong></span> <span class='ocrx_word' id='word_1_83' title='bbox 602 1378 881 1439; x_wconf 90' lang='lat' dir='ltr'><strong>acceptum</strong></span> <span class='ocrx_word' id='word_1_84' title='bbox 931 1368 1214 1425; x_wconf 76' lang='lat' dir='ltr'><strong>immolas?</strong></span> <span class='ocrx_word' id='word_1_85' title='bbox 1238 1370 1491 1426; x_wconf 88' lang='lat' dir='ltr'><strong>dilectum</strong></span> <span class='ocrx_word' id='word_1_86' title='bbox 1534 1371 1705 1437; x_wconf 89' lang='lat' dir='ltr'><strong>illum,</strong></span> <span class='ocrx_word' id='word_1_87' title='bbox 1734 1384 1764 1423; x_wconf 90' lang='lat' dir='ltr'><strong>a</strong></span> <span class='ocrx_word' id='word_1_88' title='bbox 1789 1369 1903 1425; x_wconf 92' lang='lat' dir='ltr'><strong>Deo</strong></span> 
     </span>
    </p>
   </div>
   <div class='ocr_carea' id='block_1_13' title="bbox 304 1460 1906 1529">
    <p class='ocr_par' dir='ltr' id='par_1_13' title="bbox 304 1460 1906 1529">
     <span class='ocr_line' id='line_1_13' title="bbox 304 1460 1906 1529; baseline 0 -13"><span class='ocrx_word' id='word_1_89' title='bbox 304 1460 513 1525; x_wconf 83' lang='lat' dir='ltr'><strong>datum,</strong></span> <span class='ocrx_word' id='word_1_90' title='bbox 544 1461 836 1516; x_wconf 87' lang='lat' dir='ltr'><strong>senectutis</strong></span> <span class='ocrx_word' id='word_1_91' title='bbox 862 1469 965 1516; x_wconf 71' lang='lat' dir='ltr'><strong>tute</strong></span> <span class='ocrx_word' id='word_1_92' title='bbox 996 1462 1296 1529; x_wconf 89' lang='lat' dir='ltr'><strong>nutritium,</strong></span> <span class='ocrx_word' id='word_1_93' title='bbox 1325 1461 1600 1527; x_wconf 83' lang='lat' dir='ltr'><strong>heredem,</strong></span> <span class='ocrx_word' id='word_1_94' title='bbox 1625 1475 1906 1517; x_wconf 76' lang='lat' dir='ltr'><strong>successo-</strong></span> 
     </span>
    </p>
   </div>
   <div class='ocr_carea' id='block_1_14' title="bbox 302 1551 1899 1624">
    <p class='ocr_par' dir='ltr' id='par_1_14' title="bbox 302 1551 1899 1624">
     <span class='ocr_line' id='line_1_14' title="bbox 302 1551 1899 1624; baseline -0.001 -16"><span class='ocrx_word' id='word_1_95' title='bbox 302 1567 418 1608; x_wconf 87' lang='lat' dir='ltr'><strong>rem</strong></span> <span class='ocrx_word' id='word_1_96' title='bbox 463 1562 646 1617; x_wconf 86' lang='lat' dir='ltr'><strong>tuum,</strong></span> <span class='ocrx_word' id='word_1_97' title='bbox 675 1552 821 1608; x_wconf 68' lang='lat' dir='ltr'><strong>Sara:</strong></span> <span class='ocrx_word' id='word_1_98' title='bbox 863 1551 1064 1607; x_wconf 88' lang='lat' dir='ltr'><strong>ﬁlium?</strong></span> <span class='ocrx_word' id='word_1_99' title='bbox 1119 1552 1249 1624; x_wconf 82' lang='lat' dir='ltr'><strong>quid</strong></span> <span class='ocrx_word' id='word_1_100' title='bbox 1289 1553 1453 1608; x_wconf 76' lang='lat' dir='ltr'><strong>facias</strong></span> <span class='ocrx_word' id='word_1_101' title='bbox 1494 1553 1899 1610; x_wconf 79' lang='lat' dir='ltr'><strong>animadverte:</strong></span> 
     </span>
    </p>
   </div>
   <div class='ocr_carea' id='block_1_15' title="bbox 302 1646 1901 1720">
    <p class='ocr_par' dir='ltr' id='par_1_15' title="bbox 302 1646 1901 1720">
     <span class='ocr_line' id='line_1_15' title="bbox 302 1646 1901 1720; baseline 0 -19"><span class='ocrx_word' id='word_1_102' title='bbox 302 1660 418 1701; x_wconf 88' lang='lat' dir='ltr'><strong>rem</strong></span> <span class='ocrx_word' id='word_1_103' title='bbox 447 1646 784 1702; x_wconf 87' lang='lat' dir='ltr'><strong>communica</strong></span> <span class='ocrx_word' id='word_1_104' title='bbox 810 1661 931 1701; x_wconf 85' lang='lat' dir='ltr'><strong>cum</strong></span> <span class='ocrx_word' id='word_1_105' title='bbox 959 1647 1186 1718; x_wconf 77' lang='lat' dir='ltr'><strong>conjuge</strong></span> <span class='ocrx_word' id='word_1_106' title='bbox 1217 1656 1327 1715; x_wconf 89' lang='lat' dir='ltr'><strong>tua,</strong></span> <span class='ocrx_word' id='word_1_107' title='bbox 1355 1647 1626 1703; x_wconf 90' lang='lat' dir='ltr'><strong>communi</strong></span> <span class='ocrx_word' id='word_1_108' title='bbox 1655 1656 1901 1720; x_wconf 89' lang='lat' dir='ltr'><strong>parente,</strong></span> 
     </span>
    </p>
   </div>
   <div class='ocr_carea' id='block_1_16' title="bbox 305 1736 1900 1810">
    <p class='ocr_par' dir='ltr' id='par_1_16' title="bbox 305 1736 1900 1810">
     <span class='ocr_line' id='line_1_16' title="bbox 305 1736 1900 1810; baseline 0.003 -20"><span class='ocrx_word' id='word_1_109' title='bbox 305 1751 428 1807; x_wconf 69' lang='lat' dir='ltr'><strong>qua:</strong></span> <span class='ocrx_word' id='word_1_110' title='bbox 457 1745 538 1792; x_wconf 87' lang='lat' dir='ltr'><strong>tot</strong></span> <span class='ocrx_word' id='word_1_111' title='bbox 560 1737 711 1791; x_wconf 91' lang='lat' dir='ltr'><strong>illum</strong></span> <span class='ocrx_word' id='word_1_112' title='bbox 739 1736 1019 1793; x_wconf 84' lang='lat' dir='ltr'><strong>doloribus</strong></span> <span class='ocrx_word' id='word_1_113' title='bbox 1047 1739 1206 1794; x_wconf 80' lang='lat' dir='ltr'><strong>enixa</strong></span> <span class='ocrx_word' id='word_1_114' title='bbox 1231 1747 1349 1794; x_wconf 88' lang='lat' dir='ltr'><strong>est:</strong></span> <span class='ocrx_word' id='word_1_115' title='bbox 1382 1754 1483 1794; x_wconf 90' lang='lat' dir='ltr'><strong>nos</strong></span> <span class='ocrx_word' id='word_1_116' title='bbox 1512 1739 1659 1809; x_wconf 90' lang='lat' dir='ltr'><strong>prius</strong></span> <span class='ocrx_word' id='word_1_117' title='bbox 1694 1739 1900 1810; x_wconf 87' lang='lat' dir='ltr'><strong>jugula,</strong></span> 
     </span>
    </p>
   </div>
   <div class='ocr_carea' id='block_1_17' title="bbox 300 1829 1903 1903">
    <p class='ocr_par' dir='ltr' id='par_1_17' title="bbox 300 1829 1903 1903">
     <span class='ocr_line' id='line_1_17' title="bbox 300 1829 1903 1903; baseline 0.001 -19"><span class='ocrx_word' id='word_1_118' title='bbox 300 1837 356 1884; x_wconf 91' lang='lat' dir='ltr'><strong>et</strong></span> <span class='ocrx_word' id='word_1_119' title='bbox 383 1837 571 1899; x_wconf 87' lang='lat' dir='ltr'><strong>postea</strong></span> <span class='ocrx_word' id='word_1_120' title='bbox 602 1829 793 1885; x_wconf 90' lang='lat' dir='ltr'><strong>ﬁlium.</strong></span> <span class='ocrx_word' id='word_1_121' title='bbox 825 1829 1024 1886; x_wconf 80' lang='lat' dir='ltr'><strong>Verum</strong></span> <span class='ocrx_word' id='word_1_122' title='bbox 1066 1832 1282 1902; x_wconf 89' lang='lat' dir='ltr'><strong>sapiens</strong></span> <span class='ocrx_word' id='word_1_123' title='bbox 1319 1831 1407 1888; x_wconf 92' lang='lat' dir='ltr'><strong>llle</strong></span> <span class='ocrx_word' id='word_1_124' title='bbox 1434 1847 1600 1888; x_wconf 80' lang='lat' dir='ltr'><strong>senex</strong></span> <span class='ocrx_word' id='word_1_125' title='bbox 1623 1831 1769 1903; x_wconf 89' lang='lat' dir='ltr'><strong>ipsos</strong></span> <span class='ocrx_word' id='word_1_126' title='bbox 1795 1846 1903 1887; x_wconf 91' lang='lat' dir='ltr'><strong>non</strong></span> 
     </span>
    </p>
   </div>
   <div class='ocr_carea' id='block_1_18' title="bbox 300 1922 1905 1995">
    <p class='ocr_par' dir='ltr' id='par_1_18' title="bbox 300 1922 1905 1995">
     <span class='ocr_line' id='line_1_18' title="bbox 300 1922 1905 1995; baseline 0.001 -19"><span class='ocrx_word' id='word_1_127' title='bbox 300 1936 487 1977; x_wconf 83' lang='lat' dir='ltr'><strong>secum</strong></span> <span class='ocrx_word' id='word_1_128' title='bbox 533 1922 779 1990; x_wconf 86' lang='lat' dir='ltr'><strong>assumit,</strong></span> <span class='ocrx_word' id='word_1_129' title='bbox 825 1923 916 1994; x_wconf 88' lang='lat' dir='ltr'><strong>qui</strong></span> <span class='ocrx_word' id='word_1_130' title='bbox 959 1938 1018 1980; x_wconf 88' lang='lat' dir='ltr'><strong>se</strong></span> <span class='ocrx_word' id='word_1_131' title='bbox 1061 1923 1346 1980; x_wconf 92' lang='lat' dir='ltr'><strong>cohibituri</strong></span> <span class='ocrx_word' id='word_1_132' title='bbox 1388 1933 1577 1991; x_wconf 88' lang='lat' dir='ltr'><strong>erant;</strong></span> <span class='ocrx_word' id='word_1_133' title='bbox 1619 1924 1714 1980; x_wconf 89' lang='lat' dir='ltr'><strong>sed</strong></span> <span class='ocrx_word' id='word_1_134' title='bbox 1752 1923 1905 1995; x_wconf 81' lang='lat' dir='ltr'><strong>jubet</strong></span> 
     </span>
    </p>
   </div>
   <div class='ocr_carea' id='block_1_19' title="bbox 302 2013 1903 2088">
    <p class='ocr_par' dir='ltr' id='par_1_19' title="bbox 302 2013 1903 2088">
     <span class='ocr_line' id='line_1_19' title="bbox 302 2013 1903 2088; baseline 0.006 -25"><span class='ocrx_word' id='word_1_135' title='bbox 302 2013 580 2069; x_wconf 73' lang='lat' dir='ltr'><strong>victimam</strong></span> <span class='ocrx_word' id='word_1_136' title='bbox 606 2014 776 2084; x_wconf 86' lang='lat' dir='ltr'><strong>ipsam</strong></span> <span class='ocrx_word' id='word_1_137' title='bbox 801 2023 1022 2086; x_wconf 89' lang='lat' dir='ltr'><strong>portare</strong></span> <span class='ocrx_word' id='word_1_138' title='bbox 1050 2015 1189 2087; x_wconf 90' lang='lat' dir='ltr'><strong>ligna</strong></span> <span class='ocrx_word' id='word_1_139' title='bbox 1209 2057 1225 2083; x_wconf 94' lang='lat'><strong>,</strong></span> <span class='ocrx_word' id='word_1_140' title='bbox 1256 2026 1312 2072; x_wconf 91' lang='lat' dir='ltr'><strong>ut</strong></span> <span class='ocrx_word' id='word_1_141' title='bbox 1340 2017 1507 2088; x_wconf 88' lang='lat' dir='ltr'><strong>ﬁgura</strong></span> <span class='ocrx_word' id='word_1_142' title='bbox 1532 2025 1677 2074; x_wconf 84' lang='lat' dir='ltr'><strong>esset</strong></span> <span class='ocrx_word' id='word_1_143' title='bbox 1705 2016 1903 2073; x_wconf 87' lang='lat' dir='ltr'><strong>Serva-</strong></span> 
     </span>
    </p>
   </div>
   <div class='ocr_carea' id='block_1_20' title="bbox 301 2107 1908 2182">
    <p class='ocr_par' dir='ltr' id='par_1_20' title="bbox 301 2107 1908 2182">
     <span class='ocr_line' id='line_1_20' title="bbox 301 2107 1908 2182; baseline 0.004 -21"><span class='ocrx_word' id='word_1_144' title='bbox 301 2107 434 2162; x_wconf 89' lang='lat' dir='ltr'><strong>toris</strong></span> <span class='ocrx_word' id='word_1_145' title='bbox 478 2121 691 2163; x_wconf 84' lang='lat' dir='ltr'><strong>crucem</strong></span> <span class='ocrx_word' id='word_1_146' title='bbox 735 2110 1016 2179; x_wconf 80' lang='lat' dir='ltr'><strong>gestantis.</strong></span> <span class='ocrx_word' id='word_1_147' title='bbox 1060 2108 1229 2182; x_wconf 88' lang='lat' dir='ltr'><strong>Ligna</strong></span> <span class='ocrx_word' id='word_1_148' title='bbox 1273 2119 1453 2167; x_wconf 89' lang='lat' dir='ltr'><strong>autem</strong></span> <span class='ocrx_word' id='word_1_149' title='bbox 1503 2119 1718 2182; x_wconf 87' lang='lat' dir='ltr'><strong>gestans</strong></span> <span class='ocrx_word' id='word_1_150' title='bbox 1762 2110 1908 2167; x_wconf 80' lang='lat' dir='ltr'><strong>ﬁlius</strong></span> 
     </span>
    </p>
   </div>
   <div class='ocr_carea' id='block_1_21' title="bbox 300 2197 1903 2271">
    <p class='ocr_par' dir='ltr' id='par_1_21' title="bbox 300 2197 1903 2271">
     <span class='ocr_line' id='line_1_21' title="bbox 300 2197 1903 2271; baseline 0.004 -19"><span class='ocrx_word' id='word_1_151' title='bbox 300 2197 680 2269; x_wconf 89' lang='lat' dir='ltr'><strong>loquutusque,</strong></span> <span class='ocrx_word' id='word_1_152' title='bbox 713 2208 930 2271; x_wconf 88' lang='lat' dir='ltr'><strong>paterna</strong></span> <span class='ocrx_word' id='word_1_153' title='bbox 954 2201 1160 2258; x_wconf 84' lang='lat' dir='ltr'><strong>viscera</strong></span> <span class='ocrx_word' id='word_1_154' title='bbox 1189 2203 1498 2268; x_wconf 77' lang='lat' dir='ltr'><strong>commovit,</strong></span> <span class='ocrx_word' id='word_1_155' title='bbox 1527 2202 1627 2258; x_wconf 90' lang='lat' dir='ltr'><strong>sed</strong></span> <span class='ocrx_word' id='word_1_156' title='bbox 1660 2202 1903 2259; x_wconf 39' lang='lat' dir='ltr'><strong>a&#39;divino</strong></span> 
     </span>
    </p>
   </div>
   <div class='ocr_carea' id='block_1_22' title="bbox 298 2291 1902 2360">
    <p class='ocr_par' dir='ltr' id='par_1_22' title="bbox 298 2291 1902 2360">
     <span class='ocr_line' id='line_1_22' title="bbox 298 2291 1902 2360; baseline 0.005 -18"><span class='ocrx_word' id='word_1_157' title='bbox 298 2302 490 2345; x_wconf 89' lang='lat' dir='ltr'><strong>amore</strong></span> <span class='ocrx_word' id='word_1_158' title='bbox 533 2298 741 2359; x_wconf 88' lang='lat' dir='ltr'><strong>patrem</strong></span> <span class='ocrx_word' id='word_1_159' title='bbox 783 2304 891 2346; x_wconf 90' lang='lat' dir='ltr'><strong>non</strong></span> <span class='ocrx_word' id='word_1_160' title='bbox 934 2291 1154 2347; x_wconf 88' lang='lat' dir='ltr'><strong>amovit.</strong></span> <span class='ocrx_word' id='word_1_161' title='bbox 1201 2291 1340 2360; x_wconf 89' lang='lat' dir='ltr'><strong>Quid</strong></span> <span class='ocrx_word' id='word_1_162' title='bbox 1386 2292 1529 2348; x_wconf 91' lang='lat' dir='ltr'><strong>enim</strong></span> <span class='ocrx_word' id='word_1_163' title='bbox 1576 2293 1682 2348; x_wconf 73' lang='lat' dir='ltr'><strong>ait?</strong></span> <span class='ocrx_word' id='word_1_164' title='bbox 1722 2292 1902 2350; x_wconf 81' lang='lat' dir='ltr'><strong>Pater.</strong></span> 
     </span>
    </p>
   </div>
   <div class='ocr_carea' id='block_1_23' title="bbox 300 2379 1902 2452">
    <p class='ocr_par' dir='ltr' id='par_1_23' title="bbox 300 2379 1902 2452">
     <span class='ocr_line' id='line_1_23' title="bbox 300 2379 1902 2452; baseline 0.004 -18"><span class='ocrx_word' id='word_1_165' title='bbox 300 2379 424 2450; x_wconf 65' lang='lat' dir='ltr'><strong>(logi</strong></span> <span class='ocrx_word' id='word_1_166' title='bbox 436 2389 519 2435; x_wconf 89' lang='lat' dir='ltr'><strong>tes</strong></span> <span class='ocrx_word' id='word_1_167' title='bbox 543 2380 726 2449; x_wconf 85' lang='lat' dir='ltr'><strong>velim,</strong></span> <span class='ocrx_word' id='word_1_168' title='bbox 756 2395 1003 2452; x_wconf 79' lang='lat' dir='ltr'><strong>quamam</strong></span> <span class='ocrx_word' id='word_1_169' title='bbox 1045 2391 1191 2440; x_wconf 88' lang='lat' dir='ltr'><strong>esset</strong></span> <span class='ocrx_word' id='word_1_170' title='bbox 1215 2398 1317 2439; x_wconf 88' lang='lat' dir='ltr'><strong>vox</strong></span> <span class='ocrx_word' id='word_1_171' title='bbox 1344 2383 1454 2452; x_wconf 87' lang='lat' dir='ltr'><strong>illa,</strong></span> <span class='ocrx_word' id='word_1_172' title='bbox 1484 2382 1661 2439; x_wconf 84' lang='lat' dir='ltr'><strong>Pater.</strong></span> <span class='ocrx_word' id='word_1_173' title='bbox 1688 2384 1902 2441; x_wconf 84' lang='lat' dir='ltr'><strong>Etenim</strong></span> 
     </span>
    </p>
   </div>
   <div class='ocr_carea' id='block_1_24' title="bbox 297 2473 1903 2547">
    <p class='ocr_par' dir='ltr' id='par_1_24' title="bbox 297 2473 1903 2547">
     <span class='ocr_line' id='line_1_24' title="bbox 297 2473 1903 2547; baseline 0.003 -20"><span class='ocrx_word' id='word_1_174' title='bbox 297 2481 351 2527; x_wconf 88' lang='lat' dir='ltr'><strong>et</strong></span> <span class='ocrx_word' id='word_1_175' title='bbox 378 2486 487 2528; x_wconf 84' lang='lat' dir='ltr'><strong>nos</strong></span> <span class='ocrx_word' id='word_1_176' title='bbox 514 2473 729 2544; x_wconf 86' lang='lat' dir='ltr'><strong>quando</strong></span> <span class='ocrx_word' id='word_1_177' title='bbox 750 2482 984 2531; x_wconf 89' lang='lat' dir='ltr'><strong>mactare</strong></span> <span class='ocrx_word' id='word_1_178' title='bbox 1003 2476 1250 2532; x_wconf 89' lang='lat' dir='ltr'><strong>volumus</strong></span> <span class='ocrx_word' id='word_1_179' title='bbox 1288 2485 1381 2532; x_wconf 91' lang='lat' dir='ltr'><strong>aut</strong></span> <span class='ocrx_word' id='word_1_180' title='bbox 1407 2492 1623 2547; x_wconf 85' lang='lat' dir='ltr'><strong>agnum,</strong></span> <span class='ocrx_word' id='word_1_181' title='bbox 1645 2486 1737 2533; x_wconf 89' lang='lat' dir='ltr'><strong>aut</strong></span> <span class='ocrx_word' id='word_1_182' title='bbox 1760 2477 1903 2533; x_wconf 84' lang='lat' dir='ltr'><strong>aliud</strong></span> 
     </span>
    </p>
   </div>
   <div class='ocr_carea' id='block_1_25' title="bbox 295 2563 1902 2638">
    <p class='ocr_par' dir='ltr' id='par_1_25' title="bbox 295 2563 1902 2638">
     <span class='ocr_line' id='line_1_25' title="bbox 295 2563 1902 2638; baseline 0.002 -20"><span class='ocrx_word' id='word_1_183' title='bbox 295 2563 591 2634; x_wconf 79' lang='lat' dir='ltr'><strong>quodpiam</strong></span> <span class='ocrx_word' id='word_1_184' title='bbox 641 2580 705 2620; x_wconf 81' lang='lat' dir='ltr'><strong>ex</strong></span> <span class='ocrx_word' id='word_1_185' title='bbox 754 2565 1107 2632; x_wconf 87' lang='lat' dir='ltr'><strong>animalibus,</strong></span> <span class='ocrx_word' id='word_1_186' title='bbox 1158 2567 1438 2638; x_wconf 88' lang='lat' dir='ltr'><strong>ipsumque</strong></span> <span class='ocrx_word' id='word_1_187' title='bbox 1481 2567 1702 2636; x_wconf 88' lang='lat' dir='ltr'><strong>balare,</strong></span> <span class='ocrx_word' id='word_1_188' title='bbox 1751 2576 1902 2623; x_wconf 82' lang='lat' dir='ltr'><strong>tran-</strong></span> 
     </span>
    </p>
   </div>
   <div class='ocr_carea' id='block_1_26' title="bbox 294 2654 1904 2726">
    <p class='ocr_par' dir='ltr' id='par_1_26' title="bbox 294 2654 1904 2726">
     <span class='ocr_line' id='line_1_26' title="bbox 294 2654 1904 2726; baseline 0.003 -18"><span class='ocrx_word' id='word_1_189' title='bbox 294 2654 634 2726; x_wconf 83' lang='lat' dir='ltr'><strong>quillamque</strong></span> <span class='ocrx_word' id='word_1_190' title='bbox 678 2670 866 2712; x_wconf 85' lang='lat' dir='ltr'><strong>vocem</strong></span> <span class='ocrx_word' id='word_1_191' title='bbox 922 2658 1168 2713; x_wconf 88' lang='lat' dir='ltr'><strong>emittere</strong></span> <span class='ocrx_word' id='word_1_192' title='bbox 1215 2657 1490 2726; x_wconf 81' lang='lat' dir='ltr'><strong>videmus,</strong></span> <span class='ocrx_word' id='word_1_193' title='bbox 1537 2659 1904 2713; x_wconf 87' lang='lat' dir='ltr'><strong>misericordia</strong></span> 
     </span>
    </p>
   </div>
   <div class='ocr_carea' id='block_1_27' title="bbox 301 2746 1901 2820">
    <p class='ocr_par' dir='ltr' id='par_1_27' title="bbox 301 2746 1901 2820">
     <span class='ocr_line' id='line_1_27' title="bbox 301 2746 1901 2820; baseline 0.004 -21"><span class='ocrx_word' id='word_1_194' title='bbox 301 2759 607 2815; x_wconf 79' lang='lat' dir='ltr'><strong>movemur,</strong></span> <span class='ocrx_word' id='word_1_195' title='bbox 638 2746 765 2802; x_wconf 90' lang='lat' dir='ltr'><strong>licet</strong></span> <span class='ocrx_word' id='word_1_196' title='bbox 789 2762 897 2803; x_wconf 91' lang='lat' dir='ltr'><strong>non</strong></span> <span class='ocrx_word' id='word_1_197' title='bbox 921 2748 1259 2804; x_wconf 90' lang='lat' dir='ltr'><strong>articulatam</strong></span> <span class='ocrx_word' id='word_1_198' title='bbox 1288 2764 1475 2805; x_wconf 88' lang='lat' dir='ltr'><strong>vocem</strong></span> <span class='ocrx_word' id='word_1_199' title='bbox 1504 2749 1761 2820; x_wconf 81' lang='lat' dir='ltr'><strong>proferat.</strong></span> <span class='ocrx_word' id='word_1_200' title='bbox 1792 2748 1901 2805; x_wconf 83' lang='lat' dir='ltr'><strong>Co-</strong></span> 
     </span>
    </p>
   </div>
   <div class='ocr_carea' id='block_1_28' title="bbox 300 2838 1904 2911">
    <p class='ocr_par' dir='ltr' id='par_1_28' title="bbox 300 2838 1904 2911">
     <span class='ocr_line' id='line_1_28' title="bbox 300 2838 1904 2911; baseline 0.004 -22"><span class='ocrx_word' id='word_1_201' title='bbox 300 2838 434 2907; x_wconf 86' lang='lat' dir='ltr'><strong>gites</strong></span> <span class='ocrx_word' id='word_1_202' title='bbox 461 2839 642 2910; x_wconf 81' lang='lat' dir='ltr'><strong>itaque</strong></span> <span class='ocrx_word' id='word_1_203' title='bbox 670 2839 854 2905; x_wconf 86' lang='lat' dir='ltr'><strong>velim,</strong></span> <span class='ocrx_word' id='word_1_204' title='bbox 878 2839 1005 2911; x_wconf 81' lang='lat' dir='ltr'><strong>quid</strong></span> <span class='ocrx_word' id='word_1_205' title='bbox 1034 2838 1150 2896; x_wconf 64' lang='lat' dir='ltr'><strong>hate</strong></span> <span class='ocrx_word' id='word_1_206' title='bbox 1175 2839 1291 2896; x_wconf 90' lang='lat' dir='ltr'><strong>ovis</strong></span> <span class='ocrx_word' id='word_1_207' title='bbox 1312 2840 1542 2908; x_wconf 76' lang='lat' dir='ltr'><strong>fecisset,</strong></span> <span class='ocrx_word' id='word_1_208' title='bbox 1567 2841 1904 2896; x_wconf 76' lang='lat' dir='ltr'><strong>slinﬁrmum</strong></span> 
     </span>
    </p>
   </div>
   <div class='ocr_carea' id='block_1_29' title="bbox 302 2931 1906 3004">
    <p class='ocr_par' dir='ltr' id='par_1_29' title="bbox 302 2931 1906 3004">
     <span class='ocr_line' id='line_1_29' title="bbox 302 2931 1906 3004; baseline 0.003 -19"><span class='ocrx_word' id='word_1_209' title='bbox 302 2932 610 3002; x_wconf 79' lang='lat' dir='ltr'><strong>quempiam</strong></span> <span class='ocrx_word' id='word_1_210' title='bbox 657 2931 931 2989; x_wconf 87' lang='lat' dir='ltr'><strong>hominem</strong></span> <span class='ocrx_word' id='word_1_211' title='bbox 977 2934 1248 3004; x_wconf 88' lang='lat' dir='ltr'><strong>alloquuta</strong></span> <span class='ocrx_word' id='word_1_212' title='bbox 1299 2943 1445 2989; x_wconf 88' lang='lat' dir='ltr'><strong>esset</strong></span> <span class='ocrx_word' id='word_1_213' title='bbox 1489 2951 1502 2988; x_wconf 92' lang='lat'>:</span> <span class='ocrx_word' id='word_1_214' title='bbox 1560 2933 1737 3001; x_wconf 84' lang='lat' dir='ltr'><strong>Pater,</strong></span> <span class='ocrx_word' id='word_1_215' title='bbox 1793 2950 1906 2990; x_wconf 83' lang='lat' dir='ltr'><strong>ecce</strong></span> 
     </span>
    </p>
   </div>
   <div class='ocr_carea' id='block_1_30' title="bbox 302 3023 1898 3097">
    <p class='ocr_par' dir='ltr' id='par_1_30' title="bbox 302 3023 1898 3097">
     <span class='ocr_line' id='line_1_30' title="bbox 302 3023 1898 3097; baseline 0.003 -22"><span class='ocrx_word' id='word_1_216' title='bbox 302 3023 468 3093; x_wconf 81' lang='lat' dir='ltr'><strong>ignem</strong></span> <span class='ocrx_word' id='word_1_217' title='bbox 510 3032 558 3077; x_wconf 87' lang='lat' dir='ltr'><strong>et</strong></span> <span class='ocrx_word' id='word_1_218' title='bbox 602 3023 763 3095; x_wconf 81' lang='lat' dir='ltr'><strong>tigna,</strong></span> <span class='ocrx_word' id='word_1_219' title='bbox 792 3024 879 3078; x_wconf 87' lang='lat' dir='ltr'><strong>ubi</strong></span> <span class='ocrx_word' id='word_1_220' title='bbox 904 3034 980 3079; x_wconf 78' lang='lat' dir='ltr'><strong>est</strong></span> <span class='ocrx_word' id='word_1_221' title='bbox 1001 3026 1107 3081; x_wconf 81' lang='lat' dir='ltr'><strong>ovis</strong></span> <span class='ocrx_word' id='word_1_222' title='bbox 1147 3025 1217 3079; x_wconf 82' lang='lat' dir='ltr'><strong>ad</strong></span> <span class='ocrx_word' id='word_1_223' title='bbox 1250 3024 1603 3081; x_wconf 77' lang='lat' dir='ltr'><strong>holocaustum</strong></span> <span class='ocrx_word' id='word_1_224' title='bbox 1631 3023 1782 3097; x_wconf 80' lang='lat' dir='ltr'><strong>(Gen.</strong></span> <span class='ocrx_word' id='word_1_225' title='bbox 1807 3024 1898 3080; x_wconf 69' lang='grc'><strong>22.</strong></span> 
     </span>
    </p>
   </div>
   <div class='ocr_carea' id='block_1_31' title="bbox 303 3116 1903 3189">
    <p class='ocr_par' dir='ltr' id='par_1_31' title="bbox 303 3116 1903 3189">
     <span class='ocr_line' id='line_1_31' title="bbox 303 3116 1903 3189; baseline 0.001 -20"><span class='ocrx_word' id='word_1_226' title='bbox 303 3117 333 3169; x_wconf 83' lang='grc'>7</span> <span class='ocrx_word' id='word_1_227' title='bbox 362 3116 418 3189; x_wconf 88' lang='lat'><strong>)?</strong></span> <span class='ocrx_word' id='word_1_228' title='bbox 443 3118 567 3189; x_wconf 88' lang='lat' dir='ltr'><strong>ipse</strong></span> <span class='ocrx_word' id='word_1_229' title='bbox 608 3133 739 3173; x_wconf 86' lang='lat' dir='ltr'><strong>vero</strong></span> <span class='ocrx_word' id='word_1_230' title='bbox 778 3117 1002 3188; x_wconf 88' lang='lat' dir='ltr'><strong>loquens</strong></span> <span class='ocrx_word' id='word_1_231' title='bbox 1048 3124 1166 3173; x_wconf 85' lang='lat' dir='ltr'><strong>erat</strong></span> <span class='ocrx_word' id='word_1_232' title='bbox 1205 3133 1271 3173; x_wconf 91' lang='lat' dir='ltr'><strong>ex</strong></span> <span class='ocrx_word' id='word_1_233' title='bbox 1301 3118 1466 3188; x_wconf 86' lang='lat' dir='ltr'><strong>patris</strong></span> <span class='ocrx_word' id='word_1_234' title='bbox 1509 3117 1770 3173; x_wconf 87' lang='lat' dir='ltr'><strong>sententia</strong></span> <span class='ocrx_word' id='word_1_235' title='bbox 1815 3117 1903 3171; x_wconf 85' lang='lat' dir='ltr'><strong>illa</strong></span> 
     </span>
    </p>
   </div>
   <div class='ocr_carea' id='block_1_32' title="bbox 303 3209 1899 3281">
    <p class='ocr_par' dir='ltr' id='par_1_32' title="bbox 303 3209 1899 3281">
     <span class='ocr_line' id='line_1_32' title="bbox 303 3209 1899 3281; baseline 0.002 -21"><span class='ocrx_word' id='word_1_236' title='bbox 303 3210 432 3276; x_wconf 86' lang='lat' dir='ltr'><strong>ovis,</strong></span> <span class='ocrx_word' id='word_1_237' title='bbox 467 3225 589 3281; x_wconf 66' lang='lat' dir='ltr'><strong>quae</strong></span> <span class='ocrx_word' id='word_1_238' title='bbox 617 3209 953 3266; x_wconf 85' lang='lat' dir='ltr'><strong>sacerdotem</strong></span> <span class='ocrx_word' id='word_1_239' title='bbox 978 3210 1045 3265; x_wconf 88' lang='lat' dir='ltr'><strong>ad</strong></span> <span class='ocrx_word' id='word_1_240' title='bbox 1087 3210 1609 3266; x_wconf 87' lang='lat' dir='ltr'><strong>eommiserationem</strong></span> <span class='ocrx_word' id='word_1_241' title='bbox 1634 3210 1899 3265; x_wconf 85' lang='lat' dir='ltr'><strong>movebat.</strong></span> 
     </span>
    </p>
   </div>
   <div class='ocr_carea' id='block_1_33' title="bbox 301 3300 1899 3372">
    <p class='ocr_par' dir='ltr' id='par_1_33' title="bbox 301 3300 1899 3372">
     <span class='ocr_line' id='line_1_33' title="bbox 301 3300 1899 3372; baseline -0.001 -15"><span class='ocrx_word' id='word_1_242' title='bbox 301 3300 414 3357; x_wconf 79' lang='lat' dir='ltr'><strong>Non</strong></span> <span class='ocrx_word' id='word_1_243' title='bbox 441 3303 590 3359; x_wconf 89' lang='lat' dir='ltr'><strong>enim</strong></span> <span class='ocrx_word' id='word_1_244' title='bbox 612 3302 712 3357; x_wconf 91' lang='lat' dir='ltr'><strong>sub</strong></span> <span class='ocrx_word' id='word_1_245' title='bbox 734 3302 1013 3371; x_wconf 80' lang='lat' dir='ltr'><strong>disciplina</strong></span> <span class='ocrx_word' id='word_1_246' title='bbox 1041 3301 1239 3357; x_wconf 79' lang='lat' dir='ltr'><strong>Christi</strong></span> <span class='ocrx_word' id='word_1_247' title='bbox 1265 3300 1460 3368; x_wconf 82' lang='lat' dir='ltr'><strong>fuerat,</strong></span> <span class='ocrx_word' id='word_1_248' title='bbox 1508 3301 1599 3372; x_wconf 86' lang='lat' dir='ltr'><strong>qui</strong></span> <span class='ocrx_word' id='word_1_249' title='bbox 1642 3301 1857 3356; x_wconf 87' lang='lat' dir='ltr'><strong>dicebat</strong></span> <span class='ocrx_word' id='word_1_250' title='bbox 1884 3316 1899 3355; x_wconf 91' lang='lat'><strong>:</strong></span> 
     </span>
    </p>
   </div>
   <div class='ocr_carea' id='block_1_34' title="bbox 307 3394 1899 3466">
    <p class='ocr_par' dir='ltr' id='par_1_34' title="bbox 307 3394 1899 3466">
     <span class='ocr_line' id='line_1_34' title="bbox 307 3394 1899 3466; baseline -0.001 -18"><span class='ocrx_word' id='word_1_251' title='bbox 307 3396 402 3462; x_wconf 85' lang='lat' dir='ltr'><strong>Qui</strong></span> <span class='ocrx_word' id='word_1_252' title='bbox 429 3403 575 3450; x_wconf 82' lang='lat' dir='ltr'><strong>amat</strong></span> <span class='ocrx_word' id='word_1_253' title='bbox 618 3403 811 3466; x_wconf 88' lang='lat' dir='ltr'><strong>patrem</strong></span> <span class='ocrx_word' id='word_1_254' title='bbox 850 3404 941 3449; x_wconf 74' lang='lat' dir='ltr'><strong>aut</strong></span> <span class='ocrx_word' id='word_1_255' title='bbox 967 3403 1203 3461; x_wconf 87' lang='lat' dir='ltr'><strong>matrem,</strong></span> <span class='ocrx_word' id='word_1_256' title='bbox 1250 3403 1340 3448; x_wconf 85' lang='lat' dir='ltr'><strong>aut</strong></span> <span class='ocrx_word' id='word_1_257' title='bbox 1377 3394 1543 3464; x_wconf 77' lang='lat' dir='ltr'><strong>ﬁlium</strong></span> <span class='ocrx_word' id='word_1_258' title='bbox 1577 3405 1665 3448; x_wconf 88' lang='lat' dir='ltr'><strong>aut</strong></span> <span class='ocrx_word' id='word_1_259' title='bbox 1714 3394 1899 3462; x_wconf 84' lang='lat' dir='ltr'><strong>ﬁliam,</strong></span> 
     </span>
    </p>
   </div>
   <div class='ocr_carea' id='block_1_35' title="bbox 304 3487 1904 3565">
    <p class='ocr_par' dir='ltr' id='par_1_35' title="bbox 304 3487 1904 3565">
     <span class='ocr_line' id='line_1_35' title="bbox 304 3487 1904 3565; baseline -0.004 -18"><span class='ocrx_word' id='word_1_260' title='bbox 304 3494 414 3563; x_wconf 79' lang='lat' dir='ltr'><strong>plus</strong></span> <span class='ocrx_word' id='word_1_261' title='bbox 439 3508 599 3565; x_wconf 83' lang='lat' dir='ltr'><strong>quant</strong></span> <span class='ocrx_word' id='word_1_262' title='bbox 624 3507 722 3555; x_wconf 81' lang='lat' dir='ltr'><strong>me,</strong></span> <span class='ocrx_word' id='word_1_263' title='bbox 752 3506 855 3544; x_wconf 82' lang='lat' dir='ltr'><strong>non</strong></span> <span class='ocrx_word' id='word_1_264' title='bbox 880 3497 950 3545; x_wconf 76' lang='lat' dir='ltr'><strong>est</strong></span> <span class='ocrx_word' id='word_1_265' title='bbox 978 3506 1058 3544; x_wconf 88' lang='lat' dir='ltr'><strong>me</strong></span> <span class='ocrx_word' id='word_1_266' title='bbox 1084 3490 1269 3560; x_wconf 84' lang='lat' dir='ltr'><strong>dignus</strong></span> <span class='ocrx_word' id='word_1_267' title='bbox 1302 3487 1513 3561; x_wconf 79' lang='lat' dir='ltr'><strong>(Matth.</strong></span> <span class='ocrx_word' id='word_1_268' title='bbox 1549 3487 1635 3542; x_wconf 81' lang='lat' dir='ltr'><strong>I0.</strong></span> <span class='ocrx_word' id='word_1_269' title='bbox 1665 3487 1776 3560; x_wconf 79' lang='lat'><strong>&#39;57).</strong></span> <span class='ocrx_word' id='word_1_270' title='bbox 1812 3488 1904 3542; x_wconf 97' lang='lat' dir='ltr'><strong>IIle</strong></span> 
     </span>
    </p>
   </div>
   <div class='ocr_carea' id='block_1_36' title="bbox 303 3581 1904 3653">
    <p class='ocr_par' dir='ltr' id='par_1_36' title="bbox 303 3581 1904 3653">
     <span class='ocr_line' id='line_1_36' title="bbox 303 3581 1904 3653; baseline -0.001 -16"><span class='ocrx_word' id='word_1_271' title='bbox 303 3601 428 3641; x_wconf 87' lang='lat' dir='ltr'><strong>vero</strong></span> <span class='ocrx_word' id='word_1_272' title='bbox 469 3583 779 3640; x_wconf 86' lang='lat' dir='ltr'><strong>imitabatur</strong></span> <span class='ocrx_word' id='word_1_273' title='bbox 818 3583 1052 3649; x_wconf 87' lang='lat' dir='ltr'><strong>Patrem,</strong></span> <span class='ocrx_word' id='word_1_274' title='bbox 1112 3582 1183 3639; x_wconf 89' lang='lat' dir='ltr'><strong>de</strong></span> <span class='ocrx_word' id='word_1_275' title='bbox 1223 3596 1332 3653; x_wconf 90' lang='lat' dir='ltr'><strong>quo</strong></span> <span class='ocrx_word' id='word_1_276' title='bbox 1375 3581 1575 3637; x_wconf 87' lang='lat' dir='ltr'><strong>dictum</strong></span> <span class='ocrx_word' id='word_1_277' title='bbox 1625 3591 1709 3637; x_wconf 87' lang='lat' dir='ltr'><strong>est</strong></span> <span class='ocrx_word' id='word_1_278' title='bbox 1750 3599 1764 3636; x_wconf 90' lang='lat'><strong>:</strong></span> <span class='ocrx_word' id='word_1_279' title='bbox 1801 3581 1904 3648; x_wconf 84' lang='lat' dir='ltr'><strong>Qui</strong></span> 
     </span>
    </p>
   </div>
   <div class='ocr_carea' id='block_1_37' title="bbox 305 3674 1903 3749">
    <p class='ocr_par' dir='ltr' id='par_1_37' title="bbox 305 3674 1903 3749">
     <span class='ocr_line' id='line_1_37' title="bbox 305 3674 1903 3749; baseline -0.001 -18"><span class='ocrx_word' id='word_1_280' title='bbox 305 3679 513 3749; x_wconf 82' lang='lat' dir='ltr'><strong>proprio</strong></span> <span class='ocrx_word' id='word_1_281' title='bbox 534 3676 675 3731; x_wconf 81' lang='lat' dir='ltr'><strong>Filio</strong></span> <span class='ocrx_word' id='word_1_282' title='bbox 698 3693 791 3731; x_wconf 79' lang='lat' dir='ltr'><strong>suo</strong></span> <span class='ocrx_word' id='word_1_283' title='bbox 820 3692 924 3730; x_wconf 82' lang='lat' dir='ltr'><strong>non</strong></span> <span class='ocrx_word' id='word_1_284' title='bbox 950 3676 1193 3747; x_wconf 81' lang='lat' dir='ltr'><strong>pepercit,</strong></span> <span class='ocrx_word' id='word_1_285' title='bbox 1244 3675 1335 3731; x_wconf 76' lang='lat' dir='ltr'><strong>sed</strong></span> <span class='ocrx_word' id='word_1_286' title='bbox 1379 3691 1471 3742; x_wconf 83' lang='lat' dir='ltr'><strong>pro</strong></span> <span class='ocrx_word' id='word_1_287' title='bbox 1506 3674 1649 3729; x_wconf 77' lang='lat' dir='ltr'><strong>nobis</strong></span> <span class='ocrx_word' id='word_1_288' title='bbox 1671 3674 1903 3729; x_wconf 81' lang='lat' dir='ltr'><strong>omnibus</strong></span> 
     </span>
    </p>
   </div>
   <div class='ocr_carea' id='block_1_38' title="bbox 305 3766 1902 3837">
    <p class='ocr_par' dir='ltr' id='par_1_38' title="bbox 305 3766 1902 3837">
     <span class='ocr_line' id='line_1_38' title="bbox 305 3766 1902 3837; baseline -0.001 -16"><span class='ocrx_word' id='word_1_289' title='bbox 305 3769 513 3823; x_wconf 78' lang='lat' dir='ltr'><strong>tradidit</strong></span> <span class='ocrx_word' id='word_1_290' title='bbox 543 3767 689 3822; x_wconf 80' lang='lat' dir='ltr'><strong>illum</strong></span> <span class='ocrx_word' id='word_1_291' title='bbox 711 3767 886 3837; x_wconf 87' lang='lat' dir='ltr'><strong>(Rom.</strong></span> <span class='ocrx_word' id='word_1_292' title='bbox 914 3766 968 3822; x_wconf 89' lang='lat'><strong>8.</strong></span> <span class='ocrx_word' id='word_1_293' title='bbox 999 3767 1112 3837; x_wconf 76' lang='lat'><strong>32).</strong></span> <span class='ocrx_word' id='word_1_294' title='bbox 1135 3766 1239 3823; x_wconf 88' lang='lat' dir='ltr'><strong>Ubi</strong></span> <span class='ocrx_word' id='word_1_295' title='bbox 1261 3775 1345 3822; x_wconf 89' lang='lat' dir='ltr'><strong>est</strong></span> <span class='ocrx_word' id='word_1_296' title='bbox 1371 3767 1527 3822; x_wconf 82' lang='lat' dir='ltr'><strong>ovis?</strong></span> <span class='ocrx_word' id='word_1_297' title='bbox 1558 3766 1633 3821; x_wconf 89' lang='lat' dir='ltr'><strong>ait</strong></span> <span class='ocrx_word' id='word_1_298' title='bbox 1665 3766 1902 3836; x_wconf 85' lang='lat' dir='ltr'><strong>pruden-</strong></span> 
     </span>
    </p>
   </div>
   <div class='ocr_carea' id='block_1_39' title="bbox 312 3855 1905 3929">
    <p class='ocr_par' dir='ltr' id='par_1_39' title="bbox 312 3855 1905 3929">
     <span class='ocr_line' id='line_1_39' title="bbox 312 3855 1905 3929; baseline -0.001 -14"><span class='ocrx_word' id='word_1_299' title='bbox 312 3867 386 3915; x_wconf 75' lang='lat' dir='ltr'><strong>ter</strong></span> <span class='ocrx_word' id='word_1_300' title='bbox 415 3859 576 3914; x_wconf 89' lang='lat' dir='ltr'><strong>ﬁlius.</strong></span> <span class='ocrx_word' id='word_1_301' title='bbox 607 3857 746 3926; x_wconf 84' lang='lat' dir='ltr'><strong>Quid</strong></span> <span class='ocrx_word' id='word_1_302' title='bbox 790 3866 969 3913; x_wconf 90' lang='lat' dir='ltr'><strong>autem</strong></span> <span class='ocrx_word' id='word_1_303' title='bbox 1007 3857 1141 3913; x_wconf 88' lang='lat' dir='ltr'><strong>dicit</strong></span> <span class='ocrx_word' id='word_1_304' title='bbox 1175 3856 1366 3929; x_wconf 85' lang='lat' dir='ltr'><strong>pater?</strong></span> <span class='ocrx_word' id='word_1_305' title='bbox 1396 3855 1537 3912; x_wconf 78' lang='lat' dir='ltr'><strong>Deus</strong></span> <span class='ocrx_word' id='word_1_306' title='bbox 1583 3857 1765 3912; x_wconf 83' lang='lat' dir='ltr'><strong>videbit</strong></span> <span class='ocrx_word' id='word_1_307' title='bbox 1806 3857 1905 3913; x_wconf 74' lang='lat' dir='ltr'><strong>sibi</strong></span> 
     </span>
    </p>
   </div>
   <div class='ocr_carea' id='block_1_40' title="bbox 310 3948 1906 4020">
    <p class='ocr_par' dir='ltr' id='par_1_40' title="bbox 310 3948 1906 4020">
     <span class='ocr_line' id='line_1_40' title="bbox 310 3948 1906 4020; baseline -0.001 -15"><span class='ocrx_word' id='word_1_308' title='bbox 310 3954 560 4006; x_wconf 71' lang='lat' dir='ltr'><strong>victimam</strong></span> <span class='ocrx_word' id='word_1_309' title='bbox 600 3952 654 4005; x_wconf 84' lang='lat' dir='ltr'><strong>in</strong></span> <span class='ocrx_word' id='word_1_310' title='bbox 698 3951 1069 4018; x_wconf 77' lang='lat' dir='ltr'><strong>holocaustum,</strong></span> <span class='ocrx_word' id='word_1_311' title='bbox 1100 3950 1176 4020; x_wconf 77' lang='lat' dir='ltr'><strong>ﬁli</strong></span> <span class='ocrx_word' id='word_1_312' title='bbox 1197 3967 1217 4005; x_wconf 90' lang='lat'><strong><em>:</em></strong></span> <span class='ocrx_word' id='word_1_313' title='bbox 1244 3964 1351 4005; x_wconf 90' lang='lat' dir='ltr'><strong>non</strong></span> <span class='ocrx_word' id='word_1_314' title='bbox 1380 3948 1755 4019; x_wconf 90' lang='lat' dir='ltr'><strong>domesticum,</strong></span> <span class='ocrx_word' id='word_1_315' title='bbox 1805 3949 1906 4006; x_wconf 83' lang='lat' dir='ltr'><strong>sed</strong></span> 
     </span>
    </p>
   </div>
   <div class='ocr_carea' id='block_1_41' title="bbox 306 4040 1905 4114">
    <p class='ocr_par' dir='ltr' id='par_1_41' title="bbox 306 4040 1905 4114">
     <span class='ocr_line' id='line_1_41' title="bbox 306 4040 1905 4114; baseline -0.003 -13"><span class='ocrx_word' id='word_1_316' title='bbox 306 4043 523 4101; x_wconf 82' lang='lat' dir='ltr'><strong>Filium.</strong></span> <span class='ocrx_word' id='word_1_317' title='bbox 570 4043 662 4099; x_wconf 91' lang='lat' dir='ltr'><strong>Ille</strong></span> <span class='ocrx_word' id='word_1_318' title='bbox 704 4042 1027 4114; x_wconf 89' lang='lat' dir='ltr'><strong>unigenitus,</strong></span> <span class='ocrx_word' id='word_1_319' title='bbox 1072 4049 1128 4098; x_wconf 90' lang='lat' dir='ltr'><strong>et</strong></span> <span class='ocrx_word' id='word_1_320' title='bbox 1165 4042 1309 4097; x_wconf 90' lang='lat' dir='ltr'><strong>Deus</strong></span> <span class='ocrx_word' id='word_1_321' title='bbox 1344 4041 1508 4097; x_wconf 89' lang='lat' dir='ltr'><strong>etiam</strong></span> <span class='ocrx_word' id='word_1_322' title='bbox 1548 4040 1794 4112; x_wconf 80' lang='lat' dir='ltr'><strong>(Filius)</strong></span> <span class='ocrx_word' id='word_1_323' title='bbox 1823 4049 1905 4097; x_wconf 90' lang='lat' dir='ltr'><strong>est</strong></span> 
     </span>
    </p>
   </div>
   <div class='ocr_carea' id='block_1_42' title="bbox 307 4132 1903 4207">
    <p class='ocr_par' dir='ltr' id='par_1_42' title="bbox 307 4132 1903 4207">
     <span class='ocr_line' id='line_1_42' title="bbox 307 4132 1903 4207; baseline -0.001 -17"><span class='ocrx_word' id='word_1_324' title='bbox 307 4135 613 4207; x_wconf 87' lang='lat' dir='ltr'><strong>unigenitus</strong></span> <span class='ocrx_word' id='word_1_325' title='bbox 642 4152 657 4190; x_wconf 90' lang='lat'><strong>:</strong></span> <span class='ocrx_word' id='word_1_326' title='bbox 683 4135 775 4191; x_wconf 88' lang='lat' dir='ltr'><strong>il&#39;le</strong></span> <span class='ocrx_word' id='word_1_327' title='bbox 812 4134 1052 4190; x_wconf 91' lang='lat' dir='ltr'><strong>humeris</strong></span> <span class='ocrx_word' id='word_1_328' title='bbox 1098 4134 1264 4204; x_wconf 83' lang='lat' dir='ltr'><strong>ligna,</strong></span> <span class='ocrx_word' id='word_1_329' title='bbox 1294 4140 1351 4189; x_wconf 92' lang='lat' dir='ltr'><strong>et</strong></span> <span class='ocrx_word' id='word_1_330' title='bbox 1394 4132 1640 4188; x_wconf 87' lang='lat' dir='ltr'><strong>Christus</strong></span> <span class='ocrx_word' id='word_1_331' title='bbox 1666 4132 1903 4189; x_wconf 88' lang='lat' dir='ltr'><strong>humeris</strong></span> 
     </span>
    </p>
   </div>
   <div class='ocr_carea' id='block_1_43' title="bbox 305 4221 1901 4295">
    <p class='ocr_par' dir='ltr' id='par_1_43' title="bbox 305 4221 1901 4295">
     <span class='ocr_line' id='line_1_43' title="bbox 305 4221 1901 4295; baseline -0.003 -14"><span class='ocrx_word' id='word_1_332' title='bbox 305 4242 522 4283; x_wconf 89' lang='lat' dir='ltr'><strong>crucem</strong></span> <span class='ocrx_word' id='word_1_333' title='bbox 550 4245 564 4283; x_wconf 89' lang='lat'><strong>:</strong></span> <span class='ocrx_word' id='word_1_334' title='bbox 596 4226 843 4281; x_wconf 89' lang='lat' dir='ltr'><strong>ille-cum</strong></span> <span class='ocrx_word' id='word_1_335' title='bbox 875 4224 1009 4279; x_wconf 90' lang='lat' dir='ltr'><strong>nihil</strong></span> <span class='ocrx_word' id='word_1_336' title='bbox 1054 4231 1348 4295; x_wconf 85' lang='lat' dir='ltr'><strong>peccasset,</strong></span> <span class='ocrx_word' id='word_1_337' title='bbox 1378 4221 1736 4279; x_wconf 88' lang='lat' dir='ltr'><strong>immolandus</strong></span> <span class='ocrx_word' id='word_1_338' title='bbox 1764 4230 1901 4289; x_wconf 86' lang='lat' dir='ltr'><strong>erat,</strong></span> 
     </span>
    </p>
   </div>
   <div class='ocr_carea' id='block_1_44' title="bbox 308 4315 1904 4388">
    <p class='ocr_par' dir='ltr' id='par_1_44' title="bbox 308 4315 1904 4388">
     <span class='ocr_line' id='line_1_44' title="bbox 308 4315 1904 4388; baseline -0.002 -13"><span class='ocrx_word' id='word_1_339' title='bbox 308 4330 362 4375; x_wconf 91' lang='lat' dir='ltr'><strong>et</strong></span> <span class='ocrx_word' id='word_1_340' title='bbox 383 4321 553 4376; x_wconf 88' lang='lat' dir='ltr'><strong>Filius</strong></span> <span class='ocrx_word' id='word_1_341' title='bbox 582 4319 677 4376; x_wconf 91' lang='lat' dir='ltr'><strong>Dei</strong></span> <span class='ocrx_word' id='word_1_342' title='bbox 705 4334 827 4374; x_wconf 90' lang='lat' dir='ltr'><strong>cum</strong></span> <span class='ocrx_word' id='word_1_343' title='bbox 852 4318 989 4373; x_wconf 88' lang='lat' dir='ltr'><strong>nihil</strong></span> <span class='ocrx_word' id='word_1_344' title='bbox 1010 4325 1309 4388; x_wconf 87' lang='lat' dir='ltr'><strong>peccasset,</strong></span> <span class='ocrx_word' id='word_1_345' title='bbox 1339 4315 1624 4373; x_wconf 83' lang='lat' dir='ltr'><strong>cruciﬁxus</strong></span> <span class='ocrx_word' id='word_1_346' title='bbox 1652 4323 1737 4373; x_wconf 91' lang='lat' dir='ltr'><strong>est</strong></span> <span class='ocrx_word' id='word_1_347' title='bbox 1768 4333 1781 4370; x_wconf 89' lang='lat'><strong>:</strong></span> <span class='ocrx_word' id='word_1_348' title='bbox 1815 4316 1904 4372; x_wconf 89' lang='lat' dir='ltr'><strong>ille</strong></span> 
     </span>
    </p>
   </div>
   <div class='ocr_carea' id='block_1_45' title="bbox 307 4407 1904 4483">
    <p class='ocr_par' dir='ltr' id='par_1_45' title="bbox 307 4407 1904 4483">
     <span class='ocr_line' id='line_1_45' title="bbox 307 4407 1904 4483; baseline -0.003 -16"><span class='ocrx_word' id='word_1_349' title='bbox 307 4421 363 4467; x_wconf 92' lang='lat' dir='ltr'><strong>et</strong></span> <span class='ocrx_word' id='word_1_350' title='bbox 405 4410 680 4483; x_wconf 86' lang='lat' dir='ltr'><strong>jugulatus</strong></span> <span class='ocrx_word' id='word_1_351' title='bbox 723 4418 781 4466; x_wconf 88' lang='lat' dir='ltr'><strong>et</strong></span> <span class='ocrx_word' id='word_1_352' title='bbox 825 4425 931 4464; x_wconf 89' lang='lat' dir='ltr'><strong>non</strong></span> <span class='ocrx_word' id='word_1_353' title='bbox 973 4408 1247 4479; x_wconf 80' lang='lat' dir='ltr'><strong>iugulatus</strong></span> <span class='ocrx_word' id='word_1_354' title='bbox 1288 4416 1392 4474; x_wconf 89' lang='lat' dir='ltr'><strong>est,</strong></span> <span class='ocrx_word' id='word_1_355' title='bbox 1428 4407 1597 4464; x_wconf 87' lang='lat' dir='ltr'><strong>Filius</strong></span> <span class='ocrx_word' id='word_1_356' title='bbox 1641 4407 1770 4463; x_wconf 90' lang='lat' dir='ltr'><strong>item</strong></span> <span class='ocrx_word' id='word_1_357' title='bbox 1808 4407 1904 4463; x_wconf 88' lang='lat' dir='ltr'><strong>Dei</strong></span> 
     </span>
    </p>
   </div>
   <div class='ocr_carea' id='block_1_46' title="bbox 307 4499 1904 4573">
    <p class='ocr_par' dir='ltr' id='par_1_46' title="bbox 307 4499 1904 4573">
     <span class='ocr_line' id='line_1_46' title="bbox 307 4499 1904 4573; baseline -0.002 -17"><span class='ocrx_word' id='word_1_358' title='bbox 307 4502 614 4573; x_wconf 84' lang='lat' dir='ltr'><strong>unigenitus</strong></span> <span class='ocrx_word' id='word_1_359' title='bbox 641 4509 698 4556; x_wconf 82' lang='lat' dir='ltr'><strong>et</strong></span> <span class='ocrx_word' id='word_1_360' title='bbox 729 4515 835 4556; x_wconf 89' lang='lat' dir='ltr'><strong>non</strong></span> <span class='ocrx_word' id='word_1_361' title='bbox 855 4499 1128 4571; x_wconf 86' lang='lat' dir='ltr'><strong>jugulatus</strong></span> <span class='ocrx_word' id='word_1_362' title='bbox 1153 4507 1236 4556; x_wconf 88' lang='lat' dir='ltr'><strong>est</strong></span> <span class='ocrx_word' id='word_1_363' title='bbox 1261 4508 1316 4556; x_wconf 85' lang='lat' dir='ltr'><strong>et</strong></span> <span class='ocrx_word' id='word_1_364' title='bbox 1339 4499 1632 4570; x_wconf 77' lang='lat' dir='ltr'><strong>iugulatus,</strong></span> <span class='ocrx_word' id='word_1_365' title='bbox 1677 4507 1731 4554; x_wconf 88' lang='lat' dir='ltr'><strong>et</strong></span> <span class='ocrx_word' id='word_1_366' title='bbox 1756 4512 1904 4553; x_wconf 85' lang='lat' dir='ltr'><strong>mor-</strong></span> 
     </span>
    </p>
   </div>
   <div class='ocr_carea' id='block_1_47' title="bbox 310 4590 1906 4662">
    <p class='ocr_par' dir='ltr' id='par_1_47' title="bbox 310 4590 1906 4662">
     <span class='ocr_line' id='line_1_47' title="bbox 310 4590 1906 4662; baseline -0.003 -13"><span class='ocrx_word' id='word_1_367' title='bbox 310 4606 431 4651; x_wconf 77' lang='lat' dir='ltr'><strong>lllIIS</strong></span> <span class='ocrx_word' id='word_1_368' title='bbox 473 4602 560 4650; x_wconf 64' lang='grc' dir='ltr'><strong>θεῖ</strong></span> <span class='ocrx_word' id='word_1_369' title='bbox 606 4601 662 4647; x_wconf 88' lang='lat' dir='ltr'><strong>et</strong></span> <span class='ocrx_word' id='word_1_370' title='bbox 689 4608 795 4647; x_wconf 89' lang='lat' dir='ltr'><strong>non</strong></span> <span class='ocrx_word' id='word_1_371' title='bbox 823 4599 1067 4647; x_wconf 84' lang='lat' dir='ltr'><strong>mortuus</strong></span> <span class='ocrx_word' id='word_1_372' title='bbox 1095 4599 1178 4647; x_wconf 74' lang='grc' dir='ltr'><strong>ρει</strong></span> <span class='ocrx_word' id='word_1_373' title='bbox 1211 4608 1226 4647; x_wconf 72' lang='grc'><strong>2</strong></span> <span class='ocrx_word' id='word_1_374' title='bbox 1256 4606 1378 4645; x_wconf 90' lang='lat' dir='ltr'><strong>nam</strong></span> <span class='ocrx_word' id='word_1_375' title='bbox 1403 4599 1661 4662; x_wconf 88' lang='lat' dir='ltr'><strong>quantum</strong></span> <span class='ocrx_word' id='word_1_376' title='bbox 1682 4590 1748 4645; x_wconf 86' lang='lat' dir='ltr'><strong>ad</strong></span> <span class='ocrx_word' id='word_1_377' title='bbox 1782 4605 1906 4660; x_wconf 81' lang='lat' dir='ltr'><strong>pro-</strong></span> 
     </span>
    </p>
   </div>
   <div class='ocr_carea' id='block_1_48' title="bbox 297 4680 1904 4755">
    <p class='ocr_par' dir='ltr' id='par_1_48' title="bbox 297 4680 1904 4755">
     <span class='ocr_line' id='line_1_48' title="bbox 297 4680 1904 4755; baseline -0.002 -16"><span class='ocrx_word' id='word_1_378' title='bbox 297 4686 564 4755; x_wconf 85' lang='lat' dir='ltr'><strong>positum,</strong></span> <span class='ocrx_word' id='word_1_379' title='bbox 608 4693 854 4740; x_wconf 84' lang='lat' dir='ltr'><strong>mortuus</strong></span> <span class='ocrx_word' id='word_1_380' title='bbox 895 4691 979 4738; x_wconf 90' lang='lat' dir='ltr'><strong>est</strong></span> <span class='ocrx_word' id='word_1_381' title='bbox 1018 4682 1138 4749; x_wconf 87' lang='lat' dir='ltr'><strong>ille;</strong></span> <span class='ocrx_word' id='word_1_382' title='bbox 1169 4690 1426 4753; x_wconf 89' lang='lat' dir='ltr'><strong>quantum</strong></span> <span class='ocrx_word' id='word_1_383' title='bbox 1469 4697 1599 4737; x_wconf 86' lang='lat' dir='ltr'><strong>vero</strong></span> <span class='ocrx_word' id='word_1_384' title='bbox 1637 4680 1703 4735; x_wconf 88' lang='lat' dir='ltr'><strong>ad</strong></span> <span class='ocrx_word' id='word_1_385' title='bbox 1727 4695 1904 4736; x_wconf 90' lang='lat' dir='ltr'><strong>rerum</strong></span> 
     </span>
    </p>
   </div>
   <div class='ocr_carea' id='block_1_49' title="bbox 308 4774 1907 4845">
    <p class='ocr_par' dir='ltr' id='par_1_49' title="bbox 308 4774 1907 4845">
     <span class='ocr_line' id='line_1_49' title="bbox 308 4774 1907 4845; baseline -0.003 -12"><span class='ocrx_word' id='word_1_386' title='bbox 308 4777 535 4845; x_wconf 83' lang='lat' dir='ltr'><strong>exitum,</strong></span> <span class='ocrx_word' id='word_1_387' title='bbox 576 4791 682 4833; x_wconf 90' lang='lat' dir='ltr'><strong>non</strong></span> <span class='ocrx_word' id='word_1_388' title='bbox 730 4786 815 4832; x_wconf 90' lang='lat' dir='ltr'><strong>est</strong></span> <span class='ocrx_word' id='word_1_389' title='bbox 862 4785 1143 4831; x_wconf 89' lang='lat' dir='ltr'><strong>mortuus:</strong></span> <span class='ocrx_word' id='word_1_390' title='bbox 1194 4774 1362 4829; x_wconf 87' lang='lat' dir='ltr'><strong>Filius</strong></span> <span class='ocrx_word' id='word_1_391' title='bbox 1416 4788 1548 4830; x_wconf 92' lang='lat' dir='ltr'><strong>vero</strong></span> <span class='ocrx_word' id='word_1_392' title='bbox 1601 4774 1695 4830; x_wconf 91' lang='lat' dir='ltr'><strong>Dei</strong></span> <span class='ocrx_word' id='word_1_393' title='bbox 1743 4788 1907 4829; x_wconf 90' lang='lat' dir='ltr'><strong>carne</strong></span> 
     </span>
    </p>
   </div>
   <div class='ocr_carea' id='block_1_50' title="bbox 313 4866 1696 4937">
    <p class='ocr_par' dir='ltr' id='par_1_50' title="bbox 313 4866 1696 4937">
     <span class='ocr_line' id='line_1_50' title="bbox 313 4866 1696 4937; baseline 0 -16"><span class='ocrx_word' id='word_1_394' title='bbox 313 4887 342 4922; x_wconf 82' lang='grc' dir='ltr'>ιι</span> <span class='ocrx_word' id='word_1_395' title='bbox 366 4880 556 4925; x_wconf 92' lang='lat' dir='ltr'><strong>ortuus</strong></span> <span class='ocrx_word' id='word_1_396' title='bbox 579 4877 683 4937; x_wconf 90' lang='lat' dir='ltr'><strong>est,</strong></span> <span class='ocrx_word' id='word_1_397' title='bbox 714 4869 809 4924; x_wconf 87' lang='lat' dir='ltr'><strong>sed</strong></span> <span class='ocrx_word' id='word_1_398' title='bbox 831 4868 1085 4923; x_wconf 89' lang='lat' dir='ltr'><strong>divinitas</strong></span> <span class='ocrx_word' id='word_1_399' title='bbox 1113 4866 1455 4937; x_wconf 88' lang='lat' dir='ltr'><strong>impassibilis</strong></span> <span class='ocrx_word' id='word_1_400' title='bbox 1481 4868 1696 4923; x_wconf 91' lang='lat' dir='ltr'><strong>mansit.</strong></span> 
     </span>
    </p>
   </div>
   <div class='ocr_carea' id='block_1_51' title="bbox 381 4957 1911 5033">
    <p class='ocr_par' dir='ltr' id='par_1_51' title="bbox 381 4957 1911 5033">
     <span class='ocr_line' id='line_1_51' title="bbox 381 4957 1911 5033; baseline -0.001 -17"><span class='ocrx_word' id='word_1_401' title='bbox 381 4963 436 5017; x_wconf 79' lang='lat'><strong>5.</strong></span> <span class='ocrx_word' id='word_1_402' title='bbox 455 4961 593 5017; x_wconf 81' lang='lat' dir='ltr'><strong>Deus</strong></span> <span class='ocrx_word' id='word_1_403' title='bbox 610 4977 819 5033; x_wconf 78' lang='lat' dir='ltr'><strong>magnas</strong></span> <span class='ocrx_word' id='word_1_404' title='bbox 836 4976 915 5015; x_wconf 83' lang='lat' dir='ltr'><strong>res</strong></span> <span class='ocrx_word' id='word_1_405' title='bbox 936 4977 1024 5030; x_wconf 81' lang='lat' dir='ltr'><strong>per</strong></span> <span class='ocrx_word' id='word_1_406' title='bbox 1039 4960 1242 5013; x_wconf 78' lang='lat' dir='ltr'><strong>umbras</strong></span> <span class='ocrx_word' id='word_1_407' title='bbox 1263 4957 1911 5029; x_wconf 70' lang='lat' dir='ltr'><strong>prmignavit.—-Semper</strong></span> 
     </span>
    </p>
   </div>
   <div class='ocr_carea' id='block_1_52' title="bbox 314 5049 1906 5123">
    <p class='ocr_par' dir='ltr' id='par_1_52' title="bbox 314 5049 1906 5123">
     <span class='ocr_line' id='line_1_52' title="bbox 314 5049 1906 5123; baseline -0.001 -15"><span class='ocrx_word' id='word_1_408' title='bbox 314 5055 457 5109; x_wconf 89' lang='lat' dir='ltr'><strong>enim</strong></span> <span class='ocrx_word' id='word_1_409' title='bbox 488 5054 628 5108; x_wconf 89' lang='lat' dir='ltr'><strong>Deus</strong></span> <span class='ocrx_word' id='word_1_410' title='bbox 651 5095 667 5120; x_wconf 94' lang='lat'><strong>,</strong></span> <span class='ocrx_word' id='word_1_411' title='bbox 698 5069 819 5108; x_wconf 90' lang='lat' dir='ltr'><strong>cum</strong></span> <span class='ocrx_word' id='word_1_412' title='bbox 850 5068 1097 5123; x_wconf 84' lang='lat' dir='ltr'><strong>magnam</strong></span> <span class='ocrx_word' id='word_1_413' title='bbox 1127 5049 1430 5123; x_wconf 86' lang='lat' dir='ltr'><strong>quampiam</strong></span> <span class='ocrx_word' id='word_1_414' title='bbox 1471 5066 1585 5106; x_wconf 89' lang='lat' dir='ltr'><strong>rem</strong></span> <span class='ocrx_word' id='word_1_415' title='bbox 1625 5051 1906 5120; x_wconf 88' lang='lat' dir='ltr'><strong>dispensa-</strong></span> 
     </span>
    </p>
   </div>
   <div class='ocr_carea' id='block_1_53' title="bbox 313 5143 1907 5216">
    <p class='ocr_par' dir='ltr' id='par_1_53' title="bbox 313 5143 1907 5216">
     <span class='ocr_line' id='line_1_53' title="bbox 313 5143 1907 5216; baseline 0 -17"><span class='ocrx_word' id='word_1_416' title='bbox 313 5153 464 5200; x_wconf 88' lang='lat' dir='ltr'><strong>turus</strong></span> <span class='ocrx_word' id='word_1_417' title='bbox 485 5154 568 5201; x_wconf 88' lang='lat' dir='ltr'><strong>est</strong></span> <span class='ocrx_word' id='word_1_418' title='bbox 594 5146 734 5216; x_wconf 90' lang='lat' dir='ltr'><strong>apud</strong></span> <span class='ocrx_word' id='word_1_419' title='bbox 762 5145 1006 5200; x_wconf 87' lang='lat' dir='ltr'><strong>homines</strong></span> <span class='ocrx_word' id='word_1_420' title='bbox 1028 5185 1044 5209; x_wconf 88' lang='lat'><strong>,</strong></span> <span class='ocrx_word' id='word_1_421' title='bbox 1086 5158 1204 5199; x_wconf 91' lang='lat' dir='ltr'><strong>eam</strong></span> <span class='ocrx_word' id='word_1_422' title='bbox 1245 5144 1540 5213; x_wconf 78' lang='lat' dir='ltr'><strong>praevenit,</strong></span> <span class='ocrx_word' id='word_1_423' title='bbox 1573 5152 1628 5199; x_wconf 92' lang='lat' dir='ltr'><strong>et</strong></span> <span class='ocrx_word' id='word_1_424' title='bbox 1660 5143 1907 5199; x_wconf 88' lang='lat' dir='ltr'><strong>umbram</strong></span> 
     </span>
    </p>
   </div>
   <div class='ocr_carea' id='block_1_54' title="bbox 316 5234 1905 5307">
    <p class='ocr_par' dir='ltr' id='par_1_54' title="bbox 316 5234 1905 5307">
     <span class='ocr_line' id='line_1_54' title="bbox 316 5234 1905 5307; baseline -0.001 -15"><span class='ocrx_word' id='word_1_425' title='bbox 316 5238 434 5306; x_wconf 86' lang='lat' dir='ltr'><strong>ejus</strong></span> <span class='ocrx_word' id='word_1_426' title='bbox 463 5238 608 5307; x_wconf 88' lang='lat' dir='ltr'><strong>prius</strong></span> <span class='ocrx_word' id='word_1_427' title='bbox 644 5237 920 5306; x_wconf 82' lang='lat' dir='ltr'><strong>depingit,</strong></span> <span class='ocrx_word' id='word_1_428' title='bbox 964 5245 1022 5290; x_wconf 91' lang='lat' dir='ltr'><strong>ut</strong></span> <span class='ocrx_word' id='word_1_429' title='bbox 1052 5249 1173 5290; x_wconf 91' lang='lat' dir='ltr'><strong>cum</strong></span> <span class='ocrx_word' id='word_1_430' title='bbox 1212 5235 1411 5289; x_wconf 88' lang='lat' dir='ltr'><strong>veritas</strong></span> <span class='ocrx_word' id='word_1_431' title='bbox 1444 5234 1721 5290; x_wconf 86' lang='lat' dir='ltr'><strong>adveniret</strong></span> <span class='ocrx_word' id='word_1_432' title='bbox 1745 5276 1759 5297; x_wconf 86' lang='lat'><strong><em>.</em></strong></span> <span class='ocrx_word' id='word_1_433' title='bbox 1806 5234 1905 5303; x_wconf 87' lang='lat' dir='ltr'><strong>ipsi</strong></span> 
     </span>
    </p>
   </div>
   <div class='ocr_carea' id='block_1_55' title="bbox 316 5326 1906 5400">
    <p class='ocr_par' dir='ltr' id='par_1_55' title="bbox 316 5326 1906 5400">
     <span class='ocr_line' id='line_1_55' title="bbox 316 5326 1906 5400; baseline 0 -17"><span class='ocrx_word' id='word_1_434' title='bbox 316 5329 475 5384; x_wconf 83' lang='lat' dir='ltr'><strong>ﬁdem</strong></span> <span class='ocrx_word' id='word_1_435' title='bbox 507 5344 610 5384; x_wconf 92' lang='lat' dir='ltr'><strong>non</strong></span> <span class='ocrx_word' id='word_1_436' title='bbox 642 5337 934 5400; x_wconf 89' lang='lat' dir='ltr'><strong>negarent;</strong></span> <span class='ocrx_word' id='word_1_437' title='bbox 980 5337 1039 5383; x_wconf 93' lang='lat' dir='ltr'><strong>ut</strong></span> <span class='ocrx_word' id='word_1_438' title='bbox 1076 5342 1197 5383; x_wconf 92' lang='lat' dir='ltr'><strong>cum</strong></span> <span class='ocrx_word' id='word_1_439' title='bbox 1236 5326 1411 5398; x_wconf 85' lang='lat' dir='ltr'><strong>imago</strong></span> <span class='ocrx_word' id='word_1_440' title='bbox 1444 5328 1808 5399; x_wconf 58' lang='lat' dir='ltr'><strong>praecessisset</strong></span> <span class='ocrx_word' id='word_1_441' title='bbox 1830 5369 1844 5393; x_wconf 90' lang='lat'><strong>,</strong></span> <span class='ocrx_word' id='word_1_442' title='bbox 1875 5343 1906 5383; x_wconf 88' lang='lat' dir='ltr'><strong>a</strong></span> 
     </span>
    </p>
   </div>
   <div class='ocr_carea' id='block_1_56' title="bbox 314 5417 1902 5488">
    <p class='ocr_par' dir='ltr' id='par_1_56' title="bbox 314 5417 1902 5488">
     <span class='ocr_line' id='line_1_56' title="bbox 314 5417 1902 5488; baseline -0.001 -15"><span class='ocrx_word' id='word_1_443' title='bbox 314 5420 585 5474; x_wconf 89' lang='lat' dir='ltr'><strong>credendo</strong></span> <span class='ocrx_word' id='word_1_444' title='bbox 623 5420 834 5475; x_wconf 85' lang='lat' dir='ltr'><strong>veritati</strong></span> <span class='ocrx_word' id='word_1_445' title='bbox 873 5434 979 5475; x_wconf 93' lang='lat' dir='ltr'><strong>non</strong></span> <span class='ocrx_word' id='word_1_446' title='bbox 1038 5417 1366 5474; x_wconf 88' lang='lat' dir='ltr'><strong>recederent.</strong></span> <span class='ocrx_word' id='word_1_447' title='bbox 1412 5418 1656 5488; x_wconf 83' lang='lat' dir='ltr'><strong>Exempli</strong></span> <span class='ocrx_word' id='word_1_448' title='bbox 1704 5433 1863 5475; x_wconf 88' lang='lat' dir='ltr'><strong>causa</strong></span> <span class='ocrx_word' id='word_1_449' title='bbox 1886 5460 1902 5486; x_wconf 93' lang='lat'><strong>,</strong></span> 
     </span>
    </p>
   </div>
   <div class='ocr_carea' id='block_1_57' title="bbox 314 5510 1908 5583">
    <p class='ocr_par' dir='ltr' id='par_1_57' title="bbox 314 5510 1908 5583">
     <span class='ocr_line' id='line_1_57' title="bbox 314 5510 1908 5583; baseline -0.001 -17"><span class='ocrx_word' id='word_1_450' title='bbox 314 5511 652 5567; x_wconf 87' lang='lat' dir='ltr'><strong>sanctissima</strong></span> <span class='ocrx_word' id='word_1_451' title='bbox 678 5511 839 5582; x_wconf 90' lang='lat' dir='ltr'><strong>Virgo</strong></span> <span class='ocrx_word' id='word_1_452' title='bbox 868 5510 1102 5583; x_wconf 86' lang='lat' dir='ltr'><strong>paritura</strong></span> <span class='ocrx_word' id='word_1_453' title='bbox 1126 5518 1241 5566; x_wconf 89' lang='lat' dir='ltr'><strong>erat</strong></span> <span class='ocrx_word' id='word_1_454' title='bbox 1263 5551 1280 5576; x_wconf 91' lang='lat'><strong>,</strong></span> <span class='ocrx_word' id='word_1_455' title='bbox 1311 5524 1503 5581; x_wconf 91' lang='lat' dir='ltr'><strong>resque</strong></span> <span class='ocrx_word' id='word_1_456' title='bbox 1542 5510 1632 5566; x_wconf 90' lang='lat' dir='ltr'><strong>illa</strong></span> <span class='ocrx_word' id='word_1_457' title='bbox 1672 5510 1908 5566; x_wconf 83' lang='lat' dir='ltr'><strong>incredi-</strong></span> 
     </span>
    </p>
   </div>
   <div class='ocr_carea' id='block_1_58' title="bbox 316 5601 1910 5674">
    <p class='ocr_par' dir='ltr' id='par_1_58' title="bbox 316 5601 1910 5674">
     <span class='ocr_line' id='line_1_58' title="bbox 316 5601 1910 5674; baseline 0.003 -19"><span class='ocrx_word' id='word_1_458' title='bbox 316 5601 439 5655; x_wconf 89' lang='lat' dir='ltr'><strong>bilis</strong></span> <span class='ocrx_word' id='word_1_459' title='bbox 478 5602 794 5659; x_wconf 86' lang='lat' dir='ltr'><strong>videbatur:</strong></span> <span class='ocrx_word' id='word_1_460' title='bbox 842 5617 966 5657; x_wconf 90' lang='lat' dir='ltr'><strong>nam</strong></span> <span class='ocrx_word' id='word_1_461' title='bbox 1008 5601 1278 5673; x_wconf 91' lang='lat' dir='ltr'><strong>quomodo</strong></span> <span class='ocrx_word' id='word_1_462' title='bbox 1318 5603 1469 5674; x_wconf 88' lang='lat' dir='ltr'><strong>virgo</strong></span> <span class='ocrx_word' id='word_1_463' title='bbox 1512 5617 1701 5673; x_wconf 89' lang='lat' dir='ltr'><strong>parere</strong></span> <span class='ocrx_word' id='word_1_464' title='bbox 1741 5603 1910 5673; x_wconf 88' lang='lat' dir='ltr'><strong>possit</strong></span> 
     </span>
    </p>
   </div>
   <div class='ocr_carea' id='block_1_59' title="bbox 317 5693 1907 5765">
    <p class='ocr_par' dir='ltr' id='par_1_59' title="bbox 317 5693 1907 5765">
     <span class='ocr_line' id='line_1_59' title="bbox 317 5693 1907 5765; baseline 0.003 -20"><span class='ocrx_word' id='word_1_465' title='bbox 317 5699 515 5758; x_wconf 79' lang='lat' dir='ltr'><strong>praeter</strong></span> <span class='ocrx_word' id='word_1_466' title='bbox 539 5702 739 5749; x_wconf 67' lang='lat' dir='ltr'><strong>naturae</strong></span> <span class='ocrx_word' id='word_1_467' title='bbox 759 5693 929 5764; x_wconf 88' lang='lat' dir='ltr'><strong>legem</strong></span> <span class='ocrx_word' id='word_1_468' title='bbox 949 5694 973 5747; x_wconf 87' lang='lat'><strong>?</strong></span> <span class='ocrx_word' id='word_1_469' title='bbox 992 5693 1252 5749; x_wconf 7' lang='lat' dir='ltr'><strong>siccenim</strong></span> <span class='ocrx_word' id='word_1_470' title='bbox 1283 5693 1495 5764; x_wconf 83' lang='lat' dir='ltr'><strong>genitus</strong></span> <span class='ocrx_word' id='word_1_471' title='bbox 1526 5702 1724 5765; x_wconf 76' lang='lat' dir='ltr'><strong>praeter</strong></span> <span class='ocrx_word' id='word_1_472' title='bbox 1757 5694 1907 5750; x_wconf 84' lang='lat' dir='ltr'><strong>ordi-</strong></span> 
     </span>
    </p>
   </div>
   <div class='ocr_carea' id='block_1_60' title="bbox 318 5784 1907 5857">
    <p class='ocr_par' dir='ltr' id='par_1_60' title="bbox 318 5784 1907 5857">
     <span class='ocr_line' id='line_1_60' title="bbox 318 5784 1907 5857; baseline 0.003 -19"><span class='ocrx_word' id='word_1_473' title='bbox 318 5795 442 5838; x_wconf 71' lang='lat' dir='ltr'><strong>nem</strong></span> <span class='ocrx_word' id='word_1_474' title='bbox 468 5792 671 5842; x_wconf 62' lang='lat' dir='ltr'><strong>natura:</strong></span> <span class='ocrx_word' id='word_1_475' title='bbox 705 5785 957 5857; x_wconf 80' lang='lat' dir='ltr'><strong>prodiret.</strong></span> <span class='ocrx_word' id='word_1_476' title='bbox 997 5785 1126 5855; x_wconf 82' lang='lat' dir='ltr'><strong>Quis</strong></span> <span class='ocrx_word' id='word_1_477' title='bbox 1169 5801 1200 5841; x_wconf 90' lang='lat' dir='ltr'><strong>a</strong></span> <span class='ocrx_word' id='word_1_478' title='bbox 1242 5787 1439 5842; x_wconf 76' lang='lat' dir='ltr'><strong>saeculo</strong></span> <span class='ocrx_word' id='word_1_479' title='bbox 1476 5784 1608 5842; x_wconf 87' lang='lat' dir='ltr'><strong>vidit</strong></span> <span class='ocrx_word' id='word_1_480' title='bbox 1649 5786 1907 5857; x_wconf 85' lang='lat' dir='ltr'><strong>virginem</strong></span> 
     </span>
    </p>
   </div>
   <div class='ocr_carea' id='block_1_61' title="bbox 1493 333 2243 394">
    <p class='ocr_par' dir='ltr' id='par_1_61' title="bbox 1493 333 2243 394">
     <span class='ocr_line' id='line_1_61' title="bbox 1493 333 2243 394; baseline -0.003 0"><span class='ocrx_word' id='word_1_481' title='bbox 1493 337 1583 394; x_wconf 85' lang='lat' dir='ltr'><strong>DE</strong></span> <span class='ocrx_word' id='word_1_482' title='bbox 1622 334 1849 393; x_wconf 77' lang='grc' dir='ltr'><strong>ΒΕΑΤο</strong></span> <span class='ocrx_word' id='word_1_483' title='bbox 1888 333 2243 392; x_wconf 70' lang='lat' dir='ltr'><strong>ABRAIIAM.</strong></span> 
     </span>
    </p>
   </div>
   <div class='ocr_carea' id='block_1_62' title="bbox 3500 340 3605 398">
    <p class='ocr_par' dir='ltr' id='par_1_62' title="bbox 3500 340 3605 398">
     <span class='ocr_line' id='line_1_62' title="bbox 3500 340 3605 398; baseline 0.029 -4"><span class='ocrx_word' id='word_1_484' title='bbox 3500 340 3605 398; x_wconf 63' lang='grc' dir='ltr'><strong>ἨΞ</strong></span> 
     </span>
    </p>
   </div>
   <div class='ocr_carea' id='block_1_63' title="bbox 2010 454 3606 527">
    <p class='ocr_par' dir='ltr' id='par_1_63' title="bbox 2010 454 3606 527">
     <span class='ocr_line' id='line_1_63' title="bbox 2010 454 3606 527; baseline 0.003 -19"><span class='ocrx_word' id='word_1_485' title='bbox 2010 454 2351 524; x_wconf 82' lang='lat' dir='ltr'><strong>parientem?</strong></span> <span class='ocrx_word' id='word_1_486' title='bbox 2375 454 2452 510; x_wconf 88' lang='lat' dir='ltr'><strong>Ne</strong></span> <span class='ocrx_word' id='word_1_487' title='bbox 2478 454 2655 526; x_wconf 87' lang='lat' dir='ltr'><strong>itaque</strong></span> <span class='ocrx_word' id='word_1_488' title='bbox 2680 454 2850 511; x_wconf 58' lang='lat' dir='ltr'><strong>Judaei</strong></span> <span class='ocrx_word' id='word_1_489' title='bbox 2881 454 2932 511; x_wconf 91' lang='lat' dir='ltr'><strong>in</strong></span> <span class='ocrx_word' id='word_1_490' title='bbox 2970 470 3215 527; x_wconf 82' lang='lat' dir='ltr'><strong>magnam</strong></span> <span class='ocrx_word' id='word_1_491' title='bbox 3259 457 3570 514; x_wconf 79' lang='lat' dir='ltr'><strong>incredulta</strong></span> <span class='ocrx_word' id='word_1_492' title='bbox 3592 488 3606 500; x_wconf 88' lang='lat'><strong><em>-</em></strong></span> 
     </span>
    </p>
   </div>
   <div class='ocr_carea' id='block_1_64' title="bbox 2012 546 3602 619">
    <p class='ocr_par' dir='ltr' id='par_1_64' title="bbox 2012 546 3602 619">
     <span class='ocr_line' id='line_1_64' title="bbox 2012 546 3602 619; baseline 0.003 -19"><span class='ocrx_word' id='word_1_493' title='bbox 2012 554 2120 601; x_wconf 88' lang='lat' dir='ltr'><strong>tem</strong></span> <span class='ocrx_word' id='word_1_494' title='bbox 2150 547 2396 613; x_wconf 85' lang='lat' dir='ltr'><strong>abirent,</strong></span> <span class='ocrx_word' id='word_1_495' title='bbox 2428 546 2684 619; x_wconf 83' lang='lat' dir='ltr'><strong>praevenit</strong></span> <span class='ocrx_word' id='word_1_496' title='bbox 2715 547 2854 603; x_wconf 89' lang='lat' dir='ltr'><strong>Deus</strong></span> <span class='ocrx_word' id='word_1_497' title='bbox 2879 555 2933 603; x_wconf 91' lang='lat' dir='ltr'><strong>et</strong></span> <span class='ocrx_word' id='word_1_498' title='bbox 2956 548 3240 604; x_wconf 84' lang='lat' dir='ltr'><strong>adumbrat</strong></span> <span class='ocrx_word' id='word_1_499' title='bbox 3265 549 3318 603; x_wconf 89' lang='lat' dir='ltr'><strong>in</strong></span> <span class='ocrx_word' id='word_1_500' title='bbox 3346 550 3477 605; x_wconf 83' lang='lat' dir='ltr'><strong>Sara</strong></span> <span class='ocrx_word' id='word_1_501' title='bbox 3505 567 3602 605; x_wconf 88' lang='lat' dir='ltr'><strong>ve-</strong></span> 
     </span>
    </p>
   </div>
   <div class='ocr_carea' id='block_1_65' title="bbox 2010 637 3606 711">
    <p class='ocr_par' dir='ltr' id='par_1_65' title="bbox 2010 637 3606 711">
     <span class='ocr_line' id='line_1_65' title="bbox 2010 637 3606 711; baseline 0.002 -19"><span class='ocrx_word' id='word_1_502' title='bbox 2010 637 2221 693; x_wconf 86' lang='lat' dir='ltr'><strong>ritatem</strong></span> <span class='ocrx_word' id='word_1_503' title='bbox 2244 680 2260 706; x_wconf 96' lang='lat'><strong>,</strong></span> <span class='ocrx_word' id='word_1_504' title='bbox 2284 646 2343 693; x_wconf 91' lang='lat' dir='ltr'><strong>ut</strong></span> <span class='ocrx_word' id='word_1_505' title='bbox 2363 653 2483 694; x_wconf 90' lang='lat' dir='ltr'><strong>eum</strong></span> <span class='ocrx_word' id='word_1_506' title='bbox 2501 639 2851 710; x_wconf 75' lang='lat' dir='ltr'><strong>quaestionem</strong></span> <span class='ocrx_word' id='word_1_507' title='bbox 2872 647 3148 695; x_wconf 89' lang='lat' dir='ltr'><strong>moverent</strong></span> <span class='ocrx_word' id='word_1_508' title='bbox 3167 640 3436 710; x_wconf 90' lang='lat' dir='ltr'><strong>quomodo</strong></span> <span class='ocrx_word' id='word_1_509' title='bbox 3458 640 3606 711; x_wconf 84' lang='lat' dir='ltr'><strong>virgo</strong></span> 
     </span>
    </p>
   </div>
   <div class='ocr_carea' id='block_1_66' title="bbox 2009 729 3604 802">
    <p class='ocr_par' dir='ltr' id='par_1_66' title="bbox 2009 729 3604 802">
     <span class='ocr_line' id='line_1_66' title="bbox 2009 729 3604 802; baseline 0.004 -20"><span class='ocrx_word' id='word_1_510' title='bbox 2009 729 2291 798; x_wconf 88' lang='lat' dir='ltr'><strong>genuerit,</strong></span> <span class='ocrx_word' id='word_1_511' title='bbox 2326 731 2584 787; x_wconf 88' lang='lat' dir='ltr'><strong>memoria</strong></span> <span class='ocrx_word' id='word_1_512' title='bbox 2608 740 2913 801; x_wconf 89' lang='lat' dir='ltr'><strong>repetentes</strong></span> <span class='ocrx_word' id='word_1_513' title='bbox 2943 732 3118 802; x_wconf 88' lang='lat' dir='ltr'><strong>potius</strong></span> <span class='ocrx_word' id='word_1_514' title='bbox 3141 732 3381 789; x_wconf 77' lang='lat' dir='ltr'><strong>dicerent</strong></span> <span class='ocrx_word' id='word_1_515' title='bbox 3403 775 3418 800; x_wconf 89' lang='lat'><strong>,</strong></span> <span class='ocrx_word' id='word_1_516' title='bbox 3456 733 3604 801; x_wconf 84' lang='lat' dir='ltr'><strong>Quo-</strong></span> 
     </span>
    </p>
   </div>
   <div class='ocr_carea' id='block_1_67' title="bbox 2009 822 3597 897">
    <p class='ocr_par' dir='ltr' id='par_1_67' title="bbox 2009 822 3597 897">
     <span class='ocr_line' id='line_1_67' title="bbox 2009 822 3597 897; baseline 0.002 -20"><span class='ocrx_word' id='word_1_517' title='bbox 2009 822 2171 878; x_wconf 90' lang='lat' dir='ltr'><strong>modo</strong></span> <span class='ocrx_word' id='word_1_518' title='bbox 2196 822 2326 879; x_wconf 88' lang='lat' dir='ltr'><strong>Sara</strong></span> <span class='ocrx_word' id='word_1_519' title='bbox 2354 824 2577 895; x_wconf 88' lang='lat' dir='ltr'><strong>genuit?</strong></span> <span class='ocrx_word' id='word_1_520' title='bbox 2604 825 2713 880; x_wconf 92' lang='lat' dir='ltr'><strong>imo</strong></span> <span class='ocrx_word' id='word_1_521' title='bbox 2738 826 2897 881; x_wconf 89' lang='lat' dir='ltr'><strong>etiam</strong></span> <span class='ocrx_word' id='word_1_522' title='bbox 2934 826 3106 897; x_wconf 81' lang='lat' dir='ltr'><strong>magis</strong></span> <span class='ocrx_word' id='word_1_523' title='bbox 3145 827 3248 882; x_wconf 88' lang='lat' dir='ltr'><strong>hoc</strong></span> <span class='ocrx_word' id='word_1_524' title='bbox 3284 825 3597 892; x_wconf 87' lang='lat' dir='ltr'><strong>ratiocinio,</strong></span> 
     </span>
    </p>
   </div>
   <div class='ocr_carea' id='block_1_68' title="bbox 2010 914 3605 988">
    <p class='ocr_par' dir='ltr' id='par_1_68' title="bbox 2010 914 3605 988">
     <span class='ocr_line' id='line_1_68' title="bbox 2010 914 3605 988; baseline 0.004 -21"><span class='ocrx_word' id='word_1_525' title='bbox 2010 914 2291 980; x_wconf 89' lang='lat' dir='ltr'><strong>Quomodo</strong></span> <span class='ocrx_word' id='word_1_526' title='bbox 2323 924 2461 970; x_wconf 90' lang='lat' dir='ltr'><strong>terra</strong></span> <span class='ocrx_word' id='word_1_527' title='bbox 2486 956 2503 983; x_wconf 91' lang='lat'><strong>,</strong></span> <span class='ocrx_word' id='word_1_528' title='bbox 2533 916 2683 987; x_wconf 87' lang='lat' dir='ltr'><strong>virgo</strong></span> <span class='ocrx_word' id='word_1_529' title='bbox 2710 930 2832 970; x_wconf 90' lang='lat' dir='ltr'><strong>cum</strong></span> <span class='ocrx_word' id='word_1_530' title='bbox 2859 924 3041 985; x_wconf 89' lang='lat' dir='ltr'><strong>esset,</strong></span> <span class='ocrx_word' id='word_1_531' title='bbox 3073 916 3298 988; x_wconf 84' lang='lat' dir='ltr'><strong>genuit?</strong></span> <span class='ocrx_word' id='word_1_532' title='bbox 3325 916 3456 988; x_wconf 81' lang='lat' dir='ltr'><strong>Ligo</strong></span> <span class='ocrx_word' id='word_1_533' title='bbox 3499 929 3605 973; x_wconf 87' lang='lat' dir='ltr'><strong>non</strong></span> 
     </span>
    </p>
   </div>
   <div class='ocr_carea' id='block_1_69' title="bbox 2009 1008 3605 1081">
    <p class='ocr_par' dir='ltr' id='par_1_69' title="bbox 2009 1008 3605 1081">
     <span class='ocr_line' id='line_1_69' title="bbox 2009 1008 3605 1081; baseline 0.004 -21"><span class='ocrx_word' id='word_1_534' title='bbox 2009 1014 2125 1061; x_wconf 88' lang='lat' dir='ltr'><strong>erat</strong></span> <span class='ocrx_word' id='word_1_535' title='bbox 2146 1048 2162 1075; x_wconf 95' lang='lat'><strong>,</strong></span> <span class='ocrx_word' id='word_1_536' title='bbox 2190 1008 2420 1079; x_wconf 88' lang='lat' dir='ltr'><strong>agricola</strong></span> <span class='ocrx_word' id='word_1_537' title='bbox 2449 1051 2464 1078; x_wconf 94' lang='lat'><strong>,</strong></span> <span class='ocrx_word' id='word_1_538' title='bbox 2488 1009 2578 1081; x_wconf 87' lang='lat' dir='ltr'><strong>qui</strong></span> <span class='ocrx_word' id='word_1_539' title='bbox 2603 1008 2805 1065; x_wconf 87' lang='lat' dir='ltr'><strong>coleret</strong></span> <span class='ocrx_word' id='word_1_540' title='bbox 2832 1024 2950 1066; x_wconf 91' lang='lat' dir='ltr'><strong>eam</strong></span> <span class='ocrx_word' id='word_1_541' title='bbox 2977 1052 2992 1077; x_wconf 97' lang='lat'><strong>,</strong></span> <span class='ocrx_word' id='word_1_542' title='bbox 3025 1025 3132 1065; x_wconf 91' lang='lat' dir='ltr'><strong>non</strong></span> <span class='ocrx_word' id='word_1_543' title='bbox 3170 1010 3394 1077; x_wconf 88' lang='lat' dir='ltr'><strong>aderat,</strong></span> <span class='ocrx_word' id='word_1_544' title='bbox 3428 1010 3605 1080; x_wconf 59' lang='lat' dir='ltr'><strong>pluma</strong></span> 
     </span>
    </p>
   </div>
   <div class='ocr_carea' id='block_1_70' title="bbox 2010 1095 3606 1172">
    <p class='ocr_par' dir='ltr' id='par_1_70' title="bbox 2010 1095 3606 1172">
     <span class='ocr_line' id='line_1_70' title="bbox 2010 1095 3606 1172; baseline 0.003 -22"><span class='ocrx_word' id='word_1_545' title='bbox 2010 1111 2117 1150; x_wconf 92' lang='lat' dir='ltr'><strong>non</strong></span> <span class='ocrx_word' id='word_1_546' title='bbox 2142 1095 2452 1164; x_wconf 87' lang='lat' dir='ltr'><strong>deciderat,</strong></span> <span class='ocrx_word' id='word_1_547' title='bbox 2486 1098 2653 1155; x_wconf 88' lang='lat' dir='ltr'><strong>herba</strong></span> <span class='ocrx_word' id='word_1_548' title='bbox 2680 1100 2732 1155; x_wconf 92' lang='lat' dir='ltr'><strong>in</strong></span> <span class='ocrx_word' id='word_1_549' title='bbox 2762 1099 2848 1155; x_wconf 87' lang='lat' dir='ltr'><strong>illa</strong></span> <span class='ocrx_word' id='word_1_550' title='bbox 2876 1116 2985 1156; x_wconf 89' lang='lat' dir='ltr'><strong>non</strong></span> <span class='ocrx_word' id='word_1_551' title='bbox 3012 1101 3359 1172; x_wconf 86' lang='lat' dir='ltr'><strong>pullulaverat</strong></span> <span class='ocrx_word' id='word_1_552' title='bbox 3384 1144 3399 1169; x_wconf 88' lang='lat'><strong>,</strong></span> <span class='ocrx_word' id='word_1_553' title='bbox 3425 1102 3606 1156; x_wconf 89' lang='lat' dir='ltr'><strong>sulcus</strong></span> 
     </span>
    </p>
   </div>
   <div class='ocr_carea' id='block_1_71' title="bbox 2010 1187 3605 1264">
    <p class='ocr_par' dir='ltr' id='par_1_71' title="bbox 2010 1187 3605 1264">
     <span class='ocr_line' id='line_1_71' title="bbox 2010 1187 3605 1264; baseline 0.004 -22"><span class='ocrx_word' id='word_1_554' title='bbox 2010 1187 2062 1242; x_wconf 91' lang='lat' dir='ltr'><strong>in</strong></span> <span class='ocrx_word' id='word_1_555' title='bbox 2089 1203 2152 1243; x_wconf 89' lang='lat' dir='ltr'><strong>ea</strong></span> <span class='ocrx_word' id='word_1_556' title='bbox 2181 1189 2359 1245; x_wconf 90' lang='lat' dir='ltr'><strong>nullus</strong></span> <span class='ocrx_word' id='word_1_557' title='bbox 2377 1230 2392 1256; x_wconf 92' lang='lat'><strong>,</strong></span> <span class='ocrx_word' id='word_1_558' title='bbox 2425 1190 2569 1247; x_wconf 85' lang='lat' dir='ltr'><strong>arida</strong></span> <span class='ocrx_word' id='word_1_559' title='bbox 2596 1202 2712 1246; x_wconf 88' lang='lat' dir='ltr'><strong>erat</strong></span> <span class='ocrx_word' id='word_1_560' title='bbox 2735 1233 2750 1257; x_wconf 90' lang='lat'><strong>,</strong></span> <span class='ocrx_word' id='word_1_561' title='bbox 2782 1206 2966 1248; x_wconf 90' lang='lat' dir='ltr'><strong>semen</strong></span> <span class='ocrx_word' id='word_1_562' title='bbox 2995 1208 3100 1247; x_wconf 90' lang='lat' dir='ltr'><strong>non</strong></span> <span class='ocrx_word' id='word_1_563' title='bbox 3130 1202 3472 1264; x_wconf 89' lang='lat' dir='ltr'><strong>susceperat,</strong></span> <span class='ocrx_word' id='word_1_564' title='bbox 3513 1209 3605 1249; x_wconf 88' lang='lat' dir='ltr'><strong>ros</strong></span> 
     </span>
    </p>
   </div>
   <div class='ocr_carea' id='block_1_72' title="bbox 2009 1278 3602 1354">
    <p class='ocr_par' dir='ltr' id='par_1_72' title="bbox 2009 1278 3602 1354">
     <span class='ocr_line' id='line_1_72' title="bbox 2009 1278 3602 1354; baseline 0.004 -22"><span class='ocrx_word' id='word_1_565' title='bbox 2009 1291 2128 1332; x_wconf 88' lang='lat' dir='ltr'><strong>eam</strong></span> <span class='ocrx_word' id='word_1_566' title='bbox 2158 1278 2333 1334; x_wconf 72' lang='lat' dir='ltr'><strong>laetam</strong></span> <span class='ocrx_word' id='word_1_567' title='bbox 2363 1295 2469 1335; x_wconf 93' lang='lat' dir='ltr'><strong>non</strong></span> <span class='ocrx_word' id='word_1_568' title='bbox 2499 1279 2716 1336; x_wconf 82' lang='lat' dir='ltr'><strong>fecerat.</strong></span> <span class='ocrx_word' id='word_1_569' title='bbox 2762 1282 2854 1337; x_wconf 92' lang='lat' dir='ltr'><strong>Dic</strong></span> <span class='ocrx_word' id='word_1_570' title='bbox 2894 1282 3054 1353; x_wconf 84' lang='lat' dir='ltr'><strong>igitur</strong></span> <span class='ocrx_word' id='word_1_571' title='bbox 3097 1283 3226 1338; x_wconf 84' lang='lat' dir='ltr'><strong>mihi</strong></span> <span class='ocrx_word' id='word_1_572' title='bbox 3247 1322 3263 1350; x_wconf 94' lang='lat'><strong>,</strong></span> <span class='ocrx_word' id='word_1_573' title='bbox 3297 1284 3566 1354; x_wconf 86' lang='lat' dir='ltr'><strong>quomodo</strong></span> <span class='ocrx_word' id='word_1_574' title='bbox 3587 1327 3602 1348; x_wconf 85' lang='lat'><strong>,</strong></span> 
     </span>
    </p>
   </div>
   <div class='ocr_carea' id='block_1_73' title="bbox 2007 1369 3605 1445">
    <p class='ocr_par' dir='ltr' id='par_1_73' title="bbox 2007 1369 3605 1445">
     <span class='ocr_line' id='line_1_73' title="bbox 2007 1369 3605 1445; baseline 0.005 -23"><span class='ocrx_word' id='word_1_575' title='bbox 2007 1369 2159 1440; x_wconf 88' lang='lat' dir='ltr'><strong>virgo</strong></span> <span class='ocrx_word' id='word_1_576' title='bbox 2178 1384 2299 1425; x_wconf 89' lang='lat' dir='ltr'><strong>cum</strong></span> <span class='ocrx_word' id='word_1_577' title='bbox 2319 1378 2501 1438; x_wconf 85' lang='lat' dir='ltr'><strong>esset,</strong></span> <span class='ocrx_word' id='word_1_578' title='bbox 2524 1370 2802 1427; x_wconf 89' lang='lat' dir='ltr'><strong>innumera</strong></span> <span class='ocrx_word' id='word_1_579' title='bbox 2840 1373 3127 1428; x_wconf 87' lang='lat' dir='ltr'><strong>herbarum</strong></span> <span class='ocrx_word' id='word_1_580' title='bbox 3152 1389 3352 1445; x_wconf 87' lang='lat' dir='ltr'><strong>genera</strong></span> <span class='ocrx_word' id='word_1_581' title='bbox 3388 1375 3605 1430; x_wconf 81' lang='lat' dir='ltr'><strong>emisit?</strong></span> 
     </span>
    </p>
   </div>
   <div class='ocr_carea' id='block_1_74' title="bbox 2009 1462 3608 1536">
    <p class='ocr_par' dir='ltr' id='par_1_74' title="bbox 2009 1462 3608 1536">
     <span class='ocr_line' id='line_1_74' title="bbox 2009 1462 3608 1536; baseline 0.004 -18"><span class='ocrx_word' id='word_1_582' title='bbox 2009 1462 2080 1518; x_wconf 88' lang='lat' dir='ltr'><strong>At</strong></span> <span class='ocrx_word' id='word_1_583' title='bbox 2120 1478 2226 1518; x_wconf 92' lang='lat' dir='ltr'><strong>non</strong></span> <span class='ocrx_word' id='word_1_584' title='bbox 2274 1473 2425 1534; x_wconf 89' lang='lat' dir='ltr'><strong>potes</strong></span> <span class='ocrx_word' id='word_1_585' title='bbox 2468 1480 2583 1521; x_wconf 91' lang='lat' dir='ltr'><strong>rem</strong></span> <span class='ocrx_word' id='word_1_586' title='bbox 2623 1465 2931 1536; x_wconf 89' lang='lat' dir='ltr'><strong>explicare,</strong></span> <span class='ocrx_word' id='word_1_587' title='bbox 2969 1468 3064 1523; x_wconf 90' lang='lat' dir='ltr'><strong>sed</strong></span> <span class='ocrx_word' id='word_1_588' title='bbox 3106 1469 3281 1534; x_wconf 85' lang='lat' dir='ltr'><strong>dicis,</strong></span> <span class='ocrx_word' id='word_1_589' title='bbox 3328 1469 3399 1526; x_wconf 92' lang='lat' dir='ltr'><strong>Ut</strong></span> <span class='ocrx_word' id='word_1_590' title='bbox 3440 1470 3608 1525; x_wconf 86' lang='lat' dir='ltr'><strong>voluit</strong></span> 
     </span>
    </p>
   </div>
   <div class='ocr_carea' id='block_1_75' title="bbox 2016 1557 3608 1633">
    <p class='ocr_par' dir='ltr' id='par_1_75' title="bbox 2016 1557 3608 1633">
     <span class='ocr_line' id='line_1_75' title="bbox 2016 1557 3608 1633; baseline 0.005 -22"><span class='ocrx_word' id='word_1_591' title='bbox 2016 1557 2173 1611; x_wconf 87' lang='lat' dir='ltr'><strong>Deus.</strong></span> <span class='ocrx_word' id='word_1_592' title='bbox 2204 1557 2405 1613; x_wconf 87' lang='lat' dir='ltr'><strong>Eodem</strong></span> <span class='ocrx_word' id='word_1_593' title='bbox 2433 1558 2593 1630; x_wconf 89' lang='lat' dir='ltr'><strong>igitur</strong></span> <span class='ocrx_word' id='word_1_594' title='bbox 2618 1559 2778 1615; x_wconf 90' lang='lat' dir='ltr'><strong>modo</strong></span> <span class='ocrx_word' id='word_1_595' title='bbox 2801 1568 2853 1615; x_wconf 91' lang='lat' dir='ltr'><strong>et</strong></span> <span class='ocrx_word' id='word_1_596' title='bbox 2878 1561 2945 1617; x_wconf 91' lang='lat' dir='ltr'><strong>de</strong></span> <span class='ocrx_word' id='word_1_597' title='bbox 2969 1561 3186 1633; x_wconf 83' lang='lat' dir='ltr'><strong>Virgine</strong></span> <span class='ocrx_word' id='word_1_598' title='bbox 3208 1604 3223 1631; x_wconf 93' lang='lat'><strong>,</strong></span> <span class='ocrx_word' id='word_1_599' title='bbox 3249 1577 3371 1618; x_wconf 88' lang='lat' dir='ltr'><strong>eum</strong></span> <span class='ocrx_word' id='word_1_600' title='bbox 3399 1564 3608 1620; x_wconf 53' lang='lat' dir='ltr'><strong>dubita.</strong></span> 
     </span>
    </p>
   </div>
   <div class='ocr_carea' id='block_1_76' title="bbox 2011 1648 3604 1725">
    <p class='ocr_par' dir='ltr' id='par_1_76' title="bbox 2011 1648 3604 1725">
     <span class='ocr_line' id='line_1_76' title="bbox 2011 1648 3604 1725; baseline 0.008 -23"><span class='ocrx_word' id='word_1_601' title='bbox 2011 1648 2085 1703; x_wconf 91' lang='lat' dir='ltr'><strong>tio</strong></span> <span class='ocrx_word' id='word_1_602' title='bbox 2113 1648 2292 1714; x_wconf 90' lang='lat' dir='ltr'><strong>subit,</strong></span> <span class='ocrx_word' id='word_1_603' title='bbox 2332 1649 2482 1706; x_wconf 89' lang='lat' dir='ltr'><strong>disce</strong></span> <span class='ocrx_word' id='word_1_604' title='bbox 2506 1666 2611 1706; x_wconf 91' lang='lat' dir='ltr'><strong>non</strong></span> <span class='ocrx_word' id='word_1_605' title='bbox 2639 1652 2850 1708; x_wconf 87' lang='lat' dir='ltr'><strong>curiose</strong></span> <span class='ocrx_word' id='word_1_606' title='bbox 2880 1653 3253 1724; x_wconf 88' lang='lat' dir='ltr'><strong>inquirendum</strong></span> <span class='ocrx_word' id='word_1_607' title='bbox 3280 1672 3399 1712; x_wconf 91' lang='lat' dir='ltr'><strong>esse</strong></span> <span class='ocrx_word' id='word_1_608' title='bbox 3426 1700 3441 1725; x_wconf 96' lang='lat'><strong>,</strong></span> <span class='ocrx_word' id='word_1_609' title='bbox 3483 1675 3604 1717; x_wconf 86' lang='lat' dir='ltr'><strong>eum</strong></span> 
     </span>
    </p>
   </div>
   <div class='ocr_carea' id='block_1_77' title="bbox 2009 1737 3598 1813">
    <p class='ocr_par' dir='ltr' id='par_1_77' title="bbox 2009 1737 3598 1813">
     <span class='ocr_line' id='line_1_77' title="bbox 2009 1737 3598 1813; baseline 0.005 -20"><span class='ocrx_word' id='word_1_610' title='bbox 2009 1737 2152 1793; x_wconf 88' lang='lat' dir='ltr'><strong>Deus</strong></span> <span class='ocrx_word' id='word_1_611' title='bbox 2192 1747 2490 1809; x_wconf 82' lang='lat' dir='ltr'><strong>Operatur:</strong></span> <span class='ocrx_word' id='word_1_612' title='bbox 2535 1756 2604 1796; x_wconf 88' lang='lat' dir='ltr'><strong>ne</strong></span> <span class='ocrx_word' id='word_1_613' title='bbox 2641 1756 2852 1811; x_wconf 65' lang='lat' dir='ltr'><strong>quatras</strong></span> <span class='ocrx_word' id='word_1_614' title='bbox 2885 1757 2952 1796; x_wconf 89' lang='lat' dir='ltr'><strong>an</strong></span> <span class='ocrx_word' id='word_1_615' title='bbox 2991 1743 3283 1800; x_wconf 88' lang='lat' dir='ltr'><strong>secundum</strong></span> <span class='ocrx_word' id='word_1_616' title='bbox 3322 1757 3598 1813; x_wconf 78' lang='lat' dir='ltr'><strong>naturam,</strong></span> 
     </span>
    </p>
   </div>
   <div class='ocr_carea' id='block_1_78' title="bbox 2008 1828 3601 1906">
    <p class='ocr_par' dir='ltr' id='par_1_78' title="bbox 2008 1828 3601 1906">
     <span class='ocr_line' id='line_1_78' title="bbox 2008 1828 3601 1906; baseline 0.007 -25"><span class='ocrx_word' id='word_1_617' title='bbox 2008 1828 2221 1899; x_wconf 88' lang='lat' dir='ltr'><strong>quando</strong></span> <span class='ocrx_word' id='word_1_618' title='bbox 2251 1837 2454 1886; x_wconf 84' lang='lat' dir='ltr'><strong>naturae</strong></span> <span class='ocrx_word' id='word_1_619' title='bbox 2477 1830 2644 1900; x_wconf 85' lang='lat' dir='ltr'><strong>ipsius</strong></span> <span class='ocrx_word' id='word_1_620' title='bbox 2669 1830 2858 1888; x_wconf 81' lang='lat' dir='ltr'><strong>artifex</strong></span> <span class='ocrx_word' id='word_1_621' title='bbox 2879 1841 3168 1902; x_wconf 91' lang='lat' dir='ltr'><strong>operatur;</strong></span> <span class='ocrx_word' id='word_1_622' title='bbox 3195 1850 3259 1891; x_wconf 89' lang='lat' dir='ltr'><strong>ne</strong></span> <span class='ocrx_word' id='word_1_623' title='bbox 3282 1837 3601 1906; x_wconf 72' lang='lat' dir='ltr'><strong>quaestiones</strong></span> 
     </span>
    </p>
   </div>
   <div class='ocr_carea' id='block_1_79' title="bbox 2013 1920 3605 1998">
    <p class='ocr_par' dir='ltr' id='par_1_79' title="bbox 2013 1920 3605 1998">
     <span class='ocr_line' id='line_1_79' title="bbox 2013 1920 3605 1998; baseline 0.006 -24"><span class='ocrx_word' id='word_1_624' title='bbox 2013 1920 2208 1975; x_wconf 89' lang='lat' dir='ltr'><strong>multas</strong></span> <span class='ocrx_word' id='word_1_625' title='bbox 2234 1935 2474 1978; x_wconf 86' lang='lat' dir='ltr'><strong>moveas.</strong></span> <span class='ocrx_word' id='word_1_626' title='bbox 2509 1922 2683 1991; x_wconf 91' lang='lat' dir='ltr'><strong>Dixit,</strong></span> <span class='ocrx_word' id='word_1_627' title='bbox 2712 1921 2968 1978; x_wconf 78' lang='lat' dir='ltr'><strong>Germinet</strong></span> <span class='ocrx_word' id='word_1_628' title='bbox 2993 1933 3127 1979; x_wconf 81' lang='lat' dir='ltr'><strong>terra</strong></span> <span class='ocrx_word' id='word_1_629' title='bbox 3165 1925 3187 1997; x_wconf 85' lang='lat'>(</span> <span class='ocrx_word' id='word_1_630' title='bbox 3213 1924 3342 1981; x_wconf 82' lang='lat' dir='ltr'><strong>Gen.</strong></span> <span class='ocrx_word' id='word_1_631' title='bbox 3386 1928 3437 1982; x_wconf 84' lang='grc'><strong>1.</strong></span> <span class='ocrx_word' id='word_1_632' title='bbox 3471 1928 3532 1983; x_wconf 77' lang='lat' dir='ltr'><strong>ll</strong></span> <span class='ocrx_word' id='word_1_633' title='bbox 3564 1928 3605 1998; x_wconf 85' lang='lat'><strong>),</strong></span> 
     </span>
    </p>
   </div>
   <div class='ocr_carea' id='block_1_80' title="bbox 2009 2011 3610 2085">
    <p class='ocr_par' dir='ltr' id='par_1_80' title="bbox 2009 2011 3610 2085">
     <span class='ocr_line' id='line_1_80' title="bbox 2009 2011 3610 2085; baseline 0.006 -21"><span class='ocrx_word' id='word_1_634' title='bbox 2009 2018 2065 2065; x_wconf 87' lang='lat' dir='ltr'><strong>et</strong></span> <span class='ocrx_word' id='word_1_635' title='bbox 2089 2011 2269 2065; x_wconf 83' lang='lat' dir='ltr'><strong>statim</strong></span> <span class='ocrx_word' id='word_1_636' title='bbox 2299 2011 2354 2066; x_wconf 87' lang='lat' dir='ltr'><strong>in</strong></span> <span class='ocrx_word' id='word_1_637' title='bbox 2384 2020 2541 2067; x_wconf 67' lang='lat' dir='ltr'><strong>terra:</strong></span> <span class='ocrx_word' id='word_1_638' title='bbox 2567 2012 2771 2069; x_wconf 90' lang='lat' dir='ltr'><strong>viscera</strong></span> <span class='ocrx_word' id='word_1_639' title='bbox 2800 2026 2980 2070; x_wconf 87' lang='lat' dir='ltr'><strong>sermo</strong></span> <span class='ocrx_word' id='word_1_640' title='bbox 3009 2015 3280 2085; x_wconf 85' lang='lat' dir='ltr'><strong>ingressus</strong></span> <span class='ocrx_word' id='word_1_641' title='bbox 3310 2024 3394 2072; x_wconf 89' lang='lat' dir='ltr'><strong>est</strong></span> <span class='ocrx_word' id='word_1_642' title='bbox 3416 2057 3432 2083; x_wconf 92' lang='lat'><strong>,</strong></span> <span class='ocrx_word' id='word_1_643' title='bbox 3464 2028 3518 2072; x_wconf 89' lang='lat' dir='ltr'><strong>et</strong></span> <span class='ocrx_word' id='word_1_644' title='bbox 3543 2018 3610 2073; x_wconf 86' lang='lat' dir='ltr'><strong>ad</strong></span> 
     </span>
    </p>
   </div>
   <div class='ocr_carea' id='block_1_81' title="bbox 2012 2101 3609 2178">
    <p class='ocr_par' dir='ltr' id='par_1_81' title="bbox 2012 2101 3609 2178">
     <span class='ocr_line' id='line_1_81' title="bbox 2012 2101 3609 2178; baseline 0.007 -23"><span class='ocrx_word' id='word_1_645' title='bbox 2012 2110 2220 2171; x_wconf 84' lang='lat' dir='ltr'><strong>partum</strong></span> <span class='ocrx_word' id='word_1_646' title='bbox 2264 2101 2433 2173; x_wconf 90' lang='lat' dir='ltr'><strong>ipsam</strong></span> <span class='ocrx_word' id='word_1_647' title='bbox 2478 2104 2729 2160; x_wconf 80' lang='lat' dir='ltr'><strong>excitavit</strong></span> <span class='ocrx_word' id='word_1_648' title='bbox 2768 2123 2782 2160; x_wconf 90' lang='lat'><strong>:</strong></span> <span class='ocrx_word' id='word_1_649' title='bbox 2826 2105 3087 2178; x_wconf 83' lang='lat' dir='ltr'><strong>virgoque</strong></span> <span class='ocrx_word' id='word_1_650' title='bbox 3122 2109 3327 2178; x_wconf 82' lang='lat' dir='ltr'><strong>genuit.</strong></span> <span class='ocrx_word' id='word_1_651' title='bbox 3376 2109 3609 2166; x_wconf 89' lang='lat' dir='ltr'><strong>Verbum</strong></span> 
     </span>
    </p>
   </div>
   <div class='ocr_carea' id='block_1_82' title="bbox 2008 2195 3609 2267">
    <p class='ocr_par' dir='ltr' id='par_1_82' title="bbox 2008 2195 3609 2267">
     <span class='ocr_line' id='line_1_82' title="bbox 2008 2195 3609 2267; baseline 0.006 -19"><span class='ocrx_word' id='word_1_652' title='bbox 2008 2202 2125 2248; x_wconf 88' lang='lat' dir='ltr'><strong>erat</strong></span> <span class='ocrx_word' id='word_1_653' title='bbox 2150 2209 2312 2250; x_wconf 85' lang='lat' dir='ltr'><strong>unum</strong></span> <span class='ocrx_word' id='word_1_654' title='bbox 2338 2236 2353 2261; x_wconf 90' lang='lat'><strong>,</strong></span> <span class='ocrx_word' id='word_1_655' title='bbox 2380 2195 2522 2267; x_wconf 88' lang='lat' dir='ltr'><strong>quod</strong></span> <span class='ocrx_word' id='word_1_656' title='bbox 2548 2197 2904 2266; x_wconf 88' lang='lat' dir='ltr'><strong>procedebat,</strong></span> <span class='ocrx_word' id='word_1_657' title='bbox 2932 2209 2989 2254; x_wconf 86' lang='lat' dir='ltr'><strong>et</strong></span> <span class='ocrx_word' id='word_1_658' title='bbox 3012 2199 3293 2256; x_wconf 87' lang='lat' dir='ltr'><strong>innumera</strong></span> <span class='ocrx_word' id='word_1_659' title='bbox 3320 2201 3609 2258; x_wconf 83' lang='lat' dir='ltr'><strong>herbarum</strong></span> 
     </span>
    </p>
   </div>
   <div class='ocr_carea' id='block_1_83' title="bbox 2009 2286 3608 2366">
    <p class='ocr_par' dir='ltr' id='par_1_83' title="bbox 2009 2286 3608 2366">
     <span class='ocr_line' id='line_1_83' title="bbox 2009 2286 3608 2366; baseline 0.006 -25"><span class='ocrx_word' id='word_1_660' title='bbox 2009 2301 2207 2357; x_wconf 88' lang='lat' dir='ltr'><strong>genera</strong></span> <span class='ocrx_word' id='word_1_661' title='bbox 2236 2286 2498 2357; x_wconf 87' lang='lat' dir='ltr'><strong>pullulare</strong></span> <span class='ocrx_word' id='word_1_662' title='bbox 2525 2289 2648 2346; x_wconf 77' lang='lat' dir='ltr'><strong>fecit</strong></span> <span class='ocrx_word' id='word_1_663' title='bbox 2669 2332 2684 2356; x_wconf 96' lang='lat'><strong>,</strong></span> <span class='ocrx_word' id='word_1_664' title='bbox 2717 2300 2771 2347; x_wconf 89' lang='lat' dir='ltr'><strong>et</strong></span> <span class='ocrx_word' id='word_1_665' title='bbox 2798 2305 2894 2362; x_wconf 86' lang='lat' dir='ltr'><strong>per</strong></span> <span class='ocrx_word' id='word_1_666' title='bbox 2916 2293 3135 2348; x_wconf 87' lang='lat' dir='ltr'><strong>verbum</strong></span> <span class='ocrx_word' id='word_1_667' title='bbox 3164 2303 3303 2349; x_wconf 89' lang='lat' dir='ltr'><strong>terra</strong></span> <span class='ocrx_word' id='word_1_668' title='bbox 3335 2294 3608 2366; x_wconf 85' lang='lat' dir='ltr'><strong>proprium</strong></span> 
     </span>
    </p>
   </div>
   <div class='ocr_carea' id='block_1_84' title="bbox 2010 2380 3609 2458">
    <p class='ocr_par' dir='ltr' id='par_1_84' title="bbox 2010 2380 3609 2458">
     <span class='ocr_line' id='line_1_84' title="bbox 2010 2380 3609 2458; baseline 0.006 -26"><span class='ocrx_word' id='word_1_669' title='bbox 2010 2380 2300 2451; x_wconf 87' lang='lat' dir='ltr'><strong>assumpsit</strong></span> <span class='ocrx_word' id='word_1_670' title='bbox 2322 2390 2592 2437; x_wconf 89' lang='lat' dir='ltr'><strong>ornatum.</strong></span> <span class='ocrx_word' id='word_1_671' title='bbox 2617 2382 2920 2455; x_wconf 83' lang='lat' dir='ltr'><strong>Videreque</strong></span> <span class='ocrx_word' id='word_1_672' title='bbox 2940 2395 3054 2441; x_wconf 91' lang='lat' dir='ltr'><strong>erat</strong></span> <span class='ocrx_word' id='word_1_673' title='bbox 3086 2394 3281 2442; x_wconf 86' lang='lat' dir='ltr'><strong>terram</strong></span> <span class='ocrx_word' id='word_1_674' title='bbox 3313 2397 3461 2442; x_wconf 85' lang='lat' dir='ltr'><strong>metu</strong></span> <span class='ocrx_word' id='word_1_675' title='bbox 3490 2388 3609 2458; x_wconf 49' lang='lat' dir='ltr'><strong>agi-</strong></span> 
     </span>
    </p>
   </div>
   <div class='ocr_carea' id='block_1_85' title="bbox 2012 2475 3607 2549">
    <p class='ocr_par' dir='ltr' id='par_1_85' title="bbox 2012 2475 3607 2549">
     <span class='ocr_line' id='line_1_85' title="bbox 2012 2475 3607 2549; baseline 0.005 -22"><span class='ocrx_word' id='word_1_676' title='bbox 2012 2480 2171 2528; x_wconf 87' lang='lat' dir='ltr'><strong>tatam</strong></span> <span class='ocrx_word' id='word_1_677' title='bbox 2197 2515 2213 2541; x_wconf 93' lang='lat'><strong>,</strong></span> <span class='ocrx_word' id='word_1_678' title='bbox 2243 2475 2489 2531; x_wconf 87' lang='lat' dir='ltr'><strong>volucres</strong></span> <span class='ocrx_word' id='word_1_679' title='bbox 2514 2491 2706 2548; x_wconf 91' lang='lat' dir='ltr'><strong>nempe</strong></span> <span class='ocrx_word' id='word_1_680' title='bbox 2729 2518 2745 2546; x_wconf 89' lang='lat'><strong>,</strong></span> <span class='ocrx_word' id='word_1_681' title='bbox 2773 2479 3022 2549; x_wconf 89' lang='lat' dir='ltr'><strong>aquatilia</strong></span> <span class='ocrx_word' id='word_1_682' title='bbox 3047 2521 3064 2547; x_wconf 91' lang='lat'><strong>,</strong></span> <span class='ocrx_word' id='word_1_683' title='bbox 3094 2480 3368 2535; x_wconf 87' lang='lat' dir='ltr'><strong>terrestria</strong></span> <span class='ocrx_word' id='word_1_684' title='bbox 3396 2482 3607 2535; x_wconf 88' lang='lat' dir='ltr'><strong>anima-</strong></span> 
     </span>
    </p>
   </div>
   <div class='ocr_carea' id='block_1_86' title="bbox 2009 2563 3607 2639">
    <p class='ocr_par' dir='ltr' id='par_1_86' title="bbox 2009 2563 3607 2639">
     <span class='ocr_line' id='line_1_86' title="bbox 2009 2563 3607 2639; baseline 0.004 -20"><span class='ocrx_word' id='word_1_685' title='bbox 2009 2563 2079 2619; x_wconf 92' lang='lat' dir='ltr'><strong>lia</strong></span> <span class='ocrx_word' id='word_1_686' title='bbox 2103 2606 2118 2632; x_wconf 89' lang='lat'><strong>,</strong></span> <span class='ocrx_word' id='word_1_687' title='bbox 2148 2574 2299 2635; x_wconf 89' lang='lat' dir='ltr'><strong>prata</strong></span> <span class='ocrx_word' id='word_1_688' title='bbox 2320 2606 2335 2632; x_wconf 87' lang='lat'><strong>,</strong></span> <span class='ocrx_word' id='word_1_689' title='bbox 2359 2565 2517 2623; x_wconf 84' lang='lat' dir='ltr'><strong>ﬁeres</strong></span> <span class='ocrx_word' id='word_1_690' title='bbox 2540 2608 2555 2632; x_wconf 90' lang='lat'><strong>,</strong></span> <span class='ocrx_word' id='word_1_691' title='bbox 2580 2567 2801 2623; x_wconf 87' lang='lat' dir='ltr'><strong>arbores</strong></span> <span class='ocrx_word' id='word_1_692' title='bbox 2825 2609 2839 2636; x_wconf 90' lang='lat'><strong>,</strong></span> <span class='ocrx_word' id='word_1_693' title='bbox 2867 2568 3029 2624; x_wconf 90' lang='lat' dir='ltr'><strong>vitem</strong></span> <span class='ocrx_word' id='word_1_694' title='bbox 3049 2610 3064 2635; x_wconf 94' lang='lat'><strong>,</strong></span> <span class='ocrx_word' id='word_1_695' title='bbox 3090 2569 3283 2624; x_wconf 89' lang='lat' dir='ltr'><strong>olivam</strong></span> <span class='ocrx_word' id='word_1_696' title='bbox 3313 2611 3330 2639; x_wconf 95' lang='lat'><strong>,</strong></span> <span class='ocrx_word' id='word_1_697' title='bbox 3362 2580 3607 2626; x_wconf 89' lang='lat' dir='ltr'><strong>sexcenta</strong></span> 
     </span>
    </p>
   </div>
   <div class='ocr_carea' id='block_1_87' title="bbox 2010 2656 3611 2734">
    <p class='ocr_par' dir='ltr' id='par_1_87' title="bbox 2010 2656 3611 2734">
     <span class='ocr_line' id='line_1_87' title="bbox 2010 2656 3611 2734; baseline 0.004 -23"><span class='ocrx_word' id='word_1_698' title='bbox 2010 2656 2260 2712; x_wconf 90' lang='lat' dir='ltr'><strong>arborum</strong></span> <span class='ocrx_word' id='word_1_699' title='bbox 2305 2673 2502 2730; x_wconf 76' lang='lat' dir='ltr'><strong>genera</strong></span> <span class='ocrx_word' id='word_1_700' title='bbox 2529 2701 2544 2728; x_wconf 91' lang='lat'><strong>,</strong></span> <span class='ocrx_word' id='word_1_701' title='bbox 2591 2674 2900 2730; x_wconf 74' lang='lat' dir='ltr'><strong>prmcoees,</strong></span> <span class='ocrx_word' id='word_1_702' title='bbox 2951 2675 3154 2733; x_wconf 89' lang='lat' dir='ltr'><strong>suoque</strong></span> <span class='ocrx_word' id='word_1_703' title='bbox 3200 2670 3444 2733; x_wconf 88' lang='lat' dir='ltr'><strong>tempore</strong></span> <span class='ocrx_word' id='word_1_704' title='bbox 3486 2679 3611 2734; x_wconf 88' lang='lat' dir='ltr'><strong>pro-</strong></span> 
     </span>
    </p>
   </div>
   <div class='ocr_carea' id='block_1_88' title="bbox 2010 2747 3610 2825">
    <p class='ocr_par' dir='ltr' id='par_1_88' title="bbox 2010 2747 3610 2825">
     <span class='ocr_line' id='line_1_88' title="bbox 2010 2747 3610 2825; baseline 0.004 -22"><span class='ocrx_word' id='word_1_705' title='bbox 2010 2747 2237 2806; x_wconf 90' lang='lat' dir='ltr'><strong>deuntes</strong></span> <span class='ocrx_word' id='word_1_706' title='bbox 2261 2749 2462 2808; x_wconf 80' lang='lat' dir='ltr'><strong>fructus</strong></span> <span class='ocrx_word' id='word_1_707' title='bbox 2491 2768 2505 2806; x_wconf 92' lang='lat'><strong>:</strong></span> <span class='ocrx_word' id='word_1_708' title='bbox 2539 2768 2658 2824; x_wconf 69' lang='lat' dir='ltr'><strong>qua:</strong></span> <span class='ocrx_word' id='word_1_709' title='bbox 2689 2754 2741 2808; x_wconf 88' lang='lat' dir='ltr'><strong>in</strong></span> <span class='ocrx_word' id='word_1_710' title='bbox 2775 2755 2993 2823; x_wconf 86' lang='lat' dir='ltr'><strong>planitie</strong></span> <span class='ocrx_word' id='word_1_711' title='bbox 3016 2796 3031 2820; x_wconf 90' lang='lat'><strong>,</strong></span> <span class='ocrx_word' id='word_1_712' title='bbox 3063 2770 3183 2825; x_wconf 62' lang='lat' dir='ltr'><strong>qua:</strong></span> <span class='ocrx_word' id='word_1_713' title='bbox 3222 2755 3290 2810; x_wconf 90' lang='lat' dir='ltr'><strong>ad</strong></span> <span class='ocrx_word' id='word_1_714' title='bbox 3326 2771 3472 2812; x_wconf 87' lang='lat' dir='ltr'><strong>mare</strong></span> <span class='ocrx_word' id='word_1_715' title='bbox 3497 2798 3510 2823; x_wconf 90' lang='lat'><strong>,</strong></span> <span class='ocrx_word' id='word_1_716' title='bbox 3544 2758 3610 2812; x_wconf 83' lang='lat' dir='ltr'><strong>ad</strong></span> 
     </span>
    </p>
   </div>
   <div class='ocr_carea' id='block_1_89' title="bbox 2012 2839 3609 2916">
    <p class='ocr_par' dir='ltr' id='par_1_89' title="bbox 2012 2839 3609 2916">
     <span class='ocr_line' id='line_1_89' title="bbox 2012 2839 3609 2916; baseline 0.006 -22"><span class='ocrx_word' id='word_1_717' title='bbox 2012 2839 2200 2910; x_wconf 90' lang='lat' dir='ltr'><strong>lacus,</strong></span> <span class='ocrx_word' id='word_1_718' title='bbox 2250 2842 2316 2897; x_wconf 90' lang='lat' dir='ltr'><strong>ad</strong></span> <span class='ocrx_word' id='word_1_719' title='bbox 2362 2842 2617 2911; x_wconf 76' lang='lat' dir='ltr'><strong>ﬁumina,</strong></span> <span class='ocrx_word' id='word_1_720' title='bbox 2669 2844 2736 2900; x_wconf 84' lang='lat' dir='ltr'><strong>ad</strong></span> <span class='ocrx_word' id='word_1_721' title='bbox 2780 2844 2992 2912; x_wconf 84' lang='lat' dir='ltr'><strong>fontes,</strong></span> <span class='ocrx_word' id='word_1_722' title='bbox 3042 2862 3160 2916; x_wconf 73' lang='lat' dir='ltr'><strong>qua:</strong></span> <span class='ocrx_word' id='word_1_723' title='bbox 3213 2846 3269 2901; x_wconf 89' lang='lat' dir='ltr'><strong>in</strong></span> <span class='ocrx_word' id='word_1_724' title='bbox 3312 2847 3609 2904; x_wconf 88' lang='lat' dir='ltr'><strong>montibus.</strong></span> 
     </span>
    </p>
   </div>
   <div class='ocr_carea' id='block_1_90' title="bbox 2011 2930 3612 3011">
    <p class='ocr_par' dir='ltr' id='par_1_90' title="bbox 2011 2930 3612 3011">
     <span class='ocr_line' id='line_1_90' title="bbox 2011 2930 3612 3011; baseline 0.004 -23"><span class='ocrx_word' id='word_1_725' title='bbox 2011 2930 2163 2988; x_wconf 86' lang='lat' dir='ltr'><strong>Unus</strong></span> <span class='ocrx_word' id='word_1_726' title='bbox 2190 2942 2309 2989; x_wconf 84' lang='lat' dir='ltr'><strong>erat</strong></span> <span class='ocrx_word' id='word_1_727' title='bbox 2332 2950 2510 2990; x_wconf 87' lang='lat' dir='ltr'><strong>sermo</strong></span> <span class='ocrx_word' id='word_1_728' title='bbox 2540 2950 2769 3007; x_wconf 83' lang='lat' dir='ltr'><strong>Operans</strong></span> <span class='ocrx_word' id='word_1_729' title='bbox 2797 2978 2813 3005; x_wconf 94' lang='lat'><strong>,</strong></span> <span class='ocrx_word' id='word_1_730' title='bbox 2855 2946 2911 2993; x_wconf 89' lang='lat' dir='ltr'><strong>et</strong></span> <span class='ocrx_word' id='word_1_731' title='bbox 2936 2947 3076 2994; x_wconf 84' lang='lat' dir='ltr'><strong>terra</strong></span> <span class='ocrx_word' id='word_1_732' title='bbox 3103 2955 3259 2994; x_wconf 89' lang='lat' dir='ltr'><strong>suum</strong></span> <span class='ocrx_word' id='word_1_733' title='bbox 3285 2942 3612 3011; x_wconf 78' lang='lat' dir='ltr'><strong>assequeba-</strong></span> 
     </span>
    </p>
   </div>
   <div class='ocr_carea' id='block_1_91' title="bbox 2012 3025 3608 3102">
    <p class='ocr_par' dir='ltr' id='par_1_91' title="bbox 2012 3025 3608 3102">
     <span class='ocr_line' id='line_1_91' title="bbox 2012 3025 3608 3102; baseline 0.005 -22"><span class='ocrx_word' id='word_1_734' title='bbox 2012 3033 2100 3081; x_wconf 88' lang='lat' dir='ltr'><strong>tur</strong></span> <span class='ocrx_word' id='word_1_735' title='bbox 2126 3025 2400 3083; x_wconf 89' lang='lat' dir='ltr'><strong>decorem.</strong></span> <span class='ocrx_word' id='word_1_736' title='bbox 2431 3026 2787 3099; x_wconf 84' lang='lat' dir='ltr'><strong>Interpretare</strong></span> <span class='ocrx_word' id='word_1_737' title='bbox 2808 3030 2973 3096; x_wconf 89' lang='lat' dir='ltr'><strong>mihi,</strong></span> <span class='ocrx_word' id='word_1_738' title='bbox 3005 3030 3221 3097; x_wconf 63' lang='lat' dir='ltr'><strong>Iudaee,</strong></span> <span class='ocrx_word' id='word_1_739' title='bbox 3253 3030 3307 3086; x_wconf 93' lang='lat' dir='ltr'><strong>id</strong></span> <span class='ocrx_word' id='word_1_740' title='bbox 3337 3033 3608 3102; x_wconf 86' lang='lat' dir='ltr'><strong>quomodo</strong></span> 
     </span>
    </p>
   </div>
   <div class='ocr_carea' id='block_1_92' title="bbox 2011 3116 3610 3193">
    <p class='ocr_par' dir='ltr' id='par_1_92' title="bbox 2011 3116 3610 3193">
     <span class='ocr_line' id='line_1_92' title="bbox 2011 3116 3610 3193; baseline 0.007 -23"><span class='ocrx_word' id='word_1_741' title='bbox 2011 3116 2206 3171; x_wconf 77' lang='lat' dir='ltr'><strong>factum</strong></span> <span class='ocrx_word' id='word_1_742' title='bbox 2233 3118 2302 3172; x_wconf 90' lang='lat' dir='ltr'><strong>sit</strong></span> <span class='ocrx_word' id='word_1_743' title='bbox 2332 3135 2345 3172; x_wconf 89' lang='lat'><strong>:</strong></span> <span class='ocrx_word' id='word_1_744' title='bbox 2375 3127 2429 3173; x_wconf 90' lang='lat' dir='ltr'><strong>at</strong></span> <span class='ocrx_word' id='word_1_745' title='bbox 2454 3134 2561 3174; x_wconf 88' lang='lat' dir='ltr'><strong>non</strong></span> <span class='ocrx_word' id='word_1_746' title='bbox 2588 3129 2758 3189; x_wconf 90' lang='lat' dir='ltr'><strong>potes.</strong></span> <span class='ocrx_word' id='word_1_747' title='bbox 2792 3121 2975 3177; x_wconf 83' lang='lat' dir='ltr'><strong>Viden’</strong></span> <span class='ocrx_word' id='word_1_748' title='bbox 2998 3122 3267 3193; x_wconf 89' lang='lat' dir='ltr'><strong>quomodo</strong></span> <span class='ocrx_word' id='word_1_749' title='bbox 3287 3139 3440 3180; x_wconf 90' lang='lat' dir='ltr'><strong>error</strong></span> <span class='ocrx_word' id='word_1_750' title='bbox 3467 3140 3497 3179; x_wconf 92' lang='lat' dir='ltr'><strong>a</strong></span> <span class='ocrx_word' id='word_1_751' title='bbox 3523 3141 3610 3182; x_wconf 88' lang='lat' dir='ltr'><strong>se-</strong></span> 
     </span>
    </p>
   </div>
   <div class='ocr_carea' id='block_1_93' title="bbox 2012 3208 3608 3284">
    <p class='ocr_par' dir='ltr' id='par_1_93' title="bbox 2012 3208 3608 3284">
     <span class='ocr_line' id='line_1_93' title="bbox 2012 3208 3608 3284; baseline 0.008 -23"><span class='ocrx_word' id='word_1_752' title='bbox 2012 3208 2239 3277; x_wconf 89' lang='lat' dir='ltr'><strong>metipso</strong></span> <span class='ocrx_word' id='word_1_753' title='bbox 2273 3210 2687 3279; x_wconf 87' lang='lat' dir='ltr'><strong>supplautetur?</strong></span> <span class='ocrx_word' id='word_1_754' title='bbox 2730 3212 2960 3268; x_wconf 86' lang='lat' dir='ltr'><strong>Attende</strong></span> <span class='ocrx_word' id='word_1_755' title='bbox 2996 3213 3298 3284; x_wconf 85' lang='lat' dir='ltr'><strong>diligenter.</strong></span> <span class='ocrx_word' id='word_1_756' title='bbox 3339 3216 3608 3284; x_wconf 82' lang='lat' dir='ltr'><strong>Quemad—</strong></span> 
     </span>
    </p>
   </div>
   <div class='ocr_carea' id='block_1_94' title="bbox 2011 3301 3608 3380">
    <p class='ocr_par' dir='ltr' id='par_1_94' title="bbox 2011 3301 3608 3380">
     <span class='ocr_line' id='line_1_94' title="bbox 2011 3301 3608 3380; baseline 0.006 -24"><span class='ocrx_word' id='word_1_757' title='bbox 2011 3301 2226 3357; x_wconf 88' lang='lat' dir='ltr'><strong>modum</strong></span> <span class='ocrx_word' id='word_1_758' title='bbox 2247 3302 2389 3357; x_wconf 89' lang='lat' dir='ltr'><strong>enim</strong></span> <span class='ocrx_word' id='word_1_759' title='bbox 2417 3303 2529 3358; x_wconf 75' lang='lat' dir='ltr'><strong>disi</strong></span> <span class='ocrx_word' id='word_1_760' title='bbox 2553 3344 2570 3373; x_wconf 92' lang='lat'><strong>,</strong></span> <span class='ocrx_word' id='word_1_761' title='bbox 2595 3304 2808 3375; x_wconf 86' lang='lat' dir='ltr'><strong>quando</strong></span> <span class='ocrx_word' id='word_1_762' title='bbox 2829 3306 2939 3360; x_wconf 87' lang='lat' dir='ltr'><strong>vult</strong></span> <span class='ocrx_word' id='word_1_763' title='bbox 2961 3307 3100 3362; x_wconf 85' lang='lat' dir='ltr'><strong>Deus</strong></span> <span class='ocrx_word' id='word_1_764' title='bbox 3122 3323 3235 3363; x_wconf 90' lang='lat' dir='ltr'><strong>rem</strong></span> <span class='ocrx_word' id='word_1_765' title='bbox 3258 3308 3570 3378; x_wconf 88' lang='lat' dir='ltr'><strong>dispensare</strong></span> <span class='ocrx_word' id='word_1_766' title='bbox 3591 3353 3608 3380; x_wconf 93' lang='lat'><strong>,</strong></span> 
     </span>
    </p>
   </div>
   <div class='ocr_carea' id='block_1_95' title="bbox 2010 3395 3599 3474">
    <p class='ocr_par' dir='ltr' id='par_1_95' title="bbox 2010 3395 3599 3474">
     <span class='ocr_line' id='line_1_95' title="bbox 2010 3395 3599 3474; baseline 0.008 -28"><span class='ocrx_word' id='word_1_767' title='bbox 2010 3410 2128 3464; x_wconf 74' lang='lat' dir='ltr'><strong>qua:</strong></span> <span class='ocrx_word' id='word_1_768' title='bbox 2158 3395 2483 3451; x_wconf 88' lang='lat' dir='ltr'><strong>incredibilis</strong></span> <span class='ocrx_word' id='word_1_769' title='bbox 2513 3397 2818 3454; x_wconf 89' lang='lat' dir='ltr'><strong>hominibus</strong></span> <span class='ocrx_word' id='word_1_770' title='bbox 2849 3399 3089 3455; x_wconf 88' lang='lat' dir='ltr'><strong>videatur</strong></span> <span class='ocrx_word' id='word_1_771' title='bbox 3111 3442 3126 3468; x_wconf 92' lang='lat'><strong>,</strong></span> <span class='ocrx_word' id='word_1_772' title='bbox 3157 3403 3432 3470; x_wconf 74' lang='lat' dir='ltr'><strong>prtemittit</strong></span> <span class='ocrx_word' id='word_1_773' title='bbox 3463 3403 3599 3474; x_wconf 44' lang='lat' dir='ltr'><strong>ﬁgu.</strong></span> 
     </span>
    </p>
   </div>
   <div class='ocr_carea' id='block_1_96' title="bbox 2010 3489 3601 3564">
    <p class='ocr_par' dir='ltr' id='par_1_96' title="bbox 2010 3489 3601 3564">
     <span class='ocr_line' id='line_1_96' title="bbox 2010 3489 3601 3564; baseline 0.006 -23"><span class='ocrx_word' id='word_1_774' title='bbox 2010 3501 2126 3542; x_wconf 89' lang='lat' dir='ltr'><strong>ram</strong></span> <span class='ocrx_word' id='word_1_775' title='bbox 2153 3497 2207 3542; x_wconf 90' lang='lat' dir='ltr'><strong>et</strong></span> <span class='ocrx_word' id='word_1_776' title='bbox 2236 3489 2477 3544; x_wconf 87' lang='lat' dir='ltr'><strong>umbram</strong></span> <span class='ocrx_word' id='word_1_777' title='bbox 2500 3530 2516 3556; x_wconf 88' lang='lat'><strong>,</strong></span> <span class='ocrx_word' id='word_1_778' title='bbox 2552 3497 2613 3544; x_wconf 88' lang='lat' dir='ltr'><strong>ut</strong></span> <span class='ocrx_word' id='word_1_779' title='bbox 2637 3506 2705 3546; x_wconf 89' lang='lat' dir='ltr'><strong>ue</strong></span> <span class='ocrx_word' id='word_1_780' title='bbox 2747 3491 2944 3547; x_wconf 90' lang='lat' dir='ltr'><strong>veritas</strong></span> <span class='ocrx_word' id='word_1_781' title='bbox 2971 3493 3262 3564; x_wconf 89' lang='lat' dir='ltr'><strong>derepente</strong></span> <span class='ocrx_word' id='word_1_782' title='bbox 3287 3494 3509 3551; x_wconf 86' lang='lat' dir='ltr'><strong>veniens</strong></span> <span class='ocrx_word' id='word_1_783' title='bbox 3548 3497 3601 3551; x_wconf 91' lang='lat' dir='ltr'><strong>in</strong></span> 
     </span>
    </p>
   </div>
   <div class='ocr_carea' id='block_1_97' title="bbox 2012 3578 3606 3654">
    <p class='ocr_par' dir='ltr' id='par_1_97' title="bbox 2012 3578 3606 3654">
     <span class='ocr_line' id='line_1_97' title="bbox 2012 3578 3606 3654; baseline 0.007 -22"><span class='ocrx_word' id='word_1_784' title='bbox 2012 3578 2439 3636; x_wconf 89' lang='lat' dir='ltr'><strong>incredulitatem</strong></span> <span class='ocrx_word' id='word_1_785' title='bbox 2467 3582 2612 3653; x_wconf 86' lang='lat' dir='ltr'><strong>ipsos</strong></span> <span class='ocrx_word' id='word_1_786' title='bbox 2634 3582 2902 3654; x_wconf 82' lang='lat' dir='ltr'><strong>conjiciat.</strong></span> <span class='ocrx_word' id='word_1_787' title='bbox 2931 3583 3076 3654; x_wconf 86' lang='lat' dir='ltr'><strong>Opus</strong></span> <span class='ocrx_word' id='word_1_788' title='bbox 3096 3593 3213 3640; x_wconf 88' lang='lat' dir='ltr'><strong>erat</strong></span> <span class='ocrx_word' id='word_1_789' title='bbox 3237 3595 3296 3640; x_wconf 91' lang='lat' dir='ltr'><strong>ut</strong></span> <span class='ocrx_word' id='word_1_790' title='bbox 3319 3585 3485 3640; x_wconf 88' lang='lat' dir='ltr'><strong>Filius</strong></span> <span class='ocrx_word' id='word_1_791' title='bbox 3513 3588 3606 3643; x_wconf 88' lang='lat' dir='ltr'><strong>Dei</strong></span> 
     </span>
    </p>
   </div>
   <div class='ocr_carea' id='block_1_98' title="bbox 2011 3671 3610 3746">
    <p class='ocr_par' dir='ltr' id='par_1_98' title="bbox 2011 3671 3610 3746">
     <span class='ocr_line' id='line_1_98' title="bbox 2011 3671 3610 3746; baseline 0.005 -22"><span class='ocrx_word' id='word_1_792' title='bbox 2011 3671 2256 3736; x_wconf 83' lang='lat' dir='ltr'><strong>veniret,</strong></span> <span class='ocrx_word' id='word_1_793' title='bbox 2324 3671 2708 3745; x_wconf 87' lang='lat' dir='ltr'><strong>hominumque</strong></span> <span class='ocrx_word' id='word_1_794' title='bbox 2760 3690 2928 3746; x_wconf 84' lang='lat' dir='ltr'><strong>genus</strong></span> <span class='ocrx_word' id='word_1_795' title='bbox 2994 3675 3326 3746; x_wconf 82' lang='lat' dir='ltr'><strong>baptizaret,</strong></span> <span class='ocrx_word' id='word_1_796' title='bbox 3375 3684 3610 3733; x_wconf 88' lang='lat' dir='ltr'><strong>veterem</strong></span> 
     </span>
    </p>
   </div>
   <div class='ocr_carea' id='block_1_99' title="bbox 2012 3759 3612 3836">
    <p class='ocr_par' dir='ltr' id='par_1_99' title="bbox 2012 3759 3612 3836">
     <span class='ocr_line' id='line_1_99' title="bbox 2012 3759 3612 3836; baseline 0.006 -22"><span class='ocrx_word' id='word_1_797' title='bbox 2012 3759 2283 3817; x_wconf 90' lang='lat' dir='ltr'><strong>hominem</strong></span> <span class='ocrx_word' id='word_1_798' title='bbox 2314 3775 2636 3830; x_wconf 85' lang='lat' dir='ltr'><strong>renovaret,</strong></span> <span class='ocrx_word' id='word_1_799' title='bbox 2666 3772 2722 3821; x_wconf 92' lang='lat' dir='ltr'><strong>et</strong></span> <span class='ocrx_word' id='word_1_800' title='bbox 2760 3779 2882 3820; x_wconf 86' lang='lat' dir='ltr'><strong>eum</strong></span> <span class='ocrx_word' id='word_1_801' title='bbox 2920 3766 3009 3836; x_wconf 83' lang='lat' dir='ltr'><strong>qui</strong></span> <span class='ocrx_word' id='word_1_802' title='bbox 3046 3775 3321 3836; x_wconf 90' lang='lat' dir='ltr'><strong>peccatum</strong></span> <span class='ocrx_word' id='word_1_803' title='bbox 3351 3784 3612 3824; x_wconf 86' lang='lat' dir='ltr'><strong>renovare</strong></span> 
     </span>
    </p>
   </div>
   <div class='ocr_carea' id='block_1_100' title="bbox 2011 3852 3614 3927">
    <p class='ocr_par' dir='ltr' id='par_1_100' title="bbox 2011 3852 3614 3927">
     <span class='ocr_line' id='line_1_100' title="bbox 2011 3852 3614 3927; baseline 0.005 -21"><span class='ocrx_word' id='word_1_804' title='bbox 2011 3853 2225 3909; x_wconf 90' lang='lat' dir='ltr'><strong>volebat</strong></span> <span class='ocrx_word' id='word_1_805' title='bbox 2251 3852 2587 3925; x_wconf 81' lang='lat' dir='ltr'><strong>demergeret</strong></span> <span class='ocrx_word' id='word_1_806' title='bbox 2606 3897 2622 3921; x_wconf 89' lang='lat'><strong>,</strong></span> <span class='ocrx_word' id='word_1_807' title='bbox 2655 3855 3083 3912; x_wconf 87' lang='lat' dir='ltr'><strong>benedictionem</strong></span> <span class='ocrx_word' id='word_1_808' title='bbox 3103 3856 3377 3915; x_wconf 88' lang='lat' dir='ltr'><strong>induceret</strong></span> <span class='ocrx_word' id='word_1_809' title='bbox 3398 3896 3420 3927; x_wconf 86' lang='lat'><strong>,</strong></span> <span class='ocrx_word' id='word_1_810' title='bbox 3447 3860 3614 3914; x_wconf 88' lang='lat' dir='ltr'><strong>male-</strong></span> 
     </span>
    </p>
   </div>
   <div class='ocr_carea' id='block_1_101' title="bbox 2012 3944 3610 4019">
    <p class='ocr_par' dir='ltr' id='par_1_101' title="bbox 2012 3944 3610 4019">
     <span class='ocr_line' id='line_1_101' title="bbox 2012 3944 3610 4019; baseline 0.003 -18"><span class='ocrx_word' id='word_1_811' title='bbox 2012 3944 2299 4001; x_wconf 89' lang='lat' dir='ltr'><strong>dictionem</strong></span> <span class='ocrx_word' id='word_1_812' title='bbox 2328 3945 2531 4003; x_wconf 87' lang='lat' dir='ltr'><strong>deleret</strong></span> <span class='ocrx_word' id='word_1_813' title='bbox 2557 3988 2570 4012; x_wconf 87' lang='lat'><strong>,</strong></span> <span class='ocrx_word' id='word_1_814' title='bbox 2590 3947 2850 4017; x_wconf 87' lang='lat' dir='ltr'><strong>justitiam</strong></span> <span class='ocrx_word' id='word_1_815' title='bbox 2877 3948 3161 4019; x_wconf 86' lang='lat' dir='ltr'><strong>largiretur</strong></span> <span class='ocrx_word' id='word_1_816' title='bbox 3183 3991 3198 4018; x_wconf 91' lang='lat'><strong>,</strong></span> <span class='ocrx_word' id='word_1_817' title='bbox 3229 3950 3475 4007; x_wconf 88' lang='lat' dir='ltr'><strong>homines</strong></span> <span class='ocrx_word' id='word_1_818' title='bbox 3515 3967 3610 4006; x_wconf 85' lang='lat' dir='ltr'><strong>an-</strong></span> 
     </span>
    </p>
   </div>
   <div class='ocr_carea' id='block_1_102' title="bbox 2011 4038 3609 4112">
    <p class='ocr_par' dir='ltr' id='par_1_102' title="bbox 2011 4038 3609 4112">
     <span class='ocr_line' id='line_1_102' title="bbox 2011 4038 3609 4112; baseline 0.003 -17"><span class='ocrx_word' id='word_1_819' title='bbox 2011 4038 2158 4109; x_wconf 86' lang='lat' dir='ltr'><strong>gelos</strong></span> <span class='ocrx_word' id='word_1_820' title='bbox 2186 4040 2423 4095; x_wconf 82' lang='lat' dir='ltr'><strong>faceret:</strong></span> <span class='ocrx_word' id='word_1_821' title='bbox 2455 4040 2758 4097; x_wconf 80' lang='lat' dir='ltr'><strong>adulterum</strong></span> <span class='ocrx_word' id='word_1_822' title='bbox 2788 4050 3103 4112; x_wconf 87' lang='lat' dir='ltr'><strong>accepturus</strong></span> <span class='ocrx_word' id='word_1_823' title='bbox 3140 4049 3195 4098; x_wconf 90' lang='lat' dir='ltr'><strong>et</strong></span> <span class='ocrx_word' id='word_1_824' title='bbox 3236 4043 3401 4098; x_wconf 88' lang='lat' dir='ltr'><strong>ﬁlium</strong></span> <span class='ocrx_word' id='word_1_825' title='bbox 3440 4041 3609 4099; x_wconf 80' lang='lat' dir='ltr'><strong>factu-</strong></span> 
     </span>
    </p>
   </div>
   <div class='ocr_carea' id='block_1_103' title="bbox 2015 4132 3609 4207">
    <p class='ocr_par' dir='ltr' id='par_1_103' title="bbox 2015 4132 3609 4207">
     <span class='ocr_line' id='line_1_103' title="bbox 2015 4132 3609 4207; baseline 0.003 -22"><span class='ocrx_word' id='word_1_826' title='bbox 2015 4145 2106 4186; x_wconf 89' lang='lat' dir='ltr'><strong>rus</strong></span> <span class='ocrx_word' id='word_1_827' title='bbox 2132 4141 2250 4187; x_wconf 88' lang='lat' dir='ltr'><strong>erat</strong></span> <span class='ocrx_word' id='word_1_828' title='bbox 2272 4149 2286 4198; x_wconf 90' lang='lat'><strong>;</strong></span> <span class='ocrx_word' id='word_1_829' title='bbox 2312 4132 2459 4203; x_wconf 85' lang='lat' dir='ltr'><strong>quod</strong></span> <span class='ocrx_word' id='word_1_830' title='bbox 2486 4133 2647 4188; x_wconf 88' lang='lat' dir='ltr'><strong>etiam</strong></span> <span class='ocrx_word' id='word_1_831' title='bbox 2674 4132 2853 4190; x_wconf 83' lang='lat' dir='ltr'><strong>eﬁ‘ecit</strong></span> <span class='ocrx_word' id='word_1_832' title='bbox 2881 4151 2895 4189; x_wconf 90' lang='lat'><strong>:</strong></span> <span class='ocrx_word' id='word_1_833' title='bbox 2924 4148 3048 4191; x_wconf 90' lang='lat' dir='ltr'><strong>eum</strong></span> <span class='ocrx_word' id='word_1_834' title='bbox 3083 4135 3174 4207; x_wconf 90' lang='lat' dir='ltr'><strong>qui</strong></span> <span class='ocrx_word' id='word_1_835' title='bbox 3217 4151 3285 4191; x_wconf 91' lang='lat' dir='ltr'><strong>ne</strong></span> <span class='ocrx_word' id='word_1_836' title='bbox 3312 4144 3450 4192; x_wconf 88' lang='lat' dir='ltr'><strong>terra</strong></span> <span class='ocrx_word' id='word_1_837' title='bbox 3492 4137 3609 4207; x_wconf 86' lang='lat' dir='ltr'><strong>qui-</strong></span> 
     </span>
    </p>
   </div>
   <div class='ocr_carea' id='block_1_104' title="bbox 2014 4221 3606 4298">
    <p class='ocr_par' dir='ltr' id='par_1_104' title="bbox 2014 4221 3606 4298">
     <span class='ocr_line' id='line_1_104' title="bbox 2014 4221 3606 4298; baseline 0.003 -20"><span class='ocrx_word' id='word_1_838' title='bbox 2014 4221 2140 4278; x_wconf 86' lang='lat' dir='ltr'><strong>dem</strong></span> <span class='ocrx_word' id='word_1_839' title='bbox 2170 4221 2363 4293; x_wconf 91' lang='lat' dir='ltr'><strong>dignus</strong></span> <span class='ocrx_word' id='word_1_840' title='bbox 2387 4230 2533 4292; x_wconf 89' lang='lat' dir='ltr'><strong>erat,</strong></span> <span class='ocrx_word' id='word_1_841' title='bbox 2565 4234 2882 4295; x_wconf 87' lang='lat' dir='ltr'><strong>accepturus</strong></span> <span class='ocrx_word' id='word_1_842' title='bbox 2907 4267 2922 4293; x_wconf 91' lang='lat'><strong>,</strong></span> <span class='ocrx_word' id='word_1_843' title='bbox 2948 4233 3004 4281; x_wconf 91' lang='lat' dir='ltr'><strong>et</strong></span> <span class='ocrx_word' id='word_1_844' title='bbox 3031 4226 3164 4282; x_wconf 62' lang='lat' dir='ltr'><strong>caelo</strong></span> <span class='ocrx_word' id='word_1_845' title='bbox 3189 4225 3407 4298; x_wconf 82' lang='lat' dir='ltr'><strong>dignum</strong></span> <span class='ocrx_word' id='word_1_846' title='bbox 3437 4225 3606 4282; x_wconf 84' lang='lat' dir='ltr'><strong>lactu-</strong></span> 
     </span>
    </p>
   </div>
   <div class='ocr_carea' id='block_1_105' title="bbox 2012 4314 3610 4391">
    <p class='ocr_par' dir='ltr' id='par_1_105' title="bbox 2012 4314 3610 4391">
     <span class='ocr_line' id='line_1_105' title="bbox 2012 4314 3610 4391; baseline 0.003 -21"><span class='ocrx_word' id='word_1_847' title='bbox 2012 4328 2108 4370; x_wconf 89' lang='lat' dir='ltr'><strong>rus</strong></span> <span class='ocrx_word' id='word_1_848' title='bbox 2134 4323 2268 4370; x_wconf 90' lang='lat' dir='ltr'><strong>erat.</strong></span> <span class='ocrx_word' id='word_1_849' title='bbox 2296 4314 2560 4382; x_wconf 90' lang='lat' dir='ltr'><strong>Quoniam</strong></span> <span class='ocrx_word' id='word_1_850' title='bbox 2588 4317 2749 4388; x_wconf 85' lang='lat' dir='ltr'><strong>igitur</strong></span> <span class='ocrx_word' id='word_1_851' title='bbox 2779 4317 2882 4374; x_wconf 90' lang='lat' dir='ltr'><strong>hoc</strong></span> <span class='ocrx_word' id='word_1_852' title='bbox 2925 4333 3174 4391; x_wconf 86' lang='lat' dir='ltr'><strong>magnum</strong></span> <span class='ocrx_word' id='word_1_853' title='bbox 3209 4319 3524 4376; x_wconf 89' lang='lat' dir='ltr'><strong>miraculum</strong></span> <span class='ocrx_word' id='word_1_854' title='bbox 3553 4331 3610 4375; x_wconf 87' lang='lat' dir='ltr'><strong>et</strong></span> 
     </span>
    </p>
   </div>
   <div class='ocr_carea' id='block_1_106' title="bbox 2016 4407 3607 4483">
    <p class='ocr_par' dir='ltr' id='par_1_106' title="bbox 2016 4407 3607 4483">
     <span class='ocr_line' id='line_1_106' title="bbox 2016 4407 3607 4483; baseline 0.002 -21"><span class='ocrx_word' id='word_1_855' title='bbox 2016 4407 2328 4463; x_wconf 89' lang='lat' dir='ltr'><strong>incredibile</strong></span> <span class='ocrx_word' id='word_1_856' title='bbox 2356 4408 2539 4465; x_wconf 91' lang='lat' dir='ltr'><strong>multis</strong></span> <span class='ocrx_word' id='word_1_857' title='bbox 2567 4418 2687 4465; x_wconf 86' lang='lat' dir='ltr'><strong>erat</strong></span> <span class='ocrx_word' id='word_1_858' title='bbox 2706 4451 2722 4477; x_wconf 91' lang='lat'><strong>,</strong></span> <span class='ocrx_word' id='word_1_859' title='bbox 2752 4411 3022 4481; x_wconf 80' lang='lat' dir='ltr'><strong>quomodo</strong></span> <span class='ocrx_word' id='word_1_860' title='bbox 3047 4411 3235 4468; x_wconf 90' lang='lat' dir='ltr'><strong>eadem</strong></span> <span class='ocrx_word' id='word_1_861' title='bbox 3265 4412 3376 4483; x_wconf 88' lang='lat' dir='ltr'><strong>ipsa</strong></span> <span class='ocrx_word' id='word_1_862' title='bbox 3421 4418 3607 4466; x_wconf 87' lang='lat' dir='ltr'><strong>natura</strong></span> 
     </span>
    </p>
   </div>
   <div class='ocr_carea' id='block_1_107' title="bbox 2015 4501 3612 4574">
    <p class='ocr_par' dir='ltr' id='par_1_107' title="bbox 2015 4501 3612 4574">
     <span class='ocr_line' id='line_1_107' title="bbox 2015 4501 3612 4574; baseline 0.001 -18"><span class='ocrx_word' id='word_1_863' title='bbox 2015 4516 2180 4556; x_wconf 86' lang='lat' dir='ltr'><strong>unum</strong></span> <span class='ocrx_word' id='word_1_864' title='bbox 2209 4501 2481 4557; x_wconf 87' lang='lat' dir='ltr'><strong>hominem</strong></span> <span class='ocrx_word' id='word_1_865' title='bbox 2513 4502 2772 4572; x_wconf 71' lang='lat' dir='ltr'><strong>prmloeet</strong></span> <span class='ocrx_word' id='word_1_866' title='bbox 2794 4512 2849 4558; x_wconf 89' lang='lat' dir='ltr'><strong>et</strong></span> <span class='ocrx_word' id='word_1_867' title='bbox 2869 4502 3162 4574; x_wconf 85' lang='lat' dir='ltr'><strong>justiﬁcet,</strong></span> <span class='ocrx_word' id='word_1_868' title='bbox 3206 4512 3479 4573; x_wconf 88' lang='lat' dir='ltr'><strong>peccatum</strong></span> <span class='ocrx_word' id='word_1_869' title='bbox 3514 4503 3612 4557; x_wconf 85' lang='lat' dir='ltr'><strong>de-</strong></span> 
     </span>
    </p>
   </div>
   <div class='ocr_carea' id='block_1_108' title="bbox 2017 4592 3610 4660">
    <p class='ocr_par' dir='ltr' id='par_1_108' title="bbox 2017 4592 3610 4660">
     <span class='ocr_line' id='line_1_108' title="bbox 2017 4592 3610 4660; baseline -0.001 -12"><span class='ocrx_word' id='word_1_870' title='bbox 2017 4592 2128 4648; x_wconf 87' lang='lat' dir='ltr'><strong>leat</strong></span> <span class='ocrx_word' id='word_1_871' title='bbox 2151 4634 2164 4658; x_wconf 88' lang='lat'><strong>,</strong></span> <span class='ocrx_word' id='word_1_872' title='bbox 2197 4603 2252 4649; x_wconf 90' lang='lat' dir='ltr'><strong>et</strong></span> <span class='ocrx_word' id='word_1_873' title='bbox 2281 4594 2558 4649; x_wconf 88' lang='lat' dir='ltr'><strong>veritatem</strong></span> <span class='ocrx_word' id='word_1_874' title='bbox 2586 4594 2807 4649; x_wconf 89' lang='lat' dir='ltr'><strong>reducat</strong></span> <span class='ocrx_word' id='word_1_875' title='bbox 2832 4611 2845 4659; x_wconf 92' lang='lat'><strong>;</strong></span> <span class='ocrx_word' id='word_1_876' title='bbox 2878 4609 2946 4649; x_wconf 92' lang='lat' dir='ltr'><strong>ne</strong></span> <span class='ocrx_word' id='word_1_877' title='bbox 2967 4594 3205 4649; x_wconf 90' lang='lat' dir='ltr'><strong>dicerent</strong></span> <span class='ocrx_word' id='word_1_878' title='bbox 3230 4592 3397 4648; x_wconf 57' lang='lat' dir='ltr'><strong>Judaei</strong></span> <span class='ocrx_word' id='word_1_879' title='bbox 3425 4636 3438 4660; x_wconf 96' lang='lat'><strong>,</strong></span> <span class='ocrx_word' id='word_1_880' title='bbox 3470 4593 3610 4649; x_wconf 85' lang='lat' dir='ltr'><strong>dicta</strong></span> 
     </span>
    </p>
   </div>
   <div class='ocr_carea' id='block_1_109' title="bbox 2017 4681 3609 4756">
    <p class='ocr_par' dir='ltr' id='par_1_109' title="bbox 2017 4681 3609 4756">
     <span class='ocr_line' id='line_1_109' title="bbox 2017 4681 3609 4756; baseline 0.002 -18"><span class='ocrx_word' id='word_1_881' title='bbox 2017 4681 2442 4739; x_wconf 88' lang='lat' dir='ltr'><strong>Christianorum</strong></span> <span class='ocrx_word' id='word_1_882' title='bbox 2476 4698 2597 4740; x_wconf 91' lang='lat' dir='ltr'><strong>esse</strong></span> <span class='ocrx_word' id='word_1_883' title='bbox 2640 4684 2870 4740; x_wconf 76' lang='lat' dir='ltr'><strong>tabulam</strong></span> <span class='ocrx_word' id='word_1_884' title='bbox 2897 4702 2912 4741; x_wconf 89' lang='lat'><strong>:</strong></span> <span class='ocrx_word' id='word_1_885' title='bbox 2944 4699 3067 4739; x_wconf 91' lang='lat' dir='ltr'><strong>nam</strong></span> <span class='ocrx_word' id='word_1_886' title='bbox 3094 4684 3182 4754; x_wconf 93' lang='lat' dir='ltr'><strong>qui</strong></span> <span class='ocrx_word' id='word_1_887' title='bbox 3229 4684 3345 4741; x_wconf 80' lang='lat' dir='ltr'><strong>ﬁeri</strong></span> <span class='ocrx_word' id='word_1_888' title='bbox 3390 4694 3609 4756; x_wconf 86' lang='lat' dir='ltr'><strong>potest,</strong></span> 
     </span>
    </p>
   </div>
   <div class='ocr_carea' id='block_1_110' title="bbox 2017 4776 3611 4848">
    <p class='ocr_par' dir='ltr' id='par_1_110' title="bbox 2017 4776 3611 4848">
     <span class='ocr_line' id='line_1_110' title="bbox 2017 4776 3611 4848; baseline 0.002 -16"><span class='ocrx_word' id='word_1_889' title='bbox 2017 4785 2076 4832; x_wconf 93' lang='lat' dir='ltr'><strong>ut</strong></span> <span class='ocrx_word' id='word_1_890' title='bbox 2122 4776 2310 4833; x_wconf 86' lang='lat' dir='ltr'><strong>eadem</strong></span> <span class='ocrx_word' id='word_1_891' title='bbox 2359 4777 2471 4848; x_wconf 89' lang='lat' dir='ltr'><strong>ipsa</strong></span> <span class='ocrx_word' id='word_1_892' title='bbox 2508 4792 2644 4848; x_wconf 88' lang='lat' dir='ltr'><strong>aqua</strong></span> <span class='ocrx_word' id='word_1_893' title='bbox 2687 4776 2909 4833; x_wconf 83' lang='lat' dir='ltr'><strong>suﬁ‘ocet</strong></span> <span class='ocrx_word' id='word_1_894' title='bbox 2956 4787 3010 4832; x_wconf 91' lang='lat' dir='ltr'><strong>et</strong></span> <span class='ocrx_word' id='word_1_895' title='bbox 3055 4776 3330 4834; x_wconf 85' lang='lat' dir='ltr'><strong>viviﬁcet?</strong></span> <span class='ocrx_word' id='word_1_896' title='bbox 3375 4794 3479 4834; x_wconf 90' lang='lat' dir='ltr'><strong>uua</strong></span> <span class='ocrx_word' id='word_1_897' title='bbox 3528 4790 3611 4835; x_wconf 89' lang='lat' dir='ltr'><strong>est</strong></span> 
     </span>
    </p>
   </div>
   <div class='ocr_carea' id='block_1_111' title="bbox 2020 4869 3612 4942">
    <p class='ocr_par' dir='ltr' id='par_1_111' title="bbox 2020 4869 3612 4942">
     <span class='ocr_line' id='line_1_111' title="bbox 2020 4869 3612 4942; baseline 0.003 -18"><span class='ocrx_word' id='word_1_898' title='bbox 2020 4885 2159 4941; x_wconf 89' lang='lat' dir='ltr'><strong>aqua</strong></span> <span class='ocrx_word' id='word_1_899' title='bbox 2184 4911 2200 4936; x_wconf 88' lang='lat'><strong>,</strong></span> <span class='ocrx_word' id='word_1_900' title='bbox 2225 4881 2277 4925; x_wconf 92' lang='lat' dir='ltr'><strong>et</strong></span> <span class='ocrx_word' id='word_1_901' title='bbox 2306 4869 2575 4942; x_wconf 87' lang='lat' dir='ltr'><strong>quomodo</strong></span> <span class='ocrx_word' id='word_1_902' title='bbox 2602 4871 2770 4940; x_wconf 86' lang='lat' dir='ltr'><strong>possit</strong></span> <span class='ocrx_word' id='word_1_903' title='bbox 2807 4870 2942 4926; x_wconf 84' lang='lat' dir='ltr'><strong>duas</strong></span> <span class='ocrx_word' id='word_1_904' title='bbox 2984 4870 3324 4942; x_wconf 88' lang='lat' dir='ltr'><strong>operationes</strong></span> <span class='ocrx_word' id='word_1_905' title='bbox 3369 4873 3612 4931; x_wconf 89' lang='lat' dir='ltr'><strong>habere?</strong></span> 
     </span>
    </p>
   </div>
   <div class='ocr_carea' id='block_1_112' title="bbox 2015 4962 3610 5036">
    <p class='ocr_par' dir='ltr' id='par_1_112' title="bbox 2015 4962 3610 5036">
     <span class='ocr_line' id='line_1_112' title="bbox 2015 4962 3610 5036; baseline 0.003 -18"><span class='ocrx_word' id='word_1_906' title='bbox 2015 4962 2152 5032; x_wconf 89' lang='lat' dir='ltr'><strong>Quid</strong></span> <span class='ocrx_word' id='word_1_907' title='bbox 2180 4962 2339 5032; x_wconf 88' lang='lat' dir='ltr'><strong>igitur</strong></span> <span class='ocrx_word' id='word_1_908' title='bbox 2367 4963 2641 5032; x_wconf 89' lang='lat' dir='ltr'><strong>dispensat</strong></span> <span class='ocrx_word' id='word_1_909' title='bbox 2665 4963 2807 5018; x_wconf 90' lang='lat' dir='ltr'><strong>Deus</strong></span> <span class='ocrx_word' id='word_1_910' title='bbox 2833 5004 2849 5030; x_wconf 91' lang='lat'><strong>,</strong></span> <span class='ocrx_word' id='word_1_911' title='bbox 2875 4972 2936 5017; x_wconf 92' lang='lat' dir='ltr'><strong>ut</strong></span> <span class='ocrx_word' id='word_1_912' title='bbox 2970 4963 3276 5020; x_wconf 67' lang='lat' dir='ltr'><strong>Judaeorum</strong></span> <span class='ocrx_word' id='word_1_913' title='bbox 3324 4965 3610 5036; x_wconf 85' lang='lat' dir='ltr'><strong>impuden-</strong></span> 
     </span>
    </p>
   </div>
   <div class='ocr_carea' id='block_1_113' title="bbox 2019 5054 3607 5130">
    <p class='ocr_par' dir='ltr' id='par_1_113' title="bbox 2019 5054 3607 5130">
     <span class='ocr_line' id='line_1_113' title="bbox 2019 5054 3607 5130; baseline 0.002 -20"><span class='ocrx_word' id='word_1_914' title='bbox 2019 5056 2090 5110; x_wconf 90' lang='lat' dir='ltr'><strong>tia</strong></span> <span class='ocrx_word' id='word_1_915' title='bbox 2116 5067 2435 5126; x_wconf 83' lang='lat' dir='ltr'><strong>coarguatur</strong></span> <span class='ocrx_word' id='word_1_916' title='bbox 2454 5056 2484 5109; x_wconf 70' lang='grc' dir='ltr'><strong>ἰν</strong></span> <span class='ocrx_word' id='word_1_917' title='bbox 2516 5054 2632 5109; x_wconf 85' lang='lat' dir='ltr'><strong>Filii</strong></span> <span class='ocrx_word' id='word_1_918' title='bbox 2665 5055 2824 5110; x_wconf 89' lang='lat' dir='ltr'><strong>Israel</strong></span> <span class='ocrx_word' id='word_1_919' title='bbox 2851 5054 3223 5125; x_wconf 83' lang='lat' dir='ltr'><strong>aﬂligebantur</strong></span> <span class='ocrx_word' id='word_1_920' title='bbox 3254 5058 3307 5112; x_wconf 93' lang='lat' dir='ltr'><strong>in</strong></span> <span class='ocrx_word' id='word_1_921' title='bbox 3334 5057 3571 5130; x_wconf 67' lang='lat' dir='ltr'><strong>Egypto</strong></span> <span class='ocrx_word' id='word_1_922' title='bbox 3591 5102 3607 5124; x_wconf 91' lang='lat'><strong>,</strong></span> 
     </span>
    </p>
   </div>
   <div class='ocr_carea' id='block_1_114' title="bbox 2019 5145 3608 5216">
    <p class='ocr_par' dir='ltr' id='par_1_114' title="bbox 2019 5145 3608 5216">
     <span class='ocr_line' id='line_1_114' title="bbox 2019 5145 3608 5216; baseline 0.002 -15"><span class='ocrx_word' id='word_1_923' title='bbox 2019 5146 2072 5201; x_wconf 92' lang='lat' dir='ltr'><strong>in</strong></span> <span class='ocrx_word' id='word_1_924' title='bbox 2123 5146 2435 5211; x_wconf 85' lang='lat' dir='ltr'><strong>laboribus,</strong></span> <span class='ocrx_word' id='word_1_925' title='bbox 2487 5154 2544 5200; x_wconf 91' lang='lat' dir='ltr'><strong>et</strong></span> <span class='ocrx_word' id='word_1_926' title='bbox 2588 5145 2842 5216; x_wconf 90' lang='lat' dir='ltr'><strong>operibus</strong></span> <span class='ocrx_word' id='word_1_927' title='bbox 2885 5146 3127 5203; x_wconf 89' lang='lat' dir='ltr'><strong>lateritiis</strong></span> <span class='ocrx_word' id='word_1_928' title='bbox 3168 5148 3312 5204; x_wconf 78' lang='lat' dir='ltr'><strong>afﬁxi</strong></span> <span class='ocrx_word' id='word_1_929' title='bbox 3344 5165 3357 5201; x_wconf 93' lang='lat'><strong>:</strong></span> <span class='ocrx_word' id='word_1_930' title='bbox 3388 5160 3442 5204; x_wconf 91' lang='lat' dir='ltr'><strong>et</strong></span> <span class='ocrx_word' id='word_1_931' title='bbox 3487 5165 3608 5204; x_wconf 87' lang='lat' dir='ltr'><strong>eum</strong></span> 
     </span>
    </p>
   </div>
   <div class='ocr_carea' id='block_1_115' title="bbox 2022 5235 3615 5304">
    <p class='ocr_par' dir='ltr' id='par_1_115' title="bbox 2022 5235 3615 5304">
     <span class='ocr_line' id='line_1_115' title="bbox 2022 5235 3615 5304; baseline 0.001 -13"><span class='ocrx_word' id='word_1_932' title='bbox 2022 5235 2147 5291; x_wconf 85' lang='lat' dir='ltr'><strong>ﬁetu</strong></span> <span class='ocrx_word' id='word_1_933' title='bbox 2172 5236 2473 5291; x_wconf 88' lang='lat' dir='ltr'><strong>clamabant</strong></span> <span class='ocrx_word' id='word_1_934' title='bbox 2498 5235 2734 5292; x_wconf 90' lang='lat' dir='ltr'><strong>dicentes</strong></span> <span class='ocrx_word' id='word_1_935' title='bbox 2763 5255 2777 5292; x_wconf 90' lang='lat'><strong>:</strong></span> <span class='ocrx_word' id='word_1_936' title='bbox 2806 5236 2935 5304; x_wconf 88' lang='lat' dir='ltr'><strong>Quis</strong></span> <span class='ocrx_word' id='word_1_937' title='bbox 2961 5253 3059 5293; x_wconf 90' lang='lat' dir='ltr'><strong>nos</strong></span> <span class='ocrx_word' id='word_1_938' title='bbox 3090 5238 3337 5293; x_wconf 90' lang='lat' dir='ltr'><strong>liberabit</strong></span> <span class='ocrx_word' id='word_1_939' title='bbox 3374 5254 3405 5294; x_wconf 89' lang='lat' dir='ltr'><strong>a</strong></span> <span class='ocrx_word' id='word_1_940' title='bbox 3445 5241 3615 5295; x_wconf 86' lang='lat' dir='ltr'><strong>servi-</strong></span> 
     </span>
    </p>
   </div>
   <div class='ocr_carea' id='block_1_116' title="bbox 2021 5329 3610 5403">
    <p class='ocr_par' dir='ltr' id='par_1_116' title="bbox 2021 5329 3610 5403">
     <span class='ocr_line' id='line_1_116' title="bbox 2021 5329 3610 5403; baseline 0.001 -19"><span class='ocrx_word' id='word_1_941' title='bbox 2021 5338 2131 5385; x_wconf 86' lang='lat' dir='ltr'><strong>tute</strong></span> <span class='ocrx_word' id='word_1_942' title='bbox 2157 5329 2530 5403; x_wconf 66' lang='lat' dir='ltr'><strong>Egypliorum</strong></span> <span class='ocrx_word' id='word_1_943' title='bbox 2551 5330 2576 5383; x_wconf 89' lang='lat'><strong>?</strong></span> <span class='ocrx_word' id='word_1_944' title='bbox 2601 5330 2854 5400; x_wconf 89' lang='lat' dir='ltr'><strong>periimus</strong></span> <span class='ocrx_word' id='word_1_945' title='bbox 2876 5372 2888 5395; x_wconf 88' lang='lat'><strong>,</strong></span> <span class='ocrx_word' id='word_1_946' title='bbox 2919 5329 3110 5400; x_wconf 88' lang='lat' dir='ltr'><strong>perditi</strong></span> <span class='ocrx_word' id='word_1_947' title='bbox 3137 5344 3323 5386; x_wconf 85' lang='lat' dir='ltr'><strong>sumus</strong></span> <span class='ocrx_word' id='word_1_948' title='bbox 3352 5330 3406 5385; x_wconf 92' lang='lat' dir='ltr'><strong>in</strong></span> <span class='ocrx_word' id='word_1_949' title='bbox 3433 5332 3610 5399; x_wconf 60' lang='lat' dir='ltr'><strong>operi«</strong></span> 
     </span>
    </p>
   </div>
   <div class='ocr_carea' id='block_1_117' title="bbox 2020 5420 3612 5493">
    <p class='ocr_par' dir='ltr' id='par_1_117' title="bbox 2020 5420 3612 5493">
     <span class='ocr_line' id='line_1_117' title="bbox 2020 5420 3612 5493; baseline 0.003 -17"><span class='ocrx_word' id='word_1_950' title='bbox 2020 5421 2120 5477; x_wconf 90' lang='lat' dir='ltr'><strong>bus</strong></span> <span class='ocrx_word' id='word_1_951' title='bbox 2145 5421 2320 5476; x_wconf 88' lang='lat' dir='ltr'><strong>malis.</strong></span> <span class='ocrx_word' id='word_1_952' title='bbox 2341 5420 2478 5489; x_wconf 89' lang='lat' dir='ltr'><strong>Quid</strong></span> <span class='ocrx_word' id='word_1_953' title='bbox 2505 5421 2708 5493; x_wconf 87' lang='lat' dir='ltr'><strong>igitur?</strong></span> <span class='ocrx_word' id='word_1_954' title='bbox 2729 5422 2999 5478; x_wconf 89' lang='lat' dir='ltr'><strong>exaudivit</strong></span> <span class='ocrx_word' id='word_1_955' title='bbox 3019 5422 3138 5477; x_wconf 90' lang='lat' dir='ltr'><strong>illos</strong></span> <span class='ocrx_word' id='word_1_956' title='bbox 3165 5422 3304 5476; x_wconf 90' lang='lat' dir='ltr'><strong>Deus</strong></span> <span class='ocrx_word' id='word_1_957' title='bbox 3322 5463 3338 5489; x_wconf 90' lang='lat'><strong>,</strong></span> <span class='ocrx_word' id='word_1_958' title='bbox 3361 5422 3612 5493; x_wconf 84' lang='lat' dir='ltr'><strong>misitque</strong></span> 
     </span>
    </p>
   </div>
   <div class='ocr_carea' id='block_1_118' title="bbox 2021 5510 3618 5585">
    <p class='ocr_par' dir='ltr' id='par_1_118' title="bbox 2021 5510 3618 5585">
     <span class='ocr_line' id='line_1_118' title="bbox 2021 5510 3618 5585; baseline 0.003 -19"><span class='ocrx_word' id='word_1_959' title='bbox 2021 5512 2259 5583; x_wconf 85' lang='lat' dir='ltr'><strong>Moysem</strong></span> <span class='ocrx_word' id='word_1_960' title='bbox 2302 5512 2470 5583; x_wconf 84' lang='lat' dir='ltr'><strong>signis</strong></span> <span class='ocrx_word' id='word_1_961' title='bbox 2502 5521 2556 5568; x_wconf 92' lang='lat' dir='ltr'><strong>et</strong></span> <span class='ocrx_word' id='word_1_962' title='bbox 2589 5510 2843 5584; x_wconf 89' lang='lat' dir='ltr'><strong>prodigiis</strong></span> <span class='ocrx_word' id='word_1_963' title='bbox 2870 5519 3158 5568; x_wconf 89' lang='lat' dir='ltr'><strong>armatum.</strong></span> <span class='ocrx_word' id='word_1_964' title='bbox 3205 5511 3365 5568; x_wconf 87' lang='lat' dir='ltr'><strong>Venit</strong></span> <span class='ocrx_word' id='word_1_965' title='bbox 3402 5512 3618 5585; x_wconf 82' lang='lat' dir='ltr'><strong>Moyses</strong></span> 
     </span>
    </p>
   </div>
   <div class='ocr_carea' id='block_1_119' title="bbox 2021 5603 3613 5676">
    <p class='ocr_par' dir='ltr' id='par_1_119' title="bbox 2021 5603 3613 5676">
     <span class='ocr_line' id='line_1_119' title="bbox 2021 5603 3613 5676; baseline 0.001 -16"><span class='ocrx_word' id='word_1_966' title='bbox 2021 5603 2200 5660; x_wconf 81' lang='lat' dir='ltr'><strong>ferens</strong></span> <span class='ocrx_word' id='word_1_967' title='bbox 2225 5604 2484 5675; x_wconf 86' lang='lat' dir='ltr'><strong>supplicia</strong></span> <span class='ocrx_word' id='word_1_968' title='bbox 2508 5613 2695 5660; x_wconf 88' lang='lat' dir='ltr'><strong>contra</strong></span> <span class='ocrx_word' id='word_1_969' title='bbox 2721 5604 3052 5661; x_wconf 89' lang='lat' dir='ltr'><strong>Pharaonem</strong></span> <span class='ocrx_word' id='word_1_970' title='bbox 3078 5647 3092 5673; x_wconf 92' lang='lat'><strong>,</strong></span> <span class='ocrx_word' id='word_1_971' title='bbox 3139 5620 3420 5676; x_wconf 89' lang='lat' dir='ltr'><strong>pravarum</strong></span> <span class='ocrx_word' id='word_1_972' title='bbox 3463 5605 3613 5661; x_wconf 87' lang='lat' dir='ltr'><strong>loeu-</strong></span> 
     </span>
    </p>
   </div>
   <div class='ocr_carea' id='block_1_120' title="bbox 2020 5697 3615 5770">
    <p class='ocr_par' dir='ltr' id='par_1_120' title="bbox 2020 5697 3615 5770">
     <span class='ocr_line' id='line_1_120' title="bbox 2020 5697 3615 5770; baseline 0.002 -18"><span class='ocrx_word' id='word_1_973' title='bbox 2020 5705 2223 5753; x_wconf 89' lang='lat' dir='ltr'><strong>starum</strong></span> <span class='ocrx_word' id='word_1_974' title='bbox 2248 5697 2541 5754; x_wconf 84' lang='lat' dir='ltr'><strong>exercitum</strong></span> <span class='ocrx_word' id='word_1_975' title='bbox 2569 5697 2778 5753; x_wconf 82' lang='lat' dir='ltr'><strong>induxit</strong></span> <span class='ocrx_word' id='word_1_976' title='bbox 2807 5714 2821 5750; x_wconf 92' lang='lat'><strong>:</strong></span> <span class='ocrx_word' id='word_1_977' title='bbox 2854 5697 3058 5754; x_wconf 90' lang='lat' dir='ltr'><strong>brucho</strong></span> <span class='ocrx_word' id='word_1_978' title='bbox 3086 5698 3368 5770; x_wconf 88' lang='lat' dir='ltr'><strong>imperavit</strong></span> <span class='ocrx_word' id='word_1_979' title='bbox 3392 5740 3409 5767; x_wconf 90' lang='lat'><strong>,</strong></span> <span class='ocrx_word' id='word_1_980' title='bbox 3435 5708 3489 5755; x_wconf 89' lang='lat' dir='ltr'><strong>et</strong></span> <span class='ocrx_word' id='word_1_981' title='bbox 3528 5699 3615 5755; x_wconf 80' lang='lat' dir='ltr'><strong>ille</strong></span> 
     </span>
    </p>
   </div>
   <div class='ocr_carea' id='block_1_121' title="bbox 2020 5788 3608 5862">
    <p class='ocr_par' dir='ltr' id='par_1_121' title="bbox 2020 5788 3608 5862">
     <span class='ocr_line' id='line_1_121' title="bbox 2020 5788 3608 5862; baseline 0.001 -17"><span class='ocrx_word' id='word_1_982' title='bbox 2020 5789 2164 5845; x_wconf 91' lang='lat' dir='ltr'><strong>venit</strong></span> <span class='ocrx_word' id='word_1_983' title='bbox 2190 5807 2204 5846; x_wconf 90' lang='lat'><strong>:</strong></span> <span class='ocrx_word' id='word_1_984' title='bbox 2233 5804 2424 5861; x_wconf 88' lang='lat' dir='ltr'><strong>aquam</strong></span> <span class='ocrx_word' id='word_1_985' title='bbox 2468 5790 2520 5846; x_wconf 91' lang='lat' dir='ltr'><strong>in</strong></span> <span class='ocrx_word' id='word_1_986' title='bbox 2559 5789 2873 5861; x_wconf 87' lang='lat' dir='ltr'><strong>sanguinem</strong></span> <span class='ocrx_word' id='word_1_987' title='bbox 2902 5791 3166 5862; x_wconf 87' lang='lat' dir='ltr'><strong>mutavit,</strong></span> <span class='ocrx_word' id='word_1_988' title='bbox 3191 5790 3432 5862; x_wconf 79' lang='lat' dir='ltr'><strong>pustulas</strong></span> <span class='ocrx_word' id='word_1_989' title='bbox 3456 5788 3608 5847; x_wconf 75' lang='grc' dir='ltr'><strong>οιιω.</strong></span> 
     </span>
    </p>
   </div>
  </div>
