2044 3217
258 159 313 186 ’143

259 215 309 241 lire
324 213 386 241 fecit
400 212 427 240 in
441 212 592 240 hominibus
605 216 631 238 et
649 211 674 237 iu
694 210 830 245 jutneutis.
846 209 949 237 Deinde
963 229 971 242 ,
995 215 1056 235 cum

260 265 322 295 post
337 264 424 286 tantas
435 258 526 293 plagas
537 257 640 285 Pharao
655 264 708 283 non
723 255 830 283 cederet
843 276 850 288 ,
865 255 971 282 detuum
986 255 1057 282 Deus

260 309 375 332 mortem
390 303 625 339 priutogenitorum
640 302 758 329 inunittit
776 310 783 327 :
798 301 871 334 inde,
888 305 917 327 ut
927 307 1056 335 compen-

259 350 304 377 dio
316 350 421 382 dicam,
442 356 476 376 ne
499 349 541 375 his
561 348 661 376 diutius
681 347 828 374 ituntoraus
848 347 979 381 promissa
1003 354 1056 373 non

260 397 408 432 compleam
424 395 546 430 :egressi
564 399 627 423 sunt
645 402 677 422 ex
692 399 761 421 terra
777 392 884 428 Egypti
898 414 905 427 ,
925 397 953 420 et
975 400 1057 420 vene-

259 446 322 469 runt
335 441 367 468 ad
380 448 455 468 oram
469 440 561 467 maris.
577 439 733 467 Exercitum
749 444 807 474 post
822 439 881 466 illos
895 438 971 465 duxit
986 438 1055 465 Pha-

258 495 304 514 rao
318 495 377 515 cum
392 486 559 514 multitudine
572 493 697 513 curruunt
713 489 738 512 et
752 492 882 519 equorum
899 493 905 511 :
927 489 957 511 ut
971 483 1056 511 aciem

260 534 326 561 vidit
342 533 442 566 Israel,
460 533 556 560 timore
577 536 717 566 correptus
737 535 789 559 est.
811 530 948 558 Venerunt
967 534 1055 556 autent

257 580 289 606 ad
307 580 369 606 litus
384 579 465 606 maris
481 587 487 605 :
502 578 622 612 dixitque
639 578 708 605 Deus
720 577 802 613 Moysi
816 586 822 603 :
838 576 905 609 Quid
916 578 1010 603 clamas
1023 577 1056 603 ad

257 634 296 653 me
312 625 418 661 (Exod.
435 626 478 653 14.
496 625 529 652 l5
544 625 571 659 )?
585 625 657 659 atqui
671 624 737 651 nihil
750 624 856 651 dicebat
870 624 985 659 Moyses.
1001 623 1055 651 Sed

257 672 323 699 dixit
336 672 373 699 illi
386 693 393 704 ,
412 673 483 700 Detts
498 679 555 699 sum
568 692 577 705 ,
592 671 637 706 qui
656 678 708 698 nou
724 678 755 697 ea
770 670 858 697 solum
870 691 878 703 ,
898 678 958 705 qua:
977 670 1055 698 labiis

258 718 448 752 proferuntur,
468 717 567 751 audio,
595 716 642 744 sed
667 716 748 744 etiam
772 724 803 744 ea
816 737 823 749 ,
847 723 906 751 qua:
928 716 954 743 in
974 716 1055 744 corde

256 768 318 791 sunt
330 784 339 796 ,
353 771 487 799 cognosco
499 784 507 796 ,
526 768 554 790 ut
569 762 658 790 discas
671 782 678 795 ,
700 769 753 789 non
775 761 802 788 in
822 761 938 789 clatuore
957 761 1056 788 oratio-

256 817 317 837 nem
331 830 338 843 ,
354 809 401 837 sed
423 810 450 837 in
467 808 559 836 animo
572 808 668 836 emitti.
687 808 755 841 Quid
769 808 864 834 clamas
877 808 911 834 ad
930 807 989 834 me?
1003 807 1053 834 La-

256 856 308 884 biis
323 856 431 891 quidem
451 855 507 882 suis
526 854 592 882 nihil
607 854 763 888 loquebatur
774 874 782 886 ,
797 853 844 880 sed
859 853 940 881 corde
953 853 1054 881 clama-

256 902 323 930 bat:
346 902 432 929 oratio
453 902 551 936 quippe
572 901 716 935 requiritur
735 908 768 928 ex
789 900 878 927 animo
893 900 964 928 bono
977 921 984 933 ,
999 909 1052 928 non

255 956 288 975 cx
304 948 422 975 clamore
437 954 542 982 magno.
557 947 626 980 Quid
636 947 731 974 clamas
746 947 780 973 ad
792 955 830 973 me
842 947 853 973 ἱ)
866 947 986 974 Extende
1000 947 1053 974 vir-

254 1002 315 1030 gam
330 1015 338 1028 ,
353 1002 432 1029 quam
446 1001 527 1021 manu
540 998 629 1028 gestas
643 1014 650 1026 ,
664 1000 744 1028 super
758 1001 830 1020 mare
843 1014 850 1026 ,
874 998 901 1020 et
921 993 1052 1027 pertransi

257 1047 284 1069 tu
300 1046 326 1069 et
341 1048 435 1068 omnes
448 1040 493 1068 lilii
505 1040 596 1068 Israel.
609 1040 735 1068 Extendit
747 1047 811 1068 vero
823 1039 926 1075 Moyses
938 1040 1050 1074 virgam,

255 1094 334 1122 quam
349 1094 427 1114 manu
443 1087 581 1122 gestabat,
593 1090 620 1114 et
631 1086 761 1121 percussit
775 1093 848 1113 mare
859 1087 869 1121 (
882 1085 922 1112 Ib.
935 1094 959 1113 υ.
975 1085 1029 1122 I6)
1043 1095 1050 1114 ε

255 1139 308 1161 tum
324 1133 517 1168 incompositus
536 1141 664 1168 aquarum
685 1134 798 1168 impetus
821 1133 969 1160 exsircatus
988 1137 1029 1160 est
1042 1154 1050 1167 ,

253 1186 280 1208 et
294 1180 408 1215 propriae
424 1180 522 1208 oblitus
537 1185 578 1208 est
601 1184 712 1207 naturae.
729 1179 794 1207 Tale
813 1180 910 1215 quippe
929 1184 971 1207 est
994 1180 1050 1207 ele—

254 1231 372 1254 mentum
387 1235 395 1254 :
409 1235 468 1254 cum
484 1226 531 1254 Dei
546 1230 626 1253 nutus
639 1225 761 1258 accedit,
787 1226 900 1260 propria:
917 1225 1051 1252 oblivisci-

252 1277 294 1299 tur
304 1277 405 1300 natura!
416 1292 423 1305 ,
436 1277 464 1300 et
474 1272 607 1307 propriam
619 1272 736 1299 refrenat
746 1272 941 1306 operationem.
952 1271 1051 1305 Quem-

254 1318 397 1345 admodum
412 1318 482 1345 enim
499 1318 593 1345 ancilla
609 1317 678 1345 bene
691 1317 785 1345 affecta
798 1337 805 1350 ,
818 1325 892 1345 mare
905 1338 912 1349 ,
926 1318 969 1344 tibi
986 1317 1052 1344 vidit

255 1365 358 1391 Domini
370 1364 409 1391 sui
425 1363 552 1391 famulum
564 1384 571 1395 ,
583 1363 779 1398 obtemperavit
791 1367 818 1390 et
829 1362 947 1390 obedivit
961 1372 967 1389 ε
985 1363 1050 1390 obe-

253 1411 318 1438 divit
338 1415 445 1442 autent,
469 1418 520 1437 non
543 1409 641 1444 lignum
663 1409 765 1436 aridum
788 1409 920 1441 reverita,
944 1409 992 1436 sed
1015 1409 1050 1436 ob

255 1455 328 1482 illum
340 1455 384 1490 qui
398 1455 424 1482 in
436 1455 508 1490 ligno
519 1454 714 1489 cruciligendus
725 1459 791 1481 erat.
809 1454 880 1482 Vidit
894 1454 972 1490 igitur
986 1455 1052 1482 ima-

254 1502 361 1535 ginem,
387 1505 414 1528 et
436 1500 525 1528 statim
541 1500 674 1528 intellexit
696 1500 856 1533 veritatem.
879 1504 906 1528 et
928 1501 1049 1528 recessit.

254 1548 390 1575 I‘ertransi
403 1552 440 1581 tu,
453 1547 547 1582 inquit,
556 1551 583 1574 et
593 1547 679 1574 omnis
689 1547 802 1582 populus
812 1546 902 1575 Israel.
915 1548 978 1575 Inde
988 1556 1049 1583 per-

253 1593 439 1627 transivitipse
451 1599 479 1621 et
488 1593 575 1621 omnis
591 1593 703 1628 populus
714 1593 793 1620 Israel
814 1602 821 1620 :
840 1594 945 1628 sequuti
961 1599 1049 1622 autem

254 1644 316 1667 sunt
331 1645 358 1667 et
372 1639 490 1675 [Egyptii
506 1645 697 1674 persequentes
712 1640 791 1673 illos;
813 1648 907 1675 nempe
925 1640 1028 1669 Pharao
1039 1662 1046 1674 ,

252 1691 278 1713 ‹·ι
293 1694 387 1714 currus
400 1687 459 1721 ejus
474 1691 501 1714 et
514 1686 627 1722 equites.
642 1686 744 1714 Deinde
759 1690 899 1722 postquam
911 1687 956 1714 lilii
967 1684 1050 1716 Israel

255 1734 466 1767 pertransicrant
486 1754 493 1766 ,
508 1733 661 1768 supervenit
680 1740 746 1767 aqua
761 1752 768 1764 ,
793 1737 820 1760 et
842 1734 947 1768 operuit
968 1734 1050 1770 Egy-

254 1780 331 1813 ptios.
349 1780 394 1806 Die
408 1779 472 1806 mihi
487 1779 576 1814 itaque
588 1800 595 1811 ,
611 1779 702 1807 Judaee
714 1800 721 1813 ,
733 1779 868 1813 quomodo
879 1787 946 1815 aqua
961 1781 1048 1815 bapti-

254 1825 346 1853 smatis
361 1825 427 1852 duas
443 1825 523 1852 habet
537 1826 705 1860 operationes
717 1846 724 1858 ,
741 1825 775 1852 ita
790 1830 818 1852 ut
828 1826 908 1853 alium
920 1826 1048 1860 suﬂocet,

254 1871 334 1897 alium
349 1870 486 1898 vivificet?
499 1870 542 1897 dic
555 1870 619 1897 mihi
632 1890 639 1902 ,
655 1870 789 1904 quomodo
806 1878 880 1898 mare
897 1871 961 1899 illud
973 1892 981 1905 ,
1002 1880 1050 1900 na-

255 1921 311 1943 tura
327 1923 374 1942 sua
389 1924 469 1943 unum
483 1937 490 1948 ,
511 1916 579 1943 alios
598 1916 705 1950 quidem
727 1916 802 1944 vivos
826 1918 962 1951 servavit,
982 1918 1050 1946 alios

254 1966 342 1989 autem
358 1962 472 1996 perdidit
484 1970 490 1994 ;
503 1962 570 1989 alios
582 1961 689 1996 quidem
702 1962 855 1996 prtefocavit
866 1984 873 1996 ,
889 1963 947 1991 aliis
959 1969 1048 1991 autem

256 2009 323 2036 viam
339 2008 462 2042 prmstitit
475 2029 483 2041 ,
499 2009 561 2036 licet
574 2016 643 2035 unus
660 2008 694 2035 sit
714 2012 742 2036 et
762 2009 953 2044 incompositus
966 2017 1051 2045 aqua-

256 2062 313 2080 rum
331 2053 465 2088 impetus?
487 2058 514 2081 et
528 2053 662 2088 quomodo
678 2053 737 2081 illos
752 2054 859 2089 quidem
871 2062 921 2083 ceu
936 2055 1049 2084 famulos

254 2100 398 2128 reveritum
424 2103 483 2132 est,
509 2107 571 2135 erga
595 2100 645 2128 hos
669 2105 756 2128 autem
781 2100 921 2128 barbarum
947 2110 1049 2129 morem

255 2147 386 2173 imitatum
403 2146 467 2173 est?
481 2146 659 2181 Interpretare
674 2146 738 2173 mihi
752 2146 816 2174 illud
828 2167 834 2179 ,
850 2154 866 2174 ο
880 2146 971 2174 Judtee
983 2168 990 2181 ,
1004 2147 1057 2182 qui'

255 2192 328 2221 cruci
352 2199 405 2220 non
428 2191 536 2224 credis,
557 2191 692 2227 quomodo
713 2192 806 2220 eadem
828 2193 884 2227 ipsa
904 2201 972 2228 aqua
991 2193 1049 2221 illos

256 2238 408 2273 prmfocavit
420 2258 427 2269 ,
442 2242 469 2265 et
491 2238 541 2265 hos
561 2238 686 2265 servavit.
710 2237 766 2265 Una
789 2243 847 2265 erat
864 2246 932 2273 aqua
944 2257 953 2271 ,
965 2246 1049 2266 unum

256 2293 330 2313 mare
341 2306 348 2317 ,
366 2289 392 2312 et
408 2285 501 2312 horum
518 2292 552 2311 ne
565 2284 659 2319 pedem
678 2284 785 2319 quidem
805 2284 946 2312 madefecit
958 2305 966 2317 ,
991 2285 1049 2312 illo-

256 2340 314 2359 rmn
329 2339 394 2359 vero
406 2339 440 2359 ne
454 2331 594 2366 vestigiqu
613 2330 720 2366 quidem
742 2330 867 2365 reliquit,
890 2331 936 2359 sed
956 2339 1050 2359 omnes

255 2378 334 2405 simul
350 2385 417 2411 aqua
430 2377 586 2411 cooperuit,
602 2384 796 2411 communeque
811 2377 962 2411 sepulcrum
976 2384 1050 2405 mare

255 2423 319 2453 kcit
332 2423 455 2450 universo
466 2423 564 2458 popqu
577 2422 773 2458 [Egyptiorum
785 2422 844 2455 Dic,
859 2430 950 2457 quazso
959 2444 966 2457 ,
984 2423 1049 2450 mihi

256 2469 307 2495 hoc
321 2468 455 2503 quomodo
468 2468 564 2495 factum
577 2468 621 2495 sit.
640 2467 720 2495 Vides
731 2467 864 2502 quomodo
876 2468 968 2496 umbra
983 2476 1051 2503 prte-

255 2513 368 2542 cesserit
380 2534 387 2546 ,
407 2517 435 2540 ιιι
454 2513 534 2541 Iidem
557 2514 689 2541 inveniret
709 2513 830 2540 veritas?
850 2514 982 2548 quomodo
1006 2514 1049 2542 illa

256 2560 363 2595 quidem
378 2559 470 2587 umbra
483 2580 490 2591 ,
507 2559 565 2587 hmc
574 2564 663 2587 autem
676 2559 795 2587 veritas?
811 2559 855 2586 illa
869 2560 961 2587 umbra
974 2582 981 2594 ,
994 2561 1051 2588 hinc

257 2612 299 2633 res
315 2606 379 2640 ἱρείη
389 2605 402 2632 ‘l-
416 2605 498 2632 Vides
510 2626 518 2637 ,
532 2604 625 2640 utjam
638 2604 711 2638 dixi,
724 2605 828 2638 Deum,
843 2613 903 2633 cum
918 2606 972 2633 vult
984 2614 1051 2641 opus

259 2651 390 2686 quoddam
418 2650 538 2678 mirabile
565 2655 739 2685 perpetrare.
767 2651 864 2686 figuras
890 2657 917 2678 et
943 2652 1051 2679 umbras

261 2698 438 2733 praemittere,
466 2702 494 2725 ut
521 2697 561 2725 sic
581 2696 729 2732 procedens
754 2697 854 2725 veritas
882 2697 958 2725 facile
982 2698 1052 2726 acci-

261 2744 362 2779 platur?

296 2790 410 2818 Necesse
430 2794 472 2818 est
492 2789 563 2817 enim
584 2789 724 2824 imaginem
741 2788 893 2817 inferiorem
907 2797 967 2817 esse
981 2790 1052 2817 veri-

259 2838 334 2865 tate?
348 2845 408 2865 nam
422 2837 445 2864 si
461 2844 508 2872 per
521 2844 551 2864 se
565 2836 650 2871 ipsam
673 2836 789 2871 perfecta
811 2840 903 2868 esset,
923 2836 978 2870 jam
999 2845 1052 2863 non

260 2883 351 2913 umbra
366 2886 439 2911 esset
449 2903 457 2915 ,
472 2882 520 2910 sed
533 2881 640 2909 veritas.
655 2882 806 2910 Antecessit
818 2881 924 2917 quidem
939 2883 1031 2910 umbra
1043 2903 1051 2916 ,

631 154 660 181 S.
681 153 818 181 JOANNIS
837 149 1074 180 CIIRYSOSTOSII
1093 149 1254 178 ARCIIIEP.
1276 153 1544 181 CONSTAN'I'INOI‘.

1852 164 1898 192 7H

1111 209 1265 243 supervenit
1285 209 1404 237 colorum
1424 210 1539 244 veritas,
1564 215 1591 239 et
1611 212 1740 240 sinceram
1761 213 1897 250 imaginem

1111 253 1313 281 demonstravit.
1329 255 1374 282 Illa
1391 256 1445 291 typi
1460 261 1554 289 erant,
1572 257 1629 285 haec
1641 279 1648 291 ,
1662 258 1726 293 ipsa:
1744 267 1789 288 res
1804 269 1810 287 :
1832 262 1898 295 quod

1112 299 1236 327 videlicet
1249 301 1319 328 circa
1333 308 1410 328 event
1426 301 1523 329 factum
1532 307 1581 330 est.
1598 304 1729 338 Sanguine
1743 305 1841 334 Christi
1853 316 1896 334 or-

1111 343 1153 372 bis
1168 351 1298 374 tcrrarum
1310 347 1462 375 liberandus
1475 353 1533 376 erat
1545 350 1810 388 maledictionomque
1822 353 1894 381 decli-

1111 395 1231 419 naturus.
1247 391 1313 420 Cum
1327 393 1406 428 igitur
1422 394 1486 422 illud
1498 403 1602 430 quoque
1617 404 1740 431 magnum
1760 403 1832 426 esset
1850 400 1895 426 mi-

1113 439 1232 465 raculum
1248 443 1275 466 et
1290 439 1444 468 incredibile
1457 441 1544 469 stultre
1559 442 1654 469 auium:
1668 443 1819 471 Judasorum
1832 465 1840 476 ,
1852 444 1896 472 hoc

1110 489 1242 519 praeparat
1258 490 1285 512 et
1299 485 1450 520 prreﬁgnrat
1463 487 1532 514 Deus
1547 495 1593 521 per
1606 495 1694 515 ovem.
1718 488 1822 516 Etenim
1841 497 1895 516 cum

1110 529 1286 564 primogenita
1296 530 1481 566 Egyptiorum
1493 532 1631 560 destruere
1642 538 1747 567 pararet
1757 554 1764 565 ,
1778 542 1812 562 ue
1824 535 1897 562 simul

1110 575 1325 603 interficerentur
1336 585 1394 612 qua:
1405 582 1482 604 crant
1492 577 1605 605 filiorum
1616 578 1696 607 Israel
1708 588 1715 607 :
1731 580 1792 615 quid
1806 580 1896 615 igitur?

1111 627 1140 649 ut
1163 622 1227 656 fiat,
1256 623 1341 659 inquit
1364 624 1489 658 Moyses,
1513 632 1547 652 ne
1570 625 1751 653 exterminans
1773 627 1895 661 angelus,

1109 669 1165 704 ipsa
1179 669 1355 704 primogenita
1371 670 1451 698 Israel
1464 671 1542 701 simul
1553 671 1761 705 exterminaret:
1778 673 1839 706 quid
1854 673 1895 707 igi-

1109 716 1173 742 tur?
1188 716 1260 753 Dixit
1278 716 1311 743 ad
1334 716 1407 744 illum
1429 716 1498 744 Deus
1521 726 1527 743 :
1547 717 1661 752 prtucipe
1678 717 1739 744 Iiliis
1763 717 1841 745 Israel
1854 724 1895 750 ,ct

1108 765 1215 789 sumant
1227 769 1308 790 ovcm
1324 770 1377 790 non
1398 763 1557 790 maculatam
1570 784 1578 796 ,
1603 764 1747 791 masculam
1761 784 1768 796 .
1790 765 1895 792 annicu-

1108 807 1159 834 lam
1174 827 1181 840 ,
1193 807 1268 842 juxta
1282 807 1395 835 familias
1407 816 1500 835 eorum
1514 817 1520 835 :
1544 808 1615 843 quod
1634 809 1656 836 si
1676 816 1807 844 pauperes
1827 810 1895 842 sint,

1107 854 1212 890 inquit,
1226 854 1329 882 vicinus
1342 854 1456 882 vicinutn
1471 854 1611 882 advocabit
1623 876 1629 887 ,
1641 854 1740 882 familia
1755 855 1894 888 familiam;

1106 905 1134 928 et
1146 900 1185 928 sic
1195 908 1272 928 ovem
1283 905 1420 928 sumentes
1429 921 1437 933 ,
1451 908 1528 928 ovem
1542 908 1595 927 non
1607 900 1766 928 maculatam
1777 922 1786 929 .
1800 908 1895 928 mascu-

1106 946 1158 974 lam
1172 966 1179 978 ,
1196 946 1348 974 anniculam
1360 967 1367 979 ,
1380 946 1515 974 immolate
1525 967 1533 979 ,
1546 946 1647 981 inquit,
1660 946 1735 981 juxta
1748 945 1860 974 familias
1871 950 1895 973 et

1104 992 1180 1027 juxta
1194 993 1289 1021 domos
1303 993 1430 1021 tribuum.
1447 993 1481 1020 Et
1492 1000 1587 1020 carnes
1603 993 1709 1028 quidem
1731 993 1804 1020 illius
1817 1001 1894 1020 come-

1105 1039 1160 1068 dite
1175 1047 1249 1067 assas
1262 1040 1335 1075 igni;
1352 1039 1418 1067 nihil
1431 1047 1464 1067 ex
1485 1039 1524 1066 eis
1541 1039 1722 1074 relinquetur;
1744 1039 1894 1074 sanguinem

1104 1094 1170 1115 vero
1183 1086 1266 1121 ipsius
1279 1087 1374 1114 illinite
1387 1087 1412 1114 in
1427 1091 1518 1120 postes
1530 1091 1644 1114 vestros.
1659 1085 1799 1114 Comedite
1811 1091 1893 1113 autetu

1105 1132 1198 1165 illam,
1222 1133 1328 1167 inquit,
1350 1126 1431 1160 rencs
1453 1132 1634 1160 circumcincti
1648 1153 1656 1165 ,
1683 1132 1795 1159 calceati
1819 1132 1896 1166 pedes

1104 1183 1209 1207 vestros
1224 1179 1326 1214 (Exod.
1342 1179 1386 1206 l2.
1399 1179 1424 1206 3.
1439 1187 1493 1214 sqq.
1506 1181 1526 1213 ),
1542 1183 1570 1206 et
1588 1178 1638 1205 hoc
1650 1182 1779 1212 tanquam
1792 1178 1895 1205 viatoris

1104 1224 1228 1257 habitus;
1252 1225 1367 1252 lucerna:
1380 1228 1475 1251 vestrm
1490 1224 1636 1256 ardebuut;
1658 1223 1763 1258 quare?
1785 1223 1895 1258 Vespera

1105 1272 1208 1299 scilicet
1222 1278 1269 1299 eos
1284 1271 1440 1306 occupabat.
1457 1271 1490 1298 Et
1504 1278 1586 1306 quare
1599 1292 1606 1303 .
1619 1270 1752 1298 comedile
1768 1271 1834 1298 sicut
1845 1271 1894 1297 via-

1105 1319 1197 1346 tores?
1212 1318 1317 1353 quare?
1330 1326 1381 1353 ego
1403 1318 1462 1346 dico
1477 1327 1483 1344 :
1507 1325 1604 1352 nempe
1626 1322 1734 1353 propter
1758 1323 1848 1353 typum
1870 1323 1894 1345 ct

1102 1370 1213 1400 propter
1227 1365 1367 1393 veritatem
1384 1373 1390 1391 :
1405 1365 1511 1399 quando
1524 1364 1632 1399 quidem
1647 1364 1744 1398 smpius
1759 1372 1895 1398 percussus

1103 1416 1144 1438 est
1160 1411 1265 1439 Pharao
1277 1416 1303 1438 et
1317 1419 1369 1439 non
1383 1410 1483 1438 dimisit
1496 1411 1573 1442 illos;
1588 1414 1615 1437 et
1628 1410 1695 1437 dixit
1708 1410 1762 1437 illis
1776 1410 1874 1445 Moyses
1886 1418 1891 1435 :

1104 1457 1185 1484 hodie
1197 1457 1344 1492 percutitur
1357 1461 1384 1484 et
1397 1456 1529 1491 dimittet(
1543 1455 1628 1483 Exod.
1647 1456 1689 1482 II.
1705 1456 1716 1482 I
1733 1455 1754 1489 );
1771 1455 1891 1490 percutic<

1103 1503 1180 1531 batur
1192 1524 1199 1537 ,
1217 1510 1269 1530 non
1287 1507 1375 1530 tamen
1399 1502 1555 1534 dimittens;
1575 1509 1673 1529 nonum
1696 1508 1839 1535 percussus
1856 1505 1891 1527 est

1102 1553 1130 1576 et
1144 1556 1197 1576 non
1212 1548 1331 1582 dimisit;
1348 1556 1429 1583 super
1440 1548 1570 1576 decimam
1585 1552 1674 1575 autem
1689 1547 1793 1583 plagam
1808 1547 1890 1574 dimit—

1102 1600 1159 1623 tere
1184 1595 1244 1624 illos
1267 1595 1380 1628 statuit;
1409 1594 1471 1622 ideo
1495 1594 1578 1626 dicit,
1607 1593 1745 1621 Viatorum
1772 1593 1891 1621 assumite

1101 1641 1222 1670 habitum
1236 1642 1246 1677 (
1258 1641 1343 1669 Exod.
1360 1641 1403 1669 l2.
1420 1641 1451 1669 11
1464 1640 1486 1676 );
1508 1645 1647 1675 postquam
1667 1640 1737 1667 enim
1756 1640 1891 1667 manduca-

1102 1688 1193 1715 veritis
1201 1708 1208 1720 ,
1219 1686 1284 1715 nihil
1292 1693 1436 1714 commune
1446 1685 1648 1714 vobiseritcum
1658 1684 1787 1720 (Egypto;
1804 1684 1892 1712 sumite

1102 1742 1187 1770 ergo,
1212 1734 1318 1769 inquit,
1344 1741 1420 1761 ovem
1444 1741 1498 1760 non
1527 1732 1703 1764 maculatam,
1728 1732 1891 1763 masculant,

1102 1781 1252 1808 anniculam
1265 1801 1273 1812 ,
1290 1784 1317 1807 ct
1330 1779 1467 1807 immolate
1482 1779 1572 1811 illam;
1588 1782 1615 1805 et
1629 1777 1724 1805 illinite
1741 1777 1891 1811 sanguinem

1102 1826 1186 1862 ipsius
1209 1827 1235 1854 in
1257 1831 1349 1861 postes
1371 1830 1494 1858 vestros,
1517 1824 1676 1862 ut‘veniens
1695 1823 1825 1857 angelus,
1846 1820 1891 1848 etsi

1102 1877 1213 1908 propter
1228 1872 1287 1900 illos
1300 1879 1353 1899 non
1367 1875 1458 1906 parcat
1468 1890 1475 1903 ,
1490 1874 1581 1905 parcat
1595 1873 1683 1896 tamen
1697 1868 1775 1895 vobis
1790 1871 1892 1902 propter

1102 1924 1194 1955 typum
1209 1918 1353 1953 sanguinis.
1371 1918 1433 1945 Hmc
1455 1924 1507 1944 non
1527 1916 1612 1950 angeli
1627 1922 1706 1942 causa
1728 1914 1798 1942 facta
1817 1916 1889 1944 sttnt,

1101 1966 1147 1993 sed
1164 1970 1270 2000 propter
1282 1965 1435 1999 sanguinem
1451 1964 1494 1997 qui
1508 1962 1621 1989 salvavit
1634 1969 1686 1988 me.
1710 1960 1804 1989 Nonne
1825 1959 1891 1986 enim

1103 2016 1206 2047 poterat
1220 2012 1328 2044 angelus
1342 2010 1481 2044 Egyptios
1496 2013 1522 2035 et
1536 2008 1643 2035 Iudaeos
1655 2028 1662 2040 ,
1684 2015 1737 2041 quo
1757 2006 1890 2033 differrent

1102 2056 1280 2091 dignoscere?
1308 2056 1352 2090 qui
1378 2054 1553 2089 primogenita
1567 2053 1680 2091 potuit,
1704 2059 1794 2079 nonne
1816 2051 1889 2078 etiam

1102 2103 1242 2138 Egyplios
1256 2106 1282 2129 et
1297 2101 1422 2128 Ilcbrzcos
1437 2103 1539 2134 poterat
1550 2099 1701 2125 discernere
1712 2097 1723 2124 ‘2
1735 2097 1802 2124 Cum
1816 2097 1891 2131 igitur

1103 2154 1129 2176 te
1142 2149 1287 2174 sttbsattttat
1299 2147 1390 2173 dicens
1403 2167 1409 2179 ,
1426 2146 1451 2171 in
1466 2145 1621 2179 sanguinein
1636 2143 1750 2177 speras?
1763 2142 1806 2169 dic
1819 2142 1853 2168 illi
1866 2144 1890 2167 et

1103 2199 1130 2222 tu
1147 2203 1152 2221 :
1170 2203 1222 2221 non
1238 2193 1373 2220 (‘l‘ubCeCIS
1386 2213 1393 2225 ,
1411 2191 1570 2225 impudens?
1595 2194 1621 2216 tu
1642 2190 1667 2216 in
1691 2189 1819 2224 sanguine
1837 2187 1890 2214 ovis

1102 2243 1218 2269 salvatus
1232 2249 1261 2268 cs
1275 2262 1281 2273 ,
1298 2245 1323 2267 et
1336 2247 1384 2274 ego
1400 2240 1424 2265 iu
1439 2238 1568 2272 sanguine
1582 2237 1685 2263 Domini
1710 2243 1762 2262 non
1783 2233 1889 2263 solvor?

1101 2289 1209 2317 Judmus
1223 2288 1302 2323 igitur
1313 2286 1458 2315 comedens
1470 2285 1587 2320 JEgypto
1607 2283 1744 2311 discedere
1769 2282 1886 2312 festinat;

1101 2335 1270 2364 Christianus
1283 2333 1428 2361 comedens
1442 2331 1541 2359 mundo
1554 2329 1691 2357 discedere
1713 2328 1828 2356 festinet.
1848 2326 1888 2353 Sic

1102 2383 1173 2410 enim
1189 2386 1215 2409 te
1231 2380 1328 2408 Paulus
1340 2379 1484 2414 alloquitur
1498 2386 1505 2405 :
1519 2377 1594 2405 State
1617 2376 1701 2403 induti
1716 2375 1796 2401 lorica
1815 2372 1887 2408 justi-

1104 2428 1147 2455 tite
1160 2449 1167 2461 ,
1182 2426 1292 2454 calceati
1309 2425 1390 2460 pedes
1411 2425 1436 2451 in
1458 2422 1650 2458 prreparatione
1671 2420 1800 2455 evangelii
1821 2416 1888 2453 pacis

1104 2474 1222 2509 (Ep/tes.
1239 2473 1266 2501 6.
1282 2473 1326 2500 Η.
1342 2472 1394 2507 15)
1411 2470 1460 2506 (α).

1139 2521 1194 2548 Illic
1216 2521 1415 2551 calceameuta,
1442 2521 1470 2544 et
1488 2516 1532 2543 hic
1555 2522 1661 2549 quoque
1685 2513 1858 2541 calceamenta
1881 2516 1888 2535 :

1103 2568 1158 2595 illic
1173 2567 1264 2602 virga,
1291 2565 1335 2593 hic
1350 2564 1445 2591 thorax
1467 2572 1474 2589 :
1499 2562 1605 2597 Moyses
1629 2560 1705 2595 quasi
1729 2558 1885 2602 viatoribus.

1105 2614 1202 2642 Paulus
1221 2601 1300 2648 quasi
1322 2610 1452 2638 militibus
1474 2607 1645 2643 praecipiebat
1664 2614 1670 2632 :
1697 2605 1733 2632 illi
1749 2612 1764 2631 a
1781 2601 1886 2648 terrain

1105 2667 1215 2693 terram,
1231 2664 1258 2687 et
1273 2658 1334 2685 idco
1347 2657 1463 2684 viatores
1476 2651 1485 2688 ;
1500 2661 1550 2689 ego
1566 2661 1580 2679 a
1595 2658 1665 2679 terra
1678 2652 1705 2678 in
1719 2650 1821 2680 caelum,
1833 2647 1887 2674 ideo

1105 2707 1183 2734 utiles
1199 2715 1206 2733 :
1222 2713 1305 2740 quare
1316 2704 1327 2730 ?
1340 2702 1471 2736 Quoniam
1485 2701 1526 2728 via
1546 2707 1604 2727 mea
1620 2706 1667 2733 per
1681 2705 1768 2725 aerem
1788 2692 1886 2740 latroci-

1106 2755 1156 2781 niis
1169 2738 1307 2781 infestatur
1320 2773 1327 2784 ,
1341 2750 1477 2777 dmntoues
1500 2746 1564 2774 mihi
1584 2748 1736 2772 occurrunt.
1751 2742 1811 2770 Ideo
1825 2738 1886 2766 ﬁdu-

1138 2817 1172 2849 (u)
1187 2817 1231 2849 llic
1244 2818 1322 2845 locus,
1336 2824 1350 2841 τι
1361 2818 1514 2849 nates_se__est,
1524 2814 1561 2849 ad.
1573 2805 1697 2849 Evangelii
1706 2809 1787 2849 pacis.
1802 2818 1814 2834 a
1826 2810 1875 2849 lion

1105 2844 1147 2873 tot".
1162 2844 1268 2872 omissus
1280 2844 1320 2871 est
1333 2850 1359 2871 et
1371 2854 1401 2871 ex
1419 2846 1508 2871 Codice
1521 2844 1674 2870 Coisliniaito
1685 2846 1728 2871 ιιτ
1740 2844 1885 2875 destititptuS.

1106 2888 1136 2905 ex
1149 2887 1208 2913 quo,
1223 2880 1261 2903 vel
1277 2879 1354 2909 taciti,
1369 2879 1447 2903 multa
1462 2877 1486 2902 in
1501 2881 1571 2901 textu
1585 2876 1669 2901 Graeco
1682 2878 1838 2900 correximus.
