  <div class='ocr_page' id='page_1' title='image "/cluster/home/n/w/nwhite01/storage/ocr_20150623/50:no.2:pt.2/coo.31924054869494/340.png"; bbox 0 0 4088 6438; ppageno 0'>
   <div class='ocr_carea' id='block_1_1' title="bbox 321 342 433 398">
    <p class='ocr_par' dir='ltr' id='par_1_1' title="bbox 321 342 433 398">
     <span class='ocr_line' id='line_1_1' title="bbox 321 342 433 398; baseline 0.027 -2"><span class='ocrx_word' id='word_1_1' title='bbox 321 342 433 398; x_wconf 60' lang='grc'>745</span> 
     </span>
    </p>
   </div>
   <div class='ocr_carea' id='block_1_2' title="bbox 315 456 1903 543">
    <p class='ocr_par' dir='ltr' id='par_1_2' title="bbox 315 456 1903 543">
     <span class='ocr_line' id='line_1_2' title="bbox 315 456 1903 543; baseline 0.009 -31"><span class='ocrx_word' id='word_1_2' title='bbox 315 460 434 522; x_wconf 76' lang='grc' dir='ltr'>τεϊς</span> <span class='ocrx_word' id='word_1_3' title='bbox 461 456 769 528; x_wconf 82' lang='grc' dir='ltr'>ἀνθρώποις</span> <span class='ocrx_word' id='word_1_4' title='bbox 792 461 884 516; x_wconf 76' lang='grc' dir='ltr'>καὶ</span> <span class='ocrx_word' id='word_1_5' title='bbox 912 463 971 517; x_wconf 80' lang='grc' dir='ltr'>ἐν</span> <span class='ocrx_word' id='word_1_6' title='bbox 999 466 1112 529; x_wconf 85' lang='grc' dir='ltr'>τοῖς</span> <span class='ocrx_word' id='word_1_7' title='bbox 1139 466 1485 539; x_wconf 78' lang='grc' dir='ltr'>τετράποσιν.</span> <span class='ocrx_word' id='word_1_8' title='bbox 1506 466 1638 525; x_wconf 81' lang='grc' dir='ltr'>Εἶτα</span> <span class='ocrx_word' id='word_1_9' title='bbox 1662 472 1737 537; x_wconf 85' lang='grc' dir='ltr'>ὡς</span> <span class='ocrx_word' id='word_1_10' title='bbox 1765 473 1903 543; x_wconf 72' lang='grc' dir='ltr'>μετὰ</span> 
     </span>
    </p>
   </div>
   <div class='ocr_carea' id='block_1_3' title="bbox 313 550 1907 632">
    <p class='ocr_par' dir='ltr' id='par_1_3' title="bbox 313 550 1907 632">
     <span class='ocr_line' id='line_1_3' title="bbox 313 550 1907 632; baseline 0.012 -30"><span class='ocrx_word' id='word_1_11' title='bbox 313 551 418 614; x_wconf 86' lang='grc' dir='ltr'>τὰς</span> <span class='ocrx_word' id='word_1_12' title='bbox 451 550 667 622; x_wconf 83' lang='grc' dir='ltr'>πληγὰς</span> <span class='ocrx_word' id='word_1_13' title='bbox 688 553 893 618; x_wconf 88' lang='grc' dir='ltr'>ταύτας</span> <span class='ocrx_word' id='word_1_14' title='bbox 924 556 1025 611; x_wconf 87' lang='grc' dir='ltr'>οὐκ</span> <span class='ocrx_word' id='word_1_15' title='bbox 1050 552 1194 625; x_wconf 82' lang='grc' dir='ltr'>εἶξεν</span> <span class='ocrx_word' id='word_1_16' title='bbox 1217 560 1246 611; x_wconf 99' lang='lat'>6</span> <span class='ocrx_word' id='word_1_17' title='bbox 1267 561 1486 632; x_wconf 86' lang='grc' dir='ltr'>Φαραὼ,</span> <span class='ocrx_word' id='word_1_18' title='bbox 1509 563 1693 619; x_wconf 89' lang='grc' dir='ltr'>λοιπὸν</span> <span class='ocrx_word' id='word_1_19' title='bbox 1721 567 1751 619; x_wconf 92' lang='lat'>6</span> <span class='ocrx_word' id='word_1_20' title='bbox 1775 566 1907 629; x_wconf 82' lang='grc' dir='ltr'>Θεὸς</span> 
     </span>
    </p>
   </div>
   <div class='ocr_carea' id='block_1_4' title="bbox 319 633 1904 729">
    <p class='ocr_par' dir='ltr' id='par_1_4' title="bbox 319 633 1904 729">
     <span class='ocr_line' id='line_1_4' title="bbox 319 633 1904 729; baseline 0.009 -32"><span class='ocrx_word' id='word_1_21' title='bbox 319 633 549 697; x_wconf 85' lang='grc' dir='ltr'>θάνατον</span> <span class='ocrx_word' id='word_1_22' title='bbox 581 643 692 698; x_wconf 89' lang='grc' dir='ltr'>τῶν</span> <span class='ocrx_word' id='word_1_23' title='bbox 725 648 1086 717; x_wconf 81' lang='grc' dir='ltr'>πρωτοτόκων</span> <span class='ocrx_word' id='word_1_24' title='bbox 1106 649 1301 718; x_wconf 78' lang='grc' dir='ltr'>ἐπάγει</span> <span class='ocrx_word' id='word_1_25' title='bbox 1321 666 1334 681; x_wconf 89' lang='grc'>·</span> <span class='ocrx_word' id='word_1_26' title='bbox 1368 648 1510 719; x_wconf 82' lang='grc' dir='ltr'>εἶτα,</span> <span class='ocrx_word' id='word_1_27' title='bbox 1547 655 1634 709; x_wconf 81' lang='grc' dir='ltr'>ἵνα</span> <span class='ocrx_word' id='word_1_28' title='bbox 1657 656 1904 729; x_wconf 88' lang='grc' dir='ltr'>ἐπιτέμω</span> 
     </span>
    </p>
   </div>
   <div class='ocr_carea' id='block_1_5' title="bbox 311 732 1904 818">
    <p class='ocr_par' dir='ltr' id='par_1_5' title="bbox 311 732 1904 818">
     <span class='ocr_line' id='line_1_5' title="bbox 311 732 1904 818; baseline 0.011 -32"><span class='ocrx_word' id='word_1_29' title='bbox 311 732 408 786; x_wconf 82' lang='grc' dir='ltr'>τὸν</span> <span class='ocrx_word' id='word_1_30' title='bbox 439 733 594 804; x_wconf 87' lang='grc' dir='ltr'>λόγον</span> <span class='ocrx_word' id='word_1_31' title='bbox 630 734 758 809; x_wconf 73' lang='grc' dir='ltr'>(χρὴ</span> <span class='ocrx_word' id='word_1_32' title='bbox 796 738 905 810; x_wconf 83' lang='grc' dir='ltr'>γάρ</span> <span class='ocrx_word' id='word_1_33' title='bbox 939 740 1240 812; x_wconf 74' lang='grc' dir='ltr'>ἐπιτεμεῖν,</span> <span class='ocrx_word' id='word_1_34' title='bbox 1276 743 1362 796; x_wconf 84' lang='grc' dir='ltr'>ἴνα</span> <span class='ocrx_word' id='word_1_35' title='bbox 1394 744 1469 816; x_wconf 82' lang='grc' dir='ltr'>μὴ</span> <span class='ocrx_word' id='word_1_36' title='bbox 1504 747 1728 818; x_wconf 80' lang='grc' dir='ltr'>περὶτὰ</span> <span class='ocrx_word' id='word_1_37' title='bbox 1763 748 1904 803; x_wconf 74' lang='grc' dir='ltr'>αὐτὰ</span> 
     </span>
    </p>
   </div>
   <div class='ocr_carea' id='block_1_6' title="bbox 310 822 1901 911">
    <p class='ocr_par' dir='ltr' id='par_1_6' title="bbox 310 822 1901 911">
     <span class='ocr_line' id='line_1_6' title="bbox 310 822 1901 911; baseline 0.012 -36"><span class='ocrx_word' id='word_1_38' title='bbox 310 822 619 895; x_wconf 70' lang='grc' dir='ltr'>εἱλούμενοι</span> <span class='ocrx_word' id='word_1_39' title='bbox 656 827 731 899; x_wconf 80' lang='grc' dir='ltr'>μὴ</span> <span class='ocrx_word' id='word_1_40' title='bbox 771 830 1153 904; x_wconf 81' lang='grc' dir='ltr'>πληρώσωμεν</span> <span class='ocrx_word' id='word_1_41' title='bbox 1179 834 1276 906; x_wconf 76' lang='grc' dir='ltr'>τὴν</span> <span class='ocrx_word' id='word_1_42' title='bbox 1312 836 1646 908; x_wconf 80' lang='grc' dir='ltr'>ὑπόσχεσιν),</span> <span class='ocrx_word' id='word_1_43' title='bbox 1679 838 1901 911; x_wconf 82' lang='grc' dir='ltr'>ἐξῆλθον</span> 
     </span>
    </p>
   </div>
   <div class='ocr_carea' id='block_1_7' title="bbox 308 912 1896 1000">
    <p class='ocr_par' dir='ltr' id='par_1_7' title="bbox 308 912 1896 1000">
     <span class='ocr_line' id='line_1_7' title="bbox 308 912 1896 1000; baseline 0.014 -35"><span class='ocrx_word' id='word_1_44' title='bbox 308 912 378 966; x_wconf 87' lang='grc' dir='ltr'>ἐκ</span> <span class='ocrx_word' id='word_1_45' title='bbox 423 917 525 986; x_wconf 85' lang='grc' dir='ltr'>γῆς</span> <span class='ocrx_word' id='word_1_46' title='bbox 577 918 877 987; x_wconf 85' lang='grc' dir='ltr'>Αἰγύπτου,</span> <span class='ocrx_word' id='word_1_47' title='bbox 927 925 1023 976; x_wconf 82' lang='grc' dir='ltr'>καί</span> <span class='ocrx_word' id='word_1_48' title='bbox 1064 920 1229 995; x_wconf 81' lang='grc' dir='ltr'>ἦλθον</span> <span class='ocrx_word' id='word_1_49' title='bbox 1261 926 1411 1000; x_wconf 82' lang='grc' dir='ltr'>παρᾶ</span> <span class='ocrx_word' id='word_1_50' title='bbox 1453 928 1553 1000; x_wconf 84' lang='grc' dir='ltr'>τὴν</span> <span class='ocrx_word' id='word_1_51' title='bbox 1598 931 1896 987; x_wconf 88' lang='grc' dir='ltr'>θάλασσαν.</span> 
     </span>
    </p>
   </div>
   <div class='ocr_carea' id='block_1_8' title="bbox 322 1006 1900 1097">
    <p class='ocr_par' dir='ltr' id='par_1_8' title="bbox 322 1006 1900 1097">
     <span class='ocr_line' id='line_1_8' title="bbox 322 1006 1900 1097; baseline 0.014 -39"><span class='ocrx_word' id='word_1_52' title='bbox 322 1006 815 1079; x_wconf 86' lang='grc' dir='ltr'>Ἐστρατοπέδευσε</span> <span class='ocrx_word' id='word_1_53' title='bbox 849 1014 1051 1085; x_wconf 85' lang='grc' dir='ltr'>Φαραὼ</span> <span class='ocrx_word' id='word_1_54' title='bbox 1077 1017 1251 1071; x_wconf 80' lang='grc' dir='ltr'>ὀπίσω</span> <span class='ocrx_word' id='word_1_55' title='bbox 1279 1021 1460 1073; x_wconf 79' lang='grc' dir='ltr'>αὐτῶν</span> <span class='ocrx_word' id='word_1_56' title='bbox 1493 1023 1633 1094; x_wconf 83' lang='grc' dir='ltr'>μετά</span> <span class='ocrx_word' id='word_1_57' title='bbox 1662 1024 1900 1097; x_wconf 76' lang='grc' dir='ltr'>πλήθους</span> 
     </span>
    </p>
   </div>
   <div class='ocr_carea' id='block_1_9' title="bbox 303 1100 1899 1191">
    <p class='ocr_par' dir='ltr' id='par_1_9' title="bbox 303 1100 1899 1191">
     <span class='ocr_line' id='line_1_9' title="bbox 303 1100 1899 1191; baseline 0.014 -39"><span class='ocrx_word' id='word_1_58' title='bbox 303 1100 572 1171; x_wconf 86' lang='grc' dir='ltr'>ἁρμάτων</span> <span class='ocrx_word' id='word_1_59' title='bbox 605 1104 700 1156; x_wconf 76' lang='grc' dir='ltr'>καὶ</span> <span class='ocrx_word' id='word_1_60' title='bbox 730 1105 912 1160; x_wconf 81' lang='grc' dir='ltr'>ἵππων</span> <span class='ocrx_word' id='word_1_61' title='bbox 932 1124 944 1137; x_wconf 71' lang='grc'><strong><em>⁸</em></strong></span> <span class='ocrx_word' id='word_1_62' title='bbox 976 1108 1052 1173; x_wconf 86' lang='grc' dir='ltr'>ὡς</span> <span class='ocrx_word' id='word_1_63' title='bbox 1080 1109 1136 1163; x_wconf 90' lang='grc' dir='ltr'>δέ</span> <span class='ocrx_word' id='word_1_64' title='bbox 1165 1106 1304 1165; x_wconf 83' lang='grc' dir='ltr'>εἶδεν</span> <span class='ocrx_word' id='word_1_65' title='bbox 1343 1114 1561 1186; x_wconf 75' lang='grc' dir='ltr'>Ἰσραὴλ</span> <span class='ocrx_word' id='word_1_66' title='bbox 1589 1116 1687 1189; x_wconf 82' lang='grc' dir='ltr'>τὴν</span> <span class='ocrx_word' id='word_1_67' title='bbox 1721 1120 1899 1191; x_wconf 79' lang='grc' dir='ltr'>παρά-</span> 
     </span>
    </p>
   </div>
   <div class='ocr_carea' id='block_1_10' title="bbox 298 1192 1897 1283">
    <p class='ocr_par' dir='ltr' id='par_1_10' title="bbox 298 1192 1897 1283">
     <span class='ocr_line' id='line_1_10' title="bbox 298 1192 1897 1283; baseline 0.013 -36"><span class='ocrx_word' id='word_1_68' title='bbox 298 1192 481 1260; x_wconf 82' lang='grc' dir='ltr'>ταξιν,</span> <span class='ocrx_word' id='word_1_69' title='bbox 524 1196 787 1271; x_wconf 79' lang='grc' dir='ltr'>ἐφοϐήθη.</span> <span class='ocrx_word' id='word_1_70' title='bbox 820 1195 1024 1255; x_wconf 73' lang='grc' dir='ltr'>τΗλθον</span> <span class='ocrx_word' id='word_1_71' title='bbox 1067 1202 1126 1257; x_wconf 89' lang='grc' dir='ltr'>δέ</span> <span class='ocrx_word' id='word_1_72' title='bbox 1156 1204 1249 1258; x_wconf 77' lang='grc' dir='ltr'>ἐπὶ</span> <span class='ocrx_word' id='word_1_73' title='bbox 1290 1206 1385 1260; x_wconf 81' lang='grc' dir='ltr'>τοῦ</span> <span class='ocrx_word' id='word_1_74' title='bbox 1426 1208 1639 1279; x_wconf 86' lang='grc' dir='ltr'>χείλους</span> <span class='ocrx_word' id='word_1_75' title='bbox 1670 1212 1771 1283; x_wconf 78' lang='grc' dir='ltr'>τῆς</span> <span class='ocrx_word' id='word_1_76' title='bbox 1800 1213 1897 1267; x_wconf 83' lang='grc' dir='ltr'>θα-</span> 
     </span>
    </p>
   </div>
   <div class='ocr_carea' id='block_1_11' title="bbox 296 1283 1896 1374">
    <p class='ocr_par' dir='ltr' id='par_1_11' title="bbox 296 1283 1896 1374">
     <span class='ocr_line' id='line_1_11' title="bbox 296 1283 1896 1374; baseline 0.013 -35"><span class='ocrx_word' id='word_1_77' title='bbox 296 1283 546 1360; x_wconf 81' lang='grc' dir='ltr'>λάσσης·</span> <span class='ocrx_word' id='word_1_78' title='bbox 598 1290 694 1344; x_wconf 90' lang='grc' dir='ltr'>καί</span> <span class='ocrx_word' id='word_1_79' title='bbox 737 1309 903 1364; x_wconf 82' lang='grc' dir='ltr'>φησιν</span> <span class='ocrx_word' id='word_1_80' title='bbox 944 1296 973 1348; x_wconf 92' lang='grc' dir='ltr'>ό</span> <span class='ocrx_word' id='word_1_81' title='bbox 1014 1295 1148 1360; x_wconf 86' lang='grc' dir='ltr'>Θεὸς</span> <span class='ocrx_word' id='word_1_82' title='bbox 1196 1297 1276 1369; x_wconf 82' lang='grc' dir='ltr'>τῷ</span> <span class='ocrx_word' id='word_1_83' title='bbox 1318 1299 1576 1365; x_wconf 83' lang='grc' dir='ltr'>Μωῦσεῖ,</span> <span class='ocrx_word' id='word_1_84' title='bbox 1631 1302 1695 1357; x_wconf 87' lang='grc' dir='ltr'>Τί</span> <span class='ocrx_word' id='word_1_85' title='bbox 1736 1304 1896 1374; x_wconf 81' lang='grc' dir='ltr'>,βοᾷς</span> 
     </span>
    </p>
   </div>
   <div class='ocr_carea' id='block_1_12' title="bbox 293 1382 1890 1469">
    <p class='ocr_par' dir='ltr' id='par_1_12' title="bbox 293 1382 1890 1469">
     <span class='ocr_line' id='line_1_12' title="bbox 293 1382 1890 1469; baseline 0.013 -37"><span class='ocrx_word' id='word_1_86' title='bbox 293 1382 454 1447; x_wconf 77' lang='grc' dir='ltr'>πρός</span> <span class='ocrx_word' id='word_1_87' title='bbox 479 1398 592 1451; x_wconf 58' lang='lat' dir='ltr'>ge;</span> <span class='ocrx_word' id='word_1_88' title='bbox 622 1384 718 1437; x_wconf 78' lang='grc' dir='ltr'>καὶ</span> <span class='ocrx_word' id='word_1_89' title='bbox 752 1384 858 1457; x_wconf 84' lang='grc' dir='ltr'>μὴν</span> <span class='ocrx_word' id='word_1_90' title='bbox 884 1386 1040 1442; x_wconf 86' lang='grc' dir='ltr'>οὐδὲν</span> <span class='ocrx_word' id='word_1_91' title='bbox 1071 1388 1223 1458; x_wconf 80' lang='grc' dir='ltr'>ἔλεγε</span> <span class='ocrx_word' id='word_1_92' title='bbox 1254 1392 1516 1462; x_wconf 80' lang='grc' dir='ltr'>Μωῦσῆς.</span> <span class='ocrx_word' id='word_1_93' title='bbox 1546 1394 1709 1450; x_wconf 85' lang='grc' dir='ltr'>Ἀλλά</span> <span class='ocrx_word' id='word_1_94' title='bbox 1737 1415 1890 1469; x_wconf 87' lang='grc' dir='ltr'>φησι,</span> 
     </span>
    </p>
   </div>
   <div class='ocr_carea' id='block_1_13' title="bbox 291 1473 1893 1555">
    <p class='ocr_par' dir='ltr' id='par_1_13' title="bbox 291 1473 1893 1555">
     <span class='ocr_line' id='line_1_13' title="bbox 291 1473 1893 1555; baseline 0.012 -28"><span class='ocrx_word' id='word_1_95' title='bbox 291 1473 434 1539; x_wconf 85' lang='grc' dir='ltr'>Θεός</span> <span class='ocrx_word' id='word_1_96' title='bbox 467 1478 603 1548; x_wconf 85' lang='grc' dir='ltr'>είμι,</span> <span class='ocrx_word' id='word_1_97' title='bbox 640 1479 702 1532; x_wconf 82' lang='grc' dir='ltr'>οὐ</span> <span class='ocrx_word' id='word_1_98' title='bbox 727 1478 796 1533; x_wconf 84' lang='grc' dir='ltr'>τά</span> <span class='ocrx_word' id='word_1_99' title='bbox 822 1480 887 1533; x_wconf 90' lang='grc' dir='ltr'>ἐκ</span> <span class='ocrx_word' id='word_1_100' title='bbox 917 1481 1143 1552; x_wconf 84' lang='grc' dir='ltr'>χειλέων</span> <span class='ocrx_word' id='word_1_101' title='bbox 1177 1485 1336 1555; x_wconf 82' lang='grc' dir='ltr'>μόνον</span> <span class='ocrx_word' id='word_1_102' title='bbox 1369 1486 1606 1554; x_wconf 81' lang='grc' dir='ltr'>ἀκούων,</span> <span class='ocrx_word' id='word_1_103' title='bbox 1635 1489 1770 1544; x_wconf 83' lang='grc' dir='ltr'>ἀλλὰ</span> <span class='ocrx_word' id='word_1_104' title='bbox 1799 1492 1893 1545; x_wconf 74' lang='grc' dir='ltr'>καὶ</span> 
     </span>
    </p>
   </div>
   <div class='ocr_carea' id='block_1_14' title="bbox 288 1567 1891 1653">
    <p class='ocr_par' dir='ltr' id='par_1_14' title="bbox 288 1567 1891 1653">
     <span class='ocr_line' id='line_1_14' title="bbox 288 1567 1891 1653; baseline 0.012 -33"><span class='ocrx_word' id='word_1_105' title='bbox 288 1567 360 1621; x_wconf 80' lang='grc' dir='ltr'>τά</span> <span class='ocrx_word' id='word_1_106' title='bbox 404 1570 465 1623; x_wconf 88' lang='grc' dir='ltr'>ἐν</span> <span class='ocrx_word' id='word_1_107' title='bbox 496 1573 561 1642; x_wconf 83' lang='grc' dir='ltr'>τῇ</span> <span class='ocrx_word' id='word_1_108' title='bbox 606 1571 807 1645; x_wconf 80' lang='grc' dir='ltr'>καρδίᾳ</span> <span class='ocrx_word' id='word_1_109' title='bbox 853 1575 1159 1647; x_wconf 79' lang='grc' dir='ltr'>γνωρίζων,</span> <span class='ocrx_word' id='word_1_110' title='bbox 1207 1576 1294 1631; x_wconf 79' lang='grc' dir='ltr'>ἵνα</span> <span class='ocrx_word' id='word_1_111' title='bbox 1334 1579 1548 1653; x_wconf 83' lang='grc' dir='ltr'>μάθῃς,</span> <span class='ocrx_word' id='word_1_112' title='bbox 1582 1584 1665 1636; x_wconf 81' lang='grc' dir='ltr'>ὅτι</span> <span class='ocrx_word' id='word_1_113' title='bbox 1695 1585 1795 1638; x_wconf 86' lang='grc' dir='ltr'>οὐκ</span> <span class='ocrx_word' id='word_1_114' title='bbox 1832 1587 1891 1639; x_wconf 90' lang='grc' dir='ltr'>ἐν</span> 
     </span>
    </p>
   </div>
   <div class='ocr_carea' id='block_1_15' title="bbox 286 1660 1889 1747">
    <p class='ocr_par' dir='ltr' id='par_1_15' title="bbox 286 1660 1889 1747">
     <span class='ocr_line' id='line_1_15' title="bbox 286 1660 1889 1747; baseline 0.012 -35"><span class='ocrx_word' id='word_1_115' title='bbox 286 1660 369 1732; x_wconf 76' lang='grc' dir='ltr'>τῷ</span> <span class='ocrx_word' id='word_1_116' title='bbox 400 1662 629 1732; x_wconf 81' lang='grc' dir='ltr'>κράζειν</span> <span class='ocrx_word' id='word_1_117' title='bbox 653 1665 687 1737; x_wconf 84' lang='grc' dir='ltr'><strong>ἡ</strong></span> <span class='ocrx_word' id='word_1_118' title='bbox 721 1666 878 1740; x_wconf 75' lang='grc' dir='ltr'>εὐχὴ,</span> <span class='ocrx_word' id='word_1_119' title='bbox 902 1667 1017 1722; x_wconf 81' lang='grc' dir='ltr'>ἀλλ’</span> <span class='ocrx_word' id='word_1_120' title='bbox 1041 1671 1101 1727; x_wconf 84' lang='grc' dir='ltr'>ἐν</span> <span class='ocrx_word' id='word_1_121' title='bbox 1128 1673 1193 1742; x_wconf 86' lang='grc' dir='ltr'>τῇ</span> <span class='ocrx_word' id='word_1_122' title='bbox 1217 1671 1435 1746; x_wconf 86' lang='grc' dir='ltr'>γνώμῃ.</span> <span class='ocrx_word' id='word_1_123' title='bbox 1467 1675 1528 1729; x_wconf 84' lang='grc' dir='ltr'>Τί</span> <span class='ocrx_word' id='word_1_124' title='bbox 1553 1674 1713 1743; x_wconf 71' lang='grc' dir='ltr'>,ϐοᾷς</span> <span class='ocrx_word' id='word_1_125' title='bbox 1739 1678 1889 1747; x_wconf 78' lang='grc' dir='ltr'>πρός</span> 
     </span>
    </p>
   </div>
   <div class='ocr_carea' id='block_1_16' title="bbox 280 1755 1888 1843">
    <p class='ocr_par' dir='ltr' id='par_1_16' title="bbox 280 1755 1888 1843">
     <span class='ocr_line' id='line_1_16' title="bbox 280 1755 1888 1843; baseline 0.012 -37"><span class='ocrx_word' id='word_1_126' title='bbox 280 1769 400 1824; x_wconf 79' lang='grc' dir='ltr'>με;</span> <span class='ocrx_word' id='word_1_127' title='bbox 437 1755 518 1809; x_wconf 85' lang='grc' dir='ltr'>Τά</span> <span class='ocrx_word' id='word_1_128' title='bbox 554 1756 656 1826; x_wconf 85' lang='grc' dir='ltr'>μὲν</span> <span class='ocrx_word' id='word_1_129' title='bbox 682 1758 792 1831; x_wconf 82' lang='grc' dir='ltr'>γὰρ</span> <span class='ocrx_word' id='word_1_130' title='bbox 817 1760 971 1832; x_wconf 84' lang='grc' dir='ltr'>χείλη</span> <span class='ocrx_word' id='word_1_131' title='bbox 1002 1764 1166 1818; x_wconf 81' lang='grc' dir='ltr'>αὑτοῦ</span> <span class='ocrx_word' id='word_1_132' title='bbox 1192 1767 1294 1820; x_wconf 88' lang='grc' dir='ltr'>οὐκ</span> <span class='ocrx_word' id='word_1_133' title='bbox 1321 1766 1523 1833; x_wconf 86' lang='grc' dir='ltr'>ἐλάλει,</span> <span class='ocrx_word' id='word_1_134' title='bbox 1546 1770 1580 1840; x_wconf 80' lang='grc' dir='ltr'><strong>ἡ</strong></span> <span class='ocrx_word' id='word_1_135' title='bbox 1602 1768 1660 1823; x_wconf 87' lang='grc' dir='ltr'>δέ</span> <span class='ocrx_word' id='word_1_136' title='bbox 1691 1771 1888 1843; x_wconf 83' lang='grc' dir='ltr'>καρδία</span> 
     </span>
    </p>
   </div>
   <div class='ocr_carea' id='block_1_17' title="bbox 284 1842 1888 1932">
    <p class='ocr_par' dir='ltr' id='par_1_17' title="bbox 284 1842 1888 1932">
     <span class='ocr_line' id='line_1_17' title="bbox 284 1842 1888 1932; baseline 0.014 -36"><span class='ocrx_word' id='word_1_137' title='bbox 284 1842 453 1898; x_wconf 83' lang='grc' dir='ltr'>ἐϐόα·</span> <span class='ocrx_word' id='word_1_138' title='bbox 489 1847 626 1920; x_wconf 82' lang='grc' dir='ltr'>εὐχὴ</span> <span class='ocrx_word' id='word_1_139' title='bbox 665 1849 775 1922; x_wconf 84' lang='grc' dir='ltr'>γὰρ</span> <span class='ocrx_word' id='word_1_140' title='bbox 819 1853 928 1907; x_wconf 85' lang='grc' dir='ltr'>ἀπὸ</span> <span class='ocrx_word' id='word_1_141' title='bbox 969 1853 1198 1929; x_wconf 86' lang='grc' dir='ltr'>γνώμης</span> <span class='ocrx_word' id='word_1_142' title='bbox 1242 1859 1457 1931; x_wconf 84' lang='grc' dir='ltr'>άγαθῆς</span> <span class='ocrx_word' id='word_1_143' title='bbox 1489 1860 1752 1932; x_wconf 81' lang='grc' dir='ltr'>ζητεῖται,</span> <span class='ocrx_word' id='word_1_144' title='bbox 1771 1842 1888 1918; x_wconf 81' lang='grc' dir='ltr'>οὐκ</span> 
     </span>
    </p>
   </div>
   <div class='ocr_carea' id='block_1_18' title="bbox 282 1935 1883 2022">
    <p class='ocr_par' dir='ltr' id='par_1_18' title="bbox 282 1935 1883 2022">
     <span class='ocr_line' id='line_1_18' title="bbox 282 1935 1883 2022; baseline 0.01 -31"><span class='ocrx_word' id='word_1_145' title='bbox 282 1935 395 1991; x_wconf 86' lang='grc' dir='ltr'>ἀπὸ</span> <span class='ocrx_word' id='word_1_146' title='bbox 425 1939 675 2012; x_wconf 81' lang='grc' dir='ltr'>κραυγῆς</span> <span class='ocrx_word' id='word_1_147' title='bbox 725 1936 971 2015; x_wconf 72' lang='grc' dir='ltr'>ἰσχυρᾶς.</span> <span class='ocrx_word' id='word_1_148' title='bbox 1006 1946 1068 2000; x_wconf 77' lang='grc' dir='ltr'>Τί</span> <span class='ocrx_word' id='word_1_149' title='bbox 1100 1946 1260 2015; x_wconf 83' lang='grc' dir='ltr'>βοᾷς</span> <span class='ocrx_word' id='word_1_150' title='bbox 1292 1952 1442 2019; x_wconf 77' lang='grc' dir='ltr'>πρός</span> <span class='ocrx_word' id='word_1_151' title='bbox 1462 1968 1571 2022; x_wconf 60' lang='lat' dir='ltr'>ys;</span> <span class='ocrx_word' id='word_1_152' title='bbox 1602 1953 1883 2009; x_wconf 88' lang='grc' dir='ltr'>Ἔκτεινον</span> 
     </span>
    </p>
   </div>
   <div class='ocr_carea' id='block_1_19' title="bbox 278 2028 1881 2118">
    <p class='ocr_par' dir='ltr' id='par_1_19' title="bbox 278 2028 1881 2118">
     <span class='ocr_line' id='line_1_19' title="bbox 278 2028 1881 2118; baseline 0.013 -37"><span class='ocrx_word' id='word_1_153' title='bbox 278 2028 383 2099; x_wconf 75' lang='grc' dir='ltr'>τὴν</span> <span class='ocrx_word' id='word_1_154' title='bbox 422 2031 623 2099; x_wconf 77' lang='grc' dir='ltr'>ῥάϐδον</span> <span class='ocrx_word' id='word_1_155' title='bbox 652 2032 752 2105; x_wconf 80' lang='grc' dir='ltr'>τὴν</span> <span class='ocrx_word' id='word_1_156' title='bbox 804 2036 863 2089; x_wconf 91' lang='grc' dir='ltr'>ἐν</span> <span class='ocrx_word' id='word_1_157' title='bbox 893 2039 960 2109; x_wconf 77' lang='grc' dir='ltr'>τῇ</span> <span class='ocrx_word' id='word_1_158' title='bbox 1007 2039 1153 2112; x_wconf 82' lang='grc' dir='ltr'>χειρί</span> <span class='ocrx_word' id='word_1_159' title='bbox 1193 2057 1286 2095; x_wconf 90' lang='grc' dir='ltr'>σου</span> <span class='ocrx_word' id='word_1_160' title='bbox 1334 2043 1429 2097; x_wconf 72' lang='grc' dir='ltr'>ἐπὶ</span> <span class='ocrx_word' id='word_1_161' title='bbox 1480 2044 1541 2097; x_wconf 92' lang='grc' dir='ltr'>τὸ</span> <span class='ocrx_word' id='word_1_162' title='bbox 1574 2042 1754 2118; x_wconf 74' lang='grc' dir='ltr'>ὕδωρ,</span> <span class='ocrx_word' id='word_1_163' title='bbox 1786 2049 1881 2102; x_wconf 77' lang='grc' dir='ltr'>καὶ</span> 
     </span>
    </p>
   </div>
   <div class='ocr_carea' id='block_1_20' title="bbox 278 2117 1882 2206">
    <p class='ocr_par' dir='ltr' id='par_1_20' title="bbox 278 2117 1882 2206">
     <span class='ocr_line' id='line_1_20' title="bbox 278 2117 1882 2206; baseline 0.011 -35"><span class='ocrx_word' id='word_1_164' title='bbox 278 2117 460 2174; x_wconf 82' lang='grc' dir='ltr'>δίελθε</span> <span class='ocrx_word' id='word_1_165' title='bbox 489 2121 554 2175; x_wconf 78' lang='grc' dir='ltr'>σὺ</span> <span class='ocrx_word' id='word_1_166' title='bbox 587 2123 682 2178; x_wconf 77' lang='grc' dir='ltr'>καί</span> <span class='ocrx_word' id='word_1_167' title='bbox 714 2126 825 2190; x_wconf 83' lang='grc' dir='ltr'>πᾶς</span> <span class='ocrx_word' id='word_1_168' title='bbox 853 2127 1092 2200; x_wconf 82' lang='grc' dir='ltr'>Ἰσραήλ.</span> <span class='ocrx_word' id='word_1_169' title='bbox 1130 2129 1392 2197; x_wconf 82' lang='grc' dir='ltr'>Ἐξέτεινε</span> <span class='ocrx_word' id='word_1_170' title='bbox 1426 2131 1483 2185; x_wconf 87' lang='grc' dir='ltr'>δὲ</span> <span class='ocrx_word' id='word_1_171' title='bbox 1511 2117 1753 2205; x_wconf 78' lang='grc' dir='ltr'>Μωῦσῆς</span> <span class='ocrx_word' id='word_1_172' title='bbox 1781 2135 1882 2206; x_wconf 85' lang='grc' dir='ltr'>τὴν</span> 
     </span>
    </p>
   </div>
   <div class='ocr_carea' id='block_1_21' title="bbox 278 2216 1876 2301">
    <p class='ocr_par' dir='ltr' id='par_1_21' title="bbox 278 2216 1876 2301">
     <span class='ocr_line' id='line_1_21' title="bbox 278 2216 1876 2301; baseline 0.009 -32"><span class='ocrx_word' id='word_1_173' title='bbox 278 2216 484 2288; x_wconf 73' lang='grc' dir='ltr'>ῥάϐδον</span> <span class='ocrx_word' id='word_1_174' title='bbox 511 2216 609 2290; x_wconf 83' lang='grc' dir='ltr'>τὴν</span> <span class='ocrx_word' id='word_1_175' title='bbox 637 2218 696 2273; x_wconf 89' lang='grc' dir='ltr'>ἐν</span> <span class='ocrx_word' id='word_1_176' title='bbox 733 2221 799 2292; x_wconf 80' lang='grc' dir='ltr'>τῇ</span> <span class='ocrx_word' id='word_1_177' title='bbox 832 2222 976 2293; x_wconf 78' lang='grc' dir='ltr'>χειρὶ</span> <span class='ocrx_word' id='word_1_178' title='bbox 1011 2221 1202 2288; x_wconf 80' lang='grc' dir='ltr'>αὐτοῦ,</span> <span class='ocrx_word' id='word_1_179' title='bbox 1235 2224 1330 2280; x_wconf 77' lang='grc' dir='ltr'>καὶ</span> <span class='ocrx_word' id='word_1_180' title='bbox 1358 2225 1598 2292; x_wconf 84' lang='grc' dir='ltr'>ἐπάταξε</span> <span class='ocrx_word' id='word_1_181' title='bbox 1619 2227 1679 2281; x_wconf 89' lang='grc' dir='ltr'>τὸ</span> <span class='ocrx_word' id='word_1_182' title='bbox 1710 2227 1876 2301; x_wconf 73' lang='grc' dir='ltr'>ὕδωρ,</span> 
     </span>
    </p>
   </div>
   <div class='ocr_carea' id='block_1_22' title="bbox 277 2308 1879 2393">
    <p class='ocr_par' dir='ltr' id='par_1_22' title="bbox 277 2308 1879 2393">
     <span class='ocr_line' id='line_1_22' title="bbox 277 2308 1879 2393; baseline 0.007 -31"><span class='ocrx_word' id='word_1_183' title='bbox 277 2310 372 2363; x_wconf 73' lang='grc' dir='ltr'>καὶ</span> <span class='ocrx_word' id='word_1_184' title='bbox 397 2311 440 2381; x_wconf 79' lang='grc' dir='ltr'>ἡ</span> <span class='ocrx_word' id='word_1_185' title='bbox 472 2308 708 2376; x_wconf 79' lang='grc' dir='ltr'>ἄτακτος</span> <span class='ocrx_word' id='word_1_186' title='bbox 742 2311 889 2386; x_wconf 80' lang='grc' dir='ltr'>ῥύμη</span> <span class='ocrx_word' id='word_1_187' title='bbox 922 2312 1033 2368; x_wconf 90' lang='grc' dir='ltr'>τῶν</span> <span class='ocrx_word' id='word_1_188' title='bbox 1075 2314 1286 2369; x_wconf 82' lang='grc' dir='ltr'>ὑδάτων</span> <span class='ocrx_word' id='word_1_189' title='bbox 1316 2316 1620 2389; x_wconf 86' lang='grc' dir='ltr'>ἐχερσώθη,</span> <span class='ocrx_word' id='word_1_190' title='bbox 1662 2320 1879 2393; x_wconf 76' lang='grc' dir='ltr'>καὶτῆς</span> 
     </span>
    </p>
   </div>
   <div class='ocr_carea' id='block_1_23' title="bbox 276 2399 1873 2483">
    <p class='ocr_par' dir='ltr' id='par_1_23' title="bbox 276 2399 1873 2483">
     <span class='ocr_line' id='line_1_23' title="bbox 276 2399 1873 2483; baseline 0.011 -32"><span class='ocrx_word' id='word_1_191' title='bbox 276 2399 416 2464; x_wconf 71' lang='grc' dir='ltr'>ἰδίας</span> <span class='ocrx_word' id='word_1_192' title='bbox 460 2399 679 2470; x_wconf 80' lang='grc' dir='ltr'>φύσεως</span> <span class='ocrx_word' id='word_1_193' title='bbox 703 2403 1019 2459; x_wconf 88' lang='grc' dir='ltr'>ἐπελάθετο.</span> <span class='ocrx_word' id='word_1_194' title='bbox 1053 2405 1307 2461; x_wconf 77' lang='grc' dir='ltr'>Τοιοῦτον</span> <span class='ocrx_word' id='word_1_195' title='bbox 1345 2406 1456 2480; x_wconf 74' lang='grc' dir='ltr'>γὰρ</span> <span class='ocrx_word' id='word_1_196' title='bbox 1497 2410 1558 2463; x_wconf 92' lang='grc' dir='ltr'>τὸ</span> <span class='ocrx_word' id='word_1_197' title='bbox 1591 2416 1873 2483; x_wconf 83' lang='grc' dir='ltr'>στοιχεῖον,</span> 
     </span>
    </p>
   </div>
   <div class='ocr_carea' id='block_1_24' title="bbox 274 2493 1879 2574">
    <p class='ocr_par' dir='ltr' id='par_1_24' title="bbox 274 2493 1879 2574">
     <span class='ocr_line' id='line_1_24' title="bbox 274 2493 1879 2574; baseline 0.009 -29"><span class='ocrx_word' id='word_1_198' title='bbox 274 2493 402 2546; x_wconf 76' lang='grc' dir='ltr'>ὅταν</span> <span class='ocrx_word' id='word_1_199' title='bbox 447 2493 615 2568; x_wconf 84' lang='grc' dir='ltr'>νεύσῃ</span> <span class='ocrx_word' id='word_1_200' title='bbox 656 2497 685 2549; x_wconf 91' lang='lat'>6</span> <span class='ocrx_word' id='word_1_201' title='bbox 731 2495 898 2562; x_wconf 82' lang='grc' dir='ltr'>Θεὸς,</span> <span class='ocrx_word' id='word_1_202' title='bbox 937 2498 1033 2552; x_wconf 81' lang='grc' dir='ltr'>καί</span> <span class='ocrx_word' id='word_1_203' title='bbox 1079 2499 1219 2553; x_wconf 81' lang='grc' dir='ltr'>αὐτὰ</span> <span class='ocrx_word' id='word_1_204' title='bbox 1257 2501 1358 2572; x_wconf 81' lang='grc' dir='ltr'>τῆς</span> <span class='ocrx_word' id='word_1_205' title='bbox 1406 2503 1618 2567; x_wconf 85' lang='grc' dir='ltr'>οἰκείας</span> <span class='ocrx_word' id='word_1_206' title='bbox 1662 2505 1879 2574; x_wconf 82' lang='grc' dir='ltr'>φύσεως</span> 
     </span>
    </p>
   </div>
   <div class='ocr_carea' id='block_1_25' title="bbox 272 2584 1878 2675">
    <p class='ocr_par' dir='ltr' id='par_1_25' title="bbox 272 2584 1878 2675">
     <span class='ocr_line' id='line_1_25' title="bbox 272 2584 1878 2675; baseline 0.012 -38"><span class='ocrx_word' id='word_1_207' title='bbox 272 2584 722 2654; x_wconf 70' lang='grc' dir='ltr'>ἐπιλανθάνεται,</span> <span class='ocrx_word' id='word_1_208' title='bbox 761 2590 857 2645; x_wconf 80' lang='grc' dir='ltr'>καὶ</span> <span class='ocrx_word' id='word_1_209' title='bbox 888 2591 988 2661; x_wconf 82' lang='grc' dir='ltr'>τὴν</span> <span class='ocrx_word' id='word_1_210' title='bbox 1027 2591 1311 2663; x_wconf 76' lang='grc' dir='ltr'>ἐνέργειαν</span> <span class='ocrx_word' id='word_1_211' title='bbox 1345 2595 1575 2667; x_wconf 85' lang='grc' dir='ltr'>χαλινοῖ.</span> <span class='ocrx_word' id='word_1_212' title='bbox 1607 2600 1878 2675; x_wconf 85' lang='grc' dir='ltr'>Καθάπερ</span> 
     </span>
    </p>
   </div>
   <div class='ocr_carea' id='block_1_26' title="bbox 269 2678 1873 2755">
    <p class='ocr_par' dir='ltr' id='par_1_26' title="bbox 269 2678 1873 2755">
     <span class='ocr_line' id='line_1_26' title="bbox 269 2678 1873 2755; baseline 0.012 -24"><span class='ocrx_word' id='word_1_213' title='bbox 269 2679 379 2750; x_wconf 79' lang='grc' dir='ltr'>γὰρ</span> <span class='ocrx_word' id='word_1_214' title='bbox 406 2678 743 2750; x_wconf 73' lang='grc' dir='ltr'>Θεραπαινὶς</span> <span class='ocrx_word' id='word_1_215' title='bbox 764 2681 1065 2754; x_wconf 82' lang='grc' dir='ltr'>εὐγνώμων</span> <span class='ocrx_word' id='word_1_216' title='bbox 1095 2686 1129 2755; x_wconf 86' lang='grc' dir='ltr'>ή</span> <span class='ocrx_word' id='word_1_217' title='bbox 1157 2684 1422 2755; x_wconf 87' lang='grc' dir='ltr'>θάλασσα,</span> <span class='ocrx_word' id='word_1_218' title='bbox 1450 2692 1723 2746; x_wconf 91' lang='grc' dir='ltr'>Δεσπότου</span> <span class='ocrx_word' id='word_1_219' title='bbox 1749 2694 1873 2749; x_wconf 78' lang='grc' dir='ltr'>δοῦ-</span> 
     </span>
    </p>
   </div>
   <div class='ocr_carea' id='block_1_27' title="bbox 271 2769 1873 2854">
    <p class='ocr_par' dir='ltr' id='par_1_27' title="bbox 271 2769 1873 2854">
     <span class='ocr_line' id='line_1_27' title="bbox 271 2769 1873 2854; baseline 0.012 -31"><span class='ocrx_word' id='word_1_220' title='bbox 271 2769 360 2824; x_wconf 81' lang='grc' dir='ltr'>λον</span> <span class='ocrx_word' id='word_1_221' title='bbox 398 2770 614 2838; x_wconf 81' lang='grc' dir='ltr'>ἰδοῦσα,</span> <span class='ocrx_word' id='word_1_222' title='bbox 639 2774 891 2829; x_wconf 83' lang='grc' dir='ltr'>ἐπείθετο</span> <span class='ocrx_word' id='word_1_223' title='bbox 915 2778 1011 2831; x_wconf 77' lang='grc' dir='ltr'>καὶ</span> <span class='ocrx_word' id='word_1_224' title='bbox 1042 2778 1388 2851; x_wconf 83' lang='grc' dir='ltr'>ὑπήκουσεν·</span> <span class='ocrx_word' id='word_1_225' title='bbox 1415 2782 1692 2854; x_wconf 74' lang='grc' dir='ltr'>ὑπήκουσε</span> <span class='ocrx_word' id='word_1_226' title='bbox 1723 2787 1779 2841; x_wconf 88' lang='grc' dir='ltr'>δέ</span> <span class='ocrx_word' id='word_1_227' title='bbox 1811 2791 1873 2843; x_wconf 87' lang='grc' dir='ltr'>οὐ</span> 
     </span>
    </p>
   </div>
   <div class='ocr_carea' id='block_1_28' title="bbox 278 2863 1874 2948">
    <p class='ocr_par' dir='ltr' id='par_1_28' title="bbox 278 2863 1874 2948">
     <span class='ocr_line' id='line_1_28' title="bbox 278 2863 1874 2948; baseline 0.012 -31"><span class='ocrx_word' id='word_1_228' title='bbox 278 2863 431 2930; x_wconf 85' lang='grc' dir='ltr'>ξύλον</span> <span class='ocrx_word' id='word_1_229' title='bbox 467 2864 533 2919; x_wconf 91' lang='grc' dir='ltr'>τὸ</span> <span class='ocrx_word' id='word_1_230' title='bbox 560 2865 724 2939; x_wconf 81' lang='grc' dir='ltr'>ξηρὸν</span> <span class='ocrx_word' id='word_1_231' title='bbox 745 2869 1066 2942; x_wconf 82' lang='grc' dir='ltr'>αἰδουμένη,</span> <span class='ocrx_word' id='word_1_232' title='bbox 1104 2872 1243 2927; x_wconf 82' lang='grc' dir='ltr'>ἀλλὰ</span> <span class='ocrx_word' id='word_1_233' title='bbox 1282 2873 1370 2927; x_wconf 80' lang='grc' dir='ltr'>διὰ</span> <span class='ocrx_word' id='word_1_234' title='bbox 1402 2876 1493 2929; x_wconf 88' lang='grc' dir='ltr'>τὸν</span> <span class='ocrx_word' id='word_1_235' title='bbox 1526 2878 1790 2948; x_wconf 88' lang='grc' dir='ltr'>μέλλοντα</span> <span class='ocrx_word' id='word_1_236' title='bbox 1814 2882 1874 2936; x_wconf 92' lang='grc' dir='ltr'>ἐν</span> 
     </span>
    </p>
   </div>
   <div class='ocr_carea' id='block_1_29' title="bbox 274 2954 1872 3038">
    <p class='ocr_par' dir='ltr' id='par_1_29' title="bbox 274 2954 1872 3038">
     <span class='ocr_line' id='line_1_29' title="bbox 274 2954 1872 3038; baseline 0.013 -32"><span class='ocrx_word' id='word_1_237' title='bbox 274 2954 351 3025; x_wconf 81' lang='grc' dir='ltr'>τῷ</span> <span class='ocrx_word' id='word_1_238' title='bbox 389 2954 537 3027; x_wconf 86' lang='grc' dir='ltr'>ξύλῳ</span> <span class='ocrx_word' id='word_1_239' title='bbox 570 2957 954 3030; x_wconf 85' lang='grc' dir='ltr'>σταυροῦσθαι.</span> <span class='ocrx_word' id='word_1_240' title='bbox 978 2956 1132 3017; x_wconf 79' lang='grc' dir='ltr'>Εἶδεν</span> <span class='ocrx_word' id='word_1_241' title='bbox 1156 2960 1250 3018; x_wconf 76' lang='grc' dir='ltr'>οὖν</span> <span class='ocrx_word' id='word_1_242' title='bbox 1290 2966 1390 3038; x_wconf 80' lang='grc' dir='ltr'>τὴν</span> <span class='ocrx_word' id='word_1_243' title='bbox 1421 2968 1625 3035; x_wconf 79' lang='grc' dir='ltr'>εἰκόνα,</span> <span class='ocrx_word' id='word_1_244' title='bbox 1656 2971 1751 3024; x_wconf 82' lang='grc' dir='ltr'>καί</span> <span class='ocrx_word' id='word_1_245' title='bbox 1779 2972 1872 3026; x_wconf 82' lang='grc' dir='ltr'>εὑ-</span> 
     </span>
    </p>
   </div>
   <div class='ocr_carea' id='block_1_30' title="bbox 277 3045 1868 3132">
    <p class='ocr_par' dir='ltr' id='par_1_30' title="bbox 277 3045 1868 3132">
     <span class='ocr_line' id='line_1_30' title="bbox 277 3045 1868 3132; baseline 0.011 -33"><span class='ocrx_word' id='word_1_246' title='bbox 277 3045 370 3110; x_wconf 81' lang='grc' dir='ltr'>θὺς</span> <span class='ocrx_word' id='word_1_247' title='bbox 394 3046 651 3118; x_wconf 84' lang='grc' dir='ltr'>ἐνενόησε</span> <span class='ocrx_word' id='word_1_248' title='bbox 675 3047 775 3120; x_wconf 84' lang='grc' dir='ltr'>τὴν</span> <span class='ocrx_word' id='word_1_249' title='bbox 798 3048 1080 3121; x_wconf 81' lang='grc' dir='ltr'>ἀλήθειαν,</span> <span class='ocrx_word' id='word_1_250' title='bbox 1109 3056 1204 3117; x_wconf 78' lang='grc' dir='ltr'>καὶ</span> <span class='ocrx_word' id='word_1_251' title='bbox 1234 3055 1580 3130; x_wconf 76' lang='grc' dir='ltr'>ὑπεχώρησε.</span> <span class='ocrx_word' id='word_1_252' title='bbox 1597 3060 1868 3132; x_wconf 75' lang='grc' dir='ltr'>Πάρελθε,</span> 
     </span>
    </p>
   </div>
   <div class='ocr_carea' id='block_1_31' title="bbox 276 3139 1870 3223">
    <p class='ocr_par' dir='ltr' id='par_1_31' title="bbox 276 3139 1870 3223">
     <span class='ocr_line' id='line_1_31' title="bbox 276 3139 1870 3223; baseline 0.01 -31"><span class='ocrx_word' id='word_1_253' title='bbox 276 3139 405 3209; x_wconf 83' lang='grc' dir='ltr'>φησί</span> <span class='ocrx_word' id='word_1_254' title='bbox 430 3181 447 3206; x_wconf 84' lang='grc'>,</span> <span class='ocrx_word' id='word_1_255' title='bbox 492 3141 560 3195; x_wconf 80' lang='grc' dir='ltr'>σὺ</span> <span class='ocrx_word' id='word_1_256' title='bbox 602 3141 699 3194; x_wconf 77' lang='grc' dir='ltr'>καὶ</span> <span class='ocrx_word' id='word_1_257' title='bbox 730 3142 842 3206; x_wconf 86' lang='grc' dir='ltr'>πᾶς</span> <span class='ocrx_word' id='word_1_258' title='bbox 879 3144 908 3197; x_wconf 90' lang='lat'>6</span> <span class='ocrx_word' id='word_1_259' title='bbox 958 3144 1088 3210; x_wconf 89' lang='grc' dir='ltr'>λαὸς</span> <span class='ocrx_word' id='word_1_260' title='bbox 1141 3147 1380 3219; x_wconf 82' lang='grc' dir='ltr'>Ἰσραήλ.</span> <span class='ocrx_word' id='word_1_261' title='bbox 1411 3146 1548 3205; x_wconf 75' lang='grc' dir='ltr'>Εἶτα</span> <span class='ocrx_word' id='word_1_262' title='bbox 1588 3153 1870 3223; x_wconf 81' lang='grc' dir='ltr'>παρῆλθεν</span> 
     </span>
    </p>
   </div>
   <div class='ocr_carea' id='block_1_32' title="bbox 274 3231 1867 3319">
    <p class='ocr_par' dir='ltr' id='par_1_32' title="bbox 274 3231 1867 3319">
     <span class='ocr_line' id='line_1_32' title="bbox 274 3231 1867 3319; baseline 0.01 -35"><span class='ocrx_word' id='word_1_263' title='bbox 274 3231 431 3296; x_wconf 78' lang='grc' dir='ltr'>αὐτὸς</span> <span class='ocrx_word' id='word_1_264' title='bbox 480 3232 581 3286; x_wconf 72' lang='grc' dir='ltr'>καὶ</span> <span class='ocrx_word' id='word_1_265' title='bbox 625 3235 737 3298; x_wconf 79' lang='grc' dir='ltr'>πᾶς</span> <span class='ocrx_word' id='word_1_266' title='bbox 777 3235 1033 3307; x_wconf 85' lang='grc' dir='ltr'>Ἰσραήλ·</span> <span class='ocrx_word' id='word_1_267' title='bbox 1088 3238 1535 3313; x_wconf 82' lang='grc' dir='ltr'>ἐπηκολούθησαν</span> <span class='ocrx_word' id='word_1_268' title='bbox 1584 3244 1641 3297; x_wconf 87' lang='grc' dir='ltr'>δέ</span> <span class='ocrx_word' id='word_1_269' title='bbox 1683 3246 1777 3317; x_wconf 77' lang='grc' dir='ltr'>καὶ</span> <span class='ocrx_word' id='word_1_270' title='bbox 1817 3247 1867 3319; x_wconf 83' lang='grc' dir='ltr'>οἱ</span> 
     </span>
    </p>
   </div>
   <div class='ocr_carea' id='block_1_33' title="bbox 274 3324 1868 3409">
    <p class='ocr_par' dir='ltr' id='par_1_33' title="bbox 274 3324 1868 3409">
     <span class='ocr_line' id='line_1_33' title="bbox 274 3324 1868 3409; baseline 0.012 -33"><span class='ocrx_word' id='word_1_271' title='bbox 274 3324 559 3392; x_wconf 85' lang='grc' dir='ltr'>Αἰγύπτιοι</span> <span class='ocrx_word' id='word_1_272' title='bbox 593 3325 1023 3392; x_wconf 83' lang='grc' dir='ltr'>καταδιώκοντες</span> <span class='ocrx_word' id='word_1_273' title='bbox 1054 3330 1318 3401; x_wconf 80' lang='grc' dir='ltr'>ἐκείνους,</span> <span class='ocrx_word' id='word_1_274' title='bbox 1349 3333 1378 3387; x_wconf 82' lang='grc' dir='ltr'>ὅ</span> <span class='ocrx_word' id='word_1_275' title='bbox 1421 3351 1480 3388; x_wconf 90' lang='grc' dir='ltr'>τε</span> <span class='ocrx_word' id='word_1_276' title='bbox 1522 3332 1724 3409; x_wconf 75' lang='grc' dir='ltr'>Φαραὼ</span> <span class='ocrx_word' id='word_1_277' title='bbox 1772 3341 1868 3394; x_wconf 75' lang='grc' dir='ltr'>καὶ</span> 
     </span>
    </p>
   </div>
   <div class='ocr_carea' id='block_1_34' title="bbox 272 3415 1867 3490">
    <p class='ocr_par' dir='ltr' id='par_1_34' title="bbox 272 3415 1867 3490">
     <span class='ocr_line' id='line_1_34' title="bbox 272 3415 1867 3490; baseline 0.012 -23"><span class='ocrx_word' id='word_1_278' title='bbox 272 3415 338 3468; x_wconf 73' lang='grc' dir='ltr'>τὰ</span> <span class='ocrx_word' id='word_1_279' title='bbox 385 3416 614 3490; x_wconf 77' lang='grc' dir='ltr'>ἅρματα</span> <span class='ocrx_word' id='word_1_280' title='bbox 670 3417 836 3471; x_wconf 82' lang='grc' dir='ltr'>αὐτοῦ</span> <span class='ocrx_word' id='word_1_281' title='bbox 877 3422 972 3473; x_wconf 78' lang='grc' dir='ltr'>καὶ</span> <span class='ocrx_word' id='word_1_282' title='bbox 1022 3422 1071 3475; x_wconf 92' lang='grc' dir='ltr'>οἰ</span> <span class='ocrx_word' id='word_1_283' title='bbox 1120 3423 1325 3488; x_wconf 79' lang='grc' dir='ltr'>ἱππεῖς.</span> <span class='ocrx_word' id='word_1_284' title='bbox 1385 3422 1520 3481; x_wconf 72' lang='grc' dir='ltr'>Εἶτα</span> <span class='ocrx_word' id='word_1_285' title='bbox 1570 3428 1680 3482; x_wconf 89' lang='grc' dir='ltr'>τῶν</span> <span class='ocrx_word' id='word_1_286' title='bbox 1733 3432 1867 3487; x_wconf 88' lang='grc' dir='ltr'>υἰῶν</span> 
     </span>
    </p>
   </div>
   <div class='ocr_carea' id='block_1_35' title="bbox 284 3507 1864 3595">
    <p class='ocr_par' dir='ltr' id='par_1_35' title="bbox 284 3507 1864 3595">
     <span class='ocr_line' id='line_1_35' title="bbox 284 3507 1864 3595; baseline 0.013 -36"><span class='ocrx_word' id='word_1_287' title='bbox 284 3507 502 3579; x_wconf 84' lang='grc' dir='ltr'>Ἰσραὴλ</span> <span class='ocrx_word' id='word_1_288' title='bbox 536 3509 918 3581; x_wconf 66' lang='grc' dir='ltr'>παρελθόντων</span> <span class='ocrx_word' id='word_1_289' title='bbox 964 3514 1172 3585; x_wconf 85' lang='grc' dir='ltr'>ἐπῆ).οε</span> <span class='ocrx_word' id='word_1_290' title='bbox 1211 3516 1271 3570; x_wconf 81' lang='grc' dir='ltr'>τὸ</span> <span class='ocrx_word' id='word_1_291' title='bbox 1306 3517 1453 3591; x_wconf 81' lang='grc' dir='ltr'>ὕδωρ</span> <span class='ocrx_word' id='word_1_292' title='bbox 1503 3522 1597 3575; x_wconf 80' lang='grc' dir='ltr'>καὶ</span> <span class='ocrx_word' id='word_1_293' title='bbox 1623 3523 1864 3595; x_wconf 83' lang='grc' dir='ltr'>ἐκάλυψε</span> 
     </span>
    </p>
   </div>
   <div class='ocr_carea' id='block_1_36' title="bbox 270 3602 1865 3682">
    <p class='ocr_par' dir='ltr' id='par_1_36' title="bbox 270 3602 1865 3682">
     <span class='ocr_line' id='line_1_36' title="bbox 270 3602 1865 3682; baseline 0.011 -28"><span class='ocrx_word' id='word_1_294' title='bbox 270 3602 391 3669; x_wconf 80' lang='grc' dir='ltr'>τοὺς</span> <span class='ocrx_word' id='word_1_295' title='bbox 446 3603 806 3672; x_wconf 84' lang='grc' dir='ltr'>Αἰγυπτίους.</span> <span class='ocrx_word' id='word_1_296' title='bbox 838 3606 977 3660; x_wconf 89' lang='grc' dir='ltr'>Εἰπέ</span> <span class='ocrx_word' id='word_1_297' title='bbox 1011 3625 1102 3679; x_wconf 90' lang='grc' dir='ltr'>μοι</span> <span class='ocrx_word' id='word_1_298' title='bbox 1129 3604 1244 3678; x_wconf 76' lang='grc' dir='ltr'>οὖν,</span> <span class='ocrx_word' id='word_1_299' title='bbox 1280 3605 1325 3665; x_wconf 80' lang='grc' dir='ltr'><strong>ὦ</strong></span> <span class='ocrx_word' id='word_1_300' title='bbox 1377 3613 1617 3678; x_wconf 83' lang='grc' dir='ltr'>Ἰουδαίε,</span> <span class='ocrx_word' id='word_1_301' title='bbox 1654 3617 1772 3682; x_wconf 81' lang='grc' dir='ltr'>πῶς</span> <span class='ocrx_word' id='word_1_302' title='bbox 1802 3617 1865 3672; x_wconf 89' lang='grc' dir='ltr'>τὸ</span> 
     </span>
    </p>
   </div>
   <div class='ocr_carea' id='block_1_37' title="bbox 272 3691 1861 3781">
    <p class='ocr_par' dir='ltr' id='par_1_37' title="bbox 272 3691 1861 3781">
     <span class='ocr_line' id='line_1_37' title="bbox 272 3691 1861 3781; baseline 0.013 -37"><span class='ocrx_word' id='word_1_303' title='bbox 272 3691 409 3764; x_wconf 67' lang='grc' dir='ltr'>ὕδωρ</span> <span class='ocrx_word' id='word_1_304' title='bbox 453 3693 521 3747; x_wconf 87' lang='grc' dir='ltr'>τὸ</span> <span class='ocrx_word' id='word_1_305' title='bbox 567 3693 664 3747; x_wconf 70' lang='grc' dir='ltr'>ἐπὶ</span> <span class='ocrx_word' id='word_1_306' title='bbox 706 3694 803 3749; x_wconf 80' lang='grc' dir='ltr'>τοῦ</span> <span class='ocrx_word' id='word_1_307' title='bbox 859 3695 1237 3769; x_wconf 85' lang='grc' dir='ltr'>βαπτίσματος</span> <span class='ocrx_word' id='word_1_308' title='bbox 1266 3700 1359 3756; x_wconf 91' lang='grc' dir='ltr'>δύο</span> <span class='ocrx_word' id='word_1_309' title='bbox 1402 3704 1686 3777; x_wconf 74' lang='grc' dir='ltr'>ἐνεργείας</span> <span class='ocrx_word' id='word_1_310' title='bbox 1726 3709 1861 3781; x_wconf 78' lang='grc' dir='ltr'>ἔχει,</span> 
     </span>
    </p>
   </div>
   <div class='ocr_carea' id='block_1_38' title="bbox 270 3786 1860 3877">
    <p class='ocr_par' dir='ltr' id='par_1_38' title="bbox 270 3786 1860 3877">
     <span class='ocr_line' id='line_1_38' title="bbox 270 3786 1860 3877; baseline 0.012 -39"><span class='ocrx_word' id='word_1_311' title='bbox 270 3786 361 3839; x_wconf 73' lang='grc' dir='ltr'>καὶ</span> <span class='ocrx_word' id='word_1_312' title='bbox 380 3787 473 3842; x_wconf 81' lang='grc' dir='ltr'>τὸν</span> <span class='ocrx_word' id='word_1_313' title='bbox 511 3787 610 3858; x_wconf 82' lang='grc' dir='ltr'>μὲν</span> <span class='ocrx_word' id='word_1_314' title='bbox 636 3786 839 3857; x_wconf 86' lang='grc' dir='ltr'>πνίγει,</span> <span class='ocrx_word' id='word_1_315' title='bbox 874 3789 967 3844; x_wconf 89' lang='grc' dir='ltr'>τὸν</span> <span class='ocrx_word' id='word_1_316' title='bbox 994 3791 1052 3844; x_wconf 84' lang='grc' dir='ltr'>δέ</span> <span class='ocrx_word' id='word_1_317' title='bbox 1080 3791 1366 3862; x_wconf 80' lang='grc' dir='ltr'>ζωοποιεῖ;</span> <span class='ocrx_word' id='word_1_318' title='bbox 1391 3798 1514 3851; x_wconf 85' lang='grc' dir='ltr'>εἰπέ</span> <span class='ocrx_word' id='word_1_319' title='bbox 1549 3817 1659 3871; x_wconf 91' lang='grc' dir='ltr'>μοι,</span> <span class='ocrx_word' id='word_1_320' title='bbox 1687 3802 1802 3869; x_wconf 87' lang='grc' dir='ltr'>πῶς</span> <span class='ocrx_word' id='word_1_321' title='bbox 1826 3807 1860 3877; x_wconf 79' lang='grc' dir='ltr'><strong>ἡ</strong></span> 
     </span>
    </p>
   </div>
   <div class='ocr_carea' id='block_1_39' title="bbox 269 3876 1862 3965">
    <p class='ocr_par' dir='ltr' id='par_1_39' title="bbox 269 3876 1862 3965">
     <span class='ocr_line' id='line_1_39' title="bbox 269 3876 1862 3965; baseline 0.014 -36"><span class='ocrx_word' id='word_1_322' title='bbox 269 3876 515 3934; x_wconf 80' lang='grc' dir='ltr'>θάλασσα</span> <span class='ocrx_word' id='word_1_323' title='bbox 545 3881 751 3953; x_wconf 86' lang='grc' dir='ltr'>ἐκείνη,</span> <span class='ocrx_word' id='word_1_324' title='bbox 790 3884 892 3955; x_wconf 84' lang='grc' dir='ltr'>μία</span> <span class='ocrx_word' id='word_1_325' title='bbox 919 3880 1054 3940; x_wconf 79' lang='grc' dir='ltr'>οὖσα</span> <span class='ocrx_word' id='word_1_326' title='bbox 1090 3890 1155 3958; x_wconf 81' lang='grc' dir='ltr'>τῇ</span> <span class='ocrx_word' id='word_1_327' title='bbox 1184 3888 1366 3957; x_wconf 85' lang='grc' dir='ltr'>φύσει,</span> <span class='ocrx_word' id='word_1_328' title='bbox 1403 3892 1532 3956; x_wconf 77' lang='grc' dir='ltr'>τοὺς</span> <span class='ocrx_word' id='word_1_329' title='bbox 1565 3895 1663 3965; x_wconf 86' lang='grc' dir='ltr'>μὲν</span> <span class='ocrx_word' id='word_1_330' title='bbox 1699 3876 1862 3961; x_wconf 53' lang='grc' dir='ltr'>ἐζωοέ</span> 
     </span>
    </p>
   </div>
   <div class='ocr_carea' id='block_1_40' title="bbox 270 3972 1860 4058">
    <p class='ocr_par' dir='ltr' id='par_1_40' title="bbox 270 3972 1860 4058">
     <span class='ocr_line' id='line_1_40' title="bbox 270 3972 1860 4058; baseline 0.014 -34"><span class='ocrx_word' id='word_1_331' title='bbox 270 3972 480 4043; x_wconf 82' lang='grc' dir='ltr'>ποίησε,</span> <span class='ocrx_word' id='word_1_332' title='bbox 519 3975 647 4039; x_wconf 80' lang='grc' dir='ltr'>τοὺς</span> <span class='ocrx_word' id='word_1_333' title='bbox 682 3975 740 4029; x_wconf 78' lang='grc' dir='ltr'>δὲ</span> <span class='ocrx_word' id='word_1_334' title='bbox 774 3977 1088 4048; x_wconf 82' lang='grc' dir='ltr'>ἀπέκτεινε,</span> <span class='ocrx_word' id='word_1_335' title='bbox 1119 3981 1245 4045; x_wconf 83' lang='grc' dir='ltr'>τοὺς</span> <span class='ocrx_word' id='word_1_336' title='bbox 1280 3984 1381 4055; x_wconf 89' lang='grc' dir='ltr'>μέν</span> <span class='ocrx_word' id='word_1_337' title='bbox 1418 3986 1704 4055; x_wconf 79' lang='grc' dir='ltr'>ἀπέπνιξε,</span> <span class='ocrx_word' id='word_1_338' title='bbox 1748 3995 1860 4058; x_wconf 81' lang='grc' dir='ltr'>τοῖς</span> 
     </span>
    </p>
   </div>
   <div class='ocr_carea' id='block_1_41' title="bbox 266 4059 1861 4153">
    <p class='ocr_par' dir='ltr' id='par_1_41' title="bbox 266 4059 1861 4153">
     <span class='ocr_line' id='line_1_41' title="bbox 266 4059 1861 4153; baseline 0.014 -38"><span class='ocrx_word' id='word_1_339' title='bbox 266 4059 322 4115; x_wconf 83' lang='grc' dir='ltr'>δέ</span> <span class='ocrx_word' id='word_1_340' title='bbox 357 4064 476 4131; x_wconf 80' lang='grc' dir='ltr'>ὁδὸς</span> <span class='ocrx_word' id='word_1_341' title='bbox 499 4066 740 4136; x_wconf 86' lang='grc' dir='ltr'>ἐγένετο,</span> <span class='ocrx_word' id='word_1_342' title='bbox 772 4069 952 4123; x_wconf 88' lang='grc' dir='ltr'>καίτοι</span> <span class='ocrx_word' id='word_1_343' title='bbox 987 4071 1085 4142; x_wconf 85' lang='grc' dir='ltr'>μία</span> <span class='ocrx_word' id='word_1_344' title='bbox 1118 4067 1187 4144; x_wconf 79' lang='grc' dir='ltr'>ἦν</span> <span class='ocrx_word' id='word_1_345' title='bbox 1215 4076 1248 4145; x_wconf 82' lang='grc' dir='ltr'>ἡ</span> <span class='ocrx_word' id='word_1_346' title='bbox 1292 4076 1530 4151; x_wconf 79' lang='grc' dir='ltr'>ἄτακτος</span> <span class='ocrx_word' id='word_1_347' title='bbox 1571 4079 1717 4153; x_wconf 80' lang='grc' dir='ltr'>ῥύμη</span> <span class='ocrx_word' id='word_1_348' title='bbox 1749 4083 1861 4139; x_wconf 88' lang='grc' dir='ltr'>τῶν</span> 
     </span>
    </p>
   </div>
   <div class='ocr_carea' id='block_1_42' title="bbox 269 4155 1860 4247">
    <p class='ocr_par' dir='ltr' id='par_1_42' title="bbox 269 4155 1860 4247">
     <span class='ocr_line' id='line_1_42' title="bbox 269 4155 1860 4247; baseline 0.016 -40"><span class='ocrx_word' id='word_1_349' title='bbox 269 4155 511 4228; x_wconf 78' lang='grc' dir='ltr'>ὑδάτων;</span> <span class='ocrx_word' id='word_1_350' title='bbox 545 4160 641 4215; x_wconf 81' lang='grc' dir='ltr'>καί</span> <span class='ocrx_word' id='word_1_351' title='bbox 671 4159 791 4225; x_wconf 89' lang='grc' dir='ltr'>πῶς</span> <span class='ocrx_word' id='word_1_352' title='bbox 820 4163 951 4227; x_wconf 83' lang='grc' dir='ltr'>τοὺς</span> <span class='ocrx_word' id='word_1_353' title='bbox 988 4164 1090 4235; x_wconf 86' lang='grc' dir='ltr'>μὲν</span> <span class='ocrx_word' id='word_1_354' title='bbox 1122 4166 1327 4221; x_wconf 89' lang='grc' dir='ltr'>δούλων</span> <span class='ocrx_word' id='word_1_355' title='bbox 1358 4169 1518 4242; x_wconf 84' lang='grc' dir='ltr'>δίκην</span> <span class='ocrx_word' id='word_1_356' title='bbox 1546 4173 1768 4247; x_wconf 71' lang='grc' dir='ltr'>ᾐδέσθη,</span> <span class='ocrx_word' id='word_1_357' title='bbox 1801 4180 1860 4233; x_wconf 91' lang='grc' dir='ltr'>ἐν</span> 
     </span>
    </p>
   </div>
   <div class='ocr_carea' id='block_1_43' title="bbox 167 4243 1860 4339">
    <p class='ocr_par' dir='ltr' id='par_1_43' title="bbox 167 4243 1860 4339">
     <span class='ocr_line' id='line_1_43' title="bbox 167 4243 1860 4339; baseline 0.014 -39"><span class='ocrx_word' id='word_1_358' title='bbox 167 4251 169 4253; x_wconf 79' lang='grc'><strong>’</strong></span> <span class='ocrx_word' id='word_1_359' title='bbox 264 4243 494 4318; x_wconf 71' lang='grc' dir='ltr'>ὖκείνοις</span> <span class='ocrx_word' id='word_1_360' title='bbox 518 4252 576 4306; x_wconf 84' lang='grc' dir='ltr'>δέ</span> <span class='ocrx_word' id='word_1_361' title='bbox 619 4252 913 4326; x_wconf 83' lang='grc' dir='ltr'>βαρϐάρων</span> <span class='ocrx_word' id='word_1_362' title='bbox 939 4256 1144 4327; x_wconf 84' lang='grc' dir='ltr'>τρόπον</span> <span class='ocrx_word' id='word_1_363' title='bbox 1173 4261 1516 4333; x_wconf 86' lang='grc' dir='ltr'>ἐμιμήσατο;</span> <span class='ocrx_word' id='word_1_364' title='bbox 1554 4243 1860 4339; x_wconf 44' lang='grc' dir='ltr'>ἰΕρμήνευ-</span> 
     </span>
    </p>
   </div>
   <div class='ocr_carea' id='block_1_44' title="bbox 269 4340 1854 4433">
    <p class='ocr_par' dir='ltr' id='par_1_44' title="bbox 269 4340 1854 4433">
     <span class='ocr_line' id='line_1_44' title="bbox 269 4340 1854 4433; baseline 0.014 -41"><span class='ocrx_word' id='word_1_365' title='bbox 269 4340 358 4395; x_wconf 89' lang='grc' dir='ltr'>σόν</span> <span class='ocrx_word' id='word_1_366' title='bbox 405 4361 497 4415; x_wconf 88' lang='grc' dir='ltr'>μοι</span> <span class='ocrx_word' id='word_1_367' title='bbox 539 4343 720 4410; x_wconf 78' lang='grc' dir='ltr'>τοῦτο,</span> <span class='ocrx_word' id='word_1_368' title='bbox 773 4340 820 4400; x_wconf 77' lang='grc' dir='ltr'><strong>ὦ</strong></span> <span class='ocrx_word' id='word_1_369' title='bbox 853 4347 1106 4416; x_wconf 81' lang='grc' dir='ltr'>Ἰουδαῖε,</span> <span class='ocrx_word' id='word_1_370' title='bbox 1139 4350 1169 4403; x_wconf 91' lang='lat'>6</span> <span class='ocrx_word' id='word_1_371' title='bbox 1200 4351 1446 4409; x_wconf 87' lang='grc' dir='ltr'>ἀπιστῶν</span> <span class='ocrx_word' id='word_1_372' title='bbox 1490 4356 1569 4428; x_wconf 76' lang='grc' dir='ltr'>τῷ</span> <span class='ocrx_word' id='word_1_373' title='bbox 1613 4359 1854 4433; x_wconf 83' lang='grc' dir='ltr'>σταυρῷ,</span> 
     </span>
    </p>
   </div>
   <div class='ocr_carea' id='block_1_45' title="bbox 268 4434 1858 4517">
    <p class='ocr_par' dir='ltr' id='par_1_45' title="bbox 268 4434 1858 4517">
     <span class='ocr_line' id='line_1_45' title="bbox 268 4434 1858 4517; baseline 0.011 -27"><span class='ocrx_word' id='word_1_374' title='bbox 268 4434 381 4500; x_wconf 62' lang='grc' dir='ltr'>τῶς</span> <span class='ocrx_word' id='word_1_375' title='bbox 401 4437 462 4493; x_wconf 90' lang='grc' dir='ltr'>τὸ</span> <span class='ocrx_word' id='word_1_376' title='bbox 495 4438 630 4493; x_wconf 79' lang='grc' dir='ltr'>αὐτὸ</span> <span class='ocrx_word' id='word_1_377' title='bbox 658 4438 802 4512; x_wconf 72' lang='grc' dir='ltr'>ὕδωρ</span> <span class='ocrx_word' id='word_1_378' title='bbox 830 4441 1076 4507; x_wconf 81' lang='grc' dir='ltr'>ἐκείνους</span> <span class='ocrx_word' id='word_1_379' title='bbox 1103 4444 1314 4515; x_wconf 75' lang='grc' dir='ltr'>ἔπνιξε,</span> <span class='ocrx_word' id='word_1_380' title='bbox 1345 4449 1440 4503; x_wconf 75' lang='grc' dir='ltr'>καὶ</span> <span class='ocrx_word' id='word_1_381' title='bbox 1467 4449 1694 4517; x_wconf 84' lang='grc' dir='ltr'>τούτους</span> <span class='ocrx_word' id='word_1_382' title='bbox 1721 4454 1858 4508; x_wconf 75' lang='grc' dir='ltr'>ἔσω-</span> 
     </span>
    </p>
   </div>
   <div class='ocr_carea' id='block_1_46' title="bbox 269 4521 1856 4616">
    <p class='ocr_par' dir='ltr' id='par_1_46' title="bbox 269 4521 1856 4616">
     <span class='ocr_line' id='line_1_46' title="bbox 269 4521 1856 4616; baseline 0.017 -43"><span class='ocrx_word' id='word_1_383' title='bbox 269 4535 376 4576; x_wconf 88' lang='grc' dir='ltr'>σεν.</span> <span class='ocrx_word' id='word_1_384' title='bbox 414 4525 512 4579; x_wconf 83' lang='grc' dir='ltr'>Ἐν</span> <span class='ocrx_word' id='word_1_385' title='bbox 541 4521 609 4599; x_wconf 81' lang='grc' dir='ltr'>ἧν</span> <span class='ocrx_word' id='word_1_386' title='bbox 643 4526 706 4583; x_wconf 86' lang='grc' dir='ltr'>τὸ</span> <span class='ocrx_word' id='word_1_387' title='bbox 747 4528 915 4602; x_wconf 76' lang='grc' dir='ltr'>ὕδωρ,</span> <span class='ocrx_word' id='word_1_388' title='bbox 949 4530 1047 4603; x_wconf 87' lang='grc' dir='ltr'>μία</span> <span class='ocrx_word' id='word_1_389' title='bbox 1079 4535 1112 4605; x_wconf 85' lang='grc' dir='ltr'>ὴ</span> <span class='ocrx_word' id='word_1_390' title='bbox 1147 4533 1394 4593; x_wconf 87' lang='grc' dir='ltr'>θάλασσα</span> <span class='ocrx_word' id='word_1_391' title='bbox 1415 4578 1430 4604; x_wconf 91' lang='grc'>,</span> <span class='ocrx_word' id='word_1_392' title='bbox 1478 4542 1574 4595; x_wconf 77' lang='grc' dir='ltr'>καὶ</span> <span class='ocrx_word' id='word_1_393' title='bbox 1603 4542 1712 4597; x_wconf 89' lang='grc' dir='ltr'>τῶν</span> <span class='ocrx_word' id='word_1_394' title='bbox 1754 4546 1856 4616; x_wconf 86' lang='grc' dir='ltr'>μὲν</span> 
     </span>
    </p>
   </div>
   <div class='ocr_carea' id='block_1_47' title="bbox 267 4611 1854 4705">
    <p class='ocr_par' dir='ltr' id='par_1_47' title="bbox 267 4611 1854 4705">
     <span class='ocr_line' id='line_1_47' title="bbox 267 4611 1854 4705; baseline 0.018 -40"><span class='ocrx_word' id='word_1_395' title='bbox 267 4611 386 4668; x_wconf 78' lang='grc' dir='ltr'>οὔτε</span> <span class='ocrx_word' id='word_1_396' title='bbox 414 4618 555 4675; x_wconf 83' lang='grc' dir='ltr'>πόδα</span> <span class='ocrx_word' id='word_1_397' title='bbox 595 4620 807 4694; x_wconf 79' lang='grc' dir='ltr'>ἔϐρεξε,</span> <span class='ocrx_word' id='word_1_398' title='bbox 852 4622 964 4680; x_wconf 87' lang='grc' dir='ltr'>τῶν</span> <span class='ocrx_word' id='word_1_399' title='bbox 1010 4624 1069 4680; x_wconf 86' lang='grc' dir='ltr'>δέ</span> <span class='ocrx_word' id='word_1_400' title='bbox 1100 4627 1224 4683; x_wconf 69' lang='grc' dir='ltr'>οὔτε</span> <span class='ocrx_word' id='word_1_401' title='bbox 1261 4630 1407 4702; x_wconf 76' lang='grc' dir='ltr'>ἴχνος</span> <span class='ocrx_word' id='word_1_402' title='bbox 1448 4634 1662 4705; x_wconf 83' lang='grc' dir='ltr'>ἀφῆκεν</span> <span class='ocrx_word' id='word_1_403' title='bbox 1683 4675 1699 4703; x_wconf 90' lang='grc'>,</span> <span class='ocrx_word' id='word_1_404' title='bbox 1734 4611 1854 4693; x_wconf 73' lang='grc' dir='ltr'>ἄλλ’</span> 
     </span>
    </p>
   </div>
   <div class='ocr_carea' id='block_1_48' title="bbox 268 4703 1854 4799">
    <p class='ocr_par' dir='ltr' id='par_1_48' title="bbox 268 4703 1854 4799">
     <span class='ocr_line' id='line_1_48' title="bbox 268 4703 1854 4799; baseline 0.018 -41"><span class='ocrx_word' id='word_1_405' title='bbox 268 4703 512 4776; x_wconf 73' lang='grc' dir='ltr'>ἅπαντας</span> <span class='ocrx_word' id='word_1_406' title='bbox 529 4711 771 4772; x_wconf 80' lang='grc' dir='ltr'>λαϐοῦσα</span> <span class='ocrx_word' id='word_1_407' title='bbox 790 4716 1034 4790; x_wconf 79' lang='grc' dir='ltr'>ἐκάλυψε</span> <span class='ocrx_word' id='word_1_408' title='bbox 1054 4719 1136 4792; x_wconf 78' lang='grc' dir='ltr'>τῷ</span> <span class='ocrx_word' id='word_1_409' title='bbox 1159 4720 1334 4788; x_wconf 73' lang='grc' dir='ltr'>ὕδατι,</span> <span class='ocrx_word' id='word_1_410' title='bbox 1359 4724 1456 4779; x_wconf 74' lang='grc' dir='ltr'>και</span> <span class='ocrx_word' id='word_1_411' title='bbox 1474 4703 1654 4782; x_wconf 69' lang='grc' dir='ltr'>κοίνὸν</span> <span class='ocrx_word' id='word_1_412' title='bbox 1682 4728 1854 4799; x_wconf 80' lang='grc' dir='ltr'>τάφον</span> 
     </span>
    </p>
   </div>
   <div class='ocr_carea' id='block_1_49' title="bbox 268 4798 1849 4890">
    <p class='ocr_par' dir='ltr' id='par_1_49' title="bbox 268 4798 1849 4890">
     <span class='ocr_line' id='line_1_49' title="bbox 268 4798 1849 4890; baseline 0.016 -35"><span class='ocrx_word' id='word_1_413' title='bbox 268 4798 557 4890; x_wconf 46' lang='grc' dir='ltr'>ᾕργάσατο</span> <span class='ocrx_word' id='word_1_414' title='bbox 585 4809 618 4878; x_wconf 84' lang='grc' dir='ltr'>ἡ</span> <span class='ocrx_word' id='word_1_415' title='bbox 643 4806 888 4873; x_wconf 85' lang='grc' dir='ltr'>θάλασσα</span> <span class='ocrx_word' id='word_1_416' title='bbox 920 4815 1086 4869; x_wconf 83' lang='grc' dir='ltr'>παντί</span> <span class='ocrx_word' id='word_1_417' title='bbox 1112 4814 1191 4886; x_wconf 83' lang='grc' dir='ltr'>τῷ</span> <span class='ocrx_word' id='word_1_418' title='bbox 1212 4815 1370 4888; x_wconf 85' lang='grc' dir='ltr'>δήμῳ</span> <span class='ocrx_word' id='word_1_419' title='bbox 1385 4817 1496 4877; x_wconf 87' lang='grc' dir='ltr'>τῶν</span> <span class='ocrx_word' id='word_1_420' title='bbox 1516 4798 1849 4890; x_wconf 76' lang='grc' dir='ltr'>Αἰγυπτίων.</span> 
     </span>
    </p>
   </div>
   <div class='ocr_carea' id='block_1_50' title="bbox 268 4887 1853 4984">
    <p class='ocr_par' dir='ltr' id='par_1_50' title="bbox 268 4887 1853 4984">
     <span class='ocr_line' id='line_1_50' title="bbox 268 4887 1853 4984; baseline 0.018 -41"><span class='ocrx_word' id='word_1_421' title='bbox 268 4887 400 4946; x_wconf 82' lang='grc' dir='ltr'>Εἰπέ</span> <span class='ocrx_word' id='word_1_422' title='bbox 431 4913 522 4967; x_wconf 88' lang='grc' dir='ltr'>μοι</span> <span class='ocrx_word' id='word_1_423' title='bbox 546 4893 642 4954; x_wconf 79' lang='grc' dir='ltr'>οὖν</span> <span class='ocrx_word' id='word_1_424' title='bbox 671 4898 833 4956; x_wconf 83' lang='grc' dir='ltr'>τοῦτο</span> <span class='ocrx_word' id='word_1_425' title='bbox 1011 4887 1460 4981; x_wconf 38' lang='grc' dir='ltr'>ἐγένετοξὉρᾷς</span> <span class='ocrx_word' id='word_1_426' title='bbox 1501 4887 1684 4984; x_wconf 73' lang='grc' dir='ltr'>πῶςή</span> <span class='ocrx_word' id='word_1_427' title='bbox 1724 4914 1853 4975; x_wconf 85' lang='grc' dir='ltr'>σκιά</span> 
     </span>
    </p>
   </div>
   <div class='ocr_carea' id='block_1_51' title="bbox 266 4984 1849 5081">
    <p class='ocr_par' dir='ltr' id='par_1_51' title="bbox 266 4984 1849 5081">
     <span class='ocr_line' id='line_1_51' title="bbox 266 4984 1849 5081; baseline 0.018 -45"><span class='ocrx_word' id='word_1_428' title='bbox 266 4984 555 5057; x_wconf 83' lang='grc' dir='ltr'>προῆλθεν,</span> <span class='ocrx_word' id='word_1_429' title='bbox 587 4992 675 5047; x_wconf 82' lang='grc' dir='ltr'>ἴνα</span> <span class='ocrx_word' id='word_1_430' title='bbox 698 4996 962 5067; x_wconf 81' lang='grc' dir='ltr'>πιστευθῇ</span> <span class='ocrx_word' id='word_1_431' title='bbox 990 5000 1024 5070; x_wconf 85' lang='grc' dir='ltr'>ὴ</span> <span class='ocrx_word' id='word_1_432' title='bbox 1055 4998 1285 5072; x_wconf 85' lang='grc' dir='ltr'>ἀλήθεια</span> <span class='ocrx_word' id='word_1_433' title='bbox 1304 5018 1321 5068; x_wconf 88' lang='grc'>;</span> <span class='ocrx_word' id='word_1_434' title='bbox 1343 5002 1462 5067; x_wconf 86' lang='grc' dir='ltr'>πῶς</span> <span class='ocrx_word' id='word_1_435' title='bbox 1492 5005 1677 5062; x_wconf 81' lang='grc' dir='ltr'>ἐκεῖνα</span> <span class='ocrx_word' id='word_1_436' title='bbox 1698 5005 1849 5081; x_wconf 67' lang='grc'>[748]</span> 
     </span>
    </p>
   </div>
   <div class='ocr_carea' id='block_1_52' title="bbox 269 5073 1850 5161">
    <p class='ocr_par' dir='ltr' id='par_1_52' title="bbox 269 5073 1850 5161">
     <span class='ocr_line' id='line_1_52' title="bbox 269 5073 1850 5161; baseline 0.013 -30"><span class='ocrx_word' id='word_1_437' title='bbox 269 5073 363 5142; x_wconf 82' lang='grc' dir='ltr'>μὲν</span> <span class='ocrx_word' id='word_1_438' title='bbox 397 5081 545 5150; x_wconf 76' lang='grc' dir='ltr'>σκιὰ,</span> <span class='ocrx_word' id='word_1_439' title='bbox 580 5084 751 5138; x_wconf 78' lang='grc' dir='ltr'>ταῦτα</span> <span class='ocrx_word' id='word_1_440' title='bbox 777 5085 833 5139; x_wconf 85' lang='grc' dir='ltr'>δὲ</span> <span class='ocrx_word' id='word_1_441' title='bbox 888 5087 1149 5159; x_wconf 84' lang='grc' dir='ltr'>ἀλήθεια;</span> <span class='ocrx_word' id='word_1_442' title='bbox 1184 5092 1369 5147; x_wconf 81' lang='grc' dir='ltr'>ἐκεῖνα</span> <span class='ocrx_word' id='word_1_443' title='bbox 1403 5094 1549 5161; x_wconf 86' lang='grc' dir='ltr'>σκιὰ,</span> <span class='ocrx_word' id='word_1_444' title='bbox 1588 5073 1759 5153; x_wconf 75' lang='grc' dir='ltr'>ταῦτα</span> <span class='ocrx_word' id='word_1_445' title='bbox 1790 5073 1850 5154; x_wconf 66' lang='grc' dir='ltr'>δέ</span> 
     </span>
    </p>
   </div>
   <div class='ocr_carea' id='block_1_53' title="bbox 266 5168 1849 5259">
    <p class='ocr_par' dir='ltr' id='par_1_53' title="bbox 266 5168 1849 5259">
     <span class='ocr_line' id='line_1_53' title="bbox 266 5168 1849 5259; baseline 0.016 -36"><span class='ocrx_word' id='word_1_446' title='bbox 266 5168 592 5245; x_wconf 58' lang='grc' dir='ltr'>πράγματας</span> <span class='ocrx_word' id='word_1_447' title='bbox 635 5177 820 5249; x_wconf 82' lang='grc' dir='ltr'>Ὁρᾷς,</span> <span class='ocrx_word' id='word_1_448' title='bbox 847 5178 923 5245; x_wconf 84' lang='grc' dir='ltr'>ὡς</span> <span class='ocrx_word' id='word_1_449' title='bbox 951 5174 1126 5248; x_wconf 78' lang='grc' dir='ltr'>εἷπον,</span> <span class='ocrx_word' id='word_1_450' title='bbox 1158 5183 1287 5239; x_wconf 84' lang='grc' dir='ltr'>ὅταν</span> <span class='ocrx_word' id='word_1_451' title='bbox 1312 5186 1480 5259; x_wconf 85' lang='grc' dir='ltr'>μέλλῃ</span> <span class='ocrx_word' id='word_1_452' title='bbox 1511 5192 1538 5244; x_wconf 87' lang='lat'>6</span> <span class='ocrx_word' id='word_1_453' title='bbox 1556 5190 1688 5256; x_wconf 86' lang='grc' dir='ltr'>Θεὸς</span> <span class='ocrx_word' id='word_1_454' title='bbox 1719 5192 1849 5247; x_wconf 83' lang='grc' dir='ltr'>διοι-</span> 
     </span>
    </p>
   </div>
   <div class='ocr_carea' id='block_1_54' title="bbox 267 5264 1848 5350">
    <p class='ocr_par' dir='ltr' id='par_1_54' title="bbox 267 5264 1848 5350">
     <span class='ocr_line' id='line_1_54' title="bbox 267 5264 1848 5350; baseline 0.017 -38"><span class='ocrx_word' id='word_1_455' title='bbox 267 5264 378 5314; x_wconf 83' lang='grc' dir='ltr'>κεῖν</span> <span class='ocrx_word' id='word_1_456' title='bbox 403 5267 635 5339; x_wconf 79' lang='grc' dir='ltr'>πρᾶγμά</span> <span class='ocrx_word' id='word_1_457' title='bbox 658 5288 715 5324; x_wconf 84' lang='grc' dir='ltr'>τι</span> <span class='ocrx_word' id='word_1_458' title='bbox 743 5268 913 5335; x_wconf 81' lang='grc' dir='ltr'>ξένον,</span> <span class='ocrx_word' id='word_1_459' title='bbox 946 5274 1306 5343; x_wconf 84' lang='grc' dir='ltr'>προδιατυποῖ</span> <span class='ocrx_word' id='word_1_460' title='bbox 1326 5278 1542 5350; x_wconf 86' lang='grc' dir='ltr'>πρῶτον</span> <span class='ocrx_word' id='word_1_461' title='bbox 1573 5283 1667 5336; x_wconf 79' lang='grc' dir='ltr'>καὶ</span> <span class='ocrx_word' id='word_1_462' title='bbox 1693 5301 1848 5339; x_wconf 87' lang='grc' dir='ltr'>σκια-</span> 
     </span>
    </p>
   </div>
   <div class='ocr_carea' id='block_1_55' title="bbox 265 5360 1845 5447">
    <p class='ocr_par' dir='ltr' id='par_1_55' title="bbox 265 5360 1845 5447">
     <span class='ocr_line' id='line_1_55' title="bbox 265 5360 1845 5447; baseline 0.016 -42"><span class='ocrx_word' id='word_1_463' title='bbox 265 5360 485 5425; x_wconf 77' lang='grc' dir='ltr'>γραφεῖ,</span> <span class='ocrx_word' id='word_1_464' title='bbox 512 5362 597 5417; x_wconf 84' lang='grc' dir='ltr'>ἵνα</span> <span class='ocrx_word' id='word_1_465' title='bbox 634 5363 808 5429; x_wconf 76' lang='grc' dir='ltr'>οὕτως</span> <span class='ocrx_word' id='word_1_466' title='bbox 840 5366 1238 5443; x_wconf 74' lang='grc' dir='ltr'>προελθοῦσαή</span> <span class='ocrx_word' id='word_1_467' title='bbox 1277 5372 1508 5444; x_wconf 87' lang='grc' dir='ltr'>ἀλήθεια</span> <span class='ocrx_word' id='word_1_468' title='bbox 1549 5376 1845 5447; x_wconf 82' lang='grc' dir='ltr'>εὐπρόσδε-</span> 
     </span>
    </p>
   </div>
   <div class='ocr_carea' id='block_1_56' title="bbox 266 5449 1846 5532">
    <p class='ocr_par' dir='ltr' id='par_1_56' title="bbox 266 5449 1846 5532">
     <span class='ocr_line' id='line_1_56' title="bbox 266 5449 1846 5532; baseline 0.014 -32"><span class='ocrx_word' id='word_1_469' title='bbox 266 5459 391 5510; x_wconf 80' lang='grc' dir='ltr'>κτος</span> <span class='ocrx_word' id='word_1_470' title='bbox 429 5449 682 5525; x_wconf 84' lang='grc' dir='ltr'>γένηται;</span> <span class='ocrx_word' id='word_1_471' title='bbox 727 5455 967 5530; x_wconf 88' lang='grc' dir='ltr'>Ἀνάγκη</span> <span class='ocrx_word' id='word_1_472' title='bbox 1019 5457 1128 5528; x_wconf 83' lang='grc' dir='ltr'>γάρ</span> <span class='ocrx_word' id='word_1_473' title='bbox 1177 5460 1276 5532; x_wconf 81' lang='grc' dir='ltr'>τὴν</span> <span class='ocrx_word' id='word_1_474' title='bbox 1310 5463 1495 5517; x_wconf 84' lang='grc' dir='ltr'>εἰκόνα</span> <span class='ocrx_word' id='word_1_475' title='bbox 1530 5466 1846 5521; x_wconf 82' lang='grc' dir='ltr'>ὑποδεεστέ-</span> 
     </span>
    </p>
   </div>
   <div class='ocr_carea' id='block_1_57' title="bbox 268 5537 1843 5630">
    <p class='ocr_par' dir='ltr' id='par_1_57' title="bbox 268 5537 1843 5630">
     <span class='ocr_line' id='line_1_57' title="bbox 268 5537 1843 5630; baseline 0.017 -42"><span class='ocrx_word' id='word_1_476' title='bbox 268 5549 366 5630; x_wconf 69' lang='grc' dir='ltr'>ραν</span> <span class='ocrx_word' id='word_1_477' title='bbox 416 5537 555 5599; x_wconf 75' lang='grc' dir='ltr'>εἶναι</span> <span class='ocrx_word' id='word_1_478' title='bbox 597 5546 698 5618; x_wconf 84' lang='grc' dir='ltr'>τῆς</span> <span class='ocrx_word' id='word_1_479' title='bbox 741 5548 1029 5619; x_wconf 86' lang='grc' dir='ltr'>ἀληθείας·</span> <span class='ocrx_word' id='word_1_480' title='bbox 1072 5554 1122 5606; x_wconf 76' lang='grc' dir='ltr'>εἰ</span> <span class='ocrx_word' id='word_1_481' title='bbox 1172 5553 1229 5607; x_wconf 85' lang='grc' dir='ltr'>δέ</span> <span class='ocrx_word' id='word_1_482' title='bbox 1278 5554 1570 5630; x_wconf 78' lang='grc' dir='ltr'>αὐτοτελὴς</span> <span class='ocrx_word' id='word_1_483' title='bbox 1602 5554 1694 5630; x_wconf 81' lang='grc' dir='ltr'>ἦν,</span> <span class='ocrx_word' id='word_1_484' title='bbox 1742 5560 1843 5613; x_wconf 82' lang='grc' dir='ltr'>οὐκ</span> 
     </span>
    </p>
   </div>
   <div class='ocr_carea' id='block_1_58' title="bbox 265 5622 1843 5723">
    <p class='ocr_par' dir='ltr' id='par_1_58' title="bbox 265 5622 1843 5723">
     <span class='ocr_line' id='line_1_58' title="bbox 265 5622 1843 5723; baseline 0.017 -43"><span class='ocrx_word' id='word_1_485' title='bbox 265 5622 342 5723; x_wconf 56' lang='grc' dir='ltr'>ἔτι</span> <span class='ocrx_word' id='word_1_486' title='bbox 385 5634 540 5703; x_wconf 81' lang='grc' dir='ltr'>σκιά,</span> <span class='ocrx_word' id='word_1_487' title='bbox 584 5640 720 5695; x_wconf 82' lang='grc' dir='ltr'>ἀλλὰ</span> <span class='ocrx_word' id='word_1_488' title='bbox 752 5641 1002 5714; x_wconf 81' lang='grc' dir='ltr'>ἀλήθεια.</span> <span class='ocrx_word' id='word_1_489' title='bbox 1060 5622 1337 5717; x_wconf 84' lang='grc' dir='ltr'>Προέλαϐέ</span> <span class='ocrx_word' id='word_1_490' title='bbox 1365 5665 1426 5702; x_wconf 90' lang='grc' dir='ltr'>τε</span> <span class='ocrx_word' id='word_1_491' title='bbox 1468 5622 1709 5723; x_wconf 32' lang='grc' dir='ltr'>ήνσκιὰ,</span> <span class='ocrx_word' id='word_1_492' title='bbox 1749 5656 1843 5707; x_wconf 78' lang='grc' dir='ltr'>καὶ</span> 
     </span>
    </p>
   </div>
   <div class='ocr_carea' id='block_1_59' title="bbox 263 5710 1837 5818">
    <p class='ocr_par' dir='ltr' id='par_1_59' title="bbox 263 5710 1837 5818">
     <span class='ocr_line' id='line_1_59' title="bbox 263 5710 1837 5818; baseline 0.009 -32"><span class='ocrx_word' id='word_1_493' title='bbox 263 5710 480 5818; x_wconf 46' lang='grc' dir='ltr'>ἧξθενὴ</span> <span class='ocrx_word' id='word_1_494' title='bbox 513 5729 738 5803; x_wconf 84' lang='grc' dir='ltr'>ἀλήθεια</span> <span class='ocrx_word' id='word_1_495' title='bbox 764 5710 873 5788; x_wconf 81' lang='grc' dir='ltr'>τῶν</span> <span class='ocrx_word' id='word_1_496' title='bbox 915 5710 1222 5807; x_wconf 70' lang='grc' dir='ltr'>χρωμάτων</span> <span class='ocrx_word' id='word_1_497' title='bbox 1255 5742 1349 5794; x_wconf 68' lang='grc' dir='ltr'>καὶ</span> <span class='ocrx_word' id='word_1_498' title='bbox 1386 5710 1555 5809; x_wconf 67' lang='grc' dir='ltr'>ἔδείξε</span> <span class='ocrx_word' id='word_1_499' title='bbox 1589 5710 1837 5818; x_wconf 80' lang='grc' dir='ltr'>καθαρὰν</span> 
     </span>
    </p>
   </div>
   <div class='ocr_carea' id='block_1_60' title="bbox 268 5807 1833 5910">
    <p class='ocr_par' dir='ltr' id='par_1_60' title="bbox 268 5807 1833 5910">
     <span class='ocr_line' id='line_1_60' title="bbox 268 5807 1833 5910; baseline 0.017 -43"><span class='ocrx_word' id='word_1_500' title='bbox 268 5807 362 5876; x_wconf 66' lang='grc' dir='ltr'>τὴν</span> <span class='ocrx_word' id='word_1_501' title='bbox 402 5818 598 5882; x_wconf 72' lang='grc' dir='ltr'>εἰκόνα.</span> <span class='ocrx_word' id='word_1_502' title='bbox 642 5827 852 5885; x_wconf 80' lang='grc' dir='ltr'>Ἐκεῖνα</span> <span class='ocrx_word' id='word_1_503' title='bbox 902 5828 1092 5897; x_wconf 84' lang='grc' dir='ltr'>τύποι,</span> <span class='ocrx_word' id='word_1_504' title='bbox 1135 5831 1307 5887; x_wconf 78' lang='grc' dir='ltr'>ταῦτα</span> <span class='ocrx_word' id='word_1_505' title='bbox 1353 5834 1687 5910; x_wconf 82' lang='grc' dir='ltr'>πράγματα·</span> <span class='ocrx_word' id='word_1_506' title='bbox 1723 5832 1833 5895; x_wconf 66' lang='grc' dir='ltr'>οἷον</span> 
     </span>
    </p>
   </div>
   <div class='ocr_carea' id='block_1_61' title="bbox 1613 353 2368 419">
    <p class='ocr_par' dir='ltr' id='par_1_61' title="bbox 1613 353 2368 419">
     <span class='ocr_line' id='line_1_61' title="bbox 1613 353 2368 419; baseline 0.013 -12"><span class='ocrx_word' id='word_1_507' title='bbox 1613 353 1700 409; x_wconf 88' lang='lat' dir='ltr'><strong>DE</strong></span> <span class='ocrx_word' id='word_1_508' title='bbox 1739 353 1970 415; x_wconf 81' lang='grc' dir='ltr'>ΒΕΑΤο</span> <span class='ocrx_word' id='word_1_509' title='bbox 2007 357 2368 419; x_wconf 69' lang='grc' dir='ltr'>ΑΒΒΑΗΑΜ.</span> 
     </span>
    </p>
   </div>
   <div class='ocr_carea' id='block_1_62' title="bbox 3495 389 3597 447">
    <p class='ocr_par' dir='ltr' id='par_1_62' title="bbox 3495 389 3597 447">
     <span class='ocr_line' id='line_1_62' title="bbox 3495 389 3597 447; baseline 0.029 -2"><span class='ocrx_word' id='word_1_510' title='bbox 3495 389 3597 447; x_wconf 69' lang='lat' dir='ltr'>7M</span> 
     </span>
    </p>
   </div>
   <div class='ocr_carea' id='block_1_63' title="bbox 2012 474 3598 575">
    <p class='ocr_par' dir='ltr' id='par_1_63' title="bbox 2012 474 3598 575">
     <span class='ocr_line' id='line_1_63' title="bbox 2012 474 3598 575; baseline 0.023 -49"><span class='ocrx_word' id='word_1_511' title='bbox 2012 474 2108 527; x_wconf 73' lang='grc' dir='ltr'>καὶ</span> <span class='ocrx_word' id='word_1_512' title='bbox 2154 477 2247 530; x_wconf 81' lang='grc' dir='ltr'>ἐπὶ</span> <span class='ocrx_word' id='word_1_513' title='bbox 2274 478 2369 533; x_wconf 77' lang='grc' dir='ltr'>τοῦ</span> <span class='ocrx_word' id='word_1_514' title='bbox 2416 482 2691 553; x_wconf 78' lang='grc' dir='ltr'>προϐάτου</span> <span class='ocrx_word' id='word_1_515' title='bbox 2725 485 2969 556; x_wconf 78' lang='grc' dir='ltr'>γέγονεν.</span> <span class='ocrx_word' id='word_1_516' title='bbox 3006 491 3248 564; x_wconf 85' lang='grc' dir='ltr'>Ἥμελλε</span> <span class='ocrx_word' id='word_1_517' title='bbox 3289 497 3367 569; x_wconf 83' lang='grc' dir='ltr'>τῷ</span> <span class='ocrx_word' id='word_1_518' title='bbox 3405 504 3598 575; x_wconf 74' lang='grc' dir='ltr'>αἵματι</span> 
     </span>
    </p>
   </div>
   <div class='ocr_carea' id='block_1_64' title="bbox 2008 569 3597 675">
    <p class='ocr_par' dir='ltr' id='par_1_64' title="bbox 2008 569 3597 675">
     <span class='ocr_line' id='line_1_64' title="bbox 2008 569 3597 675; baseline 0.024 -54"><span class='ocrx_word' id='word_1_519' title='bbox 2008 569 2103 623; x_wconf 83' lang='grc' dir='ltr'>τοῦ</span> <span class='ocrx_word' id='word_1_520' title='bbox 2128 572 2365 642; x_wconf 84' lang='grc' dir='ltr'>Χριστοῦ</span> <span class='ocrx_word' id='word_1_521' title='bbox 2391 575 2809 651; x_wconf 84' lang='grc' dir='ltr'>ἐλευθεροῦσθαι</span> <span class='ocrx_word' id='word_1_522' title='bbox 2838 584 2870 656; x_wconf 83' lang='grc' dir='ltr'><strong>ἡ</strong></span> <span class='ocrx_word' id='word_1_523' title='bbox 2902 587 3197 660; x_wconf 80' lang='grc' dir='ltr'>οἰκουμένη</span> <span class='ocrx_word' id='word_1_524' title='bbox 3227 595 3321 648; x_wconf 79' lang='grc' dir='ltr'>καὶ</span> <span class='ocrx_word' id='word_1_525' title='bbox 3350 569 3597 675; x_wconf 79' lang='grc' dir='ltr'>κατάρας</span> 
     </span>
    </p>
   </div>
   <div class='ocr_carea' id='block_1_65' title="bbox 2008 667 3595 771">
    <p class='ocr_par' dir='ltr' id='par_1_65' title="bbox 2008 667 3595 771">
     <span class='ocr_line' id='line_1_65' title="bbox 2008 667 3595 771; baseline 0.023 -52"><span class='ocrx_word' id='word_1_526' title='bbox 2008 667 2470 732; x_wconf 81' lang='grc' dir='ltr'>ἀπαλλάττεσθαι.</span> <span class='ocrx_word' id='word_1_527' title='bbox 2514 677 2669 732; x_wconf 86' lang='grc' dir='ltr'>Ἑπεί</span> <span class='ocrx_word' id='word_1_528' title='bbox 2711 674 2806 734; x_wconf 79' lang='grc' dir='ltr'>οὖν</span> <span class='ocrx_word' id='word_1_529' title='bbox 2849 682 3009 736; x_wconf 83' lang='grc' dir='ltr'>τοῦτο</span> <span class='ocrx_word' id='word_1_530' title='bbox 3044 686 3207 743; x_wconf 88' lang='grc' dir='ltr'>πάλιν</span> <span class='ocrx_word' id='word_1_531' title='bbox 3246 692 3393 763; x_wconf 89' lang='grc' dir='ltr'>μέγα</span> <span class='ocrx_word' id='word_1_532' title='bbox 3534 667 3595 757; x_wconf 82' lang='grc' dir='ltr'>τὸ</span> 
     </span>
    </p>
   </div>
   <div class='ocr_carea' id='block_1_66' title="bbox 2005 764 3592 868">
    <p class='ocr_par' dir='ltr' id='par_1_66' title="bbox 2005 764 3592 868">
     <span class='ocr_line' id='line_1_66' title="bbox 2005 764 3592 868; baseline 0.023 -49"><span class='ocrx_word' id='word_1_533' title='bbox 2005 764 2191 839; x_wconf 80' lang='grc' dir='ltr'>θαῦμα</span> <span class='ocrx_word' id='word_1_534' title='bbox 2242 774 2335 826; x_wconf 76' lang='grc' dir='ltr'>καὶ</span> <span class='ocrx_word' id='word_1_535' title='bbox 2377 773 2606 832; x_wconf 85' lang='grc' dir='ltr'>ἄπιστον</span> <span class='ocrx_word' id='word_1_536' title='bbox 2649 779 2802 852; x_wconf 80' lang='grc' dir='ltr'>παρὰ</span> <span class='ocrx_word' id='word_1_537' title='bbox 2856 785 2924 854; x_wconf 80' lang='grc' dir='ltr'>τῇ</span> <span class='ocrx_word' id='word_1_538' title='bbox 2976 784 3253 858; x_wconf 81' lang='grc' dir='ltr'>ἀγνώμονι</span> <span class='ocrx_word' id='word_1_539' title='bbox 3292 791 3436 868; x_wconf 77' lang='grc' dir='ltr'>ψυχῇ</span> <span class='ocrx_word' id='word_1_540' title='bbox 3464 764 3592 857; x_wconf 43' lang='grc' dir='ltr'>’τῶν</span> 
     </span>
    </p>
   </div>
   <div class='ocr_carea' id='block_1_67' title="bbox 2019 863 3590 954">
    <p class='ocr_par' dir='ltr' id='par_1_67' title="bbox 2019 863 3590 954">
     <span class='ocr_line' id='line_1_67' title="bbox 2019 863 3590 954; baseline 0.025 -39"><span class='ocrx_word' id='word_1_541' title='bbox 2019 863 2306 932; x_wconf 85' lang='grc' dir='ltr'>Ἰουδαίων,</span> <span class='ocrx_word' id='word_1_542' title='bbox 2330 870 2631 942; x_wconf 86' lang='grc' dir='ltr'>προδιοικεί</span> <span class='ocrx_word' id='word_1_543' title='bbox 2660 877 2688 929; x_wconf 90' lang='lat'>6</span> <span class='ocrx_word' id='word_1_544' title='bbox 2716 876 2849 942; x_wconf 87' lang='grc' dir='ltr'>Θεὸς</span> <span class='ocrx_word' id='word_1_545' title='bbox 2873 880 2968 933; x_wconf 77' lang='grc' dir='ltr'>καὶ</span> <span class='ocrx_word' id='word_1_546' title='bbox 2995 863 3470 954; x_wconf 29' lang='grc' dir='ltr'>προδιατυποῖ-δ-ιά</span> <span class='ocrx_word' id='word_1_547' title='bbox 3495 899 3590 953; x_wconf 83' lang='grc' dir='ltr'>τοῦ</span> 
     </span>
    </p>
   </div>
   <div class='ocr_carea' id='block_1_68' title="bbox 2003 963 3590 1065">
    <p class='ocr_par' dir='ltr' id='par_1_68' title="bbox 2003 963 3590 1065">
     <span class='ocr_line' id='line_1_68' title="bbox 2003 963 3590 1065; baseline 0.023 -51"><span class='ocrx_word' id='word_1_548' title='bbox 2003 963 2277 1033; x_wconf 89' lang='grc' dir='ltr'>προϐάτου</span> <span class='ocrx_word' id='word_1_549' title='bbox 2299 984 2312 998; x_wconf 89' lang='grc'>·</span> <span class='ocrx_word' id='word_1_550' title='bbox 2348 968 2458 1024; x_wconf 87' lang='grc' dir='ltr'>τῶν</span> <span class='ocrx_word' id='word_1_551' title='bbox 2489 972 2597 1043; x_wconf 83' lang='grc' dir='ltr'>γὰρ</span> <span class='ocrx_word' id='word_1_552' title='bbox 2638 975 2954 1044; x_wconf 87' lang='grc' dir='ltr'>Αἰγυπτίων</span> <span class='ocrx_word' id='word_1_553' title='bbox 2985 980 3054 1035; x_wconf 82' lang='grc' dir='ltr'>τὰ</span> <span class='ocrx_word' id='word_1_554' title='bbox 3093 988 3418 1057; x_wconf 86' lang='grc' dir='ltr'>πρωτότοκα</span> <span class='ocrx_word' id='word_1_555' title='bbox 3451 997 3590 1065; x_wconf 84' lang='grc' dir='ltr'>μέλ-</span> 
     </span>
    </p>
   </div>
   <div class='ocr_carea' id='block_1_69' title="bbox 2001 1058 3587 1148">
    <p class='ocr_par' dir='ltr' id='par_1_69' title="bbox 2001 1058 3587 1148">
     <span class='ocr_line' id='line_1_69' title="bbox 2001 1058 3587 1148; baseline 0.023 -37"><span class='ocrx_word' id='word_1_556' title='bbox 2001 1058 2107 1113; x_wconf 90' lang='grc' dir='ltr'>λων</span> <span class='ocrx_word' id='word_1_557' title='bbox 2142 1062 2450 1129; x_wconf 88' lang='grc' dir='ltr'>άπολλύειν,</span> <span class='ocrx_word' id='word_1_558' title='bbox 2493 1067 2580 1122; x_wconf 80' lang='grc' dir='ltr'>ἵνα</span> <span class='ocrx_word' id='word_1_559' title='bbox 2629 1070 2702 1143; x_wconf 84' lang='grc' dir='ltr'>μὴ</span> <span class='ocrx_word' id='word_1_560' title='bbox 2749 1077 3181 1148; x_wconf 79' lang='grc' dir='ltr'>συναναιρεθῶσι</span> <span class='ocrx_word' id='word_1_561' title='bbox 3232 1085 3328 1139; x_wconf 79' lang='grc' dir='ltr'>καὶ</span> <span class='ocrx_word' id='word_1_562' title='bbox 3368 1058 3587 1148; x_wconf 41' lang='grc' dir='ltr'>τά-τῶν</span> 
     </span>
    </p>
   </div>
   <div class='ocr_carea' id='block_1_70' title="bbox 2000 1154 3584 1258">
    <p class='ocr_par' dir='ltr' id='par_1_70' title="bbox 2000 1154 3584 1258">
     <span class='ocr_line' id='line_1_70' title="bbox 2000 1154 3584 1258; baseline 0.023 -52"><span class='ocrx_word' id='word_1_563' title='bbox 2000 1154 2131 1209; x_wconf 89' lang='grc' dir='ltr'>υἰῶν</span> <span class='ocrx_word' id='word_1_564' title='bbox 2163 1158 2379 1232; x_wconf 84' lang='grc' dir='ltr'>Ἰσραήλ</span> <span class='ocrx_word' id='word_1_565' title='bbox 2402 1179 2417 1194; x_wconf 94' lang='grc'>·</span> <span class='ocrx_word' id='word_1_566' title='bbox 2441 1163 2497 1217; x_wconf 87' lang='grc' dir='ltr'>τί</span> <span class='ocrx_word' id='word_1_567' title='bbox 2528 1160 2619 1219; x_wconf 83' lang='grc' dir='ltr'>οὖν</span> <span class='ocrx_word' id='word_1_568' title='bbox 2645 1183 2659 1198; x_wconf 95' lang='grc'>·</span> <span class='ocrx_word' id='word_1_569' title='bbox 2691 1167 2780 1222; x_wconf 83' lang='grc' dir='ltr'>ἵνα</span> <span class='ocrx_word' id='word_1_570' title='bbox 2815 1169 3063 1243; x_wconf 88' lang='grc' dir='ltr'>γένηται,</span> <span class='ocrx_word' id='word_1_571' title='bbox 3089 1179 3254 1248; x_wconf 78' lang='grc' dir='ltr'>φησὶν</span> <span class='ocrx_word' id='word_1_572' title='bbox 3275 1183 3303 1234; x_wconf 94' lang='lat'>6</span> <span class='ocrx_word' id='word_1_573' title='bbox 3322 1183 3584 1258; x_wconf 85' lang='grc' dir='ltr'>Μωῦσῆς,</span> 
     </span>
    </p>
   </div>
   <div class='ocr_carea' id='block_1_71' title="bbox 2002 1254 3585 1351">
    <p class='ocr_par' dir='ltr' id='par_1_71' title="bbox 2002 1254 3585 1351">
     <span class='ocr_line' id='line_1_71' title="bbox 2002 1254 3585 1351; baseline 0.016 -46"><span class='ocrx_word' id='word_1_574' title='bbox 2002 1254 2211 1324; x_wconf 88' lang='grc' dir='ltr'>μήποτε</span> <span class='ocrx_word' id='word_1_575' title='bbox 2257 1258 2286 1310; x_wconf 88' lang='lat'>6</span> <span class='ocrx_word' id='word_1_576' title='bbox 2325 1257 2626 1332; x_wconf 87' lang='grc' dir='ltr'>ὀλοθρεύων</span> <span class='ocrx_word' id='word_1_577' title='bbox 2670 1263 2902 1334; x_wconf 83' lang='grc' dir='ltr'>ἄγγελος</span> <span class='ocrx_word' id='word_1_578' title='bbox 2935 1271 3331 1351; x_wconf 84' lang='grc' dir='ltr'>συνολοθρεύσῃ</span> <span class='ocrx_word' id='word_1_579' title='bbox 3376 1281 3445 1335; x_wconf 79' lang='grc' dir='ltr'>τὰ</span> 
     </span>
    </p>
   </div>
   <div class='ocr_carea' id='block_1_72' title="bbox 1997 1349 3583 1446">
    <p class='ocr_par' dir='ltr' id='par_1_72' title="bbox 1997 1349 3583 1446">
     <span class='ocr_line' id='line_1_72' title="bbox 1997 1349 3583 1446; baseline 0.021 -44"><span class='ocrx_word' id='word_1_580' title='bbox 1997 1349 2130 1405; x_wconf 81' lang='grc' dir='ltr'>υἱῶν</span> <span class='ocrx_word' id='word_1_581' title='bbox 2170 1353 2388 1426; x_wconf 85' lang='grc' dir='ltr'>Ἰσραὴλ</span> <span class='ocrx_word' id='word_1_582' title='bbox 2421 1358 2776 1428; x_wconf 89' lang='grc' dir='ltr'>πρωτότοκα·</span> <span class='ocrx_word' id='word_1_583' title='bbox 2819 1363 2874 1417; x_wconf 90' lang='grc' dir='ltr'>τί</span> <span class='ocrx_word' id='word_1_584' title='bbox 2908 1352 3033 1435; x_wconf 79' lang='grc' dir='ltr'>οὗν;</span> <span class='ocrx_word' id='word_1_585' title='bbox 3065 1368 3211 1439; x_wconf 87' lang='grc' dir='ltr'>λέγει</span> <span class='ocrx_word' id='word_1_586' title='bbox 3244 1349 3381 1446; x_wconf 87' lang='grc' dir='ltr'>πρὸς</span> <span class='ocrx_word' id='word_1_587' title='bbox 3416 1381 3583 1437; x_wconf 83' lang='grc' dir='ltr'>αὐτὸν</span> 
     </span>
    </p>
   </div>
   <div class='ocr_carea' id='block_1_73' title="bbox 1993 1449 3582 1539">
    <p class='ocr_par' dir='ltr' id='par_1_73' title="bbox 1993 1449 3582 1539">
     <span class='ocr_line' id='line_1_73' title="bbox 1993 1449 3582 1539; baseline 0.02 -37"><span class='ocrx_word' id='word_1_588' title='bbox 1993 1449 2023 1501; x_wconf 88' lang='lat'>6</span> <span class='ocrx_word' id='word_1_589' title='bbox 2046 1449 2210 1516; x_wconf 87' lang='grc' dir='ltr'>Θεός·</span> <span class='ocrx_word' id='word_1_590' title='bbox 2243 1453 2615 1526; x_wconf 74' lang='grc' dir='ltr'>παράγγειλον</span> <span class='ocrx_word' id='word_1_591' title='bbox 2642 1461 2755 1522; x_wconf 85' lang='grc' dir='ltr'>τοῖς</span> <span class='ocrx_word' id='word_1_592' title='bbox 2780 1463 2917 1526; x_wconf 83' lang='grc' dir='ltr'>υἱοῖς</span> <span class='ocrx_word' id='word_1_593' title='bbox 2953 1465 3188 1539; x_wconf 83' lang='grc' dir='ltr'>Ἰσραὴλ,</span> <span class='ocrx_word' id='word_1_594' title='bbox 3219 1474 3312 1525; x_wconf 67' lang='grc' dir='ltr'>καὶ¹</span> <span class='ocrx_word' id='word_1_595' title='bbox 3342 1474 3582 1534; x_wconf 88' lang='grc' dir='ltr'>λαϐέτω-</span> 
     </span>
    </p>
   </div>
   <div class='ocr_carea' id='block_1_74' title="bbox 1994 1550 3580 1647">
    <p class='ocr_par' dir='ltr' id='par_1_74' title="bbox 1994 1550 3580 1647">
     <span class='ocr_line' id='line_1_74' title="bbox 1994 1550 3580 1647; baseline 0.02 -47"><span class='ocrx_word' id='word_1_596' title='bbox 1994 1566 2095 1603; x_wconf 91' lang='grc' dir='ltr'>σαν</span> <span class='ocrx_word' id='word_1_597' title='bbox 2124 1550 2397 1623; x_wconf 90' lang='grc' dir='ltr'>πρόϐατον</span> <span class='ocrx_word' id='word_1_598' title='bbox 2417 1554 2670 1627; x_wconf 83' lang='grc' dir='ltr'>ἄμωμον,</span> <span class='ocrx_word' id='word_1_599' title='bbox 2689 1559 2876 1630; x_wconf 83' lang='grc' dir='ltr'>ἄρσεν,</span> <span class='ocrx_word' id='word_1_600' title='bbox 2905 1562 3196 1633; x_wconf 87' lang='grc' dir='ltr'>ἐνιαύσιον,</span> <span class='ocrx_word' id='word_1_601' title='bbox 3215 1572 3356 1626; x_wconf 88' lang='grc' dir='ltr'>κατά</span> <span class='ocrx_word' id='word_1_602' title='bbox 3378 1593 3580 1647; x_wconf 88' lang='grc' dir='ltr'>συγγε-</span> 
     </span>
    </p>
   </div>
   <div class='ocr_carea' id='block_1_75' title="bbox 1992 1645 3579 1739">
    <p class='ocr_par' dir='ltr' id='par_1_75' title="bbox 1992 1645 3579 1739">
     <span class='ocr_line' id='line_1_75' title="bbox 1992 1645 3579 1739; baseline 0.02 -42"><span class='ocrx_word' id='word_1_603' title='bbox 1992 1645 2141 1712; x_wconf 85' lang='grc' dir='ltr'>νείας</span> <span class='ocrx_word' id='word_1_604' title='bbox 2175 1647 2353 1702; x_wconf 81' lang='grc' dir='ltr'>αὐτῶν</span> <span class='ocrx_word' id='word_1_605' title='bbox 2371 1666 2385 1680; x_wconf 91' lang='grc'>·</span> <span class='ocrx_word' id='word_1_606' title='bbox 2411 1651 2517 1707; x_wconf 82' lang='grc' dir='ltr'>κᾶν</span> <span class='ocrx_word' id='word_1_607' title='bbox 2545 1652 2620 1724; x_wconf 82' lang='grc' dir='ltr'>μὴ</span> <span class='ocrx_word' id='word_1_608' title='bbox 2646 1656 2942 1728; x_wconf 84' lang='grc' dir='ltr'>εὐπορῶσι,</span> <span class='ocrx_word' id='word_1_609' title='bbox 2968 1661 3121 1731; x_wconf 75' lang='grc' dir='ltr'>φησὶ,</span> <span class='ocrx_word' id='word_1_610' title='bbox 3145 1666 3339 1733; x_wconf 89' lang='grc' dir='ltr'>γείτων</span> <span class='ocrx_word' id='word_1_611' title='bbox 3363 1645 3579 1739; x_wconf 83' lang='grc' dir='ltr'>γείτονα</span> 
     </span>
    </p>
   </div>
   <div class='ocr_carea' id='block_1_76' title="bbox 1992 1745 3576 1840">
    <p class='ocr_par' dir='ltr' id='par_1_76' title="bbox 1992 1745 3576 1840">
     <span class='ocr_line' id='line_1_76' title="bbox 1992 1745 3576 1840; baseline 0.021 -45"><span class='ocrx_word' id='word_1_612' title='bbox 1992 1745 2342 1814; x_wconf 86' lang='grc' dir='ltr'>συγκαλέσει,</span> <span class='ocrx_word' id='word_1_613' title='bbox 2387 1750 2483 1803; x_wconf 76' lang='grc' dir='ltr'>καὶ</span> <span class='ocrx_word' id='word_1_614' title='bbox 2527 1753 2820 1821; x_wconf 87' lang='grc' dir='ltr'>συγγένεια</span> <span class='ocrx_word' id='word_1_615' title='bbox 2866 1758 3184 1829; x_wconf 86' lang='grc' dir='ltr'>συγγένειαν</span> <span class='ocrx_word' id='word_1_616' title='bbox 3229 1770 3576 1840; x_wconf 85' lang='grc' dir='ltr'>συγκαλέσει,</span> 
     </span>
    </p>
   </div>
   <div class='ocr_carea' id='block_1_77' title="bbox 1990 1842 3577 1944">
    <p class='ocr_par' dir='ltr' id='par_1_77' title="bbox 1990 1842 3577 1944">
     <span class='ocr_line' id='line_1_77' title="bbox 1990 1842 3577 1944; baseline 0.021 -50"><span class='ocrx_word' id='word_1_617' title='bbox 1990 1843 2084 1909; x_wconf 76' lang='grc' dir='ltr'>καὶ</span> <span class='ocrx_word' id='word_1_618' title='bbox 2116 1842 2259 1899; x_wconf 74' lang='grc' dir='ltr'>οὕτω</span> <span class='ocrx_word' id='word_1_619' title='bbox 2288 1845 2543 1915; x_wconf 89' lang='grc' dir='ltr'>λαϐόντες</span> <span class='ocrx_word' id='word_1_620' title='bbox 2588 1851 2650 1904; x_wconf 88' lang='grc' dir='ltr'>τὸ</span> <span class='ocrx_word' id='word_1_621' title='bbox 2690 1853 2981 1925; x_wconf 84' lang='grc' dir='ltr'>πρόϐατον,</span> <span class='ocrx_word' id='word_1_622' title='bbox 3013 1861 3289 1931; x_wconf 88' lang='grc' dir='ltr'>πρόϐατον</span> <span class='ocrx_word' id='word_1_623' title='bbox 3323 1867 3577 1944; x_wconf 81' lang='grc' dir='ltr'>ἄμωμον,</span> 
     </span>
    </p>
   </div>
   <div class='ocr_carea' id='block_1_78' title="bbox 1988 1936 3577 2032">
    <p class='ocr_par' dir='ltr' id='par_1_78' title="bbox 1988 1936 3577 2032">
     <span class='ocr_line' id='line_1_78' title="bbox 1988 1936 3577 2032; baseline 0.021 -42"><span class='ocrx_word' id='word_1_624' title='bbox 1988 1936 2178 2008; x_wconf 85' lang='grc' dir='ltr'>ἄρσεν,</span> <span class='ocrx_word' id='word_1_625' title='bbox 2204 1942 2495 2010; x_wconf 85' lang='grc' dir='ltr'>ἐνιαύσιον,</span> <span class='ocrx_word' id='word_1_626' title='bbox 2524 1946 2746 2014; x_wconf 88' lang='grc' dir='ltr'>θύσατε,</span> <span class='ocrx_word' id='word_1_627' title='bbox 2777 1952 2934 2022; x_wconf 74' lang='grc' dir='ltr'>φησί,</span> <span class='ocrx_word' id='word_1_628' title='bbox 2965 1955 3107 2012; x_wconf 90' lang='grc' dir='ltr'>κατά</span> <span class='ocrx_word' id='word_1_629' title='bbox 3131 1965 3454 2032; x_wconf 87' lang='grc' dir='ltr'>συγγενείας</span> <span class='ocrx_word' id='word_1_630' title='bbox 3482 1971 3577 2023; x_wconf 76' lang='grc' dir='ltr'>καὶ</span> 
     </span>
    </p>
   </div>
   <div class='ocr_carea' id='block_1_79' title="bbox 1987 2037 3576 2132">
    <p class='ocr_par' dir='ltr' id='par_1_79' title="bbox 1987 2037 3576 2132">
     <span class='ocr_line' id='line_1_79' title="bbox 1987 2037 3576 2132; baseline 0.02 -43"><span class='ocrx_word' id='word_1_631' title='bbox 1987 2037 2108 2091; x_wconf 87' lang='grc' dir='ltr'>κατ’</span> <span class='ocrx_word' id='word_1_632' title='bbox 2134 2039 2318 2103; x_wconf 77' lang='grc' dir='ltr'>οἴκους</span> <span class='ocrx_word' id='word_1_633' title='bbox 2344 2043 2606 2114; x_wconf 89' lang='grc' dir='ltr'>πατριῶν.</span> <span class='ocrx_word' id='word_1_634' title='bbox 2631 2045 2743 2099; x_wconf 78' lang='grc' dir='ltr'>Καὶ</span> <span class='ocrx_word' id='word_1_635' title='bbox 2760 2046 2827 2101; x_wconf 83' lang='grc' dir='ltr'>τά</span> <span class='ocrx_word' id='word_1_636' title='bbox 2853 2049 2954 2119; x_wconf 82' lang='grc' dir='ltr'>μὲν</span> <span class='ocrx_word' id='word_1_637' title='bbox 2979 2053 3120 2123; x_wconf 81' lang='grc' dir='ltr'>κρέα</span> <span class='ocrx_word' id='word_1_638' title='bbox 3139 2058 3304 2113; x_wconf 78' lang='grc' dir='ltr'>αὑτοῦ</span> <span class='ocrx_word' id='word_1_639' title='bbox 3333 2064 3576 2132; x_wconf 84' lang='grc' dir='ltr'>φάγεσθε</span> 
     </span>
    </p>
   </div>
   <div class='ocr_carea' id='block_1_80' title="bbox 1985 2131 3576 2234">
    <p class='ocr_par' dir='ltr' id='par_1_80' title="bbox 1985 2131 3576 2234">
     <span class='ocr_line' id='line_1_80' title="bbox 1985 2131 3576 2234; baseline 0.021 -50"><span class='ocrx_word' id='word_1_640' title='bbox 1985 2131 2128 2187; x_wconf 81' lang='grc' dir='ltr'>ὀπτὰ</span> <span class='ocrx_word' id='word_1_641' title='bbox 2153 2136 2315 2206; x_wconf 86' lang='grc' dir='ltr'>πυρί·</span> <span class='ocrx_word' id='word_1_642' title='bbox 2347 2138 2513 2210; x_wconf 86' lang='grc' dir='ltr'>μηδὲν</span> <span class='ocrx_word' id='word_1_643' title='bbox 2536 2140 2596 2205; x_wconf 80' lang='grc' dir='ltr'>ἐξ</span> <span class='ocrx_word' id='word_1_644' title='bbox 2621 2142 2801 2197; x_wconf 81' lang='grc' dir='ltr'>αὐτῶν</span> <span class='ocrx_word' id='word_1_645' title='bbox 2829 2149 3216 2221; x_wconf 81' lang='grc' dir='ltr'>καταλείψεται</span> <span class='ocrx_word' id='word_1_646' title='bbox 3233 2172 3247 2186; x_wconf 91' lang='grc'>·</span> <span class='ocrx_word' id='word_1_647' title='bbox 3269 2156 3331 2210; x_wconf 88' lang='grc' dir='ltr'>τὸ</span> <span class='ocrx_word' id='word_1_648' title='bbox 3358 2158 3415 2213; x_wconf 83' lang='grc' dir='ltr'>δὲ</span> <span class='ocrx_word' id='word_1_649' title='bbox 3435 2157 3576 2234; x_wconf 72' lang='grc' dir='ltr'>αἷμα</span> 
     </span>
    </p>
   </div>
   <div class='ocr_carea' id='block_1_81' title="bbox 1983 2231 3575 2322">
    <p class='ocr_par' dir='ltr' id='par_1_81' title="bbox 1983 2231 3575 2322">
     <span class='ocr_line' id='line_1_81' title="bbox 1983 2231 3575 2322; baseline 0.021 -39"><span class='ocrx_word' id='word_1_650' title='bbox 1983 2231 2148 2286; x_wconf 79' lang='grc' dir='ltr'>αὑτοῦ</span> <span class='ocrx_word' id='word_1_651' title='bbox 2167 2234 2394 2304; x_wconf 89' lang='grc' dir='ltr'>χρίσατε</span> <span class='ocrx_word' id='word_1_652' title='bbox 2422 2238 2502 2302; x_wconf 82' lang='grc' dir='ltr'>εἰς</span> <span class='ocrx_word' id='word_1_653' title='bbox 2529 2239 2629 2304; x_wconf 85' lang='grc' dir='ltr'>τὰς</span> <span class='ocrx_word' id='word_1_654' title='bbox 2666 2242 2830 2312; x_wconf 82' lang='grc' dir='ltr'>φλιὰς</span> <span class='ocrx_word' id='word_1_655' title='bbox 2857 2246 3032 2317; x_wconf 87' lang='grc' dir='ltr'>ὑμῶν.</span> <span class='ocrx_word' id='word_1_656' title='bbox 3070 2252 3316 2322; x_wconf 80' lang='grc' dir='ltr'>Φάγεσθε</span> <span class='ocrx_word' id='word_1_657' title='bbox 3351 2258 3406 2312; x_wconf 89' lang='grc' dir='ltr'>δὲ</span> <span class='ocrx_word' id='word_1_658' title='bbox 3441 2231 3575 2317; x_wconf 78' lang='grc' dir='ltr'>αύτὸ</span> 
     </span>
    </p>
   </div>
   <div class='ocr_carea' id='block_1_82' title="bbox 1984 2330 3575 2427">
    <p class='ocr_par' dir='ltr' id='par_1_82' title="bbox 1984 2330 3575 2427">
     <span class='ocr_line' id='line_1_82' title="bbox 1984 2330 3575 2427; baseline 0.021 -47"><span class='ocrx_word' id='word_1_659' title='bbox 1984 2330 2139 2400; x_wconf 79' lang='grc' dir='ltr'>φησί,</span> <span class='ocrx_word' id='word_1_660' title='bbox 2191 2333 2627 2403; x_wconf 81' lang='grc' dir='ltr'>περιεζωσμένοι</span> <span class='ocrx_word' id='word_1_661' title='bbox 2671 2340 2771 2411; x_wconf 85' lang='grc' dir='ltr'>τὴν</span> <span class='ocrx_word' id='word_1_662' title='bbox 2804 2341 3002 2412; x_wconf 73' lang='grc' dir='ltr'>ὀσφύν·</span> <span class='ocrx_word' id='word_1_663' title='bbox 3046 2348 3118 2402; x_wconf 84' lang='grc' dir='ltr'>τὰ</span> <span class='ocrx_word' id='word_1_664' title='bbox 3151 2350 3476 2427; x_wconf 80' lang='grc' dir='ltr'>ὑποδήματα</span> <span class='ocrx_word' id='word_1_665' title='bbox 3515 2362 3575 2414; x_wconf 86' lang='grc' dir='ltr'>ἐν</span> 
     </span>
    </p>
   </div>
   <div class='ocr_carea' id='block_1_83' title="bbox 1979 2428 3568 2526">
    <p class='ocr_par' dir='ltr' id='par_1_83' title="bbox 1979 2428 3568 2526">
     <span class='ocr_line' id='line_1_83' title="bbox 1979 2428 3568 2526; baseline 0.021 -49"><span class='ocrx_word' id='word_1_666' title='bbox 1979 2429 2091 2490; x_wconf 82' lang='grc' dir='ltr'>τοῖς</span> <span class='ocrx_word' id='word_1_667' title='bbox 2132 2428 2291 2483; x_wconf 82' lang='grc' dir='ltr'>ποσὶν</span> <span class='ocrx_word' id='word_1_668' title='bbox 2341 2430 2530 2502; x_wconf 83' lang='grc' dir='ltr'>ὑμῶν·</span> <span class='ocrx_word' id='word_1_669' title='bbox 2560 2436 2655 2489; x_wconf 69' lang='grc' dir='ltr'>καί¹</span> <span class='ocrx_word' id='word_1_670' title='bbox 2705 2438 2862 2493; x_wconf 84' lang='grc' dir='ltr'>τοῦτο</span> <span class='ocrx_word' id='word_1_671' title='bbox 2898 2442 2975 2507; x_wconf 86' lang='grc' dir='ltr'>ώς</span> <span class='ocrx_word' id='word_1_672' title='bbox 3025 2444 3307 2520; x_wconf 84' lang='grc' dir='ltr'>ὁδοιπόρου</span> <span class='ocrx_word' id='word_1_673' title='bbox 3348 2455 3568 2526; x_wconf 81' lang='grc' dir='ltr'>σχῆμα·</span> 
     </span>
    </p>
   </div>
   <div class='ocr_carea' id='block_1_84' title="bbox 1979 2523 3571 2624">
    <p class='ocr_par' dir='ltr' id='par_1_84' title="bbox 1979 2523 3571 2624">
     <span class='ocr_line' id='line_1_84' title="bbox 1979 2523 3571 2624; baseline 0.019 -50"><span class='ocrx_word' id='word_1_674' title='bbox 1979 2523 2028 2575; x_wconf 87' lang='grc' dir='ltr'>οἱ</span> <span class='ocrx_word' id='word_1_675' title='bbox 2060 2523 2245 2595; x_wconf 89' lang='grc' dir='ltr'>λύχνοι</span> <span class='ocrx_word' id='word_1_676' title='bbox 2285 2526 2442 2598; x_wconf 88' lang='grc' dir='ltr'>ὑμῶν</span> <span class='ocrx_word' id='word_1_677' title='bbox 2480 2530 2798 2603; x_wconf 86' lang='grc' dir='ltr'>καιόμενοι·</span> <span class='ocrx_word' id='word_1_678' title='bbox 2833 2536 2921 2593; x_wconf 88' lang='grc' dir='ltr'>διά</span> <span class='ocrx_word' id='word_1_679' title='bbox 2957 2541 3044 2609; x_wconf 83' lang='grc' dir='ltr'>τί;</span> <span class='ocrx_word' id='word_1_680' title='bbox 3097 2542 3337 2618; x_wconf 78' lang='grc' dir='ltr'>Ἐσπέρα</span> <span class='ocrx_word' id='word_1_681' title='bbox 3371 2523 3477 2623; x_wconf 81' lang='grc' dir='ltr'>γὰρ</span> <span class='ocrx_word' id='word_1_682' title='bbox 3504 2547 3571 2624; x_wconf 79' lang='grc' dir='ltr'>ἦν</span> 
     </span>
    </p>
   </div>
   <div class='ocr_carea' id='block_1_85' title="bbox 1977 2620 3571 2711">
    <p class='ocr_par' dir='ltr' id='par_1_85' title="bbox 1977 2620 3571 2711">
     <span class='ocr_line' id='line_1_85' title="bbox 1977 2620 3571 2711; baseline 0.021 -40"><span class='ocrx_word' id='word_1_683' title='bbox 1977 2620 2493 2692; x_wconf 84' lang='grc' dir='ltr'>καταλαμϐάνουσα.</span> <span class='ocrx_word' id='word_1_684' title='bbox 2528 2628 2639 2681; x_wconf 78' lang='grc' dir='ltr'>Καὶ</span> <span class='ocrx_word' id='word_1_685' title='bbox 2672 2629 2760 2686; x_wconf 87' lang='grc' dir='ltr'>διά</span> <span class='ocrx_word' id='word_1_686' title='bbox 2798 2634 2852 2686; x_wconf 91' lang='grc' dir='ltr'>τί</span> <span class='ocrx_word' id='word_1_687' title='bbox 2901 2634 3074 2702; x_wconf 78' lang='grc' dir='ltr'>οὕτως</span> <span class='ocrx_word' id='word_1_688' title='bbox 3108 2638 3291 2696; x_wconf 78' lang='grc' dir='ltr'>ἐδεσθε</span> <span class='ocrx_word' id='word_1_689' title='bbox 3329 2646 3405 2711; x_wconf 86' lang='grc' dir='ltr'>ὡς</span> <span class='ocrx_word' id='word_1_690' title='bbox 3436 2620 3571 2703; x_wconf 76' lang='grc' dir='ltr'>ὀδοι-</span> 
     </span>
    </p>
   </div>
   <div class='ocr_carea' id='block_1_86' title="bbox 1978 2718 3568 2809">
    <p class='ocr_par' dir='ltr' id='par_1_86' title="bbox 1978 2718 3568 2809">
     <span class='ocr_line' id='line_1_86' title="bbox 1978 2718 3568 2809; baseline 0.02 -38"><span class='ocrx_word' id='word_1_691' title='bbox 1978 2718 2170 2790; x_wconf 89' lang='grc' dir='ltr'>πόροι;</span> <span class='ocrx_word' id='word_1_692' title='bbox 2204 2719 2306 2774; x_wconf 84' lang='grc' dir='ltr'>Διά</span> <span class='ocrx_word' id='word_1_693' title='bbox 2331 2722 2419 2789; x_wconf 89' lang='grc' dir='ltr'>τί;</span> <span class='ocrx_word' id='word_1_694' title='bbox 2456 2723 2567 2792; x_wconf 89' lang='grc' dir='ltr'>ἐγὼ</span> <span class='ocrx_word' id='word_1_695' title='bbox 2591 2725 2757 2796; x_wconf 89' lang='grc' dir='ltr'>λέγω.</span> <span class='ocrx_word' id='word_1_696' title='bbox 2776 2732 2889 2785; x_wconf 80' lang='grc' dir='ltr'>Καὶ</span> <span class='ocrx_word' id='word_1_697' title='bbox 2917 2733 3003 2789; x_wconf 82' lang='grc' dir='ltr'>διὰ</span> <span class='ocrx_word' id='word_1_698' title='bbox 3029 2737 3119 2792; x_wconf 90' lang='grc' dir='ltr'>τὸν</span> <span class='ocrx_word' id='word_1_699' title='bbox 3141 2741 3330 2809; x_wconf 85' lang='grc' dir='ltr'>τύπον,</span> <span class='ocrx_word' id='word_1_700' title='bbox 3360 2747 3455 2799; x_wconf 80' lang='grc' dir='ltr'>καὶ</span> <span class='ocrx_word' id='word_1_701' title='bbox 3478 2749 3568 2803; x_wconf 80' lang='grc' dir='ltr'>διὰ</span> 
     </span>
    </p>
   </div>
   <div class='ocr_carea' id='block_1_87' title="bbox 1974 2816 3567 2916">
    <p class='ocr_par' dir='ltr' id='par_1_87' title="bbox 1974 2816 3567 2916">
     <span class='ocr_line' id='line_1_87' title="bbox 1974 2816 3567 2916; baseline 0.011 -47"><span class='ocrx_word' id='word_1_702' title='bbox 1974 2816 2076 2887; x_wconf 81' lang='grc' dir='ltr'>τὴν</span> <span class='ocrx_word' id='word_1_703' title='bbox 2123 2817 2413 2888; x_wconf 81' lang='grc' dir='ltr'>ἀλήθειαν·</span> <span class='ocrx_word' id='word_1_704' title='bbox 2471 2821 2661 2895; x_wconf 81' lang='grc' dir='ltr'>ἐπειδὴ</span> <span class='ocrx_word' id='word_1_705' title='bbox 2715 2825 2978 2894; x_wconf 83' lang='grc' dir='ltr'>πολλάκις</span> <span class='ocrx_word' id='word_1_706' title='bbox 3026 2834 3239 2908; x_wconf 88' lang='grc' dir='ltr'>ἐπλήγη</span> <span class='ocrx_word' id='word_1_707' title='bbox 3273 2842 3303 2893; x_wconf 77' lang='grc' dir='ltr'>ὁ</span> <span class='ocrx_word' id='word_1_708' title='bbox 3344 2843 3567 2916; x_wconf 46' lang='grc' dir='ltr'>Φαραὼ-ν</span> 
     </span>
    </p>
   </div>
   <div class='ocr_carea' id='block_1_88' title="bbox 1977 2912 3564 3012">
    <p class='ocr_par' dir='ltr' id='par_1_88' title="bbox 1977 2912 3564 3012">
     <span class='ocr_line' id='line_1_88' title="bbox 1977 2912 3564 3012; baseline 0.019 -47"><span class='ocrx_word' id='word_1_709' title='bbox 1977 2912 2070 2965; x_wconf 79' lang='grc' dir='ltr'>καὶ</span> <span class='ocrx_word' id='word_1_710' title='bbox 2092 2913 2193 2966; x_wconf 81' lang='grc' dir='ltr'>οὐκ</span> <span class='ocrx_word' id='word_1_711' title='bbox 2213 2914 2483 2971; x_wconf 84' lang='grc' dir='ltr'>ἀπέλυσεν</span> <span class='ocrx_word' id='word_1_712' title='bbox 2505 2920 2703 2986; x_wconf 79' lang='grc' dir='ltr'>αὐτούς</span> <span class='ocrx_word' id='word_1_713' title='bbox 2722 2939 2736 2955; x_wconf 95' lang='grc'>·</span> <span class='ocrx_word' id='word_1_714' title='bbox 2762 2926 2856 2977; x_wconf 75' lang='grc' dir='ltr'>καὶ</span> <span class='ocrx_word' id='word_1_715' title='bbox 2880 2926 3063 2997; x_wconf 79' lang='grc' dir='ltr'>ἔλεγεν</span> <span class='ocrx_word' id='word_1_716' title='bbox 3088 2932 3273 2999; x_wconf 85' lang='grc' dir='ltr'>αὐτοῖς</span> <span class='ocrx_word' id='word_1_717' title='bbox 3294 2939 3535 3012; x_wconf 83' lang='grc' dir='ltr'>Μωῡσῆς</span> <span class='ocrx_word' id='word_1_718' title='bbox 3550 2959 3564 2974; x_wconf 93' lang='grc'>·</span> 
     </span>
    </p>
   </div>
   <div class='ocr_carea' id='block_1_89' title="bbox 1975 3008 3566 3101">
    <p class='ocr_par' dir='ltr' id='par_1_89' title="bbox 1975 3008 3566 3101">
     <span class='ocr_line' id='line_1_89' title="bbox 1975 3008 3566 3101; baseline 0.021 -40"><span class='ocrx_word' id='word_1_719' title='bbox 1975 3008 2274 3101; x_wconf 73' lang='grc' dir='ltr'>πληττεται</span> <span class='ocrx_word' id='word_1_720' title='bbox 2303 3015 2545 3087; x_wconf 86' lang='grc' dir='ltr'>σήμερον</span> <span class='ocrx_word' id='word_1_721' title='bbox 2576 3019 2672 3072; x_wconf 82' lang='grc' dir='ltr'>καὶ</span> <span class='ocrx_word' id='word_1_722' title='bbox 2703 3020 2928 3077; x_wconf 86' lang='grc' dir='ltr'>ἀπολύει</span> <span class='ocrx_word' id='word_1_723' title='bbox 2951 3041 2963 3053; x_wconf 87' lang='grc'>·</span> <span class='ocrx_word' id='word_1_724' title='bbox 3001 3029 3303 3101; x_wconf 85' lang='grc' dir='ltr'>ἐπλήσσετο</span> <span class='ocrx_word' id='word_1_725' title='bbox 3337 3038 3430 3091; x_wconf 77' lang='grc' dir='ltr'>καὶ</span> <span class='ocrx_word' id='word_1_726' title='bbox 3466 3008 3566 3096; x_wconf 80' lang='grc' dir='ltr'>οὐκ</span> 
     </span>
    </p>
   </div>
   <div class='ocr_carea' id='block_1_90' title="bbox 1972 3094 3561 3199">
    <p class='ocr_par' dir='ltr' id='par_1_90' title="bbox 1972 3094 3561 3199">
     <span class='ocr_line' id='line_1_90' title="bbox 1972 3094 3561 3199; baseline 0.02 -42"><span class='ocrx_word' id='word_1_727' title='bbox 1972 3094 2242 3167; x_wconf 75' lang='grc' dir='ltr'>ἀπέλυεν·</span> <span class='ocrx_word' id='word_1_728' title='bbox 2273 3108 2495 3167; x_wconf 72' lang='grc' dir='ltr'>ἔννατον</span> <span class='ocrx_word' id='word_1_729' title='bbox 2523 3114 2732 3187; x_wconf 85' lang='grc' dir='ltr'>ἐπλήγη</span> <span class='ocrx_word' id='word_1_730' title='bbox 2765 3119 2858 3175; x_wconf 86' lang='grc' dir='ltr'>καί</span> <span class='ocrx_word' id='word_1_731' title='bbox 2887 3121 2987 3175; x_wconf 76' lang='grc' dir='ltr'>οὐκ</span> <span class='ocrx_word' id='word_1_732' title='bbox 3019 3094 3289 3184; x_wconf 83' lang='grc' dir='ltr'>ἀπέλυσεν</span> <span class='ocrx_word' id='word_1_733' title='bbox 3329 3094 3561 3199; x_wconf 67' lang='grc' dir='ltr'>αὐτούς·</span> 
     </span>
    </p>
   </div>
   <div class='ocr_carea' id='block_1_91' title="bbox 1971 3204 3565 3305">
    <p class='ocr_par' dir='ltr' id='par_1_91' title="bbox 1971 3204 3565 3305">
     <span class='ocr_line' id='line_1_91' title="bbox 1971 3204 3565 3305; baseline 0.021 -51"><span class='ocrx_word' id='word_1_734' title='bbox 1971 3205 2036 3273; x_wconf 74' lang='grc' dir='ltr'>τῇ</span> <span class='ocrx_word' id='word_1_735' title='bbox 2072 3204 2273 3277; x_wconf 82' lang='grc' dir='ltr'>δεκάτῃ</span> <span class='ocrx_word' id='word_1_736' title='bbox 2304 3205 2361 3262; x_wconf 76' lang='grc' dir='ltr'>δέ</span> <span class='ocrx_word' id='word_1_737' title='bbox 2400 3208 2636 3281; x_wconf 68' lang='grc' dir='ltr'>ἤμελλεν</span> <span class='ocrx_word' id='word_1_738' title='bbox 2685 3215 2885 3281; x_wconf 77' lang='grc' dir='ltr'>αὐτοὺς</span> <span class='ocrx_word' id='word_1_739' title='bbox 2921 3220 3177 3279; x_wconf 83' lang='grc' dir='ltr'>ἀπολύειν</span> <span class='ocrx_word' id='word_1_740' title='bbox 3198 3242 3211 3257; x_wconf 90' lang='grc'>·</span> <span class='ocrx_word' id='word_1_741' title='bbox 3245 3229 3565 3305; x_wconf 81' lang='grc' dir='ltr'>ὁδοιπόρων,</span> 
     </span>
    </p>
   </div>
   <div class='ocr_carea' id='block_1_92' title="bbox 1971 3299 3563 3400">
    <p class='ocr_par' dir='ltr' id='par_1_92' title="bbox 1971 3299 3563 3400">
     <span class='ocr_line' id='line_1_92' title="bbox 1971 3299 3563 3400; baseline 0.029 -48"><span class='ocrx_word' id='word_1_742' title='bbox 1971 3299 2153 3400; x_wconf 53' lang='grc' dir='ltr'>λέγει,</span> <span class='ocrx_word' id='word_1_743' title='bbox 2186 3303 2396 3400; x_wconf 52' lang='grc' dir='ltr'>λάϐετε.</span> <span class='ocrx_word' id='word_1_744' title='bbox 2435 3308 2659 3400; x_wconf 38' lang='grc' dir='ltr'>σχῆμα-⁸</span> <span class='ocrx_word' id='word_1_745' title='bbox 2696 3313 2837 3400; x_wconf 83' lang='grc' dir='ltr'>μετὰ</span> <span class='ocrx_word' id='word_1_746' title='bbox 2869 3317 2979 3387; x_wconf 81' lang='grc' dir='ltr'>γὰρ</span> <span class='ocrx_word' id='word_1_747' title='bbox 3029 3320 3091 3374; x_wconf 83' lang='grc' dir='ltr'>τὸ</span> <span class='ocrx_word' id='word_1_748' title='bbox 3137 3330 3331 3393; x_wconf 80' lang='grc' dir='ltr'>φαγεῖν</span> <span class='ocrx_word' id='word_1_749' title='bbox 3379 3299 3525 3400; x_wconf 41' lang='grc' dir='ltr'>ὑμᾶς</span> 
     </span>
    </p>
   </div>
   <div class='ocr_carea' id='block_1_93' title="bbox 1969 3386 3565 3483">
    <p class='ocr_par' dir='ltr' id='par_1_93' title="bbox 1969 3386 3565 3483">
     <span class='ocr_line' id='line_1_93' title="bbox 1969 3386 3565 3483; baseline 0.022 -46"><span class='ocrx_word' id='word_1_750' title='bbox 1969 3386 2122 3440; x_wconf 83' lang='grc' dir='ltr'>οὐδὲν</span> <span class='ocrx_word' id='word_1_751' title='bbox 2166 3387 2343 3442; x_wconf 91' lang='grc' dir='ltr'>κοινὸν</span> <span class='ocrx_word' id='word_1_752' title='bbox 2373 3390 2502 3461; x_wconf 81' lang='grc' dir='ltr'>ὑμῖν</span> <span class='ocrx_word' id='word_1_753' title='bbox 2548 3394 2686 3466; x_wconf 89' lang='grc' dir='ltr'>πρὸς</span> <span class='ocrx_word' id='word_1_754' title='bbox 2732 3398 2831 3470; x_wconf 86' lang='grc' dir='ltr'>τὴν</span> <span class='ocrx_word' id='word_1_755' title='bbox 2877 3386 3179 3471; x_wconf 72' lang='grc' dir='ltr'>Αἴγυπτον·</span> <span class='ocrx_word' id='word_1_756' title='bbox 3222 3386 3565 3483; x_wconf 39' lang='grc' dir='ltr'>λάϐετειοῦνξ</span> 
     </span>
    </p>
   </div>
   <div class='ocr_carea' id='block_1_94' title="bbox 1969 3484 3564 3573">
    <p class='ocr_par' dir='ltr' id='par_1_94' title="bbox 1969 3484 3564 3573">
     <span class='ocr_line' id='line_1_94' title="bbox 1969 3484 3564 3573; baseline 0.019 -40"><span class='ocrx_word' id='word_1_757' title='bbox 1969 3485 2126 3554; x_wconf 83' lang='grc' dir='ltr'>φησί,</span> <span class='ocrx_word' id='word_1_758' title='bbox 2169 3484 2441 3555; x_wconf 87' lang='grc' dir='ltr'>πρόϐατον</span> <span class='ocrx_word' id='word_1_759' title='bbox 2480 3488 2732 3561; x_wconf 82' lang='grc' dir='ltr'>ἄμωμον,</span> <span class='ocrx_word' id='word_1_760' title='bbox 2780 3494 2968 3567; x_wconf 81' lang='grc' dir='ltr'>ἄρσεν,</span> <span class='ocrx_word' id='word_1_761' title='bbox 3009 3500 3302 3573; x_wconf 86' lang='grc' dir='ltr'>ἐνιαύσιον,</span> <span class='ocrx_word' id='word_1_762' title='bbox 3340 3512 3433 3564; x_wconf 79' lang='grc' dir='ltr'>καὶ</span> <span class='ocrx_word' id='word_1_763' title='bbox 3467 3512 3564 3567; x_wconf 75' lang='grc' dir='ltr'>θύ-</span> 
     </span>
    </p>
   </div>
   <div class='ocr_carea' id='block_1_95' title="bbox 1970 3580 3562 3674">
    <p class='ocr_par' dir='ltr' id='par_1_95' title="bbox 1970 3580 3562 3674">
     <span class='ocr_line' id='line_1_95' title="bbox 1970 3580 3562 3674; baseline 0.019 -43"><span class='ocrx_word' id='word_1_764' title='bbox 1970 3595 2097 3633; x_wconf 90' lang='grc' dir='ltr'>σατε</span> <span class='ocrx_word' id='word_1_765' title='bbox 2154 3580 2314 3634; x_wconf 84' lang='grc' dir='ltr'>αὐτό·</span> <span class='ocrx_word' id='word_1_766' title='bbox 2372 3583 2469 3637; x_wconf 77' lang='grc' dir='ltr'>καὶ</span> <span class='ocrx_word' id='word_1_767' title='bbox 2516 3586 2743 3656; x_wconf 89' lang='grc' dir='ltr'>χρίσατε</span> <span class='ocrx_word' id='word_1_768' title='bbox 2795 3592 2856 3644; x_wconf 92' lang='grc' dir='ltr'>τὸ</span> <span class='ocrx_word' id='word_1_769' title='bbox 2895 3587 3034 3665; x_wconf 75' lang='grc' dir='ltr'>αἷμα</span> <span class='ocrx_word' id='word_1_770' title='bbox 3084 3599 3250 3654; x_wconf 79' lang='grc' dir='ltr'>αὑτοῦ</span> <span class='ocrx_word' id='word_1_771' title='bbox 3306 3604 3398 3658; x_wconf 78' lang='grc' dir='ltr'>ἐπὶ</span> <span class='ocrx_word' id='word_1_772' title='bbox 3460 3609 3562 3674; x_wconf 86' lang='grc' dir='ltr'>τάς</span> 
     </span>
    </p>
   </div>
   <div class='ocr_carea' id='block_1_96' title="bbox 1967 3674 3560 3770">
    <p class='ocr_par' dir='ltr' id='par_1_96' title="bbox 1967 3674 3560 3770">
     <span class='ocr_line' id='line_1_96' title="bbox 1967 3674 3560 3770; baseline 0.021 -44"><span class='ocrx_word' id='word_1_773' title='bbox 1967 3674 2128 3745; x_wconf 81' lang='grc' dir='ltr'>φλιὰς</span> <span class='ocrx_word' id='word_1_774' title='bbox 2164 3677 2341 3748; x_wconf 85' lang='grc' dir='ltr'>ὑμῶν,</span> <span class='ocrx_word' id='word_1_775' title='bbox 2389 3680 2477 3734; x_wconf 82' lang='grc' dir='ltr'>ἵνα</span> <span class='ocrx_word' id='word_1_776' title='bbox 2508 3680 2682 3739; x_wconf 87' lang='grc' dir='ltr'>ἐλθὼν</span> <span class='ocrx_word' id='word_1_777' title='bbox 2708 3686 2738 3738; x_wconf 92' lang='lat'>6</span> <span class='ocrx_word' id='word_1_778' title='bbox 2776 3685 3027 3758; x_wconf 81' lang='grc' dir='ltr'>ἄγγελος,</span> <span class='ocrx_word' id='word_1_779' title='bbox 3067 3694 3172 3749; x_wconf 77' lang='grc' dir='ltr'>κᾶν</span> <span class='ocrx_word' id='word_1_780' title='bbox 3197 3697 3264 3752; x_wconf 86' lang='grc' dir='ltr'>δι’</span> <span class='ocrx_word' id='word_1_781' title='bbox 3315 3701 3560 3770; x_wconf 84' lang='grc' dir='ltr'>ἐκείνους</span> 
     </span>
    </p>
   </div>
   <div class='ocr_carea' id='block_1_97' title="bbox 1967 3772 3559 3871">
    <p class='ocr_par' dir='ltr' id='par_1_97' title="bbox 1967 3772 3559 3871">
     <span class='ocr_line' id='line_1_97' title="bbox 1967 3772 3559 3871; baseline 0.023 -50"><span class='ocrx_word' id='word_1_782' title='bbox 1967 3772 2044 3843; x_wconf 77' lang='grc' dir='ltr'>μὴ</span> <span class='ocrx_word' id='word_1_783' title='bbox 2070 3773 2349 3845; x_wconf 85' lang='grc' dir='ltr'>φείσηται,</span> <span class='ocrx_word' id='word_1_784' title='bbox 2380 3776 2472 3831; x_wconf 86' lang='grc' dir='ltr'>διὰ</span> <span class='ocrx_word' id='word_1_785' title='bbox 2516 3779 2608 3833; x_wconf 89' lang='grc' dir='ltr'>τὸν</span> <span class='ocrx_word' id='word_1_786' title='bbox 2642 3781 2814 3838; x_wconf 87' lang='grc' dir='ltr'>τύπον</span> <span class='ocrx_word' id='word_1_787' title='bbox 2854 3786 2950 3839; x_wconf 81' lang='grc' dir='ltr'>τοῦ</span> <span class='ocrx_word' id='word_1_788' title='bbox 3003 3789 3237 3861; x_wconf 76' lang='grc' dir='ltr'>αἵματος</span> <span class='ocrx_word' id='word_1_789' title='bbox 3280 3797 3559 3871; x_wconf 67' lang='grc' dir='ltr'>φείσηται,</span> 
     </span>
    </p>
   </div>
   <div class='ocr_carea' id='block_1_98' title="bbox 1964 3868 3559 3970">
    <p class='ocr_par' dir='ltr' id='par_1_98' title="bbox 1964 3868 3559 3970">
     <span class='ocr_line' id='line_1_98' title="bbox 1964 3868 3559 3970; baseline 0.021 -49"><span class='ocrx_word' id='word_1_790' title='bbox 1964 3868 2150 3924; x_wconf 78' lang='grc' dir='ltr'>Ταῦτα</span> <span class='ocrx_word' id='word_1_791' title='bbox 2180 3873 2240 3925; x_wconf 88' lang='grc' dir='ltr'>οὐ</span> <span class='ocrx_word' id='word_1_792' title='bbox 2280 3872 2373 3927; x_wconf 80' lang='grc' dir='ltr'>διά</span> <span class='ocrx_word' id='word_1_793' title='bbox 2390 3874 2483 3929; x_wconf 88' lang='grc' dir='ltr'>τὸν</span> <span class='ocrx_word' id='word_1_794' title='bbox 2505 3876 2738 3947; x_wconf 83' lang='grc' dir='ltr'>ἄγγελον</span> <span class='ocrx_word' id='word_1_795' title='bbox 2760 3882 2996 3951; x_wconf 86' lang='grc' dir='ltr'>ἐγένετο,</span> <span class='ocrx_word' id='word_1_796' title='bbox 3031 3888 3168 3944; x_wconf 86' lang='grc' dir='ltr'>ἀλλὰ</span> <span class='ocrx_word' id='word_1_797' title='bbox 3202 3890 3292 3946; x_wconf 83' lang='grc' dir='ltr'>διὰ</span> <span class='ocrx_word' id='word_1_798' title='bbox 3326 3895 3386 3949; x_wconf 89' lang='grc' dir='ltr'>τὸ</span> <span class='ocrx_word' id='word_1_799' title='bbox 3416 3868 3559 3970; x_wconf 78' lang='grc' dir='ltr'>αἷμα</span> 
     </span>
    </p>
   </div>
   <div class='ocr_carea' id='block_1_99' title="bbox 1962 3966 3558 4065">
    <p class='ocr_par' dir='ltr' id='par_1_99' title="bbox 1962 3966 3558 4065">
     <span class='ocr_line' id='line_1_99' title="bbox 1962 3966 3558 4065; baseline 0.02 -46"><span class='ocrx_word' id='word_1_800' title='bbox 1962 3966 2024 4020; x_wconf 93' lang='grc' dir='ltr'>τὸ</span> <span class='ocrx_word' id='word_1_801' title='bbox 2044 3967 2144 4059; x_wconf 82' lang='grc' dir='ltr'>ἐμὲ</span> <span class='ocrx_word' id='word_1_802' title='bbox 2174 3968 2357 4026; x_wconf 89' lang='grc' dir='ltr'>σῶσαν</span> <span class='ocrx_word' id='word_1_803' title='bbox 2380 3988 2395 4003; x_wconf 94' lang='grc'>·</span> <span class='ocrx_word' id='word_1_804' title='bbox 2423 3972 2485 4026; x_wconf 78' lang='grc' dir='ltr'>οὐ</span> <span class='ocrx_word' id='word_1_805' title='bbox 2524 3974 2634 4046; x_wconf 83' lang='grc' dir='ltr'>γάρ</span> <span class='ocrx_word' id='word_1_806' title='bbox 2669 3976 2901 4047; x_wconf 79' lang='grc' dir='ltr'>ἠδύνατο</span> <span class='ocrx_word' id='word_1_807' title='bbox 2927 3981 2957 4033; x_wconf 89' lang='lat'>6</span> <span class='ocrx_word' id='word_1_808' title='bbox 2990 3982 3220 4054; x_wconf 84' lang='grc' dir='ltr'>ἄγγελος</span> <span class='ocrx_word' id='word_1_809' title='bbox 3242 3989 3305 4044; x_wconf 91' lang='grc' dir='ltr'>τὸ</span> <span class='ocrx_word' id='word_1_810' title='bbox 3347 3966 3558 4065; x_wconf 88' lang='grc' dir='ltr'>παράλ-</span> 
     </span>
    </p>
   </div>
   <div class='ocr_carea' id='block_1_100' title="bbox 1961 4054 3557 4156">
    <p class='ocr_par' dir='ltr' id='par_1_100' title="bbox 1961 4054 3557 4156">
     <span class='ocr_line' id='line_1_100' title="bbox 1961 4054 3557 4156; baseline 0.019 -39"><span class='ocrx_word' id='word_1_811' title='bbox 1961 4054 2122 4137; x_wconf 84' lang='grc' dir='ltr'>ληλον</span> <span class='ocrx_word' id='word_1_812' title='bbox 2153 4066 2263 4122; x_wconf 86' lang='grc' dir='ltr'>τῶν</span> <span class='ocrx_word' id='word_1_813' title='bbox 2285 4069 2602 4138; x_wconf 83' lang='grc' dir='ltr'>Αἰγυπτίων</span> <span class='ocrx_word' id='word_1_814' title='bbox 2642 4076 2739 4129; x_wconf 79' lang='grc' dir='ltr'>καί</span> <span class='ocrx_word' id='word_1_815' title='bbox 2775 4076 3044 4135; x_wconf 86' lang='grc' dir='ltr'>Ἰουδαίων</span> <span class='ocrx_word' id='word_1_816' title='bbox 3070 4083 3398 4156; x_wconf 88' lang='grc' dir='ltr'>διαγνῶναι;</span> <span class='ocrx_word' id='word_1_817' title='bbox 3485 4094 3557 4149; x_wconf 78' lang='grc' dir='ltr'>τά</span> 
     </span>
    </p>
   </div>
   <div class='ocr_carea' id='block_1_101' title="bbox 1963 4162 3552 4254">
    <p class='ocr_par' dir='ltr' id='par_1_101' title="bbox 1963 4162 3552 4254">
     <span class='ocr_line' id='line_1_101' title="bbox 1963 4162 3552 4254; baseline 0.019 -40"><span class='ocrx_word' id='word_1_818' title='bbox 1963 4162 2285 4233; x_wconf 83' lang='grc' dir='ltr'>πρωτότοκα</span> <span class='ocrx_word' id='word_1_819' title='bbox 2327 4165 2519 4233; x_wconf 83' lang='grc' dir='ltr'>εἰδὼς,</span> <span class='ocrx_word' id='word_1_820' title='bbox 2560 4170 2896 4240; x_wconf 86' lang='grc' dir='ltr'>Αἰγυπτίους</span> <span class='ocrx_word' id='word_1_821' title='bbox 2951 4179 3046 4232; x_wconf 78' lang='grc' dir='ltr'>καί</span> <span class='ocrx_word' id='word_1_822' title='bbox 3088 4180 3370 4254; x_wconf 89' lang='grc' dir='ltr'>Ἑϐραίους</span> <span class='ocrx_word' id='word_1_823' title='bbox 3431 4189 3552 4243; x_wconf 87' lang='grc' dir='ltr'>δια-</span> 
     </span>
    </p>
   </div>
   <div class='ocr_carea' id='block_1_102' title="bbox 1959 4256 3549 4352">
    <p class='ocr_par' dir='ltr' id='par_1_102' title="bbox 1959 4256 3549 4352">
     <span class='ocr_line' id='line_1_102' title="bbox 1959 4256 3549 4352; baseline 0.019 -44"><span class='ocrx_word' id='word_1_824' title='bbox 1959 4256 2163 4325; x_wconf 88' lang='grc' dir='ltr'>γνῶναι</span> <span class='ocrx_word' id='word_1_825' title='bbox 2195 4261 2296 4314; x_wconf 78' lang='grc' dir='ltr'>οὐκ</span> <span class='ocrx_word' id='word_1_826' title='bbox 2341 4261 2595 4333; x_wconf 84' lang='grc' dir='ltr'>ἰσχυσεν;</span> <span class='ocrx_word' id='word_1_827' title='bbox 2622 4266 2792 4324; x_wconf 82' lang='grc' dir='ltr'>Ὅταν</span> <span class='ocrx_word' id='word_1_828' title='bbox 2822 4266 2915 4327; x_wconf 78' lang='grc' dir='ltr'>οὖν</span> <span class='ocrx_word' id='word_1_829' title='bbox 2960 4275 3195 4351; x_wconf 79' lang='grc' dir='ltr'>ὀνειδίσῃ</span> <span class='ocrx_word' id='word_1_830' title='bbox 3249 4297 3308 4333; x_wconf 89' lang='grc' dir='ltr'>σε</span> <span class='ocrx_word' id='word_1_831' title='bbox 3351 4281 3549 4352; x_wconf 83' lang='grc' dir='ltr'>λέγων,</span> 
     </span>
    </p>
   </div>
   <div class='ocr_carea' id='block_1_103' title="bbox 1960 4349 3547 4455">
    <p class='ocr_par' dir='ltr' id='par_1_103' title="bbox 1960 4349 3547 4455">
     <span class='ocr_line' id='line_1_103' title="bbox 1960 4349 3547 4455; baseline 0.02 -51"><span class='ocrx_word' id='word_1_832' title='bbox 1960 4353 2043 4418; x_wconf 84' lang='grc' dir='ltr'>εἰς</span> <span class='ocrx_word' id='word_1_833' title='bbox 2070 4349 2212 4426; x_wconf 73' lang='grc' dir='ltr'>αἷμα</span> <span class='ocrx_word' id='word_1_834' title='bbox 2245 4356 2518 4430; x_wconf 56' lang='grc' dir='ltr'>ἐλπίζεις</span> <span class='ocrx_word' id='word_1_835' title='bbox 2548 4363 2672 4418; x_wconf 87' lang='grc' dir='ltr'>εἰπέ</span> <span class='ocrx_word' id='word_1_836' title='bbox 2704 4367 2876 4440; x_wconf 78' lang='grc' dir='ltr'>αὐτῷ,</span> <span class='ocrx_word' id='word_1_837' title='bbox 2913 4372 3010 4426; x_wconf 77' lang='grc' dir='ltr'>καὶ</span> <span class='ocrx_word' id='word_1_838' title='bbox 3047 4374 3113 4426; x_wconf 92' lang='grc' dir='ltr'>σύ</span> <span class='ocrx_word' id='word_1_839' title='bbox 3134 4392 3148 4406; x_wconf 90' lang='grc'>·</span> <span class='ocrx_word' id='word_1_840' title='bbox 3170 4349 3269 4430; x_wconf 84' lang='grc' dir='ltr'>οὐκ</span> <span class='ocrx_word' id='word_1_841' title='bbox 3297 4349 3547 4455; x_wconf 77' lang='grc' dir='ltr'>αἰσχύνῃ,</span> 
     </span>
    </p>
   </div>
   <div class='ocr_carea' id='block_1_104' title="bbox 1959 4450 3552 4543">
    <p class='ocr_par' dir='ltr' id='par_1_104' title="bbox 1959 4450 3552 4543">
     <span class='ocr_line' id='line_1_104' title="bbox 1959 4450 3552 4543; baseline 0.017 -39"><span class='ocrx_word' id='word_1_842' title='bbox 1959 4450 2313 4523; x_wconf 82' lang='grc' dir='ltr'>άναίσχυντε;</span> <span class='ocrx_word' id='word_1_843' title='bbox 2340 4455 2406 4509; x_wconf 83' lang='grc' dir='ltr'>σὺ</span> <span class='ocrx_word' id='word_1_844' title='bbox 2439 4458 2520 4522; x_wconf 87' lang='grc' dir='ltr'>εἰς</span> <span class='ocrx_word' id='word_1_845' title='bbox 2548 4455 2687 4531; x_wconf 76' lang='grc' dir='ltr'>αἷμα</span> <span class='ocrx_word' id='word_1_846' title='bbox 2716 4464 2992 4533; x_wconf 88' lang='grc' dir='ltr'>προϐάτου</span> <span class='ocrx_word' id='word_1_847' title='bbox 3022 4469 3254 4541; x_wconf 82' lang='grc' dir='ltr'>ἐσώθης,</span> <span class='ocrx_word' id='word_1_848' title='bbox 3288 4473 3444 4543; x_wconf 80' lang='grc' dir='ltr'>κάγὼ</span> <span class='ocrx_word' id='word_1_849' title='bbox 3468 4450 3552 4542; x_wconf 67' lang='grc' dir='ltr'>εἰς</span> 
     </span>
    </p>
   </div>
   <div class='ocr_carea' id='block_1_105' title="bbox 1957 4540 3545 4642">
    <p class='ocr_par' dir='ltr' id='par_1_105' title="bbox 1957 4540 3545 4642">
     <span class='ocr_line' id='line_1_105' title="bbox 1957 4540 3545 4642; baseline 0.019 -43"><span class='ocrx_word' id='word_1_850' title='bbox 1957 4540 2102 4620; x_wconf 74' lang='grc' dir='ltr'>αἷμα</span> <span class='ocrx_word' id='word_1_851' title='bbox 2133 4551 2405 4606; x_wconf 80' lang='grc' dir='ltr'>Δεσπότου</span> <span class='ocrx_word' id='word_1_852' title='bbox 2455 4554 2518 4608; x_wconf 83' lang='grc' dir='ltr'>οὐ</span> <span class='ocrx_word' id='word_1_853' title='bbox 2563 4555 2849 4628; x_wconf 79' lang='grc' dir='ltr'>σώζομαι;</span> <span class='ocrx_word' id='word_1_854' title='bbox 2909 4563 3156 4630; x_wconf 75' lang='grc' dir='ltr'>Ἰουδαῖος</span> <span class='ocrx_word' id='word_1_855' title='bbox 3194 4564 3288 4624; x_wconf 75' lang='grc' dir='ltr'>οὖν</span> <span class='ocrx_word' id='word_1_856' title='bbox 3327 4540 3545 4642; x_wconf 79' lang='grc' dir='ltr'>ἐσθίων,</span> 
     </span>
    </p>
   </div>
   <div class='ocr_carea' id='block_1_106' title="bbox 1956 4643 3547 4736">
    <p class='ocr_par' dir='ltr' id='par_1_106' title="bbox 1956 4643 3547 4736">
     <span class='ocr_line' id='line_1_106' title="bbox 1956 4643 3547 4736; baseline 0.019 -41"><span class='ocrx_word' id='word_1_857' title='bbox 1956 4643 2238 4713; x_wconf 84' lang='grc' dir='ltr'>ἐπείγεται</span> <span class='ocrx_word' id='word_1_858' title='bbox 2258 4647 2644 4721; x_wconf 82' lang='grc' dir='ltr'>ἀπαλλαγῆναι</span> <span class='ocrx_word' id='word_1_859' title='bbox 2658 4656 2935 4724; x_wconf 85' lang='grc' dir='ltr'>Αἰγύπτου</span> <span class='ocrx_word' id='word_1_860' title='bbox 2954 4675 2968 4688; x_wconf 86' lang='grc'>·</span> <span class='ocrx_word' id='word_1_861' title='bbox 2986 4660 3313 4732; x_wconf 80' lang='grc' dir='ltr'>Χριστιανὸς</span> <span class='ocrx_word' id='word_1_862' title='bbox 3327 4668 3547 4736; x_wconf 86' lang='grc' dir='ltr'>ἐσθίων,</span> 
     </span>
    </p>
   </div>
   <div class='ocr_carea' id='block_1_107' title="bbox 1956 4744 3549 4840">
    <p class='ocr_par' dir='ltr' id='par_1_107' title="bbox 1956 4744 3549 4840">
     <span class='ocr_line' id='line_1_107' title="bbox 1956 4744 3549 4840; baseline 0.019 -45"><span class='ocrx_word' id='word_1_863' title='bbox 1956 4744 2262 4814; x_wconf 84' lang='grc' dir='ltr'>ἐπειγέσθω</span> <span class='ocrx_word' id='word_1_864' title='bbox 2289 4748 2670 4822; x_wconf 80' lang='grc' dir='ltr'>ἀπαλλαγῆναι</span> <span class='ocrx_word' id='word_1_865' title='bbox 2708 4757 2803 4809; x_wconf 80' lang='grc' dir='ltr'>τοῦ</span> <span class='ocrx_word' id='word_1_866' title='bbox 2845 4758 3075 4829; x_wconf 82' lang='grc' dir='ltr'>κόσμου.</span> <span class='ocrx_word' id='word_1_867' title='bbox 3107 4764 3218 4818; x_wconf 78' lang='grc' dir='ltr'>Καὶ</span> <span class='ocrx_word' id='word_1_868' title='bbox 3249 4766 3360 4840; x_wconf 86' lang='grc' dir='ltr'>γάρ</span> <span class='ocrx_word' id='word_1_869' title='bbox 3398 4788 3481 4824; x_wconf 91' lang='grc' dir='ltr'>σοι</span> <span class='ocrx_word' id='word_1_870' title='bbox 3515 4776 3549 4831; x_wconf 77' lang='lat'>6</span> 
     </span>
    </p>
   </div>
   <div class='ocr_carea' id='block_1_108' title="bbox 1956 4844 3544 4936">
    <p class='ocr_par' dir='ltr' id='par_1_108' title="bbox 1956 4844 3544 4936">
     <span class='ocr_line' id='line_1_108' title="bbox 1956 4844 3544 4936; baseline 0.016 -40"><span class='ocrx_word' id='word_1_871' title='bbox 1956 4844 2167 4909; x_wconf 82' lang='grc' dir='ltr'>Παῦλος</span> <span class='ocrx_word' id='word_1_872' title='bbox 2207 4845 2351 4900; x_wconf 77' lang='grc' dir='ltr'>οὕτω</span> <span class='ocrx_word' id='word_1_873' title='bbox 2384 4852 2739 4921; x_wconf 78' lang='grc' dir='ltr'>χρηματίζει·</span> <span class='ocrx_word' id='word_1_874' title='bbox 2788 4857 3160 4917; x_wconf 75' lang='grc' dir='ltr'>Ἐνδύσασθε</span> <span class='ocrx_word' id='word_1_875' title='bbox 3192 4865 3427 4936; x_wconf 82' lang='grc' dir='ltr'>θώρακα</span> <span class='ocrx_word' id='word_1_876' title='bbox 3457 4872 3544 4926; x_wconf 40' lang='grc' dir='ltr'>διε</span> 
     </span>
    </p>
   </div>
   <div class='ocr_carea' id='block_1_109' title="bbox 1953 4944 3543 5037">
    <p class='ocr_par' dir='ltr' id='par_1_109' title="bbox 1953 4944 3543 5037">
     <span class='ocr_line' id='line_1_109' title="bbox 1953 4944 3543 5037; baseline 0.018 -41"><span class='ocrx_word' id='word_1_877' title='bbox 1953 4944 2290 5012; x_wconf 80' lang='grc' dir='ltr'>καιοσύνης</span> <span class='ocrx_word' id='word_1_878' title='bbox 2308 4960 2322 4975; x_wconf 89' lang='grc'>·</span> <span class='ocrx_word' id='word_1_879' title='bbox 2342 4945 2740 5016; x_wconf 82' lang='grc' dir='ltr'>ὑποδήσασθε</span> <span class='ocrx_word' id='word_1_880' title='bbox 2763 4953 2906 5021; x_wconf 83' lang='grc' dir='ltr'>τοὺς</span> <span class='ocrx_word' id='word_1_881' title='bbox 2927 4956 3117 5026; x_wconf 82' lang='grc' dir='ltr'>πόδας</span> <span class='ocrx_word' id='word_1_882' title='bbox 3144 4961 3216 5014; x_wconf 75' lang='grc' dir='ltr'>ἐν</span> <span class='ocrx_word' id='word_1_883' title='bbox 3233 4962 3543 5037; x_wconf 74' lang='grc' dir='ltr'>ἑτοιμασίᾳ</span> 
     </span>
    </p>
   </div>
   <div class='ocr_carea' id='block_1_110' title="bbox 1951 5045 2872 5124">
    <p class='ocr_par' dir='ltr' id='par_1_110' title="bbox 1951 5045 2872 5124">
     <span class='ocr_line' id='line_1_110' title="bbox 1951 5045 2872 5124; baseline 0.013 -26"><span class='ocrx_word' id='word_1_884' title='bbox 1951 5045 2059 5100; x_wconf 84' lang='grc' dir='ltr'>τοῦ</span> <span class='ocrx_word' id='word_1_885' title='bbox 2095 5048 2450 5118; x_wconf 68' lang='grc' dir='ltr'>εὐαγγελίου</span> <span class='ocrx_word' id='word_1_886' title='bbox 2477 5050 2589 5119; x_wconf 78' lang='grc' dir='ltr'>τῆς</span> <span class='ocrx_word' id='word_1_887' title='bbox 2609 5054 2872 5124; x_wconf 77' lang='grc' dir='ltr'>εἰρήνης.</span> 
     </span>
    </p>
   </div>
   <div class='ocr_carea' id='block_1_111' title="bbox 2035 5157 3541 5244">
    <p class='ocr_par' dir='ltr' id='par_1_111' title="bbox 2035 5157 3541 5244">
     <span class='ocr_line' id='line_1_111' title="bbox 2035 5157 3541 5244; baseline 0.016 -35"><span class='ocrx_word' id='word_1_888' title='bbox 2035 5157 2184 5231; x_wconf 83' lang='grc' dir='ltr'>Ἑκεί</span> <span class='ocrx_word' id='word_1_889' title='bbox 2231 5159 2572 5231; x_wconf 84' lang='grc' dir='ltr'>ὑποδήματα,</span> <span class='ocrx_word' id='word_1_890' title='bbox 2609 5163 2703 5217; x_wconf 76' lang='grc' dir='ltr'>καὶ</span> <span class='ocrx_word' id='word_1_891' title='bbox 2737 5165 2971 5235; x_wconf 80' lang='grc' dir='ltr'>ἐνταῦθα</span> <span class='ocrx_word' id='word_1_892' title='bbox 3014 5170 3373 5244; x_wconf 81' lang='grc' dir='ltr'>ὑποδήματα·</span> <span class='ocrx_word' id='word_1_893' title='bbox 3423 5180 3541 5232; x_wconf 80' lang='grc' dir='ltr'>ἐκεῖ</span> 
     </span>
    </p>
   </div>
   <div class='ocr_carea' id='block_1_112' title="bbox 1951 5252 3537 5341">
    <p class='ocr_par' dir='ltr' id='par_1_112' title="bbox 1951 5252 3537 5341">
     <span class='ocr_line' id='line_1_112' title="bbox 1951 5252 3537 5341; baseline 0.015 -36"><span class='ocrx_word' id='word_1_894' title='bbox 1951 5252 2256 5327; x_wconf 83' lang='grc' dir='ltr'>βακτηρία,</span> <span class='ocrx_word' id='word_1_895' title='bbox 2325 5257 2559 5312; x_wconf 81' lang='grc' dir='ltr'>ἐνταῦθα</span> <span class='ocrx_word' id='word_1_896' title='bbox 2622 5259 2834 5333; x_wconf 80' lang='grc' dir='ltr'>θώραξ·</span> <span class='ocrx_word' id='word_1_897' title='bbox 2892 5266 2921 5318; x_wconf 94' lang='lat'>6</span> <span class='ocrx_word' id='word_1_898' title='bbox 2971 5268 3211 5341; x_wconf 84' lang='grc' dir='ltr'>Μωῦσῆς</span> <span class='ocrx_word' id='word_1_899' title='bbox 3274 5273 3349 5337; x_wconf 87' lang='grc' dir='ltr'>ὡς</span> <span class='ocrx_word' id='word_1_900' title='bbox 3406 5274 3537 5328; x_wconf 73' lang='grc' dir='ltr'>ὁδοι-</span> 
     </span>
    </p>
   </div>
   <div class='ocr_carea' id='block_1_113' title="bbox 1948 5352 3537 5432">
    <p class='ocr_par' dir='ltr' id='par_1_113' title="bbox 1948 5352 3537 5432">
     <span class='ocr_line' id='line_1_113' title="bbox 1948 5352 3537 5432; baseline 0.013 -26"><span class='ocrx_word' id='word_1_901' title='bbox 1948 5352 2168 5425; x_wconf 83' lang='grc' dir='ltr'>πόροις,</span> <span class='ocrx_word' id='word_1_902' title='bbox 2222 5353 2250 5405; x_wconf 90' lang='lat'>6</span> <span class='ocrx_word' id='word_1_903' title='bbox 2304 5355 2514 5420; x_wconf 81' lang='grc' dir='ltr'>Παῦλος</span> <span class='ocrx_word' id='word_1_904' title='bbox 2583 5356 2659 5425; x_wconf 81' lang='grc' dir='ltr'>ὡς</span> <span class='ocrx_word' id='word_1_905' title='bbox 2711 5362 3103 5432; x_wconf 83' lang='grc' dir='ltr'>στρατιώταις·</span> <span class='ocrx_word' id='word_1_906' title='bbox 3169 5370 3365 5425; x_wconf 78' lang='grc' dir='ltr'>ἐκεῖνοι</span> <span class='ocrx_word' id='word_1_907' title='bbox 3428 5373 3537 5427; x_wconf 81' lang='grc' dir='ltr'>ἀπὸ</span> 
     </span>
    </p>
   </div>
   <div class='ocr_carea' id='block_1_114' title="bbox 1945 5447 3534 5540">
    <p class='ocr_par' dir='ltr' id='par_1_114' title="bbox 1945 5447 3534 5540">
     <span class='ocr_line' id='line_1_114' title="bbox 1945 5447 3534 5540; baseline 0.03 -54"><span class='ocrx_word' id='word_1_908' title='bbox 1945 5447 2050 5520; x_wconf 77' lang='grc' dir='ltr'>γῆς</span> <span class='ocrx_word' id='word_1_909' title='bbox 2103 5450 2184 5512; x_wconf 75' lang='grc' dir='ltr'>εἰς</span> <span class='ocrx_word' id='word_1_910' title='bbox 2221 5450 2347 5521; x_wconf 83' lang='grc' dir='ltr'>γῆν,</span> <span class='ocrx_word' id='word_1_911' title='bbox 2395 5452 2483 5506; x_wconf 86' lang='grc' dir='ltr'>διά</span> <span class='ocrx_word' id='word_1_912' title='bbox 2528 5454 2688 5510; x_wconf 80' lang='grc' dir='ltr'>τοῦτο</span> <span class='ocrx_word' id='word_1_913' title='bbox 2734 5460 3036 5533; x_wconf 84' lang='grc' dir='ltr'>ὁδοιπόροι·</span> <span class='ocrx_word' id='word_1_914' title='bbox 3098 5463 3211 5533; x_wconf 79' lang='grc' dir='ltr'>ἐγὼ</span> <span class='ocrx_word' id='word_1_915' title='bbox 3266 5467 3373 5520; x_wconf 65' lang='grc' dir='ltr'>ἀπὸ</span> <span class='ocrx_word' id='word_1_916' title='bbox 3434 5470 3534 5540; x_wconf 76' lang='grc' dir='ltr'>γῆς</span> 
     </span>
    </p>
   </div>
   <div class='ocr_carea' id='block_1_115' title="bbox 1946 5544 3532 5632">
    <p class='ocr_par' dir='ltr' id='par_1_115' title="bbox 1946 5544 3532 5632">
     <span class='ocr_line' id='line_1_115' title="bbox 1946 5544 3532 5632; baseline 0.016 -37"><span class='ocrx_word' id='word_1_917' title='bbox 1946 5544 2025 5609; x_wconf 82' lang='grc' dir='ltr'>εἰς</span> <span class='ocrx_word' id='word_1_918' title='bbox 2074 5545 2321 5615; x_wconf 80' lang='grc' dir='ltr'>οὐρανὸν.</span> <span class='ocrx_word' id='word_1_919' title='bbox 2371 5549 2459 5604; x_wconf 82' lang='grc' dir='ltr'>διὰ</span> <span class='ocrx_word' id='word_1_920' title='bbox 2513 5552 2670 5607; x_wconf 82' lang='grc' dir='ltr'>τοῦτο</span> <span class='ocrx_word' id='word_1_921' title='bbox 2715 5557 3085 5632; x_wconf 84' lang='grc' dir='ltr'>στρατιώτης·</span> <span class='ocrx_word' id='word_1_922' title='bbox 3147 5562 3235 5616; x_wconf 71' lang='grc' dir='ltr'>διὰ</span> <span class='ocrx_word' id='word_1_923' title='bbox 3274 5564 3359 5632; x_wconf 88' lang='grc' dir='ltr'>τί;</span> <span class='ocrx_word' id='word_1_924' title='bbox 3409 5565 3532 5621; x_wconf 88' lang='grc' dir='ltr'>Ὅτι</span> 
     </span>
    </p>
   </div>
   <div class='ocr_carea' id='block_1_116' title="bbox 1943 5640 3549 5732">
    <p class='ocr_par' dir='ltr' id='par_1_116' title="bbox 1943 5640 3549 5732">
     <span class='ocr_line' id='line_1_116' title="bbox 1943 5640 3549 5732; baseline 0.017 -41"><span class='ocrx_word' id='word_1_925' title='bbox 1943 5641 1976 5711; x_wconf 86' lang='grc' dir='ltr'>ή</span> <span class='ocrx_word' id='word_1_926' title='bbox 2030 5640 2146 5704; x_wconf 83' lang='grc' dir='ltr'>ὁδός</span> <span class='ocrx_word' id='word_1_927' title='bbox 2196 5660 2297 5713; x_wconf 88' lang='grc' dir='ltr'>μου</span> <span class='ocrx_word' id='word_1_928' title='bbox 2361 5644 2678 5718; x_wconf 77' lang='grc' dir='ltr'>λῃστεύεται</span> <span class='ocrx_word' id='word_1_929' title='bbox 2724 5653 2867 5707; x_wconf 88' lang='grc' dir='ltr'>κατὰ</span> <span class='ocrx_word' id='word_1_930' title='bbox 2918 5656 3008 5710; x_wconf 92' lang='grc' dir='ltr'>τὸν</span> <span class='ocrx_word' id='word_1_931' title='bbox 3053 5659 3212 5731; x_wconf 84' lang='grc' dir='ltr'>ἀέρα,</span> <span class='ocrx_word' id='word_1_932' title='bbox 3279 5660 3549 5732; x_wconf 75' lang='grc' dir='ltr'>δαίμονές</span> 
     </span>
    </p>
   </div>
   <div class='ocr_carea' id='block_1_117' title="bbox 1947 5739 3530 5830">
    <p class='ocr_par' dir='ltr' id='par_1_117' title="bbox 1947 5739 3530 5830">
     <span class='ocr_line' id='line_1_117' title="bbox 1947 5739 3530 5830; baseline 0.015 -40"><span class='ocrx_word' id='word_1_933' title='bbox 1947 5755 2036 5810; x_wconf 87' lang='grc' dir='ltr'>μοι</span> <span class='ocrx_word' id='word_1_934' title='bbox 2090 5739 2393 5799; x_wconf 83' lang='grc' dir='ltr'>ἀπαντῶσι.</span> <span class='ocrx_word' id='word_1_935' title='bbox 2436 5745 2538 5799; x_wconf 74' lang='grc' dir='ltr'>Διὰ</span> <span class='ocrx_word' id='word_1_936' title='bbox 2578 5747 2735 5801; x_wconf 84' lang='grc' dir='ltr'>τοῦτο</span> <span class='ocrx_word' id='word_1_937' title='bbox 2785 5751 2895 5822; x_wconf 78' lang='grc' dir='ltr'>ἔχω</span> <span class='ocrx_word' id='word_1_938' title='bbox 2941 5754 3042 5826; x_wconf 79' lang='grc' dir='ltr'>τὴν</span> <span class='ocrx_word' id='word_1_939' title='bbox 3077 5758 3389 5830; x_wconf 69' lang='grc' dir='ltr'>παρρησίαν</span> <span class='ocrx_word' id='word_1_940' title='bbox 3438 5778 3530 5829; x_wconf 88' lang='grc' dir='ltr'>γε-</span> 
     </span>
    </p>
   </div>
   <div class='ocr_carea' id='block_1_118' title="bbox 1945 5838 3532 5927">
    <p class='ocr_par' dir='ltr' id='par_1_118' title="bbox 1945 5838 3532 5927">
     <span class='ocr_line' id='line_1_118' title="bbox 1945 5838 3532 5927; baseline 0.015 -40"><span class='ocrx_word' id='word_1_941' title='bbox 1945 5838 2326 5912; x_wconf 77' lang='grc' dir='ltr'>γυμνωμένην,</span> <span class='ocrx_word' id='word_1_942' title='bbox 2388 5842 2477 5897; x_wconf 74' lang='grc' dir='ltr'>δια</span> <span class='ocrx_word' id='word_1_943' title='bbox 2541 5843 2698 5898; x_wconf 76' lang='grc' dir='ltr'>τοῦτο</span> <span class='ocrx_word' id='word_1_944' title='bbox 2752 5848 2840 5903; x_wconf 86' lang='grc' dir='ltr'>τὸν</span> <span class='ocrx_word' id='word_1_945' title='bbox 2897 5847 3122 5924; x_wconf 70' lang='grc' dir='ltr'>θώρακα</span> <span class='ocrx_word' id='word_1_946' title='bbox 3171 5855 3269 5927; x_wconf 81' lang='grc' dir='ltr'>τῆς</span> <span class='ocrx_word' id='word_1_947' title='bbox 3324 5855 3532 5917; x_wconf 61' lang='grc' dir='ltr'>δικαιό-</span> 
     </span>
    </p>
   </div>
  </div>
