4088 6434
352 362 464 419 7-15

334 483 482 538 ciam
511 480 832 538 denudatam
860 482 1051 552 habeo,
1081 485 1201 541 ideo
1231 485 1504 544 thoracem
1532 489 1752 560 justitize
1777 535 1792 560 ,
1822 490 1945 549 ideo

336 576 616 646 cingulum
647 577 886 631 veritatis
910 594 924 632 :
953 595 1056 633 non
1079 593 1197 633 sum
1230 579 1371 634 cnim
1393 582 1566 636 viator
1591 591 1815 649 tantum,
1846 585 1941 640 sed

335 669 507 720 etiam
540 667 713 721 miles.
746 669 975 740 Angusta
997 679 1045 724 et
1067 682 1207 724 arcta
1236 673 1315 724 via
1341 681 1431 738 est,
1465 690 1578 743 qua:
1603 675 1737 729 ducit
1765 677 1834 730 ad
1859 679 1936 730 vi-

338 769 452 812 tam
477 759 494 828 (
528 759 716 814 Matth.
742 763 794 815 7.
821 764 886 817 14
910 764 950 834 ).
976 764 1106 820 Vide
1137 765 1298 836 igitur
1331 769 1600 836 quomodo
1626 769 1819 824 Paulus
1848 784 1935 824 res

335 850 486 921 ipsas
511 894 525 918 ,
569 852 779 911 Movscs
821 870 950 910 vero
994 855 1193 926 ﬁguras
1244 857 1576 914 administret
1611 877 1624 914 :
1655 861 1927 931 quomodo

378 1036 2704 1076 Ἦ

1431 375 1517 431 DE
1557 377 1826 434 SANCTA
1867 380 2138 440 THECLA
2181 383 2538 440 MARTYRE.

3540 394 3645 452 746

2055 494 2296 560 sensilia,
2327 507 2376 554 el
2405 498 2675 569 quomodo
2706 499 3001 569 spiritualia
3033 514 3091 556 se
3123 499 3377 556 habeant.
3422 502 3648 558 Studea-

2050 604 2171 644 mus
2202 589 2360 662 igitur
2397 601 2450 645 ct
2504 607 2602 646 nos
2622 635 2636 656 ,
2664 591 2878 655 dilecti,
2909 591 3180 646 Abraham
3212 593 3429 659 imitari,
3465 604 3521 649 ut
3551 595 3649 650 ho-

2045 681 2205 749 spitio
2250 683 2582 751 excipiamur
2615 685 2664 736 in
2700 683 2815 753 ejus
2840 684 2991 747 sinu,
3028 685 3196 754 gratia
3227 695 3280 739 et
3318 684 3647 756 benignitate

2046 771 2255 826 Domini
2295 776 2460 828 nostri
2484 774 2608 829 Jesu
2639 774 2871 840 Christi,
2902 776 2986 830 cui
3031 776 3198 846 gloria
3231 785 3284 830 et
3324 777 3639 846 imperium,

2040 877 2182 918 nunc
2207 874 2261 920 et
2289 881 2519 936 semper,
2541 875 2596 921 et
2625 866 2677 919 in
2708 865 2901 920 saacula
2927 867 3266 922 seculorum.
3299 869 3493 922 Amen.

3006 1049 3579 1088 π

1795 1407 2144 1467 MONITUM
2153 1453 2167 1466 .

331 1629 395 1684 in
426 1629 786 1699 Sophoniam,
812 1631 1072 1688 mulieres
1098 1633 1267 1689 fuisse
1299 1635 1433 1690 dicit
1463 1635 1852 1706 Apostolorum
1887 1637 2217 1708 Apostolas:
2259 1652 2368 1691 non
2403 1636 2549 1707 quod
2585 1635 2817 1692 docendi
2853 1651 3054 1692 munus
3085 1637 3138 1691 in
3162 1636 3404 1692 Ecclesia
3445 1652 3608 1692 usur-

328 1753 482 1823 parit
512 1752 734 1818 Thecla,
767 1761 827 1809 ut
861 1755 1104 1811 haeretici
1147 1771 1215 1812 ex
1257 1757 1407 1813 Actis
1446 1759 1566 1829 ejus
1596 1759 1927 1830 apocryphis
1955 1759 2332 1822 assumebant,
2381 1766 2519 1813 teste
2560 1755 2898 1813 Tertulliano
2941 1757 3008 1812 de
3046 1755 3324 1826 Baptismo
3353 1773 3402 1812 c.
3445 1756 3534 1820 17,
3561 1764 3619 1811 et

331 1865 673 1940 Hieronymo
706 1871 773 1926 de
822 1871 1191 1943 Scriptoribus
1235 1875 1635 1932 Ecclesiasticis
1675 1877 1730 1931 in
1774 1876 1957 1943 Luca;
2015 1877 2108 1932 sed
2138 1877 2306 1947 quod,
2346 1885 2406 1931 ut
2435 1875 2554 1930 Ado
2589 1875 2801 1938 scribit,
2842 1874 3092 1944 exemplo
3116 1883 3170 1928 et
3201 1872 3619 1929 conversatione

328 1984 464 2040 vitae
501 1997 666 2058 atque
702 1991 865 2045 etiam
902 1991 1145 2048 doctrina
1175 1995 1442 2065 plurimos
1475 1996 1758 2052 erudierit.
1786 1995 1843 2051 ιιι
1877 1996 1913 2050 Η

2018 1997 2068 2052 »1.
2103 1995 2418 2052 Grmcorum
2451 1995 2574 2068 lego
2609 1995 2680 2049 24
2711 1993 2964 2063 Septemb
3006 2010 3020 2048 :
3054 1991 3169 2063 Τῆς
3209 1991 3370 2060 ἁγίας
3406 2007 3620 2062 πρωτο-

333 2103 620 2176 μάρτυρος
641 2107 736 2161 καὶ
776 2108 1136 2163 ἰσαποστόλου
1163 2109 1374 2181 Θέκὶης
1393 2128 1407 2141 ο
1432 2123 1488 2166 at
1509 2112 1564 2166 in
1591 2111 1913 2168 Calendario

2018 2129 2127 2166 rum
2161 2111 2352 2168 Latine
2380 2111 2610 2174 reddito,
2640 2109 2831 2164 Thecla
2863 2118 3070 2179 martyr
3107 2109 3387 2163 mulierum
3419 2108 3617 2175 prima.

333 2220 432 2277 Sic
460 2223 623 2278 etiam
661 2223 794 2278 ibid.
828 2224 900 2278 9.2
920 2225 1029 2280 Jul.
1067 2225 1125 2281 S.
1165 2225 1334 2284 Maria
1377 2227 1684 2298 Magdalen.
1731 2229 1913 2282 ἰσαπός

2018 2245 2104 2291 ος,
2137 2227 2364 2297 aequalis
2418 2225 2714 2296 Apostolis,
2750 2224 2952 2281 dicitur
2985 2243 2998 2278 :
3037 2223 3236 2294 Evagr.
3273 2223 3309 2277 Ι.
3336 2238 3419 2288 m,
3449 2237 3500 2278 c.
3539 2224 3572 2278 8
3605 2242 3621 2278 :

328 2333 527 2405 Ζήνων
550 2333 994 2406 παροτρὺνουσαν
1025 2336 1360 2407 Θεασάμενος
1388 2336 1485 2408 τὴν
1519 2337 1680 2406 ἁγίαν
1705 2338 1799 2390 καὶ
1835 2336 1913 2389 πθῖ

2018 2335 2136 2390 θλον
2169 2335 2616 2408 πρωτομάρτυρα
2649 2335 2891 2390 Θέκλαν’
2920 2333 3063 2389 Ζεηο
3097 2349 3188 2405 per
3209 2334 3458 2389 visionem
3500 2349 3626 2386 cou-

328 2452 576 2518 spicatus
611 2461 878 2518 sanctam,
902 2462 1175 2507 strenuam
1210 2464 1259 2508 et
1289 2455 1542 2508 eximiam
1570 2464 1861 2526 martyrem
1895 2453 2163 2508 Theclam.
2201 2471 2219 2504 ι

403 2573 794 2644 interpretatio
820 2576 1014 2632 Latina
1045 2587 1126 2632 est
1160 2578 1409 2647 ejusdem
1433 2577 1728 2634 Frontonis
1751 2576 1956 2632 Ducazi.

393 2820 3570 2843 “-WWW

1085 3030 1682 3119 LAUDATIO
1736 3035 1824 3117 S.
1879 3030 2879 3122 PROTOMARTYRIS

1523 3213 1604 3257 ET
1647 3209 1984 3256 APOSTOLB
2025 3210 2293 3254 THECLE
2340 3196 2441 3272 (a).

1795 3333 2167 3389 am

391 3479 535 3534 Laus
606 3478 905 3551 virginitatis
971 3487 1018 3530 ct
1066 3475 1270 3529 Thecla:
1328 3473 1533 3543 nuptias
1599 3471 1915 3542 negligentis.

318 3604 390 3614 —
437 3574 733 3629 Pra'claras
795 3572 946 3626 nobis
1005 3579 1309 3624 sanctormn
1375 3565 1634 3637 imagines
1690 3565 1919 3635 Spiritus

321 3667 498 3722 sancti
529 3666 696 3736 gratia
727 3665 1012 3718 memorias
1037 3677 1242 3717 annuas
1271 3661 1506 3730 ipsorum
1534 3659 1724 3722 erexit,
1755 3669 1808 3713 ct
1827 3672 1918 3712 ac-

322 3759 496 3813 tiones
540 3771 825 3826 progressu
869 3755 1123 3825 temporis
1158 3755 1208 3808 in
1259 3752 1584 3807 oblivionem
1639 3751 1916 3805 venientes

322 3857 586 3918 perpetuo
631 3858 876 3902 recentes
928 3857 1230 3902 conservat.
1288 3846 1499 3899 Etenim
1549 3843 1916 3913 unusquisque

319 3951 438 3992 cum
470 3947 739 4008 tamquam
768 3937 820 3991 in
850 3937 1134 4007 imaginem
1175 3937 1226 3990 in
1271 3935 1582 3990 memoriam
1625 3933 1912 4000 inciderit,

319 4031 592 4085 actionum
623 4030 1068 4100 pulchritudinem
1090 4028 1508 4098 contemplatur,
1540 4037 1595 4082 et
1621 4027 1914 4082 insidentes

319 4121 596 4175 memoria:
647 4121 862 4191 imagini
907 4129 1112 4191 spectat
1154 4121 1412 4175 actiones.
1463 4119 1541 4174 Ac
1570 4119 1699 4173 mihi
1728 4117 1914 4173 videor

319 4212 588 4271 hodierno
611 4213 698 4268 die
729 4214 940 4269 beatam
971 4213 1116 4268 illam
1155 4213 1386 4283 puellam
1414 4222 1682 4281 tamquam
1704 4211 1756 4264 in
1780 4211 1914 4264 ima-

316 4305 439 4375 gine
493 4315 723 4362 stantem
765 4305 1037 4360 memoriaa
1059 4307 1438 4378 contemplari,
1471 4316 1524 4361 et
1556 4306 1656 4361 hac
1693 4304 1908 4376 quidem

319 4413 481 4454 manu
520 4397 588 4453 de
616 4399 996 4469 voluptatibus,
1028 4399 1116 4454 illa
1144 4415 1270 4455 vero
1295 4399 1361 4454 de
1389 4397 1636 4468 periculis
1667 4405 1910 4467 reporta-

318 4495 424 4544 tam
449 4504 703 4544 coronam
735 4489 1167 4559 protendentem;
1198 4498 1358 4560 atque
1387 4489 1486 4544 hac
1507 4488 1719 4559 quidem
1744 4487 1908 4558 virgi-

317 4579 560 4646 nitatem,
604 4579 692 4633 illa
723 4595 853 4635 vero
896 4581 1209 4652 martyrium
1257 4581 1484 4634 Domino
1535 4580 1907 4634 universorum

316 4669 652 4727 offerentem.
681 4671 810 4727 Erat
839 4673 1004 4742 igitur
1034 4673 1088 4727 in
1121 4673 1232 4742 ipsa
1262 4673 1424 4727 ctiam
1454 4671 1750 4742 virginitas,
1781 4686 1904 4742 quae

319 4762 444 4832 illis,
469 4766 560 4836 qui
607 4781 722 4821 rem
753 4773 1000 4820 accurate
1044 4764 1384 4836 pcrpendunt
1409 4806 1423 4830 ,
1452 4779 1702 4835 magnum
1729 4763 1904 4834 quod-

315 4854 437 4911 dam
478 4858 792 4930 martyrium
831 4866 957 4914 ante
985 4858 1302 4930 martyrium
1336 4857 1563 4911 videtur.
1596 4856 1731 4912 Sunt
1759 4856 1901 4912 enim

315 4951 561 5008 crudeles
587 4953 799 5023 quidam
829 4952 1112 5008 carniﬁces
1132 4951 1374 5022 corporis
1414 4950 1715 5020 voluptates
1744 4967 1758 5013 ;
1793 4951 1903 5006 imo

315 5057 443 5098 vero
468 5047 806 5101 carniﬁcibus
834 5046 1163 5102 crudeliores
1205 5062 1222 5101 :
1253 5062 1375 5100 nam
1399 5045 1626 5099 vinculis
1653 5027 1902 5115 torquent

315 5149 420 5188 non
448 5139 764 5193 manufactis
793 5156 805 5191 :
841 5154 937 5208 per
964 5141 1148 5194 oculos
1189 5139 1421 5192 animum
1454 5139 1774 5203 vulnerant;
1806 5151 1900 5206 per

314 5237 470 5280 aures
508 5230 706 5284 mentis
747 5229 909 5299 rigori
949 5239 1106 5300 atque
1143 5229 1456 5284 constanti-.c
1501 5229 1724 5283 luxuria:
1753 5227 1897 5284 faces

313 5313 598 5374 admovent
629 5338 644 5386 ;
676 5336 869 5390 aspero
891 5321 1100 5392 ﬂagello
1127 5323 1456 5377 intellectum
1479 5321 1768 5391 ﬂagellant,
1801 5336 1898 5376 no-

312 5406 392 5461 vis
434 5412 657 5470 subinde
689 5416 884 5485 prmliis
934 5433 1031 5472 nos
1068 5429 1284 5473 vexant.
1323 5419 1546 5486 Quando
1575 5417 1694 5488 quis
1727 5419 1896 5473 oculis

312 5501 599 5559 cmcitatcm
631 5507 902 5572 indixerit,
936 5525 1002 5564 nc
1034 5510 1230 5565 formas
1254 5521 1515 5582 spectent,
1541 5521 1650 5566 tum
1680 5512 1730 5566 id
1753 5513 1893 5582 quod

313 5591 547 5653 clausum
572 5610 676 5670 est,
710 5614 953 5660 reserant
981 5606 1280 5676 voluptates
1305 5649 1319 5674 ,
1351 5616 1404 5662 et
1447 5606 1656 5661 lascivis
1675 5621 1771 5677 per
1796 5622 1890 5663 au-

369 5699 442 5763 (ιι)
472 5698 647 5763 σοὼῆ
681 5725 792 5763 cum
811 5713 983 5766 Codice
1007 5721 1124 5780 Reg.
1147 5713 1286 5777 εδιδ,
1325 5714 1410 5780 qui
1433 5727 1530 5766 non
1554 5719 1723 5770 variat.

2032 3485 2121 3525 res
2167 3470 2450 3526 cantilenis
2489 3473 2768 3529 resolvunt
2802 3493 2815 3529 :
2845 3477 3060 3546 quando
3092 3478 3145 3532 in
3197 3493 3353 3537 aures
3383 3487 3630 3542 cautibus

2025 3564 2343 3619 meretriciis
2384 3565 2626 3622 occlusas
2672 3567 2993 3636 inciderint,
3025 3578 3133 3625 tum
3166 3572 3447 3633 libidinose
3476 3582 3620 3650 cogi-

2027 3655 2314 3711 tationibus
2341 3664 2545 3711 ornatae
2583 3657 2812 3714 illudunt
2840 3677 2854 3713 :
2902 3662 3116 3731 quando
3141 3663 3260 3718 illas
3300 3682 3395 3736 per
3420 3671 3628 3738 omnia,

2025 3754 2082 3799 ut
2110 3747 2293 3817 paucis
2319 3749 2668 3819 complectar,
2700 3751 2980 3822 vigilantes
3012 3759 3463 3828 superaverimus,
3495 3761 3617 3816 (lor-

2023 3837 2250 3894 mientes
2281 3841 2548 3895 umbratili
2577 3857 2753 3912 pugna
2789 3843 3042 3900 divexant
3072 3865 3086 3902 :
3126 3849 3196 3902 ita
3227 3866 3326 3906 nos
3349 3855 3623 3922 perpetuis

2021 3937 2076 3983 et
2106 3930 2158 3985 in
2191 3931 2377 3986 orbem
2413 3932 2762 3990 redeuntibus
2811 3937 3008 4006 puellis
3047 3949 3271 4009 urgent,
3301 3958 3419 4012 qua:
3449 3961 3623 4016 neque

2019 4039 2142 4079 cum
2159 4026 2272 4081 sole
2291 4026 2606 4096 excitantur,
2626 4044 2798 4099 neque
2813 4044 2935 4085 eum
2965 4040 3121 4087 nocte
3137 4034 3432 4102 sopiuntur.
3463 4037 3630 4093 Porro

2021 4116 2066 4172 si
2093 4117 2426 4188 juventutem
2458 4121 2620 4175 etiam
2651 4137 2915 4193 aggressa;
2943 4123 3159 4191 fuerint,
3195 4134 3304 4180 tum
3333 4144 3459 4183 vero
3488 4129 3626 4200 ignis

2017 4221 2138 4262 cum
2183 4209 2304 4280 igne
2333 4210 2644 4266 miscebitur
2671 4253 2688 4279 ,
2735 4213 2926 4285 stipula
2958 4230 3078 4270 cum
3113 4215 3328 4273 fornace
3349 4217 3622 4288 jungetur.

2017 4297 2196 4354 Facile
2261 4315 2491 4371 namque
2537 4301 2904 4374 voluptatibus
2966 4304 3221 4376 juventus
3267 4308 3617 4364 incenditur:

2015 4391 2215 4461 quippe
2241 4407 2358 4462 qum
2391 4393 2640 4464 pinguior
2671 4395 2776 4451 olei
2807 4396 2859 4450 in
2907 4412 3111 4454 morem
3153 4407 3209 4454 et
3257 4400 3430 4469 aptior
3457 4401 3526 4456 sit
3550 4400 3619 4457 ad

2015 4481 2522 4554 inﬂammationem,
2565 4495 2624 4541 ut
2664 4485 2731 4541 ad
2761 4490 3125 4558 temperantiae
3161 4490 3373 4545 labores
3419 4489 3619 4547 delica-

2015 4576 2138 4630 tior.
2168 4577 2297 4644 Quae
2317 4577 2568 4635 nimirum
2597 4581 2775 4635 omnia
2800 4581 2972 4636 beata
3006 4581 3194 4654 virgini
3222 4583 3436 4654 longum
3469 4601 3616 4642 mar-
3634 4607 3646 4621 ι

2012 4669 2207 4742 tyrium
2255 4671 2613 4742 virginitatem
2648 4671 2981 4738 reddebant,
3014 4688 3134 4744 qua:
3177 4689 3301 4730 cum
3330 4675 3617 4748 voluptati-

2010 4761 2130 4829 bus,
2154 4771 2212 4818 ut
2235 4777 2356 4818 cum
2383 4762 2568 4819 bestiis
2596 4772 2820 4834 martyr,
2844 4763 3113 4835 pugnabat
3143 4781 3157 4818 :
3189 4780 3310 4822 cum
3332 4769 3615 4839 cogitatio-

2010 4856 2188 4925 nibus,
2219 4864 2280 4912 ut
2326 4856 2418 4912 ille
2442 4871 2566 4912 cum
2595 4857 2920 4913 cruciatibus
2965 4857 3267 4915 luctabatur
3296 4878 3310 4915 :
3341 4876 3463 4917 cum
3493 4862 3616 4918 libi-

2007 4947 2191 5004 dinum
2231 4947 2700 5020 imaginationibus
2739 4950 2890 5021 quasi
2926 4965 3049 5006 cum
3079 4953 3359 5010 tormentis
3391 4955 3610 5010 carniﬁ-

2005 5057 2128 5097 cum
2153 5042 2598 5114 congrediebatur
2625 5059 2641 5096 :
2673 5041 2770 5098 sed
2808 5042 2876 5098 ab
2902 5043 2992 5098 illo
3035 5052 3212 5100 tamen
3238 5046 3516 5117 multiplici
3545 5062 3610 5104 ac

2005 5133 2300 5190 domestico
2333 5134 2473 5191 bello
2498 5135 2775 5191 victoriam
2805 5136 3114 5208 reportabat
3145 5156 3158 5192 :
3199 5140 3459 5210 siquidem
3487 5141 3609 5211 igne

2004 5229 2230 5282 naturali
2279 5228 2554 5285 ardentior
2601 5229 2676 5284 illi
2721 5240 2838 5287 erat
2881 5231 3018 5301 ignis
3063 5233 3228 5286 animi
3269 5241 3323 5288 et
3367 5243 3605 5290 sanctus.

2002 5320 2292 5377 Enimvero
2333 5321 2524 5392 puella:
2561 5332 2750 5378 natura
2791 5323 3053 5391 cedebat,
3081 5335 3135 5380 et
3159 5341 3278 5395 qua:
3305 5326 3444 5396 apud
3472 5327 3605 5384 alios

2001 5413 2305 5470 dominatur
2332 5424 2386 5471 et
2411 5414 2477 5471 ad
2503 5415 2702 5472 coitum
2737 5415 2894 5485 furit,
2935 5416 3076 5487 apud
3099 5416 3353 5472 Theclam
3382 5419 3602 5489 virgini-

2003 5517 2164 5564 tatem
2195 5509 2498 5565 cxercebat.
2551 5508 2806 5564 Parentes
2844 5525 2974 5565 vero
3003 5524 3125 5564 cum
3168 5509 3292 5563 ﬁliae
3321 5510 3448 5565 inita
3478 5527 3602 5568 cum

1999 5600 2299 5671 virginitate
2327 5609 2480 5671 pacta
2509 5615 2616 5656 non
2643 5609 2901 5668 nossent,
2935 5615 3107 5672 neque
3137 5600 3356 5657 foederis
3384 5603 3599 5672 nuptia-

1999 5710 2119 5750 rum
2141 5710 2261 5752 cum
2306 5693 2394 5752 illa
2423 5693 2681 5768 iungendi
2709 5709 2870 5752 causa
2913 5693 3184 5752 Christum
3215 5695 3497 5752 Dominum
3526 5701 3595 5758 de
