4088 6452
495 374 599 431 τη

497 491 632 546 caelo
659 489 910 545 dextram
936 485 1147 541 dedisse
1166 526 1180 550 ,
1210 482 1389 537 multis
1416 495 1532 536 eam
1574 476 1916 545 verbosisque
1953 488 2101 527 com-

499 578 881 634 monitiouibus
908 574 976 630 ad
994 573 1300 643 conjugium
1328 570 1663 625 incitabant;
1711 574 1767 621 at
1802 565 1947 619 enim
1986 563 2099 633 jam

499 685 661 725 aures
691 670 880 740 puellae
925 667 1074 723 Pauli
1124 665 1364 721 carmine
1408 661 1811 734 personabant:
1847 658 1975 724 Qua:
1998 673 2101 711 non

502 771 572 815 est
600 770 779 829 nupta,
807 759 993 830 cogitat
1014 772 1128 828 qua
1154 755 1360 810 Domini
1385 762 1520 817 sunt,
1544 760 1599 808 ut
1624 752 1690 807 sit
1720 760 1895 806 sancta
1917 760 1965 804 et
1994 766 2100 804 cor-

502 868 620 924 pore
641 861 685 904 cl
713 852 892 919 spiritu
923 850 944 921 (
973 851 1020 904 ι.
1047 847 1167 903 Cor.
1200 849 1253 903 7.
1282 848 1351 902 54
1368 846 1409 918 ).
1455 844 1789 915 Virginitatis
1830 842 2117 911 extemplo

499 957 694 997 corona
726 943 937 997 dabitur
965 959 981 995 :
1013 941 1116 996 hoc
1157 942 1299 994 illam
1329 940 1558 1009 primum
1596 935 1973 993 sollicitudinis
2008 950 2099 1004 ge-

500 1049 598 1086 nus
656 1031 820 1087 afﬁcit
859 1049 872 1085 :
911 1032 1138 1086 sollicita
1187 1032 1328 1084 enim
1379 1038 1464 1084 est
1502 1026 1889 1083 benedictionis
1940 1025 2096 1095 plena

497 1125 871 1190 sollicitudine,
905 1124 1130 1179 sollicita
1175 1132 1256 1176 est
1302 1137 1428 1177 cura
1472 1120 1705 1176 liberiori
1732 1119 1916 1188 quavis
1944 1119 2096 1173 incu-

497 1218 596 1280 ria,
624 1225 680 1268 ut
710 1216 778 1269 sit
821 1225 1003 1269 sancta
1044 1224 1097 1270 et
1126 1229 1351 1283 corpore
1397 1223 1450 1268 et
1480 1212 1690 1281 spiritu.
1737 1210 1875 1264 Nihil
1900 1218 1983 1264 est
2019 1204 2095 1263 illi

494 1322 776 1361 commune
805 1324 923 1361 cum
956 1317 1116 1371 terra,
1150 1306 1291 1360 nulla
1323 1321 1443 1359 eum
1471 1302 1879 1357 connubialibus
1906 1316 2094 1356 neces-

493 1400 735 1452 sitatibns
757 1407 838 1453 est
875 1398 1143 1468 cognatio,
1172 1396 1328 1466 quale
1356 1405 1438 1449 est
1465 1393 1813 1449 fornicantem
1842 1406 2093 1462 sponsum

494 1491 739 1554 tolerare,
768 1492 1099 1561 suspiciones
1125 1490 1284 1543 falsas
1308 1487 1595 1552 sustinere,
1615 1484 1932 1555 procedendi
1951 1500 2094 1554 Saepe

492 1581 692 1634 militer
742 1580 795 1639 in
841 1580 1112 1649 publicum
1164 1586 1427 1650 potestate
1471 1576 1685 1648 privari,
1713 1575 1781 1631 de
1825 1575 2093 1631 alimentis

492 1674 761 1743 inquirere
781 1714 797 1740 ,
829 1683 1073 1728 ornatam
1101 1671 1380 1743 zelotypim
1407 1669 1692 1726 obnoxiam
1722 1684 1842 1724 esse
1867 1711 1882 1737 ,
1910 1668 2091 1739 despi-

488 1764 626 1816 calui
658 1763 813 1829 duci,
858 1763 1164 1832 priusquam
1220 1760 1463 1831 peperit,
1494 1763 1644 1830 quasi
1691 1775 1811 1829 qua:
1855 1759 2090 1814 nondum

490 1870 627 1909 uxor
656 1854 790 1910 facta
818 1856 925 1921 sit;
959 1855 1047 1909 ubi
1096 1855 1402 1924 pepererit,
1433 1854 1502 1909 ob
1537 1855 1757 1923 pignora
1789 1853 1839 1909 in
1868 1852 2087 1919 crimina

388 2004 391 2007 ,
490 1946 787 2002 incurrere.
811 1946 971 2000 Partn
998 1944 1141 2001 edita
1169 1954 1251 2000 est
1285 1945 1545 2015 quaepiam
1573 1943 1802 2000 femina?
1830 1943 1970 2013 quod
1998 1959 2092 2001 ns-

490 2048 576 2092 tus
604 2052 709 2091 non
740 2037 806 2091 sit
835 2037 1124 2104 masculus,
1166 2036 1410 2101 tetricum
1444 2035 1663 2089 maritus
1688 2034 1890 2089 vultum
1933 2035 2087 2104 gerit.

490 2130 745 2198 Adjcctus
790 2140 872 2183 est
909 2137 963 2183 et
994 2127 1298 2183 masculus?
1343 2126 1516 2183 editus
1561 2134 1644 2182 est
1684 2125 1853 2194 fetus,
1884 2126 1978 2181 sed
2000 2126 2089 2196 qui

486 2223 753 2276 formosus
781 2237 889 2275 non
924 2230 1023 2274 est.
1053 2220 1295 2290 Elegauti
1337 2214 1421 2274 est
1458 2218 1629 2274 forma
1660 2219 1920 2289 uterque?
1949 2227 2087 2273 tam-

487 2326 647 2381 quam
672 2311 737 2365 de
760 2310 995 2380 pulchris
1023 2311 1266 2373 acerbior
1299 2325 1423 2369 cura
1449 2310 1684 2365 incessit.
1720 2308 1935 2379 Depulsi
1964 2317 2089 2364 sunt

396 2396 399 2399 ’
489 2419 519 2456 a
552 2403 687 2457 lacte
714 2404 737 2456 ?
765 2417 948 2457 rursus
998 2403 1239 2457 anxietas
1281 2401 1610 2457 educationis
1652 2399 1927 2455 succedit:
1965 2416 2086 2454 cum

482 2496 598 2550 sani
631 2494 867 2561 fuerint,
914 2505 1086 2549 metus
1128 2510 1195 2550 ne
1247 2501 1551 2564 mgrotent:
1607 2508 1729 2548 cum
1790 2504 2085 2562 mgrotave-

494 2588 618 2653 rint,
652 2587 880 2642 formido
905 2603 973 2642 ne
1002 2588 1328 2641 moriantur:
1357 2600 1479 2641 cum
1511 2586 1709 2639 mortui
1736 2584 1951 2650 fuerint,
1972 2601 2084 2639 me-

495 2692 579 2732 tus
603 2695 672 2734 ne
690 2678 947 2748 deinceps
973 2687 1239 2748 tamquam
1271 2679 1422 2748 prole
1451 2694 1639 2733 carens
1668 2686 2043 2733 contemnatur
2067 2696 2081 2734 :

495 2788 616 2826 cum
648 2772 843 2826 mor-tui
874 2785 980 2825 non
1012 2770 1244 2836 fuerint,
1273 2780 1333 2825 ut
1368 2771 1436 2826 de
1478 2771 1777 2826 viventibus
1803 2811 1818 2835 ,
1870 2772 2085 2840 gravior

487 2865 790 2919 sollicitudo
812 2863 1236 2929 incumbit,unde
1252 2863 1432 2918 liberis
1453 2863 1516 2917 ad
1536 2864 1917 2917 institutionem
1934 2878 2081 2923 sum-

491 2967 634 3027 plus,
662 2957 801 3011 unde
830 2957 1122 3027 conjugalis
1166 2955 1382 3011 foederis
1413 2964 1719 3039 apparatus,
1750 2955 1887 3009 unde
1917 2961 2081 3009 vesti-

494 3058 794 3102 mentorum
846 3047 1029 3114 decor,
1063 3047 1203 3102 unde
1232 3046 1553 3103 famulorum
1582 3047 1869 3117 unicuique
1896 3046 2046 3107 distri
2064 3078 2079 3089 -

493 3141 664 3208 butio,
688 3156 928 3211 quaenam
956 3157 1024 3195 ex
1056 3139 1207 3194 bonis
1235 3141 1422 3211 majori
1470 3140 1743 3203 attribuet,
1788 3155 1894 3211 quo
1924 3150 2077 3210 pacto

495 3233 717 3288 minoris
747 3234 998 3289 invidiam
1036 3233 1319 3304 mitigabit.
1353 3233 1481 3298 Qua:
1526 3250 1626 3286 non
1665 3242 1735 3286 est
1768 3243 1957 3303 nupta,
1988 3250 2074 3286 co-

490 3329 613 3394 gitat
641 3341 752 3395 qua:
772 3323 977 3379 Domini
1006 3332 1122 3379 sunt
1144 3367 1156 3389 ,
1182 3335 1238 3377 ut
1272 3324 1335 3378 sit
1374 3333 1554 3378 sancta
1580 3333 1626 3378 et
1649 3340 1858 3395 corpore
1886 3334 1932 3377 ct
1965 3325 2076 3395 spi-

486 3419 611 3471 ritu.
640 3414 755 3469 Non
783 3416 1109 3470 matrimonii
1131 3424 1372 3469 naturam
1406 3414 1624 3473 traduce
1647 3432 1659 3468 :
1683 3424 1764 3468 cst
1785 3416 1925 3471 enim
1945 3415 2076 3470 illud

484 3509 695 3577 generis
740 3492 1070 3577 providentia
1117 3508 1454 3576 communis;
1507 3507 1603 3563 sed
1668 3509 2074 3579 conjugatorum

480 3613 636 3653 curas
661 3598 896 3669 divulgo,
925 3598 1230 3655 carnalibus
1256 3599 1401 3653 curis
1428 3598 1672 3656 caelestes
1716 3614 1873 3653 curas
1915 3606 2070 3654 ante-

485 3707 648 3762 pono,
682 3690 902 3761 pulehro
928 3691 1001 3759 id,
1029 3691 1168 3761 quod
1197 3689 1472 3761 pulchrius
1500 3699 1601 3756 est,
1633 3689 1880 3760 prmfero.
1907 3691 2070 3761 Virgo

482 3785 641 3837 etiam
674 3798 850 3853 pinna,
878 3799 981 3854 qua
1011 3784 1119 3837 Eva
1163 3783 1416 3838 mulctata
1452 3791 1554 3848 est,
1584 3782 1829 3854 superior
1854 3783 2024 3837 evasit
2058 3799 2071 3836 :

480 3877 608 3933 illud
647 3878 812 3942 enim,
845 3878 925 3930 Ad
964 3877 1123 3930 virum
1152 3884 1294 3930 tuum
1325 3876 1582 3930 conversio
1627 3885 1715 3929 tua
1737 3919 1750 3942 ,
1783 3884 1830 3930 et
1865 3875 1973 3946 ipse
2001 3876 2074 3929 tui

483 3971 823 4039 dominabitur
852 3971 870 4041 (
905 3968 1034 4024 Gen.
1059 3969 1111 4025 5.
1144 3969 1211 4024 16
1257 3969 1296 4041 ),
1329 3970 1380 4023 in
1412 3984 1500 4024 eas
1524 4011 1538 4035 ,
1571 3985 1690 4040 quae
1714 3969 1949 4029 virorum
1979 3969 2075 4023 do-

484 4064 685 4129 minatn
709 4077 812 4116 non
844 4072 1176 4132 premuntur,
1215 4061 1503 4116 invalidum
1533 4070 1648 4119 est:
1676 4061 1804 4115 illud
1825 4104 1840 4127 ,
1885 4060 1950 4116 In
1981 4061 2074 4114 do-

482 4152 672 4215 loribus
699 4152 863 4223 paries
900 4151 1078 4222 ﬁlios(
1112 4151 1246 4221 Ibid.
1272 4150 1291 4225 )
1313 4195 1328 4221 ,
1362 4153 1416 4207 in
1453 4166 1544 4207 eas
1571 4168 1690 4222 qua:
1718 4152 2071 4224 virginitatem

477 4243 690 4316 colunt,
711 4242 939 4297 otiosum
970 4251 1052 4297 est
1080 4261 1094 4298 :
1126 4259 1248 4313 nam
1273 4259 1391 4313 qua:
1424 4242 1646 4319 minimc
1677 4242 1814 4313 parit
1842 4286 1856 4309 ,
1885 4258 1912 4296 a
1943 4260 2071 4315 gra-

485 4334 631 4401 vium
676 4341 864 4403 partus
894 4331 1143 4387 dolorum
1192 4333 1455 4389 sententia
1510 4341 1593 4389 est
1631 4333 1900 4387 immunis.
1951 4333 2088 4389 Jam‘

480 4424 630 4498 virgo
655 4424 848 4483 futura:
875 4425 994 4483 vitm
1026 4427 1333 4499 pignoribus
1349 4428 1636 4485 oblectaris
1659 4446 1673 4484 :
1701 4428 1811 4499 jam
1842 4429 2069 4484 familia-

477 4516 549 4575 ris
577 4524 660 4573 est
684 4516 776 4573 tibi
794 4518 1144 4593 sanctiﬁcatio
1171 4521 1605 4583 resurrectionis.
1623 4520 1687 4593 In
1713 4524 2071 4596 resurrectione

1271 366 1325 423 S.
1370 363 1652 421 JOANNIS
1688 354 2169 417 CIIHYSOSTOMI
2209 356 2535 414 ARCHIEP.
2576 354 3115 416 CONSTANTINOP.

3675 359 3787 418 τεῦ

2207 472 2358 536 enim,
2399 473 2605 544 inquit,
2630 490 2793 545 neque
2818 475 3040 542 nubent,
3078 489 3237 546 neque
3276 474 3777 544 nubentur(Hattlt..

2204 562 2295 618 22.
2327 564 2396 619 '50
2421 565 2462 635 ).
2514 564 2799 636 Propterea
2833 564 3056 635 hujusce
3083 565 3157 621 rei
3188 565 3343 636 plane
3383 567 3568 639 ingens
3594 578 3671 624 est
3693 569 3765 624 la-

2206 670 2354 727 psus,
2380 657 2809 728 quandoquidem
2827 666 2882 713 et
2908 668 3053 714 recte
3084 657 3282 714 factum
3306 668 3386 715 est
3412 659 3627 732 ingens:
3658 660 3765 716 ideo

2205 747 2561 819 virginitatem
2586 748 2812 806 colentis
2841 750 3122 809 scelestior
3147 757 3231 806 est
3251 792 3268 818 ,
3309 766 3465 827 quam
3494 753 3779 809 meretricis

2204 838 2417 895 lascivia
2457 859 2472 896 :
2504 856 2613 896 non
2656 842 2800 909 enim
2828 858 2924 913 par
2951 852 3035 900 est
3063 844 3199 901 ratio
3243 846 3597 916 corruptionis
3620 848 3768 917 virgi-

2204 931 2426 986 nitatem
2472 933 2737 1001 colentis,
2787 944 2951 1005 atque
2997 936 3341 992 meretricis:
3382 952 3486 991 non
3530 952 3625 1008 par
3649 939 3769 993 ratio

2201 1024 2559 1093 corruptionis
2597 1025 2824 1095 privata:
2861 1027 3112 1093 feininaa,
3159 1042 3222 1083 ac
3262 1028 3502 1098 reginae:
3544 1043 3648 1084 non
3684 1045 3770 1099 par

2202 1124 2286 1170 est
2314 1116 2449 1171 ratio
2476 1115 2599 1172 furti
2632 1119 2773 1173 vasis
2799 1120 2967 1175 sacris
2992 1120 3179 1175 usibus
3208 1120 3478 1188 destinati,
3510 1135 3573 1175 ac
3600 1121 3765 1190 vulga-

2200 1206 2296 1261 ris.
2320 1206 2426 1262 Vas
2468 1209 2613 1264 enim
2658 1218 2741 1265 est
2771 1210 2940 1265 sacris
2984 1211 3170 1267 usibus
3221 1211 3541 1267 destinatum
3592 1213 3765 1282 virgo,

2201 1310 2467 1365 purpurea
2502 1299 2689 1364 vestis,
2721 1315 2880 1369 quam
2927 1301 3080 1355 alteri
3108 1316 3213 1356 non
3259 1301 3413 1367 licet,
3456 1316 3613 1372 quam
3651 1302 3766 1372 Regi

2202 1386 2593 1457 universorum,
2615 1388 2890 1460 adaptari;
2920 1405 3140 1461 sponsa,
3156 1407 3274 1461 qua:
3293 1392 3558 1463 virgineas
3578 1394 3770 1461 nuptias

2200 1491 2413 1549 semper
2435 1481 2652 1537 retinet.
2678 1481 2723 1537 0
2763 1484 2948 1539 beatas
2988 1483 3202 1554 nuptias
3219 1526 3234 1550 ,
3257 1500 3480 1555 quarum
3525 1493 3668 1540 torus
3696 1494 3770 1539 est

2201 1568 2506 1643 virginitas!
2541 1571 2741 1627 Harum
2759 1587 2920 1628 causa
2946 1573 3112 1629 beata:
3128 1576 3351 1646 martyri
3379 1584 3454 1631 tot
3481 1576 3779 1631 discrimina

2200 1659 2350 1715 fuere
2378 1661 2678 1718 subeunda.
2714 1663 2931 1719 Viderat
2974 1666 3175 1736 quippe
3213 1667 3399 1736 sponsi
3438 1666 3767 1737 pulchritudi-

2198 1768 2320 1807 nem
2347 1794 2363 1820 ,
2391 1762 2443 1809 et
2468 1752 2537 1809 ab
2565 1754 2683 1825 ejus
2711 1756 2953 1813 contuitu
2998 1772 3106 1813 non
3145 1757 3485 1821 avellebatnr
3514 1777 3529 1814 :
3560 1759 3770 1814 instabat

2198 1852 2390 1911 mater,
2416 1861 2536 1915 quae
2574 1846 2641 1901 ad
2685 1848 2900 1918 nuptias
2928 1848 3236 1919 impellebat
3269 1859 3365 1905 :at
3404 1850 3496 1904 illa
3532 1865 3779 1920 sponsum.

2200 1939 2467 1993 czelestcm
2491 1937 2574 1993 bis
2611 1941 2830 1995 vocibus
2856 1941 3228 2015 compellabat,
3259 1943 3340 1996 Ad
3367 1954 3414 1996 te
3442 1944 3599 1998 levavi
3617 1943 3780 1997 oculos

2196 2044 2356 2095 meos,
2380 2030 2464 2100 qui
2490 2029 2687 2085 habitas
2714 2031 2768 2085 in
2802 2032 2926 2087 creto
2953 2032 2972 2103 (
3005 2031 3154 2089 Psal.
3180 2032 3301 2089 ηε.
3337 2035 3360 2089 l
3391 2035 3411 2106 )
3446 2054 3458 2089 :
3505 2035 3779 2090 accedebat

2198 2135 2392 2190 procos
2419 2123 2640 2192 nuptiali
2693 2140 2811 2179 eam
2869 2124 3139 2195 colloquio
3178 2125 3438 2192 titillans;
3483 2136 3542 2180 at
3587 2127 3669 2181 illa
3720 2142 3771 2182 se

2195 2227 2316 2269 cum
2344 2212 2561 2270 Christo
2596 2216 2753 2271 tacite
2778 2218 3134 2289 conjungebat
3169 2218 3383 2282 dicens,
3418 2218 3643 2274 Adtraxit
3669 2220 3770 2272 ani-

2196 2322 2278 2360 ma
2304 2324 2413 2361 mea
2443 2318 2555 2377 post
2583 2319 2629 2362 te
2663 2310 2681 2383 (
2715 2309 2858 2364 Psni.
2880 2310 2967 2367 69..
2990 2313 3023 2367 9
3052 2310 3070 2380 )
3100 2331 3112 2364 :
3147 2311 3493 2366 conﬂuebant
3521 2312 3768 2367 adulatio-

2194 2397 2353 2457 nibus
2391 2409 2668 2468 captautcs
2712 2402 3022 2472 propinqui;
3077 2412 3132 2457 at
3187 2404 3327 2458 illius
3374 2403 3542 2458 menti
3596 2403 3773 2458 Paulus

2193 2501 2502 2548 contestans
2530 2493 2920 2548 obversabatur
2951 2512 2966 2547 :
2996 2494 3259 2561 Despondi
3288 2502 3336 2549 te
3359 2500 3451 2549 vni
3490 2496 3593 2549 viro
3636 2494 3774 2565 virgi-

2190 2599 2304 2638 nem
2323 2594 2512 2639 castam
2530 2587 2761 2641 exhibere
2789 2587 2986 2642 Christo
3012 2588 3084 2659 (2.
3102 2590 3223 2647 Cor.
3244 2589 3779 2660 ll.‘l):supplicabant

2196 2678 2336 2731 servi
2388 2693 2510 2732 cum
2570 2679 2822 2750 lacrymis
2847 2697 2861 2746 ;
2890 2691 2945 2735 at
2974 2681 3048 2735 illi
3093 2695 3293 2751 sponso
3321 2682 3581 2736 amatorie
3609 2682 3771 2735 conci—

2189 2769 2348 2821 nebat
2373 2785 2386 2820 :
2424 2768 2548 2837 Quis
2575 2786 2667 2824 nos
2692 2771 2947 2842 separabit
2976 2789 3007 2824 a
3036 2772 3249 2827 caritate
3276 2772 3505 2844 Christi(
3542 2772 3686 2826 Rom.
3717 2772 3763 2827 8.

2189 2859 2257 2913 55
2286 2859 2306 2929 )
2334 2860 2357 2914 ?
2407 2861 2678 2915 terrebant
2700 2862 2914 2932 judices
2942 2865 3154 2934 poenis;
3183 2874 3238 2918 at
3263 2880 3454 2921 omnes
3487 2868 3573 2920 illa
3598 2882 3781 2936 magno

2187 2950 2366 3006 animo
2398 2953 2710 3022 proculcans
2739 2955 3022 3022 clamabat,
3054 2955 3319 3026 Principes
3340 2973 3442 3011 non
3466 2948 3583 3012 sunt
3610 2958 3762 3011 timori

2188 3039 2328 3111 bonis
2370 3044 2636 3114 operibus,
2661 3042 2751 3099 sed
2782 3045 2933 3105 malis
2959 3046 2979 3119 (
3007 3047 3158 3103 Rom.
3194 3049 3282 3103 15.
3329 3049 3406 3117 '5).
3456 3049 3592 3103 Cum
3648 3063 3771 3103 vero

2186 3143 2389 3189 statuas
2429 3136 2745 3206 virginitatis
2772 3140 2931 3193 etiam
2964 3139 3015 3192 in
3044 3139 3143 3194 viis
3172 3138 3304 3208 erigi
3351 3139 3579 3210 martyri
3625 3154 3769 3211 opor-

2189 3234 2362 3293 teret,
2395 3227 2514 3282 talis
2538 3231 2781 3298 qumdam
2813 3230 3004 3299 puella:
3049 3240 3132 3286 est
3180 3240 3366 3285 exorta
3400 3231 3646 3287 tentatio.
3677 3231 3760 3284 Li-

2184 3319 2368 3376 berata
2392 3321 2594 3390 judicio
2615 3364 2629 3388 ,
2660 3323 2814 3377 Pauli
2863 3324 3098 3395 prmdam
3129 3323 3442 3379 sectabatur
3466 3368 3482 3392 ,
3526 3335 3581 3380 et
3607 3338 3769 3378 rumo-

2185 3427 2296 3467 rem
2328 3423 2550 3483 sequuta
2581 3414 2771 3470 ducem
2814 3416 2933 3483 viis,
2978 3432 3097 3487 quae
3125 3416 3191 3471 ad
3242 3417 3468 3472 Paulum
3519 3418 3769 3484 ferebant,

2184 3519 2308 3559 sese
2358 3514 2441 3559 est
2478 3523 2605 3560 ausa
2656 3509 3009 3562 committere.
3044 3508 3210 3563 Porro
3260 3506 3512 3566 diabolus
3556 3511 3769 3581 puellam

2185 3596 2526 3665 observabat,
2557 3606 2610 3653 et
2639 3614 2761 3654 cum
2790 3601 2889 3654 iter
2915 3610 3159 3671 agentem
3181 3602 3545 3668 observasset,
3576 3602 3773 3658 hostem

2183 3689 2426 3745 immittit
2458 3692 2508 3744 in
2542 3690 2772 3762 puellam
2805 3707 3045 3762 procum,
3079 3694 3401 3764 virginitatis
3426 3704 3695 3766 tamquam
3721 3695 3769 3749 in

2182 3782 2395 3837 deserto
2432 3784 2761 3854 praedonem.
2798 3787 3036 3856 Cumque
3079 3786 3191 3856 jam
3217 3787 3320 3841 iter
3350 3787 3657 3856 perﬁceret,
3686 3800 3768 3856 ge-

2182 3890 2390 3930 nerosa:
2439 3877 2633 3947 virgini
2675 3877 3022 3933 admissarius
3065 3894 3095 3933 a
3126 3888 3279 3949 tergo
3324 3894 3522 3949 procas
3567 3889 3622 3935 et
3657 3891 3773 3934 acer

2183 3965 2458 4036 indagator
2486 3977 2694 4037 captam
2721 3984 2838 4023 eam
2871 3983 2990 4025 esse
3011 3968 3120 4039 jam
3150 3969 3507 4037 inclamabat;
3536 3969 3766 4025 difllciles

2182 4057 2416 4129 undique
2446 4061 2709 4128 angustiae
2741 4061 3005 4130 urgebant
3033 4078 3047 4127 ;
3081 4061 3332 4117 robustus
3359 4071 3478 4116 erat
3503 4104 3519 4129 ,
3553 4061 3640 4131 qui
3666 4059 3768 4114 bel-

2181 4150 2287 4204 lum
2319 4149 2619 4216 inferebat;
2664 4151 2897 4218 infirma,
2927 4153 3010 4207 cui
3045 4152 3240 4208 bellum
3275 4151 3624 4207 inferebatur.
3649 4150 3765 4206 Ubi-

2183 4259 2303 4297 nam
2335 4242 2546 4313 aliquod
2577 4243 2650 4297 illi
2679 4257 2708 4296 a
2737 4243 2979 4315 perfugio
3011 4245 3103 4300 illo
3132 4243 3461 4315 perfugium?
3487 4246 3622 4300 Tum
3648 4258 3765 4297 vero

2181 4336 2234 4389 in
2265 4337 2453 4389 caelum
2485 4352 2742 4391 conversa
2773 4338 2921 4408 virgo
2953 4338 3019 4393 ad
3050 4355 3174 4394 eum
3206 4381 3220 4402 ,
3248 4339 3337 4409 qui
3379 4339 3633 4393 omnibus
3659 4335 3765 4391 ubis

2179 4441 2283 4496 que
2304 4428 2475 4498 ipsum
2504 4428 2872 4484 invocantibus
2888 4429 3056 4495 adest,
3075 4447 3194 4484 cum
3219 4430 3467 4484 lamentis
3486 4427 3763 4494 clamabat.

2177 4519 2396 4575 Domine
2419 4518 2558 4575 Deus
2586 4536 2726 4575 meus
2748 4563 2763 4588 ,
2794 4521 2848 4577 in
2869 4532 2914 4576 te
2943 4520 3184 4594 speravil
3221 4520 3363 4578 Prol.
3394 4521 3448 4575 7.
3478 4521 3637 4593 3):!“
3664 4548 3669 4553 -
