4088 6494
312 490 417 547 717

1398 482 1484 541 DE
1523 484 1793 543 SANCTA
1829 486 2102 547 TI‘IECLA
2144 486 2502 545 MARTYRE.

3493 488 3604 543 ’748

318 604 410 665 τὺιὶ
437 603 714 680 Δεσπότην
748 607 984 679 Χριστὸν
1017 607 1078 672 ἐξ
1109 607 1340 679 οὐρανοῦ
1372 608 1664 675 δεδωκότα,
1698 609 1904 679 πολλὰς
2009 610 2365 676 ἀναστάσει,
2389 610 2577 681 φησὶν,
2596 609 2736 664 οὔτε
2758 608 3075 680 γαμοῦσιν,
3106 608 3243 662 οὔτε
3274 609 3607 676 γαμίσκον-

317 707 451 776 αύτῇ
481 703 609 776 περὶ
635 703 830 775 γάμων
860 704 1141 768 νουθεσίας
1168 704 1603 776 ἐμακρολὸγουν·
1632 707 1666 777 ή
1689 707 1905 760 Παύλου
2009 725 2124 763 ται.
2159 708 2257 762 Διά
2297 707 2460 762 τοῦτο
2504 706 2600 761 καὶ
2632 705 2695 759 τὸ
2731 704 2932 776 πτῶμα
2967 703 3063 758 τοῦ
3095 704 3420 774 πράγματος
3454 706 3601 777 πάμι

315 801 372 857 δὲ
401 801 506 872 ἄρα
539 802 659 864 ταῖς
686 799 786 870 τῆς
821 800 992 871 κόρης
1030 800 1221 864 ἀκοαῖς
1252 801 1435 873 ἐπῳδὴ
1476 802 1797 873 προενήφει,
1840 802 1910 856 Ἦ

317 898 542 968 ἇγτιμος
569 878 720 968 [750]
743 894 1002 966 μεριμνᾷ
1033 897 1106 952 τὰ
1133 897 1241 952 τοῦ
1280 901 1518 966 Κυρίευ,
1554 898 1657 951 ἵνα
1691 892 1734 970 ᾖ
1769 898 1911 968 ἁγία

321 995 419 1049 καί
444 994 691 1063 σώματι,
726 995 825 1048 καί
852 994 1166 1064 πνεύματι.
1191 995 1462 1064 Στέφανος
1482 994 1581 1066 τῆς
1613 995 1910 1068 παρθενίας

320 1089 479 1152 εὐθύς
499 1106 513 1122 ·
546 1090 710 1152 αὐτὸς
737 1091 875 1161 αὐτῇ
924 1090 1140 1161 πρῶτος
1168 1090 1265 1161 τῆς
1298 1090 1572 1163 μερίμνης
1610 1091 1640 1144 ό
1671 1091 1870 1163 τρόπος
1891 1106 1907 1121 °

323 1189 565 1264 μεριμνᾷ
614 1186 723 1259 γὰρ
758 1186 1011 1255 εὐλογίας
1063 1186 1368 1259 ἀνάμεστον
1415 1188 1716 1259 μέριμναν,
1751 1205 1910 1260 μερι-

323 1285 430 1354 μνᾷ
481 1283 664 1353 πάσης
741 1283 1075 1355 ἀμεριμνίας
1128 1284 1568 1357 ἐλευθερωτέραν
1620 1284 1908 1357 φροντίδα,

325 1377 476 1455 ῖναῇ
520 1380 650 1449 ἀγία
696 1381 790 1434 καὶ
831 1380 1046 1452 σώματι
1094 1381 1187 1435 καὶ
1235 1380 1532 1451 πνεύματι.
1578 1380 1744 1434 Οὐδὲν
1776 1381 1912 1452 αὐτῇ

318 1479 515 1533 κοινὸν
533 1478 670 1549 πρὸς
699 1478 799 1550 τήν
826 1479 951 1549 γῆν,
978 1478 1204 1548 οὐδεμία
1236 1478 1371 1549 πρὸς
1397 1476 1643 1548 γαμικὰς
1671 1478 1921 1546 ἀνάγκας

323 1577 632 1645 συγγένεια,
694 1570 805 1629 οἷον
851 1574 1208 1646 πορνεύοντος
1261 1574 1595 1644 ἀνασχέσθαι
1645 1572 1878 1645 νυμφίου
1901 1615 1916 1641 ,

320 1673 558 1742 ὑποψίας
594 1672 827 1743 ματαίας
852 1672 1193 1741 ὑπενεγκεῖν,
1226 1671 1474 1738 ἐξουσίαν
1511 1670 1798 1742 χρησίμων
1823 1671 1920 1739 ἀφ-

320 1768 562 1840 ῃρῆσθαι
595 1768 862 1839 προόδων,
882 1768 1010 1840 περὶ
1037 1767 1243 1839 τροφῆς
1268 1765 1663 1831 διευθύνεσθαι,
1686 1783 1921 1838 κοσμου-

326 1869 496 1937 μένην
537 1863 981 1935 ζηλοτυπεῖσθαι,
1015 1862 1372 1918 διαπτύεσθαι
1403 1863 1532 1936 πρὶν
1570 1862 1730 1935 τέκῃ,
1786 1861 1919 1916 καθ-

318 1965 465 2034 άπερ
498 1961 652 2017 οὔπω
686 1961 933 2034 γαμετὴν
977 1962 1297 2034 γενομένην,
1329 1960 1597 2016 τεκοῦσαν
1640 1961 1778 2033 ὑπὲρ
1810 1960 1919 2014 τῶν

321 2061 500 2115 τόκων
532 2060 812 2133 εὑρίσκειν
867 2059 1216 2132 ἐγκλήματα.
1273 2059 1502 2131 Ἐτέχθη
1559 2076 1644 2123 τις
1686 2057 1920 2130 θήλεια;

321 2158 404 2211 ὅτι
437 2158 516 2229 μὴ
555 2157 743 2229 ἄρρεν,
772 2158 801 2210 ὁ
854 2157 997 2229 ἀνὴρ
1025 2156 1439 2229 σκυθρωπάζει.
1478 2154 1794 2228 Προσετέθη
1828 2155 1924 2208 καὶ

320 2254 492 2326 ἄρρεν
511 2270 527 2319 ;
547 2252 745 2324 ἐτέχθη
768 2253 830 2306 τὸ
858 2254 1070 2324 τεχθὲν,
1096 2254 1171 2317 ὡς
1196 2254 1299 2308 οὐκ
1324 2251 1620 2325 εὔμορφον.
1645 2250 1923 2321 Χαρίεντα

323 2353 460 2423 πρὸς
502 2351 703 2416 κάλλος
744 2352 1067 2423 ἀμφότερα;
1101 2352 1177 2416 ὡς
1228 2350 1371 2423 ὑπὲρ
1400 2350 1585 2405 καλῶν
1625 2352 1658 2422 ή
1703 2349 1925 2423 φροντὶς

320 2448 657 2521 πικροτέρα.
683 2448 1112 2519 Ἀπηλλάγησαν
1134 2448 1437 2517 γάλακτος;
1465 2445 1737 2512 διεδέξατο
1762 2445 1925 2499 πάλιν

318 2544 644 2615 ἀνατροφῆς
682 2545 926 2613 ἀγωνία·
978 2545 1109 2599 ὅταν
1170 2544 1480 2612 ὑγιαίνωσι,
1527 2541 1606 2613 μὴ
1659 2542 1926 2613 νοσήσωσι

322 2639 494 2709 φόϐος
515 2655 530 2669 ·
562 2640 693 2694 ὅταν
717 2640 1014 2712 νοσήσωσι,
1034 2639 1206 2693 δειλία
1240 2639 1315 2709 μή
1338 2638 1739 2709 τελευτήσωσιν
1760 2654 1773 2667 ·
1798 2637 1925 2690 ὅταν

321 2736 752 2809 τελευτήσωσιν,
793 2736 871 2801 ὡς
902 2736 989 2790 ἐπ’
1018 2736 1232 2806 άτέκνῳ
1260 2735 1448 2788 λοιπὸν
1495 2733 1717 2788 ἔσεσθαι
1754 2750 1928 2787 κατα-

325 2833 598 2906 φρόνησιν
639 2834 842 2903 φόϐος·
878 2835 1008 2888 ὅταν
1060 2833 1135 2905 μή
1169 2832 1604 2903 τελευτήσωσιν,
1663 2830 1739 2894 ὡς
1786 2831 1928 2902 ὑπὲρ

325 2929 555 2993 ζώντων
591 2932 624 3002 ὴ
667 2932 890 3002 φροντὶς
942 2930 1256 3002 βαρυτέρα,
1309 2928 1472 2982 πόθεν
1514 2930 1597 2992 εἰς
1648 2927 1930 2981 παίδευσιν

325 3027 572 3101 χορηγία
605 3029 719 3092 τοῖς
761 3028 977 3091 τέκνοις
998 3070 1013 3094 ,
1043 3026 1210 3081 πόθεν
1242 3026 1429 3090 αὐτοῖς
1465 3022 1706 3097 γαμικοῦ
1748 3042 1930 3096 παρα-

329 3126 504 3195 σκευὴ
546 3123 1034 3197 συναλλάγματος,
1074 3123 1239 3177 πόθεν
1281 3122 1610 3193 ἐσθημάτων
1652 3122 1929 3192 εὐσχημο-

330 3222 491 3294 σύνη.
512 3223 681 3277 πόθεν
706 3221 935 3276 οίκετῶν
958 3220 1173 3291 ἑκάστῳ
1196 3219 1447 3291 διανομὴ,
1473 3222 1601 3273 ποῖα
1623 3218 1732 3272 τῶν
1759 3218 1930 3271 ὄντων

324 3321 648 3393 προσνείμῃ
689 3318 767 3391 τῷ
821 3318 1064 3391 μείζονι,
1102 3317 1220 3382 πῶς
1257 3318 1349 3371 τὸν
1393 3315 1719 3388 μικρότερον
1766 3314 1930 3384 θερα-

328 3417 533 3471 πεύσει
567 3416 890 3487 φθονοῦντα.
936 3417 998 3473 Ἡ
1025 3416 1254 3485 ἄγαμος
1274 3414 1533 3485 μεριμνᾷ
1559 3415 1635 3470 τὰ
1666 3413 1774 3468 τοῦ
1807 3416 1929 3468 Κυ-

320 3514 489 3584 ρίου,
514 3514 617 3568 ἵνα
639 3508 684 3586 ᾖ
720 3514 860 3585 ἁγία
883 3513 981 3568 καί
1007 3513 1235 3583 σώματι
1266 3511 1364 3566 καί
1387 3511 1699 3581 πνεύματι.
1723 3510 1798 3564 Οὐ
1837 3510 1933 3564 τοῦ

329 3610 519 3682 γάμου
554 3610 855 3681 στηλιτεύω
885 3611 983 3683 τὴν
1028 3609 1193 3681 φύσιν
1214 3624 1229 3640 ·
1261 3608 1488 3681 πρόνοια
1509 3608 1618 3679 γὰρ
1650 3601 1807 3671 οὗτος
1837 3604 1933 3661 τοῦ

330 3707 530 3776 γένους
582 3709 775 3780 κοινή·
833 3706 973 3762 ἀλλά
1020 3706 1130 3761 τῶν
1177 3706 1235 3761 ἐν
1266 3707 1431 3778 γάμῳ
1485 3705 1796 3778 δημοσιεύω
1836 3704 1934 3777 τήν

274 3811 299 3827 ⁶
336 3804 655 3877 μέριμναν,
701 3805 978 3877 μερίμνης
1033 3803 1306 3877 σαρκικῆς
1345 3803 1597 3876 οὐράνιον
1635 3802 1937 3876 προτίθημι

336 3902 642 3974 μέριμναν,
669 3902 888 3956 κάλλιον
913 3900 1081 3956 καλοῦ
1111 3900 1385 3972 προτιμῶ.
1406 3897 1685 3971 Κρείττων
1708 3898 1802 3952 καὶ
1828 3897 1937 3952 τῶν

335 3998 484 4053 κατὰ
508 3999 611 4071 τῆς
628 3998 773 4064 Εῦας
802 4003 835 4070 ή
864 3998 1136 4071 παρθένος
1158 3997 1475 4070 προστίμων
1496 4013 1511 4027 ·
1547 3995 1610 4049 τὸ
1631 3997 1763 4068 γὰρ,
1781 3995 1939 4065 Πρός

334 4097 448 4152 τὸν
473 4097 667 4166 ἄνδρα
695 4111 813 4152 σου
846 4100 884 4167 ἡ
911 4095 1269 4167 ἀποστροφή
1300 4111 1440 4162 σου,
1467 4093 1566 4149 καὶ
1601 4095 1787 4161 αὑτός
1819 4111 1936 4148 σου

337 4194 652 4264 κυριεύσει
671 4237 685 4263 ,
748 4196 869 4259 ταῖς
925 4195 1058 4267 παρ’
1112 4192 1326 4266 ἀνδρῶν
1389 4190 1464 4265 μὴ
1512 4190 1939 4263 δεσποζομέναις

335 4292 671 4365 ἀνίσχυρον·
696 4292 778 4359 τὸ,
823 4293 927 4347 Ἐν
954 4294 1179 4361 λύπαις
1211 4292 1357 4362 τέξῃ
1403 4290 1607 4355 τέκνα,
1639 4291 1762 4355 ταῖς
1801 4306 1941 4361 παρ-

338 4391 704 4455 θενευούσαις
753 4390 959 4465 ἀργόν·
1010 4393 1044 4463 ή
1098 4390 1211 4464 γὰρ
1254 4391 1329 4463 μή
1382 4389 1648 4444 τίκτουσα
1683 4388 1784 4459 τῆς
1829 4387 1942 4442 τῶν

335 4488 614 4560 λυπηρῶν
641 4488 848 4543 ὠδίνων
897 4489 1056 4554 ἐκτὸς
1107 4488 1460 4559 ἀποφάσεως.
1488 4476 1630 4558 Ἤδη
1669 4487 1782 4551 τοῖς
1829 4484 1941 4540 τῶν

343 4585 660 4656 μελλόντων
686 4588 719 4658 ή
754 4586 1024 4658 παρθένος
1053 4587 1329 4659 ἐντρυφᾷς
1349 4584 1667 4658 άρῤαδῶσιν
1683 4600 1698 4615 ·
1734 4583 1838 4657 ήδη
1863 4580 1943 4654 τῷ

342 4683 448 4753 τῆς
506 4682 860 4747 ἀναστάσεως
905 4681 1169 4754 ἁγιασμῷ
1229 4683 1520 4745 συνοικεῖς.
1562 4680 1668 4736 Ἐν
1714 4679 1826 4750 γὰρ
1863 4676 1942 4749 τῇ

347 4942 361 4986 ί

2015 821 2181 877 μεγα,
2215 805 2515 876 ἐπειδήπερ
2547 804 2642 858 καὶ
2673 802 2735 856 τὸ
2778 801 3142 873 κατόρθωμα·
3179 800 3270 853 διὰ
3298 799 3460 855 τοῦτο
3502 802 3603 873 τῆς

2013 902 2428 972 πορνευομένης
2456 903 2490 971 ή
2524 902 2625 971 τῆς
2653 898 3136 972 παρθενευομένης
3173 897 3433 967 ἀσέλγεια
3471 916 3603 968 μια·

2018 997 2232 1072 ρωτέρα
2253 1013 2267 1028 ·
2291 999 2352 1051 οὐ
2383 997 2493 1069 γὰρ
2535 997 2650 1050 ἴσον
2684 996 3171 1068 παρθενευομένης
3207 996 3302 1048 καλ⁵
3344 1013 3607 1067 πορνευο-

2016 1094 2189 1166 μένης
2226 1094 2432 1165 φθορά·
2460 1093 2562 1146 οὐκ
2601 1093 2714 1147 ἴσον
2758 1091 3015 1156 ἰδιώτιδος
3047 1091 3144 1145 καὶ
3182 1090 3450 1163 βασιλίδος
3478 1091 3608 1161 φθο-

2018 1192 2120 1264 ρόι·
2150 1191 2252 1246 οὐκ
2282 1190 2399 1243 ἴσον
2423 1189 2649 1252 σκεύους
2677 1187 2954 1260 ἱερατικοῦ
2988 1187 3084 1241 καὶ
3115 1188 3374 1259 ἀγοραίου
3406 1187 3604 1258 κλοπή.

2015 1289 2221 1354 Σκεῦος
2254 1290 2364 1361 γὰρ
2398 1286 2674 1360 ἱερατικὸν
2711 1288 2745 1358 ή
2777 1285 3070 1357 παρθένος,
3100 1285 3391 1356 πορφυρὶς,
3413 1284 3480 1354 ἦν
3509 1284 3611 1336 οὐκ

2018 1386 2233 1454 ἔξεστιν
2258 1385 2403 1457 ἄλλῳ
2432 1383 2575 1456 πλὴν
2611 1383 2690 1455 τῷ
2723 1382 2832 1437 τῶν
2866 1383 3001 1437 ὅλων
3047 1381 3257 1453 βασιλεῖ
3291 1379 3611 1453 προσηρμό-

2020 1485 2169 1549 σθαι,
2199 1483 2388 1556 νύμφη
2420 1482 2598 1552 γάμον
2626 1480 2714 1534 ἀεὶ
2738 1479 3055 1551 κεκτημένη
3089 1477 3382 1551 παρθένον.
3406 1479 3470 1530 Ὢ
3502 1494 3609 1546 μα-

2018 1580 2230 1653 καρίων
2251 1579 2467 1649 γάμων,
2499 1572 2572 1631 ὧν
2603 1578 2637 1648 ή
2669 1575 2929 1647 στρωμνὴ
2959 1575 3249 1648 παρθενία.
3286 1574 3457 1646 ⁹Υπὲρ
3488 1571 3611 1626 τού-

2019 1695 2128 1733 των
2162 1677 2265 1748 τῆς
2319 1674 2598 1749 μακαρίας
2644 1676 2693 1727 οἱ
2743 1672 2979 1727 κίνδυνοι
3019 1672 3323 1745 μάρτυρος·
3355 1667 3462 1724 εἶδε
3503 1669 3613 1741 γὰρ

2021 1777 2116 1832 τοῦ
2142 1774 2380 1848 νυμφίου
2403 1771 2466 1826 τὸ
2500 1769 2719 1835 κάλλος,
2756 1770 2852 1823 καὶ
2879 1771 2978 1841 τῆς
3005 1768 3134 1833 θέας
3161 1769 3262 1821 ούκ
3287 1767 3573 1820 ἀπεσπᾶτο
3597 1781 3611 1794 ·

2022 1873 2277 1933 ἐπέκειτο
2313 1872 2496 1943 μήτηρ
2534 1867 2671 1939 πρὸς
2721 1865 2872 1939 [751]
2909 1866 3086 1938 γάμον
3136 1863 3456 1935 ἐπείγουσα,
3488 1863 3522 1933 ή
3556 1860 3616 1915 δὲ

2025 1971 2163 2044 πρὸς
2187 1970 2279 2024 τὸν
2307 1970 2365 2022 ἐν
2402 1968 2519 2031 τοῖς
2538 1966 2789 2037 οὐρανοῖς
2823 1963 3008 2019 διεϐόα
3045 1961 3279 2034 νυμφίον
3298 1980 3312 1993 ·
3354 1961 3512 2029 Πρὸς
3541 1957 3619 2012 σὲ

2023 2066 2139 2142 ἦρα
2167 2066 2310 2133 τοὺς
2334 2064 2683 2136 ὀφθαλμούς
2703 2079 2845 2133 μου,
2870 2064 2981 2116 τὸν
3009 2060 3406 2115 κατοικοῦντα
3434 2057 3506 2110 ἐν
3539 2052 3619 2120 τῷ

2025 2163 2293 2235 οὐρανῷ·
2341 2160 2609 2231 ἐπεφοίτα
2662 2158 2912 2230 μνηστήρ
2954 2155 3189 2221 διαλέξει
3228 2153 3441 2225 γαμικῇ
3476 2167 3618 2223 γαρ-

2026 2261 2290 2333 γαλίςων,
2327 2263 2361 2331 ή
2401 2259 2461 2313 δὲ
2489 2258 2568 2329 τῷ
2594 2255 2815 2330 Χριστῷ
2849 2255 2972 2310 καθ’
3009 2253 3207 2339 ἑαυτήν
3241 2250 3618 2313 συνετάττετο,

2041 2356 2371 2425 Ἐκολλήθη
2397 2358 2436 2426 ἡ
2471 2354 2643 2425 ψυχή
2661 2372 2782 2425 μου
2805 2355 2998 2408 ὀπίσω
3022 2367 3161 2419 σου,
3193 2350 3426 2420 λέγουσα
3448 2364 3461 2378 ·
3498 2364 3621 2401 συν-

2027 2458 2219 2530 έρρεον
2250 2440 2537 2524 συγγενεῖς
2569 2452 2982 2519 κολακεύοντες,
3019 2453 3053 2521 ἡ
3092 2449 3149 2503 δέ
3180 2444 3623 2519 διαμαρτυρόμε-

2028 2574 2118 2612 νον
2148 2552 2484 2624 ἐφαντάζετο
2514 2549 2728 2603 Παῦλον
2749 2564 2764 2580 ·
2809 2547 3191 2618 Ἠρμοσάμην
3220 2558 3294 2599 σε
3329 2541 3422 2597 ἐνί
3447 2538 3622 2608 ἀνδρί

2030 2652 2330 2721 παρθένον
2350 2648 2548 2719 ἁγνὴν
2571 2644 2961 2715 παραστῆσαι
2984 2642 3066 2709 τῷ
3085 2638 3320 2711 Χριστῷ
3337 2657 3348 2667 ·
3382 2638 3623 2691 ἱκέτευον

2029 2750 2241 2804 οἰκέται
2273 2750 2371 2802 σὺν
2419 2746 2712 2818 δάκρυσιν,
2757 2741 2879 2813 ή-δέ
2914 2739 3185 2812 προσῇδεν
3226 2733 3505 2809 ἐρωτικῶς
3544 2730 3624 2801 τῷ

2031 2845 2281 2917 νυμφίῳ·
2321 2844 2419 2909 Τίς
2458 2840 2616 2912 ἡμᾶς
2657 2839 2900 2910 χωρίσει
2938 2835 3058 2890 ἀπὸ
3093 2832 3206 2904 τῆς
3233 2833 3473 2903 ἀγάπης
3516 2828 3624 2883 τοῦ

2034 2942 2332 3013 Χριστοῦ;
2362 2940 2593 3010 ἐφόϐουν
2637 2935 2893 2992 δικασταὶ
2930 2933 3247 3007 τιμωρίαις,
3275 2932 3309 3004 ή
3337 2930 3392 2983 δὲ
3421 2928 3625 3000 φρονή-

2038 3057 2170 3111 ματι
2222 3038 2405 3101 πάσας
2462 3035 2758 3090 κατεπάτει
2794 3030 3018 3103 βοῶντι·
3068 3032 3131 3083 Ol
3178 3027 3468 3096 ἄρχοντες
3514 3024 3625 3077 οὐκ

2037 3137 2156 3191 είσὶ
2189 3136 2374 3205 φόϐος
2411 3131 2532 3186 τῶν
2564 3130 2805 3202 ἀγαθῶν
2826 3130 3034 3198 ἔργων,
3057 3125 3221 3181 ἀλλὰ
3255 3123 3374 3177 τῶν
3401 3119 3622 3176 κακῶν.

2049 3232 2139 3296 Ὦς
2167 3231 2224 3285 δὲ
2256 3230 2365 3284 ἔδει
2387 3228 2493 3283 κᾶν
2510 3229 2633 3291 ταῖς
2655 3227 2792 3288 ὁδοῖς
2814 3221 3114 3295 παρθενίας
3143 3218 3468 3292 ἀνδριάντας
3496 3218 3629 3270 ἁνα-

2039 3330 2230 3400 στῆναι
2284 3329 2351 3398 τῇ
2400 3324 2677 3397 μάρτυρι,
2707 3321 2921 3392 γίνεταί
2969 3339 3022 3374 τι
3072 3316 3314 3373 τοιοῦτον
3359 3318 3424 3387 τῇ
3474 3311 3628 3366 παιδὶ

2039 3424 2273 3497 πειρατή
2284 3421 2413 3495 ρῖον.
2447 3421 2724 3492 Ἀφεμένη
2748 3419 2851 3490 τῆς
2875 3417 3110 3489 κρίσεως
3138 3414 3237 3487 τήν
3258 3411 3473 3467 Παύλου
3506 3426 3630 3482 μετ-

2037 3522 2230 3577 εδίωκε
2256 3521 2456 3594 θήραν,
2484 3518 2583 3573 καὶ
2608 3519 2731 3581 ταῖς
2753 3517 2826 3587 φή
2835 3526 2965 3586 μαι’ς
2984 3515 3181 3585 όδηγου
3192 3512 3328 3585 μένη
3359 3507 3627 3580 κατεθάρ-

2039 3621 2125 3689 ρει
2150 3617 2245 3671 καὶ
2266 3616 2402 3671 ὁδῶν
2423 3611 2677 3685 ἀγουσῶν
2696 3612 2788 3666 ἐπὶ
2804 3612 3038 3665 Παῦλον.
3056 3610 3277 3682 Ἐτήρει
3309 3607 3366 3662 δὲ
3388 3605 3497 3677 ἄρα
3528 3605 3627 3673 τὴν

2039 3716 2210 3788 κόρην
2243 3712 2512 3778 διάϐολος,
2545 3711 2642 3764 καὶ
2672 3711 2920 3782 τηρήσας
2950 3707 3338 3779 όδοιποροῦσαν
3368 3705 3632 3771 ἐπιστρα-

2038 3811 2187 3865 τεύει
2215 3811 2309 3865 τὸν
2347 3810 2638 3881 μνηστῆρα
2669 3809 2736 3881 τῇ
2783 3807 2944 3879 κόρῃ,
2987 3805 3088 3876 τῆς
3127 3801 3426 3873 παρθενίας
3462 3799 3536 3862 ὡς
3571 3798 3632 3851 ἐν

2040 3906 2248 3982 ἐρημίᾳ.
2273 3905 2499 3980 λῃστήν.
2517 3905 2629 3958 Καὶ
2647 3903 2713 3977 δὴ
2732 3902 3018 3976 πληρούσῃ
3042 3900 3137 3973 τὴν
3166 3900 3283 3954 ὁδὸν
3309 3901 3376 3970 τῇ
3406 3894 3632 3966 γενναίᾳ

2044 4002 2381 4077 ἱππόπορνος
2404 4003 2634 4058 κατόπιν
2672 4003 2702 4055 ό
2734 4000 2984 4073 μνηστήρ
3014 3997 3297 4051 ὀπιπεύων
3324 3990 3630 4055 ὲπωλόλυζε

2044 4102 2307 4175 σύλληψιν
2322 4119 2336 4133 ·
2359 4100 2562 4173 ἄπορος
2584 4096 2923 4168 πανταχόθεν
2945 4095 3275 4167 στενοχωρία
3292 4110 3306 4125 ·
3324 4095 3353 4146 ὁ
3376 4089 3633 4161 πολεμῶν

2046 4199 2290 4272 ἰσχυρὸς,
2325 4199 2360 4271 ἠ
2391 4195 2776 4266 πολεμουμένη
2820 4193 3019 4266 σαθρά.
3049 4191 3161 4245 Ποῦ
3200 4206 3284 4254 τις
3323 4189 3382 4241 ἐν
3426 4182 3631 4257 ἐρημίᾳ,

2042 4298 2368 4370 καταφυγῆς
2409 4298 2735 4369 καταφυγή;
2779 4296 3091 4371 Στραφεῖσα
3122 4293 3179 4347 δὲ
3222 4292 3359 4364 πρὸς
3392 4284 3631 4361 ὀὐρανὸν

2042 4397 2077 4468 ἢ
2111 4393 2403 4467 παρθένος,
2452 4393 2590 4466 πρὸς
2628 4392 2721 4448 τὸν
2758 4394 2894 4447 πᾶσι
2939 4389 3219 4463 πανταχοῦ
3253 4391 3364 4451 τοῖς
3404 4384 3633 4441 καλοῦσι

2045 4492 2293 4564 παρόντα
2337 4492 2436 4546 σὺν
2479 4492 2751 4562 οἰμωγαῖς
2802 4489 3140 4554 ἀνωλόλυξε·
3184 4487 3363 4554 Κύριε
3409 4485 3443 4539 d
3489 4480 3635 4547 Θεός

2039 4609 2182 4663 μου,
2216 4590 2315 4646 ἐπὶ
2341 4590 2441 4645 σοί
2469 4588 2728 4659 ἤλπισα.
2760 4591 2777 4612 ⁴
2804 4592 2819 4611 ‘
2843 4591 2863 4611 ¹
