4088 6458
259 668 273 694 ο

305 484 410 538 749
1412 488 1506 543 DE
1547 489 1730 546 FATO
1769 489 1857 544 ET
1891 489 2379 552 PROVIDENTIA.
2421 497 2461 549 l.
3485 507 3585 564 ’7ὺο

311 610 2396 632 W
2439 611 3449 644 *ἪΔ
3452 637 3572 662 =

1717 749 2165 813 ADMONITIO.

299 869 454 925 Notis
480 867 746 928 Henricus
779 871 1036 938 Savilius,
1064 874 1118 928 in
1159 873 1406 929 oratione
1437 883 1592 931 sexta
1622 891 1691 932 ne
1724 879 1950 934 verbum
1984 881 2204 950 quidem
2229 897 2353 938 esse
2386 885 2453 939 de
2482 885 2596 940 l'ato
2635 889 3071 957 etprovidentia,
3107 891 3200 946 sed
3231 899 3399 948 totam
3441 896 3574 966 περὶ

296 964 745 1036 γαστριμαργίας
799 967 1104 1022 orationem
1164 982 1306 1032 esse,
1361 984 1468 1023 non
1531 972 1755 1026 omnino
1777 988 1967 1028 verum
1997 985 2130 1046 puto
2161 995 2174 1030 :
2208 992 2332 1031 nam
2369 993 2494 1033 cum
2534 980 2604 1034 ab
2633 980 2718 1036 his
2749 984 2961 1046 verbis.
2997 984 3347 1040 Comedamus
3392 996 3442 1041 et
3495 964 3579 1042 bi—

297 1055 530 1107 bamus:
561 1071 680 1109 cras
709 1058 849 1110 enim
895 1060 1204 1127 moriemur,
1235 1061 1540 1117 orationem
1588 1063 1710 1131 init,
1759 1065 1828 1120 ad
1868 1068 2068 1122 seriem
2098 1071 2509 1138 praemissarum
2551 1073 2864 1130 orationum
2913 1076 3155 1148 respicit,
3214 1093 3448 1148 quarum
3492 1095 3582 1134 ar-

295 1153 621 1215 gumentum
655 1156 741 1202 est
768 1157 969 1204 contra
1007 1164 1124 1218 eos,
1155 1151 1250 1221 qui
1280 1153 1468 1207 omnia
1495 1151 1611 1209 l‘ato
1640 1154 1899 1225 quopiam
1929 1166 1986 1212 et
2018 1174 2128 1214 non
2160 1160 2504 1230 providentia
2552 1161 2647 1217 Dei
2675 1164 2789 1235 geri
2817 1166 3122 1234 putabant;
3154 1168 3222 1222 ad
3254 1183 3350 1224 eos
3397 1179 3577 1225 autem

296 1239 439 1292 haud
469 1238 633 1293 dubie
661 1247 909 1309 spectant
942 1241 1058 1297 hac
1086 1244 1272 1310 verba,
1316 1243 1666 1304 Comedamus
1692 1260 1742 1303 et
1769 1249 2013 1306 bibamus
2041 1267 2062 1304 :
2095 1267 2214 1306 cras
2233 1255 2382 1307 enim
2413 1256 2742 1322 moriemur;
2780 1257 2896 1314 haec
2917 1268 3045 1315 sunt
3076 1259 3221 1316 dicta
3253 1276 3444 1317 eorum
3477 1266 3574 1334 qui

293 1331 565 1430 tato-term
589 1334 775 1430 omnia
795 1344 1006 1405 putant.
1043 1335 1200 1404 Quod
1227 1341 1396 1396 etiam
1431 1343 1672 1400 maxime
1703 1345 1985 1401 declarant
2013 1347 2130 1402 haec
2162 1349 2324 1418 paulo
2354 1359 2480 1419 post
2511 1351 2730 1407 initium
2750 1362 2920 1409 sextae
2949 1356 3126 1425 posita
3153 1358 3316 1412 verba
3345 1376 3358 1413 :
3393 1331 3579 1430 "Onsp

492 1421 586 1481 οὖν
613 1427 820 1498 ἔλεγον,
857 1429 938 1483 ὅτι
971 1431 1209 1500 μάλιστα.
1239 1434 1336 1504 μὲν
1384 1437 1431 1487 εἰ
1460 1437 1554 1489 καὶ
1586 1438 1707 1508 εἰκῇ
1737 1439 1832 1493 καὶ
1860 1440 2037 1512 μάτην
2089 1442 2578 1514 παραγεγόναμεν,
2610 1445 2732 1498 οὐδὲ
2778 1421 3068 1511 ἀνεῦθῦνος
3097 1450 3230 1520 ἡμῖν
3281 1451 3316 1520 ή
3347 1421 3573 1520 τοιαύτῆ

293 1519 517 1590 πρᾶξις,
548 1537 671 1591 quae
697 1531 844 1578 certe
876 1524 942 1578 ad
978 1524 1100 1580 illos
1135 1527 1456 1597 respiciunt,
1496 1530 1614 1599 qui,
1640 1529 1734 1586 Dei
1764 1533 2104 1602 providentia
2134 1535 2358 1606 rejecta,
2389 1535 2510 1593 fato
2548 1539 2733 1593 omnia
2773 1519 3126 1596 adscribunt.
3149 1540 3287 1596 Cum
3306 1519 3452 1612 ergo
3479 1519 3578 1613 per

295 1625 444 1672 totas
485 1619 731 1690 quinque
769 1623 982 1692 priores
1014 1626 1295 1683 orationes
1321 1635 1510 1682 contra
1544 1627 1718 1683 fatum
1749 1629 2200 1704 Chrysostomus,
2241 1634 2325 1688 vel
2361 1635 2406 1689 si
2438 1635 2565 1704 quis
2591 1637 2733 1692 alius
2762 1645 2954 1693 auctor
2984 1638 3075 1701 sit,
3111 1638 3486 1704 disseruisset,
3518 1639 3574 1694 in

291 1718 443 1857 sella
495 1725 899 1784 consequenter
946 1716 1060 1787 agit
1101 1727 1293 1774 contra
1332 1734 1428 1775 eos
1470 1723 1601 1791 qui,
1646 1723 1829 1776 omnia
1885 1723 1997 1779 fato
2047 1724 2172 1780 ferri
2214 1735 2503 1796 putantes,
2557 1729 2804 1798 nihilque
2836 1738 3130 1797 curantes,
3167 1731 3340 1786 ventri
3395 1731 3574 1790 indui-

292 1820 355 1857 ac
396 1815 513 1857 ant.

292 1815 513 1874 gebant.

359 1896 590 1953 Joannis
619 1899 783 1955 Checi
831 1901 1297 1974 Cantabrigiensis
1330 1904 1831 1974 interpretationem
1866 1907 2140 1974 Latinam,
2171 1910 2272 1966 etsi
2323 1926 2428 1966 non
2461 1911 2846 1984 inelegantem,
2877 1915 3006 1986 quia
3060 1931 3169 1969 non
3208 1929 3424 1984 semper
3459 1911 3570 1968 sibi

290 1995 601 2058 constabat,
624 2007 689 2048 .et
717 2011 978 2071 nonraro
1001 1997 1292 2053 aberrabat
1321 2014 1353 2053 a
1380 2015 1567 2069 sensu,
1606 2003 2272 2076 rejecimus._novamque
2305 2005 2640 2076 paravimus.

313 2195 666 2209 h——-—

1461 2290 1747 2354 SANCTI
1788 2292 2074 2354 PATRIS
2113 2291 2409 2353 NOSTRI

854 2444 1663 2561 JOANNIS
1737 2445 3081 2588 CERYSOSTOMI,

1253 2635 1771 2695 ARCIHEPISCOPI
1811 2635 2631 2708 CONSTANTINOPOLITANI,

631 2783 903 2926 DE
980 2788 1531 2939 FATO
1575 2795 1823 2934 ET
1887 2783 3287 2938 PROVIDENTIA

1511 3031 1990 3128 «arationes
2039 3014 2341 3125 ερας-(α).

1147 3357 1306 3443 DE
1350 3357 1653 3446 FATO
1698 3359 1847 3440 ET
1889 3350 2716 3442 PROVIDENTIA.

1729 3522 2152 3596 ww

1997 3665 2116 3733 plus
2163 3677 2322 3734 quam
2372 3675 2695 3733 pauperem,
2740 3654 3037 3730 principem
3078 3653 3195 3728 plus
3225 3668 3382 3728 quam
3411 3653 3595 3716 subdi~

1999 3765 2132 3819 tum,
2152 3755 2444 3809 multorum
2464 3753 2754 3808 liberorum
2774 3759 3046 3821 parentem
3072 3751 3189 3820 plus
3208 3765 3366 3821 quam
3380 3750 3599 3806 orbum;

1994 3863 2063 3904 nc
2089 3863 2178 3902 res
2205 3847 2259 3900 in
2285 3859 2443 3901 causa
2476 3859 2597 3900 esse
2623 3853 2890 3914 putemus,
2918 3842 3011 3896 sed
3043 3857 3155 3907 eos,
3187 3841 3278 3911 qui
3305 3841 3468 3896 rebus
3498 3855 3597 3909 ope

1994 3950 2225 4012 portune
2261 3940 2337 3994 uti
2369 3953 2536 4010 seque
2563 3937 2629 3992 ab
2655 3936 2800 3991 omni
2829 3950 3013 3990 errore
3044 3934 3273 3989 liberare
3305 3943 3597 4003 nequeunt.

1993 4033 2126 4089 Nam
2156 4032 2611 4104 perturbationem
2637 4040 2798 4101 atque
2827 4029 3107 4083 tumultum
3135 4043 3243 4082 non
3272 4025 3593 4082 temerarius

1995 4139 2178 4180 rerum
2209 4131 2437 4179 eventus
2457 4165 2472 4190 ,
2517 4121 2612 4177 sed
2643 4135 2742 4175 nos
2763 4163 2777 4188 ,
2810 4119 2904 4176 sed
2943 4119 3155 4173 animus
3183 4126 3369 4173 noster
3411 4131 3600 4186 parcre

1994 4217 2154 4272 solet.
2184 4216 2260 4270 Ita
2287 4217 2330 4270 si
2358 4215 2429 4270 sit
2467 4215 2559 4270 ille
2597 4213 2753 4270 nobis
2798 4223 2944 4268 recte
2987 4213 3347 4283 compositus,
3392 4209 3600 4264 etiamsi

1995 4317 2264 4364 sescentae
2309 4307 2546 4378 undique
2591 4313 2942 4377 tempestates
2985 4305 3307 4370 excitentur,
3357 4302 3410 4357 in
3457 4311 3602 4355 trau-

1995 4401 2164 4471 quilio
2192 4409 2246 4456 et
2272 4401 2327 4455 in
2362 4409 2516 4470 portu
2556 4415 2773 4470 semper
2817 4399 3164 4470 quiescemus
3195 4414 3211 4454 :
3245 4394 3598 4466 quemadmo-

1995 4491 2123 4547 dum
2153 4500 2339 4547 contra
2378 4492 2425 4548 si
2464 4507 2571 4546 non
2619 4491 2688 4546 sit
2731 4491 2869 4547 bene
2899 4488 3119 4544 aﬁ‘ectus
3143 4529 3159 4551 ,
3199 4485 3409 4542 etiamsi
3446 4484 3601 4538 nobis

1995 4599 2084 4640 res
2111 4585 2345 4641 secundo
2375 4593 2536 4640 vento
2558 4584 2817 4650 ferantur,
2842 4581 3112 4651 naufragis
3136 4580 3264 4650 ipsis
3286 4577 3453 4632 nihilo
3479 4592 3594 4631 me-

1995 4678 2100 4738 lius
2129 4678 2361 4734 erimus.
2390 4677 2543 4732 Licet
2582 4685 2637 4731 et
2667 4675 2769 4729 hoc
2797 4675 2848 4728 in
2878 4672 3194 4741 corporibus
3219 4684 3443 4725 cernere
3471 4686 3486 4726 :
3513 4669 3602 4738 qni

2000 4769 2146 4826 enim
2192 4769 2417 4824 robusto
2461 4776 2544 4822 est
2587 4766 2827 4835 corporis
2870 4770 3330 4834 temperamento,
3359 4761 3606 4832 quamvis

1999 4871 2118 4918 eum
2167 4859 2471 4931 inaequabili
2516 4859 2658 4915 aeris
2709 4857 2968 4913 varietate
3015 4854 3318 4910 sexcenties
3370 4863 3602 4923 pugnet,

1995 4968 2104 5009 non
2132 4952 2294 5008 modo
2322 4952 2456 5008 nihil
2478 4951 2604 5006 mali
2631 4949 2884 5021 patietur,
2908 4948 3002 5003 sed
3031 4947 3191 5003 etiam
3213 4945 3601 5002 exercitatione

1999 5055 2054 5106 et
2083 5046 2424 5118 intemperiei
2462 5043 2851 5101 consuetudine
2876 5042 3242 5098 accessionem
3280 5041 3489 5096 roboris
3519 5055 3606 5094 ac-

2000 5137 2162 5206 cipiet
2193 5154 2207 5192 :
2239 5136 2321 5192 sin
2352 5136 2678 5192 imbecillum
2707 5144 2761 5190 et
2783 5134 2984 5205 gracile
3007 5149 3203 5204 corpus
3230 5131 3442 5196 habeat,
3477 5131 3605 5186 licet

2001 5229 2203 5285 ontima
2249 5237 2626 5299 tempestatum
2671 5227 2978 5283 conditione
3032 5227 3258 5290 fruatur,
3306 5224 3438 5280 nihil
3481 5223 3604 5278 hinc

2002 5321 2275 5378 commodi
2324 5322 2582 5388 accedet,
2633 5337 2754 5376 cum
2803 5321 3015 5392 propria
3073 5318 3410 5374 imbecillitas
3462 5316 3603 5371 bona

2006 5425 2384 5486 tempestatum
2418 5416 2626 5472 ratione
2657 5415 2903 5470 laedatur.
2935 5415 3048 5468 lloc
3083 5413 3258 5481 ipsum
3295 5420 3348 5465 et
3376 5411 3427 5464 in
3467 5409 3604 5464 cibis

2005 5509 2309 5579 cernimus;
2342 5509 2555 5579 quando
2580 5507 2724 5564 enim
2750 5507 2960 5562 validus
2982 5506 3269 5572 ﬁrmusque
3292 5510 3477 5558 venter
3497 5513 3601 5567 est,

2011 5601 2383 5672 quodcumque
2425 5600 2757 5671 susceperit,
2795 5597 3136 5669 quantumvis
3164 5594 3389 5659 durum,
3429 5609 3601 5664 quan-

2013 5695 2207 5748 tumvis
2233 5693 2298 5748 ad
2325 5691 2764 5764 concoquendum
2790 5688 3009 5745 difﬁcile
3037 5689 3126 5752 sit,
3160 5686 3212 5740 in
3247 5701 3436 5755 purum
3471 5683 3601 5739 illud

2011 5799 2226 5839 succum
2257 5784 2542 5849 convertit,
2572 5780 2801 5837 naturali
2829 5779 3213 5849 temperatione
3242 5776 3344 5830 cibi
3374 5775 3603 5846 μηνίω-

2011 5885 2120 5930 tem
2148 5882 2433 5944 superante
2465 5890 2478 5926 :
2508 5871 2721 5943 quando
2745 5880 2922 5926 autem
2955 5870 3036 5924 vis
3057 5869 3174 5939 ejus
3197 5868 3369 5923 soluta
3399 5866 3602 5920 mollis—-

2010 5983 2116 6033 «,ue
2142 5981 2243 6032 cst.
2274 5967 2398 6022 licet
2424 5966 2470 6038 ip
2481 5965 2524 6022 si
2546 5965 2721 6022 cibum
2748 5962 2977 6019 maxime
2999 5961 3362 6019 succulentum
3385 5956 3596 6016 oderas:

1399 3233 1936 3269 -α--ῧ

1989 3234 2532 3270 μ-

960 3679 1152 3720 ORATIO
1191 3682 1227 3720 1.

354 3756 576 3810 Animus
601 3761 732 3808 recte
755 3757 1065 3826 compositus
1094 3758 1231 3811 solus
1258 3757 1392 3828 parit
1429 3756 1885 3829 tranquillitatem;

288 3850 488 3913 quinam
521 3847 650 3900 beati
674 3847 931 3904 censendi.
955 3879 1027 3888 ——
1052 3850 1229 3922 Multis
1257 3849 1453 3905 referta
1486 3860 1570 3906 est
1596 3851 1878 3920 perturba-

291 3938 525 3993 tionibus
544 3939 650 3992 vita
671 3948 873 4005 nostra,
899 3940 1317 4012 tumultibusque
1343 3941 1495 4010 plena
1522 3959 1536 3994 :
1567 3957 1749 3995 verum
1780 3955 1884 3994 non

292 4026 340 4080 in
392 4044 457 4082 eo
515 4028 640 4082 mali
680 4030 911 4098 gravitas
968 4031 1068 4085 sita
1127 4040 1243 4098 est,
1308 4031 1528 4097 dilecti;
1594 4030 1688 4086 sed
1737 4030 1792 4085 in
1821 4045 1886 4086 eo

291 4121 426 4188 quod
462 4136 590 4175 cum
633 4121 938 4192 hujusmodi
971 4123 1401 4192 perturbationes
1441 4133 1601 4194 atque
1632 4123 1886 4178 tumultus

291 4213 369 4265 vel
399 4212 631 4268 leviores
661 4213 876 4269 efﬁcere
906 4216 986 4270 vel
1014 4216 1130 4270 sine
1157 4215 1404 4272 molestia
1429 4215 1570 4272 ferre
1597 4215 1884 4285 possimus,

292 4315 544 4360 neutrum
593 4321 778 4359 eorum
827 4306 1038 4374 assequi
1084 4322 1362 4373 conamur,
1393 4307 1488 4363 sed
1518 4321 1617 4362 nos
1654 4321 1888 4363 maerore

292 4397 661 4464 conﬁcientes,
694 4406 862 4452 totum
885 4398 1007 4454 vita:
1039 4407 1248 4469 tempus
1273 4399 1514 4470 degimus
1539 4415 1553 4453 :
1577 4407 1734 4469 atque
1753 4397 1889 4453 alius

292 4497 681 4559 paupertatem,
712 4490 850 4545 alius
878 4490 1246 4559 aegritudinem
1277 4492 1518 4561 queritur
1543 4533 1558 4558 ,
1583 4490 1718 4545 alius
1743 4490 1891 4544 solli-

291 4580 545 4635 citudinis
574 4582 791 4648 molem,
825 4582 962 4637 alius
991 4581 1072 4638 rei
1103 4581 1385 4639 familiaris
1414 4598 1629 4648 curam,
1655 4582 1793 4638 alius
1820 4582 1888 4636 li-

301 4670 544 4726 berorum
575 4672 944 4729 educationem
964 4715 978 4741 ,
1011 4675 1147 4730 alius
1176 4675 1480 4748 orbitatem.
1509 4677 1590 4730 Ac
1614 4675 1737 4730 vide
1761 4674 1891 4730 insi-

304 4777 450 4831 gnem
491 4765 782 4819 amentiam
809 4783 823 4819 :
849 4781 957 4822 non
985 4766 1129 4822 enim
1172 4767 1360 4822 iisdem
1400 4769 1456 4822 in
1487 4768 1683 4834 rebus,
1711 4767 1804 4823 sed
1837 4768 1888 4822 in

307 4856 581 4910 zontrariis
607 4872 760 4926 teque
782 4857 1047 4928 lugemus.
1072 4859 1230 4929 Atqui
1259 4859 1303 4914 si
1331 4875 1510 4914 rerum
1536 4859 1770 4914 conditio
1797 4874 1894 4914 no-

296 4944 376 5001 bis
420 4962 580 5002 causa
623 4947 794 5004 luctus
823 4957 998 5015 esset,
1031 4964 1138 5005 non
1185 4965 1279 5020 par
1325 4959 1466 5006 esset
1514 4951 1566 5004 in
1610 4950 1894 5006 contrariis

297 5035 462 5090 rebus
494 5053 647 5108 aeque
678 5038 861 5109 lugere
891 5058 904 5094 :
937 5039 1033 5096 sed
1056 5040 1101 5095 si
1123 5049 1406 5112 paupertas
1436 5042 1636 5096 maium
1659 5041 1895 5112 illudque

301 5128 639 5188 intolerabile
667 5141 838 5200 esset,
867 5146 989 5188 eum
1017 5133 1107 5204 qui
1139 5133 1195 5188 in
1224 5133 1426 5189 divitiis
1465 5135 1700 5202 viveret,
1734 5151 1891 5190 num-

299 5236 459 5289 quam
491 5223 719 5277 cruciari
749 5233 1056 5293 oporteret;
1088 5233 1142 5280 et
1166 5225 1214 5281 si
1243 5225 1446 5280 orbitas
1473 5234 1616 5281 esset
1655 5227 1852 5281 malum
1878 5266 1894 5282 .

303 5313 593 5370 multorum
643 5316 934 5372 liberorum
983 5327 1258 5388 parentem
1311 5320 1655 5390 tranquillum
1702 5320 1898 5390 degere

303 5418 400 5472 par
431 5417 595 5461 esset.
624 5409 832 5464 Rursus
859 5411 904 5466 si
932 5411 1316 5481 rempublicam
1343 5413 1721 5468 administrare
1742 5456 1757 5480 ,
1803 5414 1900 5468 bo-

307 5496 532 5551 noribus
581 5498 718 5567 l‘rui,
771 5502 1074 5571 multosque
1122 5505 1364 5559 subditos
1418 5505 1615 5559 habere
1663 5505 1901 5576 Optabilc

307 5594 470 5652 esset,
498 5589 603 5644 vita
635 5592 862 5662 negotiis
884 5608 1048 5648 vacua
1071 5603 1124 5648 et
1152 5595 1436 5665 tranquilla
1459 5595 1707 5665 fugienda
1736 5606 1901 5663 essm,

297 5685 351 5733 et
385 5681 645 5737 omnibus
672 5683 794 5737 odio
825 5682 1088 5739 habenda.
1115 5684 1268 5740 Nunc
1293 5701 1425 5742 vero
1464 5702 1584 5740 cum
1615 5687 1797 5741 videas
1829 5667 1906 5742 Io;-

299 5768 550 5836 cupletes
593 5783 647 5828 et
694 5785 878 5830 tenues
921 5791 1073 5848 reque
1121 5777 1334 5848 lugere,
1365 5778 1580 5833 divitem
1610 5795 1736 5834 vero
1762 5794 1906 5849 saepe

317 5901 453 6018 milli)
465 5905 626 5957 Cellati
650 5923 758 5958 cum
783 5910 951 5962 Codice
968 5911 1243 5963 Colbertino
1265 5912 1342 5974 49,
1363 5916 1443 5978 qui
1470 5926 1565 5963 non
1591 5913 1798 5962 multum
1821 5926 1901 5963 va-
