4088 6432
571 448 666 504 75!

568 563 621 619 in
659 578 947 634 pessimum
976 562 1123 619 illum
1153 566 1450 615 commutat
1474 565 1634 626 atque
1665 552 1980 622 corrumpit,
2006 550 2174 604 imbe-

574 659 795 712 cillitate
821 657 934 727 ejus
966 655 1071 709 vim
1101 653 1206 708 cihi
1232 651 1606 707 labefactante.
1638 649 1822 718 Itaque
1851 657 1906 702 ct
1931 661 2029 701 nos
2051 660 2171 700 eum

573 751 817 804 videmus
843 763 929 802 res
955 745 1335 816 incompositas
1355 787 1370 812 ,
1402 760 1470 798 ne
1501 744 1668 798 Deum
1695 743 1972 812 culpemus
1991 783 2006 807 ,
2035 740 2172 795 dile-

573 842 680 896 cti:
719 839 849 894 illud
876 839 1020 894 enim
1050 853 1159 893 non
1195 845 1279 893 est
1319 835 1617 893 remedium
1659 835 1902 890 invenire
1932 833 2169 899 vulneri,

573 933 666 988 sed
697 933 889 987 vulnus
909 932 1109 987 addere
1136 930 1364 986 vulneri.
1390 928 1469 985 Ne
1499 928 1831 984 dtemonibus
1860 927 2042 982 mundi
2073 926 2172 981 ad-

575 1025 1022 1079 ministrationem
1062 1024 1445 1089 attribuamus,
1481 1038 1549 1078 ne
1577 1023 1860 1092 prtesentia
1904 1022 2020 1076 sine
2048 1035 2172 1090 pro-

570 1116 804 1172 videntia
844 1114 958 1188 geri
1006 1128 1286 1187 putemus,
1322 1132 1388 1170 ne
1415 1115 1627 1188 genesis
1664 1114 1942 1186 cujusdam
1986 1123 2042 1170 et
2082 1114 2174 1167 fati

574 1209 914 1280 tyrannidem
941 1209 1032 1264 Dei
1066 1210 1417 1280 providentizn
1447 1225 1547 1265 ceu
1581 1224 1794 1264 murum
1836 1207 2124 1264 oll‘eramus
2155 1224 2168 1260 :

573 1301 688 1356 hinc
711 1303 854 1358 enim
882 1303 1062 1357 omnia
1092 1302 1441 1374 blasphemiae
1467 1302 1624 1372 plena
1647 1309 1790 1367 sunt,
1822 1311 1878 1355 et
1902 1314 2028 1355 vere
2054 1314 2175 1369 pcr-

574 1392 806 1448 turbatio
845 1402 902 1450 et
945 1395 1187 1449 confusio
1233 1409 1340 1449 non
1381 1395 1435 1448 iu
1465 1409 1644 1450 rerum
1675 1392 1819 1447 ﬂuxu
1845 1399 1964 1458 est,
1994 1391 2086 1446 sed
2120 1392 2172 1446 in

573 1483 753 1538 animo
785 1484 856 1538 ita
888 1484 1110 1552 affecto;
1150 1485 1241 1557 qui
1267 1485 1477 1540 etiamsi
1507 1483 1650 1540 bono
1671 1483 1860 1539 ordine
1881 1493 1934 1538 et
1955 1499 2176 1552 compo-

573 1577 769 1632 sitionc
795 1594 975 1634 rerum
1005 1579 1200 1634 millies
1229 1579 1463 1644 fruatur,
1487 1577 1660 1634 donec
1687 1577 1743 1634 in
1785 1577 1964 1647 seipso
1985 1577 2173 1633 confu-

571 1672 777 1728 sionem
807 1673 951 1728 illam
977 1681 1139 1744 atque
1164 1673 1618 1744 perturbationem
1650 1672 2034 1737 emendaverit,
2065 1687 2171 1726 non

571 1765 769 1834 poterit
792 1765 860 1820 de
891 1765 979 1819 illa
1011 1781 1192 1821 rerum
1223 1766 1604 1836 tranquillitate
1624 1765 1888 1836 gaudere;
1913 1765 2006 1820 sed
2034 1767 2173 1819 sicut

573 1857 763 1912 oculus
786 1873 927 1928 aeger
956 1861 1122 1914 etiam
1167 1850 1379 1914 lucente
1417 1857 1642 1913 meridie
1683 1857 1930 1913 tenebras
1971 1866 2027 1911 et
2069 1857 2171 1910 alia

573 1964 676 2020 pro
702 1951 822 2006 aliis
845 1951 1076 2017 videbit,
1111 1968 1210 2008 nec
1239 1952 1404 2007 radiis
1432 1951 1663 2019 fruetur,
1689 1965 1853 2006 sanus
1886 1959 2065 2005 autem
2109 1965 2173 2004 ac

573 2042 760 2097 firmus
789 2044 947 2097 etiam
978 2059 1200 2113 vespere
1243 2044 1442 2116 poterit
1483 2058 1679 2115 corpus
1715 2058 1839 2098 cum
1882 2043 2171 2098 securitate

572 2135 772 2191 ducere
802 2155 814 2191 :
845 2137 922 2192 sic
959 2146 1016 2192 et
1061 2138 1256 2192 mentis
1283 2146 1485 2193 nostra:
1521 2137 1706 2192 oculus
1729 2177 1746 2203 ,
1776 2136 1950 2191 donec
1986 2136 2172 2189 firmus

574 2229 696 2296 erit,
726 2245 813 2284 res
837 2230 995 2283 etiam
1027 2230 1164 2296 illas,
1191 2246 1310 2301 quae
1335 2230 1570 2286 confusae
1599 2239 1892 2300 apparent,
1922 2235 2070 2284 recte
2095 2229 2174 2282 vi-

570 2322 754 2388 debit;
804 2323 1121 2393 depravatus
1160 2333 1376 2390 autem,
1417 2322 1664 2395 quamvis
1703 2338 1824 2377 eum
1880 2321 1934 2376 in
1997 2321 2170 2390 ipsum

569 2415 758 2470 cadum
786 2416 1022 2482 attollas,
1056 2417 1280 2471 multam
1311 2416 1384 2472 ibi
1413 2415 1876 2486 perturbationem
1901 2421 1956 2468 et
1983 2411 2172 2467 confu-‘-

571 2507 779 2561 sionem
801 2506 1191 2577 deprehendet.
1214 2506 1367 2574 Quod
1390 2516 1569 2562 autem
1597 2505 1714 2560 haec
1735 2505 1806 2560 ita
1833 2519 1891 2560 se
1915 2503 2168 2569 habeant,

573 2599 754 2654 multis
795 2600 889 2654 tibi
939 2616 1060 2655 cum
1092 2610 1356 2665 veterum,
1394 2607 1502 2654 tum
1545 2598 1648 2654 aevi
1695 2597 1867 2654 nostri
1905 2595 2170 2665 exemplis

568 2689 970 2746 demonstrabo.
988 2692 1127 2760 Quot
1149 2701 1510 2763 paupertatem
1531 2691 1687 2747 facile
1706 2691 1903 2758 ferunt,
1926 2698 2171 2760 propter-

568 2799 736 2855 eaque
767 2785 874 2839 Deo
917 2785 1114 2856 gratias
1155 2801 1314 2856 agerc
1359 2801 1464 2840 non
1508 2787 1760 2842 cessant?
1803 2795 1935 2858 quot
1971 2784 2171 2840 divitiis

569 2879 882 2950 deliciisque
931 2879 1167 2936 fruentes
1196 2881 1307 2935 Deo
1336 2897 1444 2935 non
1473 2882 1672 2952 gratias
1698 2891 1863 2952 agunt
1882 2924 1896 2948 ,
1930 2881 2024 2938 sed
2070 2882 2169 2948 ipsi

569 2973 928 3030 maledicunt?
952 2983 1082 3045 quot
1111 2975 1242 3030 nihil
1273 2990 1436 3046 grave
1462 2975 1605 3045 passi
1639 2975 1994 3031 universalem
2024 2974 2170 3030 illam

569 3066 960 3136 providentiam
1001 3068 1302 3124 accusant?
1341 3079 1470 3140 quot
1501 3069 1554 3124 in
1585 3084 1804 3125 carcere
1848 3068 1994 3124 omni
2037 3077 2170 3123 tern-

573 3173 703 3229 pore
731 3158 988 3230 degentes
1008 3203 1022 3227 ,
1059 3159 1200 3216 hanc
1227 3161 1501 3217 miseriam
1529 3163 1736 3233 gratius
1760 3161 1938 3218 ferunt
1960 3204 1974 3228 ,
2009 3177 2168 3233 quam

568 3250 603 3305 ii
630 3254 718 3322 qui
749 3252 803 3306 in
833 3251 1082 3309 libertate
1107 3261 1162 3309 ct
1196 3255 1489 3310 securitate
1527 3255 1693 3310 vitam
1738 3255 1975 3310 ducunt?
2007 3255 2169 3310 Vides

567 3343 761 3399 animae
803 3351 1035 3411 statum,
1084 3354 1138 3400 et
1189 3346 1461 3416 propriam
1511 3346 1771 3418 cujusque
1813 3359 2082 3414 mentem,
2116 3357 2170 3403 et

569 3435 759 3490 horum
787 3445 841 3492 et
869 3437 1084 3492 illorum
1111 3453 1327 3494 causam
1353 3453 1474 3494 esse
1492 3480 1506 3508 ,
1531 3454 1639 3494 non
1677 3449 1854 3495 autem
1883 3440 2052 3509 ipsam
2078 3456 2168 3496 rc-

567 3545 686 3586 t'um
717 3541 983 3586 naturam.
1017 3531 1201 3603 Itaque
1228 3534 1274 3588 si
1309 3533 1474 3588 animi
1512 3533 1680 3588 nostri
1712 3549 1895 3589 curam
1937 3533 2168 3590 habere-

567 3639 723 3693 mus,
768 3625 902 3680 nihil
943 3625 1394 3696 perturbationis,
1442 3625 1576 3682 nihil
1622 3626 1981 3691 confusionis,
2032 3627 2166 3684 nihil

566 3733 733 3790 grave
758 3727 930 3789 esset,
959 3720 1169 3776 etiamsi
1200 3719 1389 3790 euripo
1418 3721 1606 3790 quovis
1642 3720 2017 3776 vehementius
2044 3721 2168 3777 vita:

569 3820 768 3868 nostra:
811 3828 899 3868 res
941 3828 1034 3869 sus
1078 3812 1252 3883 deque
1294 3813 1579 3869 ferrentur.
1603 3812 1712 3869 Cur
1740 3815 1917 3882 enim,
1947 3829 2164 3885 qureso,

571 3904 768 3961 Paulus
807 3907 1006 3977 gratias
1051 3908 1197 3979 agit?
1239 3907 1400 3980 Atqui
1431 3908 1478 3964 is
1504 3924 1535 3963 e
1566 3922 1792 3965 numero
1835 3923 2022 3965 eorum
2048 3917 2164 3977 est,

569 3997 662 4066 qui
701 3999 901 4066 optime
930 4000 1219 4068 vixerunt,
1247 4009 1303 4056 et
1332 4000 1583 4056 virtutem
1621 4009 1734 4057 toto
1775 4001 1898 4057 vita:
1924 4009 2169 4071 tempore

569 4090 758 4145 sectati
781 4100 925 4159 sunt,
947 4099 1002 4147 et
1021 4091 1242 4148 minime
1260 4093 1441 4164 gravia
1463 4093 1766 4164 huiusmodi
1788 4093 2122 4164 pertulerunt
2149 4110 2164 4148 :

569 4197 731 4238 nemo
760 4199 827 4238 ex
855 4183 1125 4252 omnibus,
1149 4187 1239 4257 qui
1269 4185 1438 4242 solem
1458 4185 1840 4257 adspexerunt,
1866 4187 1953 4241 vel
1975 4187 2169 4256 justior

569 4275 661 4328 illo
692 4275 809 4342 fuit,
842 4275 927 4332 vel
953 4278 1226 4346 asperiora
1256 4293 1416 4348 quam
1447 4278 1539 4335 ille
1565 4294 1759 4349 passus
1783 4289 1885 4334 est.
1914 4282 2166 4333 Attamen

569 4383 690 4422 cum
714 4368 919 4425 videret
938 4369 1135 4426 multos
1159 4371 1215 4426 in
1241 4371 1478 4442 nequitia
1501 4373 1742 4428 viventes
1770 4372 1893 4428 laeto
1914 4383 2036 4429 esse
2054 4372 2170 4426 ani-

570 4477 660 4518 mo
682 4505 697 4527 ,
725 4479 790 4518 ac
826 4466 1185 4534 praesentibus
1215 4465 1319 4522 frui
1349 4469 1595 4538 pecuniis
1621 4508 1636 4535 ,
1668 4469 1866 4540 gratias
1894 4470 2011 4541 ipse
2055 4471 2168 4525 Deo

570 4556 781 4626 agebat,
810 4565 866 4613 et
889 4558 1024 4615 alios
1053 4568 1109 4615 ut
1129 4560 1274 4615 idem
1297 4559 1541 4617 facerent
1559 4562 1896 4618 hortabatur.
1912 4561 1994 4618 Ad
2015 4562 2164 4617 illum

569 4650 840 4719 respicite.
868 4652 936 4708 Et
965 4661 1021 4708 tu
1049 4667 1174 4708 cum
1200 4653 1400 4710 videris
1444 4653 1749 4726 improbum
1787 4655 1911 4710 Ireto
1954 4654 2166 4722 animo,

570 4739 769 4794 elatum
791 4783 807 4808 ,
834 4757 956 4797 cum
988 4743 1190 4801 videris
1220 4745 1466 4801 inimicos
1497 4755 1925 4817 prosternentem
1946 4789 1962 4815 ,
1996 4746 2168 4802 mole-

570 4841 684 4886 stos
703 4833 805 4887 sibi
825 4834 1070 4892 homines
1092 4838 1460 4902 ulciscentem,
1484 4839 1613 4893 nulli
1636 4838 1924 4894 obnoxium
1949 4839 2167 4906 damno,

573 4924 1069 4986 circumfluentibus
1095 4931 1331 5003 undique
1356 4931 1576 4998 divitiis,
1601 4932 1886 4988 clientibus
1908 4941 1961 4989 et
1980 4933 2170 4990 adula~

575 5017 782 5074 toribus
812 5020 1062 5090 stipatum
1084 5065 1099 5089 ,
1127 5031 1178 5079 te
1209 5039 1337 5079 vero
1361 5024 1412 5078 in
1437 5033 1578 5079 statu
1608 5039 1830 5094 prorsus
1863 5025 2165 5093 contrario,

572 5112 855 5178 molestiis,
883 5115 1269 5185 sycophantiis,
1301 5116 1507 5173 insidiis
1537 5117 1836 5186 obsessum,
1862 5133 1992 5173 eave
2012 5125 2168 5188 putes

570 5219 690 5261 esse
731 5214 782 5262 te
819 5221 886 5261 ex
926 5205 1255 5276 abjectorum
1296 5223 1550 5276 numero;
1598 5209 1691 5265 sed
1733 5209 1954 5264 Paulum
1983 5210 2169 5266 videns

569 5300 758 5356 eadem
803 5301 855 5355 in
900 5309 1050 5372 parte
1095 5311 1400 5358 versantem
1427 5343 1442 5369 ,
1479 5303 1626 5374 erige
1666 5304 1900 5358 animum
1927 5346 1941 5369 ,
1975 5319 2168 5359 revoca

570 5393 922 5463 cogitationes
943 5437 958 5463 ,
993 5409 1062 5450 ne
1088 5410 1199 5466 prae
1227 5409 1459 5450 mterore
1488 5395 1724 5452 decidas.
1767 5397 2012 5452 Amicum
2057 5399 2170 5452 Dco

569 5494 729 5555 atque
759 5484 969 5542 hostem
1001 5487 1118 5557 ejus
1146 5503 1214 5542 ne
1238 5502 1304 5542 ex
1331 5487 1493 5543 rebus
1514 5489 1790 5559 prosperis
1815 5499 1904 5543 aut
1924 5489 2171 5544 adversis

570 5579 813 5642 mstima;
865 5580 958 5635 sed
1009 5580 1054 5634 si
1099 5580 1298 5636 videris
1341 5583 1664 5652 quempiam.
1691 5588 1838 5637 recte
1883 5583 2167 5650 viventem,

573 5672 996 5744 wgritudineque
1040 5689 1264 5731 vacuum
1310 5675 1376 5729 ad
1427 5676 1678 5745 pietatem
1724 5687 1998 5746 spectare,
2029 5677 2171 5732 hune

575 5759 790 5816 beatum
818 5773 871 5818 et
897 5764 1238 5821 aemulatione
1263 5766 1480 5837 dignum
1505 5775 1649 5836 puta,
1674 5768 1881 5823 etiamsi
1904 5769 2172 5823 sexcentis

577 5853 805 5907 vinculis
857 5856 1272 5925 constringatur,
1305 5858 1358 5911 in
1385 5873 1601 5914 carcere
1641 5868 1896 5928 perpetuo
1938 5859 2166 5922 habitet,

578 5943 813 6014 indignis
845 5946 1063 6014 serviat,
1090 5963 1291 6014 pauper
1321 5951 1420 6015 sit,
1455 5951 1504 6004 in
1538 5951 1772 6007 metallis
1801 5951 2004 6009 laboret
2029 5995 2043 6016 ,
2078 5963 2170 6010 aut

1323 440 1380 497 s.
1420 439 1698 497 JOANNIS
1726 430 2201 494 CIIRYSOSTOMI
2254 429 2573 486 Aittllill-IP.
2611 433 3142 494 coxsrxmrxoe
3766 447 3851 502 τω

2279 551 2422 605 aliud
2462 551 2732 622 quidpiam
2764 569 2924 624 grave
2967 558 3213 626 patiatur.
3245 558 3434 614 Beatus
3473 563 3621 617 enim
3649 564 3733 620 ille
3756 577 3845 632 est,

2278 643 2486 697 etiamsi
2514 644 2612 714 ipsi
2634 646 2770 700 oculi
2795 650 3191 719 cxsculpantur,
3209 652 3414 707 etiamsi
3437 664 3644 722 uratur,
3663 658 3848 712 etiamsi

2279 750 2477 806 corpus
2518 737 2634 806 ejus
2681 740 2935 808 paulatim
2978 754 3342 799 consumatur.
3371 746 3426 801 Si
3454 758 3637 803 autem
3675 751 3848 806 videris

2277 829 2440 884 alium
2468 831 2518 884 in
2552 831 2788 898 lascivia,
2820 835 3050 905 nequitia
3079 840 3441 910 extremisque
3467 843 3758 899 sceleribus
3780 848 3850 898 vi-

2277 929 2513 988 ventem,
2541 938 2735 993 magno
2769 924 3030 980 fruentem
3055 927 3260 984 honore
3281 973 3294 996 ,
3325 931 3377 984 in
3405 932 3578 1001 ipsum
3616 933 3843 989 thronum

2277 1013 2482 1083 regium
2509 1016 2910 1083 ascendentem,
2942 1019 3240 1075 diademate
3268 1023 3572 1080 redimitum
3595 1068 3609 1091 ,
3637 1043 3849 1098 purpura

2279 1107 2520 1162 indutum
2541 1148 2556 1174 ,
2589 1111 2839 1166 universo
2881 1111 2996 1167 orbi
3045 1113 3393 1184 imperantem
3415 1159 3428 1183 ,
3460 1117 3781 1191 lacrytuare,
3807 1133 3849 1174 et

2277 1200 2424 1255 illum
2453 1201 2574 1257 ideo
2598 1204 2855 1259 miserum
2885 1215 3094 1278 reputa.
3119 1207 3262 1263 Nihil
3288 1210 3430 1264 enim
3464 1206 3715 1268 miserius
3750 1215 3850 1267 aui-

2276 1310 2366 1350 mo
2407 1297 2478 1352 ita
2521 1299 2714 1354 affecto
2739 1342 2754 1367 ,
2797 1301 3006 1356 etiamsi
3040 1312 3206 1358 totum
3243 1304 3428 1360 orbem
3459 1306 3560 1361 sibi
3600 1307 3846 1364 subditum

2276 1391 2490 1448 habeat.
2531 1394 2670 1461 Quid
2714 1396 2856 1450 enim
2902 1397 3252 1454 emolumenti
3300 1401 3542 1470 pecuniis
3599 1401 3847 1456 abundare

2276 1498 2422 1550 eum,
2447 1486 2536 1555 qui
2563 1486 2706 1556 quod
2733 1487 2799 1542 ad
2829 1489 3079 1543 virtutem
3104 1499 3307 1559 spectat
3334 1493 3572 1546 omnium
3601 1495 3846 1563 pauperri-

2276 1591 2396 1631 mus
2441 1579 2547 1632 sit?
2573 1579 2700 1650 quid
2731 1579 2865 1634 lucri
2908 1590 2987 1635 tot
3014 1583 3141 1638 viris
3178 1583 3442 1653 imperare
3470 1601 3625 1650 eum,
3656 1585 3737 1656 qui
3762 1601 3845 1640 nec

2275 1671 2510 1741 seipsum
2541 1687 2641 1727 nec
2668 1673 2887 1729 morbos
2915 1675 3080 1730 animi
3118 1676 3200 1731 sui
3237 1691 3493 1747 superare
3518 1678 3729 1748 nequit?
3757 1678 3843 1732 Ve-

2275 1779 2394 1819 rum
2424 1765 2468 1818 si
2499 1764 2773 1821 videamus
2798 1781 2994 1836 corpus
3026 1769 3166 1824 male
3193 1769 3476 1837 allectum,
3524 1770 3840 1834 febricitans,

2275 1857 2500 1926 pedibus
2527 1858 2801 1926 laborans,
2833 1867 2928 1914 aut
2955 1861 3074 1916 tabe
3115 1870 3206 1916 aut
3231 1862 3338 1916 alio
3363 1863 3616 1933 quopiam
3657 1862 3841 1916 incura-

2276 1949 2366 2003 bili
2399 1953 2587 2006 morbo
2614 1951 2890 2006 detentum
2916 1995 2930 2018 ,
2965 1954 3342 2026 lacrymamur,
3373 1956 3472 2010 etsi
3506 1956 3599 2011 illc
3630 1956 3841 2010 omnium

2275 2042 2728 2114 locupletissimus
2758 2047 2848 2109 sit:
2878 2047 2987 2103 imo
3016 2057 3164 2103 tanto
3191 2051 3380 2120 magis,
3409 2061 3613 2120 quanto
3631 2050 3844 2120 locuple-

2275 2137 2380 2189 tior
2403 2145 2502 2190 est.
2530 2136 2663 2192 Nam
2693 2147 2818 2194 tune
2843 2155 3033 2195 sensus
3063 2142 3327 2197 malorum
3353 2145 3578 2211 acutior,
3607 2161 3721 2200 cum
3741 2145 3840 2213 quis

2275 2230 2328 2284 in
2350 2230 2674 2287 abundantia
2695 2249 2876 2289 rerum
2904 2238 3328 2292 necessariarum
3361 2248 3625 2306 versatur,
3656 2240 3839 2294 Etenim

2273 2323 2365 2392 qui
2395 2339 2502 2393 pra:
2534 2335 2846 2396 paupertate
2866 2328 2934 2383 ab
2951 2328 3139 2384 horum
3164 2329 3419 2387 fruitione
3439 2343 3672 2397 arcetur,
3695 2333 3839 2402 ipsam

2275 2417 2648 2472 necessitatem
2691 2419 3071 2476 consolationis
3117 2422 3234 2478 loco
3276 2423 3434 2480 habet
3463 2443 3477 2478 :
3509 2427 3601 2497 qui
3642 2441 3758 2480 vero
3790 2425 3840 2477 iis

2274 2510 2437 2566 rebus
2465 2511 2701 2567 abundat
2728 2521 2784 2568 et
2810 2515 2998 2569 morbo
3029 2515 3316 2586 impeditur
3343 2519 3410 2573 ab
3441 2533 3544 2573 usu
3562 2561 3576 2584 ,
3601 2518 3714 2572 ideo
3741 2531 3837 2570 ma-

2272 2605 2355 2675 gis
2401 2605 2591 2660 uritur.
2639 2605 2739 2673 Qui
2770 2617 2948 2663 autem
2991 2623 3096 2663 non
3122 2608 3414 2664 absurdum
3444 2609 3642 2677 fuerit,
3669 2610 3711 2663 si
3736 2623 3838 2662 cor-

2272 2710 2438 2767 poreo
2470 2696 2657 2752 morbo
2699 2697 2975 2754 detentum
3014 2700 3319 2770 quempiam
3349 2701 3660 2769 videamus,
3692 2701 3836 2770 ipsum

2275 2790 2532 2845 miserum
2582 2791 2916 2863 praedicare,
2947 2795 3174 2860 etiamsi
3217 2794 3504 2866 opulentus
3545 2795 3647 2858 sit;
3689 2793 3836 2846 anima

2272 2895 2449 2939 autem
2474 2885 2612 2940 male.
2633 2885 2842 2952 affecta,
2865 2887 3065 2956 anima,
3091 2886 3327 2958 inquam,
3353 2887 3440 2942 cui
3467 2902 3566 2956 par
3589 2886 3732 2951 nihil,
3752 2898 3834 2952 qua

2273 2977 2558 3046 pretiosius
2605 2977 2772 3046 nihil,
2819 2978 2994 3048 ipsum
3036 2979 3250 3034 beatum
3281 2979 3464 3034 dicere
3506 2979 3579 3034 ob
3608 2977 3835 3033 tantillum

2272 3069 2536 3138 pccunizc,
2565 3070 2650 3124 vel
2677 3070 2744 3125 ob
2767 3079 3170 3141 temporaneum
3199 3069 3483 3139 honorem,
3514 3072 3598 3127 vel
3619 3071 3684 3124 ob
3709 3066 3835 3135 quid-

2273 3163 2414 3232 piam
2439 3178 2642 3230 eorum,
2677 3179 2798 3235 quae
2828 3163 2915 3218 hic
2940 3164 3159 3234 quidem
3188 3173 3424 3229 manent,
3448 3164 3548 3220 sed
3586 3170 3699 3233 post
3725 3160 3836 3214 hanc

2273 3257 2435 3311 vitam
2457 3298 2472 3322 ,
2515 3257 2624 3311 imo
2670 3259 2868 3328 szepius
2911 3267 3035 3314 ante
3061 3258 3186 3314 vitae
3225 3259 3427 3314 exitum
3455 3274 3558 3314 nos
3582 3251 3834 3312 deserunt?

2275 3349 2428 3416 Noli,
2463 3365 2668 3421 qureso.
2709 3349 2837 3406 Haec
2877 3351 3034 3406 nobis
3070 3350 3494 3422 perturbationis
3521 3359 3576 3407 et
3613 3347 3833 3404 tumultus

2271 3454 2432 3496 causa
2463 3449 2606 3496 sunt.
2637 3439 2765 3496 ldeo
2791 3442 2959 3497 Deum
2979 3451 3232 3498 accusant
3253 3444 3429 3510 multi,
3457 3443 3582 3498 ideo
3611 3439 3831 3497 mundum

2272 3533 2417 3588 nulla
2442 3535 2553 3603 regi
2584 3534 2916 3604 providentia
2939 3543 3146 3605 putant.
3169 3535 3323 3602 Quod
3351 3536 3394 3589 si
3423 3535 3628 3591 scirent
3653 3530 3770 3588 nihil
3791 3528 3830 3581 in

2270 3627 2523 3698 praesenti
2562 3628 2669 3682 vita
2697 3627 2819 3683 boni
2845 3641 2997 3696 esse,
3031 3628 3134 3682 nisi
3161 3628 3412 3682 virtutem
3438 3645 3452 3694 ;
3483 3642 3593 3683 non
3621 3624 3829 3680 divitias.

2271 3737 2378 3776 non
2408 3721 2663 3790 pecunias
2685 3762 2702 3790 ,
2739 3735 2845 3777 non
2875 3723 3158 3778 sanitatem
3179 3762 3194 3789 ,
3238 3737 3343 3778 non
3392 3722 3706 3792 potentiam,
3746 3729 3833 3770 non

2270 3813 2414 3868 aliud
2450 3813 2754 3884 quidpiam;
2786 3830 2884 3869 nec
2911 3814 3182 3886 quidpiam
3212 3815 3334 3869 mali
3361 3829 3480 3870 esse
3520 3816 3575 3870 in
3618 3805 3832 3884 prtesemi

2272 3909 2400 3974 vita,
2429 3908 2528 3963 nisi
2558 3909 2872 3979 nequitiam,
2905 3909 3318 3978 improbitatem,
3343 3916 3397 3964 et
3434 3909 3628 3962 animae
3651 3915 3832 3976 perver-

2270 4001 2517 4065 sitatem;
2567 4015 2674 4055 non
2720 4008 3086 4071 paupertatem
3123 4001 3209 4056 vel
3254 3999 3534 4067 morbum,
3563 4013 3664 4053 non
3691 3993 3829 4050 mole-

2271 4094 2464 4160 stiam,
2515 4108 2620 4149 non
2669 4094 3023 4160 calumniam,
3078 4108 3184 4148 non
3231 4093 3334 4148 alia
3373 4108 3492 4164 qum
3523 4090 3698 4163 gravia
3734 4098 3831 4140 esse

2275 4195 2570 4260 putantur;
2601 4201 2890 4257 numquam
2940 4186 3062 4241 talia
3110 4185 3475 4256 loquerentur,
3504 4184 3674 4256 qualia
3713 4188 3830 4232 nunc

2271 4279 2490 4346 dicunt,
2521 4293 2808 4351 numquam
2853 4279 2907 4334 iu
2948 4293 3181 4334 moerere
3209 4279 3482 4344 viverent,
3529 4293 3632 4333 non
3677 4273 3832 4328 beatos

2271 4372 2512 4428 dicerent
2537 4386 2631 4428 eos
2655 4412 2669 4435 ,
2701 4386 2836 4442 quos
2866 4371 3093 4426 miseros
3118 4370 3411 4441 praedicare
3435 4375 3726 4439 oporteret,
3751 4371 3831 4414 nec

2272 4465 2499 4520 miseros
2528 4464 2883 4534 praedicarent
2910 4478 3003 4518 eos
3023 4504 3038 4529 ,
3065 4477 3200 4534 quos
3231 4463 3416 4517 beatos
3440 4461 3541 4517 dici
3569 4475 3660 4532 par
3679 4460 3828 4511 esset;

2272 4573 2378 4612 non
2407 4558 2476 4611 ita
2509 4571 2634 4627 erga
2672 4557 2919 4610 homines
2949 4553 3123 4611 affecti
3149 4562 3348 4610 essent.
3373 4553 3504 4608 Nam
3537 4558 3740 4622 propter
3754 4544 3832 4597 δυ·

2274 4665 2399 4704 num
2428 4647 2672 4718 corporis
2700 4647 2936 4703 habitum
2963 4689 2978 4715 ,
3011 4657 3065 4702 et
3095 4646 3336 4701 ciborum
3363 4645 3570 4716 copiam
3591 4686 3604 4709 ,
3635 4650 3684 4696 et
3719 4632 3832 4690 mul-

2275 4752 2384 4798 tum
2414 4757 2660 4798 somnum
2689 4741 2875 4797 beatos
2915 4739 3209 4812 praedicare
3241 4740 3488 4794 homines
3510 4779 3524 4805 ,
3553 4735 3677 4792 nihil
3711 4724 3828 4784 aliud

2273 4844 2355 4891 est
2378 4876 2392 4902 ,
2425 4849 2581 4904 quam
2622 4848 2746 4906 erga
2777 4833 2896 4888 illos
2923 4840 2981 4888 ut
3011 4847 3132 4903 erga
3175 4830 3327 4885 bruta
3355 4829 3603 4884 animalia
3643 4823 3830 4879 affectos

2273 4941 2412 4984 esse.
2440 4927 2570 4984 Nam
2597 4936 2653 4984 et
2682 4927 2797 4983 hare
2825 4935 2905 4983 est
2935 4927 3150 4982 illorum
3181 4925 3442 4991 felicitas;
3472 4923 3578 4979 imo
3617 4917 3664 4976 id
3692 4915 3826 4972 etiam

2275 5022 2326 5076 in
2369 5021 2539 5076 brutis
2576 5021 2775 5076 malum
2811 5033 2927 5086 est;
2958 5018 3110 5074 multi
3140 5017 3336 5088 quippe
3364 5017 3499 5071 asini
3525 5024 3578 5069 et
3601 5010 3710 5082 equi
3737 5002 3827 5059 otio

2274 5123 2328 5170 et
2370 5113 2636 5169 edacitate
2685 5113 2980 5184 perierunt.
3009 5110 3158 5179 Quod
3203 5112 3247 5165 si
3288 5109 3493 5176 brutis,
3533 5105 3711 5179 quibus
3739 5104 3825 5150 t0!-1

2277 5207 2446 5262 virtus
2475 5207 2527 5261 in
2557 5207 2698 5262 bona
2726 5207 2972 5274 corporis
3000 5202 3310 5258 habitudine
3336 5203 3436 5257 sita
3468 5210 3584 5263 est,
3615 5195 3663 5252 id
3688 5201 3825 5246 nocu-

2273 5314 2456 5356 mento
2483 5307 2570 5356 cst
2589 5344 2603 5367 ,
2631 5317 2698 5354 an
2733 5301 2786 5354 in
2816 5297 3118 5354 hominibus
3143 5338 3158 5366 ,
3188 5312 3413 5366 quorum
3441 5293 3610 5350 omnis
3633 5281 3825 5356 digni!“S

2276 5395 2327 5449 in
2361 5393 2635 5448 nobilitate
2677 5392 2870 5446 animzc
2893 5432 2906 5454 ,
2946 5391 2999 5445 id
3029 5389 3237 5444 virtutis
3276 5388 3395 5442 loco
3437 5394 3718 5458 ponemus,
3745 5379 3824 5423 Mc

2274 5487 2640 5545 reverebimur
2665 5486 2876 5553 etclam,
2901 5496 2954 5540 et
2979 5484 3170 5539 anima:
3199 5491 3399 5537 nostra:
3424 5485 3666 5550 cognatos
3691 5475 3824 5532 ειηὲθ·

2276 5581 2400 5636 los?
2435 5596 2542 5635 non
2570 5579 2845 5636 erubescis
2876 5579 3047 5650 ipsam
3089 5575 3331 5644 corporis
3375 5579 3610 5628 naturam
3645 5571 3693 5617 el

2277 5675 2454 5729 mam?
2497 5688 2602 5728 non
2649 5672 2791 5728 enim
2837 5667 3288 5741 quemadmodum
3332 5666 3502 5722 brutis
3547 5672 3655 5718 eam
3697 5646 3822 5706 nobis

2277 5765 2484 5823 efﬂuxit
2511 5765 2673 5832 Deus,
2702 5763 2795 5819 sed
2827 5771 2883 5818 ut
2907 5761 3133 5817 decebat
3156 5757 3288 5814 illud
3311 5799 3326 5824 ,
3356 5755 3498 5829 quod
3544 5751 3712 5808 animae
3749 5750 3819 5840 τιδέ

2278 5861 2462 5917 tionali
2506 5868 2562 5916 ct
2615 5857 2900 5914 immortali
2949 5855 3370 5911 ministraturum
3419 5858 3550 5906 erat.
3579 5845 3675 5900 Cur
3707 5839 3820 5890 en"rt

2280 5952 2463 6009 bestiis
2495 5951 2742 6006 omnibus
2777 5962 2961 6005 versus
2993 5955 3186 6002 terram
3218 5943 3480 5999 demissos
3519 5934 3684 5996 oculos
3709 5924 3817 5978 Deus
