4088 6442
324 414 423 473 7E!

329 526 558 600 βύθμισε
585 528 679 581 καὶ
706 525 996 600 διέφθειρε,
1024 529 1122 600 τῆς
1151 528 1434 593 ἀσθενείας
1455 530 1553 599 τὴν
1581 527 1781 600 ἀρετὴν
1815 524 1911 580 αὐ-

323 610 419 665 τοῦ
458 610 880 682 λυμαινομένης.
909 611 1067 665 υῦτω
1104 612 1168 684 δὴ
1201 614 1295 666 καὶ
1329 614 1509 684 ἡμεῖς,
1549 612 1677 666 ὅταν
1713 611 1911 679 ἴδωμεν

327 694 669 766 πραγμάτων
695 694 938 760 ἀταξίαν,
968 695 1042 766 μὴ
1066 696 1156 749 τὸν
1186 696 1320 749 Θεὸν
1341 694 1660 763 αἰτιώμεθα,
1696 694 1912 761 ἀγαπη-

323 778 443 831 τοί·
479 778 637 831 τοῦτο
669 779 778 847 γάρ
804 778 924 848 οὐχὶ
952 779 1242 850 φάρμακόν
1270 780 1415 831 ἐστιν
1440 779 1618 848 εὑρεῖν
1637 777 1714 845 τῷ
1740 775 1910 847 τραύ-

331 878 484 930 ματι,
509 859 646 914 ἀλλά
681 860 902 931 τραῦμα
927 864 1227 931 ἐπαγαγεῖν
1259 861 1554 933 τραύματι.
1582 860 1674 931 Μὴ
1694 860 1912 929 δαίμοσι

326 944 676 1016 λογιζώμεθα
707 945 802 999 τοῦ
828 947 1033 1017 κόσμου
1062 947 1162 1018 τὴν
1186 948 1520 1016 οἰκονομίαν,
1548 945 1622 1017 μὴ
1649 944 1915 1015 ἀπρονόη-

325 1047 395 1082 τα
425 1026 565 1083 εἶναι
591 1029 904 1100 νομίζωμεν
944 1030 1015 1084 τά
1057 1033 1321 1102 παρόντα,
1362 1032 1436 1103 μὴ
1475 1027 1739 1098 γενέσεικ
1768 1043 1913 1089 τινος

327 1113 423 1165 καὶ
454 1111 794 1183 εἱμαρμένης
820 1113 1107 1184 τυραννίδα
1138 1114 1555 1185 ἐπιτειχίζωμεν
1584 1115 1650 1183 τῇ
1687 1108 1914 1182 προνοίᾳ.

325 1196 420 1249 τοῦ
451 1194 608 1249 Θεοῦ.
642 1195 826 1250 Ταῦτα
867 1197 976 1268 γὰρ
1021 1198 1199 1252 πάντα
1232 1198 1579 1269 βλασφημίας
1605 1197 1784 1267 γέμει,
1818 1193 1913 1247 καὶ

327 1281 361 1350 ή
396 1279 565 1343 ὄντως
610 1280 824 1351 ταραχὴ
871 1281 966 1334 καί⁵
1012 1282 1206 1348 ἀταξία
1253 1282 1373 1352 οὐχὶ
1419 1281 1528 1337 τῶν
1575 1279 1914 1350 πραγμάτων

325 1364 447 1417 ἐστὶ¹
477 1362 640 1434 φορά,
671 1363 784 1416 ἀλλ’
806 1365 835 1416 ὀ
864 1363 1006 1418 οὕτω
1040 1364 1690 1438 διακείμενοςλογισμός’
1723 1362 1779 1425 ὃς
1809 1360 1914 1415 κᾶν

330 1445 534 1516 μυρίας
568 1445 823 1510 εὐταξίας
852 1447 1120 1520 ἀπολαύῃ,
1156 1449 1260 1513 ἓως
1302 1450 1368 1503 ἂν
1411 1448 1511 1521 τὴν
1560 1445 1789 1519 ἀταξίαν
1814 1443 1914 1514 τὴν

323 1530 385 1582 ἐν
415 1529 566 1600 αὐτῷ
600 1530 693 1583 καὶ
723 1529 821 1600 τὴν
851 1533 1095 1603 ταραχὴν
1145 1532 1528 1605 διορθώσηται,
1560 1530 1713 1585 οὐδὲν
1761 1527 1913 1598 αὐτῷ

322 1612 428 1684 τῆς
452 1616 510 1666 ἐν
534 1616 646 1676 τοῖς
680 1614 1003 1686 πράγμασιν
1029 1616 1284 1682 εὐταξίας
1313 1617 1463 1671 ἔσται
1491 1616 1552 1670 τὸ
1577 1615 1739 1668 πλέον
1758 1631 1773 1644 ο
1796 1612 1912 1667 ἀλλ’

321 1694 515 1767 ὥσπερ
555 1695 852 1768 ὀφθαλμὸς,
883 1698 1055 1752 νοσῶν
1097 1700 1195 1769 μὲν
1230 1701 1324 1752 καὶ
1361 1702 1419 1753 ἐν
1466 1697 1784 1769 μεσημϐρίᾳ
1810 1713 1914 1765 φα-

321 1780 523 1851 νοτάτῃ
553 1780 742 1845 σκότος
767 1780 978 1851 δέκεται,
1004 1784 1099 1836 καὶ
1127 1783 1289 1855 ἔτερα
1323 1782 1439 1837 ἀνθ’
1462 1783 1687 1852 ἑτέρων,
1708 1780 1803 1834 καὶ
1827 1780 1916 1833 οὐ-

319 1862 417 1918 δὲν
456 1862 609 1935 αὐτῷ
640 1868 738 1937 τῆς
768 1866 985 1930 ἀκτῖνος
1014 1867 1167 1921 ἔσται
1202 1868 1383 1935 πλέον,
1413 1866 1672 1936 ὑγιαίνων
1713 1863 1771 1917 δὲ
1819 1865 1915 1917 καὶ

319 1947 658 2017 ὲῤῥωμένος,
689 1950 783 2004 καὶ
814 1952 870 2004 ἐν
895 1952 1117 2023 ἑσπέρα,
1130 1952 1421 2023 δυνήσεται
1456 1950 1519 2004 τὸ
1551 1949 1712 2019 σῶμα
1755 1964 1908 2018 χειρ-

318 2033 566 2098 αγωγεῖν
586 2034 725 2102 μετὰ
753 2033 1070 2101 ἀσφαλείας·
1100 2035 1243 2088 οὕτω
1262 2035 1357 2088 καὶ
1385 2036 1413 2088 6
1435 2035 1533 2104 τῆς
1555 2032 1793 2094 διανοίας
1814 2033 1914 2102 τῆς

318 2113 603 2184 ἡμετέρας
638 2116 935 2187 ὀφθαλμὸς,
971 2118 1076 2181 ἕως
1123 2118 1222 2189 μὲν
1267 2118 1338 2172 ἂν
1381 2117 1693 2190 ἐρρωμένος
1718 2111 1778 2188 ᾖ,
1810 2114 1915 2189 κάν

314 2196 535 2250 ἄτακτα
566 2193 704 2252 εἶναι
734 2200 994 2255 δοκοῦντα
1037 2202 1141 2273 ἴδῃ,
1172 2202 1352 2266 καλῶς
1397 2201 1633 2271 ὅψεταιδ
1657 2217 1670 2232 ·
1701 2200 1728 2254 ἔ
1742 2214 1831 2255 ὲαν
1858 2197 1915 2252 δέ

318 2277 741 2351 διεφθαρμένος,
773 2283 877 2336 κᾶν
917 2285 999 2348 είς
1039 2284 1203 2339 αὐτὸν
1231 2285 1515 2357 ἀναγάγῃς
1547 2284 1638 2336 τὸν
1662 2282 1912 2348 οὐρανὸν,

315 2363 419 2415 καί
464 2363 573 2417 τῶν
620 2366 738 2419 ἐκεῖ
765 2367 968 2438 πολλὴν
1003 2367 1230 2434 ἀταξίαν
1256 2368 1670 2437 καταγνώσεται
1698 2368 1795 2422 καὶ
1820 2384 1919 2420 τα-

316 2447 519 2518 ραχήν.
554 2449 666 2503 Καὶ
692 2451 775 2503 ὅτι
806 2452 981 2505 ταῦτα
1015 2453 1189 2517 οὕτως
1216 2453 1350 2525 ἔχει,
1378 2453 1548 2507 πολλά
1575 2470 1658 2506 σοι
1675 2451 1784 2507 τῶν
1808 2451 1915 2505 πά-

314 2529 413 2583 λαι
458 2532 551 2584 καὶ
602 2533 710 2588 τῶν
754 2536 837 2604 ἐφ’
859 2535 1020 2607 ἡμῶν
1064 2536 1254 2590 τούτου
1303 2537 1699 2592 κατασκευάσω
1737 2553 1915 2608 παρα-

313 2612 610 2684 δείγματα.
651 2617 815 2670 Πόσοι
865 2618 1054 2672 πενίαν
1104 2619 1360 2691 φέρουσιν
1405 2616 1665 2687 εὐκόλως,
1709 2619 1805 2673 καὶ
1836 2618 1916 2691 τῷ

315 2694 445 2767 Θεῴ
473 2698 560 2752 διὰ
586 2699 745 2754 τοῦτο
768 2703 1217 2772 εὐχαριστοῦντες
1244 2709 1306 2759 οὐ
1334 2705 1784 2776 διαλιμπάνουσι;
1816 2705 1916 2759 πό-

317 2797 406 2833 σοι
451 2781 677 2839 πλοῦτον
713 2786 806 2839 καὶ
838 2787 1049 2858 τρυφὴν
1085 2787 1323 2859 ἔχοντες,
1355 2790 1454 2842 οὐκ
1479 2788 1915 2861 εὐχαριστρῦσιν,

314 2865 462 2920 ἀλλά
493 2867 873 2941 βλασφημοῦσι
919 2873 1009 2925 τὸν
1055 2874 1367 2945 Δεσπότην;
1421 2874 1579 2928 πόσοι
1611 2874 1780 2947 μηδὲν
1812 2892 1918 2929 πα-

315 2948 512 3014 θέντες
552 2951 743 3017 δεινὸν,
780 2955 1145 3024 κατηγοροῦσι
1196 2957 1294 3027 τῆς
1344 2956 1576 3010 καθόλου
1620 2958 1916 3029 προνοίας;

315 3034 483 3086 πόσοι
536 3034 905 3109 δεσμωτήριον
953 3040 1044 3092 τὸν
1081 3041 1296 3095 ἅπαντα
1342 3042 1531 3111 χρόνον
1572 3043 1915 3113 οἰκήσαντες,

311 3115 435 3168 τῶν
465 3117 521 3170 ἐν
562 3117 717 3190 ἀδείᾳ
768 3121 865 3173 καὶ
910 3122 1179 3194 ἀσφαλείᾳ.
1211 3124 1552 3193 βεϐιωκότων
1580 3125 1918 3196 εὐγνωμονέ-

316 3212 519 3271 στερον
560 3201 661 3273 τὴν
706 3204 821 3256 ἐκεῖ
850 3206 1076 3277 φέρουσι
1105 3207 1513 3279 ταλαιπωρίανς
1561 3209 1722 3280 Ὁρᾷς
1766 3209 1847 3261 ὅτι
1883 3210 1916 3279 ή

312 3283 424 3353 τῆς
443 3283 622 3357 ψυχῆς
646 3288 998 3355 κατάστασις,
1032 3291 1128 3345 καὶ
1155 3293 1236 3345 ὅτι
1263 3294 1290 3345 6
1318 3294 1517 3354 οἰκεῖος
1546 3292 1804 3362 λογισμὸς
1825 3294 1920 3347 καὶ

316 3368 533 3424 τούτων
566 3371 660 3426 καὶ
690 3374 914 3428 ἐκείνων
949 3375 1141 3439 αἴτιος,
1180 3376 1293 3430 ἀλλ’
1316 3376 1416 3429 οὐκ
1462 3374 1607 3449 αὐτὴ¹
1633 3378 1741 3431 τῶν
1777 3395 1916 3449 πρα-

317 3452 553 3521 γμάτων
599 3455 633 3525 ή
678 3455 1031 3525 φύσις.’⁷Ωστε
1079 3461 1126 3512 εί
1174 3459 1277 3530 τῆς
1318 3459 1555 3524 διανοίας
1600 3460 1920 3531 ἐπιμέλειαν

313 3535 661 3607 ἐποιούμεθα
711 3540 813 3610 τῆς
858 3542 1152 3614 ἡμετέρας,
1197 3545 1296 3598 οὐκ
1336 3541 1405 3617 ἦν
1452 3544 1687 3617 ταραχὴ,
1722 3547 1824 3599 οὐκ
1852 3534 1921 3617 ἦν

315 3620 547 3686 ἀταξία,
583 3620 733 3696 [754]
761 3625 862 3679 οὐκ
881 3621 971 3700 ,ἦν
1011 3628 1118 3681 τῶν
1146 3628 1333 3682 δεινῶν
1363 3631 1536 3696 οὐδὲν,
1573 3633 1621 3684 εἰ
1649 3631 1744 3684 καὶ
1771 3631 1923 3704 εὐρί-

317 3720 435 3791 που
464 3707 664 3791 παντδς
691 3708 1068 3783 χαλεπώτερον
1091 3711 1204 3766 ἀνω
1231 3714 1324 3767 καὶ
1352 3714 1503 3768 κάτω
1527 3716 1594 3770 τά
1618 3715 1923 3791 πράγματα

316 3789 430 3859 τῆς
457 3790 733 3862 ἡμετέρας
769 3793 995 3864 ἐφέρετο
1024 3795 1189 3868 ζωῆς.
1220 3797 1321 3851 Διά
1368 3798 1421 3851 τί
1468 3799 1599 3871 γὰρ,
1645 3789 1766 3854 εἰπέ
1809 3817 1919 3871 μοι,

320 3872 548 3938 Παῦλος
579 3875 927 3946 εὐχαριστεῖ;
960 3880 1150 3934 Καίτοι
1180 3880 1290 3934 τῶν
1336 3881 1534 3954 ἄριστα
1576 3882 1921 3954 βεϐιωκότων

318 3957 469 4023 ἐστὶ,
499 3958 609 4013 τῶν
632 3963 698 4031 τῇ
722 3962 890 4033 ἀρετῇ
924 3962 1298 4035 συνεζηκότων
1331 3966 1424 4019 τὸν
1456 3967 1672 4021 ἅπαντα
1703 3969 1918 4038 χρόνον,

316 4041 438 4094 τῶν
466 4043 666 4113 ἥκιστα
697 4046 934 4099 τοσαῦτα
964 4048 1244 4103 παθόντων
1267 4049 1416 4103 δεινά
1437 4066 1450 4078 °
1488 4050 1664 4114 οὐδεὶς
1695 4050 1819 4105 οὐτε
1845 4052 1924 4106 δι-

318 4127 615 4200 καιότερος
649 4129 860 4183 ἐκείνου
893 4130 1081 4199 γέγονε
1124 4133 1233 4185 τῶν
1281 4133 1370 4201 ὑφ’
1392 4133 1528 4205 ἡλίῳ
1562 4135 1781 4188 πάντων
1830 4137 1923 4190 ἀν-

320 4208 583 4281 Θρώπων,
608 4212 734 4267 οὐτε
769 4213 1126 4287 χαλεπώτερα
1153 4216 1363 4269 ἐκείνου
1391 4216 1626 4271 πέπονθε
1648 4219 1756 4272 τῶν
1782 4219 1841 4286 ἐξ
1860 4212 1921 4273 οὗ

320 4292 617 4364 γεγόνασιν
642 4297 941 4369 ἄνθρωποι.
959 4299 1098 4352 Ἀλλ’
1120 4301 1270 4371 ὅμως
1295 4299 1437 4371 ὀρῶν
1467 4301 1696 4368 πολλοὺς
1728 4306 1787 4357 ἐν
1821 4302 1939 4359 πο-’

322 4377 494 4450 νηρία
532 4380 762 4446 ζῶντας,
792 4383 884 4436 καὶ
909 4383 1348 4456 εὐθυμουμένους
1366 4387 1413 4453 b,
1446 4387 1542 4441 καὶ
1570 4389 1678 4442 τῶν
1712 4391 1921 4461 παρόν-

322 4482 438 4517 των
469 4468 767 4537 χρημάτων
794 4467 1186 4533 ἀπολαύοντας,
1213 4472 1529 4541 εὐχαριστεῖ
1561 4472 1637 4544 τῷ
1671 4472 1790 4545 Θεῷ
1826 4475 1923 4528 καὶ

324 4550 513 4613 αὐτὸς,
544 4551 639 4604 καὶ
662 4555 774 4615 τοῖς
801 4552 981 4615 ἀλλοις
1002 4555 1136 4606 πᾶσι
1166 4555 1398 4626 παρῄνει
1419 4554 1597 4610 τοῦτο.
1617 4558 1761 4628 Πρὸς
1782 4559 1923 4612 ἐκεῖ·

324 4651 419 4690 νον
448 4634 690 4703 βλέπετε.
722 4637 830 4690 Καὶ
860 4637 926 4689 σὺ
952 4637 1079 4690 ὅταν
1110 4638 1225 4710 ἴδῃς
1257 4638 1350 4692 τὸν
1387 4638 1623 4710 πονηρὸν
1658 4640 1923 4712 εὐθυμούο

329 4736 513 4791 μενον,
545 4720 671 4773 ὅταν
707 4721 822 4793 ἴδῃς
843 4721 1222 4791 ἐπαιρόμενον,
1257 4722 1385 4775 ὅταν
1410 4721 1526 4793 ἴδῃς
1554 4722 1766 4797 ἐχθρῶν
1787 4742 1922 4796 κρα-

325 4802 524 4856 τοῦντα
549 4846 564 4870 ,
616 4807 740 4870 τοὺς
799 4805 1174 4877 λελυπηκότας
1224 4804 1601 4876 ἀμυνόμενον,
1651 4806 1922 4878 μηδεμίαν

329 4887 640 4942 ὑποστάντα
693 4888 917 4961 ζημίαν,
955 4888 1293 4960 πανταχόθεν
1340 4888 1490 4960 αὐτῷ
1537 4889 1607 4945 τὰ
1661 4893 1921 4963 χρήματα

328 4972 675 5040 ἐπιρρέοντα,
702 4975 907 5037 πάντας
926 4973 1199 5045 τιμῶντας
1222 4973 1316 5027 καὶ
1345 4972 1759 5039 κολακεύοντας,
1788 4992 1921 5030 σαυ-

327 5054 423 5108 τὸν
455 5055 513 5108 δὲ
545 5057 603 5109 ἐν
639 5059 751 5120 τοῖς
782 5057 1045 5121 ἐναντίοις
1084 5061 1269 5119 πᾶσιν,
1317 5059 1375 5111 ἐν
1418 5056 1723 5128 ἐπηρείαις,
1754 5075 1919 5114 ουκ)-

332 5138 604 5206 φαντίαις,
631 5139 963 5204 ἐπιϐουλαῖς,
999 5140 1071 5210 μὴ
1101 5140 1329 5212 νομίσῃς
1361 5135 1628 5195 εἶναιτῶν
1650 5143 1921 5215 ἐπερριμ-

335 5220 530 5291 μένων,
570 5222 685 5276 ἀλλ’
708 5224 788 5286 είς
818 5223 1031 5276 Παῦλον
1064 5222 1188 5276 ἰδὼν
1221 5225 1313 5277 τὸν
1341 5223 1440 5294 τῆς
1475 5223 1574 5295 σῆς
1603 5223 1731 5279 ὄντα
1759 5227 1919 5299 μερί-

329 5305 437 5369 δος,
474 5305 703 5378 ἀνάϐηθι
731 5306 826 5377 τὴν
847 5305 1104 5366 διάνοιαν,
1134 5306 1437 5378 ἀνάκτησαι
1458 5307 1582 5370 τοὺς
1603 5307 1915 5378 λογισμοὺς,

336 5389 408 5457 μὴ
442 5390 755 5462 καταπέσῃς
788 5390 893 5442 ὐπὸ
932 5390 1029 5461 τῆς
1079 5389 1335 5458 ἀθυμίας.
1374 5390 1477 5443 Τὸν
1509 5390 1660 5460 φίλον
1688 5392 1767 5462 τῷ
1800 5392 1919 5463 Θεῷ

336 5471 426 5523 καὶ
455 5472 545 5525 τὸν
574 5473 830 5542 πολέμιον
860 5472 935 5544 μὴ
962 5473 1071 5526 ἀπὸ
1090 5472 1188 5542 τῆς
1217 5473 1523 5545 εὐπραγίας
1551 5475 1646 5528 καὶ
1675 5475 1917 5548 δυσπρα-

337 5554 458 5621 γίας
498 5556 598 5627 τῆς
629 5556 862 5610 ἐνταῦθα
887 5556 1171 5625 δοκίμαζε,
1203 5555 1338 5609 ἀλλά
1370 5556 1434 5610 ἂν
1468 5558 1566 5627 μὲν
1594 5558 1710 5631 ἴδῃς
1741 5558 1919 5628 ὀρθῶς

337 5638 530 5704 ζῶντα,
556 5640 649 5693 καὶ
675 5641 816 5710 νόσῳ
844 5641 1188 5710 κενούμενον,
1216 5640 1309 5693 καὶ
1332 5641 1469 5712 πρὸς
1495 5642 1774 5695 εὐσέϐειαν
1799 5643 1918 5713 βλέο

337 5740 523 5789 ποντα,
556 5723 825 5795 μακάριζε
855 5726 949 5779 καὶ
982 5724 1222 5797 ζηλωτὸν
1251 5721 1390 5781 εἶναι
1416 5727 1626 5797 νόμιζε,
1659 5727 1763 5781 κᾶν
1810 5746 1914 5799 μυ-

338 5804 455 5877 ρίας
494 5808 710 5873 ἁλύσεις
743 5809 1083 5885 πςρικέησιαι,
1112 5811 1205 5864 καὶ
1237 5810 1609 5883 δεσμωτήριον
1645 5813 1768 5884 οίκῇ
1796 5812 1913 5866 δια-

397 5912 427 5983 ξ
448 5908 589 5983 Eolb.
615 5911 741 5983 καλὰ
763 5911 946 5983 ὄψεται.

398 5962 427 6005 Ῐ⁷
446 5970 578 6020 Coib.
611 5962 939 6035 εὐθυμοῦντας.

646 6044 924 6131 gnam“
973 6044 1089 6105 Gn.
1138 6042 1208 6109 [ι.

1427 417 1517 472 DE
1558 411 1740 471 ΡΑΤο
1781 412 1868 468 ET
1908 410 2391 468 PROVIDENTIA.
2425 410 2464 465 Ι.

3506 402 3613 459 τετε

2020 526 2240 589 παντὸς,
2272 524 2375 578 κᾶν
2402 521 2636 588 ἀναξίοις
2671 518 2918 590 δουλεύῃ,
2946 517 3057 590 κᾶν
3079 515 3325 586 πένηται,
3363 514 3466 568 κᾶν
3515 518 3614 586 μὲ-

2021 608 2194 663 ταλλα
2220 608 2540 681 ἐργάζηται,
2572 607 2676 659 κᾶν
2704 604 2883 658 ὁτιοῦν
2917 603 3104 673 πάσχῃ
3125 601 3314 655 δεινόν.
3330 601 3615 674 Μακάριος

2019 693 2127 764 γὰρ
2157 685 2313 756 οὗτός
2343 695 2481 752 ἐστι,
2515 690 2620 745 κᾶν
2660 688 3052 760 ἐξορύγηταιο,
3080 685 3185 739 κάν
3223 684 3471 754 καίηται,
3512 686 3615 739 κᾶν

2021 775 2163 829 κατά
2194 776 2388 847 μικρὸν
2420 775 2724 829 δαπανᾶται
2769 773 2831 826 τὸ
2866 771 3156 842 σῶμα.”Αν
3191 769 3248 822 δὲ
3285 768 3401 847 ἴδῃς
3426 769 3613 841 ἕτερον

2020 860 2078 912 ἐν
2119 846 2377 929 ἀσελγείᾳ
2424 856 2521 912 καὶ
2566 856 2824 927 πονηρίᾳ,
2859 856 2954 908 καὶ
2996 856 3107 916 τοῖς
3139 846 3389 924 ἐσχάτοις
3433 850 3612 916 ζῶντα

2020 945 2230 1006 κακοῖς,
2260 944 2355 996 καὶ
2380 942 2580 1013 πολλῆς
2609 940 2950 995 ἀπολαύοντα
2974 937 3161 1008 τιμῆς,
3193 939 3286 990 ἐπὶ
3307 937 3399 990 τὸν
3424 936 3613 1009 θρόνον

2021 1025 2185 1080 αὐτὸν
2212 1026 2577 1079 ἀναϐαίνοντα·
2603 1025 2696 1078 τὸν
2728 1023 3026 1095 βασιλικὸν,
3062 1022 3155 1075 καὶ
3179 1020 3418 1092 διάδημα
3451 1037 3612 1099 περιέ

2022 1111 2297 1183 κείμενον,
2330 1113 2423 1165 καὶ
2454 1110 2751 1183 ἁλουργίδα
2796 1109 3009 1180 ἔχοντα,
3044 1107 3260 1175 καὶτῆς
3289 1105 3614 1177 οἰκουμένης

2024 1196 2244 1265 ἀπάσης
2263 1195 2589 1267 κρατοῦντα,
2611 1196 2877 1266 δάκρυσον
2900 1192 2995 1246 καὶ
3013 1192 3101 1246 διὰ
3118 1190 3278 1244 τοῦτο
3310 1190 3401 1243 τὸν
3432 1188 3613 1243 τοιοῦ-

2021 1297 2133 1339 τον.
2165 1280 2258 1333 καὶ
2292 1279 2564 1343 ταλάνιζε.
2591 1279 2758 1332 Οὐδὲν
2800 1277 2905 1351 γὰρ
2946 1276 3113 1339 ὅντως
3152 1273 3481 1345 ἀθλιώτερον
3513 1274 3613 1344 τῆς

2021 1362 2164 1416 οὕτω
2192 1361 2542 1432 διακειμένης
2568 1361 2768 1432 ψυχῆς,
2801 1362 2905 1414 κᾶν
2945 1361 3143 1437 πᾶσαν,
3166 1357 3613 1428 ὑποτεταγμένην

2022 1445 2122 1518 ἔχῃ
2154 1444 2252 1516 τὴν
2278 1444 2624 1515 οἰκουμένην.
2651 1444 2715 1496 Τί
2749 1443 2857 1514 γὰρ
2886 1443 3086 1512 ὄφελος
3104 1444 3161 1496 ἐν
3186 1443 3430 1513 χρήμασι
3452 1439 3617 1493 πλουσ-

2020 1532 2152 1593 τεῖν,
2188 1529 2317 1583 ὅταν
2336 1528 2479 1583 κατὰ
2505 1528 2604 1600 τὴν
2639 1528 2840 1601 ἀρετὴν
2868 1528 3087 1581 πάντων
3112 1525 3437 1596 πενέστερος
3466 1518 3531 1596 ᾗ;
3561 1521 3616 1577 τί

2019 1611 2076 1665 δὲ
2111 1612 2301 1683 κέρδος
2350 1612 2620 1666 τοσούτων
2667 1614 2911 1683 κρατεῖν,
2946 1611 3071 1664 ὅταν
3117 1609 3313 1665 ἐαυτοῦ
3368 1608 3462 1663 καλ⁸
3504 1606 3615 1660 τῶν

2022 1694 2216 1748 ἑαυτοῦ
2271 1694 2459 1748 παθῶν
2518 1694 2595 1766 μὴ
2645 1693 2869 1764 δύνηται
2922 1690 3338 1764 περιγενέσθαι;
3380 1690 3522 1744 Ἀλλ’
3549 1688 3616 1743 ἂν

2024 1777 2122 1848 μὲν
2152 1778 2313 1846 σῶμα
2334 1778 2534 1849 ἴδωμεν
2564 1780 2751 1841 κακῶς
2781 1777 3122 1848 διακείμενον
3144 1776 3237 1829 καὶ
3258 1774 3613 1846 πυρέττοντα,

2019 1860 2053 1929 ἢ
2104 1859 2388 1933 ποδαλγίᾳ,
2421 1860 2454 1932 ἢ
2491 1860 2629 1933 φθόῃ
2680 1860 2870 1932 τινὶ,ἥ
2917 1862 3089 1931 ἑτέρῳ
3142 1858 3428 1930 ἀνηκέστῳ
3456 1856 3618 1911 πάθει

2023 1942 2591 2014 προκατειλημμένον,
2622 1944 2955 2016 δακρύομεν,
2993 1943 3097 1997 κᾶν
3128 1943 3345 1998 πάντων
3373 1939 3644 2012 εὐπορὼο.

2020 2044 2178 2098 τερος
2209 2024 2265 2101 ᾖ,
2298 2029 2393 2080 καὶ
2420 2027 2660 2099 τοσούτῳ
2696 2028 2917 2099 μᾶλλον,
2953 2028 3173 2098 ὅσῳπερ
3215 2025 3282 2080 ἂν
3311 2025 3620 2096 εὐπορώτε-

2026 2109 2189 2185 ρος
2207 2113 2271 2167 Ἡ
2292 2112 2403 2183 γὰρ
2428 2112 2684 2185 αἴσθησις
2704 2111 3008 2185 δριμυτέρα
3036 2112 3248 2180 γίνεται
3272 2110 3381 2164 τῶν
3404 2109 3617 2172 δεινῶν,

2021 2196 2149 2247 ὅταν
2196 2196 2253 2248 ἐν
2297 2195 2531 2267 ἀφθονίᾳ
2571 2213 2656 2258 τις
2684 2196 2792 2249 τῶν
2824 2195 3138 2264 ἀναγκαίων
3264 2194 3325 2246 '0
3368 2193 3467 2265 μὲν
3509 2191 3619 2264 γὰρ

2021 2279 2178 2351 παρά
2221 2280 2412 2333 πενίαν
2446 2279 2789 2351 κωλυόμενος
2825 2281 2925 2351 τῆς
2965 2277 3341 2342 ἀπολαύσεως,
3377 2277 3491 2346 ἔχει
3520 2275 3618 2347 τὴν

2020 2363 2268 2435 ἀνάγκην
2290 2364 2640 2436 παραμυθίαν
2657 2385 2668 2395 ·
2692 2366 2720 2417 6
2740 2364 2796 2417 δὲ
2814 2364 3003 2436 κύριος
3020 2362 3095 2417 ὣν
3119 2364 3268 2436 πάσῃ
3292 2360 3617 2432 κεχρῆσθαι,

2021 2449 2116 2502 καὶ
2142 2448 2483 2519 κωλυόμενος
2510 2447 2735 2520 ὐπξιτῆς
2758 2449 3093 2520 ἀρρωστίας,
3112 2447 3262 2518 αὐτῷ
3282 2446 3455 2517 τούτῳ
3483 2444 3621 2517 μᾶλ-

2022 2468 2116 2502 και
2142 2468 2483 2519 κωλύομενος
2510 2468 2540 2502 υ
2587 2468 2735 2519 ειτης
2758 2468 3093 2520 αρρωστιας,
3112 2468 3262 2518 αυτῳ
3282 2468 3455 2517 τουτῳ
3483 2468 3621 2517 μαΛ-

2022 2532 2113 2586 λον
2145 2533 2513 2604 ἐμπίπραται.
2535 2468 2660 2598 ὣς
2677 2529 2771 2587 οῦν
2795 2534 2899 2587 οὐκ
2923 2532 3123 2586 ἄτοπον
3148 2534 3197 2586 εί
3225 2532 3325 2603 μὲν
3351 2531 3621 2602 νοσήματι

2024 2618 2323 2689 σωματικῷ
2349 2618 2892 2691 προκατειλημμένον
2924 2618 3129 2689 ίδοιμέν
3151 2635 3294 2680 τινα,
3312 2615 3622 2680 ταλανίζειν

2022 2703 2207 2768 αὐτὸν,
2240 2702 2344 2758 κᾶν
2369 2701 2603 2773 εὔπορος
2628 2700 2685 2776 ᾖ,
2713 2704 2894 2775 ψυχῆς
2932 2703 2988 2756 δὲ
3023 2701 3211 2766 κακῶς
3240 2700 3616 2771 διακειμένης.

2023 2787 2224 2857 ψυχῆς,
2259 2782 2327 2859 ἦς
2358 2788 2491 2858 ἡμῖν
2521 2788 2635 2841 ῐσον
2659 2788 2810 2841 οὐδὲν
2846 2787 2966 2841 οὐδὲ
2998 2786 3343 2858 τιμιώτερον,
3380 2785 3623 2858 μακαρί-

2023 2871 2138 2936 ζειν
2172 2872 2239 2925 δι’
2260 2872 2417 2939 ὀλίγα
2451 2875 2734 2944 χρήματα,
2763 2873 2796 2944 ἢ
2851 2872 2938 2927 διὰ
2989 2873 3325 2944 πρόσκαιρον
3367 2871 3556 2942 τιμὴν,
3587 2869 3621 2941 ἢ

2021 2956 2089 3010 δι’
2112 2956 2238 3011 ἄλλο
2282 2956 2392 3010 τῶν
2438 2956 2675 3012 ἐνταῦθα
2722 2957 2993 3027 μενόντων
3036 2956 3133 3010 καλ⁸
3180 2954 3319 3026 μετὰ
3348 2955 3445 3025 τῆς
3476 2954 3625 3024 ζωῆς

2024 3038 2178 3113 [755]
2208 3039 2434 3109 ταύτης,
2473 3041 2675 3111 μᾶλλον
2701 3040 2759 3094 δὲ
2792 3039 3052 3102 πολλάκις
3081 3039 3177 3093 καὶ
3207 3037 3314 3110 πρὸ
3337 3039 3434 3109 τῆς
3455 3037 3622 3107 ζωῆς,

2020 3126 2170 3195 ἡμᾶς
2214 3124 2737 3194 ἀπολιμπανόντωνς
2792 3124 2905 3194 Μὴ,
2942 3122 3269 3194 παρακαλῶ.
3302 3122 3488 3175 Ταῦτα
3522 3123 3626 3190 τῆς

2021 3208 2268 3279 ταραχῆς
2314 3209 2449 3277 ήμῖν
2491 3207 2664 3265 αἴτια.
2690 3204 2862 3260 ταῦτα
2901 3205 3153 3277 θορύϐου.
3187 3205 3286 3259 Διά
3328 3206 3489 3259 τοῦτο
3526 3204 3622 3259 τοῦ

2023 3289 2157 3343 Θεοῦ
2223 3288 2593 3360 κατηγοροῦσι
2641 3289 2865 3355 πολλοὶ,
2917 3287 3005 3341 διὰ
3060 3286 3219 3342 τοῦτο
3267 3288 3358 3341 τὸν
3417 3287 3624 3359 κόσμον

2024 3375 2358 3446 ἀπρονόητον
2382 3372 2714 3445 νομίζδυσιν.
2734 3374 2822 3436 '0;
2847 3373 2896 3425 εί
2920 3373 3118 3444 ᾔδεσαν
3140 3373 3221 3426 ὅτι
3243 3373 3394 3427 οὐδὲν
3420 3373 3624 3442 ἀγαθὸν

2026 3458 2084 3509 ἐν
2113 3457 2190 3528 τῷ
2220 3456 2449 3528 παρόντι
2485 3457 2605 3527 βίῳ,
2636 3456 2804 3528 ἀλλ’ἢ
2840 3457 3009 3528 ἀρετὴ
3060 3456 3241 3527 μόνον,
3273 3457 3334 3509 οὐ
3369 3454 3619 3520 πλοῦτος,

2025 3542 2087 3594 οὐ
2121 3543 2401 3614 χρήματα,
2437 3542 2536 3611 οὐχ
2566 3540 2769 3609 ὑγίεια,
2798 3541 2859 3593 οὐ
2904 3541 3215 3606 δυναστεία,
3245 3541 3345 3594 οὐκ
3375 3540 3505 3594 ἄλλο
3529 3541 3622 3595 οὐ·

2025 3627 2134 3692 δὲν,
2164 3628 2261 3681 καὶ
2301 3626 2379 3689 ὼς
2423 3627 2577 3679 οὐδὲν
2608 3626 2775 3680 κακὸν
2806 3628 2864 3680 ἐν
2904 3626 2982 3696 τῷ
3028 3626 3256 3697 παρόντι
3290 3625 3410 3698 βίῳ,
3442 3626 3559 3679 ἀλλ’
3587 3625 3620 3697 ἧ

2027 3711 2198 3765 κακία
2235 3711 2397 3782 μόνον
2442 3710 2539 3764 καὶ⁸
2572 3710 2809 3783 πονηρία
2855 3711 2948 3764 καὶ
2995 3709 3297 3781 διαστροφὴ
3322 3709 3520 3779 ψυχῆς,
3557 3711 3620 3762 οὐ

2028 3795 2188 3848 πενία
2225 3795 2321 3849 καὶ
2345 3795 2519 3857 νόσος,
2549 3794 2643 3848 καὶ
2688 3795 2943 3866 ἐπήρεια,
2986 3793 3082 3846 καὶ
3124 3792 3501 3862 συκοφαντίαι,
3531 3792 3627 3847 καὶ

2024 3878 2096 3932 τά
2128 3878 2283 3941 ἀλλα,
2312 3877 2349 3932 ἀ
2372 3877 2655 3948 νομίζεται
2685 3871 2826 3930 εἶναι
2858 3876 3029 3940 δεινὰ,
3065 3876 3165 3929 οὐκ
3194 3877 3261 3931 ἄν
3294 3892 3426 3930 ποτε
3452 3876 3627 3933 ταῦτα

2028 3961 2377 4035 ἐφθέγξαντο,
2406 3961 2549 4032 άπερ
2587 3960 2704 4028 νῦν,
2735 3962 2837 4014 οὐκ
2867 3962 2931 4015 ἄν
2958 3977 3090 4014 ποτε
3120 3963 3178 4013 ἐν
3199 3959 3407 4032 ἀθυμίᾳ
3434 3960 3627 4031 διήγα-

2027 4062 2144 4115 γον,
2175 4048 2275 4100 οὐκ
2310 4046 2376 4100 ἄν
2406 4063 2537 4099 ποτε
2579 4045 2925 4116 ἐμακάρισαν
2969 4043 3064 4108 οὓς
3093 4041 3400 4109 ταλανίζειν
3431 4045 3623 4115 ἐχρῆν,

2027 4133 2128 4185 οὐκ
2152 4132 2217 4186 ἀν
2248 4148 2381 4184 ποτε
2414 4130 2736 4184 ἐταλάνισαν
2769 4128 2865 4192 οὒς
2901 4127 3229 4200 μακαρίζειν
3264 4128 3393 4192 ἔδει,
3427 4128 3529 4181 οὐκ
3559 4129 3627 4181 ἂν

2027 4216 2104 4279 ὡς
2132 4216 2260 4286 περί
2292 4215 2461 4267 ὄντων
2491 4212 2602 4266 τῶν
2639 4209 2945 4282 ἀνθρώπων
2971 4211 3253 4265 διέκειντο.
3290 4211 3363 4264 Τὸ
3395 4210 3504 4283 γὰρ
3532 4212 3625 4266 ἐπὶ

2029 4298 2390 4370 πολυσαρκίᾳ,
2418 4298 2512 4351 καὶ
2536 4296 2752 4366 δαψιλεῖ
2780 4296 2976 4366 φάτνῃ,
3011 4294 3106 4348 καὶ
3135 4293 3287 4364 ὕπνῳ
3318 4293 3499 4364 πολλῷ
3522 4312 3626 4365 μα-

2028 4380 2276 4453 καρίζειν
2325 4379 2647 4453 ἀνθρώπους
2678 4379 2829 4433 οὐδὲν
2863 4376 3049 4449 ἕτερόν
3093 4378 3262 4440 ἐστιν,
3298 4377 3329 4448 ἦ
3366 4377 3444 4441 ὡς
3494 4378 3625 4448 περὶ

2028 4467 2240 4537 ἀλόγων
2285 4465 2625 4520 διακεῖσθαι’
2676 4464 2798 4517 ἐπεὶ
2831 4464 2927 4516 καὶ
2960 4462 3185 4516 ἐκείνων
3213 4461 3369 4516 τοῦτό
3400 4462 3549 4514 ἐστιν
3586 4464 3620 4533 ἡ

2027 4551 2322 4622 εὐπραγία,
2353 4548 2554 4621 μᾶλλον
2583 4549 2640 4602 δὲ
2666 4547 2762 4603 καὶ
2794 4549 2852 4601 ἐν
2880 4550 2993 4611 τοῖς
3022 4547 3238 4616 ἀλόγοις
3266 4546 3436 4601 κακία
3464 4546 3623 4600 τοῦτό

2027 4638 2164 4692 ἐστι.
2194 4636 2386 4690 Πολλοὶ
2416 4633 2548 4704 γοῦν
2584 4633 2679 4686 καὶ
2702 4632 2811 4685 ὄνοι
2835 4633 2929 4685 καὶ
2957 4632 3113 4685 ἵπποι
3136 4630 3526 4703 διεφθάρησαν,
3563 4632 3621 4685 ἐν

2027 4721 2198 4792 ἀργίᾳ
2225 4721 2320 4774 κα)⁵
2348 4715 2628 4788 ἀδηφαγίᾳ
2666 4714 2886 4780 ζῶντες.
2920 4711 3072 4778 Εἶτα,
3106 4715 3198 4766 ἐπὶ
3226 4713 3327 4785 μὲν
3354 4715 3460 4768 τῶν
3491 4715 3619 4769 ἀλό-

2027 4818 2140 4869 γων
2175 4791 2361 4864 ζώων,
2397 4794 2479 4860 οἷς
2524 4799 2557 4868 ή
2596 4796 2747 4848 πᾶσα
2796 4792 2966 4866 ἀρετὴ
3016 4795 3074 4846 ἐν
3112 4791 3295 4865 εὐεξίᾳ
3342 4792 3614 4864 σώματος,

2030 4883 2292 4954 βλαϐερὸν
2333 4881 2521 4934 τοῦτο’
2573 4877 2667 4931 ἐπὶ
2712 4877 2771 4931 δὲ
2806 4876 2914 4930 τῶν
2947 4875 3273 4948 ἀνθρώπων,
3307 4875 3388 4943 οἷς
3421 4880 3529 4933 πᾶν
3557 4879 3618 4934 τὸ

2034 4969 2195 5038 κῦρος
2225 4969 2283 5020 ἐν
2315 4970 2382 5037 τῇ
2408 4965 2509 5035 τῆς
2535 4962 2713 5033 ψυχῆς
2736 4960 3002 5031 εὐγενείᾳ,
3030 4960 3233 5032 ἀρετὴν
3262 4961 3419 5016 τοῦτο
3448 4962 3613 5034 θησό-

2030 5053 2190 5125 μεθα.
2221 5053 2316 5107 καὶ
2343 5053 2444 5104 οὐκ
2475 5043 2951 5118 αίσχυνθησὸμεθα
2979 5044 3070 5097 τὸν
3096 5045 3346 5117 οὐρανὸν,
3369 5047 3463 5101 καὶ
3486 5050 3614 5113 τοὺς

2026 5139 2125 5209 τῆς
2157 5138 2337 5208 ψυχῆς
2376 5133 2532 5206 ἡμῶν
2566 5132 2849 5200 συγγενεῖς
2884 5128 3179 5198 ἀγγέλους;
3220 5130 3320 5183 οὐκ
3357 5129 3612 5203 ἐρυθριᾷς

2027 5225 2121 5277 καὶ
2146 5222 2316 5291 αὐτὴν
2337 5219 2431 5272 τοῦ
2464 5214 2716 5286 σώματος
2738 5214 2837 5286 τὴν
2862 5211 3024 5282 φύσιν
3046 5213 3142 5267 καὶ
3170 5212 3267 5284 τὴν
3293 5213 3605 5282 διάπλασινς

2025 5308 2086 5361 οὐ
2122 5306 2231 5377 γὰρ
2262 5304 2450 5374 ὥσπερ
2476 5304 2590 5365 τοῖς
2621 5299 2856 5368 ἀλόγοις,
2897 5296 3040 5350 οὕτω
3074 5297 3167 5377 καὶ
3204 5299 3335 5367 ήμῖν
3369 5297 3501 5352 αὐτὸ
3528 5299 3607 5353 διο

2025 5375 2305 5444 ετύπωσεν
2357 5389 2386 5440 6
2430 5386 2585 5450 θεὸς,
2614 5385 2729 5438 ἀλλ’
2753 5383 2829 5445 ὡς
2875 5382 3086 5452 πρέπον
3130 5375 3198 5451 ἧν
3243 5380 3432 5450 μέλλον
3460 5381 3608 5456 ψυχῇ

2024 5476 2215 5546 λογικῇ
2244 5473 2339 5527 καὶ
2368 5470 2622 5540 ἀθανάτῳ
2650 5469 2938 5522 διακονεῖν.
2981 5464 3080 5519 Διά
3125 5464 3176 5518 τί
3213 5465 3321 5535 γάρ
3364 5469 3475 5532 τοῖς
3511 5470 3610 5539 μὲν

2023 5559 2238 5627 ἀλόγοις
2267 5558 2399 5610 πᾶσι
2431 5554 2597 5608 κάτω
2617 5551 2867 5612 νεύοντας
2895 5550 3116 5620 ἐποίησε
3144 5549 3271 5610 τοὺς
3296 5548 3639 5620 ὀφθαλμοὺς-

2022 5647 2050 5699 6
2087 5645 2240 5707 Θεὸς,
2274 5642 2359 5694 σοὶ
2388 5641 2445 5693 δέ
2471 5637 2725 5707 καθάπερ
2752 5637 2811 5689 ἐν
2836 5633 3127 5705 ἀκροπόλει
3171 5636 3234 5704 τῇ
3268 5633 3477 5705 κεφαλῇ
3514 5637 3611 5705 φέ-

2025 5746 2134 5802 ρων
2166 5728 2363 5788 αὐτοὺς
2399 5723 2795 5792 ἐγκατέθηκεν;
2845 5720 2946 5772 οὐκ
2995 5718 3181 5802 ἐπειδὴ
3229 5719 3459 5802 ἐκείνοις
3508 5720 3608 5789 μὲν

2022 5801 2173 5864 οὐδὲν
2199 5805 2345 5880 πρὸς
2363 5809 2454 5861 τὸν
2481 5806 2710 5878 οὐρανὸν
2735 5803 2933 5860 κοινὸν.
2966 5802 3047 5855 σοὶ
3068 5801 3125 5855 δέ
3149 5801 3381 5872 μάλιστα
3401 5801 3469 5855 τά
3497 5803 3611 5857 ἀνω

2091 5968 2111 5996 ε
2139 5963 2273 6018 Colb.
2303 5962 2621 6027 ἐξορύττηται.

3198 6041 3278 6099 22
