4124 6442
543 373 654 433 753

546 494 907 566 περισκοπεῖν
936 492 1099 564 νόμος
1124 496 1217 549 καὶ
1250 494 1401 568 παρὰ
1429 495 1522 549 τοῦ
1552 495 1686 550 Θεοῦ
1719 497 1814 551 καὶ
1842 497 1995 570 παρά
2037 499 2139 571 τῆς

545 577 764 647 φύσεως
788 577 847 644 ἐξ
871 578 1047 648 ἀρχῆς
1074 578 1231 651 ἐτέθη
1255 597 1269 645 ;
1318 579 1416 634 Διά
1447 582 1500 634 τί
1526 584 1609 635 σοὶ
1637 582 1736 653 μὲν
1761 582 1823 636 τὸ
1853 583 2016 654 σῶμα
2042 582 2137 655 δρ-

544 661 661 713 θιον
688 659 963 730 ἐποίησεν,
992 661 1222 727 ἐκείνοις
1253 664 1311 716 δὲ
1345 664 1509 719 πάλιν
1531 665 1682 719 κάτω
1710 664 1961 729 νενευκός
1981 681 1996 732 ;
2018 665 2139 736 οὐχὶ

544 742 631 796 διὰ
659 742 760 813 τὴν
795 742 964 813 αὐτὴν
998 745 1179 799 αἰτίαν
1214 746 1395 814 πάλιν,
1430 749 1527 802 καὶ
1567 747 1663 803 ἀπ’
1698 748 1871 819 αὐτῆς
1894 748 1998 819 τῆς
2024 749 2137 802 δια-

545 823 799 889 πλάσεως
843 826 1116 882 παιδεύων
1150 846 1229 895 σε,
1268 827 1438 901 μηδὲν
1457 830 1638 885 κοινὸν
1669 830 1814 902 ἔχειν
1858 832 1997 903 πρὸς
2037 831 2138 904 τὴν

547 908 672 978 γῆν,
706 911 842 981 μήτε
887 912 1318 984 προστετηκέναι
1361 917 1474 979 τοῖς
1522 914 1759 986 παροῦσι
1805 916 2135 988 πράγμασι;

545 992 637 1063 Μὴ
662 992 838 1046 τοίνυν
868 995 1301 1067 καταπροδῶμεν
1346 997 1446 1070 τὴν
1496 998 1800 1067 εὐγένειαν,
1832 998 1967 1070 μηδέ
1998 998 2139 1071 πρὸς

545 1076 642 1148 τὴν
672 1077 782 1131 τῶν
816 1078 1028 1149 ἀλόγων
1074 1080 1388 1151 δυσγένειαν
1436 1082 1893 1154 ἐξολισθήσωμεν,
1925 1083 2014 1137 ῖνα
2061 1082 2137 1154 μὴ

543 1161 640 1215 καὶ
694 1163 823 1230 περὶ
873 1163 1030 1234 ἡμῶν
1058 1164 1222 1237 είπῃο
1252 1167 1601 1234 Ἀνθρωπος
1638 1166 1709 1221 ἐν
1753 1165 1896 1237 τιμῇ
1936 1165 2025 1221 ὢν
2064 1168 2138 1221 οὐ

545 1244 840 1313 συνῆκεν.
876 1247 950 1301 Τὸ
986 1248 1094 1320 γὰρ
1120 1252 1323 1322 τρυφῇ,
1355 1251 1451 1303 καὶ
1476 1250 1712 1321 πλούτῳ,
1745 1250 1842 1304 καὶ¹
1866 1250 2014 1322 δόξῃ,
2040 1249 2138 1303 καὶ

542 1332 657 1393 τοῖς
684 1329 921 1401 παροῦσι
947 1332 1235 1404 πράγμασι
1259 1334 1357 1404 τὴν
1383 1334 1685 1406 εὐημερίαν
1714 1333 2015 1404 ὁρίζεσθαι,
2036 1334 2159 1387 οὐκ⁸

545 1411 693 1466 ἐστιν
738 1416 1167 1487 ἐπεσκεμμένων
1198 1416 1297 1488 τὴν
1338 1417 1547 1472 οἰκείαν
1576 1419 1876 1487 εὐγένειαν,
1907 1417 2021 1472 ἀλλ’
2045 1419 2139 1471 ἀν-

546 1495 782 1568 θρώπων
831 1498 1016 1554 ἵππων
1049 1501 1145 1555 καὶ
1187 1502 1325 1555 δνων
1366 1501 1694 1574 γενομένων.
1713 1502 1873 1556 Ἀλλά
1919 1502 1995 1577 μή
2045 1502 2138 1572 γέο

1273 374 1333 432 S.
1370 376 1658 434 JOANNIS
1693 376 2182 438 CHRYSOSTOMI
2218 378 2541 439 ARCIIIEP.
2585 378 3138 438 CONSTANTINOP.

2242 499 2385 556 νοιτό
2413 515 2567 564 τινας
2585 499 2862 564 τοιούτους
2888 498 3122 553 ἐνταῦθα
3143 498 3417 571 παρεῖναι,
3444 498 3501 551 ἐν
3530 495 3672 568 ἁγίῳ
3687 496 3823 567 χορῷ

2244 580 2341 634 καὶ
2362 583 2579 655 θεάτρῳ
2619 584 2994 654 -πνευματικῷ,
3030 584 3126 637 καὶ
3167 583 3411 653 συλλόγῳ
3438 582 3700 637 θεοσεϐεῖ.
3731 581 3822 637 Διά

2238 682 2349 738 γαρ
2397 667 2557 721 τοῦτο
2601 668 2725 720 καθ’
2748 667 2987 737 ἑκάστην
3034 666 3249 737 ἡμέραν
3293 666 3445 731 θείας
3487 664 3823 737 ἀπολαύομεν

2238 751 2578 820 ἀκροάσεως,
2617 750 2707 804 τνα
2744 750 2996 823 καθάπερ
3027 750 3272 822 δρεπάνῃ
3305 750 3386 822 τῷ
3419 750 3583 821 λόγῳ,
3613 748 3680 803 τά
3712 750 3821 803 ὑλο-

2243 832 2519 905 μανοῦντα
2544 833 2693 905 πάθη
2718 834 2818 906 τῆς
2841 833 3080 897 διανοίας
3106 833 3548 905 περικόπτοντες,
3578 833 3822 905 ἔγκαρπα

2237 917 2432 990 δένδρα
2458 916 2768 988 γενώμεθα,
2800 918 2894 972 καὶ
2919 917 3132 989 καρπὸν
3159 917 3470 987 ἐνέγκωμεν
3496 916 3726 988 ῶριμον,
3752 919 3823 980 εἰς

2239 1001 2524 1073 ἀποθήκην
2550 1002 2941 1074 ἀποτιθέμενον
2973 1001 3282 1074 βασιλικὴν,
3310 1002 3465 1067 δόξαν
3492 1000 3727 1072 φέροντα
3751 1001 3822 1071 τῷ

2239 1083 2403 1154 κοινῷ
2453 1082 2700 1158 Δεσπότῃ
2744 1086 2841 1139 καὶ
2889 1084 3121 1156 γεωργῷ
3152 1084 3262 1139 τῶν
3306 1084 3594 1155 ἡμετέρων
3624 1082 3818 1155 ψυχῶν,

2242 1168 2340 1221 καὶ
2373 1169 2503 1239 ἡμῖν
2531 1167 2676 1240 ζωὴν
2701 1168 2798 1242 τὴν
2823 1170 3113 1233 ἀθάνατον,
3129 1164 3201 1243 ἦς
3219 1168 3430 1239 γένοιτο
3458 1169 3669 1232 πάντας
3686 1168 3820 1239 ἡμᾶς

2244 1254 2542 1322 ἐπιτυχεῖν,
2579 1252 2765 1326 χάριτι
2796 1254 2890 1307 καὶ
2912 1252 3293 1325 φιλανθρωπίᾳ
3318 1253 3412 1307 τοῦ
3438 1252 3650 1324 Κυρίου
3677 1251 3821 1323 ήμῶν

2257 1337 2433 1407 Ἰησοῦ
2452 1337 2711 1409 Χριστοῦ,
2734 1337 2854 1409 μεθ’
2873 1332 2936 1393 οὗ
2954 1337 3035 1409 τῷ
3055 1338 3232 1409 Πατρὶ
3258 1338 3373 1409 ἅμα
3395 1336 3473 1408 τῷ
3500 1337 3644 1409 ἁγίῳ
3664 1336 3819 1389 Πνεύ-

2248 1437 2380 1491 ματι
2406 1420 2553 1489 δόξα,
2587 1422 2680 1476 καὶ
2711 1423 2935 1495 κράτος,
2961 1421 3058 1477 καὶ
3085 1422 3220 1494 τιμὴ
3251 1424 3330 1487 εἰς
3350 1423 3475 1487 τοὺς
3500 1422 3701 1486 αἰῶνας
3719 1421 3818 1476 τῶν

2248 1504 2482 1562 αἰώνων.
2501 1507 2557 1559 Ἀ
2568 1508 2697 1579 μήν.

1123 1692 1271 1767 [⁷56]
1327 1706 1586 1793 ΠΕΡΙ
1649 1705 2214 1794 ΠΡΟΝΟΙΑΣ
2261 1707 2457 1793 ΚΑΙ
2514 1710 3271 1801 ΕΙΜΑΡΜΕΝΗΣ.

1178 1917 1371 1985 Λόγος
1391 1916 1476 1981 β’.

630 1994 686 2049 Ὀ
709 1995 1062 2065 κακολογῶν
1082 1996 1327 2066 πατέρα,
1341 1998 1379 2069 ἢ
1400 1998 1650 2071 μητέρα,
1674 1998 1908 2065 θανάτῳ
1930 2005 2138 2056 τελευ-

548 2080 719 2146 τάτω,
753 2081 940 2152 φησίνο
981 2081 1075 2136 ἐπὶ
1114 2084 1216 2155 τῆς
1257 2084 1505 2149 Παλαιᾶς
1537 2087 1566 2139 6
1595 2085 1760 2156 νόμος
1803 2085 2005 2151 ἔκειτο,
2044 2087 2137 2141 ὅτε

548 2166 611 2219 οὐ
640 2166 810 2239 πολλὴ
842 2166 1071 2238 ἀρίστης
1105 2169 1381 2233 πολιτείας
1420 2172 1452 2241 ἡ
1488 2169 1767 2241 ἀκρίϐεια,
1790 2171 1881 2225 ὅτε
1903 2172 2138 2240 εἰσαγω-

548 2250 619 2320 γὴ
641 2248 736 2304 τοῦ
761 2250 904 2304 θείου
954 2246 1044 2322 ἦν,
1071 2252 1160 2305 ὅτε
1197 2252 1423 2307 παιδικά
1451 2253 1522 2307 τὰ
1562 2253 2025 2325 παραγγέλματα,
2047 2255 2138 2308 ὅτε

547 2334 606 2386 τὸ
638 2334 800 2403 γάλα,
827 2335 915 2389 ὅτε
943 2338 971 2389 6
996 2337 1363 2407 παιδαγωγὸς,
1387 2339 1476 2392 ὅτε
1512 2338 1542 2390 6
1574 2337 1784 2411 λύχνος,
1809 2340 1897 2394 ὅτε
1918 2341 1947 2394 6
1966 2339 2137 2405 τύπος

545 2419 695 2489 καὶὴ
728 2419 876 2473 σκιά.
915 2419 981 2473 Τί
1012 2416 1105 2475 οὖν
1154 2420 1509 2497 ἂνιεῖποιμεν
1555 2423 1685 2494 περὶ
1722 2422 1831 2478 τῶν
1866 2424 1962 2478 νῦν
1988 2424 2048 2478 ἐν
2065 2427 2134 2497 τῇ

547 2502 749 2573 χάριτι,
781 2504 873 2557 καὶ
908 2505 974 2575 τῇ
1018 2504 1129 2559 τῶν
1167 2505 1508 2577 πραγμάτων
1552 2505 1802 2581 ἀληθείᾳ,
1838 2508 1933 2562 καὶ
1952 2511 2018 2580 τῇ
2044 2526 2134 2562 το-

549 2586 721 2659 σαύτῃ
757 2587 981 2656 γνώσει,
1008 2590 1127 2660 οὐχὶ
1150 2590 1363 2661 πατέρα
1395 2590 1489 2644 καὶ
1527 2591 1741 2667 μητέρα
1770 2593 2135 2663 κακολογούν-

545 2686 675 2736 των,
702 2670 816 2724 ἀλλ’
843 2672 1005 2726 αὐτὸν
1026 2673 1116 2726 τὸν
1139 2674 1248 2728 τῶν
1272 2675 1408 2728 ὅλων
1433 2674 1563 2729 Θεόν
1583 2675 1698 2744 ;τίς
1717 2677 1844 2740 τοὺς
1861 2677 2136 2743 τοιούτους

544 2746 1038 2827 δέξεταιτιμωρίας
1060 2756 1189 2811 ποία
1209 2756 1288 2828 τῷ
1313 2758 1496 2829 μέτρῳ
1512 2759 1612 2829 τῆς
1638 2760 1837 2822 κακίας
1859 2760 2136 2832 διαρκέσει

547 2837 800 2903 mam;
830 2840 984 2901 ποῖος
1009 2838 1066 2892 δὲ
1097 2840 1268 2910 πυρὸς
1294 2841 1562 2911 ποταμὸς,
1585 2838 1736 2906 ποῖος
1770 2842 1988 2915 σκώληξ
2015 2844 2138 2898 ἀτε-

548 2923 825 2995 λεύτητος,
858 2925 1010 2978 ποῖον
1047 2923 1238 2988 σκότος
1263 2924 1550 2995 ἐξώτερον,
1590 2929 1720 2997 ποῖα
1747 2928 1948 2999 δεσμὰ,
1983 2932 2137 2996 ποῖος

551 3007 816 3079 βρυγμὸς,
842 3010 993 3072 ποῖος
1029 3007 1337 3080 κλαυθμός;
1380 3008 1565 3063 Πάντα
1615 3009 1825 3066 ἐλάττω
1858 3011 1928 3067 τά
1964 3011 2135 3084 βασα-

550 3093 822 3164 νιστήρια,
867 3093 964 3147 καὶ
1006 3092 1076 3147 τά
1133 3093 1264 3147 ὄντα
1304 3093 1501 3149 καὶτὰ
1543 3094 1807 3166 μέλλοντα
1856 3097 1957 3168 τῆς
1994 3097 2137 3173 οὕτω

550 3174 900 3248 διακειμένης
926 3176 1125 3249 ψυχῆς,
1154 3178 1254 3249 τῆς
1285 3179 1422 3251 πρὸς
1463 3179 1719 3236 τοσοῦτον
1750 3181 1951 3246 κακίας
2000 3200 2135 3239 κατ-

551 3260 884 3333 ενεχθείσης.
911 3262 1267 3335 Βλασφημίας
1294 3264 1352 3318 δὲ
1383 3265 1573 3337 τρόποι
1600 3265 1788 3321 πολλοὶ
1825 3267 1920 3321 καὶ
1947 3267 2136 3338 διάφο·

553 3361 657 3416 ροι·
686 3344 876 3417 διόπερ
901 3347 1199 3417 ἀναγκαῖον
1226 3348 1423 3415 αὐτοὺς
1444 3349 1701 3404 ἐκθέσθαι
1720 3351 1980 3423 τήμερον,
1996 3350 2163 3406 ῶστε“

555 3428 693 3499 μήτε
716 3430 939 3494 ἑκόντας
969 3431 1076 3485 τινὶ
1098 3430 1324 3504 τοιούτῳ
1344 3436 1683 3505 περιπεσεῖν,
1718 3435 1857 3506 μήτε
1884 3435 2007 3491 τινὰ
2029 3436 2140 3491 τῶν

554 3512 743 3579 φίλων,
781 3514 918 3585 μήτε
954 3514 1146 3587 ἐχθρὸν
1181 3516 1583 3588 περιπίπτοντα
1624 3518 1889 3591 παριδεῖν.
1925 3520 2000 3574 O6
2030 3521 2141 3592 γάρ

554 3598 722 3662 ἐστιν,
755 3597 855 3651 οὐκ
883 3597 1001 3652 ἐστι
1050 3599 1258 3673 ταύτης
1304 3600 1548 3674 ἁμαρτία
1600 3602 1823 3676 χείρων,
1870 3604 1987 3659 ἀλλ’
2016 3606 2142 3662 οὐδὲ

555 3682 667 3749 ίση.
694 3679 832 3733 ἀλλά
862 3683 957 3734 καὶ
1003 3682 1293 3755 προσθήκη
1353 3685 1541 3741 κακῶν
1585 3684 1746 3741 τοῦτό
1802 3689 1940 3755 ἐστι,
1991 3692 2085 3744 καὶ
2112 3689 2142 3744 δ

457 3814 459 3816 .
555 3764 734 3816 πάντα
789 3766 1010 3835 συγχεῖ,
1049 3766 1146 3820 καὶ
1195 3766 1579 3837 ἀσύγγνωστον
1634 3769 1749 3841 ἔχει
1797 3772 2020 3827 κόλασιν
2046 3775 2143 3829 καὶ

555 3845 834 3917 ἀφόρητον
854 3848 1146 3919 τιμωρίαν.
1190 3849 1348 3915 Τίνες
1376 3852 1512 3909 εἰσὶν
1544 3854 1593 3907 οί
1639 3855 1730 3908 τὸν
1769 3855 1903 3911 Θεὸν
1953 3858 2143 3923 κακῶς

556 3928 845 4015 λέγοντες;
882 3932 946 4015 QE
976 3935 1042 4004 τῇ
1074 3934 1239 4005 σοφίᾳ
1287 3938 1388 4007 τῆς
1438 3938 1695 4009 προνοίας
1734 3939 1901 3995 αύτοῦ
1950 3941 2051 4015 τὴν
2077 3944 2145 3998 ἐκ

557 4012 657 4096 τῆς
681 4013 1020 4086 εἱμαρμένης
1042 4016 1269 4084 ἀταξίαν
1293 4020 1390 4074 καὶ
1420 4019 1667 4094 ἀνάγκην
1696 4012 2139 4096 ἐπιτειχίζοντες.

557 4095 671 4149 Καὶ
694 4096 755 4150 τὸ
787 4096 885 4168 μέν
916 4099 1042 4162 τοὺς
1070 4100 1353 4166 ἀπίστους,
1388 4103 1485 4158 καὶ⁵
1508 4104 1647 4175 πρὸς
1681 4105 1814 4171 ξύλα
1845 4095 1940 4162 καὶ
1963 4108 2145 4175 λίθους

562 4181 893 4253 κεχηνότας,
937 4185 1033 4238 καὶ
1084 4184 1516 4258 θεραπεύοντας,
1568 4191 1773 4262 ταύτην
1813 4197 1990 4248 νοσεῖν
2043 4197 2145 4266 τὴν

560 4264 735 4329 νόσον,
765 4265 1077 4338 θαυμαστὸν
1101 4269 1275 4325 οὐδέν’
1306 4271 1370 4325 τὸ
1393 4271 1451 4325 δὲ
1470 4274 1597 4338 τοὺς
1616 4274 1821 4348 ταύτης
1851 4278 1949 4348 μὲν
1970 4264 2146 4333 ἀπαλ-

560 4348 825 4418 λαγέντας
847 4350 949 4421 τῆς
971 4351 1176 4422 πλάνης
1197 4354 1292 4408 καὶ
1308 4355 1405 4425 τῆς
1429 4356 1692 4422 δουλείας,
1706 4359 2142 4429 καταξιωθέντας

560 4432 620 4486 δέ
655 4433 747 4488 τὸν
780 4435 874 4488 ἐπὶ
904 4435 1122 4490 πάντων
1146 4434 1341 4491 ειδέναι
1366 4438 1520 4504 Θεὸν,
1540 4440 1630 4495 τὸν
1657 4442 1831 4514 ἀληθῆ
1859 4445 1954 4498 καὶ
1975 4445 2147 4514 ὅντως

562 4518 716 4583 Θεὸν,
732 4519 995 4592 ὥσπερέκ
1020 4537 1165 4584 τινος
1185 4522 1526 4595 παλιρροίας,
1543 4524 1680 4598 πρὸς
1695 4527 1912 4601 ἐκείνην
1940 4532 2147 4588 ὑποσύ-

568 4604 758 4676 ρεσθαι
790 4604 887 4677 τὴν
928 4602 1118 4675 ζάλην,
1157 4606 1249 4659 τὸν
1305 4605 1563 4680 λογισμὸν
1593 4621 1619 4650 α
1654 4610 1749 4664 καλ⁵
1786 4613 1889 4685 τὴν
1925 4621 2146 4687 μανίαν,

564 4688 725 4743 τοῦτό
750 4692 866 4744 ἐστι
893 4688 953 4743 τὸ
988 4689 1310 4757 δεινότατον,
1339 4693 1434 4746 καὶ
1458 4691 1670 4747 πολλῶν
1703 4693 1873 4762 ὅντως
1895 4697 2148 4771 δακρύων

510 4816 526 4829 .
567 4773 662 4826 καὶ
717 4772 929 4845 θρήνων
977 4772 1147 4839 ἀξιον·
1201 4775 1331 4830 ὅταν
1368 4776 1419 4828 οί
1451 4776 1542 4830 τὸν
1598 4778 1837 4849 Χριστὸν
1898 4781 2149 4851 λέγοντες

566 4858 914 4926 προσκυνεῖν,
937 4857 1033 4911 καὶ
1053 4857 1324 4913 τοσούτων
1343 4860 1773 4928 καταξιωθέντες
1809 4867 2146 4938 μυστηρίων,

568 4939 664 4993 καὶ
697 4937 807 4993 τῶν
838 4940 1166 5012 ἀπορρήτων
1194 4942 1556 5013 μετασχόντες
1578 4944 1889 5014 δογμάτων,
1928 4937 2023 5004 καὶ
2047 4950 2150 5022 τῆς

574 5022 763 5092 σοφίας
791 5023 891 5094 τῆς
933 5022 995 5087 ἐξ
1035 5024 1279 5097 οὐρανῶν
1303 5029 1436 5098 ἡμῖν
1481 5030 1976 5102 κατενηνεγμένης,
2013 5033 2151 5103 μετά

569 5105 665 5176 τὴν
689 5106 959 5176 τοσαύτην
985 5107 1149 5178 τιμὴν
1177 5103 1246 5179 ἦς
1271 5109 1676 5165 ἀπολελαύκασι
1697 5111 1853 5185 παρὰ
1880 5113 1973 5169 τοῦ
1990 5116 2148 5181 Θεοῦ,

570 5189 788 5254 ἑκόντες
808 5190 1033 5253 ἑαυτοὺς
1056 5191 1557 5263 κατακρημνίζωσι,
1570 5195 1673 5267 τῆς
1695 5197 1795 5266 μὲν
1814 5195 2147 5272 ἐλευθερίας,

570 5274 638 5343 ἣν
676 5273 860 5338 αὐτοῖς
901 5276 930 5327 6
976 5272 1110 5337 Θεὸς
1151 5274 1464 5345 ἐχαρίσατο,
1503 5278 1644 5348 μετὰ
1685 5279 1888 5350 πολλῆς
1926 5281 2152 5351 ἀλογίας

572 5358 798 5422 ἑαυτοὺς
824 5358 1167 5424 ἐκϐαλόντες,
1222 5358 1435 5432 δουλείᾳ
1460 5360 1516 5415 δέ
1550 5363 1912 5438 χαλεπωτάτῃ
1948 5365 2154 5421 ὑποϐα-

573 5440 756 5505 λόντες
792 5444 1040 5508 ἑαυτοὺς,
1079 5444 1177 5497 καὶ
1231 5446 1709 5516 τυραννικωτάτην
1734 5448 2028 5518 τυραννίδα
2053 5450 2152 5521 τὴν

573 5525 675 5578 οὐκ
707 5521 871 5580 οὖσαν
926 5528 1358 5590 ἀναπλάττοντες
1397 5526 1485 5581 διὰ
1531 5527 1640 5582 τῶν
1691 5527 2004 5600 λογισμῶν,
2058 5535 2154 5588 καὶ

576 5611 759 5664 πᾶσαν
791 5610 985 5666 ἐλπίδα
1036 5612 1283 5684 χρηστὴν
1321 5611 1703 5677 ἐκκόπτοντες.
1752 5614 1848 5666 καὶ
1885 5614 1956 5669 τὰ
1983 5617 2153 5687 νεῦρα

573 5693 684 5746 τῶν
705 5693 846 5765 ὑπὲρ
866 5695 1069 5766 ἀρετῆς
1092 5695 1507 5749 ἐσπουδακότων
1535 5696 1791 5765 ἐκτεμεῖν
1810 5698 2153 5771 ἐπιχειροῦν-

574 5791 688 5837 τες.
734 5776 1000 5846 Καθάπερ
1022 5780 1078 5830 ἐν
1105 5778 1326 5848 πολέμῳ
1364 5779 1703 5849 στρατιώτας
1734 5782 2035 5848 γενναίους,
2058 5786 2153 5838 καὶ

578 5858 676 5927 τὴν
700 5856 875 5927 ψυχὴν
905 5859 1072 5929 αὐτὴν
1097 5859 1236 5931 ὑπὲρ
1274 5861 1372 5932 τῆς
1418 5862 1669 5935 πατρίδος
1715 5864 1962 5934 ἑτοίμους
1995 5867 2154 5932 ὄντας

582 5944 891 6010 ἐπιδοῦναι,
937 5945 1045 6000 τῶν
1083 5946 1290 6017 ἐχθρῶν
1318 5966 1403 6012 τις
1454 5946 1596 6016 ίδὼν,
1649 5950 1744 6002 καὶ
1783 5949 1857 6023 μὴ
1903 5950 2152 6025 δυνηθεὶς

644 6051 667 6078 ⁸
691 6049 809 6099 Colb
853 6049 996 6107 ζάλην
1020 6052 1115 6098 τῶν
1135 6053 1388 6113 >ογισμῶν.

2238 1913 2413 1986 ἑτέρῳ
2460 1910 2809 1982 καταϐλάψαι
2834 1910 3043 1983 τρόπῳ,
3069 1911 3207 1984 μηδὲ
3230 1909 3543 1981 ἀποστῆσαι
3567 1910 3666 1982 τῆς
3692 1911 3818 1983 ὑπὲρ

2235 1996 2330 2053 τοῦ
2367 1994 2629 2067 βασιλέως
2652 1994 2983 2067 προθυμίας,
3008 1993 3147 2066 μηδὲ
3182 1993 3408 2062 ποιῆσαι
3438 1993 3671 2058 δειλοὺς,
3693 1994 3815 2066 μηδὲ

2241 2081 2602 2157 μηχανήμασι
2641 2078 2796 2152 [757]
2826 2078 3234 2151 περιγενέσθαι,
3263 2078 3466 2150 ἑτέρως
3490 2078 3814 2151 λυμήναιτο,

2236 2166 2452 2222 πείθειν
2478 2163 2506 2203 ι)
2540 2165 2838 2235 ἐπιχειρῶν
2889 2164 2967 2228 ὡς
3013 2165 3137 2235 είκῆ
3168 2164 3265 2218 καὶ
3297 2164 3477 2235 μάτην
3503 2166 3598 2218 καὶ
3626 2165 3710 2219 ἐπ’
3735 2165 3816 2218 o6-

2234 2252 2347 2307 δενὶ
2374 2248 2630 2305 τοσοῦτον
2664 2248 3065 2303 ἐπιδείκνυνται
3091 2248 3271 2314 πόνον,
3294 2247 3435 2302 ὥστε
3456 2249 3643 2304 αὐτῶν
3670 2249 3815 2303 ἐκλῦ-

2240 2355 2330 2392 σαι
2365 2335 2465 2400 τάς
2495 2337 2709 2407 χεῖρας,
2739 2333 2882 2389 ὥστε
2910 2333 3089 2389 αὐτῶν
3113 2331 3444 2389 καταϐαλεῖν
3467 2333 3573 2406 τὴν
3602 2332 3812 2407 ρώμην,

2238 2423 2381 2478 ὥστε
2409 2421 2603 2476 σϐέσαι
2634 2419 2735 2493 τὴν
2760 2418 3094 2491 προθυμίαν,
3113 2418 3253 2473 ὥστε
3273 2417 3361 2471 διὰ
3387 2418 3614 2472 πάντων
3632 2417 3817 2472 τούτων

2237 2506 2550 2578 ἀποστῆσαι
2612 2504 2712 2576 μὲν
2765 2504 2868 2574 τῆς
2920 2503 3052 2576 περὶ
3112 2501 3204 2557 τὸν
3257 2501 3500 2573 πόλεμον
3563 2501 3812 2572 σπουδῆς,

2237 2593 2484 2663 γυμνοὺς
2504 2591 2563 2645 δὲ
2594 2590 2689 2644 καὶ
2714 2587 2952 2652 ἀόπλους
2987 2588 3239 2660 νομίσας,
3275 2585 3605 2657 δεδεμένους
3631 2586 3814 2657 αἰχμα-

2237 2679 2445 2741 λώτους
2495 2674 2707 2730 λαϐεῖν’
2762 2673 2907 2728 οὓτω
2960 2673 3055 2728 καὶ
3119 2674 3149 2728 6
3196 2671 3442 2735 διάϐολος
3508 2670 3812 2743 πεποίηκεν.

2248 2762 2472 2827 Ἐπειδὴ
2507 2761 2657 2833 ἐώρα
2687 2762 2754 2831 τῇ
2790 2759 2977 2831 χάριτι
3009 2757 3104 2812 τοῦ
3142 2756 3280 2811 Θεοῦ
3328 2756 3391 2810 τὸ
3425 2755 3592 2811 πλέον
3628 2756 3723 2825 τῆς
3748 2755 3815 2808 οί-

2237 2846 2512 2918 κουμένης
2536 2841 2952 2912 καταγελῶντας
2994 2841 3092 2912 μὲν
3116 2841 3215 2911 τῆς
3247 2838 3572 2910 Ἑλληνικῆς
3601 2837 3810 2906 πλάνης,

2238 2930 2404 2986 παντὶ
2428 2929 2485 2983 δὲ
2513 2926 2673 2999 θυμῷ
2704 2926 2801 2980 καὶ
2822 2925 2972 2997 πάσῃ
2999 2924 3145 2996 ψυχῇ
3168 2924 3257 2977 τὸν
3275 2922 3418 2996 ὑπὲρ
3432 2922 3537 2994 τῆς
3556 2919 3814 2983 εὐσεϐείας

2238 3011 2644 3087 πρεσϐεύοντας
2688 3008 2878 3079 λόγον,
2947 3004 3068 3063 εἷτα
3110 3009 3175 3061 ἐκ
3232 3007 3425 3061 τούτου
3481 3005 3686 3077 πολλὴν
3728 3004 3813 3075 μὲν

2237 3099 2444 3172 ἀρετῆς
2471 3094 2803 3168 γιγνομένην
2853 3091 3128 3163 σπουδὴν,
3175 3089 3376 3162 πολλὴν
3424 3089 3483 3142 δὲ
3533 3087 3811 3161 ὑπεροψίαν

2239 3182 2459 3247 κακίας,
2483 3178 2769 3252 προελθεῖν
2799 3175 2899 3248 μέν
2926 3176 3023 3230 καὶ
3056 3173 3308 3246 φανερῶς
3330 3175 3535 3239 είπεῖν,
3560 3173 3810 3241 ἀπόστητε

2238 3266 2335 3322 τοῦ
2365 3261 2629 3337 Χριστοῦ,
2658 3259 3069 3329 καταγελάσατε
3097 3256 3207 3312 τῶν
3242 3258 3374 3328 παρ’
3412 3256 3585 3311 αὑτοῦ
3627 3253 3811 3325 δογμάο

2238 3369 2374 3418 των,
2418 3349 2588 3423 μῦθός
2620 3350 2736 3402 ἐστι
2760 3344 2831 3401 τὰ
2856 3344 3070 3398 ἐκείνου
3100 3342 3194 3396 καὶ
3228 3341 3433 3423 πλάνη,
3480 3341 3718 3413 πονηρός
3737 3338 3811 3423 τίς

2243 3438 2361 3490 ἐστι
2413 3420 2510 3489 καὶ
2560 3429 2950 3502 ἀπάνθρωπος,
2982 3428 3042 3481 οὐ
3101 3426 3297 3498 τολμᾷο
3336 3421 3446 3480 οἷδε
3490 3424 3605 3497 γάρ
3659 3420 3812 3493 ταύτῃ

2245 3518 2448 3591 μᾶλλον
2479 3515 2935 3586 ἀποπηδήσοντας
2990 3509 3156 3565 αὐτοῦ
3203 3508 3303 3579 τῆς
3347 3509 3698 3591 τυραννίδος,
3731 3506 3812 3591 καὶ

2246 3589 2579 3676 μισήσοντας
2606 3597 2771 3653 αὐτὸν
2796 3595 3081 3668 μειζόνως.
3101 3592 3201 3676 Διά
3220 3592 3381 3676 τοῦτο
3403 3591 3508 3663 μὲν
3542 3592 3601 3658 ἐξ
3620 3589 3813 3676 εὐθείας

2242 3675 2345 3744 οὐκ
2378 3684 2589 3753 εἰσάγει
2614 3681 2714 3753 τὴν
2746 3677 3105 3751 κατηγορίαν,
3135 3675 3320 3747 κύκλῳ
3341 3675 3400 3729 δέ
3421 3676 3671 3747 περιιὼν,
3697 3675 3812 3728 ὑπο-

2246 3770 2463 3842 σπείρει
2494 3766 2672 3838 λάθρα
2718 3764 2810 3820 τὸν
2846 3761 3064 3817 ίὺν.τῶν
3111 3759 3388 3815 δυσσεϐῶν
3429 3756 3812 3842 δογμάτων,τδ

2248 3855 2347 3927 μὲν
2369 3841 2545 3907 δοκεῖν
2570 3849 2731 3921 ἀφεὶς
2772 3847 2955 3919 μένειν
2983 3847 3042 3899 ἐν
3071 3847 3139 3917 τῇ
3162 3845 3365 3910 πίστει,
3394 3846 3461 3916 τῇ
3489 3844 3553 3899 δὲ
3582 3841 3808 3927 ἀληθεία,

2245 3923 2541 4010 πρόρριζον
2565 3932 2735 4005 αὐτὴν
2761 3928 3044 3995 ἀνασπῶν,
3084 3928 3181 3983 καὶ⁵
3210 3928 3387 3983 πάντα
3416 3926 3707 3982 καταλύων
3726 3923 3811 4010 τῆς

2245 4007 2503 4090 ἀληθείας
2533 4016 2603 4071 τά
2624 4016 2891 4087 δόγματα,
2915 4013 3012 4066 καὶ
3040 4011 3245 4083 πολλὴν
3265 4009 3359 4064 τοῦ
3381 4010 3520 4065 Θεοῦ
3552 4007 3811 4080 καταχέων

2244 4104 2503 4176 διαϐολὴν
2530 4099 2682 4173 παρὰ
2718 4101 2833 4162 τοῖς
2868 4095 3238 4169 πειθομένοις.
3267 4095 3367 4150 Διά
3406 4095 3569 4150 τοῦτο
3592 4094 3731 4164 αὐτῷ
3758 4091 3812 4144 τὸ

2244 4189 2572 4261 δηλητήριον
2589 4183 2768 4249 τοῦτο,
2787 4182 2881 4236 καὶ
2905 4180 2974 4235 τά
2994 4180 3342 4252 θανατηφόρα
3360 4179 3463 4250 τῆς
3488 4176 3810 4264 εἱμαρμένης

2246 4259 2684 4329 κατεσκεύασται
2735 4269 3024 4339 φάρμακα,
3067 4266 3157 4321 ἵνα
3210 4265 3393 4320 πάντα
3440 4267 3588 4336 άπερ
3617 4259 3759 4317 εἷπον
3787 4269 3807 4297 ε

2247 4359 2426 4430 λάθρα
2453 4355 2745 4425 εἰσαγάγῃ,
2782 4350 2870 4438 ἵνα
2921 4350 3077 4438 κενὸν
3116 4349 3460 4438 ήμῶν-δείξῃ
3484 4350 3547 4438 τὸ
3575 4348 3810 4438 φρόνημα

2248 4444 2343 4497 καὶ
2367 4442 2467 4514 τὴν
2508 4440 2692 4493 πίστιν
2743 4434 2927 4508 κενὴν,
2978 4436 3067 4489 ἴνα
3100 4434 3344 4506 πονηρὰν
3382 4436 3514 4509 περὶ
3556 4433 3647 4489 τοῦ
3691 4432 3811 4485 Θεοῦ

2248 4531 2414 4600 πείσῃ
2440 4525 2568 4588 τοὺς
2596 4521 2918 4593 ἀνθρώπους
2946 4520 3129 4591 ψῆφον
3173 4519 3338 4592 ἐχειν·
3366 4522 3505 4593 ὅπερ
3535 4516 3627 4574 οὖν
3649 4518 3736 4573 καὶ
3761 4519 3813 4568 ἐν

2248 4611 2391 4682 ἀρχῇ
2427 4606 2728 4677 πεποίηκεν
2751 4605 2842 4659 ἐπὶ
2868 4604 2962 4658 τοῦ
3005 4604 3201 4675 Ἀδὰμ,
3257 4604 3515 4679 καθάπερ
3566 4600 3811 4675 βάσκανόν

2248 4711 2370 4749 τινα
2401 4692 2496 4748 καὶ
2526 4689 2787 4762 φθονερὸν
2837 4686 3111 4742 διαϐαλὼν
3144 4688 3236 4743 τὸν
3291 4688 3447 4744 Θεόν.
3503 4690 3674 4743 Μόνον
3713 4683 3811 4753 γὰρ

2249 4778 2370 4848 οὐχὶ
2399 4776 2572 4839 οὕτως
2598 4773 2781 4842 ἔλεγεν
2815 4771 2885 4825 δι’
2916 4766 2993 4828 ὧν
3014 4772 3267 4845 παρῄνεν
3293 4772 3433 4843 ᾔδει,
3450 4772 3675 4843 φησὶν,δ
3693 4766 3809 4828 Θεὸς

2249 4863 2331 4917 ὅτι
2361 4860 2743 4931 ἀνοιγήσονται
2787 4855 2941 4928 ὑμῶν
2971 4857 3022 4910 οἱ
3055 4854 3349 4926 ὀφθαλμοὶ,
3386 4855 3502 4927 ᾔδει
3532 4856 3615 4909 ὅτι
3639 4848 3807 4905 ἔσεσθε

2250 4944 2325 5011 ὡς
2350 4944 2483 5008 θεοὶ,
2523 4941 2820 5013 ἐφθόνησεν
2869 4941 3020 5011 ὑμῖν,
3079 4938 3382 4993 ἐϐάσκανεν
3416 4939 3544 5010 ὑμῖν
3585 4932 3806 5007 μείζονος

2251 5029 2438 5099 τιμῆς.
2472 5028 2535 5080 Εἰ
2563 5025 2672 5097 γὰρ
2698 5025 2790 5077 καὶ
2821 5022 2896 5095 μὴ
2930 5022 3243 5095 προσετίθει
3279 5021 3454 5076 ταῦτα
3478 5021 3545 5075 τά
3576 5020 3803 5099 ῥήματα.

2252 5097 2428 5167 ταῦτα
2453 5111 2635 5172 αὐτοῖς
2666 5109 2760 5178 ἀφ’
2787 5102 2862 5162 ὧν
2912 5107 3097 5176 ἔλεγεν
3131 5107 3461 5160 ὑποπτεύειν
3493 5104 3675 5158 ἐδίδου.
3709 5097 3806 5153 Καὶ

2252 5199 2354 5271 δρα
2374 5196 2472 5268 τὴν
2497 5193 2853 5266 κακουργίαν.
2881 5190 3213 5261 Ἀνατρέψας
3242 5189 3337 5243 τοῦ
3358 5187 3492 5243 Θεοῦ
3513 5187 3606 5271 τὴν
3623 5185 3801 5271 ψῆφον,

2252 5263 2346 5337 καὶ
2382 5263 2553 5335 εἰπὼν
2574 5280 2657 5332 ὅτι
2677 5263 2903 5349 ’μεγάλα
2935 5275 3118 5338 αὐτοῖς
3147 5273 3329 5342 ἀγαθά
3358 5272 3508 5327 ἐσται
3539 5270 3611 5342 μὴ
3644 5263 3804 5349 πειθοξ

2257 5366 2439 5436 μένοις
2462 5361 2630 5433 αὐτῷ,
2658 5346 2790 5424 οἷον,
2815 5358 3015 5424 ἄνοιξις
3034 5357 3332 5428 ὀφθαλμῶν
3352 5358 3448 5411 καὶ
3474 5346 3802 5436 ίσοθεῖαηκαξ

2252 5429 2463 5518 γνῶσις,
2487 5429 2796 5517 ἠρτημένη,
2827 5442 3014 5496 οὐκέτι
3041 5439 3388 5512 προσέθηκεν
3425 5440 3507 5493 ὅτι
3540 5433 3757 5518 πονηρὸς
3778 5429 3803 5480 ὁ

2252 5530 2457 5585 τούτων
2482 5528 2784 5598 ἀπείργων,
2816 5526 2905 5580 ἵνα
2943 5524 3018 5596 μὴ
3059 5522 3187 5598 δόξῃ
3235 5523 3487 5594 καθάπερ
3524 5517 3703 5591 ἐχθρός
3729 5528 3801 5575 τις

2255 5616 2351 5669 καὶ
2385 5612 2646 5684 πολέμιος
2675 5611 2850 5680 λέγων
2899 5608 3308 5678 ἀπολογεῖσθαι,
3350 5607 3485 5662 ἀλλὰ
3535 5604 3801 5676 πρόσωπον

2260 5698 2564 5771 συμϐούλου
2628 5697 2723 5750 καὶ
2787 5696 3084 5768 κηδεμόνος
3138 5694 3374 5760 ὑποδὺς,
3427 5690 3801 5771 εὐπαράδεκτον

2259 5766 2463 5855 ποιήσῃ
2490 5782 2589 5853 τὴν
2619 5778 2793 5851 κακὴν
2827 5766 3166 5849 παραίνεσιν·
3198 5776 3226 5830 ὃ
3245 5777 3309 5848 δὴ
3336 5777 3434 5830 καὶ
3458 5777 3680 5846 γέγονεν.
3710 5766 3799 5823 Οὖ-

2322 5874 2351 5913 b
2376 5875 2669 5944 Λυμήνῃται,
2689 5873 2745 5921 τὸ
2766 5889 2821 5944 π.
2857 5872 2986 5944 Ξεινὶί
3029 5871 3278 5944 e_t_Morel.
3305 5872 3356 5920 In
3379 5873 3522 5944 (ἔθη),
3547 5864 3797 5944 Ιθείιιινῗλνς

2261 5938 2433 6003 privato
2450 5922 2623 5984 πείθειν
2646 5922 2903 6003 fnendnsq,
2929 5941 2983 5984 ul
3018 5936 3231 5992 videtur,
3272 5948 3361 5997 pro
3390 5922 3683 6003 λυμῆναῖτὲξ
3707 5922 3796 6003 πεί·

2259 5990 2369 6047 θεέ-ι.
2389 5997 2491 6046 Ima
2510 5996 2767 6056 optativum
2780 5990 2972 6044 mndiun
2991 6009 3156 6045 sensus
3176 5990 3540 6105 et’gfamnml'icd
3560 5990 3792 6067 [equimu-

2321 6061 2345 6091 ο
2375 6062 2455 6105 Sic
2474 6059 2607 6105 cum.
2635 6067 2783 6105 recte.
2817 6058 2985 6105 Man-1.
3021 6072 3135 6105 vero
3156 6065 3207 6105 el
3251 6060 3379 6105 ἀγῇ.
3404 6060 3520 6105 ἅπερ
3540 6071 3646 6103 um.

2321 6061 2345 6091 ⁸
2375 6062 2455 6108 Sic
2474 6059 2607 6109 Cuib.
2635 6067 2783 6107 recte.
2817 6058 2985 6107 Morel.
3021 6072 3135 6106 vero
3156 6065 3207 6106 el
3230 6058 3379 6107 Savil.
3404 6060 3520 6119 ἅπερ
3540 6058 3646 6103 εἷπε.

3218 6154 3235 6177 κ

3724 378 3819 436 τοι
3928 377 3939 381 ’
