4124 6454
295 423 407 478 755

298 534 519 601 indidit,
553 533 647 589 tibi
678 548 806 590 vero
838 532 888 590 in
918 536 1093 607 capite
1120 553 1218 594 ceu
1263 540 1315 594 in
1360 555 1482 596 arce
1526 543 1645 597 illos
1674 544 1905 598 colloca-

299 626 417 680 vit?
462 641 641 681 nonne
683 627 805 698 quia
836 628 939 683 illis
971 630 1098 684 nihil
1139 646 1259 686 cum
1291 633 1424 686 (uelo
1463 648 1782 702 cortinulae,
1814 635 1906 690 tibi

298 732 434 772 vero
454 728 512 772 ut
532 732 764 788 superna
791 723 1255 791 contemplarcris,
1284 724 1365 777 lex
1392 740 1421 777 a
1453 725 1561 779 Deo
1581 734 1634 779 ct
1659 741 1687 779 a
1719 735 1905 781 natura

300 809 418 876 ipsa
449 808 516 862 ab
546 809 697 863 initio
740 811 908 879 posita
937 812 1058 866 est?
1095 813 1201 868 Cur
1245 829 1441 885 corpus
1483 824 1628 870 tuum
1668 827 1906 872 erectum

307 899 455 961 fecit,
491 898 595 953 illis
626 914 756 955 vero
787 903 1052 970 pronum?
1080 920 1258 960 annon
1298 907 1485 962 eadem
1513 907 1580 963 de
1620 924 1780 964 causa
1805 952 1818 975 ,
1847 919 1908 965 ut

301 1004 369 1042 ex
401 989 515 1058 ipsa
543 989 862 1048 formatione
892 994 1129 1049 erudiret
1159 1005 1230 1062 te,
1263 1007 1318 1050 ut
1348 997 1475 1051 nihil
1505 1013 1790 1054 commune
1821 1000 1909 1054 ha-

307 1081 469 1135 beres
496 1097 618 1136 cum
643 1091 783 1138 terra
807 1126 823 1150 ,
856 1101 1029 1154 neque
1072 1089 1421 1156 prmsentibus
1468 1091 1627 1146 rebus
1665 1091 1907 1148 adhazre-

304 1174 428 1228 res?
454 1174 531 1230 Ne
561 1175 740 1247 itaque
766 1178 1096 1234 nobilitatem
1123 1182 1408 1251 prodamus
1435 1193 1701 1251 nostram,
1731 1202 1906 1257 neque

305 1264 375 1318 ad
408 1264 685 1321 brutorum
729 1269 1113 1338 ignobilitatem
1153 1273 1483 1340 delabamur,
1530 1293 1596 1333 ne
1642 1278 1710 1333 de
1751 1281 1905 1335 nobis

308 1354 453 1409 dicat
478 1357 645 1412 illud:
675 1358 841 1414 Ilomo
869 1378 984 1415 cum
1011 1365 1063 1416 in
1093 1364 1285 1418 honore
1313 1377 1474 1433 esset,
1510 1384 1613 1421 non
1654 1370 1902 1425 intellexit

311 1444 477 1519 (Psal.
505 1450 595 1504 48.
627 1450 743 1521 21).
776 1452 908 1506 Nam
937 1454 1143 1509 deliciis
1164 1497 1178 1521 ,
1211 1455 1441 1522 divitiis,
1473 1458 1658 1528 gloria,
1672 1476 1906 1529 praesen-

316 1540 568 1611 tibusque
607 1544 770 1599 rebus
799 1543 1109 1601 felicitatem
1137 1548 1261 1602 vitae
1287 1551 1728 1606 circumscribere
1747 1593 1763 1619 ,
1798 1569 1902 1609 non

1449 430 1535 485 DE
1568 429 1747 485 FATO
1790 429 1874 483 ΕΤ
1917 429 2397 494 PROVIDENTIA.
2439 438 2505 495 ll.
2602 512 2607 515 _

3505 452 3606 506 75-5

2016 558 2098 603 est
2132 550 2404 607 hominum
2448 554 2715 624 propriam
2749 556 3073 614 nobilitatem
3119 561 3622 632 considerantium,
3692 560 3695 563 ’

2013 639 2107 694 sed
2139 639 2412 697 hominum
2446 646 2599 715 equis
2635 655 2690 702 et
2717 648 2883 703 asinis
2921 649 3196 704 similium.
3227 651 3423 707 Verum
3468 655 3607 710 absit

2016 738 2072 783 ut
2104 731 2236 786 tales
2263 731 2349 787 hic
2377 734 2556 789 adsint
2586 736 2640 790 in
2667 746 2855 794 sancto
2881 737 3048 794 choro
3090 755 3153 796 ac
3199 742 3408 798 theatro
3446 745 3607 813 spiri-

2015 821 2165 887 tuali,
2197 834 2573 895 conventuque
2612 827 2882 899 religioso.
2908 829 3033 885 ideo
3077 832 3219 886 enim
3249 834 3485 901 quotidie
3519 835 3607 889 di-

2015 912 2121 966 vini
2156 915 2305 969 verbi
2336 916 2713 985 prmdicationc
2741 918 2987 989 fruimur,
3017 931 3072 976 ut
3103 922 3269 978 verbo
3295 926 3444 992 quasi
3470 924 3605 980 falce

2014 1006 2251 1074 prmcisis
2279 1010 2705 1079 sylvescentibus
2731 1013 2895 1068 animi
2935 1013 3137 1069 morbis
3156 1058 3171 1084 ,
3202 1015 3486 1072 fructifera:
3513 1033 3603 1072 ar-

2013 1097 2170 1153 bores
2215 1100 2418 1166 simus,
2461 1100 2800 1174 fructumque
2846 1108 3222 1176 tempestivum
3269 1107 3504 1165 feramus
3554 1111 3605 1165 in

2014 1190 2220 1259 regium
2263 1191 2517 1248 horreum
2566 1194 2984 1265 deponendum,
3028 1199 3117 1268 qui
3146 1198 3370 1270 gloriam
3409 1200 3607 1256 referat

2010 1282 2280 1336 communi
2316 1284 2540 1339 Domino
2565 1295 2619 1340 et
2645 1287 2836 1342 cultori
2868 1289 3166 1344 animarum
3193 1301 3520 1356 nostrarum,
3550 1302 3607 1347 et

2012 1374 2168 1431 nobis
2191 1376 2353 1430 vitam
2385 1385 2661 1445 aeternam,
2695 1395 2853 1449 quam
2881 1396 2978 1436 nos
3006 1396 3193 1437 omnes
3222 1384 3434 1454 assequi
3470 1399 3604 1438 con-

2009 1466 2175 1537 tingat
2193 1509 2206 1532 ,
2239 1468 2407 1538 gratia
2434 1478 2491 1524 et
2512 1470 2836 1541 benignitate
2874 1473 3086 1527 Domini
3110 1474 3275 1529 nostri
3301 1474 3426 1530 Jesu
3455 1472 3613 1529 Chri-

2011 1559 2097 1621 sti,
2118 1559 2201 1614 eui
2220 1575 2339 1614 cum
2367 1560 2526 1617 Patre
2551 1561 2816 1632 simulque
2841 1571 3028 1620 sancto
3054 1563 3274 1636 Spiritu,
3294 1565 3482 1636 gloria,
3501 1573 3606 1621 etc.

310 1682 3592 1722 Μ

1136 1791 1294 1872 DE
1342 1793 1644 1875 FATO
1692 1794 1843 1876 ET
1896 1793 2722 1882 PROVIDENTIA.

1602 1969 1984 2010 mamma

975 2129 1170 2171 ORATIO
1205 2131 1262 2169 11.

388 2292 635 2365 Magnum
686 2291 875 2348 crimen
905 2293 1248 2363 blasphemia;
1277 2295 1416 2349 varia
1445 2294 1772 2367 blasphemia:
1824 2314 1912 2371 ge-

313 2400 456 2437 nam.
485 2379 681 2450 -Ὀιιὶ
707 2385 957 2439 maledicit
986 2387 1121 2455 patri
1142 2394 1232 2440 aut
1267 2386 1439 2454 matri,
1484 2398 1645 2443 morte
1668 2390 1913 2445 moriatur

319 2474 512 2545 (Exod.
540 2476 631 2531 21.
664 2478 752 2549 17)
781 2494 794 2530 :
823 2477 939 2533 haec
966 2478 1050 2534 lex
1094 2478 1147 2533 in
1177 2479 1344 2534 veteri
1369 2479 1712 2536 Testamento
1739 2483 1909 2552 posita

314 2576 452 2633 erat,
506 2567 720 2638 quando
765 2584 870 2623 non
918 2584 1111 2641 magna
1145 2579 1262 2625 erat
1294 2570 1480 2641 optimi
1522 2572 1646 2627 vita:
1685 2573 1910 2628 instituti

312 2660 603 2725 accuratio,
632 2660 844 2730 quando
872 2661 1087 2717 inducta
1115 2670 1198 2717 est
1234 2661 1502 2732 divinitas,
1534 2663 1748 2735 quando
1775 2680 1910 2735 pne-

314 2750 434 2803 rilia
486 2759 769 2822 praecepta,
817 2751 1029 2820 quando
1071 2753 1171 2820 lac,
1206 2753 1544 2825 paedagogus,
1579 2755 1815 2821 lucerna,
1846 2758 1908 2809 ti-

312 2857 466 2911 gura,
495 2842 704 2897 umbra.
735 2843 875 2912 Quid
915 2844 1024 2913 jam
1053 2844 1348 2901 dixerimus
1378 2846 1446 2901 de
1490 2846 1555 2901 iis
1580 2847 1670 2917 qui
1693 2862 1835 2903 nunc
1859 2849 1912 2903 in

317 2942 557 3005 tempore
583 2937 770 3006 gratiae
799 2946 851 2990 et
880 2938 931 2992 in
964 2954 1142 2994 rerum
1171 2940 1396 2995 veritate
1424 2939 1668 2996 viventes
1695 2942 1911 3011 quando

318 3036 462 3081 tanta
487 3031 787 3098 cognitione
805 3028 1073 3096 fruuntur,
1106 3031 1203 3101 ipsi
1232 3047 1338 3087 non
1365 3032 1498 3102 patri
1526 3041 1581 3089 et
1607 3033 1786 3101 matri,
1816 3034 1913 3089 sed

320 3121 433 3175 Deo
458 3122 824 3176 universorum
853 3123 1220 3178 maledicunt?
1247 3124 1513 3194 quodnam
1540 3125 1659 3180 illos
1684 3125 1913 3196 excipiet

314 3214 673 3284 supplicium?
714 3215 834 3285 quis
880 3215 1147 3270 cruciatus
1176 3216 1425 3285 nequitia:
1454 3225 1612 3272 tanta:
1639 3231 1736 3286 par
1773 3216 1913 3271 erit?

314 3307 437 3376 quis
466 3305 655 3360 ﬂuvius
681 3307 905 3378 igneus?
933 3307 1051 3377 quis
1076 3308 1273 3362 vermis
1304 3308 1641 3374 immortalis,
1672 3325 1793 3378 qua:
1826 3318 1911 3365 te-

315 3396 500 3453 nebra:
524 3401 838 3467 exteriores,
867 3415 987 3470 quae
1012 3399 1246 3464 vincula,
1272 3399 1389 3470 quis
1417 3400 1635 3466 stridor,
1663 3401 1782 3470 quis
1812 3400 1915 3454 ile-

318 3491 442 3545 tus?
469 3489 657 3546 Omnia
702 3501 988 3559 tormenta,
1017 3493 1136 3562 qua:
1160 3492 1269 3563 jam
1309 3500 1456 3556 sunt,
1495 3499 1551 3547 et
1591 3509 1709 3562 quae
1736 3492 1912 3547 futura

316 3590 463 3648 sunt,
497 3598 604 3651 non
646 3582 915 3639 sufﬁcient
952 3584 1145 3639 anima:
1173 3583 1250 3639 sic
1278 3583 1482 3640 affecta:
1520 3592 1576 3640 et
1616 3586 1667 3639 in
1711 3593 1910 3640 tantam

316 3674 607 3744 nequitiam
639 3675 821 3745 lapsae.
854 3675 1207 3746 Blasphcmia:
1232 3687 1411 3732 autem
1460 3677 1602 3732 modi
1645 3678 1797 3732 multi
1823 3694 1915 3732 va-

316 3766 489 3837 riique
516 3775 675 3834 sunt;
702 3783 838 3839 quos
865 3783 1087 3824 necesse
1113 3777 1196 3823 est
1224 3769 1383 3825 hodie
1405 3784 1597 3826 omnes
1619 3785 1909 3841 exponere,

317 3867 378 3913 ut
400 3859 456 3914 in
494 3860 696 3915 nullum
742 3876 929 3916 eorum
956 3871 1146 3932 sponte
1178 3862 1439 3927 labamur,
1476 3879 1651 3935 neque
1679 3865 1912 3920 amicum

319 3951 405 4005 vel
432 3951 703 4007 inimicum
728 3954 1033 4024 quempiam
1063 3955 1311 4011 similiter
1339 3956 1543 4026 lapsum
1561 3957 1912 4028 negligamns.

317 4040 530 4098 Nullum
555 4044 721 4109 enim,
755 4045 959 4100 nullum
991 4045 1171 4117 utique
1206 4053 1291 4101 est
1318 4055 1592 4116 peccatum
1632 4047 1732 4102 hoc
1758 4047 1913 4102 dete-

319 4135 453 4202 rius,
484 4137 687 4192 nullum
708 4138 943 4208 :equale;
976 4139 1070 4194 sed
1089 4139 1506 4195 additamentum
1532 4140 1791 4195 malorum
1809 4150 1912 4206 est,

319 4229 461 4299 quod
502 4231 680 4285 omnia
727 4231 1027 4299 confundit,
1083 4233 1226 4303 quod
1275 4234 1581 4304 inexpiabili
1619 4243 1674 4290 et
1721 4235 1913 4290 intolc~

319 4320 487 4374 rando
513 4322 761 4391 plectitur
786 4324 1067 4393 supplicio.
1095 4325 1325 4391 Quinam
1352 4335 1478 4382 sunt
1502 4328 1589 4395 qui
1619 4328 1727 4382 Deo
1750 4330 1917 4384 male-

319 4411 536 4467 dicunt?
553 4414 654 4480 Qui
680 4414 907 4485 sapienti
932 4415 1048 4486 ejus
1069 4404 1416 4487 providentiae
1439 4417 1526 4472 fati
1546 4419 1914 4473 confusionem

320 4511 377 4557 et
417 4506 791 4562 necessitatem
840 4522 937 4563 ceu
984 4522 1196 4563 murum
1227 4517 1522 4579 Opponunt.
1572 4509 1729 4565 Certe
1771 4510 1916 4581 quod

323 4594 586 4664 infideles,
618 4597 706 4668 qui
738 4597 880 4669 ligna
911 4607 965 4655 et
1006 4599 1211 4670 lapides
1235 4601 1436 4657 insulse
1464 4602 1723 4657 mirantur
1742 4613 1797 4657 ct
1819 4618 1916 4658 eo-

321 4686 457 4752 lunt,
490 4688 592 4742 hoc
636 4688 879 4746 laborent
907 4693 1118 4759 morbo,
1154 4692 1284 4746 nihil
1315 4694 1506 4748 mirum
1528 4710 1544 4760 ;
1570 4694 1713 4764 quod
1735 4708 1915 4751 autem

324 4777 381 4843 ii,
414 4777 502 4847 qui
547 4779 617 4834 ab
655 4780 770 4837 hoc.
793 4796 980 4838 errore
1022 4793 1077 4837 et
1118 4785 1373 4839 servitute
1415 4783 1619 4839 liberati
1649 4793 1792 4853 sunt,
1823 4787 1914 4856 qui

320 4870 627 4937 cognitione
668 4872 764 4928 Dei
788 4872 987 4945 dignati
1018 4883 1162 4939 sunt,
1192 4865 1344 4945 quasi
1385 4890 1453 4930 ex
1494 4891 1737 4947 regressu
1782 4893 1918 4945 quo-

326 4962 467 5031 piam
498 4962 550 5018 in
579 4963 717 5020 hanc
742 4967 1050 5035 procellam,
1102 4968 1153 5022 in
1191 4967 1334 5023 hunc
1361 4969 1669 5036 cogitatum,
1702 4970 1752 5024 in
1775 4970 1911 5027 hanc

321 5055 610 5110 amentiam
654 5057 978 5119 reciderunt.
1019 5060 1147 5114 illud
1176 5072 1258 5114 est
1283 5060 1675 5131 gravissimum,
1707 5063 1916 5117 multis-

318 5160 430 5215 que
477 5161 605 5204 vere
652 5149 902 5222 lacrymis
944 5151 1260 5223 fletibusque
1309 5152 1527 5222 dignum
1559 5170 1574 5208 :
1603 5153 1814 5223 quando
1855 5154 1911 5218 ii,

325 5238 414 5307 qui
467 5253 526 5294 se
567 5238 836 5297 Christum
882 5243 1107 5299 adorare
1148 5245 1351 5311 dicunt,
1379 5245 1468 5316 qui
1512 5246 1673 5301 tantis
1713 5245 1914 5315 dignati

327 5340 451 5385 sunt
480 5334 765 5402 mysteriis,
799 5335 1007 5390 arcanis
1037 5336 1223 5390 imbuti
1244 5335 1601 5407 dogmatibus,
1625 5347 1680 5392 et
1704 5338 1917 5406 sapien-

329 5420 397 5473 tia
432 5420 517 5475 illa
547 5436 666 5492 quae
698 5439 762 5478 ex
800 5425 945 5479 cmlis
991 5424 1057 5479 ad
1104 5440 1201 5481 nos
1228 5425 1404 5481 delata
1431 5434 1534 5493 est,
1566 5435 1685 5497 post
1713 5436 1914 5482 tantum

327 5510 610 5578 honorem,
639 5529 797 5584 quem
825 5530 852 5567 a
878 5515 990 5570 Deo
1015 5526 1363 5586 acceperunt,
1393 5518 1600 5587 seipsos
1618 5518 1919 5587 prtecipites

324 5612 512 5671 agunt.
540 5609 697 5673 atque
725 5619 755 5658 a
781 5605 1044 5670 libertate,
1072 5622 1231 5678 quam
1259 5608 1388 5678 ipsis
1405 5608 1545 5665 Deus
1572 5609 1790 5679 largitus
1811 5619 1916 5673 est,

327 5707 388 5747 se
408 5692 690 5748 admodum
717 5695 890 5751 insani
910 5696 1186 5768 dejiciunt,
1211 5700 1645 5771 gravissimisque
1668 5717 1726 5756 se
1751 5701 1917 5771 subji-

328 5788 479 5843 ciunt
533 5788 794 5857 servituti,
852 5791 978 5845 dum
1026 5792 1349 5848 horrendam
1385 5794 1745 5866 tyrannidem,
1797 5810 1919 5863 qua:

332 5894 625 5949 numquam
654 5878 771 5949 fuit,
805 5882 1035 5953 cogitatu
1072 5883 1291 5956 fingunt,
1318 5895 1371 5941 et
1406 5901 1556 5956 spem
1591 5886 1783 5943 bonam
1823 5902 1915 5941 cx-

1987 1971 2327 2009 NW

2002 2116 2286 2184 “scindunt,
2322 2134 2620 2189 nervosque
2646 2134 2831 2175 eorum
2852 2163 2864 2187 ,
2894 2120 2985 2192 qui
3027 2122 3206 2178 virtuti
3246 2105 3481 2190 student,
3512 2137 3606 2178 ex-

2014 2210 2259 2267 scindere
2286 2211 2519 2267 student.
2538 2212 2996 2280 Quemadmodum
3025 2215 3077 2269 in
3093 2215 3234 2271 bello
3256 2216 3447 2270 milites
3471 2224 3610 2271 stre-

2014 2317 2150 2359 nuos
2171 2313 2224 2358 et
2251 2303 2482 2359 animam
2514 2320 2613 2375 pro
2635 2305 2805 2375 patria
2835 2304 3109 2361 effundere
3139 2317 3351 2376 paratos
3378 2323 3605 2363 cernens

2015 2396 2260 2452 inimicus
2282 2396 2564 2467 quispiam,
2586 2398 2678 2468 qui
2708 2413 2807 2454 nec
2830 2413 2924 2454 eos
2944 2399 3051 2453 alio
3077 2397 3239 2454 modo
3266 2398 3483 2467 laedere,
3509 2415 3609 2455 nc-

2014 2502 2116 2559 que
2136 2502 2166 2542 a
2199 2488 2377 2544 studio
2405 2503 2531 2559 erga
2561 2503 2741 2559 regem
2766 2504 3013 2558 avocare,
3044 2506 3216 2562 neque
3247 2490 3462 2547 timidos
3486 2491 3609 2547 effi-

2016 2593 2161 2646 cere,
2195 2594 2370 2650 neque
2391 2581 2657 2635 machinis
2682 2596 2936 2652 superare
2959 2591 3151 2652 potest,
3181 2582 3287 2637 alio
3310 2583 3427 2639 illos
3451 2584 3613 2639 modo

2014 2671 2326 2741 corrumpit,
2356 2670 2688 2741 suadereque
2717 2681 2942 2726 conatur
2982 2673 3172 2728 frustra
3215 2674 3356 2740 illos,
3408 2684 3610 2730 temere

2014 2771 2068 2816 ct
2091 2762 2208 2817 sine
2227 2777 2387 2816 causa
2414 2771 2618 2817 tantum
2650 2763 2924 2831 suscipere
2949 2764 3210 2829 laborem,
3239 2766 3311 2820 ita
3337 2774 3396 2820 ut
3423 2781 3611 2834 eorum

2015 2867 2205 2908 manus
2230 2853 2490 2920 debilitet,
2517 2853 2681 2908 robur
2709 2853 2943 2925 dejiciat,
2974 2855 3136 2910 animi
3160 2855 3392 2911 studium
3419 2857 3612 2913 exstin-

2014 2951 2160 3011 guat,
2189 2950 2248 2996 ut
2268 2941 2350 2997 his
2375 2942 2624 2998 omnibus
2643 2958 2674 2998 a
2697 2944 2965 3014 pugnandi
2988 2945 3163 2999 studio
3184 2956 3411 3012 amotos,
3436 2946 3609 3001 nudos

2015 3045 2069 3088 et
2095 3034 2328 3089 inermes
2354 3033 2658 3098 advertens,
2680 3034 2889 3090 vinctos
2917 3035 3133 3090 demum
3165 3036 3217 3090 in
3245 3034 3608 3106 captivitatem

2015 3124 2245 3180 adducat
2271 3143 2285 3180 :
2312 3126 2391 3181 sic
2415 3134 2470 3180 et
2495 3125 2739 3181 diabolus
2763 3124 2908 3181 fecit.
2938 3126 3069 3181 Cum
3100 3124 3302 3183 videret
3324 3131 3610 3182 maximam

2015 3218 2163 3274 orbis
2209 3227 2412 3288 partem
2459 3219 2553 3274 Dei
2597 3220 2764 3289 gratia
2794 3220 3071 3290 gentilium
3099 3236 3334 3277 errorem
3364 3221 3608 3287 irridere,

2017 3309 2245 3379 totisque
2270 3309 2434 3364 animi
2461 3309 2664 3367 viribus
2690 3309 2913 3365 verbum
2940 3325 3081 3365 verm
3110 3310 3385 3381 religionis
3411 3310 3608 3382 praedi-

2015 3418 2173 3473 care;
2213 3403 2337 3459 hinc
2364 3418 2494 3459 vero
2537 3419 2788 3475 magnum
2831 3404 3042 3459 virtutis
3078 3405 3313 3459 studium
3363 3419 3605 3469 manare,

2015 3495 2352 3565 multumque
2400 3496 2652 3567 nequitiae
2678 3503 3041 3566 contemptum
3068 3511 3083 3549 :
3122 3488 3228 3550 nan
3257 3511 3414 3550 ausus
3436 3496 3609 3566 palam

2015 3586 2216 3650 dicere,
2247 3584 2464 3641 Deficite
2490 3601 2521 3640 a
2549 3586 2783 3654 Christo,
2821 3586 2937 3655 ejus
2975 3586 3223 3657 dogmata
3266 3586 3502 3651 irridcte,
3535 3587 3611 3640 fa-

2015 3677 2155 3733 bula:
2181 3687 2305 3732 sunt
2342 3686 2396 3732 et
2424 3692 2655 3744 errores,
2697 3681 2813 3749 ipse
2853 3677 3101 3735 Christus
3137 3678 3410 3749 improbus
3434 3687 3489 3734 et
3526 3678 3610 3732 in-

2017 3769 2284 3826 humanus
2312 3780 2393 3826 est
2418 3788 2431 3825 :
2461 3770 2607 3826 novit
2633 3771 2774 3826 enim
2803 3786 2897 3827 eos
2931 3771 3002 3826 ita
3029 3771 3196 3841 magis
3231 3786 3261 3825 a
3288 3786 3381 3826 sua
3424 3781 3609 3842 tyran-

2016 3863 2141 3918 nide
2179 3878 2508 3931 recessuros,
2537 3872 2592 3919 et
2639 3863 2693 3918 in
2746 3864 2917 3935 majus
2969 3862 3050 3918 sui
3093 3863 3274 3919 odium
3318 3873 3601 3919 venturos.

2017 3954 2247 4024 ideoque
2288 3970 2394 4009 nou
2439 3963 2581 4010 recta
2610 3955 2692 4008 via
2725 3955 3147 4010 criminationem
3178 3953 3353 4018 oﬂ'ert,
3382 3953 3479 4011 sed
3507 3955 3613 4010 cir-

2017 4047 2249 4102 cuitione
2270 4061 2420 4114 usus,
2450 4047 2625 4117 impiae
2643 4046 2937 4117 disciplina:
2959 4048 3105 4101 virus
3124 4047 3425 4102 clanculum
3457 4061 3612 4115 spar-

2015 4141 2112 4211 git,
2139 4139 2319 4208 specie
2344 4139 2559 4207 quidem
2588 4141 2735 4209 ipsos
2762 4139 2815 4194 in
2848 4138 2950 4194 fide
2976 4154 3197 4194 manere
3237 4140 3440 4206 sinens,
3458 4138 3613 4221 radi-

2017 4231 2156 4286 citus
2171 4237 2347 4284 autem
2370 4230 2513 4285 illam
2530 4230 2790 4298 evellens,
2804 4230 3089 4300 omniaque
3106 4230 3344 4284 veritatis
3360 4230 3608 4299 dogmata
3703 4242 3710 4247 '

2017 4324 2393 4394 pessumdans,
2423 4334 2583 4396 atque
2612 4325 3047 4394 inobsequentes
3069 4324 3173 4379 sibi
3208 4323 3452 4379 homines
3496 4337 3612 4376 ma-

2017 4430 2176 4485 gnam
2209 4416 2492 4472 eil'undens
2534 4426 2719 4509 contra
2750 4418 2917 4473 Deum
2943 4417 3285 4472 calumniam.
3318 4416 3608 4483 Propterea

2017 4507 2085 4562 ab
2107 4507 2198 4563 illo
2221 4509 2321 4564 hoc
2340 4504 2606 4565 venenum
2639 4519 2694 4564 et
2720 4508 2990 4564 mortifera
3021 4508 3111 4562 fati
3142 4508 3422 4576 pharmaca
3451 4504 3611 4558 ador-

2018 4608 2140 4653 nata
2182 4610 2327 4668 sunt,
2358 4611 2416 4654 ut
2443 4601 2621 4656 omnia
2659 4616 2779 4671 quae
2829 4600 2938 4655 dixi
2980 4599 3116 4654 clam
3157 4598 3389 4663 invehat,
3446 4604 3608 4665 utque

2017 4692 2313 4750 doctrinam
2353 4693 2616 4764 fidemque
2663 4702 2900 4748 nostram
2939 4706 3128 4745 vanam
3177 4703 3296 4744 esse
3338 4687 3606 4755 ostendat,

2020 4783 2428 4855 hominibusque
2453 4785 2671 4839 suadeat
2696 4785 2894 4839 malum
2916 4782 2983 4837 de
3010 4782 3120 4836 Deo
3162 4780 3304 4835 ferre
3324 4779 3606 4851 judicium.

2018 4875 2170 4942 Quod
2211 4876 2372 4930 etiam
2416 4876 2565 4930 initio
2590 4876 2728 4928 circa
2774 4873 3035 4929 Adamnm
3083 4872 3225 4936 fecit,
3254 4872 3417 4926 Deum
3456 4869 3610 4941 quasi

2020 4965 2254 5020 invidum
2284 4965 2611 5021 criminatus.
2643 4964 2776 5020 illud
2810 4964 2951 5019 enim
2976 4978 3111 5032 pene
3136 4962 3269 5016 dixit
3286 4961 3410 5017 dum
3441 4960 3611 5015 horta-

2019 5070 2168 5113 retur
2195 5058 2443 5114 :Sciebat
2464 5059 2623 5124 Deus,
2644 5058 2832 5127 inquit,
2857 5055 3043 5111 oculos
3064 5064 3270 5110 vestros
3295 5053 3610 5124 aperiendas

2019 5164 2160 5215 esse,
2191 5148 2394 5204 sciebat
2420 5162 2516 5206 vos
2541 5148 2694 5218 quasi
2721 5146 2852 5202 deos
2878 5146 3081 5201 futuros
3108 5161 3248 5214 esse,
3274 5144 3462 5200 invidit
3488 5142 3612 5197 huic

2021 5239 2211 5296 honori
2235 5251 2415 5297 vestro
2451 5240 2664 5310 majori.
2715 5238 2937 5294 Etiamsi
2967 5239 3110 5294 enim
3158 5238 3272 5291 haec
3303 5236 3460 5293 verba
3502 5248 3609 5289 non

2020 5332 2372 5403 subjunxerit,
2415 5333 2604 5388 eadem
2646 5341 2821 5386 tamen
2866 5346 2935 5385 ex
2979 5329 3248 5400 prioribus
3276 5325 3610 5397 cenjicienda

2024 5426 2258 5496 reliquit.
2292 5425 2370 5481 Ac
2404 5425 2526 5480 vide
2564 5424 2876 5494 nequitiam.
2919 5422 3187 5478 Snbverso
3228 5418 3321 5473 Dei
3370 5417 3608 5479 decreto,
3664 5424 3665 5427 ‘

2023 5526 2301 5588 postquam
2328 5516 2536 5571 dixerat
2561 5530 2751 5586 magna
2778 5514 2883 5569 illis
2911 5513 3200 5568 obventura
3229 5511 3365 5564 bona
3392 5522 3532 5573 esse,
3565 5507 3609 5561 si

2023 5626 2131 5665 non
2171 5609 2245 5665 illi
2273 5610 2726 5681 obtemperarent,
2768 5606 3017 5663 videlicet
3054 5605 3384 5674 apertionem
3426 5601 3610 5655 oculo-
3668 5622 3673 5629 τ

2023 5717 2161 5767 rum,
2194 5701 2550 5772 aequalitatem
2580 5704 2705 5756 cum‘
2739 5700 2883 5765 Deo,
2914 5707 2968 5753 et
3004 5698 3103 5768 ipsi
3143 5710 3404 5750 annexam
3436 5693 3612 5748 scien-

2026 5796 2180 5859 tiam;
2211 5810 2314 5849 non
2346 5794 2556 5863 adjecit,
2588 5792 2887 5862 improbum
2913 5792 3059 5846 illum
3088 5805 3207 5845 esse
3233 5790 3320 5859 qui
3347 5787 3463 5843 ha‘c
3485 5800 3610 5854 pro-

2028 5885 2255 5953 hiberet,
2295 5902 2360 5941 ne
2406 5885 2674 5940 videretur
2716 5898 2817 5940 ceu
2859 5882 3103 5938 inimicus
3152 5889 3206 5937 et
3254 5878 3418 5934 hosus
3451 5869 3609 5924 verba
