4124 6446
593 382 697 444 ’755

598 505 801 567 facere;
833 516 926 560 sed
949 519 1228 574 personam
1256 505 1540 559 consiliarii
1569 514 1623 560 ct
1641 506 1902 561 curatoris
1928 506 2181 575 suscepit,

598 606 656 651 ut
680 597 875 652 malam
921 597 1277 653 hortationem
1328 598 1577 653 redderet
1617 599 2011 669 acceptiorem;
2042 599 2186 671 quod

597 690 760 744 etiam
806 690 1017 745 accidit.
1048 690 1186 745 Nihil
1230 692 1560 747 euim~aliud
1607 694 1689 748 his
1733 693 1889 749 dictis
1931 693 2189 763 perlicere

597 780 785 847 voluit,
815 781 914 835 nisi
958 792 1016 835 ut
1057 780 1358 837 deficeretis
1405 799 1435 837 a
1483 785 1594 839 Deo
1627 785 1944 841 conditore:
1976 785 2187 843 Invidus

596 883 679 927 est
709 873 874 940 enim,
911 874 1102 945 inquit,
1141 883 1196 930 cl
1236 875 1404 933 livore
1447 878 1655 947 plenus,
1700 879 1949 933 maximis
1995 880 2188 935 vestris

601 964 803 1019 imidet
838 964 1014 1021 bonis.
1038 968 1108 1021 At
1153 966 1269 1023 brcc
1303 968 1461 1024 verba
1502 969 1783 1026 manifeste
1834 986 1939 1025 non
1971 972 2185 1040 posuit:

596 1058 831 1129 alioquin
861 1058 1008 1114 illum
1045 1060 1378 1130 suspicantes
1404 1063 1674 1118 inimicum
1719 1078 1859 1128 esse,
1892 1062 2187 1134 fugissent:

597 1145 682 1203 his
706 1164 833 1219 ergo
854 1152 1231 1221 prmtermissis
1249 1161 1304 1207 et
1322 1153 1687 1219 dissimulatis,
1712 1153 1811 1211 hoc
1834 1155 2188 1225 perniciosum

598 1240 808 1295 induxit
850 1242 1153 1298 consilium.
1200 1242 1403 1298 Eodem
1445 1259 1657 1315 quoque
1696 1245 1857 1301 modo
1903 1261 2043 1301 nunc
2082 1262 2191 1301 non

596 1331 747 1398 dicit,
781 1332 1003 1388 Deticite
1032 1348 1060 1387 a
1092 1331 1325 1401 Christo,
1359 1336 1510 1406 quasi
1538 1336 1715 1390 divina
1740 1345 2005 1407 przecepta
2037 1336 2191 1392 dam-

599 1421 775 1477 nanda
798 1432 1020 1479 essent:
1053 1425 1202 1479 novit
1230 1426 1373 1480 enim
1413 1424 1516 1481 sibi
1561 1427 1838 1482 mentienti
1883 1426 2042 1482 [idem
2085 1442 2191 1482 non

601 1513 899 1569 habendam
931 1513 1088 1581 fore;
1133 1515 1228 1571 sed
1262 1516 1456 1572 callide
1500 1518 1713 1574 videtur
1754 1534 1853 1575 nos
1889 1519 1940 1574 in
1980 1520 2044 1575 iis
2072 1534 2194 1575 esse

597 1604 796 1672 sinere,
826 1615 882 1662 et
906 1622 1028 1662 cum
1055 1608 1281 1664 veritate
1302 1610 1624 1678 consentire,
1657 1611 1753 1666 sed
1773 1612 1878 1666 alio
1904 1611 2065 1668 modo
2094 1626 2194 1668 nos

598 1696 798 1751 inscios
824 1697 892 1751 ab
922 1698 1021 1753 hac
1048 1708 1249 1755 teterna
1289 1701 1583 1758 hereditate
1622 1703 1765 1773 ejicit
1795 1721 1810 1759 :
1841 1703 2192 1774 quemadmo-

597 1787 727 1843 dum
752 1788 795 1844 si
819 1790 938 1859 quis
964 1805 1188 1860 puerum
1216 1793 1502 1864 ingenuum
1538 1809 1601 1850 ac
1646 1795 1894 1863 liberum,
1938 1795 2033 1851 sed
2060 1795 2193 1858 sim-

600 1879 794 1948 plicem
825 1890 878 1935 et
907 1881 1211 1952 incautum,
1256 1900 1363 1940 non
1404 1885 1617 1956 quidem
1644 1887 1863 1942 dextera
1888 1888 2186 1959 apprehenv

600 1988 718 2027 sum
741 1973 919 2045 ejiciat
946 1990 1012 2031 ex
1037 1975 1199 2032 domo
1222 1986 1462 2048 paterna,
1485 1980 1579 2036 sed
1603 1980 1752 2035 illum
1780 1980 1846 2036 ad
1869 1997 1931 2036 ea
1953 1981 2195 2039 facienda

603 2065 865 2135 hortetur,
894 2069 1087 2139 quibus
1116 2071 1281 2140 gestis
1307 2073 1436 2126 velit
1465 2073 1598 2128 nolit
1622 2089 1653 2129 a
1685 2075 1920 2144 paternis
1946 2076 2201 2134 omnibus

604 2157 757 2213 bonis
780 2159 1008 2215 excidet.
1041 2160 1226 2232 Neque
1253 2168 1396 2219 enim
1437 2163 1552 2220 ﬁeri
1581 2166 1690 2221 ullo
1730 2167 1891 2224 modo
1913 2178 2111 2241 potest,
2138 2177 2195 2225 ut

605 2251 649 2307 is
677 2252 766 2322 qui
818 2253 926 2308 fato
975 2253 1164 2324 hmret,
1207 2256 1397 2312 cmlum
1438 2269 1836 2330 consequatur;
1884 2262 1992 2317 imo
2033 2264 2195 2319 etiam

605 2344 715 2398 ﬁeri
744 2346 946 2415 nequit,
973 2354 1031 2400 ut
1054 2345 1352 2417 gehennam
1383 2359 1433 2404 et
1455 2351 1774 2421 supplicium
1794 2352 2009 2424 effugiat
2033 2372 2046 2407 :
2071 2370 2193 2410 nam

600 2434 796 2490 divinis
843 2438 1123 2508 prmceptis
1152 2441 1419 2496 contraria
1460 2441 1721 2513 imperat»
1751 2444 1889 2500 Dicit
1915 2446 2057 2501 Deus
2088 2466 2101 2502 :
2134 2446 2198 2503 Si

601 2526 876 2591 volueritis,
909 2537 955 2582 et
986 2529 1250 2584 audieritis
1286 2548 1384 2597 me,
1436 2532 1568 2587 bona
1614 2543 1762 2591 terra:
1798 2539 2106 2606 comedetis;
2152 2541 2199 2596 si

600 2626 768 2672 autem
801 2620 1081 2685 nolueritis,
1111 2638 1200 2675 nec
1229 2623 1489 2679 audieritis
1518 2641 1616 2694 me,
1658 2628 1865 2696 gladius
1901 2645 1987 2685 vos
2011 2646 2198 2685 consu-

600 2717 720 2763 met.
769 2708 843 2765 0s
870 2712 1003 2766 enim
1037 2711 1245 2770 Domini
1287 2716 1396 2772 lucc
1423 2717 1684 2788 loquulum
1723 2730 1797 2775 est
1823 2718 1975 2795 (Isai.
2006 2723 2058 2777 1.
2102 2722 2193 2779 19.

599 2798 671 2855 eo
697 2801 737 2869 ).
1991 2821 2000 2829 -

675 2889 866 2946 Fatum
895 2910 960 2948 an
986 2894 1197 2950 liberum
1225 2898 1488 2955 arbitrium
1512 2890 1774 2972 impediat.
1790 2931 1863 2943 —-
1886 2902 2045 2960 Vides
2065 2919 2197 2974 quo-

602 2979 763 3037 modo
794 2982 934 3039 Deus
947 2985 1225 3057 loquatur,
1253 2997 1307 3045 et
1327 2991 1472 3061 leges
1489 3000 1687 3062 ponat:
1716 2993 1838 3048 audi
1861 3010 2004 3051 nunc
2026 2993 2195 3051 fatum

601 3074 872 3143 quomodo
902 3077 1169 3149 tequatur,
1198 3091 1252 3137 et
1279 3083 1548 3154 quomodo
1585 3087 1886 3142 contrarias
1915 3097 2077 3158 ponat
2115 3088 2195 3145 le-

600 3182 731 3238 ges;
763 3179 817 3226 et
845 3170 994 3230 disce
1028 3174 1115 3229 illa
1139 3177 1353 3246 quidem
1380 3194 1409 3233 a
1436 3179 1619 3235 divino
1649 3180 1850 3251 Spiritu
1882 3183 2022 3240 dicta
2051 3199 2192 3253 esse,

601 3261 717 3317 lucc
740 3275 918 3321 autem
949 3283 979 3323 a
1011 3269 1246 3341 maligno
1271 3271 1517 3329 daemone
1544 3273 1871 3346 immauique
1892 3273 2026 3332 fera.
2052 3277 2196 3335 Dixit

602 3356 764 3425 Deus,
792 3357 849 3414 Si
880 3359 1177 3427 volueritis,
1205 3371 1279 3432 et,
1308 3363 1367 3420 Si
1412 3366 1712 3433 nolueritis,
1745 3368 1800 3423 in
1831 3378 2018 3426 nostro
2045 3370 2183 3425 arbi-

601 3448 704 3504 trio
729 3458 784 3504 et
809 3451 1091 3508 voluntate
1131 3454 1440 3525 relinquens
1470 3456 1718 3513 virtutem
1766 3473 1822 3515 et
1876 3461 2192 3532 improbita-

597 3549 728 3595 tem.
759 3539 851 3598 llle
881 3559 1009 3598 vero
1031 3544 1199 3601 dicit:
1232 3547 1385 3616 Quod
1407 3549 1514 3605 fato
1534 3552 1880 3607 conSIitutum
1901 3562 2005 3620 est,
2037 3555 2192 3611 vitari

598 3649 703 3689 non
731 3644 925 3705 potest,
950 3638 1178 3692 velimus
1203 3640 1455 3696 nolimus.
1481 3642 1621 3698 Deus
1641 3643 1802 3699 dicit:
1826 3645 1889 3701 Si
1912 3646 2188 3718 volueritis,

600 3726 733 3778 bona
774 3737 922 3782 terrae
957 3729 1259 3795 comedetis;
1284 3732 1446 3787 fatum
1473 3748 1602 3789 vero
1640 3734 1768 3790 dicit
1800 3736 2193 3804 :Quantumvis

595 3818 945 3888 voluerimus,
991 3823 1089 3877 nisi
1134 3824 1288 3880 nobis
1315 3825 1368 3881 id
1395 3826 1575 3883 datum
1605 3828 1783 3895 fuerit,
1814 3832 1958 3887 nulla
1988 3833 2191 3892 utilitas

594 3918 679 3964 est
746 3910 848 3967 hoc
883 3914 1040 3970 velle.
1095 3916 1238 3973 Deus
1278 3918 1407 3974 dicit
1454 3937 1467 3974 :
1512 3921 1574 3977 Si
1615 3924 1880 3978 nolueritis
1936 3927 2193 3982 attendere

594 4001 755 4057 verbis
782 4007 925 4072 meis,
954 4008 1159 4079 gladius
1186 4027 1273 4066 vos
1296 4024 1588 4079 consumet;
1613 4013 1779 4071 fatum
1807 4031 1991 4074 contra
2018 4019 2148 4075 dicit
2172 4039 2186 4075 :

597 4094 652 4148 Si
681 4097 1031 4169 noluerimus,
1063 4102 1244 4159 datum
1279 4121 1411 4162 vero
1434 4109 1587 4165 nobis
1625 4109 1807 4178 fuerit,
1838 4120 2018 4170 tamen
2052 4116 2189 4171 salvi

596 4188 820 4276 erimus.
850 4191 1042 4248 Annon
1073 4196 1174 4252 hoc
1201 4196 1367 4254 fatum
1393 4199 1565 4256 dicit?
1586 4202 1721 4268 Quid
1753 4203 1852 4260 hac
1877 4220 2054 4276 pugna
2073 4207 2189 4263 ela-

593 4281 705 4337 rius
734 4266 934 4338 fuerit?
961 4287 1086 4358 quid
1117 4289 1220 4345 hoc
1262 4289 1405 4347 bello
1446 4266 1701 4363 aperti—us,
1747 4266 1895 4365 quod
1932 4266 2189 4354 adversus

593 4372 771 4429 divina
811 4375 1023 4448 eloquia
1068 4381 1316 4451 nequitia:
1354 4383 1605 4440 doctores
1633 4385 1904 4442 daemones
1932 4402 2188 4460 suscepe-

592 4466 762 4521 runt?
802 4466 907 4523 Sed
939 4479 996 4524 ut
1017 4471 1129 4540 jam
1159 4472 1287 4539 dixi,
1319 4475 1463 4545 quod
1505 4476 1800 4546 daemones,
1843 4488 1898 4536 et
1943 4481 2187 4539 homines

593 4555 930 4615 dzemonibus
960 4577 1138 4631 pares,
1179 4580 1371 4635 nempe
1396 4565 1591 4636 Graeci,
1624 4567 1707 4624 his
1738 4570 1897 4625 iidem
1934 4570 2183 4640 habeant,

593 4648 725 4705 nihil
752 4652 978 4720 mirum;
1019 4655 1158 4725 quod
1181 4666 1358 4711 autem
1388 4674 1482 4714 vos
1513 4668 1619 4715 tam
1644 4659 1839 4717 divinae
1863 4672 1917 4717 et
1940 4664 2188 4720 salutaris

598 4737 857 4797 doctrina:
896 4746 1202 4815 participes,
1234 4747 1349 4804 haec
1372 4749 1697 4820 deSpiciatis,
1725 4754 1858 4809 etad
1879 4754 1967 4810 illa
1993 4756 2185 4812 absur-

592 4830 813 4886 dissima
834 4847 1136 4892 commenta
1159 4840 1353 4896 animae
1375 4842 1675 4912 perniciosa
1694 4844 2034 4916 confugiatis,
2059 4847 2185 4904 illud

593 4922 750 4992 longe
776 4925 1146 4994 gravissimum
1175 4941 1274 4987 est.
1306 4934 1442 5000 Quid
1469 4936 1604 4990 enim
1631 4936 1756 4990 mihi
1787 4947 2016 4994 externos
2031 4940 2184 5009 judi-

591 5028 710 5067 care
732 5013 807 5086 (1.
836 5014 954 5071 Cor.
982 5020 1037 5074 5.
1068 5020 1158 5090 12)
1179 5022 1204 5075 ?
1227 5023 1351 5079 Mihi
1382 5026 1522 5097 apud
1566 5041 1663 5082 vos
1695 5042 1877 5084 sermo
1897 5039 1996 5096 est,
2026 5049 2189 5090 mem-

593 5108 687 5163 bra
714 5109 932 5177 Christi,
967 5111 1060 5169 lilii
1106 5116 1380 5187 Ecclesiae,
1410 5120 1500 5191 qui
1532 5121 1584 5176 in
1626 5132 1843 5193 paterna
1872 5125 2034 5193 domo
2058 5144 2185 5185 cru-

591 5200 688 5255 diti
717 5203 868 5270 estis,
898 5212 953 5260 et
994 5206 1296 5266 czelestibus
1333 5212 1627 5284 disciplinis
1671 5217 1880 5283 imbuti,
1909 5221 1997 5289 qui
2037 5229 2186 5276 tanto

593 5291 801 5351 honore
844 5297 1044 5369 dignati
1076 5302 1226 5357 estis.
1268 5302 1394 5363 Ideo
1437 5322 1616 5377 gemo,
1669 5309 1792 5366 ideo
1838 5311 2106 5368 lamentor
2132 5323 2187 5370 et

593 5384 786 5475 ploro:
817 5403 939 5444 nam
986 5391 1237 5464 lacrymis
1265 5396 1422 5467 digna
1471 5407 1594 5453 sunt
1646 5400 1781 5467 haec,
1826 5404 2039 5472 quando
2067 5404 2187 5475 quis

593 5473 645 5530 in
678 5489 892 5546 peccata
922 5481 1140 5551 decidit,
1170 5501 1289 5556 qua:
1326 5489 1479 5544 venia
1522 5489 1677 5560 digna
1721 5507 1825 5547 non
1869 5503 1992 5549 sunt
2022 5512 2036 5549 :
2067 5473 2185 5565 quae

595 5570 768 5635 venia,
812 5576 1025 5644 quando
1072 5578 1215 5634 Deus
1255 5586 1573 5639 sententiam
1623 5585 1773 5654 dicit,
1820 5598 1875 5643 et
1912 5588 2185 5647 dmmones

594 5665 985 5735 contradicunt,
1036 5687 1334 5745 eorumque
1371 5677 1507 5733 dicta
1554 5680 1717 5736 etiam
1750 5681 1842 5737 Dei
1874 5681 2182 5739 domesticis

598 5751 701 5809 lide
729 5757 969 5827 digniora
1009 5764 1295 5822 videntur?
1334 5768 1448 5824 Non
1479 5770 1892 5841 disputationem
1924 5773 2030 5842 iam
2070 5788 2184 5829 mo.

598 5862 805 5921 ventus,
835 5853 929 5910 sed
981 5856 1192 5918 interim
1236 5875 1445 5932 eorum,
1487 5867 1574 5935 qui
1616 5866 1744 5937 ipsis
1787 5866 2178 5939 obtemperant,

1406 389 1463 446 S.
1494 389 1773 448 JOANNIS
1810 386 2187 446 CHRYSOST.
2227 387 2553 445 ARClllEP.
2593 389 3137 451 CONSTANTlNOP.
3769 396 3855 454 756

2298 501 2683 574 impudentiam
2719 507 3071 563 ostendemus
3099 525 3113 562 :
3145 507 3287 564 Deus
3321 507 3450 564 dicit
3479 525 3499 564 :
3529 511 3751 581 Apposui
3786 514 3856 567 tibi

2292 598 2459 669 ignem
2485 608 2531 653 et
2559 616 2763 669 aquam,
2791 600 2945 654 vitam
2972 610 3018 654 et
3039 610 3248 655 mortem
3270 619 3283 655 :
3312 618 3626 673 quocumque
3646 605 3856 673 volueris,

2295 691 2506 745 extende
2548 707 2753 745 manum
2793 702 2933 745 tuam
2958 690 3147 762 (Eccli.
3190 693 3274 748 15.
3308 693 3427 764 l7);
3465 693 3675 748 daemon
3708 693 3856 749 dicit:

2294 779 2409 835 Non
2440 789 2524 836 est
2554 781 2605 836 in
2635 789 2690 836 te
2713 782 2875 836 situm
2902 782 3194 838 extendere
3223 798 3463 847 manum,
3513 783 3609 839 sed
3653 786 3859 840 necessi-

2295 882 2404 929 tate
2428 875 2654 943 quadam
2685 888 2748 930 ac
2774 874 2825 929 vi
2859 873 2964 928 hoc
3003 875 3196 945 agitur.
3238 874 3309 928 Et
3351 874 3464 929 haec
3508 875 3601 930 tibi
3642 873 3858 930 videntur

2297 964 2401 1020 [ide
2431 964 2674 1035 digniora
2713 980 2836 1021 esse
2868 982 2882 1019 :
2912 981 3085 1036 neque
3123 965 3329 1036 cogitas
3357 975 3612 1036 quantum
3641 966 3708 1021 sit
3743 967 3859 1022 inter

2298 1055 2601 1127 huiusmodi
2616 1057 2964 1113 consultores
2991 1057 3351 1124 intervallum,
3374 1057 3519 1128 quod
3537 1058 3624 1112 ille
3638 1058 3704 1112 sit
3722 1058 3857 1122 Deus,

2296 1148 2384 1204 hic
2405 1163 2534 1204 vero
2563 1149 2774 1204 daemon
2803 1166 2817 1203 :
2842 1164 2947 1204 non
2977 1149 3182 1205 consilii
3210 1148 3566 1204 differentiam
3591 1148 3855 1215 examinati,

2296 1241 2442 1311 quod
2473 1241 2603 1297 illud
2629 1242 2864 1298 salutare
2893 1244 2963 1297 sit
2984 1252 3038 1298 et
3062 1241 3129 1296 ad
3156 1243 3404 1297 virtutem
3431 1253 3613 1311 vocet,
3643 1242 3738 1297 hoc
3755 1258 3862 1298 vero

2297 1333 2640 1399 diabolicum,
2663 1334 2730 1390 ad
2754 1336 3045 1406 nequitiam
3084 1344 3138 1390 et
3179 1334 3575 1405 improbitatem
3609 1336 3857 1392 excitans:

2296 1440 2406 1481 non
2435 1425 2765 1492 consideras,
2798 1442 3043 1496 quamam
3075 1427 3166 1481 tibi
3196 1441 3226 1481 a
3271 1427 3402 1496 Deo,
3434 1436 3493 1484 et
3528 1443 3759 1500 quanam
3783 1427 3861 1481 tibi

2298 1534 2327 1573 a
2353 1519 2599 1575 daemone
2620 1519 2742 1575 data
2770 1520 2877 1575 sint
2901 1538 2914 1574 :
2945 1520 3087 1591 quod
3114 1521 3203 1577 ille
3222 1521 3438 1592 quidem
3462 1521 3535 1576 ita
3557 1530 3609 1576 te
3627 1520 3857 1584 dilexerit,

2301 1623 2359 1669 ut
2386 1624 2439 1669 et
2466 1614 2660 1670 Filium
2688 1630 2840 1669 suum
2867 1613 3200 1683 unigenitum
3230 1628 3328 1683 pro
3354 1624 3407 1670 te
3433 1613 3609 1678 daret,
3631 1629 3729 1684 quo
3751 1612 3860 1667 nihil

2300 1706 2442 1763 Patri
2485 1706 2771 1777 pretiosius
2813 1715 2948 1770 erat,
2989 1714 3151 1777 atque
3181 1707 3340 1759 etiam
3372 1721 3517 1760 nunc
3551 1705 3620 1761 ita
3645 1712 3791 1770 amat,
3813 1713 3860 1757 ut

2302 1809 2355 1855 te
2384 1814 2478 1869 per
2506 1798 2779 1869 apostolos
2817 1813 2914 1869 pro
2951 1805 3038 1852 tua
3068 1797 3241 1852 salute
3270 1796 3607 1862 coliortetur,
3632 1804 3687 1851 et
3710 1793 3860 1851 omnia

2306 1890 2492 1957 iaciat;
2527 1891 2615 1946 ille
2643 1904 2771 1945 vero
2802 1889 2872 1944 ita
2898 1888 3023 1944 odio
3061 1882 3244 1942 habuit
3268 1896 3323 1943 et
3350 1886 3534 1952 habet,
3568 1895 3623 1942 ut
3648 1902 3734 1955 per
3761 1898 3858 1939 om-

2300 1986 2386 2039 nia
2414 1995 2465 2040 te
2510 1985 2801 2054 impugnet,
2843 1996 3015 2052 neque
3055 1980 3218 2036 modo
3261 1995 3368 2035 non
3407 1980 3504 2035 tibi
3542 1977 3730 2049 aliquid
3755 1976 3858 2032 boni

2301 2077 2519 2143 tribuat,
2548 2075 2643 2133 sed
2683 2076 2844 2131 etiam
2868 2075 2935 2131 ab
2962 2075 3025 2130 iis
3051 2090 3170 2146 quae
3211 2088 3242 2129 a
3285 2074 3397 2129 Deo
3424 2072 3681 2144 accepisti
3716 2080 3762 2127 te
3785 2085 3858 2125 ex-

2302 2168 2517 2225 turbare
2541 2178 2766 2224 couetur
2791 2185 2805 2219 :
2838 2167 2930 2222 ille
2952 2177 3004 2222 te
3030 2166 3230 2237 angelis
3261 2181 3448 2238 parem
3476 2164 3650 2221 facere
3667 2162 3855 2226 studuit,

2301 2258 2390 2314 hic
2411 2273 2539 2314 vero
2569 2258 2718 2313 humi
2758 2257 3069 2329 repentibus
3094 2267 3146 2313 te
3173 2258 3527 2329 abjcctiorem
3554 2254 3738 2320 eﬂecit,
3760 2252 3859 2307 lilii-

2300 2366 2406 2422 que
2433 2349 2696 2421 persuasit
2720 2357 2781 2405 ut
2829 2349 2919 2403 illa
2948 2348 3202 2404 adorares
3230 2367 3244 2404 :
3274 2348 3363 2403 ille
3400 2349 3457 2404 in
3487 2361 3702 2418 regnum
3727 2342 3859 2399 calo-

2300 2459 2419 2499 rum
2447 2443 2687 2514 aliosque
2714 2443 2948 2498 honores
2977 2451 3031 2496 te
3055 2440 3333 2511 pertrahit,
3352 2440 3442 2495 hic
3457 2455 3585 2496 vero
3604 2435 3857 2494 honoribus

2302 2536 2395 2592 tibi
2425 2535 2640 2592 collatis
2686 2533 2899 2602 invidit,
2942 2549 3044 2589 nec
3086 2533 3234 2604 prius
3275 2532 3429 2600 abiit,
3460 2548 3618 2604 quam
3669 2541 3715 2586 te
3757 2527 3857 2584 inde

2302 2628 2541 2699 ejecerit.
2573 2626 2828 2696 Quamvis
2847 2626 2991 2682 enim
3025 2625 3165 2681 illius
3183 2625 3433 2696 dogmata
3459 2625 3751 2696 perspicere
3770 2634 3855 2677 non

2302 2722 2538 2794 possitis,
2562 2721 2773 2777 etiamsi
2800 2719 2918 2776 sole
2938 2719 3170 2776 clariora
3197 2720 3306 2775 sint
3331 2719 3418 2787 iis,
3444 2719 3535 2790 qui
3561 2730 3764 2790 prorsus
3784 2729 3856 2769 su-

2301 2816 2410 2885 pini
2433 2831 2539 2871 non
2575 2822 2702 2871 sunt
2730 2831 2745 2868 :
2791 2814 2864 2869 ita
2891 2813 3237 2883 conspicuam
3274 2811 3481 2868 habent
3508 2812 3616 2878 illa,
3644 2824 3752 2881 quae
3779 2804 3854 2861 Dei

2300 2916 2446 2974 sunt,
2477 2909 2729 2963 virtutem
2760 2915 2923 2979 atque
2951 2906 3213 2971 salutem;
3268 2905 3357 2961 illa
3381 2919 3517 2961 vero
3560 2902 3851 2974 nequitiam:

2299 3010 2536 3057 attamen
2562 3000 2607 3055 si
2631 3015 2736 3056 non
2778 2998 3003 3071 potestis
3041 2997 3109 3053 ad
3148 2997 3235 3053 illa
3279 2997 3572 3067 respicere,
3612 2994 3778 3049 saltem
3801 2987 3855 3042 ab

2299 3094 2387 3161 iis,
2414 3094 2507 3165 qui
2544 3092 2830 3149 consilium
2878 3090 3033 3146 vobis
3067 3089 3215 3156 dant,
3243 3088 3438 3144 discite
3472 3085 3599 3158 quid
3637 3083 3850 3143 salutare,

2298 3188 2427 3258 quid
2458 3188 2676 3244 noxium
2705 3188 2797 3242 sit.
2843 3182 3125 3252 Quomodo
3158 3182 3299 3238 enim
3321 3180 3614 3237 absurdum
3642 3192 3737 3233 non
3763 3172 3854 3228 lue-

2298 3282 2369 3337 rit
2414 3279 2623 3337 caeteris
2674 3278 2729 3335 in
2763 3278 2925 3334 rebus
2955 3276 3056 3332 hoc
3095 3276 3169 3331 uti
3211 3274 3442 3332 consilio
3471 3316 3488 3341 ,
3526 3280 3585 3329 ut
3629 3270 3673 3326 si
3713 3265 3852 3324 medi-

2298 3388 2395 3430 cus
2435 3373 2614 3429 cibum
2652 3370 2744 3427 det
2781 3370 2983 3438 alicui,
3025 3384 3133 3425 non
3172 3367 3241 3423 de
3290 3382 3359 3422 eo
3402 3367 3498 3422 ille
3549 3363 3747 3420 curiose
3789 3357 3851 3412 in.

2296 3468 2512 3540 quirat,
2567 3465 2664 3521 sed
2707 3474 2765 3520 ut
2817 3463 3032 3521 sanitati
3078 3461 3471 3518 conducentem
3514 3455 3729 3549 accipiat
3759 3468 3772 3517 ;
3807 3446 3847 3549 fi

2296 3567 2476 3614 autem
2505 3554 2776 3612 veneficus
2801 3562 2858 3610 et
2889 3553 3263 3626 praestigiator,
3308 3565 3418 3606 non
3451 3548 3670 3605 multum
3698 3544 3844 3611 inqui-

2296 3658 2399 3717 rat,
2426 3647 2525 3705 sed
2549 3647 2701 3720 quasi
2732 3660 2997 3702 venenum
3026 3652 3083 3700 et
3106 3654 3311 3716 pestem
3349 3649 3659 3703 aversetur;
3684 3642 3849 3692 etcum

2296 3741 2363 3798 de
2421 3742 2528 3798 Deo
2578 3739 2754 3812 agitur
2798 3753 2906 3794 non
2950 3737 3143 3795 eodem
3185 3734 3264 3791 uti
3310 3733 3531 3790 medio?
3572 3735 3850 3803 quamquam

2296 3842 2445 3891 tanto
2471 3836 2643 3903 majus
2672 3831 3009 3888 intervallum
3029 3838 3111 3886 est
3136 3828 3279 3884 inter
3303 3827 3472 3882 Deum
3494 3833 3549 3881 et
3566 3822 3848 3912 daamoneﬂl.

2294 3945 2453 4000 quam
2482 3929 2621 3984 inter
2647 3925 2913 3982 medicum
2948 3932 3004 3979 et
3041 3920 3363 3986 veneficum,
3401 3925 3602 3989 quanto
3628 3926 3720 3969 nec
3741 3908 3842 4000 dict.

2295 3995 2397 4078 nec
2413 4031 2593 4077 mente
2614 4018 2701 4075 vel
2725 4032 2974 4074 sermone
2989 4011 3372 4084 comprehendi
3393 4017 3589 4081 potest.
3610 3995 3848 4074 Quomodo

2295 4115 2455 4184 igitur
2478 4127 2583 4166 non
2615 4119 2868 4166 extremae
2893 4106 3052 4163 fuerit
3073 4103 3444 4167 absurditatis,
3485 4100 3573 4156 ubi
3603 4094 3843 4184 minorest

2292 4174 2443 4262 cibos
2459 4203 2805 4275 praebentium
2820 4199 3140 4266 differentia,
3155 4212 3261 4253 non
3274 4194 3488 4252 curiose
3500 4174 3850 4285 inquirere,scd

2291 4301 2599 4356 conditione
2642 4310 2991 4370 personarum
3035 4293 3296 4350 universa:
3319 4290 3577 4346 doctrinm
3604 4286 3716 4341 loco
3737 4284 3846 4370 tl":

2291 4392 2381 4447 ubi
2403 4401 2578 4447 autem
2603 4369 3028 4447 censiliariorum
3047 4393 3249 4440 tantum
3270 4390 3355 4439 est
3370 4380 3673 4440 discrimen,
3689 4369 3852 4467 adhot':

2292 4487 2641 4555 tationeopus
2667 4481 2888 4547 habere,
2904 4485 2964 4533 ut
2990 4475 3312 4547 intelligatur
3338 4471 3467 4544 quid
3489 4470 3729 4560 salutare,

2292 4577 2512 4635 noxium
2556 4573 2659 4629 sit?
2706 4571 2803 4638 Ne,
2847 4585 3052 4643 quaeso,
3099 4582 3169 4624 ne
3211 4562 3659 4621 irrationabilibus
3695 4556 3851 4611 bestiis

2293 4665 2768 4725 irrationabiliores
2797 4663 2998 4729 simus;
3043 4657 3138 4716 sed
3167 4657 3490 4722 resiliamus,
3518 4667 3615 4708 nec
3641 4643 3847 4742 praebet.-

2293 4778 2413 4819 mus
2439 4773 2640 4816 aures:
2678 4772 2802 4814 nam
2844 4755 3188 4826 Corrumpunt
3232 4766 3397 4805 mores
3440 4748 3595 4803 bonos
3634 4737 3849 4805 colloquia

2294 4870 2451 4925 prava
2479 4851 2556 4925 (l.
2587 4845 2708 4907 Cor.
2754 4848 2838 4905 15.
2872 4846 2963 4918 5'5)
3000 4862 3015 4900 :
3059 4857 3233 4914 neque
3276 4841 3487 4896 veniam
3538 4832 3847 4925 asseqttetllut

2293 4919 2383 5015 qui
2410 4919 2618 5011 decepti
2644 4947 2788 4996 sunt.
2821 4939 2928 4994 Cur
2955 4937 3098 4993 enim
3124 4933 3170 4990 si
3196 4932 3533 5003 pestilentem
3552 4934 3604 4982 et
3625 4919 3841 5015 inieclutn

2293 5012 2471 5092 locum
2498 5034 2703 5099 videas,
2723 5033 2833 5088 illic
2850 5031 3147 5086 consistere
3168 5024 3386 5095 refugis,
3408 5017 3609 5080 etiamsi
3629 5012 3843 5113 sexcenis

2293 5139 2345 5183 te
2397 5127 2465 5183 ad
2517 5127 2661 5181 illam
2712 5123 3094 5181 habitationem
3137 5116 3483 5189 pertrahant,
3538 5107 3843 5179 οοψοτίειῐυθ

2290 5219 2650 5276 valetudinem
2678 5216 2890 5273 (ueteris
2928 5213 3178 5270 omnibus
3203 5208 3521 5280 anteponis;
3549 5208 3663 5259 cum
3691 5199 3865 5294 autem

2291 5326 2540 5368 sermone
2579 5308 2847 5381 pestilenti
2872 5314 3034 5377 atque
3064 5303 3252 5360 morbo
3281 5300 3492 5373 quidam
3521 5301 3638 5352 sunt
3663 5284 3836 5381 celer“.

2290 5419 2409 5475 qua:
2438 5419 2543 5459 non
2574 5376 2768 5472 corpus
2797 5376 3027 5466 tantum,
3055 5397 3148 5453 sed
3189 5396 3351 5452 etiam
3376 5393 3598 5449 animam
3622 5376 3834 5456 perdunt.

2291 5512 2516 5566 eamque
2542 5495 2862 5551 deteriorem
2897 5508 2960 5549 ac
2999 5491 3243 5548 viliorem
3284 5488 3530 5551 reddunt,
3565 5493 3663 5535 non
3689 5476 3838 5566 tamen

2291 5588 2506 5644 resilis?
2528 5588 2687 5655 Audi,
2738 5588 2910 5659 inquit
2950 5586 3166 5656 sapiens
3201 5581 3416 5653 quidam
3443 5579 3628 5667 vimine
3651 5571 3830 5667 ξιξίθπξς

2289 5681 2379 5734 sed
2401 5681 2559 5747 resili,
2599 5697 2663 5735 ne
2704 5678 2983 5734 tardaveris
3021 5675 3201 5747 (Prov.
3231 5675 3287 5731 9.
3324 5672 3414 5743 18)
3443 5689 3456 5727 :
3484 5666 3563 5724 vel
3600 5659 3831 5717 minimam

2290 5773 2343 5827 in
2368 5772 2450 5828 his
2477 5781 2655 5828 metue
2683 5784 2908 5829 moram:
2935 5771 3059 5827 Haec
3078 5783 3240 5841 porro
3254 5768 3500 5830 dicimus,
3528 5772 3624 5815 non
3643 5751 3824 5817 4108³³³·

2291 5873 2402 5921 tum
2446 5864 2658 5922 illorum
2706 5867 2811 5923 vim
2852 5862 3283 5930 reformidantes,
3330 5859 3421 5917 sed
3462 5842 3823 5913 imbecillitatem
