  <div class='ocr_page' id='page_1' title='image "/cluster/home/n/w/nwhite01/storage/ocr_20150623/50:no.2:pt.2/coo.31924054869494/352.png"; bbox 0 0 4124 6462; ppageno 0'>
   <div class='ocr_carea' id='block_1_1' title="bbox 335 451 439 507">
    <p class='ocr_par' dir='ltr' id='par_1_1' title="bbox 335 451 439 507">
     <span class='ocr_line' id='line_1_1' title="bbox 335 451 439 507; baseline 0 0"><span class='ocrx_word' id='word_1_1' title='bbox 335 451 439 507; x_wconf 74' lang='lat'><strong>735</strong></span> 
     </span>
    </p>
   </div>
   <div class='ocr_carea' id='block_1_2' title="bbox 243 543 1908 633">
    <p class='ocr_par' dir='ltr' id='par_1_2' title="bbox 243 543 1908 633">
     <span class='ocr_line' id='line_1_2' title="bbox 243 543 1908 633; baseline 0 -21"><span class='ocrx_word' id='word_1_2' title='bbox 243 596 255 612; x_wconf 83' lang='lat'><strong><em>.</em></strong></span> <span class='ocrx_word' id='word_1_3' title='bbox 331 564 420 617; x_wconf 85' lang='grc' dir='ltr'><strong>δέν</strong></span> <span class='ocrx_word' id='word_1_4' title='bbox 449 562 555 633; x_wconf 83' lang='grc' dir='ltr'><strong>γάρ</strong></span> <span class='ocrx_word' id='word_1_5' title='bbox 584 561 771 633; x_wconf 76' lang='grc' dir='ltr'><strong>ἓτερον</strong></span> <span class='ocrx_word' id='word_1_6' title='bbox 813 559 972 631; x_wconf 72' lang='grc' dir='ltr'><strong>ἤθελε</strong></span> <span class='ocrx_word' id='word_1_7' title='bbox 1023 558 1429 612; x_wconf 83' lang='grc' dir='ltr'><strong>κατασκευάσαι</strong></span> <span class='ocrx_word' id='word_1_8' title='bbox 1477 543 1654 613; x_wconf 78' lang='grc' dir='ltr'><strong>δι”ὦν</strong></span> <span class='ocrx_word' id='word_1_9' title='bbox 1699 559 1908 628; x_wconf 77' lang='grc' dir='ltr'><strong>ἔλεγεν,</strong></span> 
     </span>
    </p>
   </div>
   <div class='ocr_carea' id='block_1_3' title="bbox 329 643 1910 719">
    <p class='ocr_par' dir='ltr' id='par_1_3' title="bbox 329 643 1910 719">
     <span class='ocr_line' id='line_1_3' title="bbox 329 643 1910 719; baseline -0.003 -17"><span class='ocrx_word' id='word_1_10' title='bbox 329 648 443 702; x_wconf 84' lang='grc' dir='ltr'><strong>ἀλλ’</strong></span> <span class='ocrx_word' id='word_1_11' title='bbox 491 649 524 719; x_wconf 84' lang='grc' dir='ltr'>ἢ</span> <span class='ocrx_word' id='word_1_12' title='bbox 575 649 659 701; x_wconf 77' lang='grc' dir='ltr'><strong>ὅτι</strong></span> <span class='ocrx_word' id='word_1_13' title='bbox 706 647 982 716; x_wconf 86' lang='grc' dir='ltr'><strong>ἀπόστητε</strong></span> <span class='ocrx_word' id='word_1_14' title='bbox 1027 644 1120 699; x_wconf 86' lang='grc' dir='ltr'><strong>τοῦ</strong></span> <span class='ocrx_word' id='word_1_15' title='bbox 1173 643 1308 697; x_wconf 89' lang='grc' dir='ltr'><strong>Θεοῦ</strong></span> <span class='ocrx_word' id='word_1_16' title='bbox 1360 644 1454 698; x_wconf 89' lang='grc' dir='ltr'><strong>τοῦ</strong></span> <span class='ocrx_word' id='word_1_17' title='bbox 1508 647 1910 717; x_wconf 77' lang='grc' dir='ltr'><strong>πεποιηκότος·</strong></span> 
     </span>
    </p>
   </div>
   <div class='ocr_carea' id='block_1_4' title="bbox 329 732 1913 805">
    <p class='ocr_par' dir='ltr' id='par_1_4' title="bbox 329 732 1913 805">
     <span class='ocr_line' id='line_1_4' title="bbox 329 732 1913 805; baseline -0.003 -15"><span class='ocrx_word' id='word_1_18' title='bbox 329 735 604 805; x_wconf 86' lang='grc' dir='ltr'><strong>βάσκανός</strong></span> <span class='ocrx_word' id='word_1_19' title='bbox 653 736 770 789; x_wconf 85' lang='grc' dir='ltr'><strong>ἐστι</strong></span> <span class='ocrx_word' id='word_1_20' title='bbox 821 735 913 788; x_wconf 80' lang='grc' dir='ltr'><strong>καὶ</strong></span> <span class='ocrx_word' id='word_1_21' title='bbox 961 733 1250 805; x_wconf 86' lang='grc' dir='ltr'><strong>φθονερὸς,</strong></span> <span class='ocrx_word' id='word_1_22' title='bbox 1282 732 1469 802; x_wconf 85' lang='grc' dir='ltr'><strong>φθονεῖ</strong></span> <span class='ocrx_word' id='word_1_23' title='bbox 1508 732 1617 786; x_wconf 88' lang='grc' dir='ltr'><strong>τῶν</strong></span> <span class='ocrx_word' id='word_1_24' title='bbox 1650 732 1913 803; x_wconf 74' lang='grc' dir='ltr'><strong>μειζόνων</strong></span> 
     </span>
    </p>
   </div>
   <div class='ocr_carea' id='block_1_5' title="bbox 326 820 1911 894">
    <p class='ocr_par' dir='ltr' id='par_1_5' title="bbox 326 820 1911 894">
     <span class='ocr_line' id='line_1_5' title="bbox 326 820 1911 894; baseline -0.001 -18"><span class='ocrx_word' id='word_1_25' title='bbox 326 823 459 894; x_wconf 82' lang='grc' dir='ltr'><strong>ὑμῖν</strong></span> <span class='ocrx_word' id='word_1_26' title='bbox 485 823 728 893; x_wconf 90' lang='grc' dir='ltr'><strong>ἀγαθῶν.</strong></span> <span class='ocrx_word' id='word_1_27' title='bbox 771 822 931 876; x_wconf 86' lang='grc' dir='ltr'><strong>Ἀλλά</strong></span> <span class='ocrx_word' id='word_1_28' title='bbox 977 820 1157 876; x_wconf 82' lang='grc' dir='ltr'><strong>ταῦτα’</strong></span> <span class='ocrx_word' id='word_1_29' title='bbox 1196 820 1449 893; x_wconf 81' lang='grc' dir='ltr'>φανερῶς</span> <span class='ocrx_word' id='word_1_30' title='bbox 1486 821 1584 893; x_wconf 84' lang='grc' dir='ltr'><strong>μὲν</strong></span> <span class='ocrx_word' id='word_1_31' title='bbox 1613 822 1714 875; x_wconf 78' lang='grc' dir='ltr'><strong>οὐκ</strong></span> <span class='ocrx_word' id='word_1_32' title='bbox 1747 820 1911 893; x_wconf 74' lang='grc' dir='ltr'><strong>ἔθηκε</strong></span> 
     </span>
    </p>
   </div>
   <div class='ocr_carea' id='block_1_6' title="bbox 326 905 1910 984">
    <p class='ocr_par' dir='ltr' id='par_1_6' title="bbox 326 905 1910 984">
     <span class='ocr_line' id='line_1_6' title="bbox 326 905 1910 984; baseline -0.001 -20"><span class='ocrx_word' id='word_1_33' title='bbox 326 910 399 964; x_wconf 85' lang='grc' dir='ltr'><strong>τά</strong></span> <span class='ocrx_word' id='word_1_34' title='bbox 445 913 683 984; x_wconf 79' lang='grc' dir='ltr'><strong>ῥήματα·</strong></span> <span class='ocrx_word' id='word_1_35' title='bbox 724 905 760 982; x_wconf 84' lang='grc' dir='ltr'>ἦ</span> <span class='ocrx_word' id='word_1_36' title='bbox 795 910 904 982; x_wconf 80' lang='grc' dir='ltr'><strong>γάρ</strong></span> <span class='ocrx_word' id='word_1_37' title='bbox 946 909 1032 976; x_wconf 83' lang='grc' dir='ltr'><strong>ἂν,</strong></span> <span class='ocrx_word' id='word_1_38' title='bbox 1085 909 1549 972; x_wconf 84' lang='grc' dir='ltr'><strong>ὑποπτεύσαντες</strong></span> <span class='ocrx_word' id='word_1_39' title='bbox 1576 909 1739 962; x_wconf 80' lang='grc' dir='ltr'><strong>αὐτὸν</strong></span> <span class='ocrx_word' id='word_1_40' title='bbox 1770 905 1910 963; x_wconf 81' lang='grc' dir='ltr'><strong>εἰναι</strong></span> 
     </span>
    </p>
   </div>
   <div class='ocr_carea' id='block_1_7' title="bbox 327 995 1912 1070">
    <p class='ocr_par' dir='ltr' id='par_1_7' title="bbox 327 995 1912 1070">
     <span class='ocr_line' id='line_1_7' title="bbox 327 995 1912 1070; baseline -0.001 -21"><span class='ocrx_word' id='word_1_41' title='bbox 327 998 545 1070; x_wconf 86' lang='grc' dir='ltr'><strong>ἐχθρὸν,</strong></span> <span class='ocrx_word' id='word_1_42' title='bbox 583 999 818 1068; x_wconf 77' lang='grc' dir='ltr'><strong>ἔφυγον·</strong></span> <span class='ocrx_word' id='word_1_43' title='bbox 860 998 1022 1066; x_wconf 74' lang='grc' dir='ltr'><strong>ἀφεὶς</strong></span> <span class='ocrx_word' id='word_1_44' title='bbox 1058 996 1117 1050; x_wconf 84' lang='grc' dir='ltr'><strong>δὲ</strong></span> <span class='ocrx_word' id='word_1_45' title='bbox 1170 998 1345 1051; x_wconf 89' lang='grc' dir='ltr'><strong>εἰπεῖν</strong></span> <span class='ocrx_word' id='word_1_46' title='bbox 1380 997 1565 1060; x_wconf 78' lang='grc' dir='ltr'><strong>αὐτοῖς</strong></span> <span class='ocrx_word' id='word_1_47' title='bbox 1613 995 1787 1049; x_wconf 82' lang='grc' dir='ltr'><strong>ταῦτα</strong></span> <span class='ocrx_word' id='word_1_48' title='bbox 1816 995 1912 1049; x_wconf 79' lang='grc' dir='ltr'><strong>καὶ</strong></span> 
     </span>
    </p>
   </div>
   <div class='ocr_carea' id='block_1_8' title="bbox 325 1084 1911 1159">
    <p class='ocr_par' dir='ltr' id='par_1_8' title="bbox 325 1084 1911 1159">
     <span class='ocr_line' id='line_1_8' title="bbox 325 1084 1911 1159; baseline -0.003 -19"><span class='ocrx_word' id='word_1_49' title='bbox 325 1087 697 1159; x_wconf 74' lang='grc' dir='ltr'><strong>περιστείλας,</strong></span> <span class='ocrx_word' id='word_1_50' title='bbox 724 1086 822 1159; x_wconf 86' lang='grc' dir='ltr'><strong>τὴν</strong></span> <span class='ocrx_word' id='word_1_51' title='bbox 855 1085 1105 1158; x_wconf 80' lang='grc' dir='ltr'><strong>ὀλεθρίαν</strong></span> <span class='ocrx_word' id='word_1_52' title='bbox 1130 1085 1335 1157; x_wconf 88' lang='grc' dir='ltr'><strong>ταύτην</strong></span> <span class='ocrx_word' id='word_1_53' title='bbox 1379 1086 1645 1157; x_wconf 77' lang='grc' dir='ltr'><strong>εἰσήγαγε</strong></span> <span class='ocrx_word' id='word_1_54' title='bbox 1674 1084 1911 1156; x_wconf 87' lang='grc' dir='ltr'><strong>συμϐου-</strong></span> 
     </span>
    </p>
   </div>
   <div class='ocr_carea' id='block_1_9' title="bbox 323 1169 1908 1248">
    <p class='ocr_par' dir='ltr' id='par_1_9' title="bbox 323 1169 1908 1248">
     <span class='ocr_line' id='line_1_9' title="bbox 323 1169 1908 1248; baseline -0.004 -19"><span class='ocrx_word' id='word_1_55' title='bbox 323 1177 444 1248; x_wconf 80' lang='grc' dir='ltr'><strong>λήν.</strong></span> <span class='ocrx_word' id='word_1_56' title='bbox 480 1174 636 1229; x_wconf 73' lang='grc' dir='ltr'><strong>Οὕτω</strong></span> <span class='ocrx_word' id='word_1_57' title='bbox 661 1175 724 1247; x_wconf 84' lang='grc' dir='ltr'><strong>δὴ</strong></span> <span class='ocrx_word' id='word_1_58' title='bbox 753 1176 849 1228; x_wconf 78' lang='grc' dir='ltr'><strong>καὶ</strong></span> <span class='ocrx_word' id='word_1_59' title='bbox 887 1174 981 1228; x_wconf 88' lang='grc' dir='ltr'><strong>νῦν</strong></span> <span class='ocrx_word' id='word_1_60' title='bbox 1018 1174 1078 1227; x_wconf 84' lang='grc' dir='ltr'><strong>οὐ</strong></span> <span class='ocrx_word' id='word_1_61' title='bbox 1132 1173 1278 1243; x_wconf 81' lang='grc' dir='ltr'><strong>λέγει</strong></span> <span class='ocrx_word' id='word_1_62' title='bbox 1325 1174 1445 1245; x_wconf 81' lang='grc' dir='ltr'><strong>μὲν,</strong></span> <span class='ocrx_word' id='word_1_63' title='bbox 1499 1172 1776 1244; x_wconf 87' lang='grc' dir='ltr'><strong>ἀπόστητε</strong></span> <span class='ocrx_word' id='word_1_64' title='bbox 1813 1169 1908 1224; x_wconf 89' lang='grc' dir='ltr'><strong>τοῦ</strong></span> 
     </span>
    </p>
   </div>
   <div class='ocr_carea' id='block_1_10' title="bbox 323 1260 1907 1336">
    <p class='ocr_par' dir='ltr' id='par_1_10' title="bbox 323 1260 1907 1336">
     <span class='ocr_line' id='line_1_10' title="bbox 323 1260 1907 1336; baseline -0.004 -17"><span class='ocrx_word' id='word_1_65' title='bbox 323 1264 584 1336; x_wconf 82' lang='grc' dir='ltr'><strong>Χριστοῦ,</strong></span> <span class='ocrx_word' id='word_1_66' title='bbox 612 1266 689 1329; x_wconf 85' lang='grc' dir='ltr'><strong>ὡς</strong></span> <span class='ocrx_word' id='word_1_67' title='bbox 717 1264 1183 1335; x_wconf 81' lang='grc' dir='ltr'><strong>κατεγνωσμένων</strong></span> <span class='ocrx_word' id='word_1_68' title='bbox 1231 1263 1341 1316; x_wconf 85' lang='grc' dir='ltr'><strong>τῶν</strong></span> <span class='ocrx_word' id='word_1_69' title='bbox 1395 1262 1556 1315; x_wconf 85' lang='grc' dir='ltr'><strong>θείων</strong></span> <span class='ocrx_word' id='word_1_70' title='bbox 1594 1260 1907 1331; x_wconf 88' lang='grc' dir='ltr'><strong>δογμάτων·</strong></span> 
     </span>
    </p>
   </div>
   <div class='ocr_carea' id='block_1_11' title="bbox 321 1348 1910 1425">
    <p class='ocr_par' dir='ltr' id='par_1_11' title="bbox 321 1348 1910 1425">
     <span class='ocr_line' id='line_1_11' title="bbox 321 1348 1910 1425; baseline -0.004 -19"><span class='ocrx_word' id='word_1_71' title='bbox 321 1349 431 1406; x_wconf 84' lang='grc' dir='ltr'><strong>οἶδε</strong></span> <span class='ocrx_word' id='word_1_72' title='bbox 459 1354 566 1425; x_wconf 85' lang='grc' dir='ltr'><strong>γάρ</strong></span> <span class='ocrx_word' id='word_1_73' title='bbox 604 1354 685 1407; x_wconf 87' lang='grc' dir='ltr'><strong>ὅτι</strong></span> <span class='ocrx_word' id='word_1_74' title='bbox 712 1353 967 1423; x_wconf 79' lang='grc' dir='ltr'><strong>ἐψεύδετο</strong></span> <span class='ocrx_word' id='word_1_75' title='bbox 1000 1353 1095 1406; x_wconf 73' lang='grc' dir='ltr'><strong>καὶ</strong></span> <span class='ocrx_word' id='word_1_76' title='bbox 1122 1352 1222 1404; x_wconf 78' lang='grc' dir='ltr'><strong>οὐκ</strong></span> <span class='ocrx_word' id='word_1_77' title='bbox 1248 1350 1566 1405; x_wconf 75' lang='grc' dir='ltr'><strong>ἐπιστεύετο</strong></span> <span class='ocrx_word' id='word_1_78' title='bbox 1589 1362 1637 1390; x_wconf 79' lang='grc' dir='ltr'><strong>ι·</strong></span> <span class='ocrx_word' id='word_1_79' title='bbox 1671 1348 1910 1420; x_wconf 87' lang='grc' dir='ltr'><strong>κακούρ-</strong></span> 
     </span>
    </p>
   </div>
   <div class='ocr_carea' id='block_1_12' title="bbox 320 1435 1908 1511">
    <p class='ocr_par' dir='ltr' id='par_1_12' title="bbox 320 1435 1908 1511">
     <span class='ocr_line' id='line_1_12' title="bbox 320 1435 1908 1511; baseline -0.004 -17"><span class='ocrx_word' id='word_1_80' title='bbox 320 1458 438 1509; x_wconf 79' lang='grc' dir='ltr'><strong>γως</strong></span> <span class='ocrx_word' id='word_1_81' title='bbox 483 1440 541 1493; x_wconf 85' lang='grc' dir='ltr'><strong>δέ</strong></span> <span class='ocrx_word' id='word_1_82' title='bbox 586 1441 735 1495; x_wconf 88' lang='grc' dir='ltr'><strong>δοκεῖ</strong></span> <span class='ocrx_word' id='word_1_83' title='bbox 786 1441 884 1510; x_wconf 82' lang='grc' dir='ltr'><strong>μὲν</strong></span> <span class='ocrx_word' id='word_1_84' title='bbox 932 1440 1082 1511; x_wconf 76' lang='grc' dir='ltr'><strong>ἡμᾶς</strong></span> <span class='ocrx_word' id='word_1_85' title='bbox 1137 1438 1352 1507; x_wconf 82' lang='grc' dir='ltr'><strong>ἀφεῖναι</strong></span> <span class='ocrx_word' id='word_1_86' title='bbox 1407 1440 1465 1491; x_wconf 89' lang='grc' dir='ltr'><strong>ἐν</strong></span> <span class='ocrx_word' id='word_1_87' title='bbox 1514 1435 1757 1499; x_wconf 89' lang='grc' dir='ltr'><strong>τούτοις.</strong></span> <span class='ocrx_word' id='word_1_88' title='bbox 1813 1435 1908 1489; x_wconf 75' lang='grc' dir='ltr'><strong>καὶ</strong></span> 
     </span>
    </p>
   </div>
   <div class='ocr_carea' id='block_1_13' title="bbox 320 1524 1908 1601">
    <p class='ocr_par' dir='ltr' id='par_1_13' title="bbox 320 1524 1908 1601">
     <span class='ocr_line' id='line_1_13' title="bbox 320 1524 1908 1601; baseline -0.003 -19"><span class='ocrx_word' id='word_1_89' title='bbox 320 1531 629 1601; x_wconf 75' lang='grc' dir='ltr'><strong>συγχωρεῖν</strong></span> <span class='ocrx_word' id='word_1_90' title='bbox 662 1527 797 1601; x_wconf 89' lang='grc' dir='ltr'><strong>πρὸς</strong></span> <span class='ocrx_word' id='word_1_91' title='bbox 825 1527 921 1599; x_wconf 80' lang='grc' dir='ltr'><strong>τὴν</strong></span> <span class='ocrx_word' id='word_1_92' title='bbox 948 1526 1227 1598; x_wconf 87' lang='grc' dir='ltr'><strong>ἀλήθειαν,</strong></span> <span class='ocrx_word' id='word_1_93' title='bbox 1255 1525 1457 1596; x_wconf 80' lang='grc' dir='ltr'><strong>ἑτέρως</strong></span> <span class='ocrx_word' id='word_1_94' title='bbox 1484 1524 1540 1577; x_wconf 88' lang='grc' dir='ltr'><strong>δέ</strong></span> <span class='ocrx_word' id='word_1_95' title='bbox 1569 1524 1671 1578; x_wconf 82' lang='grc' dir='ltr'><strong>οὐκ</strong></span> <span class='ocrx_word' id='word_1_96' title='bbox 1699 1524 1908 1588; x_wconf 86' lang='grc' dir='ltr'><strong>εἰδότας</strong></span> 
     </span>
    </p>
   </div>
   <div class='ocr_carea' id='block_1_14' title="bbox 318 1612 1903 1688">
    <p class='ocr_par' dir='ltr' id='par_1_14' title="bbox 318 1612 1903 1688">
     <span class='ocr_line' id='line_1_14' title="bbox 318 1612 1903 1688; baseline -0.003 -19"><span class='ocrx_word' id='word_1_97' title='bbox 318 1617 524 1680; x_wconf 76' lang='grc' dir='ltr'><strong>αὐτοὺς</strong></span> <span class='ocrx_word' id='word_1_98' title='bbox 568 1616 776 1688; x_wconf 80' lang='grc' dir='ltr'><strong>ἐξαιρεῖ</strong></span> <span class='ocrx_word' id='word_1_99' title='bbox 821 1616 921 1686; x_wconf 84' lang='grc' dir='ltr'><strong>τῆς</strong></span> <span class='ocrx_word' id='word_1_100' title='bbox 976 1615 1193 1669; x_wconf 91' lang='grc' dir='ltr'><strong>αἰωνίου</strong></span> <span class='ocrx_word' id='word_1_101' title='bbox 1248 1614 1453 1684; x_wconf 84' lang='grc' dir='ltr'><strong>ταύτης</strong></span> <span class='ocrx_word' id='word_1_102' title='bbox 1500 1612 1903 1685; x_wconf 80' lang='grc' dir='ltr'><strong>κληρονομίας·</strong></span> 
     </span>
    </p>
   </div>
   <div class='ocr_carea' id='block_1_15' title="bbox 317 1698 1905 1775">
    <p class='ocr_par' dir='ltr' id='par_1_15' title="bbox 317 1698 1905 1775">
     <span class='ocr_line' id='line_1_15' title="bbox 317 1698 1905 1775; baseline -0.004 -18"><span class='ocrx_word' id='word_1_103' title='bbox 317 1704 512 1775; x_wconf 76' lang='grc' dir='ltr'><strong>ὥσπερ</strong></span> <span class='ocrx_word' id='word_1_104' title='bbox 536 1703 602 1757; x_wconf 81' lang='grc' dir='ltr'><strong>ἂν</strong></span> <span class='ocrx_word' id='word_1_105' title='bbox 633 1703 794 1767; x_wconf 77' lang='grc' dir='ltr'><strong>εἴτις</strong></span> <span class='ocrx_word' id='word_1_106' title='bbox 822 1702 987 1757; x_wconf 86' lang='grc' dir='ltr'><strong>παῖδα</strong></span> <span class='ocrx_word' id='word_1_107' title='bbox 1013 1703 1236 1772; x_wconf 86' lang='grc' dir='ltr'><strong>γνήσιον</strong></span> <span class='ocrx_word' id='word_1_108' title='bbox 1267 1702 1361 1755; x_wconf 75' lang='grc' dir='ltr'><strong>καὶ</strong></span> <span class='ocrx_word' id='word_1_109' title='bbox 1407 1698 1559 1773; x_wconf 82' lang='grc'>[758]</span> <span class='ocrx_word' id='word_1_110' title='bbox 1595 1698 1905 1770; x_wconf 87' lang='grc' dir='ltr'><strong>ἐλεύθερον,</strong></span> 
     </span>
    </p>
   </div>
   <div class='ocr_carea' id='block_1_16' title="bbox 315 1787 1905 1864">
    <p class='ocr_par' dir='ltr' id='par_1_16' title="bbox 315 1787 1905 1864">
     <span class='ocr_line' id='line_1_16' title="bbox 315 1787 1905 1864; baseline -0.004 -17"><span class='ocrx_word' id='word_1_111' title='bbox 315 1793 529 1847; x_wconf 84' lang='grc' dir='ltr'><strong>ἁπλοῦν</strong></span> <span class='ocrx_word' id='word_1_112' title='bbox 549 1811 670 1847; x_wconf 83' lang='grc' dir='ltr'><strong>τινα</strong></span> <span class='ocrx_word' id='word_1_113' title='bbox 693 1793 788 1847; x_wconf 82' lang='grc' dir='ltr'><strong>καὶ</strong></span> <span class='ocrx_word' id='word_1_114' title='bbox 813 1792 1112 1864; x_wconf 86' lang='grc' dir='ltr'><strong>ἀπόνηρον,</strong></span> <span class='ocrx_word' id='word_1_115' title='bbox 1140 1793 1206 1862; x_wconf 85' lang='grc' dir='ltr'><strong>τῇ</strong></span> <span class='ocrx_word' id='word_1_116' title='bbox 1238 1789 1390 1862; x_wconf 78' lang='grc' dir='ltr'><strong>δεξιᾷ</strong></span> <span class='ocrx_word' id='word_1_117' title='bbox 1417 1790 1518 1861; x_wconf 81' lang='grc' dir='ltr'><strong>μὲν</strong></span> <span class='ocrx_word' id='word_1_118' title='bbox 1553 1787 1804 1859; x_wconf 76' lang='grc' dir='ltr'><strong>κατέχων</strong></span> <span class='ocrx_word' id='word_1_119' title='bbox 1829 1788 1905 1858; x_wconf 81' lang='grc' dir='ltr'><strong>μὴ</strong></span> 
     </span>
    </p>
   </div>
   <div class='ocr_carea' id='block_1_17' title="bbox 315 1876 1906 1952">
    <p class='ocr_par' dir='ltr' id='par_1_17' title="bbox 315 1876 1906 1952">
     <span class='ocr_line' id='line_1_17' title="bbox 315 1876 1906 1952; baseline -0.004 -18"><span class='ocrx_word' id='word_1_120' title='bbox 315 1880 542 1934; x_wconf 79' lang='grc' dir='ltr'><strong>ἐκϐάλοι</strong></span> <span class='ocrx_word' id='word_1_121' title='bbox 567 1881 668 1951; x_wconf 84' lang='grc' dir='ltr'><strong>τῆς</strong></span> <span class='ocrx_word' id='word_1_122' title='bbox 690 1881 962 1952; x_wconf 83' lang='grc' dir='ltr'><strong>πατρικῆς</strong></span> <span class='ocrx_word' id='word_1_123' title='bbox 980 1879 1179 1942; x_wconf 77' lang='grc' dir='ltr'><strong>οἰκίας,</strong></span> <span class='ocrx_word' id='word_1_124' title='bbox 1200 1876 1530 1950; x_wconf 86' lang='grc' dir='ltr'><strong>παραινοῖδέ</strong></span> <span class='ocrx_word' id='word_1_125' title='bbox 1555 1876 1706 1947; x_wconf 84' lang='grc' dir='ltr'><strong>αὑτῷ</strong></span> <span class='ocrx_word' id='word_1_126' title='bbox 1732 1877 1906 1929; x_wconf 83' lang='grc' dir='ltr'><strong>ποιεῖν</strong></span> 
     </span>
    </p>
   </div>
   <div class='ocr_carea' id='block_1_18' title="bbox 312 1962 1905 2034">
    <p class='ocr_par' dir='ltr' id='par_1_18' title="bbox 312 1962 1905 2034">
     <span class='ocr_line' id='line_1_18' title="bbox 312 1962 1905 2034; baseline -0.003 -13"><span class='ocrx_word' id='word_1_127' title='bbox 312 1969 388 2021; x_wconf 81' lang='grc' dir='ltr'><strong>δι’</strong></span> <span class='ocrx_word' id='word_1_128' title='bbox 420 1962 495 2021; x_wconf 81' lang='grc' dir='ltr'><strong>ὧν</strong></span> <span class='ocrx_word' id='word_1_129' title='bbox 519 1969 614 2022; x_wconf 75' lang='grc' dir='ltr'><strong>καὶ</strong></span> <span class='ocrx_word' id='word_1_130' title='bbox 644 1967 786 2021; x_wconf 85' lang='grc' dir='ltr'><strong>ἐκὼν</strong></span> <span class='ocrx_word' id='word_1_131' title='bbox 814 1967 908 2020; x_wconf 81' lang='grc' dir='ltr'><strong>καί</strong></span> <span class='ocrx_word' id='word_1_132' title='bbox 940 1967 1088 2022; x_wconf 83' lang='grc' dir='ltr'><strong>ἄκων</strong></span> <span class='ocrx_word' id='word_1_133' title='bbox 1132 1967 1449 2020; x_wconf 73' lang='grc' dir='ltr'><strong>ἐκπεσεῖται</strong></span> <span class='ocrx_word' id='word_1_134' title='bbox 1480 1963 1591 2017; x_wconf 88' lang='grc' dir='ltr'><strong>τῶν</strong></span> <span class='ocrx_word' id='word_1_135' title='bbox 1619 1962 1905 2034; x_wconf 83' lang='grc' dir='ltr'><strong>πατρικῶν</strong></span> 
     </span>
    </p>
   </div>
   <div class='ocr_carea' id='block_1_19' title="bbox 311 2052 1906 2127">
    <p class='ocr_par' dir='ltr' id='par_1_19' title="bbox 311 2052 1906 2127">
     <span class='ocr_line' id='line_1_19' title="bbox 311 2052 1906 2127; baseline -0.004 -17"><span class='ocrx_word' id='word_1_136' title='bbox 311 2056 597 2111; x_wconf 80' lang='grc' dir='ltr'><strong>ἁπάντων.</strong></span> <span class='ocrx_word' id='word_1_137' title='bbox 652 2057 728 2110; x_wconf 83' lang='grc' dir='ltr'><strong>Οὐ</strong></span> <span class='ocrx_word' id='word_1_138' title='bbox 775 2057 884 2127; x_wconf 86' lang='grc' dir='ltr'><strong>γάρ</strong></span> <span class='ocrx_word' id='word_1_139' title='bbox 931 2057 1099 2122; x_wconf 87' lang='grc' dir='ltr'><strong>ἐστιν,</strong></span> <span class='ocrx_word' id='word_1_140' title='bbox 1147 2054 1248 2108; x_wconf 82' lang='grc' dir='ltr'><strong>οὐκ</strong></span> <span class='ocrx_word' id='word_1_141' title='bbox 1294 2053 1412 2106; x_wconf 73' lang='grc' dir='ltr'><strong>ἔστι</strong></span> <span class='ocrx_word' id='word_1_142' title='bbox 1454 2053 1546 2106; x_wconf 86' lang='grc' dir='ltr'><strong>τὸν</strong></span> <span class='ocrx_word' id='word_1_143' title='bbox 1591 2052 1906 2124; x_wconf 80' lang='grc' dir='ltr'><strong>εἱμαρμένῃ</strong></span> 
     </span>
    </p>
   </div>
   <div class='ocr_carea' id='block_1_20' title="bbox 312 2140 1907 2218">
    <p class='ocr_par' dir='ltr' id='par_1_20' title="bbox 312 2140 1907 2218">
     <span class='ocr_line' id='line_1_20' title="bbox 312 2140 1907 2218; baseline -0.003 -21"><span class='ocrx_word' id='word_1_144' title='bbox 312 2145 677 2216; x_wconf 90' lang='grc' dir='ltr'><strong>προσέχοντα,</strong></span> <span class='ocrx_word' id='word_1_145' title='bbox 702 2144 999 2218; x_wconf 84' lang='grc' dir='ltr'><strong>δυνηθῆναι</strong></span> <span class='ocrx_word' id='word_1_146' title='bbox 1024 2142 1135 2198; x_wconf 85' lang='grc' dir='ltr'><strong>τῶν</strong></span> <span class='ocrx_word' id='word_1_147' title='bbox 1159 2142 1409 2214; x_wconf 81' lang='grc' dir='ltr'><strong>οὐρανῶν</strong></span> <span class='ocrx_word' id='word_1_148' title='bbox 1442 2144 1741 2211; x_wconf 79' lang='grc' dir='ltr'><strong>ἐπιτυχεῖν,</strong></span> <span class='ocrx_word' id='word_1_149' title='bbox 1768 2140 1907 2210; x_wconf 79' lang='grc' dir='ltr'><strong>μᾶλ-</strong></span> 
     </span>
    </p>
   </div>
   <div class='ocr_carea' id='block_1_21' title="bbox 228 2227 1902 2304">
    <p class='ocr_par' dir='ltr' id='par_1_21' title="bbox 228 2227 1902 2304">
     <span class='ocr_line' id='line_1_21' title="bbox 228 2227 1902 2304; baseline -0.003 -19"><span class='ocrx_word' id='word_1_150' title='bbox 228 2252 245 2267; x_wconf 88' lang='grc'><strong>·</strong></span> <span class='ocrx_word' id='word_1_151' title='bbox 309 2232 411 2285; x_wconf 86' lang='grc' dir='ltr'><strong>λον</strong></span> <span class='ocrx_word' id='word_1_152' title='bbox 438 2231 497 2285; x_wconf 80' lang='grc' dir='ltr'><strong>δὲ</strong></span> <span class='ocrx_word' id='word_1_153' title='bbox 524 2232 623 2285; x_wconf 81' lang='grc' dir='ltr'><strong>οὐκ</strong></span> <span class='ocrx_word' id='word_1_154' title='bbox 652 2231 767 2286; x_wconf 81' lang='grc' dir='ltr'><strong>ἔστι</strong></span> <span class='ocrx_word' id='word_1_155' title='bbox 793 2232 1087 2304; x_wconf 83' lang='grc' dir='ltr'><strong>δυνηθῆναι</strong></span> <span class='ocrx_word' id='word_1_156' title='bbox 1109 2231 1209 2303; x_wconf 84' lang='grc' dir='ltr'><strong>τὴν</strong></span> <span class='ocrx_word' id='word_1_157' title='bbox 1237 2230 1464 2300; x_wconf 80' lang='grc' dir='ltr'><strong>γέενναν</strong></span> <span class='ocrx_word' id='word_1_158' title='bbox 1493 2230 1586 2283; x_wconf 77' lang='grc' dir='ltr'><strong>καὶ</strong></span> <span class='ocrx_word' id='word_1_159' title='bbox 1612 2227 1711 2299; x_wconf 85' lang='grc' dir='ltr'><strong>τὴν</strong></span> <span class='ocrx_word' id='word_1_160' title='bbox 1740 2227 1902 2281; x_wconf 86' lang='grc' dir='ltr'><strong>κόλα-</strong></span> 
     </span>
    </p>
   </div>
   <div class='ocr_carea' id='block_1_22' title="bbox 312 2315 1903 2390">
    <p class='ocr_par' dir='ltr' id='par_1_22' title="bbox 312 2315 1903 2390">
     <span class='ocr_line' id='line_1_22' title="bbox 312 2315 1903 2390; baseline -0.003 -18"><span class='ocrx_word' id='word_1_161' title='bbox 312 2336 406 2372; x_wconf 88' lang='grc' dir='ltr'><strong>σιν</strong></span> <span class='ocrx_word' id='word_1_162' title='bbox 443 2322 720 2390; x_wconf 83' lang='grc' dir='ltr'><strong>ἐκφυγεῖν·</strong></span> <span class='ocrx_word' id='word_1_163' title='bbox 745 2319 1076 2387; x_wconf 81' lang='grc' dir='ltr'><strong>ἀπεναντίας</strong></span> <span class='ocrx_word' id='word_1_164' title='bbox 1096 2318 1205 2390; x_wconf 87' lang='grc' dir='ltr'><strong>γὰρ</strong></span> <span class='ocrx_word' id='word_1_165' title='bbox 1226 2320 1340 2382; x_wconf 85' lang='grc' dir='ltr'><strong>τοῖς</strong></span> <span class='ocrx_word' id='word_1_166' title='bbox 1359 2316 1452 2371; x_wconf 81' lang='grc' dir='ltr'><strong>τοῦ</strong></span> <span class='ocrx_word' id='word_1_167' title='bbox 1478 2315 1613 2369; x_wconf 87' lang='grc' dir='ltr'><strong>Θεοῦ</strong></span> <span class='ocrx_word' id='word_1_168' title='bbox 1636 2315 1903 2386; x_wconf 82' lang='grc' dir='ltr'><strong>δόγμασιν</strong></span> 
     </span>
    </p>
   </div>
   <div class='ocr_carea' id='block_1_23' title="bbox 310 2403 1904 2473">
    <p class='ocr_par' dir='ltr' id='par_1_23' title="bbox 310 2403 1904 2473">
     <span class='ocr_line' id='line_1_23' title="bbox 310 2403 1904 2473; baseline -0.003 -11"><span class='ocrx_word' id='word_1_169' title='bbox 310 2407 569 2472; x_wconf 78' lang='grc' dir='ltr'><strong>ἅπαντας</strong></span> <span class='ocrx_word' id='word_1_170' title='bbox 598 2407 882 2463; x_wconf 90' lang='grc' dir='ltr'><strong>πείθεσθαι</strong></span> <span class='ocrx_word' id='word_1_171' title='bbox 927 2406 1230 2461; x_wconf 82' lang='grc' dir='ltr'><strong>ἐπιτάττει.</strong></span> <span class='ocrx_word' id='word_1_172' title='bbox 1279 2406 1341 2462; x_wconf 89' lang='lat'><strong>&#39;0</strong></span> <span class='ocrx_word' id='word_1_173' title='bbox 1367 2403 1500 2469; x_wconf 82' lang='grc' dir='ltr'><strong>Θεὸς</strong></span> <span class='ocrx_word' id='word_1_174' title='bbox 1542 2403 1713 2473; x_wconf 88' lang='grc' dir='ltr'><strong>λέγει,</strong></span> <span class='ocrx_word' id='word_1_175' title='bbox 1763 2403 1904 2457; x_wconf 84' lang='grc' dir='ltr'><strong>Ἐὰν</strong></span> 
     </span>
    </p>
   </div>
   <div class='ocr_carea' id='block_1_24' title="bbox 308 2490 1902 2563">
    <p class='ocr_par' dir='ltr' id='par_1_24' title="bbox 308 2490 1902 2563">
     <span class='ocr_line' id='line_1_24' title="bbox 308 2490 1902 2563; baseline -0.002 -14"><span class='ocrx_word' id='word_1_176' title='bbox 308 2493 530 2561; x_wconf 75' lang='grc' dir='ltr'><strong>θέλητε</strong></span> <span class='ocrx_word' id='word_1_177' title='bbox 548 2495 647 2549; x_wconf 81' lang='grc' dir='ltr'><strong>καί</strong></span> <span class='ocrx_word' id='word_1_178' title='bbox 674 2493 1078 2562; x_wconf 86' lang='grc' dir='ltr'><strong>εἰσακούσητέ</strong></span> <span class='ocrx_word' id='word_1_179' title='bbox 1100 2511 1242 2563; x_wconf 83' lang='grc' dir='ltr'><strong>μου,</strong></span> <span class='ocrx_word' id='word_1_180' title='bbox 1283 2492 1357 2548; x_wconf 83' lang='grc' dir='ltr'><strong>τὰ</strong></span> <span class='ocrx_word' id='word_1_181' title='bbox 1401 2491 1593 2562; x_wconf 77' lang='grc' dir='ltr'><strong>ἀγαθὰ</strong></span> <span class='ocrx_word' id='word_1_182' title='bbox 1641 2490 1750 2560; x_wconf 83' lang='grc' dir='ltr'><strong>τῆς</strong></span> <span class='ocrx_word' id='word_1_183' title='bbox 1788 2490 1902 2561; x_wconf 74' lang='grc' dir='ltr'><strong>γῆς</strong></span> 
     </span>
    </p>
   </div>
   <div class='ocr_carea' id='block_1_25' title="bbox 305 2577 1903 2652">
    <p class='ocr_par' dir='ltr' id='par_1_25' title="bbox 305 2577 1903 2652">
     <span class='ocr_line' id='line_1_25' title="bbox 305 2577 1903 2652; baseline -0.002 -17"><span class='ocrx_word' id='word_1_184' title='bbox 305 2581 599 2652; x_wconf 59' lang='grc' dir='ltr'><strong>φάγεσθε·</strong></span> <span class='ocrx_word' id='word_1_185' title='bbox 626 2582 735 2636; x_wconf 83' lang='grc' dir='ltr'><strong>ἐὰν</strong></span> <span class='ocrx_word' id='word_1_186' title='bbox 761 2581 830 2635; x_wconf 82' lang='grc' dir='ltr'><strong>δέ</strong></span> <span class='ocrx_word' id='word_1_187' title='bbox 865 2581 951 2652; x_wconf 79' lang='grc' dir='ltr'><strong>μὴ</strong></span> <span class='ocrx_word' id='word_1_188' title='bbox 996 2580 1240 2647; x_wconf 73' lang='grc' dir='ltr'><strong>θέλητε,</strong></span> <span class='ocrx_word' id='word_1_189' title='bbox 1293 2579 1453 2651; x_wconf 86' lang='grc' dir='ltr'><strong>μηδὲ</strong></span> <span class='ocrx_word' id='word_1_190' title='bbox 1497 2577 1903 2647; x_wconf 83' lang='grc' dir='ltr'><strong>εἰσακούσητέ</strong></span> 
     </span>
    </p>
   </div>
   <div class='ocr_carea' id='block_1_26' title="bbox 301 2667 1903 2740">
    <p class='ocr_par' dir='ltr' id='par_1_26' title="bbox 301 2667 1903 2740">
     <span class='ocr_line' id='line_1_26' title="bbox 301 2667 1903 2740; baseline -0.001 -18"><span class='ocrx_word' id='word_1_191' title='bbox 301 2687 451 2740; x_wconf 81' lang='grc' dir='ltr'><strong>μου,</strong></span> <span class='ocrx_word' id='word_1_192' title='bbox 471 2669 736 2740; x_wconf 79' lang='grc' dir='ltr'><strong>μάχαιρα</strong></span> <span class='ocrx_word' id='word_1_193' title='bbox 765 2667 920 2740; x_wconf 83' lang='grc' dir='ltr'><strong>ὑμᾶς</strong></span> <span class='ocrx_word' id='word_1_194' title='bbox 953 2667 1281 2723; x_wconf 79' lang='grc' dir='ltr'><strong>κατέδεται.</strong></span> <span class='ocrx_word' id='word_1_195' title='bbox 1318 2667 1390 2722; x_wconf 81' lang='grc' dir='ltr'><em>Τὸ</em></span> <span class='ocrx_word' id='word_1_196' title='bbox 1429 2667 1539 2739; x_wconf 76' lang='grc' dir='ltr'><strong>γὰρ</strong></span> <span class='ocrx_word' id='word_1_197' title='bbox 1563 2668 1759 2736; x_wconf 81' lang='grc' dir='ltr'><strong>στόμα</strong></span> <span class='ocrx_word' id='word_1_198' title='bbox 1785 2670 1903 2721; x_wconf 86' lang='grc' dir='ltr'><strong>Κυ-</strong></span> 
     </span>
    </p>
   </div>
   <div class='ocr_carea' id='block_1_27' title="bbox 246 2756 987 2827">
    <p class='ocr_par' dir='ltr' id='par_1_27' title="bbox 246 2756 987 2827">
     <span class='ocr_line' id='line_1_27' title="bbox 246 2756 987 2827; baseline 0.003 -17"><span class='ocrx_word' id='word_1_199' title='bbox 246 2760 253 2771; x_wconf 73' lang='grc'><strong><em>³</em></strong></span> <span class='ocrx_word' id='word_1_200' title='bbox 299 2758 448 2827; x_wconf 83' lang='grc' dir='ltr'><strong>ρίου</strong></span> <span class='ocrx_word' id='word_1_201' title='bbox 475 2756 744 2826; x_wconf 75' lang='grc' dir='ltr'><strong>έλάλησε</strong></span> <span class='ocrx_word' id='word_1_202' title='bbox 778 2757 987 2812; x_wconf 86' lang='grc' dir='ltr'><strong>ταῦτα.</strong></span> 
     </span>
    </p>
   </div>
   <div class='ocr_carea' id='block_1_28' title="bbox 390 2840 1900 2916">
    <p class='ocr_par' dir='ltr' id='par_1_28' title="bbox 390 2840 1900 2916">
     <span class='ocr_line' id='line_1_28' title="bbox 390 2840 1900 2916; baseline -0.001 -17"><span class='ocrx_word' id='word_1_203' title='bbox 390 2840 543 2910; x_wconf 74' lang='grc' dir='ltr'><strong>Εἶδες</strong></span> <span class='ocrx_word' id='word_1_204' title='bbox 570 2846 690 2910; x_wconf 89' lang='grc' dir='ltr'><strong>πῶς</strong></span> <span class='ocrx_word' id='word_1_205' title='bbox 717 2847 745 2898; x_wconf 90' lang='lat'><strong>6</strong></span> <span class='ocrx_word' id='word_1_206' title='bbox 775 2845 908 2910; x_wconf 84' lang='grc' dir='ltr'><strong>Θεὸς</strong></span> <span class='ocrx_word' id='word_1_207' title='bbox 948 2845 1246 2916; x_wconf 81' lang='grc' dir='ltr'><strong>φθέγγεται</strong></span> <span class='ocrx_word' id='word_1_208' title='bbox 1273 2845 1367 2900; x_wconf 79' lang='grc' dir='ltr'><strong>καί</strong></span> <span class='ocrx_word' id='word_1_209' title='bbox 1387 2844 1577 2909; x_wconf 89' lang='grc' dir='ltr'><strong>ποίους</strong></span> <span class='ocrx_word' id='word_1_210' title='bbox 1606 2845 1789 2916; x_wconf 86' lang='grc' dir='ltr'><strong>τίθησι</strong></span> <span class='ocrx_word' id='word_1_211' title='bbox 1813 2844 1900 2898; x_wconf 86' lang='grc' dir='ltr'><strong>νό-</strong></span> 
     </span>
    </p>
   </div>
   <div class='ocr_carea' id='block_1_29' title="bbox 309 2932 1897 3005">
    <p class='ocr_par' dir='ltr' id='par_1_29' title="bbox 309 2932 1897 3005">
     <span class='ocr_line' id='line_1_29' title="bbox 309 2932 1897 3005; baseline 0.001 -20"><span class='ocrx_word' id='word_1_212' title='bbox 309 2947 487 3003; x_wconf 67' lang='grc' dir='ltr'><strong>μους,</strong></span> <span class='ocrx_word' id='word_1_213' title='bbox 519 2934 785 2986; x_wconf 75' lang='grc' dir='ltr'><strong>’Ἄκουσον</strong></span> <span class='ocrx_word' id='word_1_214' title='bbox 814 2933 909 2987; x_wconf 76' lang='grc' dir='ltr'><strong>καὶ</strong></span> <span class='ocrx_word' id='word_1_215' title='bbox 933 2933 1035 3004; x_wconf 77' lang='grc' dir='ltr'><strong>τῆς</strong></span> <span class='ocrx_word' id='word_1_216' title='bbox 1054 2934 1418 3005; x_wconf 83' lang='grc' dir='ltr'><strong>εἱμαρμένης,</strong></span> <span class='ocrx_word' id='word_1_217' title='bbox 1437 2932 1554 2996; x_wconf 85' lang='grc' dir='ltr'><strong>πῶς</strong></span> <span class='ocrx_word' id='word_1_218' title='bbox 1579 2932 1897 3003; x_wconf 82' lang='grc' dir='ltr'><strong>φθέγγεται,</strong></span> 
     </span>
    </p>
   </div>
   <div class='ocr_carea' id='block_1_30' title="bbox 307 3019 1900 3092">
    <p class='ocr_par' dir='ltr' id='par_1_30' title="bbox 307 3019 1900 3092">
     <span class='ocr_line' id='line_1_30' title="bbox 307 3019 1900 3092; baseline -0.001 -19"><span class='ocrx_word' id='word_1_219' title='bbox 307 3021 411 3073; x_wconf 79' lang='grc' dir='ltr'><strong>καὶ</strong></span> <span class='ocrx_word' id='word_1_220' title='bbox 438 3019 556 3083; x_wconf 84' lang='grc' dir='ltr'><strong>πῶς</strong></span> <span class='ocrx_word' id='word_1_221' title='bbox 584 3021 866 3084; x_wconf 63' lang='grc' dir='ltr'><strong>,ἐναντίους</strong></span> <span class='ocrx_word' id='word_1_222' title='bbox 896 3021 1108 3090; x_wconf 88' lang='grc' dir='ltr'><strong>εἰσάγει</strong></span> <span class='ocrx_word' id='word_1_223' title='bbox 1163 3019 1553 3092; x_wconf 52' lang='grc' dir='ltr'><strong>θεσμοὺς,ηκαὶ</strong></span> <span class='ocrx_word' id='word_1_224' title='bbox 1587 3019 1750 3091; x_wconf 90' lang='grc' dir='ltr'><strong>μάθε,</strong></span> <span class='ocrx_word' id='word_1_225' title='bbox 1781 3019 1900 3084; x_wconf 90' lang='grc' dir='ltr'><strong>πῶς</strong></span> 
     </span>
    </p>
   </div>
   <div class='ocr_carea' id='block_1_31' title="bbox 304 3106 1899 3179">
    <p class='ocr_par' dir='ltr' id='par_1_31' title="bbox 304 3106 1899 3179">
     <span class='ocr_line' id='line_1_31' title="bbox 304 3106 1899 3179; baseline -0.001 -20"><span class='ocrx_word' id='word_1_226' title='bbox 304 3109 502 3161; x_wconf 86' lang='grc' dir='ltr'><strong>ἐκεῖνα</strong></span> <span class='ocrx_word' id='word_1_227' title='bbox 531 3108 629 3179; x_wconf 86' lang='grc' dir='ltr'><strong>μὲν</strong></span> <span class='ocrx_word' id='word_1_228' title='bbox 656 3108 760 3162; x_wconf 86' lang='grc' dir='ltr'><strong>ὑπὸ</strong></span> <span class='ocrx_word' id='word_1_229' title='bbox 790 3108 937 3162; x_wconf 87' lang='grc' dir='ltr'><strong>θείου</strong></span> <span class='ocrx_word' id='word_1_230' title='bbox 972 3107 1290 3179; x_wconf 81' lang='grc' dir='ltr'><strong>Πνεύματος</strong></span> <span class='ocrx_word' id='word_1_231' title='bbox 1324 3107 1565 3179; x_wconf 80' lang='grc' dir='ltr'><strong>εἴρηται,</strong></span> <span class='ocrx_word' id='word_1_232' title='bbox 1598 3106 1668 3160; x_wconf 76' lang='grc' dir='ltr'><strong>τά</strong></span> <span class='ocrx_word' id='word_1_233' title='bbox 1685 3107 1741 3161; x_wconf 87' lang='grc' dir='ltr'><strong>δὲ</strong></span> <span class='ocrx_word' id='word_1_234' title='bbox 1765 3107 1899 3161; x_wconf 81' lang='grc' dir='ltr'><strong>ταύ-</strong></span> 
     </span>
    </p>
   </div>
   <div class='ocr_carea' id='block_1_32' title="bbox 302 3195 1896 3268">
    <p class='ocr_par' dir='ltr' id='par_1_32' title="bbox 302 3195 1896 3268">
     <span class='ocr_line' id='line_1_32' title="bbox 302 3195 1896 3268; baseline 0.001 -21"><span class='ocrx_word' id='word_1_235' title='bbox 302 3212 415 3265; x_wconf 82' lang='grc' dir='ltr'><strong>της</strong></span> <span class='ocrx_word' id='word_1_236' title='bbox 432 3195 461 3235; x_wconf 71' lang='grc' dir='ltr'>δ</span> <span class='ocrx_word' id='word_1_237' title='bbox 483 3196 588 3249; x_wconf 84' lang='grc' dir='ltr'><strong>ὑπὸ</strong></span> <span class='ocrx_word' id='word_1_238' title='bbox 603 3196 841 3268; x_wconf 86' lang='grc' dir='ltr'><strong>πονηροῦ</strong></span> <span class='ocrx_word' id='word_1_239' title='bbox 861 3197 1116 3267; x_wconf 86' lang='grc' dir='ltr'><strong>δαίμονος</strong></span> <span class='ocrx_word' id='word_1_240' title='bbox 1137 3198 1228 3250; x_wconf 76' lang='grc' dir='ltr'><strong>καὶ</strong></span> <span class='ocrx_word' id='word_1_241' title='bbox 1252 3195 1416 3267; x_wconf 86' lang='grc' dir='ltr'><strong>θηρός</strong></span> <span class='ocrx_word' id='word_1_242' title='bbox 1431 3214 1576 3259; x_wconf 84' lang='grc' dir='ltr'><strong>τινος</strong></span> <span class='ocrx_word' id='word_1_243' title='bbox 1598 3195 1896 3268; x_wconf 84' lang='grc' dir='ltr'><strong>ἀνημέρου.</strong></span> 
     </span>
    </p>
   </div>
   <div class='ocr_carea' id='block_1_33' title="bbox 304 3279 1899 3358">
    <p class='ocr_par' dir='ltr' id='par_1_33' title="bbox 304 3279 1899 3358">
     <span class='ocr_line' id='line_1_33' title="bbox 304 3279 1899 3358; baseline -0.001 -19"><span class='ocrx_word' id='word_1_244' title='bbox 304 3279 487 3339; x_wconf 79' lang='grc' dir='ltr'><strong>Εἶπεν</strong></span> <span class='ocrx_word' id='word_1_245' title='bbox 513 3287 543 3338; x_wconf 90' lang='lat'><strong>6</strong></span> <span class='ocrx_word' id='word_1_246' title='bbox 566 3284 719 3352; x_wconf 84' lang='grc' dir='ltr'><strong>Θεὸς,</strong></span> <span class='ocrx_word' id='word_1_247' title='bbox 763 3286 889 3339; x_wconf 89' lang='grc' dir='ltr'><strong>Ἐἀν</strong></span> <span class='ocrx_word' id='word_1_248' title='bbox 923 3285 1136 3358; x_wconf 82' lang='grc' dir='ltr'><strong>θέλητε,</strong></span> <span class='ocrx_word' id='word_1_249' title='bbox 1173 3284 1266 3339; x_wconf 78' lang='grc' dir='ltr'><strong>καὶ</strong></span> <span class='ocrx_word' id='word_1_250' title='bbox 1310 3285 1404 3338; x_wconf 84' lang='grc' dir='ltr'><strong>ἐὰν</strong></span> <span class='ocrx_word' id='word_1_251' title='bbox 1432 3284 1515 3356; x_wconf 83' lang='grc' dir='ltr'><strong>μὴ</strong></span> <span class='ocrx_word' id='word_1_252' title='bbox 1559 3284 1770 3356; x_wconf 83' lang='grc' dir='ltr'><strong>θέλητε,</strong></span> <span class='ocrx_word' id='word_1_253' title='bbox 1798 3301 1899 3338; x_wconf 78' lang='grc' dir='ltr'><strong>κυ-</strong></span> 
     </span>
    </p>
   </div>
   <div class='ocr_carea' id='block_1_34' title="bbox 304 3373 1898 3447">
    <p class='ocr_par' dir='ltr' id='par_1_34' title="bbox 304 3373 1898 3447">
     <span class='ocr_line' id='line_1_34' title="bbox 304 3373 1898 3447; baseline -0.001 -20"><span class='ocrx_word' id='word_1_254' title='bbox 304 3373 468 3447; x_wconf 81' lang='grc' dir='ltr'><strong>ρίους</strong></span> <span class='ocrx_word' id='word_1_255' title='bbox 513 3375 660 3445; x_wconf 81' lang='grc' dir='ltr'><strong>ἡμᾶς</strong></span> <span class='ocrx_word' id='word_1_256' title='bbox 707 3375 878 3431; x_wconf 87' lang='grc' dir='ltr'><strong>ποιῶν</strong></span> <span class='ocrx_word' id='word_1_257' title='bbox 912 3375 1117 3446; x_wconf 85' lang='grc' dir='ltr'><strong>ἀρετῆς</strong></span> <span class='ocrx_word' id='word_1_258' title='bbox 1166 3375 1263 3428; x_wconf 79' lang='grc' dir='ltr'><strong>καὶ</strong></span> <span class='ocrx_word' id='word_1_259' title='bbox 1291 3373 1512 3438; x_wconf 85' lang='grc' dir='ltr'><strong>κακίας,</strong></span> <span class='ocrx_word' id='word_1_260' title='bbox 1567 3374 1662 3427; x_wconf 81' lang='grc' dir='ltr'><strong>καί</strong></span> <span class='ocrx_word' id='word_1_261' title='bbox 1691 3374 1786 3426; x_wconf 76' lang='grc' dir='ltr'><strong>ἐπὶ</strong></span> <span class='ocrx_word' id='word_1_262' title='bbox 1828 3376 1898 3445; x_wconf 81' lang='grc' dir='ltr'><strong>τῇ</strong></span> 
     </span>
    </p>
   </div>
   <div class='ocr_carea' id='block_1_35' title="bbox 302 3460 1899 3535">
    <p class='ocr_par' dir='ltr' id='par_1_35' title="bbox 302 3460 1899 3535">
     <span class='ocr_line' id='line_1_35' title="bbox 302 3460 1899 3535; baseline 0.001 -22"><span class='ocrx_word' id='word_1_263' title='bbox 302 3460 509 3535; x_wconf 81' lang='grc' dir='ltr'><strong>γνώμῃ</strong></span> <span class='ocrx_word' id='word_1_264' title='bbox 540 3465 605 3534; x_wconf 80' lang='grc' dir='ltr'><strong>τῇ</strong></span> <span class='ocrx_word' id='word_1_265' title='bbox 641 3463 883 3535; x_wconf 60' lang='grc' dir='ltr'><strong>ἡμετέρᾳ</strong></span> <span class='ocrx_word' id='word_1_266' title='bbox 913 3463 1102 3527; x_wconf 88' lang='grc' dir='ltr'><strong>τιθείς.</strong></span> <span class='ocrx_word' id='word_1_267' title='bbox 1137 3463 1373 3527; x_wconf 87' lang='grc' dir='ltr'><strong>Ἐκεῖνος</strong></span> <span class='ocrx_word' id='word_1_268' title='bbox 1400 3462 1456 3514; x_wconf 84' lang='grc' dir='ltr'><strong>δὲ</strong></span> <span class='ocrx_word' id='word_1_269' title='bbox 1476 3461 1529 3514; x_wconf 90' lang='grc' dir='ltr'><strong>τί</strong></span> <span class='ocrx_word' id='word_1_270' title='bbox 1553 3477 1752 3533; x_wconf 84' lang='grc' dir='ltr'><strong>φησιν;</strong></span> <span class='ocrx_word' id='word_1_271' title='bbox 1777 3461 1899 3515; x_wconf 83' lang='grc' dir='ltr'><strong>’Ότι</strong></span> 
     </span>
    </p>
   </div>
   <div class='ocr_carea' id='block_1_36' title="bbox 301 3549 1898 3622">
    <p class='ocr_par' dir='ltr' id='par_1_36' title="bbox 301 3549 1898 3622">
     <span class='ocr_line' id='line_1_36' title="bbox 301 3549 1898 3622; baseline 0 -18"><span class='ocrx_word' id='word_1_272' title='bbox 301 3549 379 3604; x_wconf 79' lang='grc' dir='ltr'><strong>τὸ</strong></span> <span class='ocrx_word' id='word_1_273' title='bbox 403 3551 735 3622; x_wconf 74' lang='grc' dir='ltr'><strong>εἱμαρμένον</strong></span> <span class='ocrx_word' id='word_1_274' title='bbox 785 3551 847 3604; x_wconf 85' lang='grc' dir='ltr'><strong>ού</strong></span> <span class='ocrx_word' id='word_1_275' title='bbox 877 3550 1102 3604; x_wconf 88' lang='grc' dir='ltr'><strong>δυνατὸν</strong></span> <span class='ocrx_word' id='word_1_276' title='bbox 1143 3552 1432 3619; x_wconf 81' lang='grc' dir='ltr'><strong>ἐκφυγεῖν,</strong></span> <span class='ocrx_word' id='word_1_277' title='bbox 1486 3549 1587 3605; x_wconf 79' lang='grc' dir='ltr'><strong>κᾶν</strong></span> <span class='ocrx_word' id='word_1_278' title='bbox 1629 3549 1898 3620; x_wconf 87' lang='grc' dir='ltr'><strong>θέλωμεν,</strong></span> 
     </span>
    </p>
   </div>
   <div class='ocr_carea' id='block_1_37' title="bbox 302 3628 1903 3711">
    <p class='ocr_par' dir='ltr' id='par_1_37' title="bbox 302 3628 1903 3711">
     <span class='ocr_line' id='line_1_37' title="bbox 302 3628 1903 3711; baseline -0.001 -18"><span class='ocrx_word' id='word_1_279' title='bbox 302 3637 422 3693; x_wconf 79' lang='grc' dir='ltr'><strong>κᾶν</strong></span> <span class='ocrx_word' id='word_1_280' title='bbox 453 3639 527 3711; x_wconf 81' lang='grc' dir='ltr'><strong>μὴ</strong></span> <span class='ocrx_word' id='word_1_281' title='bbox 562 3628 825 3710; x_wconf 70' lang='grc' dir='ltr'><strong>θέλωμεν’</strong></span> <span class='ocrx_word' id='word_1_282' title='bbox 846 3649 894 3693; x_wconf 75' lang='grc' dir='ltr'><strong>ο.</strong></span> <span class='ocrx_word' id='word_1_283' title='bbox 931 3639 988 3691; x_wconf 88' lang='lat'><strong>&#39;0</strong></span> <span class='ocrx_word' id='word_1_284' title='bbox 1029 3638 1162 3703; x_wconf 85' lang='grc' dir='ltr'><strong>Θεὸς</strong></span> <span class='ocrx_word' id='word_1_285' title='bbox 1195 3638 1370 3707; x_wconf 87' lang='grc' dir='ltr'><strong>λέγει·</strong></span> <span class='ocrx_word' id='word_1_286' title='bbox 1410 3637 1552 3692; x_wconf 81' lang='grc' dir='ltr'><strong>Ἐὰν</strong></span> <span class='ocrx_word' id='word_1_287' title='bbox 1567 3637 1800 3705; x_wconf 79' lang='grc' dir='ltr'><strong>θέλητε,</strong></span> <span class='ocrx_word' id='word_1_288' title='bbox 1830 3637 1903 3692; x_wconf 83' lang='grc' dir='ltr'><strong>τὰ</strong></span> 
     </span>
    </p>
   </div>
   <div class='ocr_carea' id='block_1_38' title="bbox 300 3726 1898 3798">
    <p class='ocr_par' dir='ltr' id='par_1_38' title="bbox 300 3726 1898 3798">
     <span class='ocr_line' id='line_1_38' title="bbox 300 3726 1898 3798; baseline -0.001 -16"><span class='ocrx_word' id='word_1_289' title='bbox 300 3729 505 3795; x_wconf 73' lang='grc' dir='ltr'><strong>ἀγαθὰ</strong></span> <span class='ocrx_word' id='word_1_290' title='bbox 532 3726 643 3796; x_wconf 82' lang='grc' dir='ltr'><strong>τῆς</strong></span> <span class='ocrx_word' id='word_1_291' title='bbox 673 3726 787 3796; x_wconf 74' lang='grc' dir='ltr'><strong>γῆς</strong></span> <span class='ocrx_word' id='word_1_292' title='bbox 809 3727 1094 3797; x_wconf 69' lang='grc' dir='ltr'><strong>φάγεσθε·</strong></span> <span class='ocrx_word' id='word_1_293' title='bbox 1119 3728 1257 3798; x_wconf 81' lang='grc' dir='ltr'><strong>αὐτὴ</strong></span> <span class='ocrx_word' id='word_1_294' title='bbox 1292 3726 1461 3795; x_wconf 82' lang='grc' dir='ltr'><strong>λέγει,</strong></span> <span class='ocrx_word' id='word_1_295' title='bbox 1493 3726 1594 3780; x_wconf 83' lang='grc' dir='ltr'><strong>κᾶν</strong></span> <span class='ocrx_word' id='word_1_296' title='bbox 1631 3726 1898 3798; x_wconf 86' lang='grc' dir='ltr'><strong>θέλωμεν,</strong></span> 
     </span>
    </p>
   </div>
   <div class='ocr_carea' id='block_1_39' title="bbox 304 3809 1897 3888">
    <p class='ocr_par' dir='ltr' id='par_1_39' title="bbox 304 3809 1897 3888">
     <span class='ocr_line' id='line_1_39' title="bbox 304 3809 1897 3888; baseline 0.002 -22"><span class='ocrx_word' id='word_1_297' title='bbox 304 3812 395 3886; x_wconf 80' lang='grc' dir='ltr'><strong>μὴ</strong></span> <span class='ocrx_word' id='word_1_298' title='bbox 478 3813 533 3867; x_wconf 82' lang='grc' dir='ltr'><strong>δὲ</strong></span> <span class='ocrx_word' id='word_1_299' title='bbox 568 3815 702 3886; x_wconf 75' lang='grc' dir='ltr'><strong>ἡμῖν</strong></span> <span class='ocrx_word' id='word_1_300' title='bbox 746 3814 1051 3885; x_wconf 88' lang='grc' dir='ltr'><strong>δεδομένον,</strong></span> <span class='ocrx_word' id='word_1_301' title='bbox 1095 3814 1246 3867; x_wconf 84' lang='grc' dir='ltr'><strong>οὐδὲν</strong></span> <span class='ocrx_word' id='word_1_302' title='bbox 1276 3814 1472 3883; x_wconf 76' lang='grc' dir='ltr'><strong>ὄφελος</strong></span> <span class='ocrx_word' id='word_1_303' title='bbox 1512 3813 1671 3866; x_wconf 87' lang='grc' dir='ltr'><strong>τοῦτο</strong></span> <span class='ocrx_word' id='word_1_304' title='bbox 1699 3814 1897 3870; x_wconf 87' lang='grc' dir='ltr'><strong>θέλειν.</strong></span> 
     </span>
    </p>
   </div>
   <div class='ocr_carea' id='block_1_40' title="bbox 314 3901 1904 3973">
    <p class='ocr_par' dir='ltr' id='par_1_40' title="bbox 314 3901 1904 3973">
     <span class='ocr_line' id='line_1_40' title="bbox 314 3901 1904 3973; baseline 0.001 -17"><span class='ocrx_word' id='word_1_305' title='bbox 314 3904 386 3956; x_wconf 86' lang='grc' dir='ltr'><strong>Ὀ</strong></span> <span class='ocrx_word' id='word_1_306' title='bbox 406 3903 537 3965; x_wconf 84' lang='grc' dir='ltr'><strong>Θεὸς</strong></span> <span class='ocrx_word' id='word_1_307' title='bbox 556 3902 727 3972; x_wconf 90' lang='grc' dir='ltr'><strong>λέγει,</strong></span> <span class='ocrx_word' id='word_1_308' title='bbox 778 3903 920 3957; x_wconf 73' lang='grc' dir='ltr'><strong>Ἐὰν</strong></span> <span class='ocrx_word' id='word_1_309' title='bbox 946 3901 1033 3973; x_wconf 75' lang='grc' dir='ltr'><strong>μὴ</strong></span> <span class='ocrx_word' id='word_1_310' title='bbox 1058 3902 1272 3971; x_wconf 69' lang='grc' dir='ltr'><strong>θέλητε</strong></span> <span class='ocrx_word' id='word_1_311' title='bbox 1301 3901 1629 3971; x_wconf 80' lang='grc' dir='ltr'><strong>προσέχειν</strong></span> <span class='ocrx_word' id='word_1_312' title='bbox 1654 3903 1780 3970; x_wconf 83' lang='grc' dir='ltr'><strong>τοῖς</strong></span> <span class='ocrx_word' id='word_1_313' title='bbox 1798 3905 1904 3957; x_wconf 78' lang='grc' dir='ltr'><strong>λό-</strong></span> 
     </span>
    </p>
   </div>
   <div class='ocr_carea' id='block_1_41' title="bbox 302 3992 1901 4065">
    <p class='ocr_par' dir='ltr' id='par_1_41' title="bbox 302 3992 1901 4065">
     <span class='ocr_line' id='line_1_41' title="bbox 302 3992 1901 4065; baseline 0.004 -22"><span class='ocrx_word' id='word_1_314' title='bbox 302 4008 443 4063; x_wconf 74' lang='grc' dir='ltr'><strong>γοις</strong></span> <span class='ocrx_word' id='word_1_315' title='bbox 466 4010 607 4061; x_wconf 85' lang='grc' dir='ltr'><strong>μου,</strong></span> <span class='ocrx_word' id='word_1_316' title='bbox 630 3992 895 4062; x_wconf 72' lang='grc' dir='ltr'><strong>μάχαιρα</strong></span> <span class='ocrx_word' id='word_1_317' title='bbox 926 3992 1081 4063; x_wconf 82' lang='grc' dir='ltr'><strong>ὑμᾶς</strong></span> <span class='ocrx_word' id='word_1_318' title='bbox 1112 3992 1439 4046; x_wconf 79' lang='grc' dir='ltr'><strong>κατέδεται·</strong></span> <span class='ocrx_word' id='word_1_319' title='bbox 1463 3992 1602 4065; x_wconf 81' lang='grc' dir='ltr'><strong>αὐτὴ</strong></span> <span class='ocrx_word' id='word_1_320' title='bbox 1630 3993 1803 4061; x_wconf 88' lang='grc' dir='ltr'><strong>λέγει,</strong></span> <span class='ocrx_word' id='word_1_321' title='bbox 1835 3994 1901 4049; x_wconf 86' lang='grc' dir='ltr'>ἂν</span> 
     </span>
    </p>
   </div>
   <div class='ocr_carea' id='block_1_42' title="bbox 305 4078 1897 4154">
    <p class='ocr_par' dir='ltr' id='par_1_42' title="bbox 305 4078 1897 4154">
     <span class='ocr_line' id='line_1_42' title="bbox 305 4078 1897 4154; baseline -0.001 -19"><span class='ocrx_word' id='word_1_322' title='bbox 305 4079 396 4152; x_wconf 80' lang='grc' dir='ltr'><strong>μὴ</strong></span> <span class='ocrx_word' id='word_1_323' title='bbox 420 4078 736 4154; x_wconf 82' lang='grc' dir='ltr'><strong>θέλωμεν,ᾖ</strong></span> <span class='ocrx_word' id='word_1_324' title='bbox 766 4082 823 4135; x_wconf 88' lang='grc' dir='ltr'><strong>δέ</strong></span> <span class='ocrx_word' id='word_1_325' title='bbox 850 4083 984 4152; x_wconf 77' lang='grc' dir='ltr'><strong>ἡμῖν</strong></span> <span class='ocrx_word' id='word_1_326' title='bbox 1010 4081 1315 4153; x_wconf 79' lang='grc' dir='ltr'><strong>δεδομένον,</strong></span> <span class='ocrx_word' id='word_1_327' title='bbox 1349 4080 1566 4144; x_wconf 85' lang='grc' dir='ltr'><strong>πάντως</strong></span> <span class='ocrx_word' id='word_1_328' title='bbox 1589 4081 1897 4153; x_wconf 76' lang='grc' dir='ltr'><strong>σωζόμεθα.</strong></span> 
     </span>
    </p>
   </div>
   <div class='ocr_carea' id='block_1_43' title="bbox 303 4166 1902 4241">
    <p class='ocr_par' dir='ltr' id='par_1_43' title="bbox 303 4166 1902 4241">
     <span class='ocr_line' id='line_1_43' title="bbox 303 4166 1902 4241; baseline 0.001 -19"><span class='ocrx_word' id='word_1_329' title='bbox 303 4170 394 4222; x_wconf 84' lang='grc' dir='ltr'><strong>υύ</strong></span> <span class='ocrx_word' id='word_1_330' title='bbox 421 4169 592 4222; x_wconf 86' lang='grc' dir='ltr'><strong>ταῦτα</strong></span> <span class='ocrx_word' id='word_1_331' title='bbox 630 4171 664 4239; x_wconf 86' lang='grc' dir='ltr'>ὴ</span> <span class='ocrx_word' id='word_1_332' title='bbox 709 4170 1020 4240; x_wconf 80' lang='grc' dir='ltr'><strong>εἱμαρμένη</strong></span> <span class='ocrx_word' id='word_1_333' title='bbox 1061 4170 1223 4240; x_wconf 81' lang='grc' dir='ltr'><strong>φησί;</strong></span> <span class='ocrx_word' id='word_1_334' title='bbox 1261 4171 1303 4221; x_wconf 89' lang='grc' dir='ltr'>Τ</span> <span class='ocrx_word' id='word_1_335' title='bbox 1310 4169 1325 4222; x_wconf 89' lang='grc' dir='ltr'><strong>ί</strong></span> <span class='ocrx_word' id='word_1_336' title='bbox 1353 4169 1564 4238; x_wconf 88' lang='grc' dir='ltr'><strong>γένοιτο</strong></span> <span class='ocrx_word' id='word_1_337' title='bbox 1590 4167 1658 4223; x_wconf 88' lang='grc' dir='ltr'>ἂν</span> <span class='ocrx_word' id='word_1_338' title='bbox 1687 4166 1782 4223; x_wconf 85' lang='grc' dir='ltr'><strong>οὖν</strong></span> <span class='ocrx_word' id='word_1_339' title='bbox 1801 4171 1902 4241; x_wconf 85' lang='grc' dir='ltr'><strong>τῆς</strong></span> 
     </span>
    </p>
   </div>
   <div class='ocr_carea' id='block_1_44' title="bbox 305 4255 1904 4331">
    <p class='ocr_par' dir='ltr' id='par_1_44' title="bbox 305 4255 1904 4331">
     <span class='ocr_line' id='line_1_44' title="bbox 305 4255 1904 4331; baseline -0.001 -20"><span class='ocrx_word' id='word_1_340' title='bbox 305 4257 498 4331; x_wconf 83' lang='grc' dir='ltr'><strong>μάχης</strong></span> <span class='ocrx_word' id='word_1_341' title='bbox 524 4259 726 4329; x_wconf 86' lang='grc' dir='ltr'><strong>ταύτης</strong></span> <span class='ocrx_word' id='word_1_342' title='bbox 751 4258 1114 4327; x_wconf 82' lang='grc' dir='ltr'><strong>σαφέστερον;</strong></span> <span class='ocrx_word' id='word_1_343' title='bbox 1137 4257 1299 4310; x_wconf 90' lang='grc' dir='ltr'><strong>τίτοῦ</strong></span> <span class='ocrx_word' id='word_1_344' title='bbox 1332 4257 1570 4327; x_wconf 87' lang='grc' dir='ltr'><strong>πολέμου</strong></span> <span class='ocrx_word' id='word_1_345' title='bbox 1592 4255 1904 4329; x_wconf 74' lang='grc' dir='ltr'><strong>φανερώτεο</strong></span> 
     </span>
    </p>
   </div>
   <div class='ocr_carea' id='block_1_45' title="bbox 303 4346 1902 4423">
    <p class='ocr_par' dir='ltr' id='par_1_45' title="bbox 303 4346 1902 4423">
     <span class='ocr_line' id='line_1_45' title="bbox 303 4346 1902 4423; baseline 0 -23"><span class='ocrx_word' id='word_1_346' title='bbox 303 4364 412 4423; x_wconf 75' lang='grc' dir='ltr'><strong>ρον</strong></span> <span class='ocrx_word' id='word_1_347' title='bbox 436 4348 646 4415; x_wconf 88' lang='grc' dir='ltr'><strong>τούτου,</strong></span> <span class='ocrx_word' id='word_1_348' title='bbox 678 4348 735 4402; x_wconf 84' lang='grc' dir='ltr'><strong>δν</strong></span> <span class='ocrx_word' id='word_1_349' title='bbox 758 4348 1130 4418; x_wconf 81' lang='grc' dir='ltr'><strong>ἀναισχύντως</strong></span> <span class='ocrx_word' id='word_1_350' title='bbox 1163 4347 1305 4401; x_wconf 72' lang='grc' dir='ltr'><strong>οὕτω</strong></span> <span class='ocrx_word' id='word_1_351' title='bbox 1329 4346 1465 4418; x_wconf 83' lang='grc' dir='ltr'><strong>πρὸς</strong></span> <span class='ocrx_word' id='word_1_352' title='bbox 1502 4347 1571 4401; x_wconf 84' lang='grc' dir='ltr'><strong>τά</strong></span> <span class='ocrx_word' id='word_1_353' title='bbox 1604 4346 1725 4402; x_wconf 89' lang='grc' dir='ltr'><strong>θεῖα</strong></span> <span class='ocrx_word' id='word_1_354' title='bbox 1745 4348 1902 4416; x_wconf 88' lang='grc' dir='ltr'><strong>λόγια</strong></span> 
     </span>
    </p>
   </div>
   <div class='ocr_carea' id='block_1_46' title="bbox 304 4436 1900 4508">
    <p class='ocr_par' dir='ltr' id='par_1_46' title="bbox 304 4436 1900 4508">
     <span class='ocr_line' id='line_1_46' title="bbox 304 4436 1900 4508; baseline -0.001 -17"><span class='ocrx_word' id='word_1_355' title='bbox 304 4436 519 4491; x_wconf 80' lang='grc' dir='ltr'><strong>εἴλοντο</strong></span> <span class='ocrx_word' id='word_1_356' title='bbox 542 4439 591 4490; x_wconf 86' lang='grc' dir='ltr'><strong>οἱ</strong></span> <span class='ocrx_word' id='word_1_357' title='bbox 626 4437 728 4507; x_wconf 81' lang='grc' dir='ltr'><strong>τῆς</strong></span> <span class='ocrx_word' id='word_1_358' title='bbox 772 4437 1036 4508; x_wconf 79' lang='grc' dir='ltr'><strong>πονηρίας</strong></span> <span class='ocrx_word' id='word_1_359' title='bbox 1077 4436 1388 4490; x_wconf 82' lang='grc' dir='ltr'><strong>διδάσκαλοι</strong></span> <span class='ocrx_word' id='word_1_360' title='bbox 1426 4437 1711 4507; x_wconf 84' lang='grc' dir='ltr'><strong>δαίμονες;</strong></span> <span class='ocrx_word' id='word_1_361' title='bbox 1759 4437 1900 4490; x_wconf 81' lang='grc' dir='ltr'><strong>Ἀλλ’</strong></span> 
     </span>
    </p>
   </div>
   <div class='ocr_carea' id='block_1_47' title="bbox 303 4522 1902 4598">
    <p class='ocr_par' dir='ltr' id='par_1_47' title="bbox 303 4522 1902 4598">
     <span class='ocr_line' id='line_1_47' title="bbox 303 4522 1902 4598; baseline -0.001 -18"><span class='ocrx_word' id='word_1_362' title='bbox 303 4522 453 4597; x_wconf 76' lang='grc' dir='ltr'><strong>ὅπερ</strong></span> <span class='ocrx_word' id='word_1_363' title='bbox 486 4526 643 4598; x_wconf 72' lang='grc' dir='ltr'><strong>ἔφην,</strong></span> <span class='ocrx_word' id='word_1_364' title='bbox 676 4526 739 4577; x_wconf 84' lang='grc' dir='ltr'><strong>τὸ</strong></span> <span class='ocrx_word' id='word_1_365' title='bbox 767 4525 868 4595; x_wconf 86' lang='grc' dir='ltr'><strong>μὲν</strong></span> <span class='ocrx_word' id='word_1_366' title='bbox 905 4525 1165 4595; x_wconf 86' lang='grc' dir='ltr'><strong>δαίμονας</strong></span> <span class='ocrx_word' id='word_1_367' title='bbox 1209 4525 1305 4577; x_wconf 80' lang='grc' dir='ltr'><strong>καί</strong></span> <span class='ocrx_word' id='word_1_368' title='bbox 1339 4523 1664 4596; x_wconf 83' lang='grc' dir='ltr'><strong>ἀνθρώπους</strong></span> <span class='ocrx_word' id='word_1_369' title='bbox 1708 4525 1902 4590; x_wconf 80' lang='grc' dir='ltr'><strong>ἄλλους</strong></span> 
     </span>
    </p>
   </div>
   <div class='ocr_carea' id='block_1_48' title="bbox 304 4613 1903 4685">
    <p class='ocr_par' dir='ltr' id='par_1_48' title="bbox 304 4613 1903 4685">
     <span class='ocr_line' id='line_1_48' title="bbox 304 4613 1903 4685; baseline -0.001 -15"><span class='ocrx_word' id='word_1_370' title='bbox 304 4614 594 4685; x_wconf 79' lang='grc' dir='ltr'><strong>δαίμονας,</strong></span> <span class='ocrx_word' id='word_1_371' title='bbox 617 4616 745 4679; x_wconf 81' lang='grc' dir='ltr'><strong>τοὺς</strong></span> <span class='ocrx_word' id='word_1_372' title='bbox 772 4614 1041 4685; x_wconf 86' lang='grc' dir='ltr'><strong>’Έλληνας</strong></span> <span class='ocrx_word' id='word_1_373' title='bbox 1062 4614 1227 4682; x_wconf 90' lang='grc' dir='ltr'><strong>λέγω,</strong></span> <span class='ocrx_word' id='word_1_374' title='bbox 1244 4613 1417 4667; x_wconf 86' lang='grc' dir='ltr'><strong>ταῦτα</strong></span> <span class='ocrx_word' id='word_1_375' title='bbox 1445 4613 1748 4679; x_wconf 88' lang='grc' dir='ltr'><strong>πείθεσθαι,</strong></span> <span class='ocrx_word' id='word_1_376' title='bbox 1772 4613 1903 4675; x_wconf 83' lang='grc' dir='ltr'><strong>θαυ-</strong></span> 
     </span>
    </p>
   </div>
   <div class='ocr_carea' id='block_1_49' title="bbox 311 4701 1898 4776">
    <p class='ocr_par' dir='ltr' id='par_1_49' title="bbox 311 4701 1898 4776">
     <span class='ocr_line' id='line_1_49' title="bbox 311 4701 1898 4776; baseline 0.001 -21"><span class='ocrx_word' id='word_1_377' title='bbox 311 4703 525 4776; x_wconf 80' lang='grc' dir='ltr'><strong>μαστὸν</strong></span> <span class='ocrx_word' id='word_1_378' title='bbox 558 4702 728 4757; x_wconf 54' lang='grc' dir='ltr'><strong>οὐδέν·</strong></span> <span class='ocrx_word' id='word_1_379' title='bbox 777 4702 840 4754; x_wconf 89' lang='grc' dir='ltr'><strong>τὸ</strong></span> <span class='ocrx_word' id='word_1_380' title='bbox 880 4702 937 4755; x_wconf 84' lang='grc' dir='ltr'><strong>δὲ</strong></span> <span class='ocrx_word' id='word_1_381' title='bbox 978 4703 1123 4773; x_wconf 80' lang='grc' dir='ltr'><strong>ὑμᾶς</strong></span> <span class='ocrx_word' id='word_1_382' title='bbox 1156 4701 1301 4756; x_wconf 79' lang='grc' dir='ltr'><strong>οὕτω</strong></span> <span class='ocrx_word' id='word_1_383' title='bbox 1330 4701 1481 4765; x_wconf 80' lang='grc' dir='ltr'><strong>θείας</strong></span> <span class='ocrx_word' id='word_1_384' title='bbox 1510 4703 1605 4756; x_wconf 77' lang='grc' dir='ltr'><strong>καὶ</strong></span> <span class='ocrx_word' id='word_1_385' title='bbox 1626 4704 1898 4773; x_wconf 85' lang='grc' dir='ltr'><strong>σωτηρίου</strong></span> 
     </span>
    </p>
   </div>
   <div class='ocr_carea' id='block_1_50' title="bbox 305 4789 1899 4863">
    <p class='ocr_par' dir='ltr' id='par_1_50' title="bbox 305 4789 1899 4863">
     <span class='ocr_line' id='line_1_50' title="bbox 305 4789 1899 4863; baseline 0 -17"><span class='ocrx_word' id='word_1_386' title='bbox 305 4791 666 4855; x_wconf 84' lang='grc' dir='ltr'><strong>διδασκαλίας</strong></span> <span class='ocrx_word' id='word_1_387' title='bbox 727 4789 1139 4856; x_wconf 86' lang='grc' dir='ltr'><strong>ἀπολαύοντας,</strong></span> <span class='ocrx_word' id='word_1_388' title='bbox 1195 4791 1489 4861; x_wconf 78' lang='grc' dir='ltr'><strong>ἀτιμάζειν</strong></span> <span class='ocrx_word' id='word_1_389' title='bbox 1544 4793 1642 4863; x_wconf 85' lang='grc' dir='ltr'><strong>μὲν</strong></span> <span class='ocrx_word' id='word_1_390' title='bbox 1692 4792 1899 4858; x_wconf 89' lang='grc' dir='ltr'><strong>ταῦτα,</strong></span> 
     </span>
    </p>
   </div>
   <div class='ocr_carea' id='block_1_51' title="bbox 310 4875 1900 4949">
    <p class='ocr_par' dir='ltr' id='par_1_51' title="bbox 310 4875 1900 4949">
     <span class='ocr_line' id='line_1_51' title="bbox 310 4875 1900 4949; baseline 0.001 -20"><span class='ocrx_word' id='word_1_391' title='bbox 310 4876 675 4948; x_wconf 84' lang='grc' dir='ltr'><strong>προστρέχειν</strong></span> <span class='ocrx_word' id='word_1_392' title='bbox 704 4877 761 4931; x_wconf 82' lang='grc' dir='ltr'><strong>δέ</strong></span> <span class='ocrx_word' id='word_1_393' title='bbox 781 4875 1010 4940; x_wconf 85' lang='grc' dir='ltr'><strong>ἐκείνοις</strong></span> <span class='ocrx_word' id='word_1_394' title='bbox 1040 4878 1151 4938; x_wconf 89' lang='grc' dir='ltr'><strong>τοῖς</strong></span> <span class='ocrx_word' id='word_1_395' title='bbox 1180 4875 1561 4943; x_wconf 84' lang='grc' dir='ltr'><strong>ἀλογωτάτοις,</strong></span> <span class='ocrx_word' id='word_1_396' title='bbox 1598 4877 1692 4929; x_wconf 76' lang='grc' dir='ltr'><strong>καί</strong></span> <span class='ocrx_word' id='word_1_397' title='bbox 1719 4876 1900 4949; x_wconf 78' lang='grc' dir='ltr'><strong>ψυχῆς</strong></span> 
     </span>
    </p>
   </div>
   <div class='ocr_carea' id='block_1_52' title="bbox 309 4960 1896 5035">
    <p class='ocr_par' dir='ltr' id='par_1_52' title="bbox 309 4960 1896 5035">
     <span class='ocr_line' id='line_1_52' title="bbox 309 4960 1896 5035; baseline 0.001 -18"><span class='ocrx_word' id='word_1_398' title='bbox 309 4962 591 5018; x_wconf 82' lang='grc' dir='ltr'><strong>ἀπώλειαν</strong></span> <span class='ocrx_word' id='word_1_399' title='bbox 621 4963 826 5033; x_wconf 78' lang='grc' dir='ltr'><strong>ἔχουσι,</strong></span> <span class='ocrx_word' id='word_1_400' title='bbox 850 4962 1008 5016; x_wconf 85' lang='grc' dir='ltr'><strong>τοῦτό</strong></span> <span class='ocrx_word' id='word_1_401' title='bbox 1036 4964 1151 5015; x_wconf 87' lang='grc' dir='ltr'><strong>ἐστι</strong></span> <span class='ocrx_word' id='word_1_402' title='bbox 1175 4961 1235 5015; x_wconf 87' lang='grc' dir='ltr'><strong>τὸ</strong></span> <span class='ocrx_word' id='word_1_403' title='bbox 1257 4961 1474 5018; x_wconf 85' lang='grc' dir='ltr'><strong>πάντων</strong></span> <span class='ocrx_word' id='word_1_404' title='bbox 1496 4960 1896 5035; x_wconf 87' lang='grc' dir='ltr'><strong>χαλεπώτερον.</strong></span> 
     </span>
    </p>
   </div>
   <div class='ocr_carea' id='block_1_53' title="bbox 314 5050 1899 5124">
    <p class='ocr_par' dir='ltr' id='par_1_53' title="bbox 314 5050 1899 5124">
     <span class='ocr_line' id='line_1_53' title="bbox 314 5050 1899 5124; baseline -0.001 -18"><span class='ocrx_word' id='word_1_405' title='bbox 314 5053 385 5107; x_wconf 83' lang='grc' dir='ltr'><strong>Τί</strong></span> <span class='ocrx_word' id='word_1_406' title='bbox 416 5051 527 5122; x_wconf 75' lang='grc' dir='ltr'><strong>γάρ</strong></span> <span class='ocrx_word' id='word_1_407' title='bbox 552 5069 654 5122; x_wconf 81' lang='grc' dir='ltr'><strong>μοι</strong></span> <span class='ocrx_word' id='word_1_408' title='bbox 673 5051 773 5104; x_wconf 81' lang='grc' dir='ltr'><strong>καὶ</strong></span> <span class='ocrx_word' id='word_1_409' title='bbox 798 5050 942 5117; x_wconf 84' lang='grc' dir='ltr'><strong>τοὺς</strong></span> <span class='ocrx_word' id='word_1_410' title='bbox 966 5050 1082 5114; x_wconf 77' lang='grc' dir='ltr'><strong>ἔξω</strong></span> <span class='ocrx_word' id='word_1_411' title='bbox 1110 5051 1373 5119; x_wconf 79' lang='grc' dir='ltr'><strong>κρίνειν;</strong></span> <span class='ocrx_word' id='word_1_412' title='bbox 1414 5050 1570 5121; x_wconf 76' lang='grc' dir='ltr'><strong>Ἐμοὶ</strong></span> <span class='ocrx_word' id='word_1_413' title='bbox 1594 5050 1732 5114; x_wconf 86' lang='grc' dir='ltr'><strong>τέως</strong></span> <span class='ocrx_word' id='word_1_414' title='bbox 1760 5051 1899 5124; x_wconf 86' lang='grc' dir='ltr'><strong>πρὸς</strong></span> 
     </span>
    </p>
   </div>
   <div class='ocr_carea' id='block_1_54' title="bbox 309 5137 1899 5210">
    <p class='ocr_par' dir='ltr' id='par_1_54' title="bbox 309 5137 1899 5210">
     <span class='ocr_line' id='line_1_54' title="bbox 309 5137 1899 5210; baseline -0.001 -16"><span class='ocrx_word' id='word_1_415' title='bbox 309 5141 460 5209; x_wconf 79' lang='grc' dir='ltr'><strong>ὑμᾶς</strong></span> <span class='ocrx_word' id='word_1_416' title='bbox 492 5144 637 5194; x_wconf 82' lang='grc' dir='ltr'><strong>ἐστιν</strong></span> <span class='ocrx_word' id='word_1_417' title='bbox 658 5142 687 5194; x_wconf 95' lang='lat'><strong>6</strong></span> <span class='ocrx_word' id='word_1_418' title='bbox 720 5139 896 5208; x_wconf 87' lang='grc' dir='ltr'><strong>λόγος,</strong></span> <span class='ocrx_word' id='word_1_419' title='bbox 930 5139 998 5193; x_wconf 74' lang='grc' dir='ltr'><strong>τὰ</strong></span> <span class='ocrx_word' id='word_1_420' title='bbox 1032 5140 1167 5210; x_wconf 83' lang='grc' dir='ltr'><strong>μέλη</strong></span> <span class='ocrx_word' id='word_1_421' title='bbox 1215 5139 1309 5193; x_wconf 86' lang='grc' dir='ltr'><strong>τοῦ</strong></span> <span class='ocrx_word' id='word_1_422' title='bbox 1341 5137 1601 5210; x_wconf 79' lang='grc' dir='ltr'><strong>Χριστοῦ,</strong></span> <span class='ocrx_word' id='word_1_423' title='bbox 1640 5138 1707 5192; x_wconf 77' lang='grc' dir='ltr'><strong>τὰ</strong></span> <span class='ocrx_word' id='word_1_424' title='bbox 1730 5140 1899 5193; x_wconf 89' lang='grc' dir='ltr'><strong>τέκνα</strong></span> 
     </span>
    </p>
   </div>
   <div class='ocr_carea' id='block_1_55' title="bbox 308 5227 1898 5301">
    <p class='ocr_par' dir='ltr' id='par_1_55' title="bbox 308 5227 1898 5301">
     <span class='ocr_line' id='line_1_55' title="bbox 308 5227 1898 5301; baseline 0.001 -20"><span class='ocrx_word' id='word_1_425' title='bbox 308 5227 417 5297; x_wconf 81' lang='grc' dir='ltr'><strong>τῆς</strong></span> <span class='ocrx_word' id='word_1_426' title='bbox 441 5228 786 5301; x_wconf 82' lang='grc' dir='ltr'><strong>Ἐκκλησίας,</strong></span> <span class='ocrx_word' id='word_1_427' title='bbox 807 5230 931 5292; x_wconf 77' lang='grc' dir='ltr'><strong>τοὺς</strong></span> <span class='ocrx_word' id='word_1_428' title='bbox 953 5230 1012 5282; x_wconf 86' lang='grc' dir='ltr'><strong>ἐν</strong></span> <span class='ocrx_word' id='word_1_429' title='bbox 1041 5228 1118 5298; x_wconf 81' lang='grc' dir='ltr'><strong>τῷ</strong></span> <span class='ocrx_word' id='word_1_430' title='bbox 1142 5229 1394 5299; x_wconf 84' lang='grc' dir='ltr'><strong>πατρικῷ</strong></span> <span class='ocrx_word' id='word_1_431' title='bbox 1422 5228 1556 5298; x_wconf 78' lang='grc' dir='ltr'><strong>οἴκῳ</strong></span> <span class='ocrx_word' id='word_1_432' title='bbox 1573 5227 1898 5299; x_wconf 85' lang='grc' dir='ltr'><strong>παιδευομέ-</strong></span> 
     </span>
    </p>
   </div>
   <div class='ocr_carea' id='block_1_56' title="bbox 310 5316 1925 5388">
    <p class='ocr_par' dir='ltr' id='par_1_56' title="bbox 310 5316 1925 5388">
     <span class='ocr_line' id='line_1_56' title="bbox 310 5316 1925 5388; baseline -0.002 -16"><span class='ocrx_word' id='word_1_433' title='bbox 310 5334 462 5380; x_wconf 83' lang='grc' dir='ltr'><strong>νους,</strong></span> <span class='ocrx_word' id='word_1_434' title='bbox 502 5318 631 5381; x_wconf 82' lang='grc' dir='ltr'><strong>τοὺς</strong></span> <span class='ocrx_word' id='word_1_435' title='bbox 660 5317 927 5388; x_wconf 74' lang='grc' dir='ltr'><strong>οὐρανίων</strong></span> <span class='ocrx_word' id='word_1_436' title='bbox 961 5316 1333 5380; x_wconf 86' lang='grc' dir='ltr'><strong>ἀπολαύοντας</strong></span> <span class='ocrx_word' id='word_1_437' title='bbox 1365 5317 1729 5387; x_wconf 83' lang='grc' dir='ltr'><strong>διδαγμάτων,</strong></span> <span class='ocrx_word' id='word_1_438' title='bbox 1771 5318 1925 5381; x_wconf 80' lang='grc' dir='ltr'><strong>τοὺς·</strong></span> 
     </span>
    </p>
   </div>
   <div class='ocr_carea' id='block_1_57' title="bbox 310 5400 1898 5477">
    <p class='ocr_par' dir='ltr' id='par_1_57' title="bbox 310 5400 1898 5477">
     <span class='ocr_line' id='line_1_57' title="bbox 310 5400 1898 5477; baseline -0.002 -19"><span class='ocrx_word' id='word_1_439' title='bbox 310 5405 552 5477; x_wconf 82' lang='grc' dir='ltr'><strong>τοσαύτῃ</strong></span> <span class='ocrx_word' id='word_1_440' title='bbox 581 5405 912 5475; x_wconf 87' lang='grc' dir='ltr'><strong>τιμηθέντας</strong></span> <span class='ocrx_word' id='word_1_441' title='bbox 933 5407 1086 5476; x_wconf 76' lang='grc' dir='ltr'><strong>τιμῇ.</strong></span> <span class='ocrx_word' id='word_1_442' title='bbox 1116 5404 1213 5455; x_wconf 82' lang='grc' dir='ltr'><strong>Διά</strong></span> <span class='ocrx_word' id='word_1_443' title='bbox 1231 5402 1387 5456; x_wconf 89' lang='grc' dir='ltr'><strong>τοῦτο</strong></span> <span class='ocrx_word' id='word_1_444' title='bbox 1419 5403 1608 5465; x_wconf 80' lang='grc' dir='ltr'><strong>στένω,</strong></span> <span class='ocrx_word' id='word_1_445' title='bbox 1631 5402 1721 5456; x_wconf 82' lang='grc' dir='ltr'><strong>διά</strong></span> <span class='ocrx_word' id='word_1_446' title='bbox 1738 5400 1898 5455; x_wconf 89' lang='grc' dir='ltr'><strong>τοῦτο</strong></span> 
     </span>
    </p>
   </div>
   <div class='ocr_carea' id='block_1_58' title="bbox 311 5490 1898 5564">
    <p class='ocr_par' dir='ltr' id='par_1_58' title="bbox 311 5490 1898 5564">
     <span class='ocr_line' id='line_1_58' title="bbox 311 5490 1898 5564; baseline -0.003 -17"><span class='ocrx_word' id='word_1_447' title='bbox 311 5493 537 5564; x_wconf 83' lang='grc' dir='ltr'><strong>δακρύω</strong></span> <span class='ocrx_word' id='word_1_448' title='bbox 567 5494 660 5546; x_wconf 75' lang='grc' dir='ltr'><strong>καὶ</strong></span> <span class='ocrx_word' id='word_1_449' title='bbox 691 5491 896 5564; x_wconf 79' lang='grc' dir='ltr'><strong>θρηνῶ·</strong></span> <span class='ocrx_word' id='word_1_450' title='bbox 921 5492 1134 5562; x_wconf 84' lang='grc' dir='ltr'><strong>θρήνων</strong></span> <span class='ocrx_word' id='word_1_451' title='bbox 1157 5490 1264 5561; x_wconf 86' lang='grc' dir='ltr'><strong>γὰρ</strong></span> <span class='ocrx_word' id='word_1_452' title='bbox 1286 5490 1454 5553; x_wconf 85' lang='grc' dir='ltr'><strong>ὅντως</strong></span> <span class='ocrx_word' id='word_1_453' title='bbox 1485 5490 1632 5563; x_wconf 66' lang='grc' dir='ltr'><strong>ἀξια,</strong></span> <span class='ocrx_word' id='word_1_454' title='bbox 1658 5491 1787 5543; x_wconf 83' lang='grc' dir='ltr'><strong>ὅταν</strong></span> <span class='ocrx_word' id='word_1_455' title='bbox 1815 5508 1898 5554; x_wconf 82' lang='grc' dir='ltr'><strong>τις</strong></span> 
     </span>
    </p>
   </div>
   <div class='ocr_carea' id='block_1_59' title="bbox 318 5577 1894 5654">
    <p class='ocr_par' dir='ltr' id='par_1_59' title="bbox 318 5577 1894 5654">
     <span class='ocr_line' id='line_1_59' title="bbox 318 5577 1894 5654; baseline -0.002 -19"><span class='ocrx_word' id='word_1_456' title='bbox 318 5581 454 5654; x_wconf 87' lang='grc' dir='ltr'><strong>μηδέ</strong></span> <span class='ocrx_word' id='word_1_457' title='bbox 494 5580 827 5651; x_wconf 80' lang='grc' dir='ltr'><strong>συγγνώμης</strong></span> <span class='ocrx_word' id='word_1_458' title='bbox 869 5579 994 5643; x_wconf 80' lang='grc' dir='ltr'><strong>ἄξια</strong></span> <span class='ocrx_word' id='word_1_459' title='bbox 1039 5580 1210 5651; x_wconf 83' lang='grc' dir='ltr'><strong>πίπτῃ</strong></span> <span class='ocrx_word' id='word_1_460' title='bbox 1254 5577 1545 5648; x_wconf 83' lang='grc' dir='ltr'><strong>πτώματα.</strong></span> <span class='ocrx_word' id='word_1_461' title='bbox 1600 5579 1736 5633; x_wconf 86' lang='grc' dir='ltr'><strong>Ποία</strong></span> <span class='ocrx_word' id='word_1_462' title='bbox 1764 5579 1894 5647; x_wconf 87' lang='grc' dir='ltr'><strong>γὰρ,</strong></span> 
     </span>
    </p>
   </div>
   <div class='ocr_carea' id='block_1_60' title="bbox 313 5668 1897 5740">
    <p class='ocr_par' dir='ltr' id='par_1_60' title="bbox 313 5668 1897 5740">
     <span class='ocr_line' id='line_1_60' title="bbox 313 5668 1897 5740; baseline -0.003 -17"><span class='ocrx_word' id='word_1_463' title='bbox 313 5672 436 5724; x_wconf 79' lang='grc' dir='ltr'><strong>εἰπέ</strong></span> <span class='ocrx_word' id='word_1_464' title='bbox 468 5687 581 5740; x_wconf 90' lang='grc' dir='ltr'><strong>μοι,</strong></span> <span class='ocrx_word' id='word_1_465' title='bbox 607 5668 926 5739; x_wconf 84' lang='grc' dir='ltr'><strong>συγγνώμη,</strong></span> <span class='ocrx_word' id='word_1_466' title='bbox 958 5669 1084 5721; x_wconf 85' lang='grc' dir='ltr'><strong>ὅταν</strong></span> <span class='ocrx_word' id='word_1_467' title='bbox 1110 5668 1479 5737; x_wconf 84' lang='grc' dir='ltr'><strong>ἀποφαίνηται</strong></span> <span class='ocrx_word' id='word_1_468' title='bbox 1504 5668 1636 5731; x_wconf 81' lang='grc' dir='ltr'><strong>Θεὸς</strong></span> <span class='ocrx_word' id='word_1_469' title='bbox 1666 5668 1760 5721; x_wconf 69' lang='grc' dir='ltr'><strong>καὶ</strong></span> <span class='ocrx_word' id='word_1_470' title='bbox 1787 5668 1897 5721; x_wconf 86' lang='grc' dir='ltr'><strong>δαί-</strong></span> 
     </span>
    </p>
   </div>
   <div class='ocr_carea' id='block_1_61' title="bbox 377 5796 1769 5873">
    <p class='ocr_par' dir='ltr' id='par_1_61' title="bbox 377 5796 1769 5873">
     <span class='ocr_line' id='line_1_61' title="bbox 377 5796 1769 5873; baseline -0.003 -1"><span class='ocrx_word' id='word_1_471' title='bbox 377 5824 403 5853; x_wconf 85' lang='grc'><strong><em>⁸</em></strong></span> <span class='ocrx_word' id='word_1_472' title='bbox 428 5822 513 5873; x_wconf 86' lang='lat' dir='ltr'><strong>Sic</strong></span> <span class='ocrx_word' id='word_1_473' title='bbox 531 5820 666 5872; x_wconf 87' lang='lat' dir='ltr'><strong>Colb.</strong></span> <span class='ocrx_word' id='word_1_474' title='bbox 688 5796 744 5869; x_wconf 52' lang='lat' dir='ltr'><strong>~ln</strong></span> <span class='ocrx_word' id='word_1_475' title='bbox 766 5821 939 5870; x_wconf 77' lang='lat' dir='ltr'><strong>Morel.</strong></span> <span class='ocrx_word' id='word_1_476' title='bbox 966 5834 1083 5871; x_wconf 69' lang='lat' dir='ltr'><strong>vero</strong></span> <span class='ocrx_word' id='word_1_477' title='bbox 1103 5822 1183 5868; x_wconf 79' lang='grc' dir='ltr'><strong>καὶ</strong></span> <span class='ocrx_word' id='word_1_478' title='bbox 1203 5820 1289 5868; x_wconf 82' lang='grc' dir='ltr'><strong>οὐκ</strong></span> <span class='ocrx_word' id='word_1_479' title='bbox 1310 5819 1583 5869; x_wconf 79' lang='grc' dir='ltr'><strong>ἐπιστεύετο</strong></span> <span class='ocrx_word' id='word_1_480' title='bbox 1607 5819 1769 5869; x_wconf 68' lang='grc' dir='ltr'><strong>(ἱερεῖ.</strong></span> 
     </span>
    </p>
   </div>
   <div class='ocr_carea' id='block_1_62' title="bbox 376 5881 1395 5933">
    <p class='ocr_par' dir='ltr' id='par_1_62' title="bbox 376 5881 1395 5933">
     <span class='ocr_line' id='line_1_62' title="bbox 376 5881 1395 5933; baseline -0.004 -1"><span class='ocrx_word' id='word_1_481' title='bbox 376 5884 405 5925; x_wconf 68' lang='grc' dir='ltr'><strong>δ</strong></span> <span class='ocrx_word' id='word_1_482' title='bbox 432 5884 499 5933; x_wconf 79' lang='lat' dir='ltr'><strong>lla</strong></span> <span class='ocrx_word' id='word_1_483' title='bbox 519 5884 655 5932; x_wconf 69' lang='lat' dir='ltr'><strong>Colb.</strong></span> <span class='ocrx_word' id='word_1_484' title='bbox 686 5884 735 5931; x_wconf 86' lang='lat' dir='ltr'><strong>In</strong></span> <span class='ocrx_word' id='word_1_485' title='bbox 757 5881 903 5931; x_wconf 70' lang='lat' dir='ltr'><strong>editis</strong></span> <span class='ocrx_word' id='word_1_486' title='bbox 928 5884 1029 5930; x_wconf 65' lang='lat' dir='ltr'><strong>haec</strong></span> <span class='ocrx_word' id='word_1_487' title='bbox 1051 5884 1215 5931; x_wconf 79' lang='lat' dir='ltr'><strong>vitiata</strong></span> <span class='ocrx_word' id='word_1_488' title='bbox 1238 5890 1395 5931; x_wconf 73' lang='lat' dir='ltr'><strong>oram.</strong></span> 
     </span>
    </p>
   </div>
   <div class='ocr_carea' id='block_1_63' title="bbox 285 5944 1719 6009">
    <p class='ocr_par' dir='ltr' id='par_1_63' title="bbox 285 5944 1719 6009">
     <span class='ocr_line' id='line_1_63' title="bbox 285 5944 1719 6009; baseline -0.002 -13"><span class='ocrx_word' id='word_1_489' title='bbox 285 5998 289 6003; x_wconf 61' lang='grc'><strong>,</strong></span> <span class='ocrx_word' id='word_1_490' title='bbox 376 5954 396 5982; x_wconf 73' lang='grc' dir='ltr'><strong>⁴τ</strong></span> <span class='ocrx_word' id='word_1_491' title='bbox 430 5949 511 5996; x_wconf 82' lang='lat' dir='ltr'><strong>Sic</strong></span> <span class='ocrx_word' id='word_1_492' title='bbox 530 5954 667 5996; x_wconf 70' lang='lat' dir='ltr'><strong>recte</strong></span> <span class='ocrx_word' id='word_1_493' title='bbox 697 5944 913 5996; x_wconf 73' lang='lat' dir='ltr'><strong>Coibel’t.</strong></span> <span class='ocrx_word' id='word_1_494' title='bbox 949 5945 1075 5994; x_wconf 74' lang='lat' dir='ltr'><strong>Edil.</strong></span> <span class='ocrx_word' id='word_1_495' title='bbox 1106 5957 1221 5994; x_wconf 57' lang='lat' dir='ltr'>Vero</span> <span class='ocrx_word' id='word_1_496' title='bbox 1244 5946 1330 5991; x_wconf 75' lang='grc' dir='ltr'><strong>κάν</strong></span> <span class='ocrx_word' id='word_1_497' title='bbox 1354 5944 1719 6009; x_wconf 72' lang='grc' dir='ltr'><strong>σπουδάσωμιν.</strong></span> 
     </span>
    </p>
   </div>
   <div class='ocr_carea' id='block_1_64' title="bbox 1446 441 2512 527">
    <p class='ocr_par' dir='ltr' id='par_1_64' title="bbox 1446 441 2512 527">
     <span class='ocr_line' id='line_1_64' title="bbox 1446 441 2512 527; baseline 0.002 -31"><span class='ocrx_word' id='word_1_498' title='bbox 1446 441 1533 497; x_wconf 86' lang='lat' dir='ltr'><strong>DE</strong></span> <span class='ocrx_word' id='word_1_499' title='bbox 1573 442 1755 498; x_wconf 82' lang='lat' dir='ltr'><strong>FATO</strong></span> <span class='ocrx_word' id='word_1_500' title='bbox 1792 442 1885 499; x_wconf 82' lang='lat' dir='ltr'><strong>ET</strong></span> <span class='ocrx_word' id='word_1_501' title='bbox 1921 441 2405 527; x_wconf 73' lang='lat' dir='ltr'><strong>PROVIDENTIA.</strong></span> <span class='ocrx_word' id='word_1_502' title='bbox 2448 441 2512 498; x_wconf 82' lang='lat' dir='ltr'><strong>ll.</strong></span> 
     </span>
    </p>
   </div>
   <div class='ocr_carea' id='block_1_65' title="bbox 3494 454 3601 510">
    <p class='ocr_par' dir='ltr' id='par_1_65' title="bbox 3494 454 3601 510">
     <span class='ocr_line' id='line_1_65' title="bbox 3494 454 3601 510; baseline 0.019 -2"><span class='ocrx_word' id='word_1_503' title='bbox 3494 454 3601 510; x_wconf 74' lang='lat'><strong>756</strong></span> 
     </span>
    </p>
   </div>
   <div class='ocr_carea' id='block_1_66' title="bbox 2019 553 3603 630">
    <p class='ocr_par' dir='ltr' id='par_1_66' title="bbox 2019 553 3603 630">
     <span class='ocr_line' id='line_1_66' title="bbox 2019 553 3603 630; baseline 0 -17"><span class='ocrx_word' id='word_1_504' title='bbox 2019 576 2179 629; x_wconf 89' lang='grc' dir='ltr'><strong>μονες</strong></span> <span class='ocrx_word' id='word_1_505' title='bbox 2205 557 2698 627; x_wconf 79' lang='grc' dir='ltr'><strong>ἀντιφθέγγωνται,</strong></span> <span class='ocrx_word' id='word_1_506' title='bbox 2732 560 2823 612; x_wconf 78' lang='grc' dir='ltr'><strong>καὶ</strong></span> <span class='ocrx_word' id='word_1_507' title='bbox 2845 557 3259 629; x_wconf 74' lang='grc' dir='ltr'><strong>ἀξιοπιστότερα</strong></span> <span class='ocrx_word' id='word_1_508' title='bbox 3293 553 3421 630; x_wconf 74' lang='grc' dir='ltr'><strong>δόξῃ</strong></span> <span class='ocrx_word' id='word_1_509' title='bbox 3453 561 3603 629; x_wconf 85' lang='grc' dir='ltr'><strong>παρά</strong></span> 
     </span>
    </p>
   </div>
   <div class='ocr_carea' id='block_1_67' title="bbox 2014 646 3603 719">
    <p class='ocr_par' dir='ltr' id='par_1_67' title="bbox 2014 646 3603 719">
     <span class='ocr_line' id='line_1_67' title="bbox 2014 646 3603 719; baseline 0.001 -19"><span class='ocrx_word' id='word_1_510' title='bbox 2014 647 2122 702; x_wconf 87' lang='grc' dir='ltr'><strong>τῶν</strong></span> <span class='ocrx_word' id='word_1_511' title='bbox 2161 647 2379 701; x_wconf 87' lang='grc' dir='ltr'><strong>οἰκείων</strong></span> <span class='ocrx_word' id='word_1_512' title='bbox 2403 646 2495 700; x_wconf 84' lang='grc' dir='ltr'><strong>τοῦ</strong></span> <span class='ocrx_word' id='word_1_513' title='bbox 2519 648 2655 701; x_wconf 89' lang='grc' dir='ltr'><strong>Θεοῦ</strong></span> <span class='ocrx_word' id='word_1_514' title='bbox 2682 647 2747 700; x_wconf 74' lang='grc' dir='ltr'><strong>τὰ</strong></span> <span class='ocrx_word' id='word_1_515' title='bbox 2781 648 3147 719; x_wconf 70' lang='grc' dir='ltr'><strong>παρ’,ἐκείνων</strong></span> <span class='ocrx_word' id='word_1_516' title='bbox 3182 646 3452 716; x_wconf 88' lang='grc' dir='ltr'><strong>λεγόμενα</strong></span> <span class='ocrx_word' id='word_1_517' title='bbox 3473 664 3485 707; x_wconf 89' lang='grc'>;</span> <span class='ocrx_word' id='word_1_518' title='bbox 3508 650 3603 719; x_wconf 82' lang='grc' dir='ltr'><strong>Μὴ</strong></span> 
     </span>
    </p>
   </div>
   <div class='ocr_carea' id='block_1_68' title="bbox 2014 733 3606 806">
    <p class='ocr_par' dir='ltr' id='par_1_68' title="bbox 2014 733 3606 806">
     <span class='ocr_line' id='line_1_68' title="bbox 2014 733 3606 806; baseline 0.002 -20"><span class='ocrx_word' id='word_1_519' title='bbox 2014 733 2122 806; x_wconf 87' lang='grc' dir='ltr'><strong>γὰρ</strong></span> <span class='ocrx_word' id='word_1_520' title='bbox 2142 734 2436 806; x_wconf 67' lang='grc' dir='ltr'><strong>λογισμοὺς</strong></span> <span class='ocrx_word' id='word_1_521' title='bbox 2458 735 2714 806; x_wconf 88' lang='grc' dir='ltr'><strong>κινοῦμεν</strong></span> <span class='ocrx_word' id='word_1_522' title='bbox 2733 736 2844 798; x_wconf 86' lang='grc' dir='ltr'><strong>νῦν,</strong></span> <span class='ocrx_word' id='word_1_523' title='bbox 2864 735 3000 789; x_wconf 86' lang='grc' dir='ltr'><strong>ἀλλά</strong></span> <span class='ocrx_word' id='word_1_524' title='bbox 3024 735 3163 799; x_wconf 88' lang='grc' dir='ltr'><strong>τέως</strong></span> <span class='ocrx_word' id='word_1_525' title='bbox 3182 734 3281 805; x_wconf 81' lang='grc' dir='ltr'><strong>τὴν</strong></span> <span class='ocrx_word' id='word_1_526' title='bbox 3301 734 3606 805; x_wconf 82' lang='grc' dir='ltr'><strong>ἰταμότητα</strong></span> 
     </span>
    </p>
   </div>
   <div class='ocr_carea' id='block_1_69' title="bbox 2014 822 3602 897">
    <p class='ocr_par' dir='ltr' id='par_1_69' title="bbox 2014 822 3602 897">
     <span class='ocr_line' id='line_1_69' title="bbox 2014 822 3602 897; baseline -0.003 -20"><span class='ocrx_word' id='word_1_527' title='bbox 2014 824 2121 877; x_wconf 89' lang='grc' dir='ltr'><strong>τῶν</strong></span> <span class='ocrx_word' id='word_1_528' title='bbox 2167 823 2395 887; x_wconf 85' lang='grc' dir='ltr'><strong>ἐκείνοις</strong></span> <span class='ocrx_word' id='word_1_529' title='bbox 2434 823 2769 896; x_wconf 87' lang='grc' dir='ltr'><strong>πειθομένων</strong></span> <span class='ocrx_word' id='word_1_530' title='bbox 2821 824 3089 897; x_wconf 79' lang='grc' dir='ltr'><strong>δείξομεν.</strong></span> <span class='ocrx_word' id='word_1_531' title='bbox 3151 824 3209 877; x_wconf 88' lang='lat'><strong>&#39;0</strong></span> <span class='ocrx_word' id='word_1_532' title='bbox 3252 822 3383 886; x_wconf 86' lang='grc' dir='ltr'><strong>Θεὸς</strong></span> <span class='ocrx_word' id='word_1_533' title='bbox 3423 822 3602 890; x_wconf 88' lang='grc' dir='ltr'><strong>λέγει,</strong></span> 
     </span>
    </p>
   </div>
   <div class='ocr_carea' id='block_1_70' title="bbox 2012 907 3605 981">
    <p class='ocr_par' dir='ltr' id='par_1_70' title="bbox 2012 907 3605 981">
     <span class='ocr_line' id='line_1_70' title="bbox 2012 907 3605 981; baseline -0.003 -16"><span class='ocrx_word' id='word_1_534' title='bbox 2012 910 2331 979; x_wconf 81' lang='grc' dir='ltr'><strong>Παρέθηκὰ</strong></span> <span class='ocrx_word' id='word_1_535' title='bbox 2357 926 2455 964; x_wconf 89' lang='grc' dir='ltr'><strong>σοι</strong></span> <span class='ocrx_word' id='word_1_536' title='bbox 2498 910 2620 981; x_wconf 82' lang='grc' dir='ltr'><strong>πῦρ</strong></span> <span class='ocrx_word' id='word_1_537' title='bbox 2660 912 2761 965; x_wconf 82' lang='grc' dir='ltr'><strong>καί</strong></span> <span class='ocrx_word' id='word_1_538' title='bbox 2794 911 2972 980; x_wconf 78' lang='grc' dir='ltr'><strong>ὕδωρ,</strong></span> <span class='ocrx_word' id='word_1_539' title='bbox 3024 910 3141 980; x_wconf 80' lang='grc' dir='ltr'><strong>τὴν</strong></span> <span class='ocrx_word' id='word_1_540' title='bbox 3179 910 3334 977; x_wconf 76' lang='grc' dir='ltr'><strong>ζωὴν</strong></span> <span class='ocrx_word' id='word_1_541' title='bbox 3365 907 3461 963; x_wconf 74' lang='grc' dir='ltr'><strong>καὶ</strong></span> <span class='ocrx_word' id='word_1_542' title='bbox 3497 909 3605 963; x_wconf 65' lang='grc' dir='ltr'><strong>τὸν·</strong></span> 
     </span>
    </p>
   </div>
   <div class='ocr_carea' id='block_1_71' title="bbox 2013 995 3603 1068">
    <p class='ocr_par' dir='ltr' id='par_1_71' title="bbox 2013 995 3603 1068">
     <span class='ocr_line' id='line_1_71' title="bbox 2013 995 3603 1068; baseline -0.002 -17"><span class='ocrx_word' id='word_1_543' title='bbox 2013 999 2294 1063; x_wconf 76' lang='grc' dir='ltr'><strong>θάνατον,</strong></span> <span class='ocrx_word' id='word_1_544' title='bbox 2327 995 2398 1055; x_wconf 86' lang='grc' dir='ltr'><strong>οὗ</strong></span> <span class='ocrx_word' id='word_1_545' title='bbox 2421 998 2532 1053; x_wconf 79' lang='grc' dir='ltr'><strong>ἐὰν</strong></span> <span class='ocrx_word' id='word_1_546' title='bbox 2559 998 2742 1068; x_wconf 73' lang='grc' dir='ltr'><strong>θέλῃς</strong></span> <span class='ocrx_word' id='word_1_547' title='bbox 2767 999 3040 1053; x_wconf 74' lang='grc' dir='ltr'><strong>ἔκτεινόν</strong></span> <span class='ocrx_word' id='word_1_548' title='bbox 3065 1014 3182 1053; x_wconf 88' lang='grc' dir='ltr'><strong>σου</strong></span> <span class='ocrx_word' id='word_1_549' title='bbox 3206 996 3323 1066; x_wconf 71' lang='grc' dir='ltr'><strong>τὴν</strong></span> <span class='ocrx_word' id='word_1_550' title='bbox 3350 998 3539 1066; x_wconf 78' lang='grc' dir='ltr'><strong>χεῖρα·</strong></span> <span class='ocrx_word' id='word_1_551' title='bbox 3572 997 3603 1048; x_wconf 93' lang='lat'><strong>6</strong></span> 
     </span>
    </p>
   </div>
   <div class='ocr_carea' id='block_1_72' title="bbox 2012 1083 3604 1156">
    <p class='ocr_par' dir='ltr' id='par_1_72' title="bbox 2012 1083 3604 1156">
     <span class='ocr_line' id='line_1_72' title="bbox 2012 1083 3604 1156; baseline -0.003 -18"><span class='ocrx_word' id='word_1_552' title='bbox 2012 1085 2223 1156; x_wconf 89' lang='grc' dir='ltr'><strong>δαίμων</strong></span> <span class='ocrx_word' id='word_1_553' title='bbox 2246 1085 2421 1154; x_wconf 88' lang='grc' dir='ltr'><strong>λέγει,</strong></span> <span class='ocrx_word' id='word_1_554' title='bbox 2446 1086 2528 1140; x_wconf 82' lang='grc' dir='ltr'><strong>ὅτι</strong></span> <span class='ocrx_word' id='word_1_555' title='bbox 2560 1086 2661 1141; x_wconf 77' lang='grc' dir='ltr'><strong>οὐκ</strong></span> <span class='ocrx_word' id='word_1_556' title='bbox 2708 1087 2857 1142; x_wconf 79' lang='grc' dir='ltr'><strong>ἐστιν</strong></span> <span class='ocrx_word' id='word_1_557' title='bbox 2894 1088 2952 1140; x_wconf 87' lang='grc' dir='ltr'><strong>ἐν</strong></span> <span class='ocrx_word' id='word_1_558' title='bbox 2987 1088 3072 1140; x_wconf 68' lang='grc' dir='ltr'><strong>σοὶ</strong></span> <span class='ocrx_word' id='word_1_559' title='bbox 3114 1084 3177 1140; x_wconf 85' lang='grc' dir='ltr'><strong>τὸ</strong></span> <span class='ocrx_word' id='word_1_560' title='bbox 3210 1083 3474 1139; x_wconf 80' lang='grc' dir='ltr'><strong>ἐκτείνειν</strong></span> <span class='ocrx_word' id='word_1_561' title='bbox 3503 1083 3604 1153; x_wconf 66' lang='grc' dir='ltr'><strong>τὴν</strong></span> 
     </span>
    </p>
   </div>
   <div class='ocr_carea' id='block_1_73' title="bbox 2011 1170 3605 1246">
    <p class='ocr_par' dir='ltr' id='par_1_73' title="bbox 2011 1170 3605 1246">
     <span class='ocr_line' id='line_1_73' title="bbox 2011 1170 3605 1246; baseline -0.001 -21"><span class='ocrx_word' id='word_1_562' title='bbox 2011 1175 2192 1244; x_wconf 87' lang='grc' dir='ltr'><strong>χεῖρα.</strong></span> <span class='ocrx_word' id='word_1_563' title='bbox 2220 1174 2337 1228; x_wconf 84' lang='grc' dir='ltr'><strong>ἀλλ’</strong></span> <span class='ocrx_word' id='word_1_564' title='bbox 2367 1174 2581 1245; x_wconf 81' lang='grc' dir='ltr'><strong>ἀνάγκη</strong></span> <span class='ocrx_word' id='word_1_565' title='bbox 2613 1174 2718 1227; x_wconf 73' lang='grc' dir='ltr'><strong>τινὶ</strong></span> <span class='ocrx_word' id='word_1_566' title='bbox 2752 1175 2849 1228; x_wconf 77' lang='grc' dir='ltr'><strong>καὶ</strong></span> <span class='ocrx_word' id='word_1_567' title='bbox 2882 1174 2995 1246; x_wconf 81' lang='grc' dir='ltr'><strong>βίᾳ.</strong></span> <span class='ocrx_word' id='word_1_568' title='bbox 3034 1173 3147 1227; x_wconf 76' lang='grc' dir='ltr'><strong>Καὶ</strong></span> <span class='ocrx_word' id='word_1_569' title='bbox 3181 1170 3605 1242; x_wconf 81' lang='grc' dir='ltr'><strong>ἀξιοπιστότερα</strong></span> 
     </span>
    </p>
   </div>
   <div class='ocr_carea' id='block_1_74' title="bbox 2011 1258 3667 1334">
    <p class='ocr_par' dir='ltr' id='par_1_74' title="bbox 2011 1258 3667 1334">
     <span class='ocr_line' id='line_1_74' title="bbox 2011 1258 3667 1334; baseline -0.001 -21"><span class='ocrx_word' id='word_1_570' title='bbox 2011 1258 2151 1314; x_wconf 79' lang='grc' dir='ltr'><strong>εἷναί</strong></span> <span class='ocrx_word' id='word_1_571' title='bbox 2183 1279 2264 1315; x_wconf 90' lang='grc' dir='ltr'><strong>σοι</strong></span> <span class='ocrx_word' id='word_1_572' title='bbox 2290 1261 2457 1326; x_wconf 89' lang='grc' dir='ltr'><strong>δοκεῖ,</strong></span> <span class='ocrx_word' id='word_1_573' title='bbox 2488 1263 2584 1315; x_wconf 73' lang='grc' dir='ltr'><strong>καὶ</strong></span> <span class='ocrx_word' id='word_1_574' title='bbox 2607 1262 2668 1315; x_wconf 85' lang='grc' dir='ltr'><strong>ού</strong></span> <span class='ocrx_word' id='word_1_575' title='bbox 2688 1263 2748 1316; x_wconf 89' lang='grc' dir='ltr'><strong>τὸ</strong></span> <span class='ocrx_word' id='word_1_576' title='bbox 2794 1263 2958 1334; x_wconf 86' lang='grc' dir='ltr'><strong>μέσον</strong></span> <span class='ocrx_word' id='word_1_577' title='bbox 2982 1262 3090 1317; x_wconf 90' lang='grc' dir='ltr'><strong>τῶν</strong></span> <span class='ocrx_word' id='word_1_578' title='bbox 3118 1260 3604 1331; x_wconf 87' lang='grc' dir='ltr'><strong>συμϐουλευόντων</strong></span> <span class='ocrx_word' id='word_1_579' title='bbox 3655 1317 3667 1331; x_wconf 32' lang='lat'><strong><em>1</em></strong></span> 
     </span>
    </p>
   </div>
   <div class='ocr_carea' id='block_1_75' title="bbox 2011 1346 3666 1423">
    <p class='ocr_par' dir='ltr' id='par_1_75' title="bbox 2011 1346 3666 1423">
     <span class='ocr_line' id='line_1_75' title="bbox 2011 1346 3666 1423; baseline -0.002 -21"><span class='ocrx_word' id='word_1_580' title='bbox 2011 1353 2172 1413; x_wconf 84' lang='grc' dir='ltr'><strong>νοεῖς,</strong></span> <span class='ocrx_word' id='word_1_581' title='bbox 2196 1350 2279 1403; x_wconf 86' lang='grc' dir='ltr'><strong>ὅτι</strong></span> <span class='ocrx_word' id='word_1_582' title='bbox 2299 1352 2327 1403; x_wconf 98' lang='lat'><strong>6</strong></span> <span class='ocrx_word' id='word_1_583' title='bbox 2353 1350 2450 1421; x_wconf 81' lang='grc' dir='ltr'><strong>μὲν</strong></span> <span class='ocrx_word' id='word_1_584' title='bbox 2477 1349 2630 1415; x_wconf 87' lang='grc' dir='ltr'><strong>Θεὸς,</strong></span> <span class='ocrx_word' id='word_1_585' title='bbox 2654 1352 2682 1404; x_wconf 94' lang='lat'><strong>6</strong></span> <span class='ocrx_word' id='word_1_586' title='bbox 2709 1351 2766 1404; x_wconf 85' lang='grc' dir='ltr'><strong>δὲ</strong></span> <span class='ocrx_word' id='word_1_587' title='bbox 2808 1350 3037 1421; x_wconf 91' lang='grc' dir='ltr'><strong>δαίμων·</strong></span> <span class='ocrx_word' id='word_1_588' title='bbox 3072 1350 3132 1403; x_wconf 84' lang='grc' dir='ltr'><strong>οὺ</strong></span> <span class='ocrx_word' id='word_1_589' title='bbox 3160 1348 3262 1423; x_wconf 75' lang='grc' dir='ltr'><strong>τῆς</strong></span> <span class='ocrx_word' id='word_1_590' title='bbox 3290 1346 3604 1418; x_wconf 84' lang='grc' dir='ltr'><strong>συμϐουλῆς</strong></span> <span class='ocrx_word' id='word_1_591' title='bbox 3662 1359 3666 1369; x_wconf 83' lang='grc'><em>’</em></span> 
     </span>
    </p>
   </div>
   <div class='ocr_carea' id='block_1_76' title="bbox 2009 1433 3602 1510">
    <p class='ocr_par' dir='ltr' id='par_1_76' title="bbox 2009 1433 3602 1510">
     <span class='ocr_line' id='line_1_76' title="bbox 2009 1433 3602 1510; baseline -0.001 -20"><span class='ocrx_word' id='word_1_592' title='bbox 2009 1437 2072 1491; x_wconf 94' lang='grc' dir='ltr'><strong>τὸ</strong></span> <span class='ocrx_word' id='word_1_593' title='bbox 2098 1437 2356 1510; x_wconf 89' lang='grc' dir='ltr'><strong>διάφορον</strong></span> <span class='ocrx_word' id='word_1_594' title='bbox 2391 1435 2690 1504; x_wconf 82' lang='grc' dir='ltr'><strong>ἐξετάζεις,</strong></span> <span class='ocrx_word' id='word_1_595' title='bbox 2713 1438 2792 1491; x_wconf 81' lang='grc' dir='ltr'><strong>ὅτι</strong></span> <span class='ocrx_word' id='word_1_596' title='bbox 2821 1438 2882 1492; x_wconf 93' lang='grc' dir='ltr'><strong>τὸ</strong></span> <span class='ocrx_word' id='word_1_597' title='bbox 2916 1439 3013 1508; x_wconf 86' lang='grc' dir='ltr'><strong>μὲν</strong></span> <span class='ocrx_word' id='word_1_598' title='bbox 3046 1438 3312 1509; x_wconf 79' lang='grc' dir='ltr'><strong>σωτήριον</strong></span> <span class='ocrx_word' id='word_1_599' title='bbox 3338 1435 3435 1490; x_wconf 74' lang='grc' dir='ltr'><strong>καὶ</strong></span> <span class='ocrx_word' id='word_1_600' title='bbox 3465 1433 3602 1506; x_wconf 83' lang='grc' dir='ltr'><strong>πρὸς</strong></span> 
     </span>
    </p>
   </div>
   <div class='ocr_carea' id='block_1_77' title="bbox 2010 1518 3598 1598">
    <p class='ocr_par' dir='ltr' id='par_1_77' title="bbox 2010 1518 3598 1598">
     <span class='ocr_line' id='line_1_77' title="bbox 2010 1518 3598 1598; baseline 0.001 -20"><span class='ocrx_word' id='word_1_601' title='bbox 2010 1518 2223 1596; x_wconf 45' lang='grc' dir='ltr'><strong>ἀρετὴν)</strong></span> <span class='ocrx_word' id='word_1_602' title='bbox 2241 1524 2416 1589; x_wconf 90' lang='grc' dir='ltr'><strong>καλεῖ,</strong></span> <span class='ocrx_word' id='word_1_603' title='bbox 2446 1524 2523 1579; x_wconf 75' lang='grc' dir='ltr'><strong>τὸ</strong></span> <span class='ocrx_word' id='word_1_604' title='bbox 2550 1526 2607 1580; x_wconf 84' lang='grc' dir='ltr'><strong>δὲ</strong></span> <span class='ocrx_word' id='word_1_605' title='bbox 2635 1526 2805 1590; x_wconf 68' lang='grc' dir='ltr'><strong>ὅντως</strong></span> <span class='ocrx_word' id='word_1_606' title='bbox 2846 1527 2943 1580; x_wconf 76' lang='grc' dir='ltr'><strong>καὶ</strong></span> <span class='ocrx_word' id='word_1_607' title='bbox 2967 1526 3281 1598; x_wconf 87' lang='grc' dir='ltr'><strong>δαιμονικὸν</strong></span> <span class='ocrx_word' id='word_1_608' title='bbox 3315 1524 3410 1579; x_wconf 77' lang='grc' dir='ltr'><strong>καὶ</strong></span> <span class='ocrx_word' id='word_1_609' title='bbox 3448 1523 3598 1597; x_wconf 77' lang='grc'><strong>[759]</strong></span> 
     </span>
    </p>
   </div>
   <div class='ocr_carea' id='block_1_78' title="bbox 2011 1611 3598 1685">
    <p class='ocr_par' dir='ltr' id='par_1_78' title="bbox 2011 1611 3598 1685">
     <span class='ocr_line' id='line_1_78' title="bbox 2011 1611 3598 1685; baseline -0.001 -19"><span class='ocrx_word' id='word_1_610' title='bbox 2011 1614 2148 1685; x_wconf 84' lang='grc' dir='ltr'><strong>πρὸς</strong></span> <span class='ocrx_word' id='word_1_611' title='bbox 2176 1613 2376 1668; x_wconf 87' lang='grc' dir='ltr'><strong>κακίαν</strong></span> <span class='ocrx_word' id='word_1_612' title='bbox 2416 1614 2511 1668; x_wconf 79' lang='grc' dir='ltr'><strong>καὶ</strong></span> <span class='ocrx_word' id='word_1_613' title='bbox 2545 1613 2831 1685; x_wconf 86' lang='grc' dir='ltr'><strong>πονηρίαν·</strong></span> <span class='ocrx_word' id='word_1_614' title='bbox 2859 1614 2919 1666; x_wconf 83' lang='grc' dir='ltr'><strong>ού</strong></span> <span class='ocrx_word' id='word_1_615' title='bbox 2946 1613 3016 1667; x_wconf 80' lang='grc' dir='ltr'><strong>τὰ</strong></span> <span class='ocrx_word' id='word_1_616' title='bbox 3042 1614 3196 1685; x_wconf 84' lang='grc' dir='ltr'><strong>παρὰ</strong></span> <span class='ocrx_word' id='word_1_617' title='bbox 3222 1612 3316 1666; x_wconf 85' lang='grc' dir='ltr'><strong>τοῦ</strong></span> <span class='ocrx_word' id='word_1_618' title='bbox 3348 1611 3483 1667; x_wconf 81' lang='grc' dir='ltr'><strong>Θεοῦ</strong></span> <span class='ocrx_word' id='word_1_619' title='bbox 3517 1627 3598 1664; x_wconf 89' lang='grc' dir='ltr'><strong>σοι</strong></span> 
     </span>
    </p>
   </div>
   <div class='ocr_carea' id='block_1_79' title="bbox 2009 1701 3601 1775">
    <p class='ocr_par' dir='ltr' id='par_1_79' title="bbox 2009 1701 3601 1775">
     <span class='ocr_line' id='line_1_79' title="bbox 2009 1701 3601 1775; baseline 0 -21"><span class='ocrx_word' id='word_1_620' title='bbox 2009 1704 2370 1773; x_wconf 88' lang='grc' dir='ltr'><strong>γεγενημένα,</strong></span> <span class='ocrx_word' id='word_1_621' title='bbox 2411 1704 2506 1757; x_wconf 81' lang='grc' dir='ltr'><strong>καὶ</strong></span> <span class='ocrx_word' id='word_1_622' title='bbox 2532 1703 2600 1757; x_wconf 82' lang='grc' dir='ltr'><strong>τὰ</strong></span> <span class='ocrx_word' id='word_1_623' title='bbox 2630 1703 2782 1775; x_wconf 84' lang='grc' dir='ltr'><strong>παρὰ</strong></span> <span class='ocrx_word' id='word_1_624' title='bbox 2823 1702 2916 1757; x_wconf 88' lang='grc' dir='ltr'><strong>τοῦ</strong></span> <span class='ocrx_word' id='word_1_625' title='bbox 2950 1702 3206 1773; x_wconf 89' lang='grc' dir='ltr'><strong>δαίμονος</strong></span> <span class='ocrx_word' id='word_1_626' title='bbox 3239 1704 3482 1765; x_wconf 83' lang='grc' dir='ltr'><strong>σκοπεῖς,</strong></span> <span class='ocrx_word' id='word_1_627' title='bbox 3515 1701 3601 1754; x_wconf 84' lang='grc' dir='ltr'><strong>ὅτι</strong></span> 
     </span>
    </p>
   </div>
   <div class='ocr_carea' id='block_1_80' title="bbox 2008 1788 3599 1861">
    <p class='ocr_par' dir='ltr' id='par_1_80' title="bbox 2008 1788 3599 1861">
     <span class='ocr_line' id='line_1_80' title="bbox 2008 1788 3599 1861; baseline -0.002 -16"><span class='ocrx_word' id='word_1_628' title='bbox 2008 1792 2038 1844; x_wconf 93' lang='lat'><strong>6</strong></span> <span class='ocrx_word' id='word_1_629' title='bbox 2068 1792 2167 1861; x_wconf 83' lang='grc' dir='ltr'><strong>μὲν</strong></span> <span class='ocrx_word' id='word_1_630' title='bbox 2185 1790 2328 1845; x_wconf 78' lang='grc' dir='ltr'><strong>οὕτω</strong></span> <span class='ocrx_word' id='word_1_631' title='bbox 2356 1808 2417 1844; x_wconf 90' lang='grc' dir='ltr'><strong>σε</strong></span> <span class='ocrx_word' id='word_1_632' title='bbox 2443 1791 2723 1861; x_wconf 82' lang='grc' dir='ltr'><strong>ἐφίλησεν,</strong></span> <span class='ocrx_word' id='word_1_633' title='bbox 2756 1791 2834 1854; x_wconf 87' lang='grc' dir='ltr'><strong>ώς</strong></span> <span class='ocrx_word' id='word_1_634' title='bbox 2871 1790 3082 1844; x_wconf 73' lang='grc' dir='ltr'><strong>καὶτὸν</strong></span> <span class='ocrx_word' id='word_1_635' title='bbox 3111 1789 3393 1860; x_wconf 81' lang='grc' dir='ltr'><strong>Μονογενῆ</strong></span> <span class='ocrx_word' id='word_1_636' title='bbox 3413 1788 3599 1843; x_wconf 87' lang='grc' dir='ltr'><strong>δοῦναι</strong></span> 
     </span>
    </p>
   </div>
   <div class='ocr_carea' id='block_1_81' title="bbox 2010 1870 3597 1950">
    <p class='ocr_par' dir='ltr' id='par_1_81' title="bbox 2010 1870 3597 1950">
     <span class='ocr_line' id='line_1_81' title="bbox 2010 1870 3597 1950; baseline -0.001 -19"><span class='ocrx_word' id='word_1_637' title='bbox 2010 1879 2151 1949; x_wconf 83' lang='grc' dir='ltr'><strong>ὑπὲρ</strong></span> <span class='ocrx_word' id='word_1_638' title='bbox 2186 1878 2303 1942; x_wconf 89' lang='grc' dir='ltr'><strong>σοῦ,</strong></span> <span class='ocrx_word' id='word_1_639' title='bbox 2334 1870 2394 1933; x_wconf 83' lang='grc' dir='ltr'><strong>οῦ</strong></span> <span class='ocrx_word' id='word_1_640' title='bbox 2417 1877 2746 1950; x_wconf 83' lang='grc' dir='ltr'><strong>τιμιώτερον</strong></span> <span class='ocrx_word' id='word_1_641' title='bbox 2768 1877 2924 1932; x_wconf 79' lang='grc' dir='ltr'><strong>οὐδὲν</strong></span> <span class='ocrx_word' id='word_1_642' title='bbox 2955 1873 3024 1949; x_wconf 81' lang='grc' dir='ltr'><strong>ἦν</strong></span> <span class='ocrx_word' id='word_1_643' title='bbox 3057 1876 3136 1949; x_wconf 80' lang='grc' dir='ltr'><strong>τῷ</strong></span> <span class='ocrx_word' id='word_1_644' title='bbox 3166 1877 3363 1949; x_wconf 81' lang='grc' dir='ltr'><strong>Πατρὶ,</strong></span> <span class='ocrx_word' id='word_1_645' title='bbox 3393 1878 3488 1931; x_wconf 77' lang='grc' dir='ltr'><strong>καὶ</strong></span> <span class='ocrx_word' id='word_1_646' title='bbox 3516 1877 3597 1930; x_wconf 76' lang='grc' dir='ltr'><strong>ἔτι</strong></span> 
     </span>
    </p>
   </div>
   <div class='ocr_carea' id='block_1_82' title="bbox 2007 1965 3601 2038">
    <p class='ocr_par' dir='ltr' id='par_1_82' title="bbox 2007 1965 3601 2038">
     <span class='ocr_line' id='line_1_82' title="bbox 2007 1965 3601 2038; baseline -0.001 -19"><span class='ocrx_word' id='word_1_647' title='bbox 2007 1966 2175 2036; x_wconf 87' lang='grc' dir='ltr'><strong>φιλεῖ,</strong></span> <span class='ocrx_word' id='word_1_648' title='bbox 2209 1967 2284 2031; x_wconf 84' lang='grc' dir='ltr'><strong>ὡς</strong></span> <span class='ocrx_word' id='word_1_649' title='bbox 2314 1967 2410 2020; x_wconf 77' lang='grc' dir='ltr'><strong>καὶ</strong></span> <span class='ocrx_word' id='word_1_650' title='bbox 2428 1968 2766 2038; x_wconf 83' lang='grc' dir='ltr'><strong>παρακαλεῖν</strong></span> <span class='ocrx_word' id='word_1_651' title='bbox 2791 1984 2851 2020; x_wconf 90' lang='grc' dir='ltr'><strong>σε</strong></span> <span class='ocrx_word' id='word_1_652' title='bbox 2879 1966 2971 2020; x_wconf 82' lang='grc' dir='ltr'><strong>διὰ</strong></span> <span class='ocrx_word' id='word_1_653' title='bbox 2991 1966 3099 2019; x_wconf 88' lang='grc' dir='ltr'><strong>τῶν</strong></span> <span class='ocrx_word' id='word_1_654' title='bbox 3122 1965 3438 2021; x_wconf 85' lang='grc' dir='ltr'><strong>ἀποστόλων</strong></span> <span class='ocrx_word' id='word_1_655' title='bbox 3460 1966 3601 2037; x_wconf 78' lang='grc' dir='ltr'><strong>ὑπὲρ</strong></span> 
     </span>
    </p>
   </div>
   <div class='ocr_carea' id='block_1_83' title="bbox 2005 2052 3599 2127">
    <p class='ocr_par' dir='ltr' id='par_1_83' title="bbox 2005 2052 3599 2127">
     <span class='ocr_line' id='line_1_83' title="bbox 2005 2052 3599 2127; baseline -0.003 -17"><span class='ocrx_word' id='word_1_656' title='bbox 2005 2056 2105 2126; x_wconf 82' lang='grc' dir='ltr'><strong>τῆς</strong></span> <span class='ocrx_word' id='word_1_657' title='bbox 2138 2057 2238 2127; x_wconf 85' lang='grc' dir='ltr'><strong>σῆς</strong></span> <span class='ocrx_word' id='word_1_658' title='bbox 2269 2056 2566 2127; x_wconf 87' lang='grc' dir='ltr'><strong>σωτηρίας,</strong></span> <span class='ocrx_word' id='word_1_659' title='bbox 2595 2056 2688 2109; x_wconf 77' lang='grc' dir='ltr'><strong>καὶ</strong></span> <span class='ocrx_word' id='word_1_660' title='bbox 2721 2055 2900 2109; x_wconf 87' lang='grc' dir='ltr'><strong>πάντα</strong></span> <span class='ocrx_word' id='word_1_661' title='bbox 2936 2057 3100 2108; x_wconf 86' lang='grc' dir='ltr'><strong>ποιεῖ·</strong></span> <span class='ocrx_word' id='word_1_662' title='bbox 3136 2055 3164 2106; x_wconf 92' lang='lat'><strong>6</strong></span> <span class='ocrx_word' id='word_1_663' title='bbox 3191 2054 3246 2107; x_wconf 80' lang='grc' dir='ltr'><strong>δὲ</strong></span> <span class='ocrx_word' id='word_1_664' title='bbox 3272 2053 3444 2118; x_wconf 80' lang='grc' dir='ltr'><strong>οὓτως</strong></span> <span class='ocrx_word' id='word_1_665' title='bbox 3473 2052 3599 2123; x_wconf 48' lang='grc' dir='ltr'><strong>ἐμίλ</strong></span> 
     </span>
    </p>
   </div>
   <div class='ocr_carea' id='block_1_84' title="bbox 2007 2139 3653 2215">
    <p class='ocr_par' dir='ltr' id='par_1_84' title="bbox 2007 2139 3653 2215">
     <span class='ocr_line' id='line_1_84' title="bbox 2007 2139 3653 2215; baseline -0.001 -19"><span class='ocrx_word' id='word_1_666' title='bbox 2007 2160 2142 2214; x_wconf 85' lang='grc' dir='ltr'><strong>σησε</strong></span> <span class='ocrx_word' id='word_1_667' title='bbox 2172 2145 2266 2199; x_wconf 78' lang='grc' dir='ltr'><strong>καὶ</strong></span> <span class='ocrx_word' id='word_1_668' title='bbox 2295 2147 2464 2215; x_wconf 87' lang='grc' dir='ltr'><strong>μισεῖ.</strong></span> <span class='ocrx_word' id='word_1_669' title='bbox 2500 2145 2576 2208; x_wconf 84' lang='grc' dir='ltr'><strong>ὡς</strong></span> <span class='ocrx_word' id='word_1_670' title='bbox 2618 2143 2706 2198; x_wconf 84' lang='grc' dir='ltr'><strong>διά</strong></span> <span class='ocrx_word' id='word_1_671' title='bbox 2751 2145 2969 2198; x_wconf 91' lang='grc' dir='ltr'><strong>πάντων</strong></span> <span class='ocrx_word' id='word_1_672' title='bbox 2997 2161 3080 2197; x_wconf 90' lang='grc' dir='ltr'><strong>σοι</strong></span> <span class='ocrx_word' id='word_1_673' title='bbox 3112 2142 3372 2212; x_wconf 84' lang='grc' dir='ltr'><strong>πολεμεῖν</strong></span> <span class='ocrx_word' id='word_1_674' title='bbox 3400 2142 3493 2195; x_wconf 78' lang='grc' dir='ltr'><strong>καὶ</strong></span> <span class='ocrx_word' id='word_1_675' title='bbox 3523 2139 3599 2212; x_wconf 76' lang='grc' dir='ltr'><strong>μὴ</strong></span> <span class='ocrx_word' id='word_1_676' title='bbox 3638 2178 3653 2185; x_wconf 64' lang='grc' dir='ltr'><strong>ι</strong></span> 
     </span>
    </p>
   </div>
   <div class='ocr_carea' id='block_1_85' title="bbox 2009 2223 3600 2305">
    <p class='ocr_par' dir='ltr' id='par_1_85' title="bbox 2009 2223 3600 2305">
     <span class='ocr_line' id='line_1_85' title="bbox 2009 2223 3600 2305; baseline -0.002 -20"><span class='ocrx_word' id='word_1_677' title='bbox 2009 2232 2169 2303; x_wconf 87' lang='grc' dir='ltr'><strong>μόνον</strong></span> <span class='ocrx_word' id='word_1_678' title='bbox 2201 2232 2355 2286; x_wconf 83' lang='grc' dir='ltr'><strong>οὐδὲν</strong></span> <span class='ocrx_word' id='word_1_679' title='bbox 2399 2232 2601 2287; x_wconf 88' lang='grc' dir='ltr'><strong>διδόναι</strong></span> <span class='ocrx_word' id='word_1_680' title='bbox 2652 2233 2922 2305; x_wconf 88' lang='grc' dir='ltr'><strong>χρηστὸν,</strong></span> <span class='ocrx_word' id='word_1_681' title='bbox 2970 2231 3107 2286; x_wconf 90' lang='grc' dir='ltr'><strong>ἀλλά</strong></span> <span class='ocrx_word' id='word_1_682' title='bbox 3150 2231 3244 2284; x_wconf 74' lang='grc' dir='ltr'><strong>καὶ</strong></span> <span class='ocrx_word' id='word_1_683' title='bbox 3281 2223 3357 2284; x_wconf 83' lang='grc' dir='ltr'><strong>ὧν</strong></span> <span class='ocrx_word' id='word_1_684' title='bbox 3405 2229 3600 2292; x_wconf 77' lang='grc' dir='ltr'><strong>ἔλαϐες</strong></span> 
     </span>
    </p>
   </div>
   <div class='ocr_carea' id='block_1_86' title="bbox 2007 2317 3599 2393">
    <p class='ocr_par' dir='ltr' id='par_1_86' title="bbox 2007 2317 3599 2393">
     <span class='ocr_line' id='line_1_86' title="bbox 2007 2317 3599 2393; baseline -0.001 -19"><span class='ocrx_word' id='word_1_685' title='bbox 2007 2320 2158 2393; x_wconf 79' lang='grc' dir='ltr'><strong>παρὰ</strong></span> <span class='ocrx_word' id='word_1_686' title='bbox 2187 2320 2282 2374; x_wconf 87' lang='grc' dir='ltr'><strong>τοῦ</strong></span> <span class='ocrx_word' id='word_1_687' title='bbox 2321 2320 2476 2387; x_wconf 88' lang='grc' dir='ltr'><strong>Θεοῦ,</strong></span> <span class='ocrx_word' id='word_1_688' title='bbox 2514 2322 2608 2375; x_wconf 71' lang='grc' dir='ltr'><strong>καὶ</strong></span> <span class='ocrx_word' id='word_1_689' title='bbox 2654 2321 2858 2376; x_wconf 89' lang='grc' dir='ltr'><strong>τούτων</strong></span> <span class='ocrx_word' id='word_1_690' title='bbox 2898 2320 3194 2392; x_wconf 81' lang='grc' dir='ltr'><strong>πειρᾶσθαι</strong></span> <span class='ocrx_word' id='word_1_691' title='bbox 3236 2317 3537 2372; x_wconf 80' lang='grc' dir='ltr'><strong>ἐκϐάλλειν·</strong></span> <span class='ocrx_word' id='word_1_692' title='bbox 3568 2319 3599 2372; x_wconf 90' lang='lat'><strong>6</strong></span> 
     </span>
    </p>
   </div>
   <div class='ocr_carea' id='block_1_87' title="bbox 2009 2405 3599 2481">
    <p class='ocr_par' dir='ltr' id='par_1_87' title="bbox 2009 2405 3599 2481">
     <span class='ocr_line' id='line_1_87' title="bbox 2009 2405 3599 2481; baseline -0.002 -19"><span class='ocrx_word' id='word_1_693' title='bbox 2009 2410 2108 2479; x_wconf 80' lang='grc' dir='ltr'><strong>μὲν</strong></span> <span class='ocrx_word' id='word_1_694' title='bbox 2126 2409 2380 2478; x_wconf 87' lang='grc' dir='ltr'><strong>ἀγγέλοις</strong></span> <span class='ocrx_word' id='word_1_695' title='bbox 2405 2426 2464 2462; x_wconf 91' lang='grc' dir='ltr'><strong>σε</strong></span> <span class='ocrx_word' id='word_1_696' title='bbox 2488 2409 2602 2463; x_wconf 74' lang='grc' dir='ltr'><strong>ἴσον</strong></span> <span class='ocrx_word' id='word_1_697' title='bbox 2624 2411 2847 2481; x_wconf 82' lang='grc' dir='ltr'><strong>ποιῆσαι</strong></span> <span class='ocrx_word' id='word_1_698' title='bbox 2872 2408 3224 2473; x_wconf 84' lang='grc' dir='ltr'><strong>ἐσπούδασεν,</strong></span> <span class='ocrx_word' id='word_1_699' title='bbox 3246 2409 3274 2460; x_wconf 91' lang='lat'><strong>6</strong></span> <span class='ocrx_word' id='word_1_700' title='bbox 3292 2406 3348 2459; x_wconf 86' lang='grc' dir='ltr'><strong>δὲ</strong></span> <span class='ocrx_word' id='word_1_701' title='bbox 3377 2405 3485 2459; x_wconf 85' lang='grc' dir='ltr'><strong>τῶν</strong></span> <span class='ocrx_word' id='word_1_702' title='bbox 3509 2423 3599 2477; x_wconf 86' lang='grc' dir='ltr'><strong>χα-</strong></span> 
     </span>
    </p>
   </div>
   <div class='ocr_carea' id='block_1_88' title="bbox 2008 2492 3597 2569">
    <p class='ocr_par' dir='ltr' id='par_1_88' title="bbox 2008 2492 3597 2569">
     <span class='ocr_line' id='line_1_88' title="bbox 2008 2492 3597 2569; baseline -0.003 -19"><span class='ocrx_word' id='word_1_703' title='bbox 2008 2498 2107 2568; x_wconf 75' lang='grc' dir='ltr'><strong>μαὶ</strong></span> <span class='ocrx_word' id='word_1_704' title='bbox 2141 2496 2466 2568; x_wconf 81' lang='grc' dir='ltr'><strong>βαδιζόντων</strong></span> <span class='ocrx_word' id='word_1_705' title='bbox 2496 2498 2823 2569; x_wconf 88' lang='grc' dir='ltr'><strong>ἀτιμότερόν</strong></span> <span class='ocrx_word' id='word_1_706' title='bbox 2851 2514 2910 2550; x_wconf 88' lang='grc' dir='ltr'><strong>σε</strong></span> <span class='ocrx_word' id='word_1_707' title='bbox 2932 2497 3290 2568; x_wconf 86' lang='grc' dir='ltr'><strong>κατέστησεν,</strong></span> <span class='ocrx_word' id='word_1_708' title='bbox 3310 2492 3508 2558; x_wconf 80' lang='grc' dir='ltr'><strong>αὐτούς</strong></span> <span class='ocrx_word' id='word_1_709' title='bbox 3537 2512 3597 2547; x_wconf 87' lang='grc' dir='ltr'><strong>τε</strong></span> 
     </span>
    </p>
   </div>
   <div class='ocr_carea' id='block_1_89' title="bbox 2006 2583 3598 2659">
    <p class='ocr_par' dir='ltr' id='par_1_89' title="bbox 2006 2583 3598 2659">
     <span class='ocr_line' id='line_1_89' title="bbox 2006 2583 3598 2659; baseline -0.003 -19"><span class='ocrx_word' id='word_1_710' title='bbox 2006 2587 2066 2640; x_wconf 84' lang='grc' dir='ltr'><strong>σέ</strong></span> <span class='ocrx_word' id='word_1_711' title='bbox 2090 2589 2421 2659; x_wconf 87' lang='grc' dir='ltr'><strong>προσκυνεῖν</strong></span> <span class='ocrx_word' id='word_1_712' title='bbox 2465 2586 2803 2641; x_wconf 83' lang='grc' dir='ltr'><strong>ἀντέπεισεν·</strong></span> <span class='ocrx_word' id='word_1_713' title='bbox 2839 2588 2869 2640; x_wconf 93' lang='lat'><strong>6</strong></span> <span class='ocrx_word' id='word_1_714' title='bbox 2898 2588 2994 2658; x_wconf 76' lang='grc' dir='ltr'><strong>μὲν</strong></span> <span class='ocrx_word' id='word_1_715' title='bbox 3016 2587 3096 2648; x_wconf 83' lang='grc' dir='ltr'><strong>εἰς</strong></span> <span class='ocrx_word' id='word_1_716' title='bbox 3123 2584 3402 2657; x_wconf 82' lang='grc' dir='ltr'><strong>βασιλείαν</strong></span> <span class='ocrx_word' id='word_1_717' title='bbox 3431 2583 3598 2655; x_wconf 81' lang='grc' dir='ltr'><strong>οὐρα-</strong></span> 
     </span>
    </p>
   </div>
   <div class='ocr_carea' id='block_1_90' title="bbox 2003 2670 3599 2746">
    <p class='ocr_par' dir='ltr' id='par_1_90' title="bbox 2003 2670 3599 2746">
     <span class='ocr_line' id='line_1_90' title="bbox 2003 2670 3599 2746; baseline -0.003 -17"><span class='ocrx_word' id='word_1_718' title='bbox 2003 2673 2111 2729; x_wconf 88' lang='grc' dir='ltr'><strong>νῶν</strong></span> <span class='ocrx_word' id='word_1_719' title='bbox 2137 2674 2285 2729; x_wconf 83' lang='grc' dir='ltr'><strong>ἐλκει</strong></span> <span class='ocrx_word' id='word_1_720' title='bbox 2324 2675 2418 2730; x_wconf 83' lang='grc' dir='ltr'><strong>καὶ</strong></span> <span class='ocrx_word' id='word_1_721' title='bbox 2446 2674 2545 2739; x_wconf 83' lang='grc' dir='ltr'><strong>τὰς</strong></span> <span class='ocrx_word' id='word_1_722' title='bbox 2580 2674 2746 2739; x_wconf 83' lang='grc' dir='ltr'><strong>ἄλλας</strong></span> <span class='ocrx_word' id='word_1_723' title='bbox 2777 2673 2962 2746; x_wconf 85' lang='grc' dir='ltr'><strong>τιμὰς,</strong></span> <span class='ocrx_word' id='word_1_724' title='bbox 2993 2676 3024 2727; x_wconf 89' lang='lat'><strong>6</strong></span> <span class='ocrx_word' id='word_1_725' title='bbox 3042 2673 3098 2727; x_wconf 82' lang='grc' dir='ltr'><strong>δὲ</strong></span> <span class='ocrx_word' id='word_1_726' title='bbox 3126 2673 3215 2727; x_wconf 65' lang='grc' dir='ltr'><strong>καὶ</strong></span> <span class='ocrx_word' id='word_1_727' title='bbox 3245 2673 3342 2744; x_wconf 84' lang='grc' dir='ltr'><strong>τῆς</strong></span> <span class='ocrx_word' id='word_1_728' title='bbox 3365 2670 3599 2725; x_wconf 78' lang='grc' dir='ltr'><strong>ἐνταῦθά</strong></span> 
     </span>
    </p>
   </div>
   <div class='ocr_carea' id='block_1_91' title="bbox 2004 2759 3596 2835">
    <p class='ocr_par' dir='ltr' id='par_1_91' title="bbox 2004 2759 3596 2835">
     <span class='ocr_line' id='line_1_91' title="bbox 2004 2759 3596 2835; baseline -0.003 -18"><span class='ocrx_word' id='word_1_729' title='bbox 2004 2781 2088 2817; x_wconf 90' lang='grc' dir='ltr'><strong>σοι</strong></span> <span class='ocrx_word' id='word_1_730' title='bbox 2115 2763 2363 2835; x_wconf 87' lang='grc' dir='ltr'><strong>δοθείσης</strong></span> <span class='ocrx_word' id='word_1_731' title='bbox 2394 2763 2658 2835; x_wconf 86' lang='grc' dir='ltr'><strong>ἐφθόνησε</strong></span> <span class='ocrx_word' id='word_1_732' title='bbox 2676 2804 2691 2827; x_wconf 91' lang='grc'><strong>,</strong></span> <span class='ocrx_word' id='word_1_733' title='bbox 2723 2763 2818 2817; x_wconf 73' lang='grc' dir='ltr'><strong>καί¹</strong></span> <span class='ocrx_word' id='word_1_734' title='bbox 2846 2763 2908 2816; x_wconf 75' lang='grc' dir='ltr'><strong>οὗ</strong></span> <span class='ocrx_word' id='word_1_735' title='bbox 2932 2762 3198 2833; x_wconf 89' lang='grc' dir='ltr'><strong>πρότερον</strong></span> <span class='ocrx_word' id='word_1_736' title='bbox 3228 2759 3596 2831; x_wconf 79' lang='grc' dir='ltr'><strong>ἀπέστη,ἐως</strong></span> 
     </span>
    </p>
   </div>
   <div class='ocr_carea' id='block_1_92' title="bbox 2004 2849 3594 2925">
    <p class='ocr_par' dir='ltr' id='par_1_92' title="bbox 2004 2849 3594 2925">
     <span class='ocr_line' id='line_1_92' title="bbox 2004 2849 3594 2925; baseline -0.004 -17"><span class='ocrx_word' id='word_1_737' title='bbox 2004 2853 2280 2920; x_wconf 82' lang='grc' dir='ltr'><strong>ἐξέϐαλεν.</strong></span> <span class='ocrx_word' id='word_1_738' title='bbox 2318 2852 2382 2906; x_wconf 84' lang='grc' dir='ltr'><strong>Εἰ</strong></span> <span class='ocrx_word' id='word_1_739' title='bbox 2412 2852 2522 2925; x_wconf 78' lang='grc' dir='ltr'><strong>γὰρ</strong></span> <span class='ocrx_word' id='word_1_740' title='bbox 2552 2853 2648 2907; x_wconf 67' lang='grc' dir='ltr'><strong>καὶ</strong></span> <span class='ocrx_word' id='word_1_741' title='bbox 2672 2852 2742 2906; x_wconf 85' lang='grc' dir='ltr'><strong>τὰ</strong></span> <span class='ocrx_word' id='word_1_742' title='bbox 2771 2852 3019 2923; x_wconf 81' lang='grc' dir='ltr'><strong>δόγματα</strong></span> <span class='ocrx_word' id='word_1_743' title='bbox 3053 2852 3112 2903; x_wconf 85' lang='grc' dir='ltr'><strong>οῦ</strong></span> <span class='ocrx_word' id='word_1_744' title='bbox 3147 2849 3379 2903; x_wconf 88' lang='grc' dir='ltr'><strong>δύνασθε</strong></span> <span class='ocrx_word' id='word_1_745' title='bbox 3422 2849 3594 2903; x_wconf 78' lang='grc' dir='ltr'><strong>αὐτοῦ</strong></span> 
     </span>
    </p>
   </div>
   <div class='ocr_carea' id='block_1_93' title="bbox 2006 2937 3598 3015">
    <p class='ocr_par' dir='ltr' id='par_1_93' title="bbox 2006 2937 3598 3015">
     <span class='ocr_line' id='line_1_93' title="bbox 2006 2937 3598 3015; baseline -0.004 -18"><span class='ocrx_word' id='word_1_746' title='bbox 2006 2944 2259 3015; x_wconf 83' lang='grc' dir='ltr'><strong>συνορᾷν,</strong></span> <span class='ocrx_word' id='word_1_747' title='bbox 2278 2942 2455 2996; x_wconf 90' lang='grc' dir='ltr'><strong>καίτοι</strong></span> <span class='ocrx_word' id='word_1_748' title='bbox 2480 2941 2634 3013; x_wconf 78' lang='grc' dir='ltr'><strong>ἡλίου</strong></span> <span class='ocrx_word' id='word_1_749' title='bbox 2662 2942 2973 3011; x_wconf 71' lang='grc' dir='ltr'><strong>σαφέστερα</strong></span> <span class='ocrx_word' id='word_1_750' title='bbox 2998 2942 3112 3003; x_wconf 86' lang='grc' dir='ltr'><strong>τοῖς</strong></span> <span class='ocrx_word' id='word_1_751' title='bbox 3143 2938 3216 3010; x_wconf 82' lang='grc' dir='ltr'><strong>μὴ</strong></span> <span class='ocrx_word' id='word_1_752' title='bbox 3242 2937 3598 3010; x_wconf 82' lang='grc' dir='ltr'><strong>νωθεστέροις</strong></span> 
     </span>
    </p>
   </div>
   <div class='ocr_carea' id='block_1_94' title="bbox 2002 3025 3597 3099">
    <p class='ocr_par' dir='ltr' id='par_1_94' title="bbox 2002 3025 3597 3099">
     <span class='ocr_line' id='line_1_94' title="bbox 2002 3025 3597 3099; baseline -0.003 -16"><span class='ocrx_word' id='word_1_753' title='bbox 2002 3031 2172 3085; x_wconf 84' lang='grc' dir='ltr'><strong>ἐστίν·</strong></span> <span class='ocrx_word' id='word_1_754' title='bbox 2200 3030 2346 3085; x_wconf 77' lang='grc' dir='ltr'><strong>οὕτω</strong></span> <span class='ocrx_word' id='word_1_755' title='bbox 2378 3032 2472 3084; x_wconf 76' lang='grc' dir='ltr'><strong>καὶ</strong></span> <span class='ocrx_word' id='word_1_756' title='bbox 2503 3031 2674 3085; x_wconf 86' lang='grc' dir='ltr'><strong>ταῦτα</strong></span> <span class='ocrx_word' id='word_1_757' title='bbox 2698 3030 2766 3084; x_wconf 85' lang='grc' dir='ltr'><strong>τὰ</strong></span> <span class='ocrx_word' id='word_1_758' title='bbox 2788 3030 2879 3083; x_wconf 89' lang='grc' dir='ltr'><strong>τοῦ</strong></span> <span class='ocrx_word' id='word_1_759' title='bbox 2904 3030 3041 3083; x_wconf 87' lang='grc' dir='ltr'><strong>Θεοῦ</strong></span> <span class='ocrx_word' id='word_1_760' title='bbox 3067 3027 3335 3099; x_wconf 79' lang='grc' dir='ltr'><strong>πρόδηλον</strong></span> <span class='ocrx_word' id='word_1_761' title='bbox 3363 3026 3474 3097; x_wconf 78' lang='grc' dir='ltr'><strong>ἔχει</strong></span> <span class='ocrx_word' id='word_1_762' title='bbox 3497 3025 3597 3097; x_wconf 73' lang='grc' dir='ltr'><strong>τὴν</strong></span> 
     </span>
    </p>
   </div>
   <div class='ocr_carea' id='block_1_95' title="bbox 2001 3116 3595 3192">
    <p class='ocr_par' dir='ltr' id='par_1_95' title="bbox 2001 3116 3595 3192">
     <span class='ocr_line' id='line_1_95' title="bbox 2001 3116 3595 3192; baseline -0.004 -18"><span class='ocrx_word' id='word_1_763' title='bbox 2001 3120 2204 3192; x_wconf 77' lang='grc' dir='ltr'><strong>ἀρετὴν</strong></span> <span class='ocrx_word' id='word_1_764' title='bbox 2230 3124 2324 3174; x_wconf 73' lang='grc' dir='ltr'><strong>καὶ</strong></span> <span class='ocrx_word' id='word_1_765' title='bbox 2364 3121 2462 3192; x_wconf 80' lang='grc' dir='ltr'><strong>τὴν</strong></span> <span class='ocrx_word' id='word_1_766' title='bbox 2497 3121 2794 3192; x_wconf 89' lang='grc' dir='ltr'><strong>σωτηρίαν,</strong></span> <span class='ocrx_word' id='word_1_767' title='bbox 2831 3120 3063 3173; x_wconf 86' lang='grc' dir='ltr'><strong>κάκεῖνα</strong></span> <span class='ocrx_word' id='word_1_768' title='bbox 3091 3117 3192 3189; x_wconf 78' lang='grc' dir='ltr'><strong>τὴν</strong></span> <span class='ocrx_word' id='word_1_769' title='bbox 3226 3116 3446 3171; x_wconf 82' lang='grc' dir='ltr'><strong>κακίαν·</strong></span> <span class='ocrx_word' id='word_1_770' title='bbox 3478 3116 3595 3170; x_wconf 77' lang='grc' dir='ltr'><strong>ἀλλ’</strong></span> 
     </span>
    </p>
   </div>
   <div class='ocr_carea' id='block_1_96' title="bbox 2000 3202 3595 3279">
    <p class='ocr_par' dir='ltr' id='par_1_96' title="bbox 2000 3202 3595 3279">
     <span class='ocr_line' id='line_1_96' title="bbox 2000 3202 3595 3279; baseline -0.004 -17"><span class='ocrx_word' id='word_1_771' title='bbox 2000 3209 2153 3278; x_wconf 82' lang='grc' dir='ltr'><strong>ὅμως</strong></span> <span class='ocrx_word' id='word_1_772' title='bbox 2187 3210 2236 3261; x_wconf 90' lang='grc' dir='ltr'><strong>εἰ</strong></span> <span class='ocrx_word' id='word_1_773' title='bbox 2293 3209 2430 3278; x_wconf 89' lang='grc' dir='ltr'><strong>πρὸς</strong></span> <span class='ocrx_word' id='word_1_774' title='bbox 2481 3208 2621 3262; x_wconf 81' lang='grc' dir='ltr'><strong>αὐτὰ</strong></span> <span class='ocrx_word' id='word_1_775' title='bbox 2654 3208 2730 3279; x_wconf 84' lang='grc' dir='ltr'><strong>μὴ</strong></span> <span class='ocrx_word' id='word_1_776' title='bbox 2787 3205 3014 3260; x_wconf 85' lang='grc' dir='ltr'><strong>δύνασθε</strong></span> <span class='ocrx_word' id='word_1_777' title='bbox 3048 3205 3300 3268; x_wconf 85' lang='grc' dir='ltr'><strong>συνιδεῖν,</strong></span> <span class='ocrx_word' id='word_1_778' title='bbox 3346 3202 3449 3258; x_wconf 83' lang='grc' dir='ltr'><strong>κᾶν</strong></span> <span class='ocrx_word' id='word_1_779' title='bbox 3487 3203 3595 3256; x_wconf 86' lang='grc' dir='ltr'><strong>ἀπὸ</strong></span> 
     </span>
    </p>
   </div>
   <div class='ocr_carea' id='block_1_97' title="bbox 1999 3290 3593 3366">
    <p class='ocr_par' dir='ltr' id='par_1_97' title="bbox 1999 3290 3593 3366">
     <span class='ocr_line' id='line_1_97' title="bbox 1999 3290 3593 3366; baseline -0.004 -17"><span class='ocrx_word' id='word_1_780' title='bbox 1999 3294 2110 3349; x_wconf 85' lang='grc' dir='ltr'><strong>τῶν</strong></span> <span class='ocrx_word' id='word_1_781' title='bbox 2132 3294 2613 3366; x_wconf 87' lang='grc' dir='ltr'><strong>συμϐουλευόντων</strong></span> <span class='ocrx_word' id='word_1_782' title='bbox 2652 3295 2851 3366; x_wconf 83' lang='grc' dir='ltr'><strong>μάθετε</strong></span> <span class='ocrx_word' id='word_1_783' title='bbox 2877 3294 2939 3347; x_wconf 90' lang='grc' dir='ltr'><strong>τὸ</strong></span> <span class='ocrx_word' id='word_1_784' title='bbox 2968 3294 3236 3364; x_wconf 81' lang='grc' dir='ltr'><strong>σωτήριον</strong></span> <span class='ocrx_word' id='word_1_785' title='bbox 3262 3291 3357 3345; x_wconf 73' lang='grc' dir='ltr'><strong>καὶ</strong></span> <span class='ocrx_word' id='word_1_786' title='bbox 3379 3291 3439 3345; x_wconf 88' lang='grc' dir='ltr'><strong>τὸ</strong></span> <span class='ocrx_word' id='word_1_787' title='bbox 3466 3290 3593 3360; x_wconf 82' lang='grc' dir='ltr'><strong>βλα-</strong></span> 
     </span>
    </p>
   </div>
   <div class='ocr_carea' id='block_1_98' title="bbox 1992 3379 3593 3455">
    <p class='ocr_par' dir='ltr' id='par_1_98' title="bbox 1992 3379 3593 3455">
     <span class='ocr_line' id='line_1_98' title="bbox 1992 3379 3593 3455; baseline -0.003 -20"><span class='ocrx_word' id='word_1_788' title='bbox 1992 3382 2181 3454; x_wconf 73' lang='grc' dir='ltr'><strong>ϐερόν.</strong></span> <span class='ocrx_word' id='word_1_789' title='bbox 2213 3381 2337 3447; x_wconf 89' lang='grc' dir='ltr'><strong>Πῶς</strong></span> <span class='ocrx_word' id='word_1_790' title='bbox 2357 3382 2469 3455; x_wconf 81' lang='grc' dir='ltr'><strong>γάρ</strong></span> <span class='ocrx_word' id='word_1_791' title='bbox 2497 3384 2600 3436; x_wconf 84' lang='grc' dir='ltr'><strong>οὐκ</strong></span> <span class='ocrx_word' id='word_1_792' title='bbox 2628 3383 2826 3438; x_wconf 79' lang='grc' dir='ltr'><strong>ἄτοπον</strong></span> <span class='ocrx_word' id='word_1_793' title='bbox 2853 3382 2945 3434; x_wconf 64' lang='grc' dir='ltr'><strong>ἐπὶ</strong></span> <span class='ocrx_word' id='word_1_794' title='bbox 2981 3381 3080 3452; x_wconf 85' lang='grc' dir='ltr'><strong>μὲν</strong></span> <span class='ocrx_word' id='word_1_795' title='bbox 3104 3379 3214 3434; x_wconf 90' lang='grc' dir='ltr'><strong>τῶν</strong></span> <span class='ocrx_word' id='word_1_796' title='bbox 3242 3379 3417 3433; x_wconf 79' lang='grc' dir='ltr'><strong>ἄλλων</strong></span> <span class='ocrx_word' id='word_1_797' title='bbox 3448 3395 3593 3450; x_wconf 80' lang='grc' dir='ltr'><strong>πρα-</strong></span> 
     </span>
    </p>
   </div>
   <div class='ocr_carea' id='block_1_99' title="bbox 2003 3467 3593 3543">
    <p class='ocr_par' dir='ltr' id='par_1_99' title="bbox 2003 3467 3593 3543">
     <span class='ocr_line' id='line_1_99' title="bbox 2003 3467 3593 3543; baseline -0.003 -18"><span class='ocrx_word' id='word_1_798' title='bbox 2003 3472 2231 3542; x_wconf 88' lang='grc' dir='ltr'><strong>γμάτων</strong></span> <span class='ocrx_word' id='word_1_799' title='bbox 2265 3472 2435 3543; x_wconf 81' lang='grc' dir='ltr'><strong>ταύτῃ</strong></span> <span class='ocrx_word' id='word_1_800' title='bbox 2482 3471 2788 3543; x_wconf 82' lang='grc' dir='ltr'><strong>κεχρῆσθαι</strong></span> <span class='ocrx_word' id='word_1_801' title='bbox 2837 3472 2903 3542; x_wconf 80' lang='grc' dir='ltr'><strong>τῇ</strong></span> <span class='ocrx_word' id='word_1_802' title='bbox 2948 3471 3164 3541; x_wconf 82' lang='grc' dir='ltr'><strong>γνώμη,</strong></span> <span class='ocrx_word' id='word_1_803' title='bbox 3211 3467 3318 3522; x_wconf 74' lang='grc' dir='ltr'><strong>κᾶν</strong></span> <span class='ocrx_word' id='word_1_804' title='bbox 3378 3468 3475 3538; x_wconf 81' lang='grc' dir='ltr'><strong>μὲν</strong></span> <span class='ocrx_word' id='word_1_805' title='bbox 3509 3468 3593 3520; x_wconf 90' lang='grc' dir='ltr'><strong>ἱα-</strong></span> 
     </span>
    </p>
   </div>
   <div class='ocr_carea' id='block_1_100' title="bbox 2002 3554 3594 3634">
    <p class='ocr_par' dir='ltr' id='par_1_100' title="bbox 2002 3554 3594 3634">
     <span class='ocr_line' id='line_1_100' title="bbox 2002 3554 3594 3634; baseline -0.004 -22"><span class='ocrx_word' id='word_1_806' title='bbox 2002 3560 2131 3630; x_wconf 88' lang='grc' dir='ltr'><strong>τρὸς</strong></span> <span class='ocrx_word' id='word_1_807' title='bbox 2157 3558 2304 3634; x_wconf 83' lang='grc' dir='ltr'><strong>δώσῃ</strong></span> <span class='ocrx_word' id='word_1_808' title='bbox 2340 3560 2448 3613; x_wconf 72' lang='grc' dir='ltr'><strong>τινὶ</strong></span> <span class='ocrx_word' id='word_1_809' title='bbox 2488 3559 2676 3623; x_wconf 88' lang='grc' dir='ltr'><strong>σιτίον,</strong></span> <span class='ocrx_word' id='word_1_810' title='bbox 2723 3558 2798 3629; x_wconf 78' lang='grc' dir='ltr'><strong>μὴ</strong></span> <span class='ocrx_word' id='word_1_811' title='bbox 2840 3555 3330 3629; x_wconf 77' lang='grc' dir='ltr'><strong>περιεργάζεσθαι,</strong></span> <span class='ocrx_word' id='word_1_812' title='bbox 3365 3554 3482 3608; x_wconf 76' lang='grc' dir='ltr'><strong>ἀλλ’</strong></span> <span class='ocrx_word' id='word_1_813' title='bbox 3518 3554 3594 3616; x_wconf 85' lang='grc' dir='ltr'><strong>ὼς</strong></span> 
     </span>
    </p>
   </div>
   <div class='ocr_carea' id='block_1_101' title="bbox 2005 3638 3593 3717">
    <p class='ocr_par' dir='ltr' id='par_1_101' title="bbox 2005 3638 3593 3717">
     <span class='ocr_line' id='line_1_101' title="bbox 2005 3638 3593 3717; baseline -0.005 -16"><span class='ocrx_word' id='word_1_814' title='bbox 2005 3648 2218 3717; x_wconf 87' lang='grc' dir='ltr'><strong>ὑγιείας</strong></span> <span class='ocrx_word' id='word_1_815' title='bbox 2266 3638 2560 3717; x_wconf 74' lang='grc' dir='ltr'><strong>’ποιητικὸν</strong></span> <span class='ocrx_word' id='word_1_816' title='bbox 2616 3645 2897 3716; x_wconf 86' lang='grc' dir='ltr'><strong>δέχεσθαι,</strong></span> <span class='ocrx_word' id='word_1_817' title='bbox 2947 3645 3013 3699; x_wconf 82' lang='grc' dir='ltr'><strong>ἂν</strong></span> <span class='ocrx_word' id='word_1_818' title='bbox 3066 3644 3124 3698; x_wconf 82' lang='grc' dir='ltr'><strong>δὲ</strong></span> <span class='ocrx_word' id='word_1_819' title='bbox 3175 3641 3467 3715; x_wconf 86' lang='grc' dir='ltr'><strong>φαρμακὸς</strong></span> <span class='ocrx_word' id='word_1_820' title='bbox 3496 3641 3593 3695; x_wconf 68' lang='grc' dir='ltr'><strong>καὶ</strong></span> 
     </span>
    </p>
   </div>
   <div class='ocr_carea' id='block_1_102' title="bbox 2004 3729 3596 3807">
    <p class='ocr_par' dir='ltr' id='par_1_102' title="bbox 2004 3729 3596 3807">
     <span class='ocr_line' id='line_1_102' title="bbox 2004 3729 3596 3807; baseline -0.004 -18"><span class='ocrx_word' id='word_1_821' title='bbox 2004 3737 2159 3807; x_wconf 89' lang='grc' dir='ltr'><strong>γόης,</strong></span> <span class='ocrx_word' id='word_1_822' title='bbox 2195 3735 2269 3806; x_wconf 84' lang='grc' dir='ltr'><strong>μὴ</strong></span> <span class='ocrx_word' id='word_1_823' title='bbox 2323 3735 2821 3806; x_wconf 85' lang='grc' dir='ltr'><strong>πολυπραγμονεῖν,</strong></span> <span class='ocrx_word' id='word_1_824' title='bbox 2874 3733 2993 3787; x_wconf 84' lang='grc' dir='ltr'><strong>ἀλλ’</strong></span> <span class='ocrx_word' id='word_1_825' title='bbox 3023 3732 3099 3797; x_wconf 87' lang='grc' dir='ltr'><strong>ὠς</strong></span> <span class='ocrx_word' id='word_1_826' title='bbox 3135 3731 3462 3804; x_wconf 87' lang='grc' dir='ltr'><strong>δηλητήριον</strong></span> <span class='ocrx_word' id='word_1_827' title='bbox 3499 3729 3596 3782; x_wconf 77' lang='grc' dir='ltr'><strong>καὶ</strong></span> 
     </span>
    </p>
   </div>
   <div class='ocr_carea' id='block_1_103' title="bbox 2007 3809 3592 3896">
    <p class='ocr_par' dir='ltr' id='par_1_103' title="bbox 2007 3809 3592 3896">
     <span class='ocr_line' id='line_1_103' title="bbox 2007 3809 3592 3896; baseline -0.004 -20"><span class='ocrx_word' id='word_1_828' title='bbox 2007 3824 2268 3896; x_wconf 84' lang='grc' dir='ltr'><strong>βλαϐερὸν</strong></span> <span class='ocrx_word' id='word_1_829' title='bbox 2299 3809 2762 3894; x_wconf 56' lang='grc' dir='ltr'><strong>ἀποστρέφεσθαι·</strong></span> <span class='ocrx_word' id='word_1_830' title='bbox 2796 3815 2895 3875; x_wconf 79' lang='grc' dir='ltr'>ὲπῖ</span> <span class='ocrx_word' id='word_1_831' title='bbox 2919 3822 2977 3874; x_wconf 85' lang='grc' dir='ltr'><strong>δὲ</strong></span> <span class='ocrx_word' id='word_1_832' title='bbox 2996 3820 3092 3875; x_wconf 89' lang='grc' dir='ltr'><strong>τοῦ</strong></span> <span class='ocrx_word' id='word_1_833' title='bbox 3128 3818 3264 3873; x_wconf 90' lang='grc' dir='ltr'><strong>Θεοῦ</strong></span> <span class='ocrx_word' id='word_1_834' title='bbox 3303 3818 3438 3890; x_wconf 86' lang='grc' dir='ltr'><strong>μηδέ</strong></span> <span class='ocrx_word' id='word_1_835' title='bbox 3467 3817 3592 3871; x_wconf 88' lang='grc' dir='ltr'><strong>τού-</strong></span> 
     </span>
    </p>
   </div>
   <div class='ocr_carea' id='block_1_104' title="bbox 2004 3905 3594 3982">
    <p class='ocr_par' dir='ltr' id='par_1_104' title="bbox 2004 3905 3594 3982">
     <span class='ocr_line' id='line_1_104' title="bbox 2004 3905 3594 3982; baseline -0.004 -18"><span class='ocrx_word' id='word_1_836' title='bbox 2004 3929 2082 3981; x_wconf 84' lang='grc' dir='ltr'><strong>τῳ</strong></span> <span class='ocrx_word' id='word_1_837' title='bbox 2110 3911 2413 3982; x_wconf 85' lang='grc' dir='ltr'><strong>κεχρῆσθαι</strong></span> <span class='ocrx_word' id='word_1_838' title='bbox 2459 3910 2537 3980; x_wconf 81' lang='grc' dir='ltr'><strong>τῷ</strong></span> <span class='ocrx_word' id='word_1_839' title='bbox 2568 3910 2752 3981; x_wconf 78' lang='grc' dir='ltr'><strong>μέσῳς</strong></span> <span class='ocrx_word' id='word_1_840' title='bbox 2798 3910 2976 3963; x_wconf 89' lang='grc' dir='ltr'><strong>καίτοι</strong></span> <span class='ocrx_word' id='word_1_841' title='bbox 3030 3907 3272 3979; x_wconf 82' lang='grc' dir='ltr'><strong>τοσούτῳ</strong></span> <span class='ocrx_word' id='word_1_842' title='bbox 3326 3906 3488 3960; x_wconf 85' lang='grc' dir='ltr'><strong>πλέον</strong></span> <span class='ocrx_word' id='word_1_843' title='bbox 3534 3905 3594 3959; x_wconf 93' lang='grc' dir='ltr'><strong>τὸ</strong></span> 
     </span>
    </p>
   </div>
   <div class='ocr_carea' id='block_1_105' title="bbox 2009 3992 3591 4071">
    <p class='ocr_par' dir='ltr' id='par_1_105' title="bbox 2009 3992 3591 4071">
     <span class='ocr_line' id='line_1_105' title="bbox 2009 3992 3591 4071; baseline -0.006 -17"><span class='ocrx_word' id='word_1_844' title='bbox 2009 4000 2172 4071; x_wconf 88' lang='grc' dir='ltr'><strong>μέσον</strong></span> <span class='ocrx_word' id='word_1_845' title='bbox 2210 3999 2348 4053; x_wconf 91' lang='grc' dir='ltr'><strong>Θεοῦ</strong></span> <span class='ocrx_word' id='word_1_846' title='bbox 2383 3999 2477 4052; x_wconf 77' lang='grc' dir='ltr'><strong>καὶ</strong></span> <span class='ocrx_word' id='word_1_847' title='bbox 2510 3998 2784 4070; x_wconf 88' lang='grc' dir='ltr'><strong>δαίμονος,</strong></span> <span class='ocrx_word' id='word_1_848' title='bbox 2821 3998 2853 4067; x_wconf 81' lang='grc' dir='ltr'>ἢ</span> <span class='ocrx_word' id='word_1_849' title='bbox 2907 3997 3093 4070; x_wconf 91' lang='grc' dir='ltr'><strong>ἰατροῦ</strong></span> <span class='ocrx_word' id='word_1_850' title='bbox 3136 3996 3231 4051; x_wconf 68' lang='grc' dir='ltr'><strong>καὶ</strong></span> <span class='ocrx_word' id='word_1_851' title='bbox 3257 3992 3591 4066; x_wconf 82' lang='grc' dir='ltr'><strong>φαρμακοῦ.</strong></span> 
     </span>
    </p>
   </div>
   <div class='ocr_carea' id='block_1_106' title="bbox 2004 4079 3596 4156">
    <p class='ocr_par' dir='ltr' id='par_1_106' title="bbox 2004 4079 3596 4156">
     <span class='ocr_line' id='line_1_106' title="bbox 2004 4079 3596 4156; baseline -0.006 -15"><span class='ocrx_word' id='word_1_852' title='bbox 2004 4088 2128 4142; x_wconf 84' lang='grc' dir='ltr'><strong>ὅσον</strong></span> <span class='ocrx_word' id='word_1_853' title='bbox 2160 4088 2281 4141; x_wconf 84' lang='grc' dir='ltr'><strong>οὐδέ</strong></span> <span class='ocrx_word' id='word_1_854' title='bbox 2327 4086 2538 4153; x_wconf 78' lang='grc' dir='ltr'><strong>ἔξεστιν</strong></span> <span class='ocrx_word' id='word_1_855' title='bbox 2570 4088 2767 4150; x_wconf 85' lang='grc' dir='ltr'><strong>εἰπεῖν,</strong></span> <span class='ocrx_word' id='word_1_856' title='bbox 2817 4084 2938 4139; x_wconf 83' lang='grc' dir='ltr'><strong>ούδέ</strong></span> <span class='ocrx_word' id='word_1_857' title='bbox 2982 4084 3059 4155; x_wconf 79' lang='grc' dir='ltr'><strong>νῷ</strong></span> <span class='ocrx_word' id='word_1_858' title='bbox 3110 4082 3465 4156; x_wconf 75' lang='grc' dir='ltr'><strong>παραστῆσαι</strong></span> <span class='ocrx_word' id='word_1_859' title='bbox 3500 4079 3596 4133; x_wconf 73' lang='grc' dir='ltr'><strong>καὶ</strong></span> 
     </span>
    </p>
   </div>
   <div class='ocr_carea' id='block_1_107' title="bbox 2003 4169 3593 4249">
    <p class='ocr_par' dir='ltr' id='par_1_107' title="bbox 2003 4169 3593 4249">
     <span class='ocr_line' id='line_1_107' title="bbox 2003 4169 3593 4249; baseline -0.004 -20"><span class='ocrx_word' id='word_1_860' title='bbox 2003 4177 2169 4249; x_wconf 86' lang='grc' dir='ltr'><strong>λόγῳ.</strong></span> <span class='ocrx_word' id='word_1_861' title='bbox 2198 4176 2324 4241; x_wconf 86' lang='grc' dir='ltr'><strong>Πῶς</strong></span> <span class='ocrx_word' id='word_1_862' title='bbox 2347 4173 2440 4231; x_wconf 78' lang='grc' dir='ltr'><strong>οὖν</strong></span> <span class='ocrx_word' id='word_1_863' title='bbox 2479 4177 2579 4230; x_wconf 81' lang='grc' dir='ltr'><strong>οὐκ</strong></span> <span class='ocrx_word' id='word_1_864' title='bbox 2617 4175 2853 4249; x_wconf 86' lang='grc' dir='ltr'><strong>ἐσχάτης</strong></span> <span class='ocrx_word' id='word_1_865' title='bbox 2885 4174 3136 4240; x_wconf 87' lang='grc' dir='ltr'><strong>ἀτοπίας,</strong></span> <span class='ocrx_word' id='word_1_866' title='bbox 3179 4172 3308 4227; x_wconf 78' lang='grc' dir='ltr'><strong>ἔνθα</strong></span> <span class='ocrx_word' id='word_1_867' title='bbox 3343 4173 3440 4243; x_wconf 81' lang='grc' dir='ltr'><strong>μὲν</strong></span> <span class='ocrx_word' id='word_1_868' title='bbox 3468 4169 3593 4224; x_wconf 81' lang='grc' dir='ltr'><strong>ἐλά-</strong></span> 
     </span>
    </p>
   </div>
   <div class='ocr_carea' id='block_1_108' title="bbox 2005 4259 3592 4340">
    <p class='ocr_par' dir='ltr' id='par_1_108' title="bbox 2005 4259 3592 4340">
     <span class='ocr_line' id='line_1_108' title="bbox 2005 4259 3592 4340; baseline -0.006 -20"><span class='ocrx_word' id='word_1_869' title='bbox 2005 4285 2191 4338; x_wconf 90' lang='grc' dir='ltr'><strong>χιστον</strong></span> <span class='ocrx_word' id='word_1_870' title='bbox 2238 4267 2301 4320; x_wconf 86' lang='grc' dir='ltr'><strong>τὸ</strong></span> <span class='ocrx_word' id='word_1_871' title='bbox 2343 4267 2600 4340; x_wconf 83' lang='grc' dir='ltr'><strong>διάφορον</strong></span> <span class='ocrx_word' id='word_1_872' title='bbox 2640 4266 2766 4337; x_wconf 78' lang='grc' dir='ltr'><strong>τῶν⁴</strong></span> <span class='ocrx_word' id='word_1_873' title='bbox 2798 4266 3149 4337; x_wconf 86' lang='grc' dir='ltr'><strong>παρεχόντων</strong></span> <span class='ocrx_word' id='word_1_874' title='bbox 3177 4263 3247 4315; x_wconf 88' lang='grc' dir='ltr'><strong>τά</strong></span> <span class='ocrx_word' id='word_1_875' title='bbox 3301 4259 3468 4323; x_wconf 81' lang='grc' dir='ltr'><strong>σιτία,</strong></span> <span class='ocrx_word' id='word_1_876' title='bbox 3518 4259 3592 4329; x_wconf 83' lang='grc' dir='ltr'><strong>μὴ</strong></span> 
     </span>
    </p>
   </div>
   <div class='ocr_carea' id='block_1_109' title="bbox 2004 4345 3593 4426">
    <p class='ocr_par' dir='ltr' id='par_1_109' title="bbox 2004 4345 3593 4426">
     <span class='ocr_line' id='line_1_109' title="bbox 2004 4345 3593 4426; baseline -0.007 -16"><span class='ocrx_word' id='word_1_877' title='bbox 2004 4355 2504 4426; x_wconf 82' lang='grc' dir='ltr'><strong>πολυπραγμονεῖν,</strong></span> <span class='ocrx_word' id='word_1_878' title='bbox 2550 4352 2688 4408; x_wconf 88' lang='grc' dir='ltr'><strong>ἀλλά</strong></span> <span class='ocrx_word' id='word_1_879' title='bbox 2732 4355 2797 4425; x_wconf 85' lang='grc' dir='ltr'><strong>τῇ</strong></span> <span class='ocrx_word' id='word_1_880' title='bbox 2848 4353 3093 4423; x_wconf 88' lang='grc' dir='ltr'><strong>ποιότητι</strong></span> <span class='ocrx_word' id='word_1_881' title='bbox 3128 4349 3238 4403; x_wconf 90' lang='grc' dir='ltr'><strong>τῶν</strong></span> <span class='ocrx_word' id='word_1_882' title='bbox 3285 4345 3593 4419; x_wconf 84' lang='grc' dir='ltr'><strong>προσώπων</strong></span> 
     </span>
    </p>
   </div>
   <div class='ocr_carea' id='block_1_110' title="bbox 2005 4431 3592 4515">
    <p class='ocr_par' dir='ltr' id='par_1_110' title="bbox 2005 4431 3592 4515">
     <span class='ocr_line' id='line_1_110' title="bbox 2005 4431 3592 4515; baseline -0.009 -17"><span class='ocrx_word' id='word_1_883' title='bbox 2005 4444 2126 4498; x_wconf 76' lang='grc' dir='ltr'><strong>ἀντὶ</strong></span> <span class='ocrx_word' id='word_1_884' title='bbox 2159 4443 2339 4513; x_wconf 86' lang='grc' dir='ltr'><strong>πάσης</strong></span> <span class='ocrx_word' id='word_1_885' title='bbox 2366 4441 2669 4515; x_wconf 83' lang='grc' dir='ltr'><strong>κεχρῆσθαι</strong></span> <span class='ocrx_word' id='word_1_886' title='bbox 2696 4439 3065 4502; x_wconf 82' lang='grc' dir='ltr'><strong>διδασκαλίας·</strong></span> <span class='ocrx_word' id='word_1_887' title='bbox 3097 4437 3225 4491; x_wconf 78' lang='grc' dir='ltr'><strong>ἔνθα</strong></span> <span class='ocrx_word' id='word_1_888' title='bbox 3248 4435 3305 4489; x_wconf 84' lang='grc' dir='ltr'><strong>δὲ</strong></span> <span class='ocrx_word' id='word_1_889' title='bbox 3339 4431 3592 4487; x_wconf 84' lang='grc' dir='ltr'><strong>τοσοῦτον</strong></span> 
     </span>
    </p>
   </div>
   <div class='ocr_carea' id='block_1_111' title="bbox 2003 4521 3593 4603">
    <p class='ocr_par' dir='ltr' id='par_1_111' title="bbox 2003 4521 3593 4603">
     <span class='ocr_line' id='line_1_111' title="bbox 2003 4521 3593 4603; baseline -0.009 -17"><span class='ocrx_word' id='word_1_890' title='bbox 2003 4533 2066 4586; x_wconf 91' lang='grc' dir='ltr'><strong>τὸ</strong></span> <span class='ocrx_word' id='word_1_891' title='bbox 2094 4533 2259 4602; x_wconf 88' lang='grc' dir='ltr'><strong>μέσον</strong></span> <span class='ocrx_word' id='word_1_892' title='bbox 2303 4533 2411 4586; x_wconf 89' lang='grc' dir='ltr'><strong>τῶν</strong></span> <span class='ocrx_word' id='word_1_893' title='bbox 2440 4531 2938 4603; x_wconf 88' lang='grc' dir='ltr'><strong>συμϐουλευόντων,</strong></span> <span class='ocrx_word' id='word_1_894' title='bbox 2996 4528 3157 4597; x_wconf 82' lang='grc' dir='ltr'><strong>λόγου</strong></span> <span class='ocrx_word' id='word_1_895' title='bbox 3217 4524 3408 4597; x_wconf 83' lang='grc' dir='ltr'><strong>χρείαν</strong></span> <span class='ocrx_word' id='word_1_896' title='bbox 3447 4521 3593 4592; x_wconf 79' lang='grc' dir='ltr'><strong>ἔχειν</strong></span> 
     </span>
    </p>
   </div>
   <div class='ocr_carea' id='block_1_112' title="bbox 2005 4609 3601 4693">
    <p class='ocr_par' dir='ltr' id='par_1_112' title="bbox 2005 4609 3601 4693">
     <span class='ocr_line' id='line_1_112' title="bbox 2005 4609 3601 4693; baseline -0.005 -18"><span class='ocrx_word' id='word_1_897' title='bbox 2005 4622 2143 4693; x_wconf 90' lang='grc' dir='ltr'><strong>πρὸς</strong></span> <span class='ocrx_word' id='word_1_898' title='bbox 2162 4621 2225 4675; x_wconf 91' lang='grc' dir='ltr'><strong>τὸ</strong></span> <span class='ocrx_word' id='word_1_899' title='bbox 2257 4621 2569 4691; x_wconf 87' lang='grc' dir='ltr'><strong>μαθεῖν,ὄτι</strong></span> <span class='ocrx_word' id='word_1_900' title='bbox 2601 4620 2663 4673; x_wconf 93' lang='grc' dir='ltr'><strong>τὸ</strong></span> <span class='ocrx_word' id='word_1_901' title='bbox 2688 4618 2786 4690; x_wconf 83' lang='grc' dir='ltr'><strong>μὲν</strong></span> <span class='ocrx_word' id='word_1_902' title='bbox 2814 4617 3102 4687; x_wconf 87' lang='grc' dir='ltr'><strong>σωτήριον,</strong></span> <span class='ocrx_word' id='word_1_903' title='bbox 3120 4613 3181 4667; x_wconf 91' lang='grc' dir='ltr'><strong>τὸ</strong></span> <span class='ocrx_word' id='word_1_904' title='bbox 3209 4613 3265 4666; x_wconf 76' lang='grc' dir='ltr'><strong>δὲ</strong></span> <span class='ocrx_word' id='word_1_905' title='bbox 3288 4609 3552 4683; x_wconf 85' lang='grc' dir='ltr'><strong>βλαϐερόν</strong></span> <span class='ocrx_word' id='word_1_906' title='bbox 3572 4624 3601 4675; x_wconf 49' lang='grc'><strong>;.</strong></span> 
     </span>
    </p>
   </div>
   <div class='ocr_carea' id='block_1_113' title="bbox 2005 4698 3588 4785">
    <p class='ocr_par' dir='ltr' id='par_1_113' title="bbox 2005 4698 3588 4785">
     <span class='ocr_line' id='line_1_113' title="bbox 2005 4698 3588 4785; baseline -0.009 -18"><span class='ocrx_word' id='word_1_907' title='bbox 2005 4712 2118 4785; x_wconf 73' lang='grc' dir='ltr'><strong>Μὴ,</strong></span> <span class='ocrx_word' id='word_1_908' title='bbox 2154 4710 2479 4783; x_wconf 87' lang='grc' dir='ltr'><strong>παρακαλῶ,</strong></span> <span class='ocrx_word' id='word_1_909' title='bbox 2525 4709 2599 4780; x_wconf 86' lang='grc' dir='ltr'><strong>μὴ</strong></span> <span class='ocrx_word' id='word_1_910' title='bbox 2625 4708 2734 4761; x_wconf 89' lang='grc' dir='ltr'><strong>τῶν</strong></span> <span class='ocrx_word' id='word_1_911' title='bbox 2785 4706 2993 4775; x_wconf 87' lang='grc' dir='ltr'><strong>ἀλόγων</strong></span> <span class='ocrx_word' id='word_1_912' title='bbox 3044 4698 3193 4773; x_wconf 82' lang='grc' dir='ltr'><strong>ὦμεν</strong></span> <span class='ocrx_word' id='word_1_913' title='bbox 3234 4700 3588 4773; x_wconf 88' lang='grc' dir='ltr'><strong>ἀλογώτεροι,</strong></span> 
     </span>
    </p>
   </div>
   <div class='ocr_carea' id='block_1_114' title="bbox 2005 4788 3587 4868">
    <p class='ocr_par' dir='ltr' id='par_1_114' title="bbox 2005 4788 3587 4868">
     <span class='ocr_line' id='line_1_114' title="bbox 2005 4788 3587 4868; baseline -0.007 -16"><span class='ocrx_word' id='word_1_914' title='bbox 2005 4799 2119 4853; x_wconf 85' lang='grc' dir='ltr'><strong>ἀλλ’</strong></span> <span class='ocrx_word' id='word_1_915' title='bbox 2151 4796 2542 4868; x_wconf 82' lang='grc' dir='ltr'><strong>ἀποπηδῶμεν,</strong></span> <span class='ocrx_word' id='word_1_916' title='bbox 2573 4796 2668 4849; x_wconf 74' lang='grc' dir='ltr'><strong>καὶ</strong></span> <span class='ocrx_word' id='word_1_917' title='bbox 2709 4793 2784 4865; x_wconf 79' lang='grc' dir='ltr'><strong>μὴ</strong></span> <span class='ocrx_word' id='word_1_918' title='bbox 2838 4790 3205 4861; x_wconf 87' lang='grc' dir='ltr'><strong>ἐπικλίνωμεν</strong></span> <span class='ocrx_word' id='word_1_919' title='bbox 3234 4791 3332 4853; x_wconf 85' lang='grc' dir='ltr'><strong>τὰς</strong></span> <span class='ocrx_word' id='word_1_920' title='bbox 3382 4788 3587 4852; x_wconf 67' lang='grc' dir='ltr'><strong>ἀκοάς·</strong></span> 
     </span>
    </p>
   </div>
   <div class='ocr_carea' id='block_1_115' title="bbox 2005 4878 3587 4955">
    <p class='ocr_par' dir='ltr' id='par_1_115' title="bbox 2005 4878 3587 4955">
     <span class='ocr_line' id='line_1_115' title="bbox 2005 4878 3587 4955; baseline -0.006 -15"><span class='ocrx_word' id='word_1_921' title='bbox 2005 4888 2361 4955; x_wconf 79' lang='grc' dir='ltr'><strong>Φθείρουσιν</strong></span> <span class='ocrx_word' id='word_1_922' title='bbox 2394 4883 2509 4955; x_wconf 78' lang='grc' dir='ltr'><strong>ἤθη</strong></span> <span class='ocrx_word' id='word_1_923' title='bbox 2543 4882 2778 4953; x_wconf 80' lang='grc' dir='ltr'><strong>χρηστὰ</strong></span> <span class='ocrx_word' id='word_1_924' title='bbox 2811 4881 3036 4951; x_wconf 78' lang='grc' dir='ltr'><strong>ὁμιλίαι</strong></span> <span class='ocrx_word' id='word_1_925' title='bbox 3064 4878 3277 4933; x_wconf 82' lang='grc' dir='ltr'><strong>κακαί·</strong></span> <span class='ocrx_word' id='word_1_926' title='bbox 3322 4879 3415 4933; x_wconf 75' lang='grc' dir='ltr'><strong>καὶ</strong></span> <span class='ocrx_word' id='word_1_927' title='bbox 3455 4895 3587 4946; x_wconf 79' lang='grc' dir='ltr'><strong>συγ-</strong></span> 
     </span>
    </p>
   </div>
   <div class='ocr_carea' id='block_1_116' title="bbox 2002 4965 3588 5046">
    <p class='ocr_par' dir='ltr' id='par_1_116' title="bbox 2002 4965 3588 5046">
     <span class='ocr_line' id='line_1_116' title="bbox 2002 4965 3588 5046; baseline -0.006 -17"><span class='ocrx_word' id='word_1_928' title='bbox 2002 4974 2228 5046; x_wconf 87' lang='grc' dir='ltr'><strong>γνώμης</strong></span> <span class='ocrx_word' id='word_1_929' title='bbox 2255 4975 2356 5028; x_wconf 80' lang='grc' dir='ltr'><strong>οὐκ</strong></span> <span class='ocrx_word' id='word_1_930' title='bbox 2374 4973 2491 5026; x_wconf 78' lang='grc' dir='ltr'><strong>ἐστι</strong></span> <span class='ocrx_word' id='word_1_931' title='bbox 2518 4973 2701 5042; x_wconf 88' lang='grc' dir='ltr'><strong>τυχεῖν</strong></span> <span class='ocrx_word' id='word_1_932' title='bbox 2721 4971 2847 5032; x_wconf 75' lang='grc' dir='ltr'><strong>τοὺς</strong></span> <span class='ocrx_word' id='word_1_933' title='bbox 2867 4965 3267 5037; x_wconf 83' lang='grc' dir='ltr'><strong>ἀπατηθέντας.</strong></span> <span class='ocrx_word' id='word_1_934' title='bbox 3294 4967 3451 5031; x_wconf 78' lang='grc' dir='ltr'><strong>Τίνος</strong></span> <span class='ocrx_word' id='word_1_935' title='bbox 3480 4967 3588 5036; x_wconf 80' lang='grc' dir='ltr'><strong>γὰρ</strong></span> 
     </span>
    </p>
   </div>
   <div class='ocr_carea' id='block_1_117' title="bbox 2003 5054 3585 5133">
    <p class='ocr_par' dir='ltr' id='par_1_117' title="bbox 2003 5054 3585 5133">
     <span class='ocr_line' id='line_1_117' title="bbox 2003 5054 3585 5133; baseline -0.007 -15"><span class='ocrx_word' id='word_1_936' title='bbox 2003 5064 2211 5130; x_wconf 76' lang='grc' dir='ltr'><strong>ἕνεκεν,</strong></span> <span class='ocrx_word' id='word_1_937' title='bbox 2242 5063 2308 5116; x_wconf 79' lang='grc' dir='ltr'>ἂν</span> <span class='ocrx_word' id='word_1_938' title='bbox 2337 5063 2436 5133; x_wconf 85' lang='grc' dir='ltr'><strong>μὲν</strong></span> <span class='ocrx_word' id='word_1_939' title='bbox 2469 5059 2717 5129; x_wconf 86' lang='grc' dir='ltr'><strong>λοιμικὸν</strong></span> <span class='ocrx_word' id='word_1_940' title='bbox 2752 5058 2953 5130; x_wconf 88' lang='grc' dir='ltr'><strong>χωρίον</strong></span> <span class='ocrx_word' id='word_1_941' title='bbox 2995 5056 3112 5128; x_wconf 69' lang='grc' dir='ltr'><strong>ἴδῃς</strong></span> <span class='ocrx_word' id='word_1_942' title='bbox 3164 5057 3259 5110; x_wconf 76' lang='grc' dir='ltr'><strong>καὶ</strong></span> <span class='ocrx_word' id='word_1_943' title='bbox 3304 5054 3585 5118; x_wconf 51' lang='grc' dir='ltr'><strong>ἐπίνοσονη,</strong></span> 
     </span>
    </p>
   </div>
   <div class='ocr_carea' id='block_1_118' title="bbox 2002 5141 3587 5221">
    <p class='ocr_par' dir='ltr' id='par_1_118' title="bbox 2002 5141 3587 5221">
     <span class='ocr_line' id='line_1_118' title="bbox 2002 5141 3587 5221; baseline -0.006 -18"><span class='ocrx_word' id='word_1_944' title='bbox 2002 5150 2226 5221; x_wconf 86' lang='grc' dir='ltr'><strong>φεύγεις</strong></span> <span class='ocrx_word' id='word_1_945' title='bbox 2250 5148 2348 5221; x_wconf 82' lang='grc' dir='ltr'><strong>τὴν</strong></span> <span class='ocrx_word' id='word_1_946' title='bbox 2370 5150 2488 5201; x_wconf 86' lang='grc' dir='ltr'><strong>ἐκεῖ</strong></span> <span class='ocrx_word' id='word_1_947' title='bbox 2505 5145 2809 5217; x_wconf 78' lang='grc' dir='ltr'><strong>διατριϐὴν,</strong></span> <span class='ocrx_word' id='word_1_948' title='bbox 2832 5144 2936 5198; x_wconf 88' lang='grc' dir='ltr'><strong>κᾶν</strong></span> <span class='ocrx_word' id='word_1_949' title='bbox 2970 5144 3139 5215; x_wconf 84' lang='grc' dir='ltr'><strong>μυρία</strong></span> <span class='ocrx_word' id='word_1_950' title='bbox 3182 5160 3243 5197; x_wconf 88' lang='grc' dir='ltr'><strong>σε</strong></span> <span class='ocrx_word' id='word_1_951' title='bbox 3285 5144 3418 5214; x_wconf 76' lang='grc' dir='ltr'><strong>ἕλκῃ</strong></span> <span class='ocrx_word' id='word_1_952' title='bbox 3450 5141 3587 5213; x_wconf 82' lang='grc' dir='ltr'><strong>πρὸς</strong></span> 
     </span>
    </p>
   </div>
   <div class='ocr_carea' id='block_1_119' title="bbox 2000 5230 3654 5310">
    <p class='ocr_par' dir='ltr' id='par_1_119' title="bbox 2000 5230 3654 5310">
     <span class='ocr_line' id='line_1_119' title="bbox 2000 5230 3654 5310; baseline -0.004 -19"><span class='ocrx_word' id='word_1_953' title='bbox 2000 5239 2100 5309; x_wconf 80' lang='grc' dir='ltr'><strong>τὴν</strong></span> <span class='ocrx_word' id='word_1_954' title='bbox 2119 5239 2332 5307; x_wconf 74' lang='grc' dir='ltr'><strong>οἴκησιν</strong></span> <span class='ocrx_word' id='word_1_955' title='bbox 2354 5234 2589 5305; x_wconf 86' lang='grc' dir='ltr'><strong>ἐκείνην,</strong></span> <span class='ocrx_word' id='word_1_956' title='bbox 2608 5233 2825 5286; x_wconf 86' lang='grc' dir='ltr'><strong>πάντων</strong></span> <span class='ocrx_word' id='word_1_957' title='bbox 2848 5233 2948 5303; x_wconf 86' lang='grc' dir='ltr'><strong>τὴν</strong></span> <span class='ocrx_word' id='word_1_958' title='bbox 2976 5231 3069 5284; x_wconf 81' lang='grc' dir='ltr'><strong>τοῦ</strong></span> <span class='ocrx_word' id='word_1_959' title='bbox 3097 5230 3348 5302; x_wconf 84' lang='grc' dir='ltr'><strong>σώματος</strong></span> <span class='ocrx_word' id='word_1_960' title='bbox 3376 5231 3586 5298; x_wconf 74' lang='grc' dir='ltr'><strong>ὑγίειαν</strong></span> <span class='ocrx_word' id='word_1_961' title='bbox 3641 5295 3654 5310; x_wconf 48' lang='lat'><strong><em>.</em></strong></span> 
     </span>
    </p>
   </div>
   <div class='ocr_carea' id='block_1_120' title="bbox 2003 5309 3588 5395">
    <p class='ocr_par' dir='ltr' id='par_1_120' title="bbox 2003 5309 3588 5395">
     <span class='ocr_line' id='line_1_120' title="bbox 2003 5309 3588 5395; baseline -0.006 -18"><span class='ocrx_word' id='word_1_962' title='bbox 2003 5323 2298 5395; x_wconf 84' lang='grc' dir='ltr'><strong>προτιθείς·</strong></span> <span class='ocrx_word' id='word_1_963' title='bbox 2335 5323 2463 5375; x_wconf 84' lang='grc' dir='ltr'><strong>ὅταν</strong></span> <span class='ocrx_word' id='word_1_964' title='bbox 2507 5321 2563 5374; x_wconf 82' lang='grc' dir='ltr'><strong>δὲ</strong></span> <span class='ocrx_word' id='word_1_965' title='bbox 2608 5320 2767 5389; x_wconf 81' lang='grc' dir='ltr'><strong>λόγου</strong></span> <span class='ocrx_word' id='word_1_966' title='bbox 2792 5319 2885 5373; x_wconf 86' lang='grc' dir='ltr'><strong>τοῦ</strong></span> <span class='ocrx_word' id='word_1_967' title='bbox 2926 5318 3223 5390; x_wconf 81' lang='grc' dir='ltr'><strong>λοιμώδους</strong></span> <span class='ocrx_word' id='word_1_968' title='bbox 3257 5318 3399 5379; x_wconf 89' lang='grc' dir='ltr'><strong>τινὲς</strong></span> <span class='ocrx_word' id='word_1_969' title='bbox 3451 5309 3588 5370; x_wconf 78' lang='grc' dir='ltr'><strong>ὦσιν</strong></span> 
     </span>
    </p>
   </div>
   <div class='ocr_carea' id='block_1_121' title="bbox 2002 5403 3589 5482">
    <p class='ocr_par' dir='ltr' id='par_1_121' title="bbox 2002 5403 3589 5482">
     <span class='ocr_line' id='line_1_121' title="bbox 2002 5403 3589 5482; baseline -0.008 -16"><span class='ocrx_word' id='word_1_970' title='bbox 2002 5411 2587 5482; x_wconf 83' lang='grc' dir='ltr'><strong>ἐμπεπλησμένοι,καί</strong></span> <span class='ocrx_word' id='word_1_971' title='bbox 2624 5410 2953 5479; x_wconf 80' lang='grc' dir='ltr'><strong>νοσήματος,</strong></span> <span class='ocrx_word' id='word_1_972' title='bbox 2989 5406 3109 5475; x_wconf 77' lang='grc' dir='ltr'><strong>ούχί</strong></span> <span class='ocrx_word' id='word_1_973' title='bbox 3151 5405 3309 5475; x_wconf 86' lang='grc' dir='ltr'><strong>σῶμα</strong></span> <span class='ocrx_word' id='word_1_974' title='bbox 3342 5403 3589 5473; x_wconf 84' lang='grc' dir='ltr'><strong>διαφθεί-</strong></span> 
     </span>
    </p>
   </div>
   <div class='ocr_carea' id='block_1_122' title="bbox 2003 5491 3586 5571">
    <p class='ocr_par' dir='ltr' id='par_1_122' title="bbox 2003 5491 3586 5571">
     <span class='ocr_line' id='line_1_122' title="bbox 2003 5491 3586 5571; baseline -0.005 -18"><span class='ocrx_word' id='word_1_975' title='bbox 2003 5516 2186 5571; x_wconf 87' lang='grc' dir='ltr'><strong>ροντος</strong></span> <span class='ocrx_word' id='word_1_976' title='bbox 2219 5499 2399 5570; x_wconf 88' lang='grc' dir='ltr'><strong>μόνον,</strong></span> <span class='ocrx_word' id='word_1_977' title='bbox 2425 5497 2561 5552; x_wconf 84' lang='grc' dir='ltr'><strong>ἀλλά</strong></span> <span class='ocrx_word' id='word_1_978' title='bbox 2585 5497 2680 5549; x_wconf 76' lang='grc' dir='ltr'><strong>καί</strong></span> <span class='ocrx_word' id='word_1_979' title='bbox 2699 5496 2878 5566; x_wconf 73' lang='grc' dir='ltr'><strong>ψυχὴν</strong></span> <span class='ocrx_word' id='word_1_980' title='bbox 2919 5493 3269 5556; x_wconf 82' lang='grc' dir='ltr'><strong>ἀπολλύντος,</strong></span> <span class='ocrx_word' id='word_1_981' title='bbox 3303 5493 3398 5546; x_wconf 76' lang='grc' dir='ltr'><strong>καὶ</strong></span> <span class='ocrx_word' id='word_1_982' title='bbox 3420 5491 3586 5563; x_wconf 88' lang='grc' dir='ltr'><strong>χείρω</strong></span> 
     </span>
    </p>
   </div>
   <div class='ocr_carea' id='block_1_123' title="bbox 1999 5581 3586 5659">
    <p class='ocr_par' dir='ltr' id='par_1_123' title="bbox 1999 5581 3586 5659">
     <span class='ocr_line' id='line_1_123' title="bbox 1999 5581 3586 5659; baseline -0.005 -18"><span class='ocrx_word' id='word_1_983' title='bbox 1999 5589 2092 5641; x_wconf 77' lang='grc' dir='ltr'><strong>καὶ</strong></span> <span class='ocrx_word' id='word_1_984' title='bbox 2117 5586 2456 5659; x_wconf 87' lang='grc' dir='ltr'><strong>φαυλοτέραν</strong></span> <span class='ocrx_word' id='word_1_985' title='bbox 2484 5583 2879 5655; x_wconf 77' lang='grc' dir='ltr'><strong>ἐργαζομένου,</strong></span> <span class='ocrx_word' id='word_1_986' title='bbox 2910 5584 3011 5635; x_wconf 81' lang='grc' dir='ltr'><strong>οὐκ</strong></span> <span class='ocrx_word' id='word_1_987' title='bbox 3037 5581 3326 5652; x_wconf 80' lang='grc' dir='ltr'><strong>ἀποπηδᾷς</strong></span> <span class='ocrx_word' id='word_1_988' title='bbox 3343 5598 3358 5645; x_wconf 91' lang='grc'>;</span> <span class='ocrx_word' id='word_1_989' title='bbox 3375 5582 3586 5634; x_wconf 81' lang='grc' dir='ltr'><strong>Ἀκου-</strong></span> 
     </span>
    </p>
   </div>
   <div class='ocr_carea' id='block_1_124' title="bbox 1998 5667 3585 5745">
    <p class='ocr_par' dir='ltr' id='par_1_124' title="bbox 1998 5667 3585 5745">
     <span class='ocr_line' id='line_1_124' title="bbox 1998 5667 3585 5745; baseline -0.011 -17"><span class='ocrx_word' id='word_1_990' title='bbox 1998 5690 2134 5740; x_wconf 80' lang='grc' dir='ltr'><strong>σον,</strong></span> <span class='ocrx_word' id='word_1_991' title='bbox 2155 5672 2287 5745; x_wconf 86' lang='grc' dir='ltr'><strong>φησί</strong></span> <span class='ocrx_word' id='word_1_992' title='bbox 2314 5690 2398 5736; x_wconf 92' lang='grc' dir='ltr'><strong>τις</strong></span> <span class='ocrx_word' id='word_1_993' title='bbox 2424 5671 2585 5741; x_wconf 78' lang='grc' dir='ltr'><strong>σοφὸς</strong></span> <span class='ocrx_word' id='word_1_994' title='bbox 2611 5672 2772 5741; x_wconf 77' lang='grc' dir='ltr'><strong>ἀνὴρ,</strong></span> <span class='ocrx_word' id='word_1_995' title='bbox 2792 5669 2873 5738; x_wconf 70' lang='grc' dir='ltr'><strong>μὴ</strong></span> <span class='ocrx_word' id='word_1_996' title='bbox 2899 5668 3163 5737; x_wconf 81' lang='grc' dir='ltr'><strong>στήσῃς,</strong></span> <span class='ocrx_word' id='word_1_997' title='bbox 3190 5668 3328 5723; x_wconf 73' lang='grc' dir='ltr'><strong>ἀλλ’</strong></span> <span class='ocrx_word' id='word_1_998' title='bbox 3349 5667 3585 5735; x_wconf 72' lang='grc' dir='ltr'><strong>ἀποπή.</strong></span> 
     </span>
    </p>
   </div>
   <div class='ocr_carea' id='block_1_125' title="bbox 1996 5757 3583 5830">
    <p class='ocr_par' dir='ltr' id='par_1_125' title="bbox 1996 5757 3583 5830">
     <span class='ocr_line' id='line_1_125' title="bbox 1996 5757 3583 5830; baseline -0.001 -17"><span class='ocrx_word' id='word_1_999' title='bbox 1996 5761 2213 5829; x_wconf 85' lang='grc' dir='ltr'><strong>δησον,</strong></span> <span class='ocrx_word' id='word_1_1000' title='bbox 2229 5760 2317 5830; x_wconf 80' lang='grc' dir='ltr'><strong>μὴ</strong></span> <span class='ocrx_word' id='word_1_1001' title='bbox 2338 5761 2725 5830; x_wconf 73' lang='grc' dir='ltr'><strong>έτγρονίσῃς,</strong></span> <span class='ocrx_word' id='word_1_1002' title='bbox 2750 5759 2846 5812; x_wconf 72' lang='grc' dir='ltr'><strong>καὶ</strong></span> <span class='ocrx_word' id='word_1_1003' title='bbox 2870 5761 2970 5828; x_wconf 85' lang='grc' dir='ltr'><strong>τὴν</strong></span> <span class='ocrx_word' id='word_1_1004' title='bbox 3005 5758 3351 5829; x_wconf 85' lang='grc' dir='ltr'><strong>βραχυτάτην</strong></span> <span class='ocrx_word' id='word_1_1005' title='bbox 3373 5760 3432 5811; x_wconf 82' lang='grc' dir='ltr'><strong>ἐν</strong></span> <span class='ocrx_word' id='word_1_1006' title='bbox 3455 5757 3583 5813; x_wconf 87' lang='grc' dir='ltr'><strong>τού-</strong></span> 
     </span>
    </p>
   </div>
   <div class='ocr_carea' id='block_1_126' title="bbox 1995 5845 3580 5919">
    <p class='ocr_par' dir='ltr' id='par_1_126' title="bbox 1995 5845 3580 5919">
     <span class='ocr_line' id='line_1_126' title="bbox 1995 5845 3580 5919; baseline -0.004 -18"><span class='ocrx_word' id='word_1_1007' title='bbox 1995 5867 2108 5913; x_wconf 82' lang='grc' dir='ltr'><strong>τοις</strong></span> <span class='ocrx_word' id='word_1_1008' title='bbox 2139 5847 2393 5911; x_wconf 86' lang='grc' dir='ltr'><strong>δεδοικὼς</strong></span> <span class='ocrx_word' id='word_1_1009' title='bbox 2438 5846 2741 5919; x_wconf 82' lang='grc' dir='ltr'><strong>διατριϐήν.</strong></span> <span class='ocrx_word' id='word_1_1010' title='bbox 2773 5846 2957 5899; x_wconf 88' lang='grc' dir='ltr'><strong>Ταῦτα</strong></span> <span class='ocrx_word' id='word_1_1011' title='bbox 2990 5846 3047 5899; x_wconf 75' lang='grc' dir='ltr'><strong>δὲ</strong></span> <span class='ocrx_word' id='word_1_1012' title='bbox 3084 5847 3314 5917; x_wconf 86' lang='grc' dir='ltr'><strong>λέγομεν</strong></span> <span class='ocrx_word' id='word_1_1013' title='bbox 3335 5845 3449 5912; x_wconf 45' lang='grc' dir='ltr'><strong>μού</strong></span> <span class='ocrx_word' id='word_1_1014' title='bbox 3481 5845 3580 5914; x_wconf 77' lang='grc' dir='ltr'><strong>τὴν</strong></span> 
     </span>
    </p>
   </div>
   <div class='ocr_carea' id='block_1_127' title="bbox 2004 5930 3578 6011">
    <p class='ocr_par' dir='ltr' id='par_1_127' title="bbox 2004 5930 3578 6011">
     <span class='ocr_line' id='line_1_127' title="bbox 2004 5930 3578 6011; baseline -0.002 -21"><span class='ocrx_word' id='word_1_1015' title='bbox 2004 5937 2155 6009; x_wconf 72' lang='grc' dir='ltr'><strong>ἰσχὺν</strong></span> <span class='ocrx_word' id='word_1_1016' title='bbox 2183 5938 2289 5991; x_wconf 88' lang='grc' dir='ltr'><strong>τῶν</strong></span> <span class='ocrx_word' id='word_1_1017' title='bbox 2330 5935 2457 6011; x_wconf 75' lang='grc' dir='ltr'><strong>παρ’</strong></span> <span class='ocrx_word' id='word_1_1018' title='bbox 2505 5934 2734 5999; x_wconf 82' lang='grc' dir='ltr'><strong>ἐκείνοις</strong></span> <span class='ocrx_word' id='word_1_1019' title='bbox 2786 5933 3071 6005; x_wconf 78' lang='grc' dir='ltr'><strong>δογμάτων</strong></span> <span class='ocrx_word' id='word_1_1020' title='bbox 3099 5933 3414 6000; x_wconf 81' lang='grc' dir='ltr'><strong>δεδοικότες,</strong></span> <span class='ocrx_word' id='word_1_1021' title='bbox 3444 5930 3578 5987; x_wconf 77' lang='grc' dir='ltr'><strong>ἀλλὰ</strong></span> 
     </span>
    </p>
   </div>
  </div>
