4124 6446
366 376 470 430 ’ἵῖἰτ

377 502 607 549 vestram
632 499 952 549 metuentes.
983 491 1146 547 Nobis
1171 491 1311 547 enim
1348 506 1443 561 per
1472 487 1566 545 Dei
1597 490 1821 561 gratiam
1848 490 1970 544 illo-

378 602 495 641 rum
522 587 652 641 seita
681 600 997 640 aranearum
1031 586 1148 640 telis
1197 583 1543 639 imbecilliora
1589 583 1854 647 videntur,
1886 582 1975 654 qui

376 693 563 733 sumus
589 678 640 731 in
670 674 775 733 fide
798 676 1019 741 fundati,
1044 676 1250 731 etiamsi
1275 675 1467 730 millies
1494 674 1560 729 ad
1580 689 1738 730 aures
1763 683 1977 729 nostras

378 769 686 835 tlrcanlenl,
739 777 887 823 tanto
933 767 1137 838 majore
1180 767 1290 821 risu
1336 782 1367 821 a
1410 766 1565 823 nobis
1610 766 1971 836 excipiuntur,

378 861 527 929 quasi
556 860 731 917 insani
777 869 829 916 et
859 870 1039 916 meme
1078 861 1217 931 capti
1253 878 1266 915 :
1308 859 1401 916 sed
1430 859 1849 916 imbecillitatem
1880 873 1976 914 ve-

378 961 543 1005 stram
577 950 946 1007 formidamus.
974 950 1157 1022 Neque
1182 951 1462 1006 adversum
1485 964 1671 1006 omnes
1703 949 1818 1006 haec
1836 948 1977 1016 dico,

383 1044 476 1100 sed
500 1044 759 1099 adversus
779 1060 871 1100 eos
902 1046 990 1115 qui
1025 1044 1106 1099 his
1139 1043 1353 1099 obnoxii
1375 1052 1517 1098 sunt.
1536 1041 1979 1114 Quandoquidem

387 1136 576 1191 l‘aulus
605 1135 697 1207 qui
721 1135 897 1191 omnia
917 1135 1151 1202 tenebat,
1183 1150 1287 1190 non
1310 1133 1607 1189 doctrinam
1632 1140 1857 1200 tantum,
1887 1132 1981 1187 sed

381 1227 671 1281 verborum
712 1242 918 1298 pugnas
942 1226 1199 1283 adversus
1240 1237 1526 1282 extraneos
1551 1224 1867 1295 discipulum
1893 1223 1986 1279 Ti-

384 1317 659 1372 mothcum
683 1317 905 1384 docens,
936 1332 1105 1373 vanos
1149 1331 1430 1373 sermones
1472 1315 1836 1372 oceludendos
1863 1330 1983 1370 mo-

385 1418 477 1465 net
505 1410 584 1479 (‘2.
621 1408 752 1464 Tim.
783 1409 838 1464 2.
879 1409 989 1482 id).
1026 1409 1197 1465 Breve
1237 1418 1321 1464 est
1356 1409 1479 1464 vita:
1519 1418 1717 1463 nostra:
1753 1417 1983 1478 tempus,

384 1502 638 1571 exiguum
666 1501 853 1555 salutis
881 1501 1229 1556 curriculum.
1260 1500 1316 1557 Si
1336 1515 1464 1571 ergo
1489 1500 1654 1556 breve
1684 1499 1812 1555 illud
1841 1508 1981 1555 tetu-

388 1609 489 1664 pus
517 1592 671 1648 nobis
699 1593 763 1647 ad
793 1592 1111 1649 discendum
1157 1592 1304 1648 utilia
1347 1607 1686 1657 concessum,
1718 1592 1774 1647 in
1803 1606 1989 1663 super-

390 1698 675 1751 vaeancas,
710 1684 924 1739 inutiles
970 1692 1026 1739 et
1068 1684 1254 1739 noxias
1288 1683 1594 1755 disciplinas
1634 1683 1988 1752 insumamus,

389 1773 731 1845 quandonam
773 1774 947 1829 aderit
988 1774 1130 1829 aliud
1172 1784 1383 1845 tempus
1431 1774 1499 1829 ad
1537 1775 1851 1831 discendum
1903 1790 1988 1844 ea,

389 1881 512 1935 quae
554 1865 858 1920 necessaria
904 1874 1029 1921 sunt
1072 1873 1127 1921 et
1166 1874 1356 1937 urgent
1412 1866 1689 1921 maxime?
1742 1866 1905 1936 Atqui
1947 1866 1993 1921 si

391 1959 552 2014 etiam
578 1957 947 2029 longissimum
966 1966 1130 2025 esset,
1157 1967 1325 2012 totum
1350 1968 1493 2014 esset
1517 1957 1733 2014 utilibus
1752 1959 1806 2012 in
1834 1957 1994 2013 rebus

394 2052 804 2108 insumendum:
831 2068 953 2107 eum
974 2061 1151 2108 autem
1184 2051 1345 2108 breve
1383 2051 1455 2107 sit
1482 2061 1536 2107 et
1563 2050 1832 2123 exiguum,
1861 2066 1995 2122 quo-

395 2143 556 2199 modo
582 2160 689 2199 non
717 2153 975 2200 extremae
1002 2144 1289 2200 dementire
1316 2144 1496 2210 fuerit,
1527 2142 1645 2214 ejus
1675 2142 1994 2198 brevitatem

395 2237 449 2293 in
493 2236 804 2309 disciplinas
837 2238 1031 2295 anima:
1081 2249 1280 2294 nostrae
1315 2238 1643 2308 perniciosas
1683 2238 1999 2294 insumere?

398 2330 535 2399 Quid
562 2329 825 2386 medicina
856 2345 992 2401 opus
1029 2342 1109 2386 est
1141 2330 1273 2385 tibi?
1305 2345 1372 2385 ne
1407 2330 1638 2400 accipias
1667 2331 1901 2401 plagam,
1933 2346 2001 2385 ne

399 2433 611 2493 tempus
633 2422 883 2479 absumas
905 2423 958 2477 in
985 2423 1048 2479 iis
1075 2422 1347 2491 sanandis,
1380 2438 1512 2495 quas
1543 2422 1611 2477 ab
1626 2413 1997 2493 aliis‘accipis:

1473 375 1561 430 DE
1604 374 1785 431 ΡΑΤο
1826 375 1914 429 ΕΤ
1945 375 2429 433 PROVIDENTIA.
2472 373 2557 431 lli.

3575 373 3681 428 733

2079 506 2109 544 a
2136 490 2330 545 divinis
2358 486 2649 560 Scripturis
2680 486 2963 543 sanitatem
2993 502 3277 556 compara;
3322 486 3365 540 si
3394 488 3687 542 accesserit

2080 583 2270 653 aliquis
2297 583 2471 637 aliena
2500 580 2719 643 docens,
2752 593 2910 634 aures
2946 578 3168 643 obtura;
3196 577 3375 634 statim
3419 577 3584 642 resili,
3618 594 3686 634 ne

2082 673 2370 729 cuncteris.
2403 673 2460 730 Si
2495 681 2681 728 contra
2711 670 3071 742 Imperatores
3109 670 3393 726 consilium
3437 669 3680 735 iniretur,

2085 782 2192 819 non
2222 764 2591 847 committeres
2615 774 2671 819 ut
2710 765 2763 818 in
2791 761 3056 833 ejusmodi
3093 776 3350 819 consessu
3379 761 3555 817 locum
3586 760 3683 815 ha-

2086 858 2264 922 beres,
2296 858 2492 929 quippe
2534 857 2625 928 qui
2654 857 2738 912 vel
2782 872 2845 912 ex
2876 856 3058 911 auditu
3097 871 3300 923 rerum,
3340 854 3550 910 etiamsi
3580 870 3687 910 non

2086 949 2396 1005 assentiaris
2417 990 2433 1014 ,
2481 948 2533 1003 in
2579 935 2875 1019 periculum
2927 947 3148 1002 omnino
3183 946 3393 1003 venires
3426 963 3440 1000 :
3472 945 3690 1018 quando

2086 1050 2271 1096 contra
2303 1041 2470 1096 Deum
2498 1040 2695 1111 aliquid
2720 1040 2915 1095 dicitur
2938 1038 3273 1111 agitaturque
3298 1038 3493 1109 dogma
3523 1054 3686 1094 accu-

2088 1134 2295 1189 satione
2324 1133 2541 1202 plenum
2568 1132 2824 1188 adversus
2862 1132 3033 1199 illum,
3060 1145 3238 1186 annon
3269 1128 3462 1201 fugies,
3503 1144 3686 1185 annon

2090 1226 2409 1282 maledicam
2439 1227 2670 1297 linguam
2700 1227 3059 1292 aversaberis,
3089 1240 3268 1281 annon
3295 1224 3455 1296 impia
3475 1238 3568 1281 ora
3597 1224 3696 1279 ob-

2092 1318 2333 1374 turabis?
2375 1317 2442 1373 Et
2466 1318 2735 1389 quomodo
2762 1318 2962 1389 poteris
2987 1332 3110 1374 cum
3141 1316 3334 1373 fiducia
3369 1316 3539 1372 Deum
3566 1329 3693 1385 pre-

2092 1410 2224 1476 cari,
2254 1410 2347 1480 qui
2377 1409 2431 1465 in
2480 1425 2601 1466 eum
2632 1409 2950 1480 jactatarum
2993 1409 3380 1466 calumniarum
3424 1408 3694 1479 particeps

2093 1504 2290 1560 fueris?
2316 1503 2411 1570 Ne,
2443 1517 2651 1575 quaeso,
2698 1502 2750 1558 id
2799 1504 3028 1559 eveniat.
3085 1502 3213 1558 Haec
3263 1517 3294 1558 a
3342 1517 3430 1557 me
3473 1517 3580 1558 non
3626 1500 3695 1556 ad

2094 1603 2390 1665 praesentes
2435 1594 2578 1650 dicta
2632 1603 2805 1669 sunt;
2861 1593 2971 1649 imo
3021 1593 3200 1664 potius
3255 1592 3323 1648 ad
3377 1600 3694 1664 prmsentes.

2095 1685 2320 1742 Etiamsi
2344 1688 2486 1743 enim
2515 1701 2612 1742 vos
2632 1687 2854 1755 innoxii,
2883 1686 2927 1742 si
2953 1701 3088 1757 quos
3115 1686 3371 1742 noveritis
3388 1684 3491 1741 hoc
3508 1684 3697 1739 morbo

2098 1778 2440 1848 laborantes,
2495 1779 2580 1834 his
2626 1779 2975 1849 pluribusque
3016 1777 3133 1833 aliis
3157 1776 3465 1833 contendite
3491 1777 3691 1842 verbis,

2101 1880 2158 1927 ut
2200 1872 2399 1926 malum
2447 1871 2701 1928 radicitus
2730 1871 2993 1928 evellatis.
3053 1870 3109 1926 ld
3154 1884 3282 1925 vero
3322 1868 3407 1924 fiat
3453 1867 3703 1939 precibus

2101 1971 2408 2019 sanctorum
2436 1973 2489 2019 et
2516 1964 2810 2019 amicorum
2842 1962 2937 2018 Dei
2968 1980 2980 2016 :
3016 1977 3121 2017 non
3156 1961 3298 2017 enim
3344 1969 3547 2015 tantum
3594 1975 3695 2014 no-

2102 2066 2212 2112 stra
2261 2056 2422 2112 verba
2475 2056 2700 2125 valent,
2749 2065 3007 2127 quantum
3077 2054 3292 2109 illorum
3345 2053 3700 2123 precationes.

2104 2147 2260 2203 Faxit
2311 2148 2455 2204 Deus
2497 2156 2555 2203 ut
2603 2161 2704 2205 nos
2756 2160 2965 2211 omnes,
2996 2154 3050 2200 et
3091 2152 3352 2213 quotquot
3390 2142 3459 2198 ad
3503 2142 3695 2198 Eccle-

2104 2243 2200 2300 sia:
2263 2240 2649 2312 plenitudinem
2710 2239 3023 2311 pertinent,
3090 2236 3175 2293 his
3225 2236 3435 2291 liberati
3504 2234 3704 2297 malis,

2106 2349 2229 2390 cum
2266 2334 2460 2390 fiducia
2497 2341 2700 2390 stemus
2738 2341 2860 2391 ante
2897 2329 3131 2386 tribunal
3158 2329 3381 2396 Christi,
3406 2328 3489 2384 cui
3515 2328 3705 2398 gloria.

2109 2426 2306 2482 Amen.

1264 2661 1425 2743 DE
1480 2661 1784 2746 FATO
1831 2664 1983 2746 ET
2018 2663 2847 2747 PROVIDENTIA.

1807 2822 2313 2902 Meae»-

1050 2977 1247 3019 ΟΒΛΤΙΟ
1285 2978 1361 3017 ιιι.

484 3058 614 3113 Novi
665 3046 966 3125 me'nuper
1006 3056 1145 3125 apud
1191 3066 1421 3110 vestram
1467 3052 1744 3109 caritatem
1788 3053 1856 3110 de
1899 3053 2007 3109 fato

410 3153 576 3208 verba
607 3150 823 3214 fecisse,
853 3149 1095 3218 nihilque
1123 3147 1373 3217 prohibet
1400 3147 1688 3217 quominus
1718 3145 1783 3201 de
1807 3144 2000 3200 eodem

411 3252 728 3315 argumento
760 3241 922 3297 etiam
964 3240 1124 3294 hodie
1150 3253 1456 3294 sermonem
1486 3236 1826 3291 instituamus
1857 3253 1870 3288 :
1901 3251 2006 3289 non

412 3335 555 3407 quod
585 3334 804 3389 morbus
831 3333 899 3387 sit
929 3332 999 3386 ita
1028 3329 1236 3385 validus
1261 3371 1275 3393 ,
1328 3328 1421 3383 sed
1453 3328 1595 3398 quod
1635 3326 1876 3382 socordia
1908 3342 2011 3380 no-

411 3436 527 3482 stra
563 3427 632 3481 sit
668 3423 1031 3488 incredibilis,
1076 3437 1197 3492 qum
1240 3420 1325 3475 vel
1373 3419 1622 3475 minimas
1671 3417 2012 3489 :rgritudiucs

415 3533 735 3593 permagnas
783 3517 961 3573 faciat.
1016 3515 1288 3586 Siquidem
1335 3521 1390 3569 et
1431 3528 1575 3568 caeco
1610 3511 1661 3566 id
1699 3513 1785 3567 vel
1828 3519 2014 3564 natura

413 3612 775 3679 conspicuum.
809 3618 925 3674 est,
980 3606 1120 3661 fideli
1167 3619 1359 3675 nempe
1401 3618 1576 3673 neque
1624 3602 1804 3657 verbis
1843 3616 2016 3671 neque

416 3703 663 3759 doctrina
714 3715 849 3771 Opus
888 3714 1047 3767 esse,
1087 3706 1147 3752 ut
1176 3696 1375 3751 malum
1416 3694 1517 3749 hoc
1546 3692 1781 3763 effugiat.
1813 3692 2017 3759 Quem-

419 3795 709 3849 admodum
758 3791 903 3848 enim
954 3791 1036 3859 ei,
1083 3789 1171 3860 qui
1214 3798 1409 3843 terram
1455 3794 1691 3855 nostram
1735 3785 2017 3850 inhabitet,

420 3886 630 3956 legibus
658 3883 855 3939 nostris
884 3891 1100 3948 utatur,
1146 3879 1365 3950 regibus
1414 3876 1603 3933 iisdem
1650 3884 1863 3946 pareat,
1912 3890 2020 3930 non

424 3993 648 4035 necesse
676 3986 759 4032 est
790 3973 1129 4045 persuaderi,
1172 3988 1240 4026 ne
1279 3972 1562 4025 Persarum
1613 3969 1853 4023 instituta
1881 3967 2022 4037 apud

426 4087 527 4126 nos
553 4069 796 4131 inducat,
839 4067 934 4122 sed
964 4065 1131 4120 semel
1163 4063 1436 4135 prohiberi
1468 4070 1671 4116 tantum
1700 4078 1714 4113 :
1741 4061 1817 4115 sic
1841 4071 1896 4116 et
1923 4059 2024 4115 hoc

427 4164 549 4218 loco
594 4160 917 4216 faciendum.
967 4158 1100 4213 Nam
1130 4156 1272 4227 quod
1303 4155 1369 4209 ad
1398 4152 1873 4226 peccata‘cavenda
1905 4166 2026 4220 per-

428 4254 594 4320 tinet,
645 4252 747 4307 alia
788 4249 1002 4321 quidem
1052 4257 1179 4303 sunt
1223 4263 1343 4319 qua).
1386 4260 1636 4302 sermone
1673 4243 2025 4312 doctrinaque

429 4355 613 4417 egent,
644 4346 745 4400 alia
772 4359 899 4398 vero
927 4343 994 4396 ita
1022 4340 1300 4396 manifesta
1328 4347 1382 4395 et
1404 4339 1567 4403 clara,
1596 4345 1659 4391 ut
1684 4345 1828 4391 metu
1853 4335 2026 4389 solum

430 4454 499 4494 ac
535 4437 795 4508 supplicio
838 4443 1190 4490 coerceantur
1220 4451 1234 4487 :
1265 4432 1416 4502 cujus
1454 4429 1668 4500 generis
1707 4436 1851 4491 sunt,
1881 4426 2028 4481 occi-

433 4531 586 4596 dere,
616 4528 939 4584 adulterium
966 4525 1273 4588 admittere,
1302 4523 1487 4585 furari,
1509 4536 1627 4592 quae
1651 4520 1893 4575 oratione
1923 4532 2031 4573 non

392 4632 405 4643 “
432 4630 615 4693 egent.
661 4618 1023 4688 Quamobrem
1067 4615 1340 4686 legislator
1369 4631 1479 4670 non
1518 4612 1816 4668 doctrinam
1858 4611 2035 4681 posuit

431 4729 540 4785 qua
568 4726 728 4767 aures
770 4719 969 4766 nostra:
1011 4714 1393 4779 personareut,
1439 4714 1492 4760 οι
1531 4720 1646 4759 rem
1688 4718 1809 4759 esse
1837 4702 2032 4757 malum

437 4804 765 4861 indicaretur
797 4822 809 4858 :
842 4800 969 4857 illud
1016 4799 1160 4855 enim
1211 4798 1321 4869 jam
1365 4797 1744 4867 cogitationem
1796 4806 2035 4850 nostram

437 4902 925 4969 praeoccupaverat;
956 4892 1049 4947 sed
1076 4890 1247 4946 solum
1270 4887 1556 4961 prohibuit,
1578 4887 1693 4944 Non
1718 4886 2035 4942 adulterium

439 4990 717 5057 admittes,
748 5004 855 5043 non
886 4987 1097 5042 occides
1124 4983 1303 5057 (Deut.
1336 4984 1389 5039 5.
1420 4983 1509 5038 l7.
1541 4982 1656 5053 18).
1694 4980 1796 5037 Ubi
1817 4994 1944 5035 vero
1971 4978 2040 5034 de

442 5084 727 5141 viduarum
769 5084 1026 5153 despectu
1051 5124 1065 5151 ,
1097 5081 1273 5152 deque
1312 5078 1679 5150 depositorum
1709 5078 1900 5133 violata
1936 5077 2041 5132 fide

445 5193 547 5233 nos
571 5177 879 5247 alloquitur,
910 5184 1033 5230 tunc
1064 5174 1299 5230 rationes
1318 5171 1520 5243 adjicit.
1555 5170 1819 5236 Miserere,
1849 5168 2036 5239 inquit,

447 5271 688 5333 uiduam,
729 5280 777 5324 et
826 5268 1073 5322 advenam
1104 5283 1123 5319 :
1166 5266 1348 5321 etenim
1380 5276 1428 5319 et
1467 5275 1521 5318 tu
1565 5263 1760 5317 aduena
1804 5262 1945 5332 fuisti
1989 5263 2042 5315 in

452 5374 587 5418 terra
624 5360 844 5433 Egypti
874 5359 1052 5432 (Deut.
1083 5360 1168 5414 l0.
1200 5358 1313 5428 18).
1374 5357 1654 5413 Sabbutum
1691 5357 1861 5426 requie
1909 5354 2037 5422 cole,

450 5454 625 5525 inquit
672 5452 880 5524 (Exod.
925 5451 1016 5507 20.
1066 5450 1151 5505 10.
1192 5460 1242 5506 et
1276 5451 1364 5506 5|.
1398 5450 1536 5521 13):
1583 5448 1774 5504 deinde
1826 5462 2044 5504 causam

454 5547 607 5602 affert
633 5546 673 5599 ¹.

529 5639 718 5695 Fatum
751 5638 953 5692 omnino
979 5636 1345 5690 danmandum.
1372 5666 1442 5675 ——
1471 5636 1661 5691 Fatum
1687 5636 1863 5705 itaque
1888 5649 2045 5689 aver-

458 5710 594 5798 sari,
637 5745 744 5784 non
788 5737 1113 5799 praeceptum
1142 5737 1223 5781 est
1247 5725 1387 5797 quod
1417 5726 1696 5781 ratiocinio
1737 5733 1920 5797 egeat,
1952 5724 2045 5782 sed

520 5851 536 5882 ι
571 5843 710 5905 Illud,
736 5842 911 5895 deinde
935 5855 1131 5895 causam
1153 5836 1311 5906 0min,
1330 5840 1475 5892 deest
1494 5841 1545 5892 iu
1567 5840 1699 5892 Colb.

2115 2979 2179 3019 ex
2226 2965 2331 3021 illis
2377 2966 2672 3036 perspicuis
2712 2975 2816 3022 est.
2862 2964 2995 3020 Nam
3041 2962 3491 3035 quemadmodum
3544 2960 3716 3031 palam

2115 3065 2201 3112 est
2225 3057 2427 3112 caedem
2457 3067 2512 3113 et
2538 3057 2859 3113 adulterium
2887 3072 3008 3112 esse
3050 3056 3187 3110 mala
3227 3064 3283 3111 et
3312 3053 3578 3126 prohibita
3600 3093 3615 3118 ,
3646 3051 3717 3105 ita

2119 3149 2462 3219 perspicuum
2490 3158 2573 3203 est
2599 3148 2766 3203 fatum
2796 3149 2955 3203 etiam
2978 3162 3102 3203 esse
3131 3146 3330 3201 malum
3370 3160 3436 3200 ac
3472 3142 3713 3214 prohibio

2118 3249 2228 3294 tum
2264 3258 2277 3295 :
2309 3254 2482 3310 neque
2511 3240 2653 3294 enim
2683 3254 2751 3295 ex
2794 3253 2861 3294 eo
2902 3238 3044 3308 quod
3085 3237 3246 3308 aliqui
3284 3237 3382 3306 ipsi
3422 3234 3582 3289 fidem
3624 3231 3720 3285 ha-

2118 3331 2315 3398 beant,
2344 3332 2538 3402 putetis
2574 3332 2749 3403 ipsum
2788 3346 2896 3386 non
2922 3346 3045 3386 esse
3075 3345 3191 3386 rem
3220 3328 3460 3384 vetitam.
3504 3325 3717 3381 Etenim

2119 3436 2173 3481 et
2224 3426 2400 3481 caedes
2440 3442 2655 3498 quoque
2695 3434 2934 3498 patratur
2958 3467 2974 3492 ,
3030 3424 3133 3480 etsi
3172 3422 3379 3494 legibus
3418 3418 3718 3491 prohibita;

2119 3519 2382 3574 adulteria
2413 3519 2538 3574 item
2569 3528 2623 3573 et
2648 3519 2850 3588 rapime
2871 3517 3225 3571 admittuntur
3244 3530 3275 3569 a
3300 3513 3505 3579 multis,
3533 3526 3720 3583 quam-

2120 3612 2201 3668 vis
2222 3613 2407 3667 vetita.
2451 3610 2602 3677 Quod
2631 3611 2772 3666 enim
2814 3609 3037 3681 perinde
3066 3617 3229 3678 atque
3254 3605 3429 3661 credes
3450 3647 3463 3670 ,
3502 3602 3722 3674 genesis

2122 3718 2334 3773 quoque
2362 3703 2569 3773 legibus
2588 3703 2896 3759 Grtccorum
2919 3702 2989 3755 sit
3013 3700 3201 3767 vetita,
3223 3698 3347 3752 hinc
3377 3698 3562 3766 liquet,
3580 3694 3724 3764 quod

2124 3795 2167 3849 si
2198 3795 2317 3866 quis
2358 3795 2620 3850 adulterio
2654 3808 2775 3848 cum
2807 3807 2973 3847 uxore
3013 3791 3312 3862 cuiuspiam
3344 3788 3583 3844 admisso
3606 3829 3620 3853 ,
3668 3786 3723 3840 in

2127 3888 2244 3943 foro
2268 3887 2508 3958 judiciali
2529 3895 2811 3942 accusatus
2841 3885 3037 3941 dixerit
3068 3902 3081 3939 :
3115 3883 3232 3938 Non
3261 3897 3391 3952 ego,
3425 3879 3519 3936 sed
3548 3892 3721 3950 gene-

2127 3982 2202 4037 sis
2236 4000 2248 4037 :
2274 3997 2374 4053 ego
2401 3983 2598 4053 quippe
2633 3989 2998 4051 temperanter
3020 3993 3182 4049 agere
3219 3977 3487 4041 volebam,
3515 3973 3609 4030 sed
3641 3973 3728 4027 illa

2129 4088 2217 4129 me
2259 4074 2466 4143 impulit
2500 4092 2512 4126 :
2543 4089 2720 4127 annon
2767 4072 2889 4128 ideo
2928 4071 3201 4142 graviores
3228 4068 3378 4123 dabit
3416 4080 3639 4139 poenas,
3674 4074 3733 4119 ut

2131 4165 2222 4236 qui
2250 4165 2317 4219 ad
2349 4164 2629 4219 ridiculam
2659 4162 3027 4218 defensionem
3056 4159 3386 4231 confugerit?
3427 4174 3496 4211 an
3522 4156 3731 4211 veniam

2134 4258 2480 4328 impetrabit?
2500 4256 2837 4327 Neutiquam.
2865 4255 2935 4309 At
2955 4252 3252 4309 secundum
3280 4251 3399 4306 illos
3416 4250 3735 4318 impetrasse

2134 4352 2390 4421 Oportuit.
2444 4350 2502 4405 Si
2544 4349 2686 4404 enim
2717 4349 2941 4419 genesi,
2974 4363 3080 4401 non
3109 4345 3332 4401 arbitrio
3381 4351 3565 4397 nostro
3617 4338 3735 4393 hate

2137 4442 2356 4508 tierent,
2385 4443 2529 4496 nulla
2557 4441 2731 4511 aptior
2757 4439 3001 4495 defensio
3030 4444 3199 4493 esset.
3241 4434 3372 4490 Nam
3406 4432 3451 4487 si
3483 4431 3734 4486 voluntas

2138 4546 2321 4591 nostra
2350 4535 2617 4605 potentior
2635 4535 2700 4587 sit
2725 4532 2931 4603 genesi,
2955 4532 3097 4586 nulla
3120 4528 3330 4600 genesis
3352 4526 3485 4582 erit:
3509 4525 3555 4579 si
3582 4536 3733 4589 vero,

2137 4628 2475 4698 quantumvis
2530 4635 2752 4680 conetur
2802 4623 3099 4694 quispiam,
3151 4633 3376 4674 necesse
3432 4616 3501 4671 sit
3529 4630 3591 4670 ea
3619 4630 3739 4684 quae

2138 4718 2324 4789 genesi
2351 4726 2475 4773 sunt
2498 4717 2757 4787 praefinita
2800 4714 3038 4785 impleri;
3068 4710 3266 4767 frustra
3300 4709 3515 4781 punitur
3536 4708 3650 4772 ille,
3683 4716 3741 4762 et

2143 4813 2296 4867 venia
2324 4812 2371 4867 ei
2402 4821 2627 4882 negatur
2652 4826 2666 4877 ;
2699 4809 2794 4865 sed
2834 4822 2992 4863 nemo
3027 4806 3179 4861 illum
3221 4818 3396 4875 neque
3425 4818 3485 4858 se
3511 4815 3742 4873 purgan-

2145 4914 2253 4961 tem
2281 4919 2457 4976 neque
2502 4903 2716 4958 veniam
2766 4902 3140 4969 impetrantem
3185 4897 3367 4953 audiet
3409 4914 3423 4952 :
3455 4896 3527 4951 ita
3561 4910 3649 4949 res
3674 4892 3744 4947 ab

2144 4999 2393 5055 omnibus
2435 4997 2656 5066 explosa
2700 5003 2822 5062 est,
2872 4992 3173 5061 fabulmque
3217 5005 3281 5045 ac
3318 5003 3579 5061 nugarum
3626 4986 3745 5042 loco

2148 5091 2397 5145 habetur.
2435 5088 2582 5143 Multi
2625 5101 2752 5142 vero
2778 5085 3125 5156 magistratus
3157 5082 3399 5154 (tametsi
3428 5081 3496 5135 ab
3526 5077 3745 5133 homine

2146 5184 2397 5254 quopiam
2419 5181 2464 5236 si
2494 5181 2573 5236 vis
2598 5180 2889 5247 inferatur,
2928 5176 2980 5232 id
3020 5192 3115 5232 reo
3146 5175 3212 5231 ad
3241 5173 3604 5230 defensionem
3629 5169 3744 5224 suf—

2151 5277 2312 5340 ficiat,
2347 5277 2454 5331 imo
2483 5275 2660 5345 potius
2686 5273 2890 5328 nullum
2913 5287 3035 5327 esse
3051 5270 3252 5325 crimen
3277 5269 3415 5332 ultra
3443 5263 3743 5330 videatur),

2152 5370 2324 5435 multi,
2354 5369 2590 5439 inquam,
2615 5368 2955 5437 magistratus
2977 5366 3046 5420 de
3073 5364 3268 5433 injusta
3306 5358 3454 5414 crede
3490 5356 3746 5419 accusati,

2150 5460 2336 5533 pmnas
2361 5461 2624 5517 dederunt
2653 5478 2665 5514 :
2695 5458 2976 5516 carnifices
3012 5471 3174 5521 vero,
3207 5453 3296 5523 qui
3333 5450 3515 5527 caedes
3550 5464 3744 5519 perpe—

2154 5561 2334 5617 trant,
2376 5567 2579 5623 suaque
2624 5567 2786 5607 manu
2824 5548 3135 5621 perficiunt,
3173 5544 3240 5600 ad
3268 5542 3500 5599 tribunal
3531 5542 3748 5597 trahere

2154 5648 2237 5702 vel
2275 5647 2713 5718 perquisitionem
2759 5646 2936 5700 facere
2967 5657 3123 5698 nemo
3150 5638 3492 5713 aggrediatur
3514 5679 3529 5704 ,
3560 5645 3748 5709 patro-

2153 5740 2367 5794 cinante
2390 5739 2740 5804 necessitate,
2792 5737 3135 5806 magistratus
3172 5733 3505 5797 auctoritate,
3538 5741 3593 5787 et
3623 5730 3749 5785 sub-

2151 5832 2399 5904 jectionis
2441 5831 2649 5887 timore.
2695 5829 2847 5897 Quod
2882 5829 2928 5884 si
2956 5827 3157 5885 homini
3190 5827 3504 5900 ignoscunt,
3536 5824 3657 5895 quia
3683 5820 3751 5876 ab
