4124 6466
500 382 606 439 759

498 494 719 551 homine
772 498 1071 555 contribule
1123 515 1229 555 suo
1270 511 1487 557 coactus
1530 512 1645 568 est;
1702 517 1882 558 nonne
1925 501 2092 556 multo

494 586 670 656 magis
694 588 899 643 homini
930 604 1025 660 per
1054 590 1215 645 fatum
1242 602 1450 661 coacto,
1480 593 1889 648 condonandnm
1912 602 2055 650 esset
2074 593 2100 647 ἲ
2124 632 2135 639 -

495 666 655 749 Αἰιιιιί
677 680 1057 751 aufugicndum
1085 693 1225 739 erat.
1280 684 1482 741 Verum
1506 686 1651 741 illius
1670 729 1684 753 ,
1712 694 1769 740 ιιι
1791 686 1959 752 aiunt,
1991 684 2096 740 im-

498 774 703 840 perium
727 773 806 827 sic
830 775 1240 846 inexpugnabile
1254 787 1358 846 est,
1382 787 1441 832 ut
1457 779 1702 849 quamvis
1719 779 1772 833 in
1792 780 2090 843 desertum,

495 865 742 932 quamvis
770 864 823 918 in
846 881 1015 934 mare,
1034 871 1278 938 quamvis
1293 869 1457 925 alium
1482 871 1535 924 in
1552 871 1727 925 locum
1748 880 1799 926 te
1824 872 2096 939 conferas,

493 956 609 1021 ejus
655 956 847 1026 placita
878 959 895 990 ‘
925 974 1029 1014 non
1060 961 1303 1033 ell'ugias.
1348 964 1628 1030 Quomodo
1667 966 1829 1035 igitur
1854 981 1960 1021 non
1997 967 2096 1022 ab-

493 1046 716 1102 surdum
740 1047 900 1104 fuerit
926 1092 942 1118 ,
973 1068 1093 1107 cum
1138 1055 1227 1124 qui
1256 1069 1286 1108 a
1316 1054 1557 1111 barbaris
1583 1071 1772 1127 magna
1793 1057 1845 1110 vi
1869 1056 2096 1127 cogitur,

492 1136 654 1194 facile
697 1140 907 1195 veniam
955 1143 1287 1213 impetrare,
1335 1154 1394 1201 ut
1438 1162 1505 1202 ne
1532 1146 1749 1218 quidem
1792 1156 2095 1213 accusetur,

491 1243 619 1283 eum
647 1245 798 1298 vero,
824 1234 912 1303 qui
938 1238 1261 1304 potentiore,
1290 1249 1352 1293 ut
1378 1238 1558 1305 aiunt,
1589 1239 1919 1319 necessitate
1945 1254 2098 1295 com-

497 1322 716 1391 pellitur
741 1365 756 1392 ,
790 1341 976 1395 pcenas
1005 1328 1134 1384 dare
1153 1369 1169 1396 ,
1204 1345 1378 1400 neque
1402 1330 1470 1387 ad
1494 1345 1670 1387 causa:
1691 1346 1803 1387 suae
1831 1331 2099 1387 defensio-

496 1428 619 1468 nem
648 1414 898 1472 admitti?
923 1417 1094 1475 Nemo
1107 1421 1251 1475 enim
1275 1437 1529 1492 umquam
1563 1423 1726 1477 fatum
1760 1422 2099 1492 praetendens

496 1521 687 1576 poenas
730 1508 915 1579 effugit
946 1528 960 1565 :
988 1528 1096 1567 non
1137 1514 1190 1568 in
1232 1515 1349 1570 foro
1384 1514 1627 1586 judiciali
1658 1516 1959 1582 malelicus,
1989 1531 2097 1572 non

495 1597 640 1653 domi
668 1598 938 1670 famulus,
969 1618 1076 1659 non
1108 1605 1160 1659 in
1194 1605 1321 1659 ludo
1354 1622 1489 1676 puer
1510 1650 1524 1674 ,
1557 1622 1662 1661 non
1692 1608 1747 1662 in
1776 1609 1981 1663 artibus
2012 1608 2098 1663 di-

497 1691 732 1761 scipulus
757 1734 771 1759 ,
816 1694 863 1751 si
898 1696 1113 1766 quando
1155 1696 1190 1751 ii
1230 1699 1586 1767 peccaverint.
1631 1698 1912 1766 Quomodo
1940 1700 2100 1771 igitur

496 1783 715 1852 quidam
747 1784 912 1840 fatum
943 1795 1157 1843 tuentur
1180 1827 1197 1857 ,
1241 1790 1329 1859 qui
1373 1790 1498 1845 illud
1529 1792 1606 1846 sic
1641 1791 1919 1859 infamant,
1952 1792 2098 1863 ejus-

496 1890 604 1946 que
631 1876 936 1932 necessitati
959 1894 1026 1934 ne
1041 1879 1318 1935 minimum
1341 1881 1554 1951 quidem
1571 1884 1742 1938 venia:
1763 1883 2099 1939 concedunt?

499 1964 574 2025 Ita
616 1982 809 2038 nempe
848 1970 1070 2026 veritate
1094 1981 1149 2026 et
1173 1974 1499 2028 conscientia
1531 1990 1624 2029 sua
1657 1975 1920 2045 permoti,
1950 1974 2098 2031 fabu-

499 2058 607 2113 lam
637 2076 760 2116 esse
782 2071 989 2132 putant.
1033 2062 1164 2119 Cum
1210 2075 1389 2120 autem
1423 2065 1475 2120 in
1504 2067 1686 2137 gravia
1725 2075 1941 2137 peccata
1964 2067 2099 2136 lapsi

498 2151 715 2219 fuerint,
744 2153 884 2208 aliud
912 2170 1098 2211 rursus
1128 2157 1490 2227 praetendunt,
1523 2173 1631 2229 quo
1659 2172 1717 2214 se
1748 2174 1934 2229 pmnas
1959 2159 2097 2214 en‘u-

496 2257 624 2312 gere
669 2258 827 2313 posse
874 2255 1094 2315 putant,
1146 2249 1297 2318 quasi
1348 2264 1475 2304 vero
1518 2264 1627 2304 non
1671 2250 1792 2306 ideo
1825 2249 2099 2321 graviores

497 2335 695 2391 daturi.
724 2337 934 2393 Etenim
964 2355 1070 2394 non
1094 2349 1199 2394 tam
1227 2356 1389 2411 grave
1409 2349 1493 2397 est
1517 2356 1760 2412 peccare,
1792 2357 1951 2413 quam
1982 2351 2101 2412 post

500 2438 778 2497 peccatum
808 2430 1148 2501 impudenter
1187 2447 1348 2504 agere
1370 2474 1386 2500 ,
1434 2443 1488 2488 et
1518 2444 1738 2505 propter
1762 2435 1970 2490 Scelera
2001 2449 2098 2490 sua

502 2520 667 2576 Deum
695 2536 967 2579 accusare.
994 2524 1106 2579 Hoc
1134 2527 1371 2581 omnium
1400 2536 1738 2597 peccatorum
1763 2529 2098 2586 teterrimum

496 2622 608 2668 est:
635 2614 764 2670 illud
787 2631 917 2672 vero
936 2616 1180 2673 diabolus
1207 2632 1378 2686 curat,
1398 2629 1455 2675 ut
1479 2635 1582 2675 non
1606 2619 1766 2677 modo
1787 2636 1885 2677 nos
1904 2637 2098 2692 segnes

496 2705 563 2759 ad
595 2705 867 2773 virtutem,
916 2717 971 2762 et
1000 2724 1198 2777 pronos
1226 2709 1292 2763 ad
1328 2710 1527 2764 malum
1570 2711 1793 2779 reddat,
1836 2721 1892 2767 et
1917 2713 2097 2767 omnia

499 2796 613 2851 Deo
639 2798 932 2855 attribuere
948 2800 1203 2864 suadeat;
1230 2801 1325 2856 sed
1347 2802 1506 2856 etiam
1527 2803 1852 2859 defensionis
1873 2803 2096 2859 obtentu

498 2898 552 2942 et
580 2890 811 2945 animam
839 2901 893 2947 et
939 2893 1170 2963 linguam
1200 2902 1436 2949 nostram
1464 2896 1517 2950 in
1549 2896 1936 2968 blasphemiam
1965 2913 2097 2953 con-

498 2984 674 3055 jiciat,
715 2995 772 3042 ut
798 2996 852 3043 et
884 2989 1047 3044 Deum
1077 3004 1390 3047 accusemus
1412 3031 1428 3058 ,
1480 3001 1535 3047 et
1581 2992 1719 3048 male
1762 3000 2038 3061 gestorum
2069 3011 2097 3049 a

500 3077 654 3133 nobis
677 3078 857 3134 odium
886 3081 1249 3151 deponamus,
1297 3093 1352 3139 et
1379 3084 1429 3138 in
1462 3099 1584 3140 eum
1606 3127 1621 3153 ,
1659 3084 1752 3155 qui
1777 3095 1963 3141 auctor
1993 3102 2099 3140 non

503 3177 610 3236 est,
641 3171 851 3241 culpam
884 3172 1246 3231 traducamus.
1280 3176 1441 3247 Atqui
1472 3177 1514 3231 si
1542 3176 1661 3246 quis
1685 3177 1825 3247 apud
1855 3175 2099 3232 homines

499 3260 697 3332 aliquid
741 3263 846 3320 tale
897 3264 1259 3336 designaverit
1285 3309 1300 3335 ,
1348 3268 1432 3323 vel
1478 3267 1531 3323 id
1563 3284 1728 3323 unum
1768 3269 1900 3324 satis
1925 3268 2098 3323 estad

500 3354 617 3420 ejus
645 3355 1038 3411 accusationem
1079 3364 1240 3427 atque
1271 3357 1582 3429 perniciem.
1633 3358 1766 3414 Cum
1806 3358 1926 3428 quis
1954 3359 2099 3414 enim

501 3444 728 3500 alterum
756 3447 1128 3516 calumniatur,
1154 3450 1362 3506 etiamsi
1390 3450 1521 3506 nihil
1551 3450 1674 3505 mali
1700 3452 2007 3522 patraverit,
2042 3462 2100 3506 ut

501 3536 741 3592 criminis
787 3539 865 3594 rei
905 3539 1168 3610 supplicio
1211 3541 1483 3611 plectitur.
1544 3540 1678 3597 Vide
1720 3542 1878 3612 igitur
1901 3550 2096 3612 quanta

500 3629 639 3683 mala
670 3628 915 3687 diabolus
957 3646 1050 3702 per
1091 3632 1257 3688 fatum
1300 3634 1560 3689 inducat:
1600 3635 1807 3689 virtutis
1850 3643 2097 3689 contem-

501 3728 694 3789 ptum;
740 3723 977 3778 animrm
1019 3725 1216 3796 quippe
1241 3727 1461 3781 resolvit
1503 3728 1843 3797 quantumvis
1872 3742 2097 3797 pronum

501 3808 568 3863 ad
617 3811 842 3867 sudores
890 3827 988 3883 pro
1031 3815 1119 3868 illa
1165 3817 1571 3887 suscipiendos,
1622 3817 1836 3888 quando
1886 3817 2096 3885 suadet,

504 3900 708 3955 nullum
735 3903 878 3973 quod
918 3905 973 3958 in
1012 3921 1110 3961 nos
1136 3906 1335 3963 incidat
1357 3918 1564 3980 gestum
1597 3924 1693 3980 pro
1724 3909 1853 3965 vitio
1891 3908 2099 3966 haben-

568 4083 587 4111 ³
620 4077 775 4143 Colb.,
798 4080 887 4147 ﬁla
907 4082 1032 4147 ejus,
1056 4098 1168 4149 quae
1192 4088 1339 4137 etiam
1360 4074 1512 4140 lectio
1533 4090 1774 4154 quadrare
1792 4095 1972 4153 potest.

1305 389 1362 445 S.
1403 388 1683 447 JOANNIS
1720 387 2202 447 CllRYSOSTOMl
2241 389 2561 447 ARCHIEP.
2594 388 3130 449 CONSTANTINOP.
3386 374 3425 401 θ
3724 398 3813 455 760

2209 500 2356 557 dum.
2378 501 2511 558 Cum
2529 504 2671 559 enim
2698 505 2815 575 quis
2841 504 3109 578 didicerit,
3134 503 3429 574 mtecbum,
3463 507 3805 575 homicidam,

2205 608 2483 649 murorum
2512 592 2850 660 et'fossorem,
2881 610 2988 649 non
3033 609 3155 651 esse
3194 597 3436 653 criminis
3478 614 3674 665 reum,
3715 618 3813 658 non

2205 685 2415 741 desinet
2443 686 2596 756 quasi
2629 686 2683 741 in
2731 687 2989 758 ρι’ωοὶρίιί
3032 687 3154 742 loco
3192 698 3382 757 sponte
3426 705 3603 745 ruens
3641 693 3805 761 provi-

2205 776 2401 832 dentia:
2441 776 2575 832 alios
2622 778 3035 833 calumniatores
3062 777 3315 847 efficere,
3362 788 3416 835 et
3465 780 3587 851 ipse
3612 797 3814 852 quoque

2205 867 2560 921 calumniator
2578 867 2670 921 Dei
2703 882 2824 923 esse
2860 885 2874 923 :
2903 883 3009 938 quo
3038 868 3189 940 quid,
3218 885 3422 938 quzeso,
3454 872 3807 941 perniciosius

2205 974 2326 1015 esse
2354 959 2576 1029 potest?
2630 959 2917 1031 Fugiamus
2948 961 3125 1031 itaque
3146 1002 3161 1027 ,
3187 960 3402 1027 dilecti,
3452 963 3623 1018 talem
3654 964 3810 1020 idolo-

2206 1051 2447 1107 latriam:
2475 1067 2602 1107 vere
2624 1067 2770 1107 mors
2794 1052 2951 1107 estin
2967 1053 3073 1107 olla
3095 1053 3169 1123 (4.
3196 1053 3323 1125 Reg.
3344 1055 3398 1109 4.
3422 1054 3551 1125 40),
3575 1070 3806 1110 omnem-

2210 1159 2315 1214 que
2359 1145 2449 1215 qui
2506 1144 2629 1199 iude
2676 1144 2917 1201 hauserit
2963 1146 3046 1201 vel
3101 1146 3365 1201 tantillum
3415 1163 3802 1218 perversoruen

2205 1235 2533 1306 dogmatum,
2567 1252 2789 1306 prorsus
2820 1237 2956 1314 mori
2983 1252 3204 1293 necesse
3229 1247 3332 1304 est,
3354 1220 3469 1295 “nisi
3503 1241 3729 1305 resiliat,
3757 1251 3803 1296 et

2205 1329 2434 1383 sanitate
2481 1344 2611 1397 pura
2639 1327 2866 1383 fruatur.
2898 1327 2995 1383 .Ne
3036 1329 3194 1400 igitur
3237 1339 3421 1400 postea
3477 1330 3800 1386 infructuose

2204 1419 2517 1489 ploremus,
2564 1434 2687 1474 cum
2718 1419 2872 1474 nobis
2917 1427 3175 1475 statutum
3218 1421 3558 1491 poenitentiae
3608 1431 3804 1491 tempus

2207 1520 2330 1583 post
2358 1511 2639 1568 decessum
2680 1513 2961 1583 prmcisum
3004 1514 3201 1580 fuerit,
3250 1514 3424 1570 donec
3483 1516 3540 1570 in
3596 1516 3801 1570 arbitrio

2205 1613 2391 1658 nostro
2412 1604 2573 1658 situm
2600 1613 2702 1669 est,
2726 1614 2985 1675 quotquot
3012 1605 3112 1659 hoc
3127 1606 3360 1676 correpti
3381 1621 3576 1660 sumus
3604 1606 3799 1669 morbo,

2206 1697 2577 1767 pmnitentiam
2605 1710 2825 1767 agamus
2853 1706 2910 1752 et
2936 1697 3314 1767 resipiscamus
3344 1711 3360 1751 :
3394 1706 3664 1769 quotquot
3686 1713 3802 1753 vero

2204 1789 2318 1843 sani
2346 1803 2551 1855 sumus,
2570 1798 2624 1843 et
2654 1788 3071 1843 incolumitatem
3098 1803 3396 1854 servemus,
3418 1789 3604 1844 ethoc
3625 1789 3801 1843 morbo

2204 1880 2463 1951 correptis
2504 1895 2719 1935 manum
2761 1879 3115 1951 porrigamns.
3158 1878 3289 1933 Nam
3320 1879 3364 1934 si
3391 1894 3629 1951 corpore
3655 1879 3798 1950 a'gris

2205 1971 2307 2027 hoc
2330 1972 2562 2026 studium
2608 1971 2852 2042 hancque
2893 1986 3077 2025 curam
3126 1969 3480 2036 adhibemus,
3531 1971 3692 2024 animi
3719 1972 3795 2024 iu-

2203 2073 2429 2135 grucnte
2457 2063 2646 2118 morbo
2670 2104 2684 2129 ,
2723 2062 2854 2132 quid
2890 2078 2996 2117 non
3035 2076 3066 2116 a
3095 2063 3249 2117 nobis
3291 2065 3657 2133 prmstandum
3691 2062 3798 2117 est?

2204 2157 2329 2228 quid
2362 2173 2467 2211 non
2513 2155 2935 2222 sustinebimus,
2992 2164 3049 2209 ut
3080 2154 3337 2224 fratrem,
3381 2156 3452 2211 ad
3498 2157 3797 2211 societatem

2205 2248 2569 2303 membrorum
2601 2246 2845 2302 eamdem
2872 2254 3181 2316 cooptatum
3207 2288 3223 2312 ,
3272 2261 3661 2317 recupcremus
3679 2288 3693 2313 ,
3715 2244 3794 2315 qui

2203 2339 2270 2394 ad
2289 2339 2676 2410 plenitudinem
2694 2339 2936 2409 corporis
2952 2338 3298 2394 ecclesiastici
3323 2339 3599 2410 pertinet?
3620 2339 3794 2394 Omnia

2204 2431 2364 2501 igitur
2383 2430 2540 2501 hujus
2557 2445 2715 2484 causa
2734 2430 3110 2499 suscipiamus,
3139 2430 3314 2484 omnia
3338 2429 3627 2494 faciamus,
3652 2444 3797 2484 canes

2204 2534 2267 2577 ac
2293 2521 2446 2591 lupos
2472 2521 2778 2591 abigentes:
2803 2536 2977 2590 neque
3005 2530 3238 2575 nostram
3258 2520 3487 2576 salutem
3506 2522 3637 2576 satis
3658 2519 3797 2573 nobis

2202 2628 2325 2669 esse
2343 2623 2608 2683 putemus.
2624 2610 3079 2680 Quemadmodum
3101 2612 3241 2665 enim
3262 2611 3466 2666 dictum
3484 2621 3591 2679 est,
3608 2611 3667 2665 Si
3678 2610 3797 2664 vide-

2208 2704 2295 2758 bas
2314 2690 2503 2773 furem,
2533 2701 2767 2757 εισι-αὔας
2791 2718 2906 2755 cum
2927 2718 3004 2769 eo,
3038 2712 3085 2755 et
3111 2719 3226 2755 cum
3249 2701 3504 2757 adulteris
3528 2702 3792 2772 pactionem

2205 2804 2345 2849 tuam
2364 2793 2583 2865 ponebas
2604 2786 2723 2862 (Ps.
2743 2791 2830 2847 49.
2860 2790 2950 2863 18)
2968 2809 2981 2845 :
3003 2791 3072 2846 ita
3090 2800 3145 2848 et
3166 2791 3252 2847 hic
3262 2807 3478 2863 quoque
3504 2791 3791 2851 audiamus;

2204 2900 2325 2940 cum
2344 2883 2633 2939 viderimus
2653 2883 2883 2954 aliquem
2905 2897 2968 2937 ex
2991 2881 3451 2937 fratribusnostris
3462 2881 3789 2937 sutl'urantem

2204 2976 2386 3030 verbis
2412 2986 2480 3039 et,
2492 2974 2725 3029 susurris
2749 3014 2764 3039 ,
2798 2973 2896 3027 ista
2924 2973 3224 3027 audiamus.
3257 2973 3459 3027 Domus
3489 2970 3692 3027 Domini
3716 2978 3789 3022 est

2207 3067 2467 3135 Ecclesia,
2496 3082 2623 3122 vasa
2655 3065 2884 3137 pretiosa
2907 3073 3031 3119 sunt
3059 3064 3265 3119 fideles.
3291 3062 3424 3118 Cum
3452 3079 3586 3135 ergo
3612 3059 3787 3117 videris

2205 3170 2485 3216 externum
2514 3159 2746 3230 aliquem
2772 3173 2838 3212 ex
2869 3157 3012 3212 vasis
3033 3156 3304 3228 quidpiam
3332 3157 3574 3228 diripere
3606 3168 3787 3210 conan-

2205 3259 2312 3307 tem
2339 3293 2354 3319 ,
2387 3250 2596 3307 etiamsi
2626 3258 2681 3305 tu
2708 3264 2817 3304 non
2862 3248 2965 3304 hoc
2990 3249 3116 3304 vitio
3144 3258 3331 3317 captus
3357 3248 3433 3302 sis
3456 3289 3475 3316 ,
3507 3254 3685 3317 utpote
3711 3239 3788 3311 qui

2207 3342 2544 3413 pericliteris,
2573 3341 2618 3396 si
2644 3342 2898 3412 negligas,
2924 3355 3098 3411 neque
3118 3339 3279 3393 adeas
3299 3353 3411 3404 eos,
3438 3340 3532 3409 qui
3561 3338 3610 3393 id
3628 3348 3789 3392 emeno

2204 3433 2334 3489 dare
2361 3440 2605 3502 possunt,
2638 3446 2763 3487 reus
2782 3432 2891 3487 eris
2916 3432 3109 3485 animae
3136 3431 3295 3496 illius,
3324 3431 3412 3500 qui
3440 3445 3567 3485 eum
3606 3425 3787 3482 videris

2206 3524 2376 3580 furem
2402 3524 2767 3588 elfodientem,
2794 3539 2900 3579 non
2930 3522 3271 3594 impediveris
3297 3523 3410 3577 sive
3442 3538 3545 3593 per
3572 3529 3621 3575 te
3642 3561 3656 3585 ,
3683 3518 3786 3571 sive

2207 3632 2302 3687 per
2325 3615 2508 3670 alium.
2540 3614 2722 3685 Neque
2747 3630 2873 3670 vero
2904 3616 3006 3669 hoc
3035 3613 3175 3679 dico,
3205 3611 3346 3683 quod
3380 3612 3475 3666 tibi
3512 3607 3785 3683 periculum

2206 3708 2521 3779 impendere
2544 3717 2749 3779 putem,
2794 3706 2889 3762 sed
2920 3715 2976 3761 ut
3007 3715 3059 3761 te
3085 3719 3344 3783 securum.
3363 3703 3606 3768 reddam,
3638 3708 3783 3767 utque

2206 3803 2260 3859 id
2314 3801 2542 3858 efﬁciam
2589 3810 2649 3856 ut
2702 3800 2921 3871 perinde
2968 3799 3197 3853 aliorum
3244 3807 3407 3867 atque
3458 3805 3604 3850 tuam
3649 3801 3785 3846 cures

2206 3894 2453 3949 Salutem.
2485 3891 2555 3945 lta
2584 3891 2727 3946 enim
2752 3891 3043 3960 poterimus
3070 3888 3332 3959 promissa
3357 3885 3614 3956 consequi
3642 3884 3782 3939 bona.

2204 3985 2372 4055 gratia
2429 3983 2666 4051 Christi,
2722 3983 2807 4038 cui
2864 3982 3034 4052 gloria
3091 3980 3145 4035 in
3201 3979 3399 4035 saecula
3457 3977 3778 4034 saeculorum.

2208 4081 2403 4131 Amen.

525 4198 3787 4235 ____________________________________________.

1363 4322 1524 4404 DE
1577 4314 2376 4406 PROVIDENTIA
2431 4317 2580 4398 ET
2624 4310 2955 4399 FATO.

1152 4643 1350 4684 ORATIO
1390 4645 1461 4683 ιν.

576 4717 773 4774 Eadem
799 4721 912 4791 ipsa
939 4721 1104 4775 dicere
1141 4721 1266 4775 mihi
1297 4722 1497 4791 quidem
1529 4736 1681 4792 grave
1705 4736 1806 4775 non
1827 4729 1931 4787 est,
1969 4718 2106 4774 vobis

506 4826 623 4866 vero
652 4820 815 4864 tutuo:
841 4810 1102 4883 (Philipp.
1135 4813 1191 4867 5.
1220 4810 1297 4885 1).
1343 4812 1497 4880 Quod
1521 4813 1566 4867 si
1592 4812 1760 4867 Paulo
1801 4811 2107 4881 frequenter

506 4903 801 4973 discipulos
824 4903 1063 4959 doctrina
1087 4905 1327 4962 imbuere
1352 4920 1485 4975 opus
1501 4906 1601 4961 fuit
1618 4922 1633 4969 ;
1652 4905 1839 4972 Paulo,
1866 4903 2101 4974 inquam,

507 4996 748 5067 quicum
780 4993 1009 5064 Spiritus
1047 4998 1215 5067 gratia
1261 4997 1522 5064 docebat,
1576 4997 1665 5068 qui
1709 5012 1831 5051 cum
1881 4995 2106 5066 imperio

509 5087 755 5143 inimicos
783 5086 1066 5157 abigebat,
1107 5089 1197 5159 qui
1220 5091 1458 5145 onmium
1485 5089 1832 5160 aegritudines
1859 5087 2102 5156 tollebat,

513 5180 676 5236 Paulo
698 5181 769 5235 ita
797 5178 1083 5246 honorato,
1117 5195 1274 5249 quem
1305 5197 1496 5238 omnes
1520 5181 1809 5237 audiebant
1830 5181 1978 5251 quasi
2005 5195 2105 5234 an-

508 5274 685 5344 gelum
713 5275 781 5329 de
805 5273 939 5329 caelo
960 5273 1403 5339 descendentem,
1429 5276 1539 5331 imo
1566 5276 1742 5344 potius
1764 5275 1914 5345 quasi
1933 5275 2105 5345 ipsum

511 5366 817 5431 Christum;
849 5367 892 5422 si
921 5364 1099 5437 itaque
1120 5365 1194 5421 illi
1217 5381 1438 5422 necesse
1458 5366 1559 5422 fuit
1579 5368 1888 5443 frequenter
1919 5365 2106 5422 eadem

512 5456 625 5526 ipsa
648 5469 915 5533 repetere,
941 5459 1109 5514 multo
1129 5459 1297 5530 magis
1315 5460 1489 5526 nobis,
1518 5461 1607 5531 qui
1631 5461 1778 5516 nullo
1804 5461 1856 5515 in
1883 5474 2108 5515 numero

512 5564 719 5608 sumus.
746 5554 957 5609 Etenim
987 5554 1147 5609 etiam
1176 5553 1329 5610 vobis
1372 5563 1542 5609 tutum
1584 5563 1667 5609 est
1706 5553 2015 5625 frequenter
2039 5552 2109 5608 de

513 5640 702 5697 iisdem
733 5644 864 5714 ipsis
888 5645 1047 5700 rebus
1081 5645 1270 5701 audire
1290 5688 1307 5712 ,
1343 5660 1443 5702 nec
1472 5644 1632 5700 modo
1660 5645 1728 5700 de
1758 5644 1944 5703 iisdem
1977 5644 2108 5714 ipsis

512 5731 699 5802 rebus,
731 5732 822 5789 sed
853 5733 1039 5790 eadem
1066 5736 1178 5807 ipsa
1201 5736 1270 5793 de
1299 5736 1487 5793 iisdem
1519 5736 1647 5806 ipsis
1666 5735 1846 5791 rebus.
1879 5735 1957 5790 Ne
1983 5750 2106 5804 grav

514 5833 670 5880 vetur
694 5838 822 5895 ergo
849 5824 1127 5900 quisquam
1154 5867 1169 5895 ,
1212 5841 1384 5897 neque
1416 5826 1697 5883 molestum
1731 5825 1829 5883 sibi
1862 5835 2030 5898 putet,
2061 5826 2103 5880 si

2218 4626 2286 4682 de
2314 4625 2500 4681 eadem
2526 4623 2807 4695 hypothesi
2832 4621 3019 4679 eadem
3046 4621 3157 4692 ipsa
3189 4627 3558 4686 retractemus.
3578 4613 3630 4670 Si
3657 4606 3779 4665 enim

2207 4719 2479 4775 conﬁdere
2505 4718 2688 4773 liceret
2714 4757 2729 4781 ,
2758 4730 2855 4770 vos
2882 4715 2965 4769 his
2990 4711 3155 4768 semel
3196 4710 3391 4765 auditis
3439 4703 3780 4780 aegritudinem

2211 4811 2374 4865 animi
2398 4809 2737 4880 deposituros
2773 4821 2915 4874 esse,
2966 4820 3034 4860 ne
3066 4804 3145 4858 sic
3170 4802 3387 4874 quidem
3413 4801 3480 4857 ab
3510 4800 3610 4854 hoc
3635 4802 3775 4860 argue

2209 4914 2391 4960 mento
2420 4900 2781 4957 recedendum
2809 4941 2824 4967 ,
2869 4899 2963 4953 sed
3001 4896 3067 4952 de
3092 4896 3284 4951 eodem
3320 4895 3434 4964 ipso
3473 4884 3772 4977 loquendunt

2209 5006 2372 5064 esset,
2407 5005 2464 5050 ut
2492 4996 2644 5049 ﬁrma
2667 4991 2979 5060 stabilisque
3004 4988 3204 5042 sanitas
3233 4994 3409 5048 esset,
3436 4993 3630 5052 vosque
3653 4978 3771 5029 cauti

2209 5090 2400 5144 essetis
2424 5128 2439 5153 ,
2487 5103 2554 5141 ne
2581 5086 2632 5139 in
2660 5083 2775 5138 haec
2802 5098 2966 5152 opera
2997 5080 3325 5136 recideretis.
3380 5075 3633 5143 Quoniam
3667 5071 3776 5117 vero

2209 5181 2347 5251 apud
2382 5179 2652 5233 auditores
2695 5176 2952 5246 reliquias
2996 5173 3171 5227 adhuc
3203 5169 3373 5225 morbi
3404 5182 3525 5222 esse
3556 5156 3769 5251 suspica‘

2211 5244 2352 5338 mur,
2386 5269 2688 5324 necessaria
2714 5277 2767 5322 et
2786 5244 2979 5320 rationi
3011 5270 3369 5319 consentanea
3401 5256 3554 5312 nobis
3580 5258 3656 5308 est
3680 5244 3773 5338 frg-

2146 5351 2157 5373 ¹
2209 5331 2380 5434 quens
2413 5360 2600 5415 iisdem
2639 5359 2706 5414 de
2746 5352 3271 5412 rebus‘adhorlatio.
3323 5348 3493 5404 Hodie
3516 5352 3677 5417 autem
3702 5331 3769 5434 άξ-

2211 5422 2439 5511 ecndum
2488 5463 2569 5509 est
2615 5467 2723 5525 quo
2775 5457 2934 5521 pacto
2983 5447 3097 5501 haec
3145 5442 3480 5514 eﬂ’ugiamus.
3525 5422 3770 5505 Quomodo

2211 5550 2372 5621 igitur
2401 5544 2749 5619 ell'ugiemus?
2798 5543 2980 5598 Primo
3022 5537 3269 5609 precibus
3310 5543 3365 5589 et
3388 5527 3642 5621 colloquio
3664 5528 3763 5621 culti

2214 5618 2346 5702 ﬁco,
2375 5618 2610 5695 secundo
2635 5637 2733 5707 piis
2761 5629 3188 5705 cogitationibus.
3213 5627 3268 5684 Si
3287 5626 3431 5682 enim
3458 5618 3760 5707 viderisqu

2213 5732 2387 5788 futura
2406 5774 2420 5798 ,
2444 5745 2563 5801 quso
2593 5705 2877 5799 praesentia
2906 5722 3127 5788 fuerint,
3154 5734 3216 5775 ac
3242 5725 3449 5774 rectu‘m
3475 5714 3542 5770 de
3563 5705 3765 5801 ιιιιήείμιξ2

2212 5796 2478 5880 calculum
2506 5796 2709 5887 tuleris,
2732 5830 3026 5896 ,nttmquam
3052 5812 3152 5868 hoc
3177 5810 3373 5866 malum
3399 5809 3619 5865 animam
3644 5796 3762 5849 ιυ³¹¹¹
