4124 6448
422 398 516 454 761

420 514 665 585 attinget.
714 512 844 568 Cum
883 528 1011 583 ergo
1053 510 1250 566 videris
1288 510 1590 581 quempiam
1624 518 1817 579 prteter
1840 507 2012 579 digni-

423 619 583 663 tatem
616 607 936 676 locupletem
962 647 977 669 ,
1021 622 1087 660 ne
1112 606 1322 660 beatum
1349 590 1627 673 pra'dices,
1662 619 1728 657 ne
1757 601 2013 655 aemulan-

418 701 546 757 dum
574 710 728 772 putes
748 740 762 766 ,
803 715 975 770 neque
1005 698 1095 753 llei
1140 696 1527 767 providentiam
1555 695 1779 750 damnes
1799 735 1812 758 ,
1840 708 2015 761 neque

421 804 578 864 putes
605 802 805 847 temere
826 800 880 845 ct
904 805 1035 845 casu
1084 787 1212 843 ferri
1261 802 1347 842 res
1393 795 1717 857 prtesentes,
1760 784 1882 854 quia
1922 783 2014 839 ille

418 885 683 954 quispiam
735 890 932 952 praeter
977 880 1223 934 meritum
1277 877 1514 948 locuples
1559 884 1661 931 est.
1707 874 2014 930 Recordare

420 975 607 1030 Lazari
650 984 698 1029 et
748 973 928 1027 divitis
968 970 1118 1043 (Luc.
1148 968 1239 1042 16)
1265 988 1278 1023 :
1307 978 1363 1023 ut
1409 969 1495 1023 hic
1523 966 1736 1037 quidem
1768 964 1835 1021 ad
1861 980 2013 1020 sum-

420 1074 563 1113 mam
594 1072 770 1117 rcrum
805 1065 858 1111 et
884 1056 1186 1110 divitiarum
1230 1054 1440 1123 copiam
1493 1050 1842 1122 pervenerit,
1891 1063 2012 1102 cum

418 1158 566 1206 esset
596 1149 858 1212 crudelis,
891 1148 1033 1203 ferus
1058 1156 1114 1202 et
1151 1146 1472 1201 inhumanus
1491 1185 1506 1209 ,
1535 1144 1769 1215 ipsisque
1795 1140 2017 1197 canibus

417 1243 690 1299 cﬂ'eratior
731 1260 744 1297 :
782 1241 1045 1311 siquidem
1088 1240 1164 1294 illi
1208 1252 1499 1310 pauperem
1542 1235 1933 1292 miserabantur
1961 1240 2015 1287 et

420 1335 722 1401 curabant,
771 1348 870 1388 nec
910 1313 1145 1403 segniter
1190 1331 1370 1386 ulcera
1415 1329 1469 1384 in
1511 1337 1622 1384 toto
1649 1328 1766 1398 ejus
1789 1339 2014 1397 corpore

421 1427 733 1497 lingebant;
792 1426 880 1481 ille
928 1440 1056 1481 vero
1097 1438 1164 1479 ne
1214 1423 1381 1478 micas
1428 1422 1644 1492 quidem
1690 1420 1787 1489 ipsi
1832 1418 2010 1474 dabat.

418 1515 603 1586 Cogita
626 1530 753 1586 ergo
782 1514 1051 1586 quomodo
1073 1514 1160 1568 hic
1184 1512 1250 1568 ad
1273 1527 1541 1567 summum
1571 1510 1858 1581 opulentiae
1886 1524 2011 1579 per-

419 1607 662 1672 venerit;
696 1607 782 1662 ille
808 1622 936 1661 vero
966 1620 1201 1676 pauper,
1242 1604 1335 1661 sed
1365 1603 1539 1673 reipsa
1566 1601 1714 1659 dives
1734 1642 1749 1668 ,
1779 1610 1833 1657 et
1865 1602 2013 1656 loeu-

420 1700 557 1769 ples,
589 1702 640 1753 in
668 1709 973 1755 extremam
1004 1698 1235 1768 inopiam
1268 1696 1566 1762 deciderit,
1611 1696 1683 1749 ita
1723 1704 1783 1749 ut
1828 1709 2014 1749 neces-

417 1792 562 1846 sario
587 1790 707 1845 cibo
733 1789 1115 1845 destitueretur
1137 1829 1154 1854 ,
1177 1802 1241 1844 ac
1270 1795 1528 1858 perpetuo
1548 1800 1670 1841 cum
1697 1783 2016 1856 a'gritudine

417 1892 476 1938 et
504 1881 643 1938 fame
669 1883 978 1937 luctaretur.
1013 1880 1081 1935 Et
1109 1879 1196 1935 hic
1225 1879 1441 1951 quidem
1470 1878 1668 1945 minus,
1700 1891 1859 1947 quam
1889 1889 2017 1929 usus

420 1974 574 2038 tulit,
619 1974 884 2039 habebat,
929 1972 1018 2028 ille
1063 1986 1193 2026 vero
1235 1971 1372 2025 ultra
1404 1968 1621 2025 modum
1653 1983 1832 2023 rerum
1862 1966 2016 2036 copia

419 2066 693 2124 affluebat.
728 2070 979 2121 Attamen
1012 2080 1119 2120 non
1146 2063 1372 2119 moleste
1404 2061 1626 2127 ferebat,
1660 2075 1765 2115 non
1794 2060 2014 2130 impium

419 2162 644 2217 verbum
670 2160 1009 2231 proferebat,
1034 2174 1138 2215 non
1172 2159 1338 2213 Deum
1369 2157 1676 2223 accusabat,
1708 2171 1813 2210 non
1837 2155 2012 2225 provi-

419 2253 656 2309 dentiam
677 2253 1081 2318 criminabatur,
1106 2266 1209 2306 non
1238 2249 1346 2305 fato
1370 2249 1485 2305 haec
1509 2247 1839 2304 adscribebat
1871 2263 1885 2312 ;
1919 2261 2018 2302 nec

419 2346 653 2414 cuipiam
693 2360 792 2401 nec
834 2345 933 2400 sibi
984 2344 1084 2414 ipsi
1128 2356 1381 2413 umquam
1419 2340 1599 2396 dixit:
1631 2340 1741 2409 Ego
1763 2339 1855 2408 qui
1887 2337 2017 2392 nihil

417 2438 696 2508 speciatim
727 2438 743 2469 ¹
774 2438 898 2492 mali
939 2438 1037 2493 feci
1063 2478 1078 2502 ,
1122 2435 1253 2491 tales
1284 2447 1468 2505 poenas
1492 2432 1596 2499 do,
1626 2440 1680 2487 et
1707 2440 2009 2487 extremum

417 2530 712 2586 cruciatum
741 2530 1015 2596 sustincer,
1048 2528 1187 2584 fame
1219 2526 1500 2583 tabescens
1520 2568 1535 2592 ,
1572 2523 1886 2595 gravissimo
1916 2522 2016 2578 ab-

416 2630 667 2692 sumptus
694 2622 901 2685 morbo,
933 2619 1184 2690 paulatim
1215 2618 1529 2688 absumptus
1557 2626 1612 2672 et
1636 2615 1899 2675 foedatus;
1931 2613 2018 2670 hic

419 2730 553 2770 vero
581 2714 733 2771 dives
758 2724 840 2771 est
866 2714 1178 2782 deliciisque
1206 2712 1392 2778 afﬂuit,
1418 2712 1607 2767 alienis
1624 2708 2017 2766 calamitatibus

418 2807 706 2875 opulentus
726 2848 740 2873 ,
783 2806 936 2861 malis
965 2805 1227 2859 insultans
1254 2803 1389 2859 meis
1423 2820 1436 2856 :
1468 2811 1523 2857 t-t
1562 2804 1706 2858 hunc
1736 2808 1913 2856 tamen
1938 2800 2019 2853 in-

417 2898 751 2963 humanum,
804 2897 1062 2952 immitem
1089 2938 1103 2962 ,
1160 2895 1429 2951 crudelem
1473 2903 1528 2949 et
1565 2908 1784 2949 saxeum
1807 2933 1821 2959 ,
1858 2901 2017 2946 tantae

418 2989 663 3061 pecunia:
692 2988 964 3044 dominum
997 2986 1121 3043 fecit
1154 2988 1326 3053 Deus;
1382 3002 1470 3042 me
1511 3001 1641 3041 vero
1661 3027 1675 3051 ,
1706 2984 1798 3055 qui
1820 2999 1887 3040 ne
1913 2984 2016 3039 mi-

416 3083 569 3140 nimo
596 3082 810 3153 quidem
843 3082 1008 3138 verbo
1045 3082 1217 3152 ipsum
1246 3080 1530 3152 provocavi
1555 3120 1571 3146 ,
1606 3087 1685 3134 tot
1712 3078 1869 3133 malis
1896 3093 2021 3133 cru:

415 3174 548 3229 ciari
578 3173 816 3244 permisit
846 3191 859 3228 :
888 3171 1155 3243 quomodo
1186 3171 1300 3226 haec
1320 3171 1467 3240 justo
1494 3170 1587 3225 illo
1606 3169 1811 3239 judicio
1836 3209 1850 3228 .
1885 3182 2019 3237 quo-

420 3264 584 3320 modo
614 3265 944 3335 providentia
980 3273 1036 3320 et
1058 3278 1186 3320 cura
1218 3263 1383 3318 nostri
1417 3262 1577 3333 digna
1611 3259 1845 3317 fuerint?
1877 3261 2016 3316 Nihil

420 3355 614 3411 horum
646 3356 734 3412 ille
775 3356 933 3412 dixit.
990 3356 1090 3423 Qui
1138 3356 1297 3425 igitur
1337 3370 1441 3410 non
1486 3352 1784 3409 ‘absurdum
1832 3352 2013 3420 fuerit,

420 3452 637 3522 quando
664 3451 822 3507 iidem
850 3450 950 3521 ipsi
977 3451 1063 3521 qui
1089 3450 1227 3503 male
1254 3447 1528 3518 patiuntur
1552 3446 1604 3501 in
1626 3445 1877 3501 omnibus
1910 3445 2019 3501 Deo

421 3545 498 3599 ita
530 3543 872 3610 benedicuut,
901 3552 953 3597 te
983 3541 1077 3612 qui
1104 3549 1253 3596 extra
1276 3539 1574 3595 certamina
1595 3537 1701 3603 sis,
1730 3537 1798 3591 de
1828 3535 2015 3590 iisdem

423 3635 483 3689 in
525 3635 691 3690 Deum
721 3633 1095 3704 blaSphemare
1133 3631 1202 3688 de
1239 3631 1433 3701 quibus
1471 3630 1562 3684 alii
1587 3629 1787 3700 gratias
1813 3626 2018 3699 agunt?

421 3725 526 3791 Qui
554 3725 697 3782 enim
720 3725 860 3780 malo
883 3721 1148 3789 afficitur,
1182 3722 1391 3777 etiamsi
1418 3719 1632 3790 aliquod
1665 3719 1886 3774 verbum
1916 3718 2019 3772 du-

422 3833 545 3873 rum
573 3817 891 3888 protulerit,
924 3815 1171 3886 quamvis
1209 3828 1317 3868 non
1354 3822 1554 3866 tantam
1579 3819 1832 3882 quantam
1860 3810 2018 3876 alius,
2104 3828 2107 3831 ·

422 3911 657 3980 aliquam
702 3917 879 3964 tamen
924 3907 1189 3962 minorem
1238 3905 1584 3974 consequitur
1630 3902 1885 3957 veniam:
1931 3901 2020 3971 qui

424 4012 606 4058 autem
638 4011 789 4058 extra
829 4000 1159 4057 calamitates
1184 4005 1430 4053 versatur
1453 4036 1469 4061 ,
1503 4004 1558 4050 et
1586 3994 1808 4049 aliarum
1840 4009 2019 4048 rerum

425 4107 587 4147 causa
617 4093 849 4146 animam
880 4106 1029 4147 suam
1058 4088 1231 4160 perdit
1255 4128 1272 4155 ,
1303 4101 1406 4158 qua
1433 4086 1586 4141 venia
1610 4084 1801 4155 dignus
1826 4080 1949 4147 erit,
1972 4081 2020 4137 si

426 4186 497 4241 de
524 4186 628 4240 illis
654 4186 705 4241 in
729 4185 897 4240 Deum
938 4182 1306 4252 hlaSphemet,
1336 4178 1404 4234 de
1432 4178 1624 4248 quibus
1649 4176 1738 4231 ille
1765 4174 1854 4246 qui
1885 4174 2023 4228 mala

427 4277 662 4347 patitur,
691 4275 888 4346 gratias
925 4273 1067 4343 agit,
1112 4280 1167 4328 et
1211 4270 1360 4326 illum
1397 4269 1618 4324 laudare
1656 4281 1762 4321 non
1789 4262 2024 4320 desiuit?

422 4367 561 4423 Cum
584 4366 783 4422 videris
818 4365 1022 4436 justum
1060 4362 1198 4418 mala
1226 4362 1516 4433 patientem
1539 4402 1554 4424 ,
1583 4361 1686 4413 hoc
1713 4355 2023 4427 exemplum

426 4459 608 4514 animo
639 4467 822 4526 repete
852 4475 867 4512 :
898 4470 1073 4526 neque
1099 4454 1241 4509 enim
1270 4453 1360 4507 illo
1399 4449 1686 4521 ju5tiorem
1717 4447 2024 4520 quempiam

429 4567 574 4605 nunc
599 4549 778 4605 dicere
802 4547 1019 4619 possis;
1048 4546 1099 4602 id
1129 4545 1273 4601 enim
1306 4544 1475 4613 liquet
1497 4553 1607 4598 tum
1638 4557 1704 4597 ex
1745 4538 2022 4611 patientia,

429 4654 544 4697 tum
572 4657 634 4699 ex
657 4641 894 4712 praemiis
922 4658 934 4693 :
968 4654 1090 4694 nam
1113 4638 1345 4708 primum
1368 4637 1457 4692 ille
1482 4633 1684 4705 requiei
1707 4635 1928 4690 sortitus
1943 4638 2029 4687 est

429 4740 606 4794 locum
628 4779 642 4803 ,
691 4752 814 4793 cum
846 4734 1145 4806 patriarcha
1168 4731 1438 4787 Abraham
1481 4729 1778 4784 honoratus
1804 4743 1819 4793 ;
1852 4740 2028 4795 neque

432 4828 598 4884 ullum
629 4827 828 4897 majora
857 4840 1069 4895 passum
1104 4823 1239 4878 mala
1269 4820 1555 4892 protuleris
1581 4861 1596 4885 ,
1626 4834 1799 4889 neque
1829 4819 1899 4872 ita
1929 4816 2026 4871 dc-

431 4919 640 4990 spcctui
678 4917 939 4972 habitum.
992 4913 1130 4983 Quid
1157 4913 1300 4968 enim
1342 4911 1534 4967 afferre
1570 4911 1742 4981 possis
1766 4951 1782 4976 ,
1813 4908 2030 4981 quando

435 5026 505 5068 ne
532 5012 600 5066 de
627 5010 780 5065 micis
808 5008 1058 5078 quidem,
1110 5023 1229 5078 quae
1276 5006 1346 5062 de
1396 5019 1580 5061 mensa
1624 5003 1921 5067 cadebant,
1970 5017 2031 5057 se

433 5105 653 5174 explere
682 5102 882 5172 potuit?
905 5100 1130 5169 Quando
1156 5099 1314 5170 igitur
1340 5111 1601 5153 summam
1630 5096 2028 5166 improbitatem

440 5193 638 5249 videris
668 5210 683 5249 :
712 5192 840 5263 quid
883 5192 1024 5247 enim
1051 5191 1476 5255 crudeliusisto,
1522 5188 1613 5259 qui
1642 5187 1785 5242 hunc
1807 5188 1860 5242 in
1887 5193 2031 5240 tanta

437 5285 740 5343 calamitate
767 5284 1083 5355 prmterierit
1103 5283 1128 5335 ?
1156 5283 1241 5339 vel
1261 5282 1387 5353 quid
1407 5281 1716 5337 affluentius
1734 5280 1821 5334 illa
1843 5292 2028 5333 mensa

432 5394 561 5434 esse
589 5387 784 5449 potest,
813 5388 904 5432 aut
931 5376 1169 5432 vestibus
1195 5389 1432 5432 summas
1466 5373 1686 5429 delicias
1715 5381 1769 5428 et
1797 5370 2034 5426 fortunas

430 5474 847 5531 indicantibus?
901 5487 1089 5527 rursus
1143 5485 1267 5527 eum
1311 5452 1510 5524 videris
1564 5481 1829 5523 summam
1877 5464 2033 5535 justi-

437 5569 598 5623 tiam:
625 5566 751 5637 quid
779 5566 921 5621 enim
943 5564 1245 5635 religiosius
1267 5561 1443 5617 anima
1466 5559 1590 5615 talia
1618 5558 1863 5629 patienti,
1896 5571 2037 5613 sum-

448 5673 666 5728 masque
720 5658 965 5713 miserias
998 5670 1261 5727 generose
1308 5652 1536 5709 ferenti?
1583 5651 1709 5722 quid
1751 5650 1894 5706 enim
1937 5648 2038 5704 mi-

446 5751 618 5808 serius
645 5750 786 5807 fame
812 5761 866 5806 et
899 5750 1089 5807 morbo
1119 5758 1227 5807 tam
1257 5746 1539 5805 insanabili
1559 5745 1582 5801 ’ἓ
1610 5761 1792 5816 quam,
1829 5758 2032 5815 qumso,

513 5884 529 5916 ³
565 5880 712 5944 mlh,
736 5882 927 5943 injuste.

1515 394 1603 450 DE
1643 392 1826 450 FATO
1864 393 1953 449 ET
1995 392 2474 450 PROVIDENTIA.
2517 392 2603 449 IV.

3607 393 3711 448 762

2121 508 2332 565 veniam
2374 507 2721 580 impetrabis,
2772 507 2923 563 si’iu
2961 507 3081 563 aliis
3118 507 3429 563 scandalum
3459 508 3718 578 patiaris?

2121 620 2247 659 num
2296 607 2437 659 intra
2488 603 2645 675 hujus
2691 604 2809 658 vita:
2851 601 3111 657 terminos
3159 616 3250 657 res
3296 602 3718 671 ciréutnscriptze

2120 695 2291 750 sunt?

2193 786 2271 842 De
2302 789 2476 861 futura
2494 784 3091 858 judicio.—Exspecta
3124 783 3305 849 finem,
3337 792 3393 838 et
3413 790 3541 838 tunc
3569 782 3720 836 vide-

2120 880 2204 936 bis
2226 880 2514 950 unicuique
2540 878 2833 935 secundum
2855 878 2976 933 vitae
3002 877 3252 933 meritum
3277 876 3432 931 tribui
3460 893 3474 930 :
3497 889 3570 930 ne
3593 884 3718 929 ante

2121 975 2358 1044 praemia,
2386 988 2453 1029 ne
2478 982 2601 1029 ante
2631 985 2861 1027 coronas
2890 969 3243 1041 perturberis.
3277 968 3409 1024 Cum
3438 962 3616 1037 itaque
3642 968 3716 1019 vi-

2119 1066 2264 1121 deris
2290 1066 2476 1121 ambos
2502 1066 2554 1120 in
2577 1064 2835 1134 judicium
2867 1061 3070 1134 ingredi
3094 1104 3108 1128 ,
3141 1071 3196 1117 ct
3224 1060 3544 1116 sententiam
3569 1058 3719 1127 judi-

2119 1156 2198 1212 cis
2214 1156 2415 1223 subire,
2439 1164 2564 1212 tunc
2585 1156 2653 1211 de
2675 1165 2902 1225 utroque
2921 1163 2975 1211 et
3003 1162 3057 1208 tu
3081 1151 3340 1224 judicium
3364 1149 3561 1221 profer.
3579 1149 3719 1216 Quot

2118 1265 2263 1305 nunc
2287 1259 2410 1305 sunt
2435 1290 2448 1313 ,
2476 1249 2566 1320 qui
2595 1249 2694 1304 viis
2724 1247 3077 1303 insidiantur?
3102 1253 3234 1315 quot
3256 1243 3347 1314 qui
3372 1234 3562 1296 muros
3589 1241 3720 1294 effo—

2118 1340 2272 1396 diunt
2295 1382 2310 1407 ,
2341 1349 2471 1410 quot
2496 1340 2869 1396 defunctorum
2898 1354 3049 1395 arcas
3080 1334 3403 1407 ell‘ringunt?
3431 1345 3562 1405 quot
3588 1332 3719 1387 turis

2122 1432 2445 1487 insidiantur
2467 1431 2679 1498 alienis,
2708 1439 2836 1500 quot
2862 1429 3150 1484 mortiferis
3170 1427 3392 1483 venenis
3412 1424 3718 1494 complures

2120 1523 2505 1595 perdiderunt?
2536 1522 2794 1593 numquid
2820 1522 2871 1576 in
2900 1522 2966 1576 iis
2986 1536 3300 1577 accusamus
3321 1518 3598 1588 jndicem?
3623 1517 3720 1571 Mi-

2121 1617 2287 1671 nime.
2318 1616 2374 1672 Si
2403 1616 2548 1672 enim
2578 1616 2702 1670 illos
2731 1616 2784 1669 in
2811 1613 3012 1684 judicio
3039 1613 3355 1667 constitutos
3383 1610 3712 1673 dimitteret,

2118 1718 2175 1763 et
2191 1723 2312 1763 eum
2329 1708 2418 1778 qui
2436 1707 2575 1761 mala
2599 1722 2785 1777 passus
2800 1715 2943 1762 esset
2963 1706 3240 1775 plecteret,
3253 1719 3373 1759 eum
3390 1716 3515 1758 vero
3537 1701 3625 1771 qui
3643 1701 3719 1753 in-

2122 1800 2332 1855 tulissrt
2352 1801 2640 1854 honoraret
2655 1808 2709 1854 et
2725 1806 3038 1854 coronatum
3060 1782 3372 1858 dimitteret,
3389 1808 3578 1848 revera
3599 1793 3719 1847 cul-

2122 1894 2328 1963 pandus
2341 1903 2393 1948 et
2407 1893 2781 1949 criminatione
2798 1890 3086 1946 admodum
3105 1890 3295 1959 dignus
3310 1897 3479 1943 esset:
3498 1902 3618 1942 cum
3634 1901 3720 1939 att-

2124 1992 2231 2040 tem
2254 1985 2487 2040 nondum
2512 1985 2687 2040 traditi
2711 1986 2838 2051 sint,
2864 1998 2963 2038 nec
2979 1982 3165 2053 judicii
3191 1991 3400 2051 tempus
3416 1979 3713 2043 advenerit,

2120 2075 2349 2131 necdum
2378 2077 2467 2131 ille
2499 2076 2733 2131 rationes
2762 2083 3009 2145 expetat,
3041 2084 3097 2128 tu
3126 2071 3469 2142 anticipando
3509 2070 3714 2125 conde-

2120 2170 2309 2225 mnas?
2335 2169 2493 2241 Atqui
2520 2170 2822 2239 oportebat,
2852 2167 3046 2238 inquit,
3069 2166 3231 2244 etiam
3258 2165 3347 2220 hic
3377 2172 3717 2235 peccatorum

2121 2275 2310 2331 pinnas
2338 2262 2488 2317 dare.
2517 2255 2691 2316 Vitam
2734 2269 2877 2315 tuam
2904 2299 2920 2326 ,
2951 2274 2984 2314 ο
3013 2257 3176 2313 homo
3200 2300 3214 2325 ,
3246 2255 3519 2328 perpende
3538 2295 3553 2320 ,
3584 2262 3639 2309 et
3666 2257 3718 2307 in

2121 2354 2502 2410 conscientiam
2526 2352 2805 2424 ingredere
2832 2360 3010 2419 tuam,
3033 2359 3087 2405 et
3112 2347 3434 2404 sententiam
3461 2344 3715 2412 mutabis,

2118 2460 2228 2501 non
2250 2444 2510 2515 judicium
2538 2444 2666 2498 illud
2691 2442 2952 2509 laudabis,
2986 2440 3080 2497 sed
3108 2439 3319 2509 benigni
3354 2439 3447 2491 Dei
3482 2436 3715 2491 toleran-

2123 2539 2248 2594 tiam
2273 2538 2615 2610 approhabis.
2645 2537 2777 2593 Nam
2807 2537 2853 2593 si
2890 2537 2957 2591 ab
2983 2547 3305 2605 unoqquue
3329 2531 3507 2587 statim
3534 2544 3564 2583 a
3595 2543 3718 2599 pec-

2121 2635 2256 2688 catis
2282 2632 2530 2688 admissis
2558 2646 2716 2702 poena
2754 2629 2973 2685 daretur
2992 2670 3007 2695 ,
3036 2625 3238 2698 jamdiu
3269 2637 3438 2695 genus
3468 2630 3711 2676 nostrum

2121 2727 2188 2782 de
2207 2724 2382 2780 medio
2403 2724 2672 2779 sublatum
2705 2720 2911 2776 fuisset.
2934 2719 3057 2785 Quis
3075 2718 3206 2773 enim
3227 2714 3526 2787 gloriabitur
3546 2730 3600 2768 se
3621 2729 3718 2782 pu-

2121 2834 2236 2872 rum
2258 2818 2439 2871 habere
2459 2832 2567 2881 cor,
2587 2823 2674 2867 aut
2703 2813 2814 2883 quis
2837 2810 3146 2880 conﬁdenter
3172 2808 3301 2862 dicet
3330 2823 3384 2861 se
3409 2821 3592 2876 parum
3612 2821 3720 2859 esse

2122 2925 2154 2962 a
2176 2909 2391 2981 peccatis
2414 2907 2433 2980 (
2457 2905 2614 2960 Prov.
2641 2904 2734 2961 20.
2763 2904 2869 2975 9)?
2892 2902 2994 2958 Sed
3023 2901 3236 2973 quando
3266 2899 3357 2955 Dei
3382 2898 3718 2954 tolerantiam

2122 3018 2265 3074 aegre
2295 3001 2402 3056 fers
2428 3040 2444 3066 ,
2474 3008 2651 3055 tecum
2695 3004 2945 3053 accurate
2989 3003 3176 3065 reputa
3207 3008 3270 3048 ea
3309 3008 3429 3063 qua:
3457 2990 3718 3046 admisisti

2122 3095 2337 3158 delicta,
2364 3101 2419 3148 et
2443 3092 2511 3147 de
2543 3090 2797 3162 patientia
2828 3089 2916 3143 illa
2943 3087 3169 3158 gratiam
3203 3085 3446 3151 habebis,
3481 3084 3720 3138 toleran-

2124 3189 2361 3256 tiamque
2403 3184 2545 3239 illius
2591 3181 2969 3238 admiraberis.
3029 3177 3414 3242 Couturbaris,
3467 3175 3716 3246 anget-is,

2122 3278 2304 3334 omnia
2334 3276 2564 3331 tumultu
2587 3275 2786 3345 reples,
2813 3273 2935 3343 quia
2964 3272 3054 3327 ille
3084 3280 3280 3341 praeter
3311 3271 3558 3325 meritum
3585 3268 3722 3323 dite-

2121 3373 2244 3436 scit,
2278 3379 2334 3425 et
2360 3369 2609 3424 clientela
2642 3368 2810 3422 multa
2843 3365 3060 3422 fruitur.
3096 3367 3284 3420 Annon
3314 3363 3467 3419 audis
3496 3362 3718 3432 psalmi-

2123 3474 2260 3520 stam
2299 3463 2562 3518 diccntem
2583 3505 2598 3527 ,
2634 3460 2718 3516 Ne
2762 3460 2988 3515 timueris
3012 3501 3027 3523 ,
3056 3474 3170 3511 cum
3208 3456 3347 3511 dives
3377 3458 3540 3528 [actus
3570 3455 3721 3526 fam-it

2123 3559 2273 3613 homo
2296 3573 2315 3612 :
2333 3556 2573 3627 quoniam
2601 3572 2713 3609 cum
2740 3553 3005 3619 interierit,
3034 3569 3134 3606 non
3154 3560 3317 3606 sumet
3347 3550 3536 3616 omnia,
3562 3565 3722 3617 neque

2124 3650 2388 3705 descendet
2413 3664 2525 3701 cum
2555 3663 2612 3701 eo
2641 3645 2805 3716 gloria
2834 3646 2944 3717 ejus
2979 3643 2997 3716 (
3023 3642 3167 3696 Psal.
3196 3642 3287 3697 48.
3323 3642 3410 3696 17.
3447 3639 3568 3709 18).
3602 3638 3719 3693 Non

2124 3741 2275 3796 audis
2300 3739 2615 3810 prophetam
2645 3751 2835 3805 magna
2861 3750 2989 3790 voce
3015 3735 3336 3789 clamantem
3360 3749 3375 3786 :
3403 3728 3581 3785 Omnis
3601 3745 3721 3782 caro

2125 3836 2315 3905 fumum
2335 3876 2348 3899 ,
2380 3843 2426 3888 et
2452 3833 2615 3888 omnis
2644 3831 2809 3903 gloria
2837 3830 2945 3900 ejus
2974 3828 3117 3898 quasi
3143 3828 3239 3896 flos
3267 3825 3388 3895 [teni
3427 3822 3597 3897 (Isai.
3627 3822 3718 3876 40.

2125 3928 2159 3984 6
2180 3927 2222 3998 ).
2259 3929 2450 3981 Annon
2479 3924 2630 3979 vides
2654 3937 2773 3977 cum
2805 3919 3186 3991 prophetarum
3218 3915 3451 3972 oraculis
3482 3913 3724 3969 testimo-

2127 4020 2272 4073 niutu
2306 4017 2565 4072 ferentem
2606 4029 2785 4068 rerum
2819 4009 3144 4066 veritatem?
3172 4022 3351 4062 annon
3381 4006 3532 4061 vides
3560 4018 3725 4073 expe-

2126 4094 2370 4166 rientiam
2413 4116 2469 4163 et
2506 4106 2707 4162 exitum
2751 4118 2872 4158 cum
2919 4100 3078 4156 dictis
3117 4099 3377 4155 calculum
3424 4097 3721 4160 ferentem,

2128 4204 2256 4258 Cum
2279 4201 2520 4256 interierit
2543 4240 2559 4265 ,
2591 4212 2692 4251 non
2735 4204 2894 4250 sumet
2940 4193 3151 4247 onmia?
3190 4190 3327 4245 Audi
3368 4187 3466 4245 Job
3493 4189 3722 4258 idipsum

2127 4288 2392 4351 dicent'em
2418 4333 2434 4357 ,
2470 4289 2657 4344 Nudus
2684 4303 2907 4359 egressus
2932 4302 3046 4340 sum
3087 4287 3152 4337 de
3179 4292 3321 4337 utero
3348 4280 3523 4334 matris
3562 4293 3688 4331 mea
3705 4318 3721 4342 ,

2129 4396 2176 4442 et
2195 4385 2362 4440 nudus
2387 4390 2609 4437 revertar
2634 4380 2755 4435 illuc
2785 4376 2935 4451 (Job.
2966 4379 3019 4431 1.
3047 4375 3114 4430 ‘21
3143 4373 3161 4446 )
3191 4392 3205 4428 :
3231 4373 3472 4445 quoniam
3500 4385 3613 4423 cum
3640 4369 3724 4421 in-

2128 4479 2334 4543 terierit,
2359 4493 2459 4531 non
2483 4482 2645 4530 sumet
2671 4471 2840 4527 omnia
2867 4468 3037 4542 (Psal.
3069 4467 3161 4522 48.
3185 4462 3309 4536 18).
3336 4461 3470 4517 Audi
3502 4460 3723 4517 Paulum

2129 4574 2315 4639 eadem
2346 4571 2458 4642 ipsa
2499 4565 2968 4640 philosophantem
2998 4604 3012 4625 ,
3042 4559 3190 4614 Nihil
3219 4556 3482 4611 intulimus
3511 4553 3562 4606 in
3592 4552 3727 4605 hunc

2130 4666 2378 4722 mundum
2402 4707 2416 4729 ,
2447 4648 2584 4716 haud
2617 4660 2825 4721 dubium
2869 4654 3003 4726 quod
3047 4669 3138 4707 nec
3167 4653 3370 4723 auferre
3394 4647 3516 4716 quid
3547 4660 3724 4715 possu-

2133 4776 2245 4813 mus
2272 4758 2360 4830 (1.
2389 4754 2524 4809 Tim.
2550 4752 2603 4806 6.
2634 4750 2725 4821 7).
2753 4748 2833 4803 Tu
2865 4761 2994 4801 vero
3020 4744 3232 4798 beatum
3266 4738 3524 4811 praedicas
3553 4735 3730 4790 homi-

2134 4867 2279 4917 nem,
2312 4851 2403 4920 qui
2432 4846 2562 4900 nihil
2590 4843 2801 4898 auferre
2830 4847 3004 4909 potest
3031 4851 3217 4891 eorum
3243 4876 3257 4899 ,
3290 4849 3409 4904 qua:
3437 4830 3727 4901 expediunt

2134 4943 2207 4998 illi
2240 4950 2435 5011 prtesto
2472 4950 2592 4991 esse
2622 4934 2676 4988 in
2716 4933 2803 4987 die
2826 4929 3006 5001 judicii
3030 4969 3044 4992 ,
3074 4936 3126 4982 et
3156 4941 3276 4996 quae
3300 4925 3471 4995 major
3496 4922 3732 4976 miserize

2134 5033 2270 5089 ratio
2298 5042 2457 5101 atque
2484 5025 2809 5084 infelicitatis
2832 5066 2847 5088 ,
2881 5022 2968 5077 dic
3004 5020 3133 5076 mihi
3157 5061 3172 5086 ,
3199 5034 3357 5089 quam
3384 5031 3501 5073 cum
3530 5015 3575 5068 is
3598 5055 3610 5074 .
3637 5011 3733 5080 qui

2136 5126 2189 5180 in
2216 5124 2420 5181 deliciis
2441 5121 2591 5187 vixit,
2622 5118 2746 5172 hinc
2771 5116 2881 5171 abit
2905 5128 3111 5169 summa
3140 5126 3261 5167 eum
3290 5104 3619 5179 ignominia?
3648 5102 3731 5156 Tu

2130 5232 2264 5274 vero
2291 5217 2335 5271 si
2365 5226 2686 5286 quemquam
2714 5209 3028 5280 opulentum
3072 5215 3127 5260 et
3152 5210 3488 5271 arrogantem
3524 5197 3577 5250 in
3612 5194 3733 5248 foro

2135 5309 2368 5373 videres,
2403 5306 2455 5361 in
2484 5313 2738 5360 extranea
2764 5300 2982 5371 regione
3012 5297 3181 5353 multo
3209 5294 3414 5349 honore
3442 5290 3730 5352 fruentem,

2138 5401 2383 5474 parasitis
2408 5398 2880 5465 adulatoribusque
2910 5393 3163 5462 stipatum
3187 5430 3200 5455 ,
3231 5385 3322 5441 ubi
3352 5392 3527 5438 autem
3556 5379 3610 5435 in
3638 5393 3735 5450 pa—

2140 5473 2292 5551 triam
2323 5493 2541 5559 rediret,
2566 5490 2696 5546 nihil
2723 5503 2905 5545 eorum
2934 5485 3241 5545 habentem,
3273 5478 3370 5534 sed
3398 5476 3620 5542 nudum,
3652 5473 3733 5528 in-

2139 5588 2388 5660 glorium,
2415 5584 2677 5641 mendicis
2714 5579 3040 5652 egentiorcm
3083 5589 3146 5629 ac
3175 5571 3456 5627 viliorem:
3482 5583 3550 5622 an
3593 5565 3735 5620 hunc

2141 5659 2485 5736 armulatione
2531 5677 2748 5746 dignum
2794 5668 3087 5728 censeres?
3135 5679 3313 5719 annon
3369 5660 3544 5733 potius
3587 5659 3737 5714 illum

2143 5774 2399 5828 miserum
2437 5780 2501 5826 et
2529 5769 2792 5823 infelicem
2837 5761 3085 5819 diceres?
3127 5759 3357 5837 ldipsum
3399 5770 3520 5825 erga
3546 5752 3739 5808 divites

2149 5863 2322 5919 facito.
2356 5864 2421 5917 At
2456 5859 2669 5932 quidam
2697 5865 2853 5923 sunt,
2888 5854 2975 5926 qui
3022 5858 3300 5924 postquam
3339 5848 3437 5904 hos
3466 5845 3536 5902 de
3566 5841 3738 5915 philo-
