4124 6450
505 390 611 446 765

511 502 703 571 sophia
722 518 996 560 sermones
1010 506 1353 572 moverimus,
1372 521 1523 560 suum
1545 506 1918 576 hircorumque
1938 503 2105 558 instar

502 593 777 649 abdomini
807 595 1334 666 addictid‘cbusque
1388 596 1742 665 praesentibus
1783 597 2101 681 servientes,

508 686 643 739 nihil
677 695 796 757 post
823 687 1101 743 decessum
1133 702 1414 758 superesse
1455 690 1785 745 arbitrantur
1813 707 1826 743 :
1859 690 1947 744 alii
1977 705 2103 745 vero

508 792 791 847 superesse
815 779 1029 849 quidem
1057 779 1233 851 aliqua
1259 789 1462 851 putant,
1489 782 1581 837 sed
1612 781 1893 852 prresentia
1915 783 2104 839 futuris

514 879 862 938 anteponunt.
904 869 1100 925 Contra
1142 886 1238 926 eos
1276 881 1454 927 autem
1478 914 1491 937 ,
1524 874 1614 944 qui
1657 874 1787 927 nihil
1819 888 2104 943 superesse

505 966 711 1029 putant,
729 959 823 1015 sed
845 962 1158 1017 exstinctam
1180 965 1413 1018 animam
1431 966 1631 1019 nullam
1648 965 1972 1020 reddituram
1984 980 2103 1022 esse

504 1050 764 1105 rationem
788 1094 802 1113 ,
834 1067 933 1107 nec
978 1068 1188 1123 pmnam
1238 1056 1533 1110 subituram
1576 1071 1697 1111 esse
1735 1056 2100 1121 arbitrantur,

505 1150 687 1210 utpote
707 1151 894 1198 contra
921 1145 1138 1201 insanos
1155 1154 1209 1200 et
1229 1144 1478 1212 furiosos,
1497 1146 1781 1203 ridiculum
1805 1147 1940 1203 forte
1960 1141 2115 1203 esset

503 1231 704 1288 dicere.
737 1234 922 1305 Neque
947 1240 1091 1291 enim
1138 1237 1182 1292 si
1213 1238 1334 1307 quis
1363 1239 1415 1293 in
1460 1239 1550 1294 die
1585 1239 1791 1294 dubitet
1834 1256 1959 1294 num
1988 1240 2102 1294 dies

506 1324 577 1378 sit
597 1365 611 1388 .
646 1333 698 1381 et
725 1324 796 1380 de
821 1327 1070 1382 omnibus
1096 1345 1215 1398 qua:
1247 1330 1299 1383 in
1325 1329 1576 1385 confesso
1604 1341 1730 1385 sunt
1754 1329 2100 1401 quaastionem

505 1425 739 1483 moveat,
772 1434 802 1473 e
828 1435 887 1475 re
918 1419 1075 1475 fuerit
1116 1421 1192 1476 illi
1224 1422 1403 1477 verbis
1430 1422 1772 1493 persuadere,
1805 1432 1860 1479 et
1888 1439 2008 1478 eum
2034 1426 2102 1480 ad

441 1562 444 1573 ,
506 1509 824 1564 sententiam
854 1510 1142 1567 adducere.
1172 1513 1421 1568 Attamen
1460 1512 1697 1568 caritatis
1724 1525 1914 1570 vestrae
1939 1532 2099 1572 causa

505 1614 626 1652 cum
654 1599 746 1656 illo
771 1615 984 1672 quoque
1009 1602 1401 1671 disputabimus
1424 1646 1439 1671 ,
1467 1606 1915 1676 quemadmodum
1946 1609 2101 1664 nobis

505 1691 598 1746 Dei
621 1692 792 1763 gratia
828 1693 1055 1749 dederit.
1083 1695 1223 1762 Quid
1253 1696 1417 1762 dicis,
1446 1696 1626 1764 homo,
1657 1698 1784 1753 nihil
1814 1709 1935 1768 post
1964 1700 2101 1757 hanc

502 1782 666 1836 vitam
680 1798 801 1839 esse
823 1785 1012 1854 putas?
1036 1785 1088 1841 Id
1108 1787 1246 1840 enim
1270 1803 1491 1844 necesse
1511 1799 1593 1844 est
1610 1788 1812 1858 dicere,
1831 1778 2100 1861 quomodo

506 1888 604 1929 ceu
637 1875 898 1931 malorum
941 1879 1290 1947 quorumdam
1319 1880 1583 1957 (gradibus
1606 1922 1622 1948 ,
1654 1898 1775 1938 eum
1801 1883 1893 1953 qui
1933 1883 2097 1940 semel

504 1981 534 2019 a
558 1966 797 2021 veritatis
818 1969 1028 2024 tramite
1048 1970 1288 2039 dejc-ctus
1318 1971 1495 2039 fuerit,
1526 1974 1579 2028 in
1604 1972 1925 2031 deteriorem
1953 1990 2099 2032 sem-

412 2068 423 2073 ‘
510 2073 609 2127 per
635 2061 954 2116 sententiam
985 2063 1198 2132 projicit
1221 2064 1484 2122 diabolus.
1514 2065 1891 2123 Animadverte
1914 2068 2057 2124 enim
2082 2085 2096 2122 :

508 2152 775 2218 persuasit
805 2156 1230 2225 temperantiam,
1254 2158 1558 2227 arquitatem
1583 2170 1913 2231 ceterasque
1936 2163 2102 2218 virtu-

504 2250 589 2296 tes
610 2244 898 2315 negligere,
924 2247 1164 2313 improbe
1187 2249 1365 2304 vivere
1391 2248 1536 2317 fecit,
1558 2265 1620 2305 ac
1648 2251 1716 2307 de
1746 2253 1953 2324 reliquo
1982 2253 2101 2310 illos

504 2347 683 2402 pravae
720 2337 1061 2392 conscientiae
1108 2339 1428 2405 assuefecit,
1472 2341 1720 2412 ipsosque
1764 2343 2011 2412 induxit,
2044 2353 2102 2400 ut

505 2439 726 2481 suorum
771 2427 1068 2484 facinorum
1097 2445 1310 2500 poenam
1343 2431 1394 2485 in
1426 2431 1561 2486 alios
1591 2433 1883 2490 transferre
1912 2435 2102 2491 stude.

504 2526 647 2586 rent,
675 2532 798 2573 cum
824 2521 1151 2593 Oportuisset
1178 2536 1209 2577 a
1238 2522 1470 2592 nequitia
1500 2523 1775 2580 recedere.
1805 2526 1872 2605 At
1897 2526 1972 2582 illi
1998 2529 2101 2582 hoc

504 2609 723 2665 minime
755 2611 1027 2679 fecerunt;
1068 2613 1163 2669 sed
1207 2614 1508 2685 improbum
1540 2616 1731 2688 dogma
1756 2659 1771 2684 ,
1805 2618 2101 2675 innumeris

502 2708 719 2756 scatens
748 2703 925 2769 malis,
954 2707 1243 2759 commenti
1285 2716 1443 2772 sunt,
1479 2705 1570 2761 fati
1602 2708 1867 2764 videlicet.
1896 2710 2100 2766 Deinde

503 2790 558 2844 in
606 2790 707 2845 hoc
745 2791 1003 2848 confutati
1048 2803 1102 2849 et
1143 2793 1299 2850 fateri
1343 2797 1560 2852 tandem
1604 2800 1772 2854 coacti
1816 2803 2100 2871 praesentia

502 2881 633 2936 nihil
663 2897 805 2950 esse,
837 2882 1008 2938 futura
1040 2886 1374 2955 subvertant,
1408 2902 1461 2945 et
1482 2892 1798 2946 sententiam
1824 2892 1889 2947 de
1918 2910 2100 2951 resur-

503 2974 743 3032 rectione
774 2976 984 3031 tollunt.
1014 2977 1084 3033 Et
1115 2979 1160 3034 si
1192 2979 1311 3034 illos
1341 2981 1392 3035 in
1423 2981 1527 3037 hoc
1551 2985 1712 3038 etiam
1739 2984 2096 3053 confutemus,

504 3068 558 3122 in
595 3068 753 3123 aliam
799 3069 1014 3140 impiam
1058 3071 1355 3128 doctrinam
1398 3074 1701 3131 decidunt:
1745 3093 1843 3133 nos
1888 3079 2098 3134 interim

500 3161 644 3232 quod
685 3163 738 3217 in
778 3164 1021 3220 manibus
1057 3175 1143 3222 est
1182 3167 1539 3225 confutemus.
1570 3169 1785 3226 Nihilne
1814 3183 1933 3242 post
1963 3171 2101 3229 hanc

503 3256 663 3309 vitam
693 3257 816 3324 erit,
843 3272 879 3313 o
904 3258 1083 3324 homo,
1119 3267 1175 3315 et
1203 3269 1257 3314 tu
1285 3260 1422 3318 hanc
1443 3264 1763 3319 sententiam
1789 3264 2102 3336 Oppugnasi

502 3345 675 3437 ϐξ*ωοί
705 3348 795 3418 qui
825 3356 902 3404 tot
930 3349 984 3404 in
1030 3351 1191 3407 rebus
1228 3350 1524 3409 delir‘arunt
1548 3395 1565 3421 ,
1597 3354 1758 3424 hujus
1798 3364 1973 3412 tamen
1997 3357 2100 3413 do-
2150 3388 2153 3391 ν

499 3440 692 3509 gmatis
718 3441 925 3495 veritati
952 3457 1056 3497 non
1088 3444 1418 3499 restiterunt.
1449 3445 1600 3514 Quod
1614 3446 1664 3501 ‘si
1693 3447 1810 3503 illos
1837 3448 2098 3518 sequaris,

501 3532 735 3602 aliquam
763 3543 911 3588 certe
940 3533 1014 3589 illi
1043 3534 1204 3590 vitam
1237 3546 1358 3607 post
1387 3536 1526 3593 hanc
1545 3553 1665 3594 esse
1691 3542 2097 3607 concesserunt,

501 3635 557 3680 et
577 3626 812 3682 rationes
835 3627 1160 3695 reddendas,
1185 3640 1239 3685 et
1260 3630 1461 3701 judicia
1487 3633 1627 3702 apud
1652 3633 1874 3700 inferos,
1904 3643 1960 3689 et
1982 3651 2101 3706 sup.

502 3716 681 3785 plicia,
711 3716 965 3786 honores,
990 3720 1223 3776 calculos
1253 3726 1411 3791 atque
1435 3722 1655 3793 judicia.
1688 3725 1742 3780 Si
1771 3724 1987 3782 Judmos
2013 3727 2100 3782 in-

505 3818 745 3878 terroges
768 3850 783 3875 ,
812 3819 905 3864 aut
932 3810 1211 3867 haereticos
1230 3853 1248 3878 ,
1273 3813 1318 3867 si
1356 3815 1599 3884 quemvis
1627 3815 1920 3881 hominem,
1949 3835 2102 3874 reve-

504 3900 710 3954 rebitur
744 3901 834 3956 ille
876 3902 1035 3973 hujus
1073 3904 1338 3975 dogmatis
1364 3908 1645 3964 veritatem
1678 3926 1691 3963 :
1723 3919 1780 3965 et
1824 3912 1869 3965 si
1900 3913 1952 3967 in
1981 3913 2099 3969 aliis

501 3989 751 4045 ditl‘erant
770 3993 1012 4051 homines
1031 3995 1126 4059 illi,
1147 3996 1200 4051 in
1225 3998 1327 4052 hoc
1353 4007 1528 4055 tamen
1551 4014 1740 4056 omnes
1755 4003 2097 4073 conveniunt,

504 4090 559 4135 et
577 4080 782 4147 dicunt,
804 4097 992 4139 eorum
1020 4101 1141 4156 qua:
1165 4085 1250 4141 hic
1269 4096 1419 4157 gesta
1447 4098 1574 4144 sunt
1592 4090 1857 4147 rationem
1885 4093 1955 4148 ibi
1977 4095 2101 4150 red—

504 4172 734 4229 dendam
758 4189 900 4231 esse.
932 4177 1004 4232 At
1030 4187 1082 4244 tu
1110 4178 1238 4234 nulli
1268 4179 1459 4235 horum
1483 4180 1859 4252 obtemperare
1881 4184 1979 4251 vis,
2004 4186 2097 4241 sed

503 4264 671 4319 semel
701 4265 871 4320 errori
903 4266 1118 4323 deditus
1148 4268 1488 4339 impudenter
1512 4272 1649 4341 agis.
1676 4271 1860 4344 itaque
1882 4285 2101 4345 propter

503 4371 631 4422 eos,
660 4357 753 4429 qui
780 4357 1073 4415 etiamnum
1124 4362 1371 4430 sapiunt,
1405 4361 1507 4417 hac
1542 4361 1612 4418 de
1652 4378 1713 4419 re
1742 4378 1919 4419 sermo
1945 4366 2099 4421 insti-

505 4448 733 4504 tuendus
757 4457 858 4505 est.
882 4450 1017 4504 Eum
1043 4451 1187 4506 enim
1217 4440 1306 4523 qui
1332 4452 1465 4507 nihil
1491 4462 1612 4523 post
1637 4452 1776 4510 hanc
1796 4456 1958 4511 vitam
1979 4471 2100 4513 esse
2140 4520 2148 4525 _

507 4541 837 4611 proﬁteatur,
863 4559 1038 4615 neque
1064 4546 1226 4600 Deum
1252 4546 1414 4601 etiam
1437 4561 1557 4603 esse
1578 4546 1732 4604 fateri
1752 4564 1974 4606 necesse
1993 4561 2095 4607 est.

509 4631 711 4698 Viden’,
743 4635 1193 4704 quemadmodum
1220 4637 1330 4693 dixi
1356 4679 1371 4703 ,
1402 4649 1792 4709 consequentes
1821 4642 2100 4711 opiniones

507 4723 772 4791 prioribus
796 4740 1011 4796 semper
1030 4726 1327 4783 deteriores
1350 4729 1615 4801 gradatim
1639 4732 1708 4787 ab
1732 4732 1837 4786 illis
1856 4732 2099 4789 admitti?

504 4816 563 4870 Si
591 4816 734 4870 enim
763 4826 882 4886 post
909 4819 1050 4876 hanc
1072 4821 1230 4876 vitam
1258 4822 1391 4877 nihil
1422 4823 1530 4879 illic
1559 4824 1833 4880 residuum
1864 4834 1968 4894 est,
2000 4842 2101 4882 nec

508 4908 652 4962 Deus
672 4908 835 4963 etiam
860 4920 961 4966 est.
981 4912 1117 4968 Nam
1149 4914 1192 4970 si
1222 4915 1364 4970 Deus
1388 4916 1476 4983 sit,
1500 4915 1677 4986 justus
1697 4925 1781 4973 est
1790 4935 1807 4999 ξ
1834 4918 1878 4972 si
1900 4919 2097 4989 justus,

508 5000 797 5070 unicuique
833 5017 933 5072 pro
976 5006 1170 5060 merito
1208 5007 1475 5063 retribuit.
1508 5008 1563 5063 Si
1609 5022 1773 5078 porro
1816 5009 1951 5066 nihil
1981 5020 2103 5080 post

506 5090 645 5147 hanc
672 5094 833 5147 vitam
857 5102 960 5160 est,
989 5096 1203 5152 ubinam
1238 5114 1335 5169 pro
1361 5100 1553 5156 merito
1579 5101 1806 5171 quisque
1833 5102 2099 5171 recipiet?

507 5186 921 5244 Animadvertas
947 5189 1105 5245 velim
1141 5206 1154 5243 :
1183 5192 1336 5247 mttlti
1369 5204 1562 5262 praeter
1588 5195 1837 5249 meritum
1863 5235 1878 5260 ,
1914 5206 1970 5249 ut
1998 5194 2099 5264 ipsi

499 5276 609 5346 jam
632 5277 862 5336 confessi
890 5293 1034 5348 sunt,
1055 5282 1211 5337 bonis
1236 5283 1633 5355 honoribusque
1659 5287 1905 5341 fruuntur
1926 5288 1977 5341 in
2001 5285 2099 5341 hae

504 5370 643 5437 vita;
674 5372 764 5426 alii
797 5389 927 5430 vero
950 5416 964 5439 ,
994 5377 1082 5445 qui
1111 5376 1162 5430 in
1186 5376 1393 5445 justitia
1421 5387 1647 5446 vivunt,
1680 5381 2008 5435 cruciantur.
2041 5381 2097 5437 Si

507 5479 634 5535 ergo
664 5466 866 5522 nulldm
898 5469 967 5523 sit
992 5480 1177 5539 postea
1217 5480 1457 5543 tempus,
1493 5472 1673 5541 inique
1700 5476 1903 5543 accepti
1926 5473 2093 5540 justi,

507 5567 704 5624 praeter
730 5560 982 5615 meritum
1012 5561 1150 5618 bene
1181 5562 1347 5618 habiti
1382 5563 1565 5633 injusti
1589 5564 1889 5620 discedent.
1919 5564 1976 5621 Si
2005 5581 2101 5620 au-

508 5655 613 5700 tem
643 5663 730 5703 res
767 5649 836 5704 ita
867 5668 927 5707 se
957 5652 1150 5708 habeat
1174 5695 1189 5721 ,
1217 5655 1488 5725 quomodo
1516 5670 1636 5711 esse
1661 5655 1866 5726 justitia
1893 5657 2099 5726 possit?

508 5737 741 5794 Necesse
766 5743 907 5795 enim
938 5751 1015 5797 est
1043 5786 1058 5811 ,
1090 5760 1212 5801 esse
1236 5747 1450 5817 aliquod
1481 5756 1687 5818 tempus
1714 5758 1835 5818 post
1864 5747 2107 5803 hancvi-

480 5835 639 5899 item,
662 5830 717 5884 in
734 5845 844 5901 quo
867 5831 1093 5903 singulis
1126 5851 1225 5907 pro
1248 5836 1440 5895 merito
1463 5838 1722 5896 tribuatur
1747 5855 1759 5892 :
1788 5840 1839 5894 iu
1866 5838 1964 5896 hac
1989 5839 2095 5895 vita

1306 391 1363 449 S.
1403 390 1682 448 JO.\NNIS
1719 384 2199 448 CIIRYSOSTOMI
2237 384 2557 443 ARClllEP.
2598 382 3130 441 CONSTANTINUP.
3705 390 3797 448 itit

2218 498 2367 553 enim
2392 498 2493 553 hoc
2518 512 2622 551 non
2651 497 2937 552 invenitur.
2964 496 3057 552 Sin
3085 497 3189 552 tale
3209 505 3416 567 tempus
3442 514 3551 556 non
3575 502 3663 566 sit.
3680 487 3800 572 quo-

2214 589 2375 644 modo
2400 590 2630 659 quisque
2656 604 2751 659 pro
2777 589 2969 644 merito
2991 589 3256 659 recipiet?
3282 589 3327 645 si
3354 606 3484 647 vero
3510 594 3686 649 nullus
3713 613 3798 665 pro

2213 682 2405 736 merito
2427 682 2634 751 recipit,
2658 697 2789 752 ergo
2813 682 2950 737 Deus
2976 682 3272 737 secundum
3295 692 3346 738 te
3365 683 3547 755 justus
3566 701 3673 741 non
3692 702 3794 754 est;

2215 775 2256 828 si
2288 773 2427 828 Deus
2447 773 2624 844 justus
2650 789 2756 827 non
2782 782 2885 839 est,
2911 789 3084 844 neque
3114 774 3256 829 Deus
3285 784 3384 830 est.
3413 775 3527 831 Sed
3558 776 3795 848 blasphe-

2212 865 2319 921 mia
2347 868 2400 919 in
2428 875 2586 935 caput
2607 880 2818 932 eorum,
2846 866 2932 935 qui
2966 880 3064 921 nos
3089 865 3157 920 ad
3187 865 3303 921 bmc
3331 866 3561 923 dicenda
3591 883 3792 939 compu-

2212 957 2406 1022 lerunt,
2435 965 2826 1027 retorqueatur.
2853 955 3041 1012 Videte
3064 958 3116 1011 in
3140 966 3392 1026 quantam
3414 959 3795 1031 blasphemiam

2210 1049 2381 1102 oratio
2409 1057 2657 1118 provecta
2700 1049 2788 1102 sit.
2825 1048 3019 1104 Verum
3062 1049 3205 1119 quod
3251 1051 3390 1108 Deus
3428 1052 3539 1121 sit,
3565 1068 3655 1110 res
3681 1055 3797 1123 ipsa:

2210 1140 2484 1195 clamant:
2517 1149 2572 1196 et
2615 1150 3008 1212 consequenter
3049 1143 3137 1197 ille
3178 1143 3357 1211 justus
3393 1154 3480 1200 est
3507 1163 3522 1199 :
3552 1146 3597 1201 si
3632 1148 3799 1217 justus

2210 1232 2319 1298 sit,
2353 1232 2636 1301 unicuique
2666 1246 2762 1301 pro
2798 1232 2992 1285 merito
3017 1234 3267 1287 retribuit
3294 1251 3308 1287 :
3332 1235 3376 1289 si
3403 1235 3688 1307 unicuique
3709 1255 3795 1308 pro

2210 1324 2403 1378 merito
2427 1325 2703 1390 retribuit;
2722 1339 2944 1380 necesse
2967 1334 3052 1381 est
3079 1337 3197 1396 post
3223 1326 3340 1382 haec
3364 1328 3514 1384 aliud
3539 1329 3791 1400 quoddam

2209 1429 2329 1469 esse
2358 1424 2590 1486 tempus,
2618 1430 2724 1486 quo
2745 1417 3113 1488 unusquisque
3142 1434 3237 1488 pro
3262 1420 3456 1474 merito
3479 1422 3723 1492 accipiet,
3745 1433 3793 1478 et

2209 1520 2312 1575 pro
2329 1507 2492 1576 gestis
2517 1507 2629 1561 suis
2652 1507 2737 1563 vel
2766 1522 2951 1576 pmnas
2977 1507 3145 1575 dabit,
3169 1509 3253 1565 vel
3283 1511 3563 1580 prwmium
3585 1514 3792 1585 accipiet

2210 1596 2374 1669 (Gen.
2405 1599 2458 1652 L
2493 1597 2585 1670 7).
2619 1597 2796 1654 Sobrii
2835 1599 3003 1655 simus
3028 1642 3043 1666 ,
3074 1600 3257 1656 dilecti
3288 1620 3302 1653 :
3331 1602 3552 1673 quidam
3584 1605 3635 1659 in
3657 1604 3791 1673 igno-

2206 1689 2381 1743 rantia
2420 1689 2510 1745 Dei
2543 1698 2855 1755 versantur,
2894 1705 2993 1745 nos
3021 1706 3152 1746 vero
3185 1693 3351 1749 sobrii
3383 1694 3588 1761 simus,
3620 1696 3791 1768 vigile-

2208 1793 2348 1832 mus.
2392 1778 2652 1847 Peccasti,
2677 1795 2745 1835 ne
2777 1780 2942 1837 addas
2986 1782 3175 1837 iterum
3210 1799 3225 1837 :
3258 1787 3516 1852 peccasti,
3542 1787 3785 1857 quiesce:

2206 1873 2438 1942 peccasti
2464 1915 2480 1939 ,
2514 1889 2583 1929 ne
2611 1884 2900 1929 connectas
2939 1875 3022 1932 bis
3068 1887 3307 1945 peccata.
3346 1878 3460 1943 Nos
3489 1897 3620 1937 vero
3647 1883 3789 1953 tripla

2209 1974 2261 2020 et
2298 1966 2592 2038 quadrupla
2636 1969 3008 2024 connectimus
3032 2011 3047 2036 ,
3080 1970 3264 2024 talium
3293 1973 3610 2041 opinionum
3640 1990 3790 2031 onere

2206 2059 2479 2115 tuentibus
2509 2061 2707 2116 nostris
2746 2061 3017 2131 imposito.
3051 2061 3289 2118 Peccasti
3314 2106 3329 2130 ,
3359 2079 3597 2135 agnosce
3624 2067 3787 2121 Domi-

2207 2166 2336 2206 num
2378 2152 2779 2209 misericordem
2805 2195 2821 2220 ,
2858 2154 3145 2225 benignum
3170 2196 3185 2219 ,
3228 2156 3423 2211 bonum
3447 2200 3463 2223 ,
3499 2159 3788 2227 medicum,

2207 2242 2627 2311 condonantem,
2656 2244 3006 2311 exorabilem,
3035 2245 3373 2315 placabilem.
3396 2247 3594 2303 Annon
3614 2248 3790 2304 audisd

2204 2333 2350 2403 quod
2385 2334 2571 2390 decem
2615 2335 2780 2389 millia
2828 2337 3023 2391 talenta
3071 2335 3285 2406 quidam
3329 2351 3452 2391 eum
3495 2338 3790 2393 devorasset

2213 2424 2434 2494 (Matth.
2471 2425 2555 2481 l8.
2592 2424 2720 2499 '24),
2752 2435 2804 2481 et
2848 2425 3038 2481 hcrilia
3084 2428 3264 2483 omnia
3307 2429 3447 2483 bona
3483 2430 3791 2500 perdidisset

2207 2531 2269 2571 ac
2290 2516 2676 2588 dissipavisset,
2701 2534 2821 2574 cum
2846 2527 3063 2589 paratus
3084 2530 3224 2575 esset
3244 2520 3309 2575 ad
3335 2522 3620 2578 mulierem
3645 2522 3793 2578 tilios-

2206 2626 2311 2682 que
2336 2612 2669 2678 vendendos,
2699 2621 2760 2666 ut
2784 2611 2929 2667 flevit
2959 2613 3155 2678 solum,
3188 2621 3247 2667 ut
3275 2612 3440 2683 pedes
3472 2614 3589 2668 heri
3616 2614 3789 2684 attigit,

2206 2704 2444 2759 universi
2472 2703 2612 2759 illius
2640 2703 2823 2759 debiti‘
2847 2703 3221 2759 remissionem
3250 2704 3501 2761 invenit?
3540 2706 3633 2762 Sin
3659 2706 3790 2761 dicas

2208 2797 2353 2851 illum
2388 2805 2568 2866 postea
2600 2795 2892 2851 tortoribus
2919 2795 3172 2850 traditum
3208 2812 3222 2849 :
3255 2805 3453 2851 norunt
3484 2812 3693 2853 causam
3723 2797 3786 2861 ii,

2205 2891 2295 2959 qui
2325 2889 2602 2944 historiam
2643 2889 2819 2945 sciunt
2847 2905 2862 2942 :
2892 2889 3035 2945 aliud
3078 2890 3209 2945 mihi
3241 2905 3427 2946 narras
3456 2891 3787 2946 humanitatis

2206 2991 2601 3051 argumentum.
2624 2982 2757 3037 Nam
2786 2990 2840 3037 et
2867 2991 2991 3041 tunc
3018 2982 3165 3037 illum
3197 2984 3483 3039 miseratus
3506 2985 3719 3047 dimisit,
3739 2991 3788 3037 et

2206 3088 2393 3128 rursus
2412 3074 2574 3129 alium
2602 3075 2889 3130 miseratus
2914 3090 3033 3130 eum
3065 3075 3116 3128 in
3144 3089 3414 3130 carcerem
3438 3073 3787 3148 conjecitzsic-

2206 3178 2266 3225 ut
2325 3165 2448 3222 huic
2488 3176 2613 3222 tunc
2638 3180 2794 3237 opem
2836 3167 2987 3234 tulit,
3019 3166 3090 3221 ita
3122 3182 3264 3222 nunc
3293 3167 3369 3221 illi
3400 3168 3642 3224 subsidio
3669 3166 3785 3231 fuit;

2208 3255 2349 3312 hunc
2378 3257 2447 3312 ita
2479 3258 2683 3328 accepit
2704 3299 2718 3325 ,
2749 3267 2806 3312 ut
2832 3258 3071 3314 erudiret
3100 3274 3168 3313 ne
3204 3258 3437 3314 crudelis
3459 3270 3518 3315 et
3546 3259 3779 3314 inhuma—

2207 3365 2309 3404 nus
2335 3358 2507 3416 esset;
2542 3349 2690 3404 illum
2721 3365 2882 3414 vero,
2921 3357 2981 3404 ut
3009 3365 3040 3405 a
3064 3350 3114 3403 vi
3141 3359 3194 3404 et
3224 3350 3562 3406 immanitate
3588 3348 3786 3404 alterius

2207 3440 2481 3496 liberaret.
2517 3440 2735 3505 Videte,
2767 3441 2945 3496 dilecti
2973 3457 2988 3495 :
3018 3441 3156 3497 bene
3194 3440 3325 3495 mihi
3356 3441 3498 3495 inter
3521 3438 3786 3496 dicendum

2207 3534 2352 3589 venit
2380 3534 2433 3588 in
2464 3542 2698 3589 mentem
2735 3532 2850 3587 haec
2879 3532 3132 3604 cogitatio
3164 3550 3179 3588 :
3209 3532 3482 3602 quomodo
3515 3548 3617 3587 non
3644 3528 3787 3586 modo

2206 3625 2471 3696 cupiditas
2498 3626 2693 3691 alieni,
2726 3634 2779 3680 et
2808 3625 3070 3680 bonorum
3098 3625 3332 3694 direptio
3355 3666 3370 3690 ,
3419 3640 3607 3680 verum
3637 3624 3782 3678 etiam

2206 3716 2594 3773 misericordim
2625 3716 2869 3772 defectus
2894 3758 2909 3783 ,
2954 3715 3254 3787 gehennam
3293 3714 3450 3769 nobis
3490 3716 3675 3785 pariat.
3702 3712 3789 3766 llic

2202 3810 2404 3879 quippe
2424 3848 2439 3873 ,
2484 3823 2590 3862 non
2617 3807 2758 3878 quod
2784 3808 2959 3863 aliena
2987 3808 3183 3876 injuste
3208 3806 3510 3876 rapuisset,
3542 3804 3637 3861 sed
3655 3800 3784 3874 quod

2207 3915 2299 3956 sua
2329 3899 2619 3955 inhumane
2644 3908 2933 3970 repeteret,
2967 3899 3257 3955 tortoribus
3287 3899 3513 3953 traditus
3539 3908 3639 3955 est.
3666 3896 3783 3952 Nam

2206 3991 2431 4058 dicitur,
2465 3991 2615 4046 illum
2654 3991 2936 4058 debuisse;
2970 4006 3154 4046 verum
3184 3990 3394 4046 etiamsi
3425 3990 3518 4046 ille
3542 3990 3782 4053 deberet,

2209 4093 2260 4139 et
2292 4093 2344 4139 tu
2371 4099 2583 4154 quoque
2604 4082 2746 4138 idem
2776 4084 2948 4152 ipsum
2978 4082 3242 4148 debebas,
3272 4091 3328 4136 et
3360 4081 3551 4137 eadem
3580 4080 3782 4150 aequitas

2207 4179 2260 4233 in
2291 4179 2528 4249 utrisque
2556 4176 2816 4233 servanda
2842 4184 2979 4233 erat.
3009 4174 3134 4231 Ideo
3161 4175 3363 4261 dimisit
3396 4175 3486 4230 tibi
3510 4217 3526 4241 ,
3561 4186 3616 4229 ut
3646 4186 3781 4227 suam

2208 4269 2300 4324 tibi
2340 4269 2650 4325 ostenderet
2690 4268 3070 4338 benignitatem
3094 4309 3110 4334 ,
3148 4275 3306 4337 teque
3334 4266 3623 4322 Donrinie-e
3650 4280 3784 4320 man-

2207 4360 2504 4416 suetudinis
2525 4358 2890 4414 aemulatorem
2914 4358 3184 4414 redderet.
3217 4357 3478 4424 Quoniam
3513 4372 3636 4412 vero
3661 4355 3783 4410 bene

2207 4462 2478 4524 acceptus,
2510 4467 2619 4507 non
2649 4451 2839 4506 melior
2861 4450 3083 4506 etl'ectus
3113 4465 3193 4515 es,
3221 4448 3394 4503 altero
3424 4457 3478 4504 te
3502 4448 3660 4503 modo
3678 4460 3782 4500 cor-
3848 4494 3858 4506 ,

2206 4544 2351 4615 rigit,
2381 4541 2643 4612 supplicio
2673 4541 2879 4597 scilicet
2904 4548 3065 4610 atque
3088 4539 3323 4594 cruciatu
3348 4556 3361 4591 :
3388 4538 3566 4607 itaque
3591 4545 3644 4592 et
3666 4533 3780 4590 illud

2208 4635 2450 4692 beneﬁcii
2481 4634 2722 4705 quaedam
2752 4634 2960 4704 species
2980 4641 3080 4688 est.
3114 4630 3356 4685 Tradidit
3380 4631 3670 4685 tortoribus
3690 4670 3703 4692 ,
3732 4634 3782 4679 ut

2206 4743 2306 4783 ceu
2332 4727 2569 4782 medicus
2595 4726 2830 4795 optimus
2860 4724 3153 4795 nequitiam
3193 4723 3354 4777 animi
3393 4723 3623 4781 tolleret.
3664 4717 3779 4774 Leni

2206 4819 2486 4874 medicina:
2516 4832 2622 4872 non
2665 4831 2945 4882 cesseras,
2985 4815 3127 4870 ferro
3154 4815 3249 4870 tibi
3288 4814 3542 4883 deinceps
3580 4821 3632 4869 et
3674 4811 3780 4879 igne

2206 4927 2343 4982 opus
2377 4920 2478 4968 est.
2511 4911 2668 4966 Novit
2696 4911 2784 4966 ille
2813 4911 2902 4981 qui
2931 4912 3116 4967 decem
3143 4909 3304 4963 millia
3336 4908 3532 4963 talenta
3563 4903 3778 4966 dimisit,

2209 5013 2260 5058 te
2286 5003 2554 5058 crudelem
2599 5011 2653 5057 et
2693 5001 3042 5056 inlmmanum
3071 5014 3226 5064 esse;
3259 4998 3353 5052 sed
3382 4996 3699 5068 exspectavit
3731 4999 3779 5043 ut

2206 5112 2274 5151 ex
2302 5111 2481 5151 rerum
2514 5101 2708 5148 eventu
2738 5107 2857 5147 sese
2897 5090 3035 5161 apud
3076 5100 3126 5146 te
3158 5105 3384 5160 purgare
3414 5099 3621 5158 posset,
3650 5081 3777 5156 quod

2207 5190 2522 5261 plerumque
2545 5186 2704 5254 facit,
2733 5187 2856 5241 licet
2891 5187 3025 5240 sciat
3047 5199 3106 5239 se
3131 5184 3273 5253 juste
3302 5197 3480 5252 agerc.
3510 5182 3777 5249 Postquam

2208 5299 2329 5340 sese
2368 5282 2508 5353 apud
2546 5291 2597 5336 te
2633 5280 2911 5352 purgavit,
2945 5278 3049 5333 hoc
3072 5276 3232 5342 facit,
3281 5272 3423 5346 quod
3451 5284 3506 5330 et
3532 5288 3649 5344 erga
3692 5269 3778 5323 So-

2206 5379 2435 5433 domitas
2476 5362 2747 5431 faciebat:
2781 5390 2888 5428 non
2932 5373 3111 5427 statim
3148 5370 3330 5439 injecit
3374 5371 3578 5440 ignem,
3618 5373 3775 5432 neque:

2206 5471 2368 5526 urbes
2395 5470 2513 5524 illas
2538 5468 2765 5523 vastavit
2793 5484 2808 5521 :
2838 5466 2932 5521 sed
2956 5466 3121 5534 quid?
3152 5461 3358 5517 Clamor
3385 5461 3714 5516 Sodomorum
3736 5458 3775 5504 ct

2210 5561 2613 5617 Comen/torum
2641 5559 2794 5631 (Gen.
2832 5558 2917 5613 18.
2944 5557 3038 5626 ΞΟ)
3061 5574 3075 5621 ;
3105 5570 3276 5624 neque
3303 5553 3356 5608 id
3388 5561 3586 5607 tantum
3607 5591 3621 5615 ,
3647 5544 3731 5602 sed
3756 5583 3769 5606 .

2207 5654 2532 5709 Descendens
2567 5653 2744 5707 videbo
2797 5650 2902 5723 (Ib.
2932 5666 2982 5704 υ.
3010 5646 3123 5720 2|).
3165 5646 3349 5715 Neque
3397 5645 3482 5699 hic
3518 5637 3766 5699 constitit.

2205 5744 2298 5798 sed
2339 5744 2477 5799 misit
2509 5744 2749 5815 angelos,
2784 5742 2873 5812 qui
2905 5740 2995 5795 tibi
3028 5738 3319 5794 incolarum
3348 5735 3574 5791 civitatis
3597 5725 3765 5828 nequi-

2209 5839 2334 5893 tiam
2379 5837 2758 5901 ostenderent,
2807 5842 2864 5891 ut
2892 5849 2958 5890 ne
2987 5831 3202 5904 quidem
3235 5828 3613 5902 impudentiam
3641 5833 3767 5892 qius-
