4124 6448
420 402 525 456 763

419 512 595 566 Τοῦτο
645 513 738 567 καὶ¹
782 512 874 567 ἐπὶ
914 512 1022 566 τῶν
1068 511 1444 566 πλουτούντων
1495 512 1660 566 ποίει.
1709 513 1852 567 Ἀλλ’
1898 513 2004 567 εἰσί

420 613 586 658 τινες,
617 595 668 648 οἳ
696 596 915 649 ἐπειδάν
940 595 1161 659 τούτους
1186 596 1284 667 τῆς
1318 596 1636 665 φιλοσοφίας
1663 598 1789 661 τοὺς
1817 595 2007 663 λόγους

422 680 758 751 κινήσωμεν,
801 679 909 732 ὑῶν
940 680 1035 732 καὶ
1061 678 1282 750 τράγων
1315 678 1471 750 δίκην
1501 682 1568 751 τῇ
1600 679 1799 750 γαστρί
1834 696 2006 750 προσ-

418 762 712 833 ηλωμένοι,
750 762 845 815 καὶ
874 765 988 824 τοῖς
1028 761 1261 833 παροῦσι
1285 761 1630 825 δουλεύοντες
1663 762 2004 834 πράγμασιν,

421 845 578 898 οὐδὲν
630 840 770 898 εἶναι
823 844 964 915 μετά
1005 845 1103 915 τὴν
1155 844 1403 898 ἐντεῦθεν
1453 845 1763 914 νομίζουσιν
1812 845 2010 914 ἀποδη-

425 929 555 1000 μίαν
578 946 592 960 ·
630 928 808 1001 ἕτεροι
834 929 891 982 δέ
924 924 1065 982 εἶναι
1098 930 1197 999 μέν
1228 945 1348 982 τινα
1387 929 1688 999 νομίζουσι,
1719 928 2008 999 προτιθέα-

424 1030 478 1066 σι
514 1013 571 1066 δὲ
597 1011 666 1065 τὰ
695 1012 939 1083 παρόντα
960 1011 1070 1064 τῶν
1099 1011 1420 1082 μελλόντων.
1449 1012 1593 1082 Πρὸς
1625 1012 1724 1081 μὲν
1757 1011 1849 1064 οὖν
1882 1010 2009 1075 τοὺς

425 1096 594 1167 μηδὲν
650 1091 790 1149 εῖναι
825 1094 1174 1165 νομίζοντας,
1220 1093 1335 1148 ἀλλ’
1369 1093 1799 1148 ἀποσϐεσθεῖσαν
1827 1105 1855 1133 ι
1905 1093 2006 1165 τὴν

421 1178 600 1249 ψυχὴν
644 1178 741 1250 τὴν
779 1179 1085 1249 ἡμετέραν,
1149 1178 1355 1250 μηδένα
1396 1177 1596 1231 διδόναι
1632 1177 1824 1245 λόγον,
1869 1175 2006 1247 μηδὲ

423 1261 655 1326 εὐθύνας
697 1262 920 1331 ὑπέχειν
949 1261 1247 1331 οἰομένους,
1294 1261 1434 1332 τάχα
1464 1261 1557 1314 καὶ
1587 1259 1795 1328 γελοῖον
1824 1259 2002 1312 ἀντει-

424 1349 567 1409 πεῖν,
594 1344 783 1416 ὥσπερ
817 1344 953 1414 πρὸς
973 1345 1101 1408 τοὺς
1124 1332 1485 1415 μαινομένους
1516 1343 1755 1406 καὶτοὺς
1785 1341 2008 1412 ἐξεστη-

423 1429 607 1492 κότας.
638 1427 772 1480 Οὐδέ
804 1427 913 1498 γάρ
947 1426 1002 1480 εί
1029 1444 1113 1490 τις
1140 1429 1196 1481 ἐν
1223 1427 1407 1498 ἡμέρα
1437 1424 1768 1497 ἀμφιϐάλλοι
1790 1425 2005 1497 ἡμέραν

426 1513 501 1583 μὴ
535 1507 696 1575 εἶναι,
740 1512 834 1564 κα¹ι
860 1511 988 1582 περὶ
1015 1509 1125 1563 τῶν
1155 1511 1320 1563 πᾶσιν
1354 1508 1802 1580 ὁμολογουμένων
1835 1509 2007 1577 ἀμφι-

424 1594 672 1666 σϐητοίη,
725 1593 917 1664 καιρὸς
961 1592 1027 1647 ἂν
1063 1591 1151 1663 εἴη
1194 1592 1336 1663 λόγῳ
1370 1592 1460 1646 τὸν
1492 1590 1735 1645 τοιοῦτον
1775 1590 2002 1655 πείθειν,

419 1677 518 1731 καὶ
549 1678 846 1749 προσάγειν
878 1675 955 1746 τῷ
981 1675 1239 1746 δόγματι·
1298 1675 1436 1745 πλὴν
1466 1674 1603 1728 ἀλλὰ
1628 1674 1717 1727 διὰ
1748 1674 1848 1745 τὴν
1873 1674 2008 1744 ύμε-

418 1761 586 1834 τέραν
620 1762 871 1831 ἀγάπην,
911 1760 1006 1813 καὶ
1035 1760 1171 1831 πρὸς
1210 1760 1417 1812 ἐκεῖνον
1449 1757 1829 1828 διαλεξόμεθα,
1860 1757 2004 1827 άπερ

418 1847 488 1899 ἂν
516 1845 591 1916 δῷ
623 1847 657 1916 ἡ
688 1844 787 1898 τοῦ
819 1843 955 1896 Θεοῦ
986 1843 1166 1914 χάρις.
1214 1843 1280 1896 Τί
1311 1842 1513 1912 λέγεις,
1546 1843 1822 1914 ἄνθρωπε,
1853 1841 2004 1895 οὐδὲν

419 1926 560 1982 εἰναι
583 1928 824 1999 νομίζεις
853 1926 922 1980 τά
944 1927 1096 1997 σμετά
1124 1926 1333 1992 ταῦτα;
1372 1926 1542 1980 Τοῦτο
1576 1926 1687 1997 γὰρ
1708 1927 2004 1995 ἀναγκαῖον

416 2014 625 2076 εἰπεῖν,
671 2010 790 2075 πῶς
817 2010 1069 2082 καθάπερ
1097 2009 1280 2064 κακῶν
1316 2027 1479 2063 τινων
1507 2008 1736 2081 ὁρμαθῷ
1764 2009 1850 2062 ἀεὶ
1881 2008 2005 2061 δυσ-

421 2095 730 2166 σεϐεστέρῳ
758 2094 1021 2164 δόγματι,
1065 2093 1169 2146 τὸν,
1190 2093 1339 2159 ἅπαξ
1367 2092 1713 2164 ἐκτραπέντα
1743 2092 1843 2163 τῆς
1876 2093 2006 2162 ἀλη-

418 2179 573 2243 θείας
608 2177 975 2250 παραδίδωσιν
1016 2179 1045 2231 ὁ
1088 2174 1355 2239 διάϐολος.
1407 2176 1547 2247 ’Ὥρα
1594 2175 1736 2248 γάρ·
1790 2176 2005 2228 ἔπεισεν

415 2264 693 2334 ἀμελῆσαι
726 2261 1081 2333 σωφροσύνης
1101 2301 1115 2327 ,
1166 2260 1465 2322 ἐπιεικείας
1489 2301 1504 2326 ,
1552 2260 1651 2331 τῆς
1682 2259 1848 2331 ἄλλης
1878 2261 2008 2330 ἀρε-

415 2351 538 2421 τῆς,
572 2348 798 2419 ἐποίησε
833 2348 1071 2418 φαύλους
1102 2345 1244 2400 κατὰ
1271 2345 1363 2398 τὸν
1393 2344 1525 2416 βίον,
1556 2344 1778 2417 πονηρῷ
1809 2343 2009 2409 συζῶν-

415 2451 517 2498 τας
557 2432 818 2487 συνειδότι
862 2432 1082 2496 λοιπὸν,
1139 2430 1233 2484 καὶ
1262 2430 1361 2502 τὴν
1400 2429 1635 2500 ἀμοιϐὴν
1687 2429 1794 2483 τῶν
1822 2430 2007 2493 αὐτοῖς

415 2516 825 2589 ἡμαρτημένων
882 2517 1091 2588 έτέροις
1143 2515 1457 2586 μεταθεῖναι
1507 2513 1838 2585 ζητοῦντας,
1886 2515 2005 2569 δέον

417 2599 853 2672 μεταϐάλλεσθαι
878 2601 976 2670 τῆς
1004 2600 1223 2664 κακίας.
1251 2597 1422 2653 Τοῦτο
1456 2599 1556 2668 μὲν
1590 2600 1691 2653 οὐκ
1720 2599 2002 2668 ἐποίησαν,

413 2684 729 2738 ἀνέπλασαν
765 2683 823 2737 δὲ
868 2683 1049 2754 δόγμα
1104 2682 1376 2754 πονηρὸν,
1428 2683 1524 2735 καὶ
1577 2681 1786 2754 μυρίων
1834 2684 2006 2753 γέμον

414 2767 629 2835 κακῶν,
659 2767 722 2820 τὸ
752 2766 853 2837 τῆς
882 2766 1244 2838 εἱμαρμένης.
1281 2760 1415 2818 Εἶτα
1446 2765 1588 2835 ὑπὲρ
1618 2764 1809 2818 τούτου
1843 2766 2005 2819 πάλιν

414 2852 791 2924 ἐλεγχόμενοι,
834 2852 929 2904 καὶ
956 2849 1337 2920 συνομολογεῖν
1376 2849 1811 2920 ἀναγκαζόμενοι
1840 2849 2005 2921 μηδὲν

413 2933 556 2990 εἶναι
600 2934 669 2989 τὰ
699 2934 977 3006 παρόντα,
1022 2934 1083 2987 τὸ
1116 2934 1307 3004 μέλλον
1332 2933 1739 3002 ἀνατρέπουσι,
1794 2935 1885 2987 καὶ
1913 2934 2005 2989 τὸν

415 3018 549 3090 περὶ
582 3019 932 3081 ἀναστάσεως
967 3016 1250 3088 ἀναιροῦσι
1271 3016 1449 3085 λόγον.
1495 3016 1615 3070 Κάν
1652 3015 1810 3070 τοῦτο
1841 3017 2003 3071 πάλιν

412 3102 798 3173 διελέγξωμεν,
826 3102 906 3164 εἰς
936 3101 1126 3171 ἕτερον
1149 3101 1477 3163 ἐκπεσόντες
1504 3100 1682 3171 δόγμα
1706 3099 2002 3154 δυσσεϐοῦη

416 3204 505 3241 σι·
524 3186 685 3258 πλὴν
715 3185 851 3248 τέως
876 3186 939 3239 τὸ
965 3186 1022 3238 ἐν
1052 3184 1210 3256 χερσὶ
1238 3182 1619 3254 διελέγξωμεν.
1647 3183 1812 3237 Οὐδέν
1832 3187 1999 3249 ἐστιν,

411 3271 706 3342 ἄνθρωπε,
760 3269 899 3341 μετὰ
926 3269 1132 3334 ταῦτα,
1169 3269 1266 3322 καὶ
1304 3268 1441 3339 πρὸς
1471 3267 1646 3322 ταῦτα
1685 3269 1904 3323 ἴστασαι
1935 3270 2004 3325 τά

412 3354 695 3426 δόγματα;
735 3351 988 3408 Τοσαῦτα
1035 3352 1313 3422 ἐλήρησαν
1347 3351 1641 3419 Ἕλληνες,
1703 3351 1819 3405 ἀλλ’
1853 3353 2004 3422 ὅμως

413 3437 556 3508 πρὸς
590 3437 692 3508 τὴν
720 3436 816 3489 τοῦ
845 3435 1116 3507 δόγματος
1143 3435 1337 3488 τούτου
1365 3435 1465 3488 οὐκ
1499 3435 1836 3503 ἀντέστησαν
1869 3436 2005 3508 ἀλή-

415 3521 568 3575 θειαν
594 3540 607 3552 ·
660 3520 777 3575 ἀλλ’
806 3522 856 3575 εί
902 3521 997 3574 καὶ
1022 3520 1205 3582 αὐτοῖς
1232 3518 1622 3589 ἀκολουθήσεις
1645 3557 1661 3584 ,
1693 3520 1844 3590 ὅμως
1873 3520 2004 3573 ἐδω-

412 3604 520 3660 κάν
542 3622 666 3660 τινα
710 3603 851 3676 μετὰ
877 3603 1051 3658 ταῦτα
1100 3602 1243 3674 βίον,
1293 3603 1386 3657 καί
1422 3602 1670 3667 εὐθύνας,
1721 3605 1816 3656 καὶ
1846 3605 2002 3657 δικα-

414 3689 615 3760 στήρια
636 3688 694 3741 ἐν
722 3687 871 3759 ᾅδου,
894 3687 990 3741 καὶ
1016 3686 1286 3750 κολάσεις,
1316 3687 1410 3740 καὶ
1433 3685 1619 3757 τιμὰς,
1645 3686 1741 3740 καὶ
1765 3688 2000 3758 ψήφους,

409 3771 514 3827 καὶ
547 3771 781 3844 κρίσεις.
824 3769 942 3825 Κᾶν
977 3769 1266 3833 Ἰουδαίους
1302 3769 1608 3842 ἐρωτήσῃς,
1645 3770 1749 3824 κᾶν
1793 3773 2003 3842 αἱρετι-

409 3853 570 3920 κοὺς,
605 3854 713 3908 κᾶν
763 3853 946 3907 ὅντινα
977 3852 1293 3925 ἄνθρωπον,
1341 3852 1762 3926 αἰσχυνθήσεται
1788 3854 1883 3907 τοῦ
1920 3853 2005 3907 δό-

409 3959 628 4014 γματος
655 3942 755 4014 τὴν
782 3942 1061 4013 ἀλήθειαν,
1101 3943 1193 3996 καὶ
1220 3942 1270 3994 εἰ
1301 3942 1396 3996 καὶ
1421 3944 1478 3995 ἐν
1505 3941 1685 4006 ἄλλοις
1717 3942 2003 4015 διαφέρον-

407 4045 528 4093 ται,
559 4026 678 4081 ἀλλ⁹
709 4028 767 4080 ἐν
798 4026 972 4097 τούτῳ
1003 4026 1204 4090 πάντες
1229 4026 1578 4096 συμφωνοῦσι
1610 4027 1704 4081 καὶ
1729 4026 2001 4095 λέγουσιν,

409 4109 555 4166 εἶναι
588 4110 701 4166 τῶν
739 4110 975 4164 ἐνταῦθα
1008 4110 1395 4180 γεγενημένων
1434 4109 1664 4174 εὐθύνας
1688 4111 1822 4164 ἐκεῖ.
1863 4110 2003 4164 Ἀλλ’

408 4196 593 4250 οὐδενὶ
634 4195 814 4266 βούλει
845 4195 1131 4248 πείθεσθαι
1168 4193 1408 4259 τούτων,
1463 4193 1577 4247 ἀλλ’
1630 4195 2005 4265 ἀναισχυντεῖς

410 4280 675 4345 καθάπαξ
708 4278 948 4342 ἐκδιδοὺς
985 4279 1180 4332 σαυτὸν
1203 4281 1269 4350 τῇ
1306 4278 1502 4349 πλάνῃ.
1531 4277 1740 4331 Οὐκοῦν
1770 4278 1859 4331 διὰ
1878 4280 2005 4342 τοὺς

409 4362 499 4416 ἔτι
531 4364 798 4434 νήφοντας
818 4404 833 4428 ,
881 4362 1179 4430 ἀναγκαῖον
1222 4363 1349 4425 τοὺς
1380 4362 1509 4433 περὶ
1551 4359 1757 4414 τούτων
1785 4362 2004 4434 κινῆσαι

408 4446 629 4514 λόγους.
668 4444 759 4515 Τῷ
784 4444 892 4515 γὰρ
929 4445 1096 4516 μηδὲν
1130 4443 1284 4516 [767]
1318 4443 1667 4515 ὁμολογοῦντι
1698 4438 1837 4497 εἶναι
1866 4443 2004 4514 μετά

410 4528 610 4593 ταῦτα,
643 4529 861 4599 ἀνάγκη
893 4528 1027 4599 μηδὲ
1067 4527 1200 4581 Θεὸν
1239 4522 1380 4580 εἶναι
1406 4526 1758 4599 ὁμολογῆσαι.
1817 4527 2001 4599 Ὁρᾷς,

410 4614 554 4684 ὅπερ
588 4612 765 4692 εἶπον,
808 4614 890 4665 ὅτι
934 4612 1023 4666 ἀεὶ
1065 4610 1173 4665 τῶν
1200 4610 1549 4682 φαυλοτέρων
1596 4614 1713 4667 ἐστὶ
1757 4613 1895 4684 μετά
1935 4612 2004 4666 τά

413 4697 612 4767 πρῶτα
643 4697 890 4768 δόγματα
917 4696 986 4749 τὰ
1018 4695 1241 4765 ὕστερα,
1270 4695 1413 4765 ἆπερ
1443 4695 1642 4760 αὐτοὺς
1666 4696 2000 4764 διαδέξεται;

414 4781 481 4834 Εἰ
506 4779 615 4852 γάρ
643 4780 810 4852 μηδέν
831 4782 979 4834 ἐστιν
1007 4780 1124 4833 ἐκεῖ
1152 4779 1289 4850 μετά
1315 4777 1505 4843 ταῦτα,
1534 4780 1654 4833 οὐδὲ
1674 4780 1804 4845 Θεὸς
1832 4782 2000 4837 ἔστιν.

414 4865 483 4919 Εἰ
512 4863 621 4935 γὰρ
653 4864 767 4917 ἐστι
798 4863 951 4928 Θεὸς,
987 4863 1193 4926 δίκαιός
1225 4864 1373 4915 ἐστιν
1399 4879 1413 4892 ο
1451 4865 1498 4916 εἰ
1542 4863 1598 4916 δὲ
1627 4863 1831 4928 δίκαιός
1860 4866 1999 4933 ἐστι,

412 4947 479 5001 τὸ
522 4948 643 5001 κατ’
681 4945 837 5011 ἀξίαν
885 4947 1149 5016 ἀπονέμει
1194 4946 1444 5017 ἑκάστῳ·
1497 4949 1546 4999 εἰ
1591 4947 1649 5000 δὲ
1691 4947 1842 5001 οὐδέν
1884 4950 2000 5003 ἐστι

418 5028 560 5101 μετά
584 5029 780 5095 ταῦτα,
810 5027 912 5083 ποῦ
945 5029 1005 5082 τὸ
1035 5032 1150 5083 κατ’
1179 5029 1336 5094 ἀξίαν
1380 5031 1716 5102 ἀπολήψεται
1739 5032 1998 5102 ἐκαστος;

414 5114 662 5185 Πρόσεχε
697 5114 838 5185 γάρ·
877 5113 1061 5167 πολλοὶ
1085 5116 1217 5185 παρ’
1246 5115 1423 5181 ἀξίαν,
1464 5115 1539 5180 ὡς
1567 5117 1660 5169 καὶ
1692 5118 1846 5171 αὐτοὶ
1870 5134 2003 5189 προ-

422 5196 674 5261 λαϐόντες
724 5197 1116 5268 ὡμολόγησαν,
1169 5195 1228 5253 εὖ
1281 5201 1581 5271 πάσχουσιν
1625 5201 1859 5255 ἐνταῦθα
1907 5203 2002 5256 καὶ

418 5279 706 5351 τιμῶνται,
736 5281 912 5352 ἕτεροι
930 5281 987 5334 δὲ
1011 5282 1327 5347 κολάζονται
1356 5286 1414 5336 ἐν
1441 5284 1751 5359 δικαιοσύνῃ
1777 5285 1996 5351 ζῶντες.

418 5364 481 5417 Εἰ
514 5364 691 5418 τοίνυν
714 5364 892 5427 οὐδείς
912 5367 1029 5417 ἐστι
1056 5366 1245 5434 καιρὸς
1269 5366 1408 5436 μετά
1430 5367 1627 5431 ταῦτα,
1672 5369 2001 5424 ἀπελεύσον-

415 5463 508 5499 ται
542 5445 892 5516 ἀδικηθέντες
921 5449 968 5500 οἰ
1001 5447 1225 5513 δίκαιοι,
1245 5450 1340 5502 καὶ
1369 5453 1499 5520 παρ’
1525 5450 1678 5517 ἀξίαν
1706 5448 1769 5506 εὖ
1801 5454 2000 5508 παθόν-

420 5545 508 5592 τες
538 5530 586 5582 οἱ
609 5528 781 5582 ἄδικοι
807 5546 820 5561 ·
863 5531 911 5582 εἰ
943 5529 999 5583 δέ
1029 5532 1202 5585 ταῦτα
1238 5532 1311 5603 μὴ
1338 5532 1510 5597 ἔσται,
1542 5533 1659 5598 πῶς
1704 5534 1770 5589 ἂν
1814 5536 1899 5608 εἴη
1938 5538 1998 5591 τὸ

419 5611 658 5677 δίκαιον;
685 5612 921 5682 Ἀνάγκη
946 5614 1055 5685 γὰρ
1081 5615 1113 5685 ἡ
1139 5611 1276 5669 εἷναί
1302 5632 1421 5669 τινα
1449 5616 1639 5687 καιρὸν
1664 5619 1803 5687 μετὰ
1824 5616 1998 5675 ταῦτα

420 5694 514 5748 τὸν
543 5693 604 5747 τὸ
632 5694 749 5747 κατ’
779 5696 935 5763 ἀξίαν
965 5699 1303 5769 ἀπονέμοντα
1330 5700 1544 5771 ἑκάστῳ
1562 5716 1577 5731 ·
1632 5703 1864 5757 ἐνταῦθα
1890 5703 1996 5775 γὰρ

348 5880 363 5892 ι
480 5825 505 5855 ⁸
530 5825 663 5876 C0!b.
688 5827 1093 5892 ἀποσπασθεῖσαν,
1119 5832 1282 5883 minus
1306 5840 1462 5885 recte.

1501 399 1588 456 DE
1629 398 1811 455 FATO
1975 399 2460 461 PROVIDENTIA.
2506 408 2591 465 IV.

3597 419 3701 478 7N

2109 517 2243 601 αὐτὸ
2294 520 2392 590 οὐχ
2430 522 2791 593 εὑρίσκομεν·
2841 524 2896 576 εἰ
2936 541 2998 593 γε
3033 524 3109 597 μή
3135 526 3283 580 ’ἐστι
3323 528 3549 601 καιρὸς,
3584 532 3701 598 πῶς

2107 598 2169 650 τὸ
2198 601 2317 653 κατ’
2347 602 2503 669 ἀξίαν
2531 605 2777 676 ἀπολάϐῃ
2805 605 3034 671 ἕκαστος
3061 625 3075 673 ;
3112 609 3161 661 εἰ
3191 609 3249 663 δὲ
3274 598 3461 683 μηδεῖς
3486 613 3549 667 τὸ
3583 618 3703 670 κατ’

2107 683 2264 749 ἀξίαν
2293 686 2699 759 ἀπολαμϐάνει,
2741 689 2864 743 οὔτε
2892 691 3023 756 Θεός
3048 695 3164 747 ἐστι
3193 695 3333 748 κατά
3361 694 3421 748 σέ
3448 696 3657 762 δίκαιος
3684 715 3699 730 ·

2109 769 2158 819 εἰ
2184 770 2240 820 δὲ
2273 771 2370 823 οὐκ
2401 771 2517 825 ἔστι
2539 774 2747 837 δίκαιος
2781 776 2808 827 ό
2831 775 2983 839 Θεὸς,
3014 777 3136 830 οὐδὲ
3157 778 3289 841 Θεὸς
3323 778 3388 832 ἂν
3411 780 3517 850 εἴη.
3559 781 3701 836 Ἀλλ’

2109 854 2141 921 ἡ
2176 852 2492 926 βλασφημία
2517 859 2595 921 είς
2621 858 2719 929 τὴν
2747 860 2985 931 κεφαλὴν
3007 860 3114 913 τῶν
3142 861 3317 915 ταῦτα
3355 865 3504 933 ἡμᾶς
3539 866 3702 933 ἀναγ-

2109 935 2381 1001 καζόντων
2413 941 2799 1012 περιτραπείη.
2819 943 3014 1014 Ὁρᾶτε
3040 944 3176 1014 πρὸς
3203 944 3335 1016 ὅσην
3353 946 3703 1019 βλασφημίαν
3813 972 3817 979 ·

2107 1021 2135 1072 ὀ
2187 1020 2345 1089 λόγος
2397 1022 2767 1095 ἐξενήνεκται.
2815 1026 2976 1079 Ἀλλά
3030 1026 3136 1097 μὴν
3186 1028 3269 1081 ὅτι
3311 1028 3444 1093 Θεός
3484 1032 3701 1086 ἐστιτὰ

2108 1104 2408 1174 πράγματα
2442 1107 2572 1178 βοᾷ·
2616 1108 2810 1162 οὐκοῦν
2843 1112 2936 1164 καὶ
2980 1111 3190 1174 δίκαιός
3216 1111 3389 1166 ἐστιν·
3452 1115 3501 1167 εἰ
3533 1114 3591 1167 δὲ
3619 1114 3702 1169 δί-

2108 1188 2259 1250 καιός
2291 1191 2429 1252 ἐστι,
2461 1191 2522 1243 τὸ
2551 1193 2674 1245 κατ’
2706 1192 2863 1257 ἀξίαν
2892 1195 3158 1264 ἀπονέμει
3184 1196 3401 1267 ἑκάστῳ
3421 1211 3436 1224 ·
3484 1199 3533 1250 εἰ
3562 1198 3621 1251 δὲ
3641 1196 3706 1251 τὸ

2109 1270 2230 1323 κατ’
2262 1271 2420 1335 ἀξίαν
2448 1273 2710 1346 ἀπονέμει
2743 1276 2980 1347 ἑκάστῳ,
3026 1278 3240 1347 ἀνάγκη
3273 1278 3397 1332 τινὰ
3430 1274 3571 1332 εἶναι
3604 1298 3700 1352 με-

2092 1352 2176 1408 .τά
2203 1353 2374 1407 ταῦτα
2399 1356 2612 1426 καιρὸν,
2643 1358 2766 1411 καθ’
2795 1358 2853 1412 ὃν
2882 1360 2944 1413 τὸ
2970 1361 3091 1413 κατ’
3124 1360 3280 1427 ἀξίαν
3310 1360 3540 1427 ἕκαστος
3563 1365 3701 1418 ἀπο-

2107 1437 2359 1508 λήψεται,
2383 1439 2478 1493 καὶ
2509 1439 2671 1493 δώσει
2702 1439 2883 1512 δίκην,
2912 1443 3006 1495 καὶ
3033 1443 3397 1515 τιμηθήσεται
3425 1444 3567 1516 ὑπὲρ
3589 1446 3702 1500 τῶν

2107 1521 2557 1593 κατωρθωμένων
2574 1524 2741 1595 αὐτῷ.
2761 1526 3167 1596 Ἀνανήψωμεν,
3191 1528 3466 1598 ἀγαπητοί
3486 1545 3499 1560 ·
3522 1530 3703 1596 ἀγνω-

2109 1604 2231 1658 σίαν
2266 1606 2402 1659 Θεοῦ
2435 1607 2579 1672 τινὲς
2622 1608 2837 1678 ἔχουσιν
2858 1625 2873 1639 ο
2919 1609 3302 1680 ἀνανήψωμεν,
3338 1613 3701 1684 γρηγορήσωο

2111 1704 2228 1758 μεν.
2271 1690 2589 1760 Ἧμαρτες,
2641 1691 2716 1762 μὴ
2741 1692 2985 1763 προσθῇς
3016 1691 3096 1745 ἔτι
3122 1709 3136 1722 ·
3169 1694 3416 1764 ἥμαρτες
3437 1735 3459 1760 ,
3489 1694 3709 1767 ἡσύχασ-

2109 1788 2200 1825 σον
2225 1788 2239 1803 ·
2282 1771 2549 1843 ἥμαρτες,
2582 1774 2656 1845 μὴ
2687 1775 3002 1847 καταδήσῃς
3054 1775 3135 1838 δὶς
3168 1776 3462 1847 ἁμαρτίας.
3509 1780 3701 1849 Ἡμεῖς

2106 1852 2164 1906 δὲ
2190 1855 2423 1926 τριπλᾶς
2459 1858 2555 1909 καί⁹
2577 1857 2890 1927 τετραπλᾶς
2919 1858 3395 1929 καταδεσμοῦμεν,
3442 1861 3702 1915 τοιούτων

2106 1936 2394 2008 δογμάτων
2418 1940 2614 2011 φόρτον
2637 1941 2718 2003 εἰς
2739 1940 2839 2005 τάς
2858 1941 3136 2014 ἡμετέρας
3161 1941 3340 2013 ψυχάς
3364 1943 3696 2012 εἰσάγοντες.

2110 2019 2417 2095 Ἦμαρτες,
2438 2023 2699 2093 ἐπίγνωθι
2730 2024 2819 2078 τὸν
2845 2026 3145 2097 Δεσπότην,
3176 2026 3272 2080 τὸν
3295 2026 3584 2097 ἐλεήμονα,
3606 2027 3702 2082 τὸν

2109 2104 2511 2176 φιλάνθρωπον,
2538 2107 2632 2161 τὸν
2657 2107 2880 2176 ἀγαθὸν,
2909 2108 3000 2161 τὸν
3027 2108 3230 2181 ἰατρὸν,
3253 2109 3346 2163 τὸν
3379 2126 3701 2181 συγγνωμο·

2109 2189 2278 2254 νικὸν,
2302 2191 2394 2244 τὸν
2415 2190 2843 2263 εὐπαραίτητον,
2861 2192 2953 2244 τὸν
2979 2192 3295 2257 εὐαξίωτον.
3316 2195 3429 2247 Οὐκ
3460 2195 3700 2265 ἤκουσας

2106 2271 2188 2325 ὅτι
2219 2273 2388 2344 μυρία
2414 2274 2656 2329 τάλαντά
2685 2292 2766 2338 τις
2798 2274 3207 2346 κατεδηδοκὼς,
3263 2276 3359 2329 καὶ
3381 2276 3480 2347 τὴν
3509 2276 3699 2330 οὐσίαν

2108 2359 2291 2412 πᾶσαν
2327 2359 2427 2429 τὴν
2489 2359 2815 2430 δεσποτικὴν
2876 2359 3149 2421 ἀπολέσας
3202 2361 3297 2412 καὶ
3364 2360 3697 2424 διασπάσας,

2106 2440 2324 2512 ἕτοιμος
2351 2441 2427 2495 ὢν
2442 2443 2534 2494 καὶ
2555 2443 2653 2512 τὴν
2680 2444 2912 2509 γυναῖκα
2932 2440 3227 2495 ἀποδόσθαι
3262 2442 3357 2495 καὶ
3381 2443 3452 2495 τά
3483 2441 3696 2507 παιδία,

2107 2525 2295 2597 ἐπειδὴ
2337 2526 2498 2596 μόνον
2526 2525 2811 2594 ἔκλαυσεν,
2847 2527 3035 2598 ἐπειδὴ
3074 2527 3235 2597 μόνον
3257 2526 3366 2580 τῶν
3391 2525 3568 2581 ποδῶν
3599 2528 3698 2581 αύ-

2082 2610 2201 2671 ,τοῦ
2234 2610 2444 2681 ἥψατο,
2493 2610 2693 2674 παντὸς
2739 2610 2946 2664 ἐκείνου
2996 2610 3091 2664 τοῦ
3140 2610 3504 2681 όφειλήματος
3543 2610 3699 2664 λύσιν

2104 2692 2313 2765 ηὕρατο
2338 2696 2433 2747 καὶ
2450 2693 2675 2763 ἀφεσιν;
2699 2694 2761 2746 Εἰ
2782 2694 2838 2747 δὲ
2860 2693 3057 2762 λέγοις,
3076 2694 3157 2746 ὅτι
3182 2694 3319 2764 μετὰ
3341 2692 3512 2747 ταῦτα
3534 2692 3702 2746 αὐτὸν

2107 2776 2389 2848 παρέδωκε
2410 2780 2520 2840 τοῖς
2544 2776 2919 2847 βασανισταῖς,
2937 2776 3116 2829 ίσοισιν
3145 2779 3192 2829 οἰ
3213 2776 3414 2839 εἰδότες
3436 2775 3532 2846 τὴν
3554 2776 3698 2829 ἰστο-

2110 2861 2259 2932 ρίαν·
2287 2860 2480 2932 ἐτέρας
2510 2878 2600 2932 μοι
2625 2860 2808 2928 λέγεις
2835 2859 3245 2931 φιλανθρωπίας
3272 2858 3547 2912 ὑπόθεσιν.
3585 2860 3696 2912 Καὶ

2105 2946 2217 3016 γὰρ
2251 2947 2347 2998 καὶ
2374 2944 2497 2998 τότε
2528 2945 2690 2998 αὐτὸν
2720 2944 2953 3014 ἐλεήσας
2973 2942 3156 3013 ἀφῆκε
3178 2982 3191 3005 ,
3232 2942 3325 2995 καὶ¹
3360 2941 3520 2996 πάλιν
3548 2943 3696 2995 ἐκεῖ·

2106 3044 2194 3081 νον
2231 3028 2461 3099 ἐλεήσας
2515 3026 2800 3080 ἐνέϐαλεν·
2854 3025 3043 3096 ὥσπερ
3094 3028 3214 3078 τότε
3259 3024 3437 3095 τούτῳ
3484 3024 3697 3095 βοηθῶν

2104 3110 2400 3181 ἐποίησεν,
2445 3110 2587 3163 οὕτω
2619 3110 2714 3163 καὶ
2750 3109 2844 3162 νῦν
2883 3109 3076 3178 ἐκείνῳ
3125 3107 3332 3178 βοηθῶν
3366 3107 3695 3178 ἀνέπραττε,

2103 3192 2290 3247 τοῦτον
2323 3193 2421 3264 μὲν
2450 3193 2537 3246 ἵνα
2565 3190 2830 3263 παιδεύσῃ
2862 3192 2935 3261 μὴ
2975 3184 3116 3244 εἶναι
3150 3190 3324 3260 ὠμὸν,
3358 3190 3493 3261 μηδὲ
3519 3182 3695 3245 ἀπάν-

2106 3276 2341 3350 θρωπον,
2369 3279 2573 3330 ἐκεῖνον
2606 3276 2663 3329 δὲ
2694 3277 2779 3329 ῐνα
2815 3276 2908 3328 καὶ
2932 3274 3218 3347 ἀπαλλάξῃ
3254 3273 3374 3344 βίας
3403 3268 3498 3326 καὶ
3518 3275 3695 3329 ἀπαν-

2106 3360 2371 3432 θρωπίας.
2390 3361 2606 3430 Ὁρᾶτε,
2639 3357 3132 3428 ἀγαπητοί·καλῶς
3151 3357 3261 3428 γάρ
3285 3372 3349 3426 με
3377 3355 3580 3426 μεταξὺ
3607 3355 3695 3409 λέ-

2103 3462 2269 3515 γοντα
2292 3444 2449 3499 τοῦτο
2477 3443 2692 3515 εἰσῆλθε
2709 3443 2769 3496 τὸ
2793 3443 2995 3512 νόημα,
3015 3441 3131 3504 πῶς
3148 3441 3211 3493 οὐ
3242 3440 3402 3510 μόνον
3430 3439 3492 3492 τὸ
3511 3439 3695 3492 πλεονο

2105 3532 2283 3583 εκτεῖν
2317 3528 2412 3581 καὶ
2449 3527 2737 3600 ἁρπάζειν,
2776 3526 2913 3580 ἀλλά
2948 3526 3041 3580 καὶ
3074 3524 3134 3577 τὸ
3166 3526 3240 3596 μὴ
3270 3524 3438 3577 ἐλεεῖν
3466 3524 3693 3595 γεέννης

2107 3613 2258 3686 [768]
2285 3615 2416 3685 ἡμῖν
2444 3612 2700 3684 πρόξενον
2728 3611 2996 3679 γίγνεται.
3047 3602 3216 3673 Οὗτος
3245 3609 3375 3680 γάρ,
3410 3609 3511 3664 οὐκ
3542 3611 3693 3662 ἐπει-

2102 3697 2167 3767 δὴ
2205 3696 2273 3750 τὰ
2298 3696 2554 3768 ἀλλότρια
2583 3694 2772 3748 ἐλαϐεν
2804 3693 3036 3758 ἀδίκως,
3087 3693 3204 3747 ἀλλ’
3245 3692 3434 3765 ἐπειδὴ
3478 3692 3549 3745 τὰ
3588 3692 3692 3745 αύ-

2103 3779 2197 3834 τοῦ
2220 3782 2417 3852 ἀπῄτει
2440 3778 2843 3851 ἀπανθρώπως,
2869 3778 3141 3850 παρεδόθη
3170 3780 3282 3841 τοῖς
3308 3777 3687 3848 βασανισταῖς·

2106 3866 2201 3918 καὶ
2228 3865 2338 3936 γάρ
2370 3865 2617 3936 εἴρηται,
2661 3863 2743 3916 ὅτι
2797 3862 3029 3930 ὤφειλεν
3077 3864 3284 3924 ἐκεῖνος
3311 3876 3329 3890 ·
3355 3861 3473 3913 ἀλλ’
3517 3862 3566 3914 εἰ
3595 3862 3690 3915 καὶ

2106 3949 2313 4010 ἐκεῖνος
2360 3947 2624 4017 ὤφειλεν,
2667 3945 2901 4015 ὣφειλες
2930 3946 3026 3998 καὶ
3067 3945 3132 3998 σὺ
3166 3944 3228 3997 τὸ
3271 3944 3407 3997 αὐτὸ
3442 3943 3688 4015 ὄφλημα,

2108 4033 2201 4086 καὶ
2232 4032 2294 4085 τὸ
2339 4031 2471 4085 αὐτὸ
2513 4030 2718 4084 δίκαιον
2759 4030 2847 4081 ἐπ’
2897 4028 3275 4099 ἀμφοτέρωνδ
3327 4026 3690 4096 φυλάττεσθαι

2106 4120 2296 4191 ἐχρῆν.
2335 4118 2432 4172 Διά
2477 4119 2637 4172 τοῦτό
2681 4136 2764 4172 σοι
2806 4118 3053 4189 ἀφῆκεν,
3111 4118 3199 4171 ἵνα
3246 4118 3350 4188 τὴν
3391 4115 3555 4171 αὐτοῦ
3606 4133 3689 4170 σοι

2107 4209 2259 4282 δείξῃ
2295 4210 2726 4282 φιλανθρωπίαν,
2756 4210 2843 4263 ἵνα
2869 4210 3115 4282 ζηλωτήν
3145 4227 3204 4263 σε
3236 4210 3337 4281 τῆς
3360 4208 3687 4279 δεσποτικῆς

2107 4299 2446 4370 ἡμερότητος
2466 4297 2791 4370 ἐργάσηται.
2832 4298 3050 4367 Ἐπειδὴ
3082 4297 3140 4350 δὲ
3166 4297 3355 4350 παθὼν
3372 4292 3432 4350 εὖ
3449 4297 3549 4349 οὐκ
3573 4295 3688 4362 ἐγέ-

2107 4408 2200 4444 νου
2231 4390 2472 4461 βελτίων,
2501 4390 2676 4462 έτέρῳ
2701 4408 2760 4443 σε
2792 4390 3097 4461 διορθοῦται
3122 4389 3331 4460 τρόπῳ,
3362 4387 3442 4459 τῷ
3465 4389 3563 4458 τῆς
3595 4405 3692 4441 κο-ι-

2106 4482 2337 4547 λάσεως,
2379 4483 2456 4554 τῷ
2501 4485 2601 4554 τῆς
2634 4482 2935 4553 τιμωρίας·
2969 4481 3109 4534 ὥστε
3151 4482 3244 4534 καὶ
3277 4478 3433 4533 τοῦτο
3462 4481 3685 4551 εὐεργε-

2110 4573 2228 4637 σίας
2258 4569 2398 4637 εἶδός
2426 4575 2565 4626 ἐστι.
2602 4572 2893 4641 Παρέδωκε
2921 4574 3036 4634 τοῖς
3063 4570 3432 4640 βασανισταῖς,
3468 4569 3556 4623 ἵνα
3584 4586 3715 4656 καῖ

2107 4666 2232 4719 κίαν
2291 4664 2447 4736 ἐξέλῃ
2485 4664 2687 4734 ψυχῆς,
2747 4662 2999 4734 καθάπερ
3045 4661 3228 4732 ἰατρὸς
3276 4661 3518 4732 ἀριστος.
3569 4661 3687 4716 Οὐκ

2104 4752 2254 4822 εἴξας
2288 4756 2568 4827 φαρμάκῳ
2606 4756 2886 4826 προσηνεῖ,
2929 4753 3146 4824 σιδήρου
3174 4769 3256 4805 σοι
3280 4752 3359 4805 δεῖ
3378 4751 3472 4805 καί¹
3514 4752 3685 4823 πυρὸς

2104 4845 2308 4899 λοιπόν.
2337 4846 2492 4919 ᾜδει
2520 4845 2690 4916 μυρία
2720 4843 2957 4896 τάλαντα
2982 4843 3140 4911 ἀφεὶς
3162 4843 3244 4896 ὅτι
3267 4842 3416 4914 ὠμός
3444 4844 3561 4897 ἐστι
3587 4844 3684 4897 καὶ

2104 4938 2490 5009 ἀπάνθρωπος,
2525 4936 2640 4990 ἀλλ’
2672 4936 2922 5007 ἀνέμεινε
2952 4935 3042 4989 διά
3075 4935 3174 5006 τῆς
3200 4934 3309 4989 τῶν
3341 4934 3684 5006 πραγμάτων

2070 5035 2075 5039 ’
2103 5030 2379 5093 ἐκϐάσεως
2399 5027 2838 5099 ἀπολογήσασθαί
2862 5044 2962 5092 σοι,
2989 5026 3020 5080 ὃ
3037 5025 3305 5097 πολλαχοῦ
3334 5028 3497 5089 ποιεῖ,
3527 5023 3683 5088 εἰδὼς

2102 5118 2184 5171 ὅτι
2210 5117 2436 5181 δικαίως
2474 5119 2637 5172 ποιεῖ.
2669 5118 2826 5170 Μετά
2852 5116 2914 5169 τὸ
2941 5115 3386 5188 ἀπολογήσασθαί
3416 5131 3499 5168 σοι
3524 5113 3680 5166 τοῦτο

2101 5213 2274 5262 ποιεῖ·
2300 5202 2410 5262 οἷον
2429 5208 2521 5261 ἐπί
2539 5207 2648 5261 τῶν
2663 5208 2916 5279 Σοδόμων
2938 5208 3033 5279 οὐχ
3059 5207 3246 5271 ἁπλῶς
3262 5206 3443 5276 ἀφῆκε
3467 5203 3527 5258 τὸ
3546 5203 3676 5275 πῦρ,

2099 5302 2219 5355 οὐδὲ
2242 5301 2340 5364 τὰς
2357 5301 2538 5365 πόλεις
2563 5301 2775 5365 ἐκείνας
2800 5301 3135 5373 ἀνήρπασεν,
3167 5299 3302 5354 ἀλλά
3325 5298 3410 5363 τί;
3434 5296 3675 5366 Κραυγὴ

2100 5393 2382 5463 Σοδόμων
2442 5394 2540 5448 καὶ
2575 5394 2913 5463 Γομόῤῥων,
2964 5393 3055 5448 καὶ
3091 5393 3210 5446 οὐδέ
3261 5391 3419 5463 μέχρι
3450 5388 3678 5456 τούτου,

2099 5485 2258 5547 ἀλλά,
2306 5487 2582 5550 Καταϐὰς
2618 5485 2859 5554 ὄψομαι.
2902 5484 3013 5539 Καὶ
3066 5483 3185 5537 οὐδέ
3235 5481 3466 5536 ἐνταῦθα
3507 5481 3677 5555 ἔστη,

2099 5576 2233 5630 ἀλλά
2262 5577 2469 5648 πέμπει
2504 5578 2630 5641 τοὺς
2661 5577 2928 5647 ἀγγέλους
2963 5575 3527 5657 ὑποδεικνύοντάςὶσοι
3568 5587 3674 5656 τὴν

2098 5668 2297 5723 κακίαν
2341 5669 2449 5723 τῶν
2498 5669 2848 5723 ἐνοικούντων
2891 5668 2990 5740 τὴν
3044 5668 3217 5735 πόλιν,
3248 5667 3336 5723 ἵνα
3393 5666 3529 5740 μηδέ
3551 5669 3667 5723 τῶν

2158 5839 2189 5879 1³
2210 5838 2345 5889 Colb.
2371 5841 2442 5888 in’
2462 5842 2756 5905 ἀμφοτέροις.
