  <div class='ocr_page' id='page_1' title='image "/cluster/home/n/w/nwhite01/storage/ocr_20150623/50:no.2:pt.2/coo.31924054869494/361.png"; bbox 0 0 4124 6450; ppageno 0'>
   <div class='ocr_carea' id='block_1_1' title="bbox 515 406 626 465">
    <p class='ocr_par' dir='ltr' id='par_1_1' title="bbox 515 406 626 465">
     <span class='ocr_line' id='line_1_1' title="bbox 515 406 626 465; baseline 0.018 -2"><span class='ocrx_word' id='word_1_1' title='bbox 515 406 626 465; x_wconf 79' lang='lat'>755</span> 
     </span>
    </p>
   </div>
   <div class='ocr_carea' id='block_1_2' title="bbox 514 519 2100 593">
    <p class='ocr_par' dir='ltr' id='par_1_2' title="bbox 514 519 2100 593">
     <span class='ocr_line' id='line_1_2' title="bbox 514 519 2100 593; baseline -0.002 -16"><span class='ocrx_word' id='word_1_2' title='bbox 514 521 890 593; x_wconf 79' lang='grc' dir='ltr'>ἀναισχύντων</span> <span class='ocrx_word' id='word_1_3' title='bbox 936 520 1126 592; x_wconf 75' lang='grc' dir='ltr'>μηδεὶς</span> <span class='ocrx_word' id='word_1_4' title='bbox 1171 519 1267 591; x_wconf 79' lang='grc' dir='ltr'>ἔχῃ</span> <span class='ocrx_word' id='word_1_5' title='bbox 1313 520 1657 592; x_wconf 76' lang='grc' dir='ltr'>βλασφημεῖν</span> <span class='ocrx_word' id='word_1_6' title='bbox 1700 519 1794 573; x_wconf 90' lang='grc' dir='ltr'>τὸν</span> <span class='ocrx_word' id='word_1_7' title='bbox 1839 519 1974 573; x_wconf 87' lang='grc' dir='ltr'>Θεὸν</span> <span class='ocrx_word' id='word_1_8' title='bbox 2018 521 2100 574; x_wconf 82' lang='grc' dir='ltr'>ὅτι</span> 
     </span>
    </p>
   </div>
   <div class='ocr_carea' id='block_1_3' title="bbox 511 612 2101 685">
    <p class='ocr_par' dir='ltr' id='par_1_3' title="bbox 511 612 2101 685">
     <span class='ocr_line' id='line_1_3' title="bbox 511 612 2101 685; baseline -0.002 -15"><span class='ocrx_word' id='word_1_9' title='bbox 511 618 640 679; x_wconf 80' lang='grc' dir='ltr'>τοὺς</span> <span class='ocrx_word' id='word_1_10' title='bbox 673 613 929 681; x_wconf 78' lang='grc' dir='ltr'>ἀξένους,</span> <span class='ocrx_word' id='word_1_11' title='bbox 964 615 1046 667; x_wconf 87' lang='grc' dir='ltr'>ὅτι</span> <span class='ocrx_word' id='word_1_12' title='bbox 1079 615 1205 677; x_wconf 80' lang='grc' dir='ltr'>τοὺς</span> <span class='ocrx_word' id='word_1_13' title='bbox 1234 612 1668 685; x_wconf 89' lang='grc' dir='ltr'>ἀπανθρώπους,</span> <span class='ocrx_word' id='word_1_14' title='bbox 1707 612 1789 666; x_wconf 86' lang='grc' dir='ltr'>ὃτι</span> <span class='ocrx_word' id='word_1_15' title='bbox 1833 613 1962 676; x_wconf 76' lang='grc' dir='ltr'>τοὺς</span> <span class='ocrx_word' id='word_1_16' title='bbox 1992 630 2101 667; x_wconf 89' lang='grc' dir='ltr'>πα-</span> 
     </span>
    </p>
   </div>
   <div class='ocr_carea' id='block_1_4' title="bbox 516 706 2101 780">
    <p class='ocr_par' dir='ltr' id='par_1_4' title="bbox 516 706 2101 780">
     <span class='ocr_line' id='line_1_4' title="bbox 516 706 2101 780; baseline -0.003 -17"><span class='ocrx_word' id='word_1_17' title='bbox 516 710 807 780; x_wconf 87' lang='grc' dir='ltr'>ρανόμους,</span> <span class='ocrx_word' id='word_1_18' title='bbox 839 708 933 761; x_wconf 75' lang='grc' dir='ltr'>καὶ</span> <span class='ocrx_word' id='word_1_19' title='bbox 960 707 1030 760; x_wconf 80' lang='grc' dir='ltr'>τά</span> <span class='ocrx_word' id='word_1_20' title='bbox 1075 707 1175 778; x_wconf 83' lang='grc' dir='ltr'>τῆς</span> <span class='ocrx_word' id='word_1_21' title='bbox 1201 706 1554 777; x_wconf 77' lang='grc' dir='ltr'>δικαιοσύνης</span> <span class='ocrx_word' id='word_1_22' title='bbox 1602 706 1985 776; x_wconf 89' lang='grc' dir='ltr'>ἀγνοήσαντας</span> <span class='ocrx_word' id='word_1_23' title='bbox 2019 706 2101 759; x_wconf 87' lang='grc' dir='ltr'>δί-</span> 
     </span>
    </p>
   </div>
   <div class='ocr_carea' id='block_1_5' title="bbox 514 796 2102 869">
    <p class='ocr_par' dir='ltr' id='par_1_5' title="bbox 514 796 2102 869">
     <span class='ocr_line' id='line_1_5' title="bbox 514 796 2102 869; baseline -0.002 -17"><span class='ocrx_word' id='word_1_24' title='bbox 514 815 677 862; x_wconf 91' lang='grc' dir='ltr'>καια,</span> <span class='ocrx_word' id='word_1_25' title='bbox 714 799 809 852; x_wconf 73' lang='grc' dir='ltr'>καὶ</span> <span class='ocrx_word' id='word_1_26' title='bbox 843 800 971 862; x_wconf 79' lang='grc' dir='ltr'>τοὺς</span> <span class='ocrx_word' id='word_1_27' title='bbox 1016 797 1229 861; x_wconf 74' lang='grc' dir='ltr'>κοινοὺς</span> <span class='ocrx_word' id='word_1_28' title='bbox 1274 797 1375 868; x_wconf 77' lang='grc' dir='ltr'>τῆς</span> <span class='ocrx_word' id='word_1_29' title='bbox 1428 796 1646 867; x_wconf 82' lang='grc' dir='ltr'>φύσεως</span> <span class='ocrx_word' id='word_1_30' title='bbox 1690 796 2102 869; x_wconf 78' lang='grc' dir='ltr'>ἀνατρέψαντας</span> 
     </span>
    </p>
   </div>
   <div class='ocr_carea' id='block_1_6' title="bbox 513 882 2103 960">
    <p class='ocr_par' dir='ltr' id='par_1_6' title="bbox 513 882 2103 960">
     <span class='ocr_line' id='line_1_6' title="bbox 513 882 2103 960; baseline -0.004 -18"><span class='ocrx_word' id='word_1_31' title='bbox 513 891 715 960; x_wconf 90' lang='grc' dir='ltr'>νόμους</span> <span class='ocrx_word' id='word_1_32' title='bbox 737 930 750 954; x_wconf 95' lang='grc'>,</span> <span class='ocrx_word' id='word_1_33' title='bbox 790 888 886 942; x_wconf 78' lang='grc' dir='ltr'>καὶ</span> <span class='ocrx_word' id='word_1_34' title='bbox 933 888 1062 950; x_wconf 81' lang='grc' dir='ltr'>τοὺς</span> <span class='ocrx_word' id='word_1_35' title='bbox 1098 887 1269 958; x_wconf 78' lang='grc' dir='ltr'>κακίᾳ</span> <span class='ocrx_word' id='word_1_36' title='bbox 1301 886 1770 958; x_wconf 79' lang='grc' dir='ltr'>πεπληρωμένους</span> <span class='ocrx_word' id='word_1_37' title='bbox 1801 882 2103 939; x_wconf 79' lang='grc' dir='ltr'>ἀπολέσθαι</span> 
     </span>
    </p>
   </div>
   <div class='ocr_carea' id='block_1_7' title="bbox 514 974 2104 1048">
    <p class='ocr_par' dir='ltr' id='par_1_7' title="bbox 514 974 2104 1048">
     <span class='ocr_line' id='line_1_7' title="bbox 514 974 2104 1048; baseline -0.003 -15"><span class='ocrx_word' id='word_1_38' title='bbox 514 981 640 1034; x_wconf 76' lang='grc' dir='ltr'>ἔδει.</span> <span class='ocrx_word' id='word_1_39' title='bbox 676 979 739 1033; x_wconf 87' lang='grc' dir='ltr'>Τί</span> <span class='ocrx_word' id='word_1_40' title='bbox 770 979 883 1033; x_wconf 79' lang='grc' dir='ltr'>ἴσον</span> <span class='ocrx_word' id='word_1_41' title='bbox 927 977 1025 1033; x_wconf 89' lang='grc' dir='ltr'>τοῦ</span> <span class='ocrx_word' id='word_1_42' title='bbox 1066 977 1208 1032; x_wconf 82' lang='grc' dir='ltr'>οῦτω</span> <span class='ocrx_word' id='word_1_43' title='bbox 1239 977 1623 1048; x_wconf 76' lang='grc' dir='ltr'>φιλανθρώπου</span> <span class='ocrx_word' id='word_1_44' title='bbox 1660 977 1756 1031; x_wconf 71' lang='grc' dir='ltr'>καὶ</span> <span class='ocrx_word' id='word_1_45' title='bbox 1799 974 2104 1048; x_wconf 80' lang='grc' dir='ltr'>προσηνοῦς</span> 
     </span>
    </p>
   </div>
   <div class='ocr_carea' id='block_1_8' title="bbox 514 1067 2105 1142">
    <p class='ocr_par' dir='ltr' id='par_1_8' title="bbox 514 1067 2105 1142">
     <span class='ocr_line' id='line_1_8' title="bbox 514 1067 2105 1142; baseline -0.004 -15"><span class='ocrx_word' id='word_1_46' title='bbox 514 1074 649 1127; x_wconf 74' lang='grc' dir='ltr'>Θεοῦ</span> <span class='ocrx_word' id='word_1_47' title='bbox 676 1090 691 1140; x_wconf 84' lang='lat'>;</span> <span class='ocrx_word' id='word_1_48' title='bbox 727 1072 925 1126; x_wconf 81' lang='grc' dir='ltr'>Καίτοι</span> <span class='ocrx_word' id='word_1_49' title='bbox 946 1089 1011 1140; x_wconf 88' lang='grc' dir='ltr'>γε</span> <span class='ocrx_word' id='word_1_50' title='bbox 1033 1074 1195 1142; x_wconf 82' lang='grc' dir='ltr'>ἡμεῖς</span> <span class='ocrx_word' id='word_1_51' title='bbox 1225 1069 1570 1133; x_wconf 80' lang='grc' dir='ltr'>κολάζοντες,</span> <span class='ocrx_word' id='word_1_52' title='bbox 1597 1070 1700 1122; x_wconf 79' lang='grc' dir='ltr'>οὐκ</span> <span class='ocrx_word' id='word_1_53' title='bbox 1722 1068 1983 1140; x_wconf 83' lang='grc' dir='ltr'>ἀξιοῦμεν</span> <span class='ocrx_word' id='word_1_54' title='bbox 2003 1067 2105 1132; x_wconf 85' lang='grc' dir='ltr'>τὰς</span> 
     </span>
    </p>
   </div>
   <div class='ocr_carea' id='block_1_9' title="bbox 513 1159 2104 1233">
    <p class='ocr_par' dir='ltr' id='par_1_9' title="bbox 513 1159 2104 1233">
     <span class='ocr_line' id='line_1_9' title="bbox 513 1159 2104 1233; baseline -0.004 -14"><span class='ocrx_word' id='word_1_55' title='bbox 513 1165 691 1228; x_wconf 80' lang='grc' dir='ltr'>αἰτίας</span> <span class='ocrx_word' id='word_1_56' title='bbox 722 1164 902 1233; x_wconf 91' lang='grc' dir='ltr'>λέγειν</span> <span class='ocrx_word' id='word_1_57' title='bbox 934 1162 1194 1223; x_wconf 85' lang='grc' dir='ltr'>πολλάκις</span> <span class='ocrx_word' id='word_1_58' title='bbox 1215 1179 1228 1192; x_wconf 79' lang='grc'><strong>’</strong></span> <span class='ocrx_word' id='word_1_59' title='bbox 1265 1161 1430 1224; x_wconf 83' lang='grc' dir='ltr'>αὐτὸς</span> <span class='ocrx_word' id='word_1_60' title='bbox 1453 1162 1511 1215; x_wconf 86' lang='grc' dir='ltr'>δέ</span> <span class='ocrx_word' id='word_1_61' title='bbox 1541 1159 1607 1215; x_wconf 83' lang='grc' dir='ltr'>ἂν</span> <span class='ocrx_word' id='word_1_62' title='bbox 1637 1160 1713 1230; x_wconf 82' lang='grc' dir='ltr'>μὴ</span> <span class='ocrx_word' id='word_1_63' title='bbox 1746 1160 2014 1233; x_wconf 89' lang='grc' dir='ltr'>πρότερόν</span> <span class='ocrx_word' id='word_1_64' title='bbox 2043 1177 2104 1213; x_wconf 84' lang='grc' dir='ltr'>σε</span> 
     </span>
    </p>
   </div>
   <div class='ocr_carea' id='block_1_10' title="bbox 513 1250 2100 1327">
    <p class='ocr_par' dir='ltr' id='par_1_10' title="bbox 513 1250 2100 1327">
     <span class='ocr_line' id='line_1_10' title="bbox 513 1250 2100 1327; baseline -0.003 -19"><span class='ocrx_word' id='word_1_65' title='bbox 513 1256 721 1327; x_wconf 80' lang='grc' dir='ltr'>διδάξῃ,</span> <span class='ocrx_word' id='word_1_66' title='bbox 757 1255 820 1311; x_wconf 79' lang='grc' dir='ltr'>ἂν</span> <span class='ocrx_word' id='word_1_67' title='bbox 854 1255 929 1327; x_wconf 84' lang='grc' dir='ltr'>μὴ</span> <span class='ocrx_word' id='word_1_68' title='bbox 970 1254 1239 1327; x_wconf 83' lang='grc' dir='ltr'>πρότερόν</span> <span class='ocrx_word' id='word_1_69' title='bbox 1274 1269 1333 1306; x_wconf 87' lang='grc' dir='ltr'>σε</span> <span class='ocrx_word' id='word_1_70' title='bbox 1368 1252 1555 1326; x_wconf 85' lang='grc' dir='ltr'>πείσῃ,</span> <span class='ocrx_word' id='word_1_71' title='bbox 1588 1253 1684 1306; x_wconf 76' lang='grc' dir='ltr'>καὶ</span> <span class='ocrx_word' id='word_1_72' title='bbox 1701 1252 1801 1324; x_wconf 84' lang='grc' dir='ltr'>τὴν</span> <span class='ocrx_word' id='word_1_73' title='bbox 1826 1251 1979 1323; x_wconf 85' lang='grc' dir='ltr'>παρὰ</span> <span class='ocrx_word' id='word_1_74' title='bbox 2004 1250 2100 1306; x_wconf 89' lang='grc' dir='ltr'>σοῦ</span> 
     </span>
    </p>
   </div>
   <div class='ocr_carea' id='block_1_11' title="bbox 512 1343 2102 1417">
    <p class='ocr_par' dir='ltr' id='par_1_11' title="bbox 512 1343 2102 1417">
     <span class='ocr_line' id='line_1_11' title="bbox 512 1343 2102 1417; baseline -0.001 -20"><span class='ocrx_word' id='word_1_75' title='bbox 512 1346 653 1417; x_wconf 86' lang='grc' dir='ltr'>λάϐῃ</span> <span class='ocrx_word' id='word_1_76' title='bbox 680 1346 882 1416; x_wconf 68' lang='grc' dir='ltr'>ψῆφον,</span> <span class='ocrx_word' id='word_1_77' title='bbox 911 1346 994 1398; x_wconf 85' lang='grc' dir='ltr'>ὅτι</span> <span class='ocrx_word' id='word_1_78' title='bbox 1020 1345 1246 1409; x_wconf 82' lang='grc' dir='ltr'>δικαίως</span> <span class='ocrx_word' id='word_1_79' title='bbox 1274 1346 1475 1413; x_wconf 87' lang='grc' dir='ltr'>ἐπάγει</span> <span class='ocrx_word' id='word_1_80' title='bbox 1512 1344 1614 1415; x_wconf 80' lang='grc' dir='ltr'>τήν</span> <span class='ocrx_word' id='word_1_81' title='bbox 1638 1343 1885 1407; x_wconf 84' lang='grc' dir='ltr'>κόλασιν,</span> <span class='ocrx_word' id='word_1_82' title='bbox 1926 1343 1988 1396; x_wconf 85' lang='grc' dir='ltr'>οὐ</span> <span class='ocrx_word' id='word_1_83' title='bbox 2018 1360 2102 1396; x_wconf 89' lang='grc' dir='ltr'>τι-</span> 
     </span>
    </p>
   </div>
   <div class='ocr_carea' id='block_1_12' title="bbox 518 1436 2100 1511">
    <p class='ocr_par' dir='ltr' id='par_1_12' title="bbox 518 1436 2100 1511">
     <span class='ocr_line' id='line_1_12' title="bbox 518 1436 2100 1511; baseline -0.001 -20"><span class='ocrx_word' id='word_1_84' title='bbox 518 1442 788 1511; x_wconf 90' lang='grc' dir='ltr'>μωρεῖται</span> <span class='ocrx_word' id='word_1_85' title='bbox 821 1439 950 1502; x_wconf 81' lang='grc' dir='ltr'>τοὺς</span> <span class='ocrx_word' id='word_1_86' title='bbox 972 1437 1142 1491; x_wconf 88' lang='grc' dir='ltr'>πάλαι</span> <span class='ocrx_word' id='word_1_87' title='bbox 1174 1437 1453 1500; x_wconf 82' lang='grc' dir='ltr'>κολάσεως</span> <span class='ocrx_word' id='word_1_88' title='bbox 1481 1437 1577 1490; x_wconf 74' lang='grc' dir='ltr'>καὶ</span> <span class='ocrx_word' id='word_1_89' title='bbox 1595 1437 1868 1509; x_wconf 80' lang='grc' dir='ltr'>τιμωρίας</span> <span class='ocrx_word' id='word_1_90' title='bbox 1895 1436 2100 1504; x_wconf 80' lang='grc' dir='ltr'>ἀξίους,</span> 
     </span>
    </p>
   </div>
   <div class='ocr_carea' id='block_1_13' title="bbox 426 1528 2103 1600">
    <p class='ocr_par' dir='ltr' id='par_1_13' title="bbox 426 1528 2103 1600">
     <span class='ocr_line' id='line_1_13' title="bbox 426 1528 2103 1600; baseline 0.002 -20"><span class='ocrx_word' id='word_1_91' title='bbox 426 1572 445 1580; x_wconf 86' lang='grc'>-</span> <span class='ocrx_word' id='word_1_92' title='bbox 513 1532 608 1585; x_wconf 75' lang='grc' dir='ltr'>καὶ</span> <span class='ocrx_word' id='word_1_93' title='bbox 641 1530 872 1595; x_wconf 82' lang='grc' dir='ltr'>εὐθύνας</span> <span class='ocrx_word' id='word_1_94' title='bbox 900 1548 982 1584; x_wconf 91' lang='grc' dir='ltr'>σοι</span> <span class='ocrx_word' id='word_1_95' title='bbox 1018 1528 1286 1600; x_wconf 88' lang='grc' dir='ltr'>πολλαχοῦ</span> <span class='ocrx_word' id='word_1_96' title='bbox 1314 1530 1575 1599; x_wconf 85' lang='grc' dir='ltr'>παρέχειν</span> <span class='ocrx_word' id='word_1_97' title='bbox 1599 1529 1816 1600; x_wconf 74' lang='grc' dir='ltr'>ἕτοιμός</span> <span class='ocrx_word' id='word_1_98' title='bbox 1844 1533 1982 1592; x_wconf 87' lang='grc' dir='ltr'>ἐστι,</span> <span class='ocrx_word' id='word_1_99' title='bbox 2007 1531 2103 1584; x_wconf 78' lang='grc' dir='ltr'>καὶ</span> 
     </span>
    </p>
   </div>
   <div class='ocr_carea' id='block_1_14' title="bbox 513 1619 2101 1695">
    <p class='ocr_par' dir='ltr' id='par_1_14' title="bbox 513 1619 2101 1695">
     <span class='ocr_line' id='line_1_14' title="bbox 513 1619 2101 1695; baseline -0.001 -18"><span class='ocrx_word' id='word_1_100' title='bbox 513 1624 758 1694; x_wconf 79' lang='grc' dir='ltr'>κρίνεται</span> <span class='ocrx_word' id='word_1_101' title='bbox 804 1623 940 1695; x_wconf 91' lang='grc' dir='ltr'>πρός</span> <span class='ocrx_word' id='word_1_102' title='bbox 989 1640 1049 1676; x_wconf 89' lang='grc' dir='ltr'>σε</span> <span class='ocrx_word' id='word_1_103' title='bbox 1100 1623 1197 1676; x_wconf 75' lang='grc' dir='ltr'>καὶ</span> <span class='ocrx_word' id='word_1_104' title='bbox 1226 1619 1544 1685; x_wconf 75' lang='grc' dir='ltr'>δικάζεσθαι</span> <span class='ocrx_word' id='word_1_105' title='bbox 1584 1622 1687 1675; x_wconf 79' lang='grc' dir='ltr'>οὐκ</span> <span class='ocrx_word' id='word_1_106' title='bbox 1720 1621 1888 1676; x_wconf 84' lang='grc' dir='ltr'>ὀκνεῖ.</span> <span class='ocrx_word' id='word_1_107' title='bbox 1935 1622 2101 1694; x_wconf 77' lang='grc' dir='ltr'>Ὁρᾷς</span> 
     </span>
    </p>
   </div>
   <div class='ocr_carea' id='block_1_15' title="bbox 511 1713 2096 1787">
    <p class='ocr_par' dir='ltr' id='par_1_15' title="bbox 511 1713 2096 1787">
     <span class='ocr_line' id='line_1_15' title="bbox 511 1713 2096 1787; baseline -0.004 -17"><span class='ocrx_word' id='word_1_108' title='bbox 511 1719 639 1779; x_wconf 82' lang='grc' dir='ltr'>τοὺς</span> <span class='ocrx_word' id='word_1_109' title='bbox 669 1716 959 1787; x_wconf 78' lang='grc' dir='ltr'>προφήτας</span> <span class='ocrx_word' id='word_1_110' title='bbox 989 1714 1196 1768; x_wconf 88' lang='grc' dir='ltr'>τούτων</span> <span class='ocrx_word' id='word_1_111' title='bbox 1230 1713 1722 1785; x_wconf 82' lang='grc' dir='ltr'>ἐμπεπλησμένους</span> <span class='ocrx_word' id='word_1_112' title='bbox 1750 1713 1859 1767; x_wconf 88' lang='grc' dir='ltr'>τῶν</span> <span class='ocrx_word' id='word_1_113' title='bbox 1890 1713 2096 1782; x_wconf 69' lang='grc' dir='ltr'>λόγωνι</span> 
     </span>
    </p>
   </div>
   <div class='ocr_carea' id='block_1_16' title="bbox 512 1803 2109 1878">
    <p class='ocr_par' dir='ltr' id='par_1_16' title="bbox 512 1803 2109 1878">
     <span class='ocr_line' id='line_1_16' title="bbox 512 1803 2109 1878; baseline 0 -18"><span class='ocrx_word' id='word_1_114' title='bbox 512 1806 791 1878; x_wconf 81' lang='grc' dir='ltr'>πανταχοῦ</span> <span class='ocrx_word' id='word_1_115' title='bbox 848 1807 1178 1877; x_wconf 81' lang='grc' dir='ltr'>δικαστήρια</span> <span class='ocrx_word' id='word_1_116' title='bbox 1222 1804 1360 1859; x_wconf 82' lang='grc' dir='ltr'>Θεοῦ</span> <span class='ocrx_word' id='word_1_117' title='bbox 1409 1804 1547 1876; x_wconf 88' lang='grc' dir='ltr'>πρὸς</span> <span class='ocrx_word' id='word_1_118' title='bbox 1593 1803 1937 1877; x_wconf 87' lang='grc' dir='ltr'>ἀνθρώπους.</span> <span class='ocrx_word' id='word_1_119' title='bbox 1995 1806 2109 1860; x_wconf 73' lang='grc' dir='ltr'>Καὶ</span> 
     </span>
    </p>
   </div>
   <div class='ocr_carea' id='block_1_17' title="bbox 512 1895 2109 1969">
    <p class='ocr_par' dir='ltr' id='par_1_17' title="bbox 512 1895 2109 1969">
     <span class='ocr_line' id='line_1_17' title="bbox 512 1895 2109 1969; baseline -0.002 -17"><span class='ocrx_word' id='word_1_120' title='bbox 512 1899 775 1963; x_wconf 83' lang='grc' dir='ltr'>πολλάκις</span> <span class='ocrx_word' id='word_1_121' title='bbox 789 1898 886 1969; x_wconf 84' lang='grc' dir='ltr'>μὲν</span> <span class='ocrx_word' id='word_1_122' title='bbox 902 1896 1099 1961; x_wconf 78' lang='grc' dir='ltr'>αὐτοὺς</span> <span class='ocrx_word' id='word_1_123' title='bbox 1116 1895 1432 1961; x_wconf 76' lang='grc' dir='ltr'>δικάζοντας</span> <span class='ocrx_word' id='word_1_124' title='bbox 1444 1897 1570 1960; x_wconf 80' lang='grc' dir='ltr'>τοὺς</span> <span class='ocrx_word' id='word_1_125' title='bbox 1586 1896 1915 1967; x_wconf 70' lang='grc' dir='ltr'>ἠδικηκότας</span> <span class='ocrx_word' id='word_1_126' title='bbox 1931 1895 2109 1964; x_wconf 84' lang='grc' dir='ltr'>καλεῖ,</span> 
     </span>
    </p>
   </div>
   <div class='ocr_carea' id='block_1_18' title="bbox 514 1990 2108 2063">
    <p class='ocr_par' dir='ltr' id='par_1_18' title="bbox 514 1990 2108 2063">
     <span class='ocr_line' id='line_1_18' title="bbox 514 1990 2108 2063; baseline -0.001 -17"><span class='ocrx_word' id='word_1_127' title='bbox 514 1991 774 2055; x_wconf 86' lang='grc' dir='ltr'>πολλάκις</span> <span class='ocrx_word' id='word_1_128' title='bbox 806 1992 865 2045; x_wconf 86' lang='grc' dir='ltr'>δέ</span> <span class='ocrx_word' id='word_1_129' title='bbox 909 1992 1009 2063; x_wconf 81' lang='grc' dir='ltr'>τήν</span> <span class='ocrx_word' id='word_1_130' title='bbox 1041 1991 1217 2045; x_wconf 84' lang='grc' dir='ltr'>κτίσιν</span> <span class='ocrx_word' id='word_1_131' title='bbox 1267 1990 1589 2061; x_wconf 82' lang='grc' dir='ltr'>καθημένην</span> <span class='ocrx_word' id='word_1_132' title='bbox 1631 1990 1725 2043; x_wconf 79' lang='grc' dir='ltr'>ἐπὶ</span> <span class='ocrx_word' id='word_1_133' title='bbox 1768 1990 1870 2061; x_wconf 82' lang='grc' dir='ltr'>τῆς</span> <span class='ocrx_word' id='word_1_134' title='bbox 1904 1990 2108 2062; x_wconf 77' lang='grc' dir='ltr'>ψήφου,</span> 
     </span>
    </p>
   </div>
   <div class='ocr_carea' id='block_1_19' title="bbox 512 2080 2112 2155">
    <p class='ocr_par' dir='ltr' id='par_1_19' title="bbox 512 2080 2112 2155">
     <span class='ocr_line' id='line_1_19' title="bbox 512 2080 2112 2155; baseline -0.002 -18"><span class='ocrx_word' id='word_1_135' title='bbox 512 2083 727 2148; x_wconf 82' lang='grc' dir='ltr'>δεικνὺς</span> <span class='ocrx_word' id='word_1_136' title='bbox 746 2085 844 2154; x_wconf 77' lang='grc' dir='ltr'>τήν</span> <span class='ocrx_word' id='word_1_137' title='bbox 878 2083 1234 2155; x_wconf 83' lang='grc' dir='ltr'>περιφάνειαν</span> <span class='ocrx_word' id='word_1_138' title='bbox 1265 2081 1377 2136; x_wconf 90' lang='grc' dir='ltr'>τῶν</span> <span class='ocrx_word' id='word_1_139' title='bbox 1402 2081 1792 2153; x_wconf 81' lang='grc' dir='ltr'>δικαιωμάτων</span> <span class='ocrx_word' id='word_1_140' title='bbox 1818 2098 1831 2112; x_wconf 90' lang='grc'><strong>·</strong></span> <span class='ocrx_word' id='word_1_141' title='bbox 1853 2080 1979 2134; x_wconf 82' lang='grc' dir='ltr'>ούτε</span> <span class='ocrx_word' id='word_1_142' title='bbox 2011 2082 2112 2134; x_wconf 86' lang='grc' dir='ltr'>αύ-</span> 
     </span>
    </p>
   </div>
   <div class='ocr_carea' id='block_1_20' title="bbox 510 2173 2113 2246">
    <p class='ocr_par' dir='ltr' id='par_1_20' title="bbox 510 2173 2113 2246">
     <span class='ocr_line' id='line_1_20' title="bbox 510 2173 2113 2246; baseline -0.003 -16"><span class='ocrx_word' id='word_1_143' title='bbox 510 2175 606 2232; x_wconf 88' lang='grc' dir='ltr'>τὸν</span> <span class='ocrx_word' id='word_1_144' title='bbox 646 2177 735 2230; x_wconf 89' lang='grc' dir='ltr'>τὸν</span> <span class='ocrx_word' id='word_1_145' title='bbox 761 2177 1054 2240; x_wconf 86' lang='grc' dir='ltr'>ἀντίδικον,</span> <span class='ocrx_word' id='word_1_146' title='bbox 1095 2174 1221 2229; x_wconf 75' lang='grc' dir='ltr'>οὔτε</span> <span class='ocrx_word' id='word_1_147' title='bbox 1270 2174 1341 2228; x_wconf 85' lang='grc' dir='ltr'>τὰ</span> <span class='ocrx_word' id='word_1_148' title='bbox 1393 2173 1698 2245; x_wconf 83' lang='grc' dir='ltr'>ἀναίσθητα</span> <span class='ocrx_word' id='word_1_149' title='bbox 1758 2175 2113 2246; x_wconf 88' lang='grc' dir='ltr'>παραιτεῖται</span> 
     </span>
    </p>
   </div>
   <div class='ocr_carea' id='block_1_21' title="bbox 511 2266 2103 2341">
    <p class='ocr_par' dir='ltr' id='par_1_21' title="bbox 511 2266 2103 2341">
     <span class='ocr_line' id='line_1_21' title="bbox 511 2266 2103 2341; baseline -0.003 -18"><span class='ocrx_word' id='word_1_150' title='bbox 511 2271 592 2333; x_wconf 83' lang='grc' dir='ltr'>εἰς</span> <span class='ocrx_word' id='word_1_151' title='bbox 617 2269 796 2341; x_wconf 88' lang='grc' dir='ltr'>κρίσιν</span> <span class='ocrx_word' id='word_1_152' title='bbox 822 2269 1009 2323; x_wconf 87' lang='grc' dir='ltr'>καλεῖν</span> <span class='ocrx_word' id='word_1_153' title='bbox 1038 2271 1067 2323; x_wconf 89' lang='grc' dir='ltr'>ὁ</span> <span class='ocrx_word' id='word_1_154' title='bbox 1093 2269 1226 2332; x_wconf 87' lang='grc' dir='ltr'>Θεός</span> <span class='ocrx_word' id='word_1_155' title='bbox 1245 2283 1257 2296; x_wconf 76' lang='grc'><strong><em>⁸</em></strong></span> <span class='ocrx_word' id='word_1_156' title='bbox 1283 2268 1420 2339; x_wconf 83' lang='grc' dir='ltr'>ὅπερ</span> <span class='ocrx_word' id='word_1_157' title='bbox 1446 2269 1579 2339; x_wconf 83' lang='grc' dir='ltr'>ἡμῖν</span> <span class='ocrx_word' id='word_1_158' title='bbox 1604 2266 1726 2331; x_wconf 83' lang='grc' dir='ltr'>έθος</span> <span class='ocrx_word' id='word_1_159' title='bbox 1752 2267 1870 2320; x_wconf 82' lang='grc' dir='ltr'>ἐστὶ</span> <span class='ocrx_word' id='word_1_160' title='bbox 1900 2269 2103 2335; x_wconf 70' lang='grc' dir='ltr'>ποιεῖν,</span> 
     </span>
    </p>
   </div>
   <div class='ocr_carea' id='block_1_22' title="bbox 515 2359 2092 2434">
    <p class='ocr_par' dir='ltr' id='par_1_22' title="bbox 515 2359 2092 2434">
     <span class='ocr_line' id='line_1_22' title="bbox 515 2359 2092 2434; baseline -0.002 -19"><span class='ocrx_word' id='word_1_161' title='bbox 515 2362 645 2416; x_wconf 82' lang='grc' dir='ltr'>ὅταν</span> <span class='ocrx_word' id='word_1_162' title='bbox 688 2361 984 2434; x_wconf 76' lang='grc' dir='ltr'>θαρρῶμεν</span> <span class='ocrx_word' id='word_1_163' title='bbox 1017 2363 1131 2425; x_wconf 86' lang='grc' dir='ltr'>τοῖς</span> <span class='ocrx_word' id='word_1_164' title='bbox 1169 2361 1395 2425; x_wconf 88' lang='grc' dir='ltr'>οἰκείοις</span> <span class='ocrx_word' id='word_1_165' title='bbox 1429 2360 1683 2423; x_wconf 88' lang='grc' dir='ltr'>δικαίοις.</span> <span class='ocrx_word' id='word_1_166' title='bbox 1746 2359 2092 2428; x_wconf 81' lang='grc' dir='ltr'>Ἀκούσατε,</span> 
     </span>
    </p>
   </div>
   <div class='ocr_carea' id='block_1_23' title="bbox 1146 2788 1439 2843">
    <p class='ocr_par' dir='ltr' id='par_1_23' title="bbox 1146 2788 1439 2843">
     <span class='ocr_line' id='line_1_23' title="bbox 1146 2788 1439 2843; baseline -0.007 0"><span class='ocrx_word' id='word_1_167' title='bbox 1146 2788 1341 2843; x_wconf 61' lang='grc' dir='ltr'>Λόγος</span> <span class='ocrx_word' id='word_1_168' title='bbox 1379 2793 1439 2841; x_wconf 81' lang='grc' dir='ltr'>ε’.</span> 
     </span>
    </p>
   </div>
   <div class='ocr_carea' id='block_1_24' title="bbox 582 2807 2101 2950">
    <p class='ocr_par' dir='ltr' id='par_1_24' title="bbox 582 2807 2101 2950">
     <span class='ocr_line' id='line_1_24' title="bbox 1146 2807 1439 2843; baseline -0.007 0"><span class='ocrx_word' id='word_1_169' title='bbox 1146 2807 1231 2843; x_wconf 87' lang='grc' dir='ltr'>ΛΟ</span> <span class='ocrx_word' id='word_1_170' title='bbox 1258 2807 1305 2842; x_wconf 76' lang='grc' dir='ltr'><em>ὀ</em></span> <span class='ocrx_word' id='word_1_171' title='bbox 1379 2807 1439 2841; x_wconf 72' lang='grc' dir='ltr'>εν.</span> 
     </span>
     <span class='ocr_line' id='line_1_25' title="bbox 582 2807 2101 2950; baseline -0.006 -9"><span class='ocrx_word' id='word_1_172' title='bbox 582 2884 750 2942; x_wconf 81' lang='grc' dir='ltr'>υύδέν</span> <span class='ocrx_word' id='word_1_173' title='bbox 781 2884 929 2936; x_wconf 88' lang='grc' dir='ltr'>ἐστιν</span> <span class='ocrx_word' id='word_1_174' title='bbox 969 2879 1139 2942; x_wconf 74' lang='grc' dir='ltr'>ὅντως</span> <span class='ocrx_word' id='word_1_175' title='bbox 1171 2807 1351 2948; x_wconf 48' lang='grc' dir='ltr'>δόγμὶ</span> <span class='ocrx_word' id='word_1_176' title='bbox 1396 2877 1654 2949; x_wconf 88' lang='grc' dir='ltr'>πονηρὸν,</span> <span class='ocrx_word' id='word_1_177' title='bbox 1699 2878 1973 2950; x_wconf 76' lang='grc' dir='ltr'>ἀγαπητὲ,</span> <span class='ocrx_word' id='word_1_178' title='bbox 2008 2879 2101 2932; x_wconf 74' lang='grc' dir='ltr'>καὶ</span> 
     </span>
    </p>
   </div>
   <div class='ocr_carea' id='block_1_25' title="bbox 400 2961 2102 3042">
    <p class='ocr_par' dir='ltr' id='par_1_25' title="bbox 400 2961 2102 3042">
     <span class='ocr_line' id='line_1_26' title="bbox 400 2961 2102 3042; baseline -0.005 -17"><span class='ocrx_word' id='word_1_179' title='bbox 400 3018 415 3024; x_wconf 59' lang='grc'>-</span> <span class='ocrx_word' id='word_1_180' title='bbox 514 2970 807 3042; x_wconf 79' lang='grc' dir='ltr'>σηπεδόνος</span> <span class='ocrx_word' id='word_1_181' title='bbox 835 2965 1055 3019; x_wconf 85' lang='grc' dir='ltr'>ἀνιάτου</span> <span class='ocrx_word' id='word_1_182' title='bbox 1084 2962 1277 3033; x_wconf 91' lang='grc' dir='ltr'>γέμον,</span> <span class='ocrx_word' id='word_1_183' title='bbox 1314 2961 1389 3025; x_wconf 84' lang='grc' dir='ltr'>ὡς</span> <span class='ocrx_word' id='word_1_184' title='bbox 1412 2961 1471 3014; x_wconf 89' lang='grc' dir='ltr'>τὸ</span> <span class='ocrx_word' id='word_1_185' title='bbox 1503 2963 1602 3033; x_wconf 83' lang='grc' dir='ltr'>τῆς</span> <span class='ocrx_word' id='word_1_186' title='bbox 1635 2963 1977 3033; x_wconf 78' lang='grc' dir='ltr'>εἱμαρμένης</span> <span class='ocrx_word' id='word_1_187' title='bbox 2006 2963 2102 3017; x_wconf 73' lang='grc' dir='ltr'>καὶ</span> 
     </span>
    </p>
   </div>
   <div class='ocr_carea' id='block_1_26' title="bbox 511 3048 2102 3131">
    <p class='ocr_par' dir='ltr' id='par_1_26' title="bbox 511 3048 2102 3131">
     <span class='ocr_line' id='line_1_27' title="bbox 511 3048 2102 3131; baseline -0.007 -16"><span class='ocrx_word' id='word_1_188' title='bbox 511 3059 781 3131; x_wconf 86' lang='grc' dir='ltr'>γενέσεως</span> <span class='ocrx_word' id='word_1_189' title='bbox 808 3055 1006 3125; x_wconf 87' lang='grc' dir='ltr'>δόγμα.</span> <span class='ocrx_word' id='word_1_190' title='bbox 1030 3051 1187 3107; x_wconf 87' lang='grc' dir='ltr'>Μετά</span> <span class='ocrx_word' id='word_1_191' title='bbox 1210 3049 1321 3120; x_wconf 87' lang='grc' dir='ltr'>γὰρ</span> <span class='ocrx_word' id='word_1_192' title='bbox 1344 3048 1437 3102; x_wconf 85' lang='grc' dir='ltr'>τοῦ</span> <span class='ocrx_word' id='word_1_193' title='bbox 1463 3050 1620 3115; x_wconf 80' lang='grc' dir='ltr'>δόξαν</span> <span class='ocrx_word' id='word_1_194' title='bbox 1653 3049 1973 3121; x_wconf 79' lang='grc' dir='ltr'>βλάσφημον</span> <span class='ocrx_word' id='word_1_195' title='bbox 2006 3052 2102 3104; x_wconf 75' lang='grc' dir='ltr'>καί</span> 
     </span>
    </p>
   </div>
   <div class='ocr_carea' id='block_1_27' title="bbox 511 3135 2101 3217">
    <p class='ocr_par' dir='ltr' id='par_1_27' title="bbox 511 3135 2101 3217">
     <span class='ocr_line' id='line_1_28' title="bbox 511 3135 2101 3217; baseline -0.006 -17"><span class='ocrx_word' id='word_1_196' title='bbox 511 3145 685 3217; x_wconf 82' lang='grc' dir='ltr'>ἀσεϐῆ</span> <span class='ocrx_word' id='word_1_197' title='bbox 717 3142 809 3196; x_wconf 67' lang='grc' dir='ltr'>καί⁸</span> <span class='ocrx_word' id='word_1_198' title='bbox 840 3138 1095 3211; x_wconf 87' lang='grc' dir='ltr'>ὀλεθρίαν</span> <span class='ocrx_word' id='word_1_199' title='bbox 1128 3136 1395 3190; x_wconf 78' lang='grc' dir='ltr'>ἐντιθέναι</span> <span class='ocrx_word' id='word_1_200' title='bbox 1422 3139 1543 3201; x_wconf 90' lang='grc' dir='ltr'>ταῖς</span> <span class='ocrx_word' id='word_1_201' title='bbox 1590 3135 1699 3190; x_wconf 90' lang='grc' dir='ltr'>τῶν</span> <span class='ocrx_word' id='word_1_202' title='bbox 1730 3136 2101 3207; x_wconf 77' lang='grc' dir='ltr'>ἠπατημένων</span> 
     </span>
    </p>
   </div>
   <div class='ocr_carea' id='block_1_28' title="bbox 508 3221 2101 3304">
    <p class='ocr_par' dir='ltr' id='par_1_28' title="bbox 508 3221 2101 3304">
     <span class='ocr_line' id='line_1_29' title="bbox 508 3221 2101 3304; baseline -0.006 -16"><span class='ocrx_word' id='word_1_203' title='bbox 508 3234 730 3304; x_wconf 76' lang='grc' dir='ltr'>ψυχαῖς,</span> <span class='ocrx_word' id='word_1_204' title='bbox 751 3229 847 3284; x_wconf 79' lang='grc' dir='ltr'>καὶ</span> <span class='ocrx_word' id='word_1_205' title='bbox 875 3226 1082 3282; x_wconf 85' lang='grc' dir='ltr'>πείθειν</span> <span class='ocrx_word' id='word_1_206' title='bbox 1106 3223 1333 3278; x_wconf 85' lang='grc' dir='ltr'>τοιαῦτα</span> <span class='ocrx_word' id='word_1_207' title='bbox 1361 3223 1540 3292; x_wconf 87' lang='grc' dir='ltr'>λέγειν</span> <span class='ocrx_word' id='word_1_208' title='bbox 1562 3222 1693 3295; x_wconf 84' lang='grc' dir='ltr'>περὶ</span> <span class='ocrx_word' id='word_1_209' title='bbox 1719 3221 1941 3287; x_wconf 55' lang='grc' dir='ltr'>Θεοῦ,λά</span> <span class='ocrx_word' id='word_1_210' title='bbox 1966 3223 2101 3295; x_wconf 84' lang='grc' dir='ltr'>μηδὲ</span> 
     </span>
    </p>
   </div>
   <div class='ocr_carea' id='block_1_29' title="bbox 510 3309 2096 3395">
    <p class='ocr_par' dir='ltr' id='par_1_29' title="bbox 510 3309 2096 3395">
     <span class='ocr_line' id='line_1_30' title="bbox 510 3309 2096 3395; baseline 0.004 -32"><span class='ocrx_word' id='word_1_211' title='bbox 510 3322 642 3395; x_wconf 70' lang='grc' dir='ltr'>περὶ</span> <span class='ocrx_word' id='word_1_212' title='bbox 680 3317 949 3390; x_wconf 83' lang='grc' dir='ltr'>δαιμόνων</span> <span class='ocrx_word' id='word_1_213' title='bbox 1000 3331 1083 3377; x_wconf 89' lang='grc' dir='ltr'>τις</span> <span class='ocrx_word' id='word_1_214' title='bbox 1118 3314 1285 3376; x_wconf 84' lang='grc' dir='ltr'>εἴποι,</span> <span class='ocrx_word' id='word_1_215' title='bbox 1330 3310 1424 3365; x_wconf 70' lang='grc' dir='ltr'>καὶ</span> <span class='ocrx_word' id='word_1_216' title='bbox 1466 3309 1557 3365; x_wconf 90' lang='grc' dir='ltr'>τὸν</span> <span class='ocrx_word' id='word_1_217' title='bbox 1609 3310 1723 3381; x_wconf 91' lang='grc' dir='ltr'>βίον</span> <span class='ocrx_word' id='word_1_218' title='bbox 1760 3313 1953 3382; x_wconf 89' lang='grc' dir='ltr'>συγχεῖ</span> <span class='ocrx_word' id='word_1_219' title='bbox 2006 3313 2096 3367; x_wconf 82' lang='grc' dir='ltr'>τὸν</span> 
     </span>
    </p>
   </div>
   <div class='ocr_carea' id='block_1_30' title="bbox 509 3398 2103 3482">
    <p class='ocr_par' dir='ltr' id='par_1_30' title="bbox 509 3398 2103 3482">
     <span class='ocr_line' id='line_1_31' title="bbox 509 3398 2103 3482; baseline -0.009 -16"><span class='ocrx_word' id='word_1_220' title='bbox 509 3409 802 3482; x_wconf 85' lang='grc' dir='ltr'>ήμέτερον,</span> <span class='ocrx_word' id='word_1_221' title='bbox 841 3406 1019 3460; x_wconf 88' lang='grc' dir='ltr'>πάντα</span> <span class='ocrx_word' id='word_1_222' title='bbox 1052 3400 1283 3473; x_wconf 88' lang='grc' dir='ltr'>θορύϐου</span> <span class='ocrx_word' id='word_1_223' title='bbox 1307 3399 1403 3454; x_wconf 75' lang='grc' dir='ltr'>καί</span> <span class='ocrx_word' id='word_1_224' title='bbox 1431 3398 1633 3470; x_wconf 85' lang='grc' dir='ltr'>πολλῆς</span> <span class='ocrx_word' id='word_1_225' title='bbox 1668 3399 1976 3471; x_wconf 77' lang='grc' dir='ltr'>ἐμπίπλησι</span> <span class='ocrx_word' id='word_1_226' title='bbox 2001 3400 2103 3471; x_wconf 84' lang='grc' dir='ltr'>τῆς</span> 
     </span>
    </p>
   </div>
   <div class='ocr_carea' id='block_1_31' title="bbox 509 3486 2102 3570">
    <p class='ocr_par' dir='ltr' id='par_1_31' title="bbox 509 3486 2102 3570">
     <span class='ocr_line' id='line_1_32' title="bbox 509 3486 2102 3570; baseline -0.006 -19"><span class='ocrx_word' id='word_1_227' title='bbox 509 3496 788 3570; x_wconf 73' lang='grc' dir='ltr'>ταραχῆςο</span> <span class='ocrx_word' id='word_1_228' title='bbox 824 3492 918 3548; x_wconf 75' lang='grc' dir='ltr'>καὶ</span> <span class='ocrx_word' id='word_1_229' title='bbox 950 3494 1052 3546; x_wconf 77' lang='grc' dir='ltr'>ὅσα</span> <span class='ocrx_word' id='word_1_230' title='bbox 1089 3489 1228 3563; x_wconf 90' lang='grc' dir='ltr'>πρὸς</span> <span class='ocrx_word' id='word_1_231' title='bbox 1269 3486 1625 3543; x_wconf 88' lang='grc' dir='ltr'>διδασκαλίαν</span> <span class='ocrx_word' id='word_1_232' title='bbox 1674 3486 1772 3541; x_wconf 77' lang='grc' dir='ltr'>καὶ</span> <span class='ocrx_word' id='word_1_233' title='bbox 1813 3486 2102 3559; x_wconf 81' lang='grc' dir='ltr'>διόρθωσιν</span> 
     </span>
    </p>
   </div>
   <div class='ocr_carea' id='block_1_32' title="bbox 512 3573 2101 3657">
    <p class='ocr_par' dir='ltr' id='par_1_32' title="bbox 512 3573 2101 3657">
     <span class='ocr_line' id='line_1_33' title="bbox 512 3573 2101 3657; baseline -0.008 -16"><span class='ocrx_word' id='word_1_234' title='bbox 512 3583 667 3657; x_wconf 87' lang='grc' dir='ltr'>παρά</span> <span class='ocrx_word' id='word_1_235' title='bbox 708 3581 804 3637; x_wconf 86' lang='grc' dir='ltr'>τοῦ</span> <span class='ocrx_word' id='word_1_236' title='bbox 850 3579 987 3635; x_wconf 83' lang='grc' dir='ltr'>Θεοῦ</span> <span class='ocrx_word' id='word_1_237' title='bbox 1020 3577 1116 3634; x_wconf 79' lang='grc' dir='ltr'>καὶ</span> <span class='ocrx_word' id='word_1_238' title='bbox 1146 3578 1247 3646; x_wconf 80' lang='grc' dir='ltr'>τῆς</span> <span class='ocrx_word' id='word_1_239' title='bbox 1290 3574 1525 3644; x_wconf 85' lang='grc' dir='ltr'>φύσεως,</span> <span class='ocrx_word' id='word_1_240' title='bbox 1561 3574 1656 3629; x_wconf 79' lang='grc' dir='ltr'>καὶ</span> <span class='ocrx_word' id='word_1_241' title='bbox 1686 3573 1776 3627; x_wconf 81' lang='grc' dir='ltr'>διὰ</span> <span class='ocrx_word' id='word_1_242' title='bbox 1805 3574 2101 3646; x_wconf 84' lang='grc' dir='ltr'>προφητῶν</span> 
     </span>
    </p>
   </div>
   <div class='ocr_carea' id='block_1_33' title="bbox 511 3657 2101 3736">
    <p class='ocr_par' dir='ltr' id='par_1_33' title="bbox 511 3657 2101 3736">
     <span class='ocr_line' id='line_1_34' title="bbox 511 3657 2101 3736; baseline -0.007 -13"><span class='ocrx_word' id='word_1_243' title='bbox 511 3668 886 3736; x_wconf 80' lang='grc' dir='ltr'>εἰσενήνεκται</span> <span class='ocrx_word' id='word_1_244' title='bbox 924 3663 1020 3717; x_wconf 68' lang='grc' dir='ltr'>καὶ</span> <span class='ocrx_word' id='word_1_245' title='bbox 1061 3659 1151 3715; x_wconf 89' lang='grc' dir='ltr'>διά</span> <span class='ocrx_word' id='word_1_246' title='bbox 1182 3658 1355 3729; x_wconf 84' lang='grc' dir='ltr'>ἁγίων</span> <span class='ocrx_word' id='word_1_247' title='bbox 1396 3657 1631 3731; x_wconf 82' lang='grc' dir='ltr'>ἀνδρῶν,</span> <span class='ocrx_word' id='word_1_248' title='bbox 1673 3657 1972 3730; x_wconf 82' lang='grc' dir='ltr'>ἀνατρέπει</span> <span class='ocrx_word' id='word_1_249' title='bbox 2006 3658 2101 3712; x_wconf 74' lang='grc' dir='ltr'>καὶ</span> 
     </span>
    </p>
   </div>
   <div class='ocr_carea' id='block_1_34' title="bbox 512 3744 2098 3816">
    <p class='ocr_par' dir='ltr' id='par_1_34' title="bbox 512 3744 2098 3816">
     <span class='ocr_line' id='line_1_35' title="bbox 512 3744 2098 3816; baseline -0.007 -8"><span class='ocrx_word' id='word_1_250' title='bbox 512 3753 793 3816; x_wconf 78' lang='grc' dir='ltr'>καταλύει,</span> <span class='ocrx_word' id='word_1_251' title='bbox 833 3750 926 3804; x_wconf 76' lang='grc' dir='ltr'>καὶ</span> <span class='ocrx_word' id='word_1_252' title='bbox 965 3748 1208 3803; x_wconf 86' lang='grc' dir='ltr'>δείκνυσι</span> <span class='ocrx_word' id='word_1_253' title='bbox 1254 3744 1508 3816; x_wconf 83' lang='grc' dir='ltr'>περιττά.</span> <span class='ocrx_word' id='word_1_254' title='bbox 1544 3745 1657 3798; x_wconf 73' lang='grc' dir='ltr'>Καὶ</span> <span class='ocrx_word' id='word_1_255' title='bbox 1700 3747 1851 3797; x_wconf 87' lang='grc' dir='ltr'>ποιεῖ</span> <span class='ocrx_word' id='word_1_256' title='bbox 1881 3745 2098 3813; x_wconf 85' lang='grc' dir='ltr'>ταύτὸν,</span> 
     </span>
    </p>
   </div>
   <div class='ocr_carea' id='block_1_35' title="bbox 512 3828 2101 3904">
    <p class='ocr_par' dir='ltr' id='par_1_35' title="bbox 512 3828 2101 3904">
     <span class='ocr_line' id='line_1_36' title="bbox 512 3828 2101 3904; baseline -0.007 -11"><span class='ocrx_word' id='word_1_257' title='bbox 512 3836 624 3894; x_wconf 83' lang='grc' dir='ltr'>οἷον</span> <span class='ocrx_word' id='word_1_258' title='bbox 654 3837 718 3891; x_wconf 78' lang='grc' dir='ltr'>ἂν</span> <span class='ocrx_word' id='word_1_259' title='bbox 749 3836 906 3898; x_wconf 83' lang='grc' dir='ltr'>εἴτις</span> <span class='ocrx_word' id='word_1_260' title='bbox 938 3833 1098 3904; x_wconf 88' lang='grc' dir='ltr'>σῶμα</span> <span class='ocrx_word' id='word_1_261' title='bbox 1130 3829 1423 3902; x_wconf 78' lang='grc' dir='ltr'>νενοσηκὸς</span> <span class='ocrx_word' id='word_1_262' title='bbox 1447 3828 1542 3882; x_wconf 82' lang='grc' dir='ltr'>καί</span> <span class='ocrx_word' id='word_1_263' title='bbox 1574 3828 1880 3902; x_wconf 81' lang='grc' dir='ltr'>φαρμάκων</span> <span class='ocrx_word' id='word_1_264' title='bbox 1907 3829 2101 3901; x_wconf 65' lang='grc' dir='ltr'>δεόμεο</span> 
     </span>
    </p>
   </div>
   <div class='ocr_carea' id='block_1_36' title="bbox 512 3911 2099 3992">
    <p class='ocr_par' dir='ltr' id='par_1_36' title="bbox 512 3911 2099 3992">
     <span class='ocr_line' id='line_1_37' title="bbox 512 3911 2099 3992; baseline -0.009 -14"><span class='ocrx_word' id='word_1_265' title='bbox 512 3940 626 3986; x_wconf 88' lang='grc' dir='ltr'>νον,</span> <span class='ocrx_word' id='word_1_266' title='bbox 657 3920 942 3992; x_wconf 85' lang='grc' dir='ltr'>παρόντων</span> <span class='ocrx_word' id='word_1_267' title='bbox 984 3913 1187 3987; x_wconf 79' lang='grc' dir='ltr'>ἰατρῶν</span> <span class='ocrx_word' id='word_1_268' title='bbox 1215 3914 1310 3966; x_wconf 77' lang='grc' dir='ltr'>καὶ</span> <span class='ocrx_word' id='word_1_269' title='bbox 1342 3911 1407 3967; x_wconf 84' lang='grc' dir='ltr'>τὸ</span> <span class='ocrx_word' id='word_1_270' title='bbox 1432 3913 1725 3985; x_wconf 85' lang='grc' dir='ltr'>φάρμακον</span> <span class='ocrx_word' id='word_1_271' title='bbox 1754 3929 2099 3966; x_wconf 89' lang='grc' dir='ltr'>κατασκευα-</span> 
     </span>
    </p>
   </div>
   <div class='ocr_carea' id='block_1_37' title="bbox 513 3999 2102 4074">
    <p class='ocr_par' dir='ltr' id='par_1_37' title="bbox 513 3999 2102 4074">
     <span class='ocr_line' id='line_1_38' title="bbox 513 3999 2102 4074; baseline -0.006 -11"><span class='ocrx_word' id='word_1_272' title='bbox 513 4009 735 4073; x_wconf 80' lang='grc' dir='ltr'>ζόντων,</span> <span class='ocrx_word' id='word_1_273' title='bbox 760 4004 938 4058; x_wconf 90' lang='grc' dir='ltr'>πείθοι</span> <span class='ocrx_word' id='word_1_274' title='bbox 963 4001 1151 4074; x_wconf 80' lang='grc' dir='ltr'>μηδενὶ</span> <span class='ocrx_word' id='word_1_275' title='bbox 1173 3999 1378 4055; x_wconf 90' lang='grc' dir='ltr'>τούτων</span> <span class='ocrx_word' id='word_1_276' title='bbox 1406 3999 1730 4071; x_wconf 83' lang='grc' dir='ltr'>κεχρῆσθαι,</span> <span class='ocrx_word' id='word_1_277' title='bbox 1761 3999 1896 4071; x_wconf 82' lang='grc' dir='ltr'>μηδὲ</span> <span class='ocrx_word' id='word_1_278' title='bbox 1922 4000 2102 4054; x_wconf 85' lang='grc' dir='ltr'>ἀπαλ-</span> 
     </span>
    </p>
   </div>
   <div class='ocr_carea' id='block_1_38' title="bbox 512 4086 2102 4161">
    <p class='ocr_par' dir='ltr' id='par_1_38' title="bbox 512 4086 2102 4161">
     <span class='ocr_line' id='line_1_39' title="bbox 512 4086 2102 4161; baseline -0.008 -10"><span class='ocrx_word' id='word_1_279' title='bbox 512 4093 802 4151; x_wconf 81' lang='grc' dir='ltr'>λάττεσθαι</span> <span class='ocrx_word' id='word_1_280' title='bbox 830 4091 924 4145; x_wconf 86' lang='grc' dir='ltr'>τοῦ</span> <span class='ocrx_word' id='word_1_281' title='bbox 952 4090 1279 4161; x_wconf 80' lang='grc' dir='ltr'>νοσήματος,</span> <span class='ocrx_word' id='word_1_282' title='bbox 1320 4087 1440 4142; x_wconf 90' lang='grc' dir='ltr'>ἀλλ’</span> <span class='ocrx_word' id='word_1_283' title='bbox 1470 4087 1705 4159; x_wconf 81' lang='grc' dir='ltr'>ἀμελείᾳ</span> <span class='ocrx_word' id='word_1_284' title='bbox 1726 4087 1823 4141; x_wconf 79' lang='grc' dir='ltr'>καὶ</span> <span class='ocrx_word' id='word_1_285' title='bbox 1854 4086 2102 4160; x_wconf 74' lang='grc' dir='ltr'>ῥᾳθυμία</span> 
     </span>
    </p>
   </div>
   <div class='ocr_carea' id='block_1_39' title="bbox 514 4170 2102 4244">
    <p class='ocr_par' dir='ltr' id='par_1_39' title="bbox 514 4170 2102 4244">
     <span class='ocr_line' id='line_1_40' title="bbox 514 4170 2102 4244; baseline -0.006 -11"><span class='ocrx_word' id='word_1_286' title='bbox 514 4179 731 4234; x_wconf 82' lang='grc' dir='ltr'>ἐνδόντα</span> <span class='ocrx_word' id='word_1_287' title='bbox 762 4175 833 4230; x_wconf 84' lang='grc' dir='ltr'>τὰ</span> <span class='ocrx_word' id='word_1_288' title='bbox 859 4174 981 4228; x_wconf 86' lang='grc' dir='ltr'>καθ’</span> <span class='ocrx_word' id='word_1_289' title='bbox 1011 4171 1225 4236; x_wconf 87' lang='grc' dir='ltr'>ἐαυτὸν,</span> <span class='ocrx_word' id='word_1_290' title='bbox 1262 4171 1360 4244; x_wconf 86' lang='grc' dir='ltr'>τὴν</span> <span class='ocrx_word' id='word_1_291' title='bbox 1391 4170 1768 4240; x_wconf 87' lang='grc' dir='ltr'>ὲλεεινοτάτην</span> <span class='ocrx_word' id='word_1_292' title='bbox 1807 4170 2102 4241; x_wconf 83' lang='grc' dir='ltr'>ἀναμένειν</span> 
     </span>
    </p>
   </div>
   <div class='ocr_carea' id='block_1_40' title="bbox 396 4253 2104 4328">
    <p class='ocr_par' dir='ltr' id='par_1_40' title="bbox 396 4253 2104 4328">
     <span class='ocr_line' id='line_1_41' title="bbox 396 4253 2104 4328; baseline -0.007 -10"><span class='ocrx_word' id='word_1_293' title='bbox 396 4254 403 4255; x_wconf 18' lang='grc' dir='ltr'>ί</span> <span class='ocrx_word' id='word_1_294' title='bbox 513 4261 809 4317; x_wconf 87' lang='grc' dir='ltr'>ἀπώλειαν.</span> <span class='ocrx_word' id='word_1_295' title='bbox 840 4258 913 4313; x_wconf 85' lang='grc' dir='ltr'><em>’Ἡ</em></span> <span class='ocrx_word' id='word_1_296' title='bbox 934 4257 1053 4328; x_wconf 73' lang='grc' dir='ltr'>οὐχὶ</span> <span class='ocrx_word' id='word_1_297' title='bbox 1076 4254 1253 4309; x_wconf 87' lang='grc' dir='ltr'>ταῦτά</span> <span class='ocrx_word' id='word_1_298' title='bbox 1275 4272 1441 4327; x_wconf 86' lang='grc' dir='ltr'>φησιν</span> <span class='ocrx_word' id='word_1_299' title='bbox 1468 4256 1501 4326; x_wconf 92' lang='grc' dir='ltr'>ή</span> <span class='ocrx_word' id='word_1_300' title='bbox 1529 4253 1842 4324; x_wconf 86' lang='grc' dir='ltr'>εἱμαρμένη</span> <span class='ocrx_word' id='word_1_301' title='bbox 1867 4253 2104 4324; x_wconf 74' lang='grc' dir='ltr'>;Μηδε“ις</span> 
     </span>
    </p>
   </div>
   <div class='ocr_carea' id='block_1_41' title="bbox 516 4336 2105 4418">
    <p class='ocr_par' dir='ltr' id='par_1_41' title="bbox 516 4336 2105 4418">
     <span class='ocr_line' id='line_1_42' title="bbox 516 4336 2105 4418; baseline -0.007 -18"><span class='ocrx_word' id='word_1_302' title='bbox 516 4344 850 4418; x_wconf 89' lang='grc' dir='ltr'>παραινείτω</span> <span class='ocrx_word' id='word_1_303' title='bbox 881 4359 934 4395; x_wconf 86' lang='grc' dir='ltr'>τι</span> <span class='ocrx_word' id='word_1_304' title='bbox 960 4341 1068 4394; x_wconf 86' lang='grc' dir='ltr'>τῶν</span> <span class='ocrx_word' id='word_1_305' title='bbox 1107 4338 1417 4411; x_wconf 88' lang='grc' dir='ltr'>χρησίμων,</span> <span class='ocrx_word' id='word_1_306' title='bbox 1462 4337 1652 4409; x_wconf 76' lang='grc' dir='ltr'>μηδεὶς</span> <span class='ocrx_word' id='word_1_307' title='bbox 1688 4336 1934 4391; x_wconf 78' lang='grc' dir='ltr'>ἀκουέτω</span> <span class='ocrx_word' id='word_1_308' title='bbox 1963 4353 2105 4408; x_wconf 90' lang='grc' dir='ltr'>παρ-</span> 
     </span>
    </p>
   </div>
   <div class='ocr_carea' id='block_1_42' title="bbox 514 4419 2104 4496">
    <p class='ocr_par' dir='ltr' id='par_1_42' title="bbox 514 4419 2104 4496">
     <span class='ocr_line' id='line_1_43' title="bbox 514 4419 2104 4496; baseline -0.006 -13"><span class='ocrx_word' id='word_1_309' title='bbox 514 4428 792 4491; x_wconf 88' lang='grc' dir='ltr'>αινοῦντος</span> <span class='ocrx_word' id='word_1_310' title='bbox 823 4424 1048 4496; x_wconf 83' lang='grc' dir='ltr'>ἐτέρου·</span> <span class='ocrx_word' id='word_1_311' title='bbox 1087 4422 1264 4493; x_wconf 84' lang='grc' dir='ltr'>μάτην</span> <span class='ocrx_word' id='word_1_312' title='bbox 1296 4421 1435 4477; x_wconf 71' lang='grc' dir='ltr'>εἰσὶν</span> <span class='ocrx_word' id='word_1_313' title='bbox 1462 4423 1513 4474; x_wconf 92' lang='grc' dir='ltr'>οἱ</span> <span class='ocrx_word' id='word_1_314' title='bbox 1541 4420 1700 4491; x_wconf 91' lang='grc' dir='ltr'>νόμοι</span> <span class='ocrx_word' id='word_1_315' title='bbox 1733 4420 1830 4474; x_wconf 75' lang='grc' dir='ltr'>καὶ</span> <span class='ocrx_word' id='word_1_316' title='bbox 1855 4420 1903 4473; x_wconf 92' lang='grc' dir='ltr'>οἱ</span> <span class='ocrx_word' id='word_1_317' title='bbox 1948 4419 2104 4473; x_wconf 86' lang='grc' dir='ltr'>δικα-</span> 
     </span>
    </p>
   </div>
   <div class='ocr_carea' id='block_1_43' title="bbox 517 4501 2103 4580">
    <p class='ocr_par' dir='ltr' id='par_1_43' title="bbox 517 4501 2103 4580">
     <span class='ocr_line' id='line_1_44' title="bbox 517 4501 2103 4580; baseline -0.008 -14"><span class='ocrx_word' id='word_1_318' title='bbox 517 4513 662 4575; x_wconf 73' lang='grc' dir='ltr'>σταὶ,</span> <span class='ocrx_word' id='word_1_319' title='bbox 703 4510 882 4580; x_wconf 86' lang='grc' dir='ltr'>μάτην</span> <span class='ocrx_word' id='word_1_320' title='bbox 910 4504 1231 4577; x_wconf 76' lang='grc' dir='ltr'>ἐπιπλήξεις</span> <span class='ocrx_word' id='word_1_321' title='bbox 1261 4504 1356 4559; x_wconf 71' lang='grc' dir='ltr'>καὶ</span> <span class='ocrx_word' id='word_1_322' title='bbox 1390 4501 1685 4566; x_wconf 88' lang='grc' dir='ltr'>νουθεσίαι,</span> <span class='ocrx_word' id='word_1_323' title='bbox 1722 4503 1897 4574; x_wconf 86' lang='grc' dir='ltr'>μάτην</span> <span class='ocrx_word' id='word_1_324' title='bbox 1932 4518 2103 4573; x_wconf 86' lang='grc' dir='ltr'>τιμω-</span> 
     </span>
    </p>
   </div>
   <div class='ocr_carea' id='block_1_44' title="bbox 519 4584 2103 4666">
    <p class='ocr_par' dir='ltr' id='par_1_44' title="bbox 519 4584 2103 4666">
     <span class='ocr_line' id='line_1_45' title="bbox 519 4584 2103 4666; baseline -0.008 -17"><span class='ocrx_word' id='word_1_325' title='bbox 519 4596 639 4666; x_wconf 89' lang='grc' dir='ltr'>ρίας</span> <span class='ocrx_word' id='word_1_326' title='bbox 668 4594 867 4666; x_wconf 81' lang='grc' dir='ltr'>φόϐος,</span> <span class='ocrx_word' id='word_1_327' title='bbox 902 4590 1079 4664; x_wconf 87' lang='grc' dir='ltr'>μάτην</span> <span class='ocrx_word' id='word_1_328' title='bbox 1110 4588 1269 4660; x_wconf 71' lang='grc' dir='ltr'>τιμαὶ</span> <span class='ocrx_word' id='word_1_329' title='bbox 1301 4587 1398 4641; x_wconf 73' lang='grc' dir='ltr'>καὶ</span> <span class='ocrx_word' id='word_1_330' title='bbox 1435 4585 1580 4657; x_wconf 89' lang='grc' dir='ltr'>γέρα</span> <span class='ocrx_word' id='word_1_331' title='bbox 1613 4586 1705 4638; x_wconf 79' lang='grc' dir='ltr'>καὶ</span> <span class='ocrx_word' id='word_1_332' title='bbox 1747 4584 1958 4638; x_wconf 76' lang='grc' dir='ltr'>ἔπαθλα</span> <span class='ocrx_word' id='word_1_333' title='bbox 1990 4587 2103 4666; x_wconf 86' lang='grc' dir='ltr'>τοῖς</span> 
     </span>
    </p>
   </div>
   <div class='ocr_carea' id='block_1_45' title="bbox 518 4665 2102 4746">
    <p class='ocr_par' dir='ltr' id='par_1_45' title="bbox 518 4665 2102 4746">
     <span class='ocr_line' id='line_1_46' title="bbox 518 4665 2102 4746; baseline -0.007 -15"><span class='ocrx_word' id='word_1_334' title='bbox 518 4665 893 4746; x_wconf 73' lang='grc' dir='ltr'>κατορθοῦσιν.</span> <span class='ocrx_word' id='word_1_335' title='bbox 931 4673 1068 4729; x_wconf 80' lang='grc' dir='ltr'>Ούτε</span> <span class='ocrx_word' id='word_1_336' title='bbox 1112 4673 1219 4726; x_wconf 83' lang='grc' dir='ltr'>ἐὰν</span> <span class='ocrx_word' id='word_1_337' title='bbox 1242 4670 1573 4744; x_wconf 86' lang='grc' dir='ltr'>σπουδάσῃς,</span> <span class='ocrx_word' id='word_1_338' title='bbox 1618 4666 1812 4739; x_wconf 72' lang='grc' dir='ltr'>ὄφελός</span> <span class='ocrx_word' id='word_1_339' title='bbox 1854 4684 1943 4731; x_wconf 85' lang='grc' dir='ltr'>τι,</span> <span class='ocrx_word' id='word_1_340' title='bbox 1974 4665 2102 4720; x_wconf 74' lang='grc' dir='ltr'>οὗτε</span> 
     </span>
    </p>
   </div>
   <div class='ocr_carea' id='block_1_46' title="bbox 519 4749 2103 4830">
    <p class='ocr_par' dir='ltr' id='par_1_46' title="bbox 519 4749 2103 4830">
     <span class='ocr_line' id='line_1_47' title="bbox 519 4749 2103 4830; baseline -0.009 -15"><span class='ocrx_word' id='word_1_341' title='bbox 519 4760 615 4815; x_wconf 83' lang='grc' dir='ltr'>ἐὰν</span> <span class='ocrx_word' id='word_1_342' title='bbox 638 4758 918 4830; x_wconf 80' lang='grc' dir='ltr'>ἀμελήσῃς</span> <span class='ocrx_word' id='word_1_343' title='bbox 939 4798 952 4821; x_wconf 93' lang='grc'>,</span> <span class='ocrx_word' id='word_1_344' title='bbox 991 4755 1187 4828; x_wconf 89' lang='grc' dir='ltr'>βλάϐος</span> <span class='ocrx_word' id='word_1_345' title='bbox 1213 4773 1267 4809; x_wconf 88' lang='grc' dir='ltr'>τι</span> <span class='ocrx_word' id='word_1_346' title='bbox 1296 4755 1611 4826; x_wconf 87' lang='grc' dir='ltr'>γενήσεται.</span> <span class='ocrx_word' id='word_1_347' title='bbox 1647 4752 1804 4821; x_wconf 86' lang='grc' dir='ltr'>Μήτε</span> <span class='ocrx_word' id='word_1_348' title='bbox 1832 4750 1925 4802; x_wconf 81' lang='grc' dir='ltr'>ἐπὶ</span> <span class='ocrx_word' id='word_1_349' title='bbox 1956 4749 2103 4803; x_wconf 89' lang='grc' dir='ltr'>διδα-</span> 
     </span>
    </p>
   </div>
   <div class='ocr_carea' id='block_1_47' title="bbox 519 4832 2101 4911">
    <p class='ocr_par' dir='ltr' id='par_1_47' title="bbox 519 4832 2101 4911">
     <span class='ocr_line' id='line_1_48' title="bbox 519 4832 2101 4911; baseline -0.01 -11"><span class='ocrx_word' id='word_1_350' title='bbox 519 4845 768 4900; x_wconf 84' lang='grc' dir='ltr'>σκαλεῖον</span> <span class='ocrx_word' id='word_1_351' title='bbox 800 4842 1014 4896; x_wconf 85' lang='grc' dir='ltr'>παιδίον</span> <span class='ocrx_word' id='word_1_352' title='bbox 1041 4840 1117 4894; x_wconf 85' lang='grc' dir='ltr'>ὣν</span> <span class='ocrx_word' id='word_1_353' title='bbox 1147 4838 1435 4911; x_wconf 80' lang='grc' dir='ltr'>βαδιζέτω,</span> <span class='ocrx_word' id='word_1_354' title='bbox 1469 4838 1609 4908; x_wconf 83' lang='grc' dir='ltr'>μήτε</span> <span class='ocrx_word' id='word_1_355' title='bbox 1641 4834 1781 4905; x_wconf 84' lang='grc' dir='ltr'>ἀνὴρ</span> <span class='ocrx_word' id='word_1_356' title='bbox 1810 4832 2101 4903; x_wconf 86' lang='grc' dir='ltr'>γενόμενος</span> 
     </span>
    </p>
   </div>
   <div class='ocr_carea' id='block_1_48' title="bbox 517 4916 2101 4995">
    <p class='ocr_par' dir='ltr' id='par_1_48' title="bbox 517 4916 2101 4995">
     <span class='ocr_line' id='line_1_49' title="bbox 517 4916 2101 4995; baseline -0.009 -12"><span class='ocrx_word' id='word_1_357' title='bbox 517 4927 765 4983; x_wconf 78' lang='grc' dir='ltr'>ἀκουέτω</span> <span class='ocrx_word' id='word_1_358' title='bbox 793 4924 993 4995; x_wconf 85' lang='grc' dir='ltr'>νόμων,</span> <span class='ocrx_word' id='word_1_359' title='bbox 1029 4923 1105 4994; x_wconf 78' lang='grc' dir='ltr'>μὴ</span> <span class='ocrx_word' id='word_1_360' title='bbox 1130 4921 1447 4992; x_wconf 79' lang='grc' dir='ltr'>προσεχέτω</span> <span class='ocrx_word' id='word_1_361' title='bbox 1478 4918 1814 4989; x_wconf 84' lang='grc' dir='ltr'>συμϐουλαῖς</span> <span class='ocrx_word' id='word_1_362' title='bbox 1853 4916 1947 4969; x_wconf 76' lang='grc' dir='ltr'>καὶ</span> <span class='ocrx_word' id='word_1_363' title='bbox 1975 4933 2101 4969; x_wconf 77' lang='grc' dir='ltr'>νου·</span> 
     </span>
    </p>
   </div>
   <div class='ocr_carea' id='block_1_49' title="bbox 517 4999 2101 5079">
    <p class='ocr_par' dir='ltr' id='par_1_49' title="bbox 517 4999 2101 5079">
     <span class='ocr_line' id='line_1_50' title="bbox 517 4999 2101 5079; baseline -0.02 0"><span class='ocrx_word' id='word_1_364' title='bbox 517 5011 727 5074; x_wconf 79' lang='grc' dir='ltr'>θεσίαις</span> <span class='ocrx_word' id='word_1_365' title='bbox 769 5007 1083 5079; x_wconf 78' lang='grc' dir='ltr'>χρησίμοις.</span> <span class='ocrx_word' id='word_1_366' title='bbox 1123 5006 1189 5060; x_wconf 90' lang='grc' dir='ltr'>Τί</span> <span class='ocrx_word' id='word_1_367' title='bbox 1225 5005 1514 5077; x_wconf 88' lang='grc' dir='ltr'>δυνήσεται</span> <span class='ocrx_word' id='word_1_368' title='bbox 1554 5002 1799 5070; x_wconf 75' lang='grc' dir='ltr'>ἐνεγκεῖν</span> <span class='ocrx_word' id='word_1_369' title='bbox 1833 5000 1862 5053; x_wconf 88' lang='grc' dir='ltr'>ό</span> <span class='ocrx_word' id='word_1_370' title='bbox 1889 4999 2101 5065; x_wconf 89' lang='grc' dir='ltr'>κόπος;</span> 
     </span>
    </p>
   </div>
   <div class='ocr_carea' id='block_1_50' title="bbox 517 5082 2103 5165">
    <p class='ocr_par' dir='ltr' id='par_1_50' title="bbox 517 5082 2103 5165">
     <span class='ocr_line' id='line_1_51' title="bbox 517 5082 2103 5165; baseline -0.009 -16"><span class='ocrx_word' id='word_1_371' title='bbox 517 5096 730 5165; x_wconf 82' lang='grc' dir='ltr'>Ὥσπερ</span> <span class='ocrx_word' id='word_1_372' title='bbox 757 5089 1158 5163; x_wconf 83' lang='grc' dir='ltr'>ἀνερμάτιστον</span> <span class='ocrx_word' id='word_1_373' title='bbox 1192 5088 1400 5151; x_wconf 90' lang='grc' dir='ltr'>πλοῖον,</span> <span class='ocrx_word' id='word_1_374' title='bbox 1428 5088 1524 5141; x_wconf 75' lang='grc' dir='ltr'>καὶ</span> <span class='ocrx_word' id='word_1_375' title='bbox 1546 5083 1757 5142; x_wconf 79' lang='grc' dir='ltr'>ναυτῶν</span> <span class='ocrx_word' id='word_1_376' title='bbox 1789 5082 1884 5137; x_wconf 69' lang='grc' dir='ltr'>καὶ</span> <span class='ocrx_word' id='word_1_377' title='bbox 1905 5082 2103 5165; x_wconf 55' lang='grc' dir='ltr'>κυϐερέ</span> 
     </span>
    </p>
   </div>
   <div class='ocr_carea' id='block_1_51' title="bbox 515 5164 2101 5250">
    <p class='ocr_par' dir='ltr' id='par_1_51' title="bbox 515 5164 2101 5250">
     <span class='ocr_line' id='line_1_52' title="bbox 515 5164 2101 5250; baseline -0.009 -17"><span class='ocrx_word' id='word_1_378' title='bbox 515 5164 709 5250; x_wconf 85' lang='grc' dir='ltr'>νητῶν</span> <span class='ocrx_word' id='word_1_379' title='bbox 746 5175 975 5247; x_wconf 71' lang='grc' dir='ltr'>ἔρημον,</span> <span class='ocrx_word' id='word_1_380' title='bbox 1018 5174 1086 5242; x_wconf 81' lang='grc' dir='ltr'>τῇ</span> <span class='ocrx_word' id='word_1_381' title='bbox 1134 5170 1229 5224; x_wconf 89' lang='grc' dir='ltr'>τοῦ</span> <span class='ocrx_word' id='word_1_382' title='bbox 1268 5170 1542 5243; x_wconf 86' lang='grc' dir='ltr'>χειμῶνος</span> <span class='ocrx_word' id='word_1_383' title='bbox 1587 5169 1730 5241; x_wconf 71' lang='grc' dir='ltr'>φορᾷ</span> <span class='ocrx_word' id='word_1_384' title='bbox 1773 5164 2101 5250; x_wconf 12' lang='grc' dir='ltr'>ἐπιδοῦςῗτά</span> 
     </span>
    </p>
   </div>
   <div class='ocr_carea' id='block_1_52' title="bbox 517 5246 2097 5334">
    <p class='ocr_par' dir='ltr' id='par_1_52' title="bbox 517 5246 2097 5334">
     <span class='ocr_line' id='line_1_53' title="bbox 517 5246 2097 5334; baseline -0.01 -18"><span class='ocrx_word' id='word_1_385' title='bbox 517 5246 752 5334; x_wconf 83' lang='grc' dir='ltr'>πηδάλια</span> <span class='ocrx_word' id='word_1_386' title='bbox 781 5246 882 5329; x_wconf 86' lang='grc' dir='ltr'>τῆς</span> <span class='ocrx_word' id='word_1_387' title='bbox 929 5254 1164 5319; x_wconf 87' lang='grc' dir='ltr'>διανοίας</span> <span class='ocrx_word' id='word_1_388' title='bbox 1183 5294 1199 5320; x_wconf 92' lang='grc'>,</span> <span class='ocrx_word' id='word_1_389' title='bbox 1229 5254 1373 5309; x_wconf 73' lang='grc' dir='ltr'>οὕτω</span> <span class='ocrx_word' id='word_1_390' title='bbox 1418 5253 1687 5326; x_wconf 85' lang='grc' dir='ltr'>φερέσθω.</span> <span class='ocrx_word' id='word_1_391' title='bbox 1718 5250 1929 5334; x_wconf 69' lang='grc' dir='ltr'>Θέλεις,</span> <span class='ocrx_word' id='word_1_392' title='bbox 1974 5246 2097 5334; x_wconf 83' lang='grc' dir='ltr'>εἰπέ</span> 
     </span>
    </p>
   </div>
   <div class='ocr_carea' id='block_1_53' title="bbox 520 5330 2103 5415">
    <p class='ocr_par' dir='ltr' id='par_1_53' title="bbox 520 5330 2103 5415">
     <span class='ocr_line' id='line_1_54' title="bbox 520 5330 2103 5415; baseline -0.011 -16"><span class='ocrx_word' id='word_1_393' title='bbox 520 5330 633 5415; x_wconf 78' lang='grc' dir='ltr'>μοι,</span> <span class='ocrx_word' id='word_1_394' title='bbox 667 5338 1114 5413; x_wconf 85' lang='grc' dir='ltr'>πεισθησὼμεθα,</span> <span class='ocrx_word' id='word_1_395' title='bbox 1145 5337 1240 5391; x_wconf 74' lang='grc' dir='ltr'>καὶ</span> <span class='ocrx_word' id='word_1_396' title='bbox 1261 5338 1410 5390; x_wconf 80' lang='grc' dir='ltr'>οὐδὲν</span> <span class='ocrx_word' id='word_1_397' title='bbox 1437 5335 1804 5408; x_wconf 87' lang='grc' dir='ltr'>ἐνεργήσομεν</span> <span class='ocrx_word' id='word_1_398' title='bbox 1824 5332 1932 5385; x_wconf 87' lang='grc' dir='ltr'>τῶν</span> <span class='ocrx_word' id='word_1_399' title='bbox 1966 5330 2103 5415; x_wconf 82' lang='grc' dir='ltr'>πρὸς</span> 
     </span>
    </p>
   </div>
   <div class='ocr_carea' id='block_1_54' title="bbox 519 5412 2102 5498">
    <p class='ocr_par' dir='ltr' id='par_1_54' title="bbox 519 5412 2102 5498">
     <span class='ocr_line' id='line_1_55' title="bbox 519 5412 2102 5498; baseline -0.009 -18"><span class='ocrx_word' id='word_1_400' title='bbox 519 5412 794 5498; x_wconf 82' lang='grc' dir='ltr'>σωτηρίαν</span> <span class='ocrx_word' id='word_1_401' title='bbox 837 5427 937 5497; x_wconf 82' lang='grc' dir='ltr'>τῆς</span> <span class='ocrx_word' id='word_1_402' title='bbox 969 5421 1244 5495; x_wconf 82' lang='grc' dir='ltr'>ἡμετέρας</span> <span class='ocrx_word' id='word_1_403' title='bbox 1290 5420 1468 5491; x_wconf 78' lang='grc' dir='ltr'>ζωῆςς</span> <span class='ocrx_word' id='word_1_404' title='bbox 1518 5419 1669 5484; x_wconf 84' lang='grc' dir='ltr'>Τέως</span> <span class='ocrx_word' id='word_1_405' title='bbox 1709 5417 1821 5488; x_wconf 85' lang='grc' dir='ltr'>γὰρ</span> <span class='ocrx_word' id='word_1_406' title='bbox 1858 5412 2102 5498; x_wconf 79' lang='grc' dir='ltr'>ἀφείσθω</span> 
     </span>
    </p>
   </div>
   <div class='ocr_carea' id='block_1_55' title="bbox 517 5495 2105 5581">
    <p class='ocr_par' dir='ltr' id='par_1_55' title="bbox 517 5495 2105 5581">
     <span class='ocr_line' id='line_1_56' title="bbox 517 5495 2105 5581; baseline -0.012 -16"><span class='ocrx_word' id='word_1_407' title='bbox 517 5511 585 5565; x_wconf 90' lang='grc' dir='ltr'>τά</span> <span class='ocrx_word' id='word_1_408' title='bbox 617 5495 715 5581; x_wconf 59' lang='grc' dir='ltr'>τῆς</span> <span class='ocrx_word' id='word_1_409' title='bbox 745 5495 945 5580; x_wconf 81' lang='grc' dir='ltr'>ψυχῆς,</span> <span class='ocrx_word' id='word_1_410' title='bbox 971 5506 1107 5560; x_wconf 86' lang='grc' dir='ltr'>ἀλλά</span> <span class='ocrx_word' id='word_1_411' title='bbox 1129 5507 1196 5559; x_wconf 88' lang='grc' dir='ltr'>τά</span> <span class='ocrx_word' id='word_1_412' title='bbox 1223 5504 1353 5576; x_wconf 85' lang='grc' dir='ltr'>περὶ</span> <span class='ocrx_word' id='word_1_413' title='bbox 1380 5504 1478 5576; x_wconf 83' lang='grc' dir='ltr'>τῆς</span> <span class='ocrx_word' id='word_1_414' title='bbox 1510 5500 1794 5574; x_wconf 88' lang='grc' dir='ltr'>παρούσης</span> <span class='ocrx_word' id='word_1_415' title='bbox 1817 5498 1963 5567; x_wconf 76' lang='grc' dir='ltr'>ζωῆς</span> <span class='ocrx_word' id='word_1_416' title='bbox 1988 5495 2105 5581; x_wconf 28' lang='grc' dir='ltr'>’δια-</span> 
     </span>
    </p>
   </div>
   <div class='ocr_carea' id='block_1_56' title="bbox 516 5578 2099 5665">
    <p class='ocr_par' dir='ltr' id='par_1_56' title="bbox 516 5578 2099 5665">
     <span class='ocr_line' id='line_1_57' title="bbox 516 5578 2099 5665; baseline -0.012 -16"><span class='ocrx_word' id='word_1_417' title='bbox 516 5578 831 5665; x_wconf 82' lang='grc' dir='ltr'>λεγώμεθα.</span> <span class='ocrx_word' id='word_1_418' title='bbox 855 5589 1165 5661; x_wconf 86' lang='grc' dir='ltr'>Πειθόμεθα</span> <span class='ocrx_word' id='word_1_419' title='bbox 1191 5591 1259 5660; x_wconf 80' lang='grc' dir='ltr'>τῇ</span> <span class='ocrx_word' id='word_1_420' title='bbox 1292 5586 1604 5658; x_wconf 84' lang='grc' dir='ltr'>εἱμαρμένῃ</span> <span class='ocrx_word' id='word_1_421' title='bbox 1632 5584 1808 5639; x_wconf 88' lang='grc' dir='ltr'>ταῦτα</span> <span class='ocrx_word' id='word_1_422' title='bbox 1842 5578 2099 5665; x_wconf 75' lang='grc' dir='ltr'>λεγούσῃ,</span> 
     </span>
    </p>
   </div>
   <div class='ocr_carea' id='block_1_57' title="bbox 519 5661 2103 5744">
    <p class='ocr_par' dir='ltr' id='par_1_57' title="bbox 519 5661 2103 5744">
     <span class='ocr_line' id='line_1_58' title="bbox 519 5661 2103 5744; baseline -0.012 -12"><span class='ocrx_word' id='word_1_423' title='bbox 519 5661 615 5733; x_wconf 64' lang='grc' dir='ltr'>καί.</span> <span class='ocrx_word' id='word_1_424' title='bbox 659 5661 784 5730; x_wconf 76' lang='grc' dir='ltr'>οὗτε</span> <span class='ocrx_word' id='word_1_425' title='bbox 830 5676 1051 5737; x_wconf 84' lang='grc' dir='ltr'>οἰκέτας</span> <span class='ocrx_word' id='word_1_426' title='bbox 1110 5672 1525 5744; x_wconf 81' lang='grc' dir='ltr'>ἁμαρτάνοντας</span> <span class='ocrx_word' id='word_1_427' title='bbox 1571 5667 1914 5737; x_wconf 84' lang='grc' dir='ltr'>κολάσομεν,</span> <span class='ocrx_word' id='word_1_428' title='bbox 1976 5661 2103 5714; x_wconf 79' lang='grc' dir='ltr'>οὕτε</span> 
     </span>
    </p>
   </div>
   <div class='ocr_carea' id='block_1_58' title="bbox 519 5746 2099 5827">
    <p class='ocr_par' dir='ltr' id='par_1_58' title="bbox 519 5746 2099 5827">
     <span class='ocr_line' id='line_1_59' title="bbox 519 5746 2099 5827; baseline -0.011 -12"><span class='ocrx_word' id='word_1_429' title='bbox 519 5760 829 5826; x_wconf 82' lang='grc' dir='ltr'>ἀσελγείαις</span> <span class='ocrx_word' id='word_1_430' title='bbox 864 5756 1294 5827; x_wconf 76' lang='grc' dir='ltr'>διεφθαρμένους</span> <span class='ocrx_word' id='word_1_431' title='bbox 1332 5753 1755 5826; x_wconf 82' lang='grc' dir='ltr'>ἐπιστρέψομεν,</span> <span class='ocrx_word' id='word_1_432' title='bbox 1798 5747 1926 5804; x_wconf 80' lang='grc' dir='ltr'>οῦτε</span> <span class='ocrx_word' id='word_1_433' title='bbox 1973 5746 2099 5827; x_wconf 74' lang='grc' dir='ltr'>τοὺς</span> 
     </span>
    </p>
   </div>
   <div class='ocr_carea' id='block_1_59' title="bbox 520 5826 2095 5909">
    <p class='ocr_par' dir='ltr' id='par_1_59' title="bbox 520 5826 2095 5909">
     <span class='ocr_line' id='line_1_60' title="bbox 520 5826 2095 5909; baseline -0.01 -13"><span class='ocrx_word' id='word_1_434' title='bbox 520 5842 838 5904; x_wconf 82' lang='grc' dir='ltr'>ἀδικοῦντας</span> <span class='ocrx_word' id='word_1_435' title='bbox 874 5826 1332 5909; x_wconf 18' lang='grc' dir='ltr'>εἱςίδικαστήριον</span> <span class='ocrx_word' id='word_1_436' title='bbox 1363 5836 1584 5906; x_wconf 80' lang='grc' dir='ltr'>ἄξομεν,</span> <span class='ocrx_word' id='word_1_437' title='bbox 1617 5836 1718 5888; x_wconf 82' lang='grc' dir='ltr'>οὐκ</span> <span class='ocrx_word' id='word_1_438' title='bbox 1748 5826 2095 5899; x_wconf 80' lang='grc' dir='ltr'>ἀκουσόμεθα</span> 
     </span>
    </p>
   </div>
   <div class='ocr_carea' id='block_1_60' title="bbox 525 5911 2095 5998">
    <p class='ocr_par' dir='ltr' id='par_1_60' title="bbox 525 5911 2095 5998">
     <span class='ocr_line' id='line_1_61' title="bbox 525 5911 2095 5998; baseline -0.01 -18"><span class='ocrx_word' id='word_1_439' title='bbox 525 5927 635 5980; x_wconf 85' lang='grc' dir='ltr'>τῶν</span> <span class='ocrx_word' id='word_1_440' title='bbox 657 5926 836 5998; x_wconf 81' lang='grc' dir='ltr'>νόμων</span> <span class='ocrx_word' id='word_1_441' title='bbox 857 5939 872 5991; x_wconf 86' lang='lat'><strong>;</strong></span> <span class='ocrx_word' id='word_1_442' title='bbox 912 5919 1241 5991; x_wconf 86' lang='grc' dir='ltr'>Ἐϐουλόμην</span> <span class='ocrx_word' id='word_1_443' title='bbox 1266 5918 1368 5973; x_wconf 79' lang='grc' dir='ltr'>κᾶν</span> <span class='ocrx_word' id='word_1_444' title='bbox 1393 5918 1529 5989; x_wconf 87' lang='grc' dir='ltr'>πρὸς</span> <span class='ocrx_word' id='word_1_445' title='bbox 1560 5918 1732 5989; x_wconf 79' lang='grc' dir='ltr'>βραχὺ</span> <span class='ocrx_word' id='word_1_446' title='bbox 1760 5914 1919 5969; x_wconf 87' lang='grc' dir='ltr'>τοῦτο</span> <span class='ocrx_word' id='word_1_447' title='bbox 1943 5911 2095 5980; x_wconf 86' lang='grc' dir='ltr'>γενέ-</span> 
     </span>
    </p>
   </div>
   <div class='ocr_carea' id='block_1_61' title="bbox 1240 397 3780 485">
    <p class='ocr_par' dir='ltr' id='par_1_61' title="bbox 1240 397 3780 485">
     <span class='ocr_line' id='line_1_62' title="bbox 1240 397 3780 485; baseline -0.003 -22"><span class='ocrx_word' id='word_1_448' title='bbox 1240 406 1297 462; x_wconf 93' lang='lat' dir='ltr'>S.</span> <span class='ocrx_word' id='word_1_449' title='bbox 1334 405 1623 462; x_wconf 72' lang='lat' dir='ltr'>JOANNIS</span> <span class='ocrx_word' id='word_1_450' title='bbox 1660 401 2148 485; x_wconf 64' lang='lat' dir='ltr'>CHRYSOSTOMI</span> <span class='ocrx_word' id='word_1_451' title='bbox 2188 399 2510 459; x_wconf 76' lang='lat' dir='ltr'>ARCIIIEP.</span> <span class='ocrx_word' id='word_1_452' title='bbox 2549 397 3104 456; x_wconf 68' lang='lat' dir='ltr'>CONSTANTINOP.</span> <span class='ocrx_word' id='word_1_453' title='bbox 3686 399 3780 455; x_wconf 76' lang='lat'><strong>766</strong></span> 
     </span>
    </p>
   </div>
   <div class='ocr_carea' id='block_1_62' title="bbox 2205 510 3784 590">
    <p class='ocr_par' dir='ltr' id='par_1_62' title="bbox 2205 510 3784 590">
     <span class='ocr_line' id='line_1_63' title="bbox 2205 510 3784 590; baseline -0.004 -16"><span class='ocrx_word' id='word_1_454' title='bbox 2205 517 2530 590; x_wconf 67' lang='grc' dir='ltr'>φάραγγες,</span> <span class='ocrx_word' id='word_1_455' title='bbox 2570 514 2813 585; x_wconf 72' lang='grc' dir='ltr'>θεμέλια</span> <span class='ocrx_word' id='word_1_456' title='bbox 2860 512 2969 581; x_wconf 79' lang='grc' dir='ltr'>τῆς</span> <span class='ocrx_word' id='word_1_457' title='bbox 3002 512 3138 583; x_wconf 75' lang='grc' dir='ltr'>τῆς,</span> <span class='ocrx_word' id='word_1_458' title='bbox 3192 511 3281 565; x_wconf 81' lang='grc' dir='ltr'>ὅτι</span> <span class='ocrx_word' id='word_1_459' title='bbox 3315 512 3511 580; x_wconf 68' lang='grc' dir='ltr'>κρίσις</span> <span class='ocrx_word' id='word_1_460' title='bbox 3553 510 3636 578; x_wconf 81' lang='grc' dir='ltr'>τῷ</span> <span class='ocrx_word' id='word_1_461' title='bbox 3674 515 3784 567; x_wconf 81' lang='lat' dir='ltr'>Ku-</span> 
     </span>
    </p>
   </div>
   <div class='ocr_carea' id='block_1_63' title="bbox 2196 600 3778 679">
    <p class='ocr_par' dir='ltr' id='par_1_63' title="bbox 2196 600 3778 679">
     <span class='ocr_line' id='line_1_64' title="bbox 2196 600 3778 679; baseline -0.003 -16"><span class='ocrx_word' id='word_1_462' title='bbox 2196 612 2313 679; x_wconf 74' lang='grc' dir='ltr'>ρίῳ</span> <span class='ocrx_word' id='word_1_463' title='bbox 2334 624 2348 637; x_wconf 76' lang='grc'><strong><em>⁸</em></strong></span> <span class='ocrx_word' id='word_1_464' title='bbox 2373 610 2468 663; x_wconf 72' lang='grc' dir='ltr'>καὶ</span> <span class='ocrx_word' id='word_1_465' title='bbox 2492 607 2672 673; x_wconf 89' lang='grc' dir='ltr'>πάλιν,</span> <span class='ocrx_word' id='word_1_466' title='bbox 2698 608 2938 668; x_wconf 75' lang='grc' dir='ltr'>Ἀκουε,</span> <span class='ocrx_word' id='word_1_467' title='bbox 2958 601 3199 671; x_wconf 76' lang='grc' dir='ltr'>οὐρανέ,</span> <span class='ocrx_word' id='word_1_468' title='bbox 3241 603 3341 656; x_wconf 84' lang='grc' dir='ltr'>καί</span> <span class='ocrx_word' id='word_1_469' title='bbox 3366 600 3660 669; x_wconf 82' lang='grc' dir='ltr'>ἐνωτίζου,</span> <span class='ocrx_word' id='word_1_470' title='bbox 3685 603 3778 673; x_wconf 72' lang='grc' dir='ltr'>γῆ,</span> 
     </span>
    </p>
   </div>
   <div class='ocr_carea' id='block_1_64' title="bbox 2205 695 3780 769">
    <p class='ocr_par' dir='ltr' id='par_1_64' title="bbox 2205 695 3780 769">
     <span class='ocr_line' id='line_1_65' title="bbox 2205 695 3780 769; baseline -0.004 -14"><span class='ocrx_word' id='word_1_471' title='bbox 2205 701 2295 755; x_wconf 82' lang='grc' dir='ltr'>ὅτι</span> <span class='ocrx_word' id='word_1_472' title='bbox 2324 700 2540 769; x_wconf 80' lang='grc' dir='ltr'>Κύριος</span> <span class='ocrx_word' id='word_1_473' title='bbox 2571 697 2861 767; x_wconf 74' lang='grc' dir='ltr'>ἐλάλησε.</span> <span class='ocrx_word' id='word_1_474' title='bbox 2895 696 3164 761; x_wconf 81' lang='grc' dir='ltr'>Πολλάκις</span> <span class='ocrx_word' id='word_1_475' title='bbox 3204 695 3261 749; x_wconf 82' lang='grc' dir='ltr'>δέ</span> <span class='ocrx_word' id='word_1_476' title='bbox 3299 696 3495 760; x_wconf 78' lang='grc' dir='ltr'>αὐτοὺς</span> <span class='ocrx_word' id='word_1_477' title='bbox 3526 697 3780 764; x_wconf 83' lang='grc' dir='ltr'>ἐκείνους,</span> 
     </span>
    </p>
   </div>
   <div class='ocr_carea' id='block_1_65' title="bbox 2206 789 3783 864">
    <p class='ocr_par' dir='ltr' id='par_1_65' title="bbox 2206 789 3783 864">
     <span class='ocr_line' id='line_1_66' title="bbox 2206 789 3783 864; baseline -0.003 -15"><span class='ocrx_word' id='word_1_478' title='bbox 2206 796 2364 861; x_wconf 84' lang='grc' dir='ltr'>Λαός</span> <span class='ocrx_word' id='word_1_479' title='bbox 2380 812 2523 864; x_wconf 82' lang='grc' dir='ltr'>μου,</span> <span class='ocrx_word' id='word_1_480' title='bbox 2553 792 2613 846; x_wconf 81' lang='grc' dir='ltr'>τί</span> <span class='ocrx_word' id='word_1_481' title='bbox 2639 790 2899 860; x_wconf 79' lang='grc' dir='ltr'>ἐποίησά</span> <span class='ocrx_word' id='word_1_482' title='bbox 2926 806 3045 855; x_wconf 86' lang='grc' dir='ltr'>σοι,</span> <span class='ocrx_word' id='word_1_483' title='bbox 3078 789 3116 856; x_wconf 78' lang='grc' dir='ltr'>ἢ</span> <span class='ocrx_word' id='word_1_484' title='bbox 3137 790 3194 842; x_wconf 83' lang='grc' dir='ltr'>τί</span> <span class='ocrx_word' id='word_1_485' title='bbox 3212 789 3474 857; x_wconf 75' lang='grc' dir='ltr'>ἠδίκησὰ</span> <span class='ocrx_word' id='word_1_486' title='bbox 3495 807 3607 857; x_wconf 88' lang='grc' dir='ltr'>σε;</span> <span class='ocrx_word' id='word_1_487' title='bbox 3628 790 3732 844; x_wconf 78' lang='grc' dir='ltr'>Καὶ</span> <span class='ocrx_word' id='word_1_488' title='bbox 3754 793 3783 844; x_wconf 88' lang='grc' dir='ltr'><strong>ὀ</strong></span> 
     </span>
    </p>
   </div>
   <div class='ocr_carea' id='block_1_66' title="bbox 2217 883 3783 959">
    <p class='ocr_par' dir='ltr' id='par_1_66' title="bbox 2217 883 3783 959">
     <span class='ocr_line' id='line_1_67' title="bbox 2217 883 3783 959; baseline -0.002 -18"><span class='ocrx_word' id='word_1_489' title='bbox 2217 887 2486 959; x_wconf 76' lang='grc' dir='ltr'>Ἱερεμίας</span> <span class='ocrx_word' id='word_1_490' title='bbox 2510 927 2525 952; x_wconf 92' lang='grc'>,</span> <span class='ocrx_word' id='word_1_491' title='bbox 2583 887 2646 941; x_wconf 82' lang='grc' dir='ltr'>Τί</span> <span class='ocrx_word' id='word_1_492' title='bbox 2671 886 2932 956; x_wconf 80' lang='grc' dir='ltr'>εὔρεσαν</span> <span class='ocrx_word' id='word_1_493' title='bbox 2959 885 3030 939; x_wconf 80' lang='grc' dir='ltr'>ἐν</span> <span class='ocrx_word' id='word_1_494' title='bbox 3064 884 3196 954; x_wconf 79' lang='grc' dir='ltr'>ἐμοὶ</span> <span class='ocrx_word' id='word_1_495' title='bbox 3238 887 3293 940; x_wconf 82' lang='grc' dir='ltr'>οἱ</span> <span class='ocrx_word' id='word_1_496' title='bbox 3329 883 3586 953; x_wconf 76' lang='grc' dir='ltr'>πατέρες</span> <span class='ocrx_word' id='word_1_497' title='bbox 3626 883 3783 954; x_wconf 76' lang='grc' dir='ltr'>ὑμῶν</span> 
     </span>
    </p>
   </div>
   <div class='ocr_carea' id='block_1_67' title="bbox 2204 975 3781 1050">
    <p class='ocr_par' dir='ltr' id='par_1_67' title="bbox 2204 975 3781 1050">
     <span class='ocr_line' id='line_1_68' title="bbox 2204 975 3781 1050; baseline -0.002 -16"><span class='ocrx_word' id='word_1_498' title='bbox 2204 979 2647 1050; x_wconf 70' lang='grc' dir='ltr'>πλημμέλημα;</span> <span class='ocrx_word' id='word_1_499' title='bbox 2695 978 2769 1031; x_wconf 84' lang='grc' dir='ltr'>Ού</span> <span class='ocrx_word' id='word_1_500' title='bbox 2801 978 2948 1031; x_wconf 87' lang='grc' dir='ltr'>ποιεῖ</span> <span class='ocrx_word' id='word_1_501' title='bbox 2993 977 3051 1030; x_wconf 87' lang='grc' dir='ltr'>δὲ</span> <span class='ocrx_word' id='word_1_502' title='bbox 3095 977 3231 1030; x_wconf 84' lang='grc' dir='ltr'>αὐτὸ</span> <span class='ocrx_word' id='word_1_503' title='bbox 3275 975 3419 1030; x_wconf 89' lang='grc' dir='ltr'>κατά</span> <span class='ocrx_word' id='word_1_504' title='bbox 3463 976 3652 1041; x_wconf 86' lang='grc' dir='ltr'>πόλεις</span> <span class='ocrx_word' id='word_1_505' title='bbox 3694 979 3781 1031; x_wconf 75' lang='grc' dir='ltr'>καὶ</span> 
     </span>
    </p>
   </div>
   <div class='ocr_carea' id='block_1_68' title="bbox 2205 1067 3779 1143">
    <p class='ocr_par' dir='ltr' id='par_1_68' title="bbox 2205 1067 3779 1143">
     <span class='ocr_line' id='line_1_69' title="bbox 2205 1067 3779 1143; baseline -0.002 -18"><span class='ocrx_word' id='word_1_506' title='bbox 2205 1071 2334 1142; x_wconf 82' lang='grc' dir='ltr'>ἐθνη</span> <span class='ocrx_word' id='word_1_507' title='bbox 2365 1072 2545 1143; x_wconf 89' lang='grc' dir='ltr'>μόνον,</span> <span class='ocrx_word' id='word_1_508' title='bbox 2581 1071 2717 1125; x_wconf 88' lang='grc' dir='ltr'>ἀλλά</span> <span class='ocrx_word' id='word_1_509' title='bbox 2745 1070 2844 1125; x_wconf 71' lang='grc' dir='ltr'>καὶ</span> <span class='ocrx_word' id='word_1_510' title='bbox 2888 1068 3033 1125; x_wconf 84' lang='grc' dir='ltr'>κατά</span> <span class='ocrx_word' id='word_1_511' title='bbox 3056 1068 3155 1123; x_wconf 84' lang='grc' dir='ltr'>ἐνα</span> <span class='ocrx_word' id='word_1_512' title='bbox 3185 1067 3447 1132; x_wconf 77' lang='grc' dir='ltr'>πολλάκις</span> <span class='ocrx_word' id='word_1_513' title='bbox 3477 1067 3779 1139; x_wconf 73' lang='grc' dir='ltr'>ἄνθρωπον.</span> 
     </span>
    </p>
   </div>
   <div class='ocr_carea' id='block_1_69' title="bbox 2208 1161 3781 1235">
    <p class='ocr_par' dir='ltr' id='par_1_69' title="bbox 2208 1161 3781 1235">
     <span class='ocr_line' id='line_1_70' title="bbox 2208 1161 3781 1235; baseline 0.001 -19"><span class='ocrx_word' id='word_1_514' title='bbox 2208 1163 2354 1235; x_wconf 88' lang='grc' dir='ltr'>Πρὸς</span> <span class='ocrx_word' id='word_1_515' title='bbox 2387 1163 2485 1217; x_wconf 88' lang='grc' dir='ltr'>τὸν</span> <span class='ocrx_word' id='word_1_516' title='bbox 2518 1163 2685 1216; x_wconf 73' lang='grc' dir='ltr'>Δαυὶδ</span> <span class='ocrx_word' id='word_1_517' title='bbox 2715 1162 2959 1233; x_wconf 84' lang='grc' dir='ltr'>κρίνεται</span> <span class='ocrx_word' id='word_1_518' title='bbox 2996 1161 3084 1215; x_wconf 86' lang='grc' dir='ltr'>διά</span> <span class='ocrx_word' id='word_1_519' title='bbox 3120 1162 3216 1216; x_wconf 91' lang='grc' dir='ltr'>τοῦ</span> <span class='ocrx_word' id='word_1_520' title='bbox 3254 1164 3560 1235; x_wconf 82' lang='grc' dir='ltr'>προφήτου,</span> <span class='ocrx_word' id='word_1_521' title='bbox 3592 1165 3781 1235; x_wconf 75' lang='grc' dir='ltr'>καὶτῷ</span> 
     </span>
    </p>
   </div>
   <div class='ocr_carea' id='block_1_70' title="bbox 2217 1252 3781 1327">
    <p class='ocr_par' dir='ltr' id='par_1_70' title="bbox 2217 1252 3781 1327">
     <span class='ocr_line' id='line_1_71' title="bbox 2217 1252 3781 1327; baseline 0.001 -18"><span class='ocrx_word' id='word_1_522' title='bbox 2217 1257 2372 1327; x_wconf 81' lang='grc' dir='ltr'>’ἱωνᾷ</span> <span class='ocrx_word' id='word_1_523' title='bbox 2393 1254 2821 1327; x_wconf 82' lang='grc' dir='ltr'>παραιτουμένῳ</span> <span class='ocrx_word' id='word_1_524' title='bbox 2835 1252 3071 1325; x_wconf 82' lang='grc' dir='ltr'>κηρῦξαι</span> <span class='ocrx_word' id='word_1_525' title='bbox 3086 1254 3417 1318; x_wconf 79' lang='grc' dir='ltr'>Νινευῖταις,</span> <span class='ocrx_word' id='word_1_526' title='bbox 3441 1254 3781 1323; x_wconf 84' lang='grc' dir='ltr'>ἀπολογεῖται</span> 
     </span>
    </p>
   </div>
   <div class='ocr_carea' id='block_1_71' title="bbox 2204 1346 3780 1419">
    <p class='ocr_par' dir='ltr' id='par_1_71' title="bbox 2204 1346 3780 1419">
     <span class='ocr_line' id='line_1_72' title="bbox 2204 1346 3780 1419; baseline 0.001 -18"><span class='ocrx_word' id='word_1_527' title='bbox 2204 1348 2293 1402; x_wconf 87' lang='grc' dir='ltr'>διὰ</span> <span class='ocrx_word' id='word_1_528' title='bbox 2317 1349 2420 1418; x_wconf 78' lang='grc' dir='ltr'>τῆς</span> <span class='ocrx_word' id='word_1_529' title='bbox 2448 1347 2783 1419; x_wconf 79' lang='grc' dir='ltr'>κολοκύνθης</span> <span class='ocrx_word' id='word_1_530' title='bbox 2803 1364 2816 1378; x_wconf 86' lang='grc'><strong>·</strong></span> <span class='ocrx_word' id='word_1_531' title='bbox 2848 1350 2917 1401; x_wconf 78' lang='lat' dir='ltr'><strong><em>El</em></strong></span> <span class='ocrx_word' id='word_1_532' title='bbox 2945 1347 3026 1402; x_wconf 87' lang='grc' dir='ltr'>σὺ</span> <span class='ocrx_word' id='word_1_533' title='bbox 3055 1348 3278 1417; x_wconf 73' lang='grc' dir='ltr'>ἐφείσω</span> <span class='ocrx_word' id='word_1_534' title='bbox 3302 1348 3456 1417; x_wconf 82' lang='grc' dir='ltr'>ὑπὲρ</span> <span class='ocrx_word' id='word_1_535' title='bbox 3483 1346 3598 1415; x_wconf 85' lang='grc' dir='ltr'>τῆς</span> <span class='ocrx_word' id='word_1_536' title='bbox 3620 1351 3780 1403; x_wconf 69' lang='grc' dir='ltr'>κολο-</span> 
     </span>
    </p>
   </div>
   <div class='ocr_carea' id='block_1_72' title="bbox 2205 1437 3780 1509">
    <p class='ocr_par' dir='ltr' id='par_1_72' title="bbox 2205 1437 3780 1509">
     <span class='ocr_line' id='line_1_73' title="bbox 2205 1437 3780 1509; baseline 0.001 -17"><span class='ocrx_word' id='word_1_537' title='bbox 2205 1440 2433 1507; x_wconf 77' lang='grc' dir='ltr'>κύνθης</span> <span class='ocrx_word' id='word_1_538' title='bbox 2451 1480 2466 1504; x_wconf 94' lang='grc'>,</span> <span class='ocrx_word' id='word_1_539' title='bbox 2517 1437 2633 1509; x_wconf 79' lang='grc' dir='ltr'>ἐγὼ</span> <span class='ocrx_word' id='word_1_540' title='bbox 2682 1440 2756 1493; x_wconf 84' lang='grc' dir='ltr'>οὐ</span> <span class='ocrx_word' id='word_1_541' title='bbox 2804 1439 3088 1509; x_wconf 77' lang='grc' dir='ltr'>φείσομαι</span> <span class='ocrx_word' id='word_1_542' title='bbox 3138 1437 3290 1507; x_wconf 83' lang='grc' dir='ltr'>ὑπὲρ</span> <span class='ocrx_word' id='word_1_543' title='bbox 3333 1439 3631 1508; x_wconf 69' lang='grc' dir='ltr'>Νινευῆςς</span> <span class='ocrx_word' id='word_1_544' title='bbox 3678 1441 3780 1494; x_wconf 76' lang='grc' dir='ltr'>Καὶ</span> 
     </span>
    </p>
   </div>
   <div class='ocr_carea' id='block_1_73' title="bbox 2207 1531 3776 1607">
    <p class='ocr_par' dir='ltr' id='par_1_73' title="bbox 2207 1531 3776 1607">
     <span class='ocr_line' id='line_1_74' title="bbox 2207 1531 3776 1607; baseline 0.002 -22"><span class='ocrx_word' id='word_1_545' title='bbox 2207 1531 2421 1587; x_wconf 81' lang='grc' dir='ltr'>πολλῶν</span> <span class='ocrx_word' id='word_1_546' title='bbox 2459 1532 2719 1586; x_wconf 89' lang='grc' dir='ltr'>τοιούτων</span> <span class='ocrx_word' id='word_1_547' title='bbox 2764 1532 3019 1604; x_wconf 80' lang='grc' dir='ltr'>εὑρήσεις</span> <span class='ocrx_word' id='word_1_548' title='bbox 3064 1531 3344 1604; x_wconf 89' lang='grc' dir='ltr'>γεμούσας</span> <span class='ocrx_word' id='word_1_549' title='bbox 3396 1531 3496 1597; x_wconf 81' lang='grc' dir='ltr'>τὰς</span> <span class='ocrx_word' id='word_1_550' title='bbox 3544 1533 3776 1607; x_wconf 81' lang='grc' dir='ltr'>Γραφάς.</span> 
     </span>
    </p>
   </div>
   <div class='ocr_carea' id='block_1_74' title="bbox 2207 1621 3779 1698">
    <p class='ocr_par' dir='ltr' id='par_1_74' title="bbox 2207 1621 3779 1698">
     <span class='ocr_line' id='line_1_75' title="bbox 2207 1621 3779 1698; baseline -0.001 -20"><span class='ocrx_word' id='word_1_551' title='bbox 2207 1624 2376 1678; x_wconf 80' lang='grc' dir='ltr'>Ταῦτ’</span> <span class='ocrx_word' id='word_1_552' title='bbox 2415 1621 2510 1680; x_wconf 84' lang='grc' dir='ltr'>οῦν</span> <span class='ocrx_word' id='word_1_553' title='bbox 2543 1625 2771 1689; x_wconf 88' lang='grc' dir='ltr'>εἰδότες,</span> <span class='ocrx_word' id='word_1_554' title='bbox 2813 1622 3212 1698; x_wconf 85' lang='grc' dir='ltr'>προσκυνῶμεν</span> <span class='ocrx_word' id='word_1_555' title='bbox 3251 1622 3401 1697; x_wconf 71' lang='lat'>[769]</span> <span class='ocrx_word' id='word_1_556' title='bbox 3428 1624 3621 1689; x_wconf 82' lang='grc' dir='ltr'>αὐτὸν,</span> <span class='ocrx_word' id='word_1_557' title='bbox 3659 1624 3779 1679; x_wconf 85' lang='grc' dir='ltr'>θαυ-</span> 
     </span>
    </p>
   </div>
   <div class='ocr_carea' id='block_1_75' title="bbox 2209 1717 3781 1790">
    <p class='ocr_par' dir='ltr' id='par_1_75' title="bbox 2209 1717 3781 1790">
     <span class='ocr_line' id='line_1_76' title="bbox 2209 1717 3781 1790; baseline -0.001 -18"><span class='ocrx_word' id='word_1_558' title='bbox 2209 1718 2494 1790; x_wconf 72' lang='grc' dir='ltr'>μάζωμεν,</span> <span class='ocrx_word' id='word_1_559' title='bbox 2527 1717 2944 1790; x_wconf 85' lang='grc' dir='ltr'>θεραπεύωμεν,</span> <span class='ocrx_word' id='word_1_560' title='bbox 2984 1717 3060 1781; x_wconf 79' lang='grc' dir='ltr'>ὡς</span> <span class='ocrx_word' id='word_1_561' title='bbox 3100 1717 3326 1771; x_wconf 90' lang='grc' dir='ltr'>δυνατὸν</span> <span class='ocrx_word' id='word_1_562' title='bbox 3359 1719 3526 1788; x_wconf 86' lang='grc' dir='ltr'>ἡμῖν·</span> <span class='ocrx_word' id='word_1_563' title='bbox 3567 1718 3645 1782; x_wconf 81' lang='grc' dir='ltr'>ὡς</span> <span class='ocrx_word' id='word_1_564' title='bbox 3680 1717 3781 1790; x_wconf 81' lang='grc' dir='ltr'>γὰρ</span> 
     </span>
    </p>
   </div>
   <div class='ocr_carea' id='block_1_76' title="bbox 2204 1808 3779 1882">
    <p class='ocr_par' dir='ltr' id='par_1_76' title="bbox 2204 1808 3779 1882">
     <span class='ocr_line' id='line_1_77' title="bbox 2204 1808 3779 1882; baseline -0.001 -17"><span class='ocrx_word' id='word_1_565' title='bbox 2204 1810 2353 1876; x_wconf 77' lang='grc' dir='ltr'>ἀξιον</span> <span class='ocrx_word' id='word_1_566' title='bbox 2374 1811 2433 1865; x_wconf 85' lang='grc' dir='ltr'>ού</span> <span class='ocrx_word' id='word_1_567' title='bbox 2457 1810 2702 1865; x_wconf 88' lang='grc' dir='ltr'>δυνατόν.</span> <span class='ocrx_word' id='word_1_568' title='bbox 2738 1809 3163 1881; x_wconf 86' lang='grc' dir='ltr'>Ἐπιμελώμεθα</span> <span class='ocrx_word' id='word_1_569' title='bbox 3182 1810 3281 1881; x_wconf 86' lang='grc' dir='ltr'>τῆς</span> <span class='ocrx_word' id='word_1_570' title='bbox 3306 1808 3594 1882; x_wconf 83' lang='grc' dir='ltr'>παρούσης</span> <span class='ocrx_word' id='word_1_571' title='bbox 3624 1809 3779 1880; x_wconf 79' lang='grc' dir='ltr'>ζωῆς,</span> 
     </span>
    </p>
   </div>
   <div class='ocr_carea' id='block_1_77' title="bbox 2205 1901 3782 1975">
    <p class='ocr_par' dir='ltr' id='par_1_77' title="bbox 2205 1901 3782 1975">
     <span class='ocr_line' id='line_1_78' title="bbox 2205 1901 3782 1975; baseline -0.001 -17"><span class='ocrx_word' id='word_1_572' title='bbox 2205 1904 2300 1958; x_wconf 82' lang='grc' dir='ltr'>καὶ</span> <span class='ocrx_word' id='word_1_573' title='bbox 2345 1903 2707 1974; x_wconf 86' lang='grc' dir='ltr'>πειθώμεθα,</span> <span class='ocrx_word' id='word_1_574' title='bbox 2754 1904 2837 1957; x_wconf 84' lang='grc' dir='ltr'>ὅτι</span> <span class='ocrx_word' id='word_1_575' title='bbox 2881 1901 3014 1966; x_wconf 88' lang='grc' dir='ltr'>Θεὸς</span> <span class='ocrx_word' id='word_1_576' title='bbox 3056 1901 3358 1974; x_wconf 85' lang='grc' dir='ltr'>ἐφέστηκε,</span> <span class='ocrx_word' id='word_1_577' title='bbox 3415 1903 3513 1956; x_wconf 72' lang='grc' dir='ltr'>καὶ</span> <span class='ocrx_word' id='word_1_578' title='bbox 3567 1901 3782 1975; x_wconf 77' lang='grc' dir='ltr'>πρόνοια</span> 
     </span>
    </p>
   </div>
   <div class='ocr_carea' id='block_1_78' title="bbox 2207 1994 3782 2067">
    <p class='ocr_par' dir='ltr' id='par_1_78' title="bbox 2207 1994 3782 2067">
     <span class='ocr_line' id='line_1_79' title="bbox 2207 1994 3782 2067; baseline 0.001 -18"><span class='ocrx_word' id='word_1_579' title='bbox 2207 1996 2394 2049; x_wconf 87' lang='grc' dir='ltr'>πάντα</span> <span class='ocrx_word' id='word_1_580' title='bbox 2419 1995 2683 2067; x_wconf 79' lang='grc' dir='ltr'>κυϐερνᾷ,</span> <span class='ocrx_word' id='word_1_581' title='bbox 2711 1996 2805 2049; x_wconf 65' lang='grc' dir='ltr'>καλ⁸</span> <span class='ocrx_word' id='word_1_582' title='bbox 2838 1995 2976 2065; x_wconf 85' lang='grc' dir='ltr'>μετά</span> <span class='ocrx_word' id='word_1_583' title='bbox 3006 1994 3181 2048; x_wconf 89' lang='grc' dir='ltr'>ταῦτα</span> <span class='ocrx_word' id='word_1_584' title='bbox 3203 1995 3383 2049; x_wconf 84' lang='grc' dir='ltr'>πάντα</span> <span class='ocrx_word' id='word_1_585' title='bbox 3411 1995 3562 2048; x_wconf 79' lang='grc' dir='ltr'>ἔστιν</span> <span class='ocrx_word' id='word_1_586' title='bbox 3592 1995 3782 2067; x_wconf 77' lang='grc' dir='ltr'>ἀποδη-</span> 
     </span>
    </p>
   </div>
   <div class='ocr_carea' id='block_1_79' title="bbox 2213 2080 3780 2157">
    <p class='ocr_par' dir='ltr' id='par_1_79' title="bbox 2213 2080 3780 2157">
     <span class='ocr_line' id='line_1_80' title="bbox 2213 2080 3780 2157; baseline -0.001 -18"><span class='ocrx_word' id='word_1_587' title='bbox 2213 2086 2496 2156; x_wconf 89' lang='grc' dir='ltr'>μήσαντας</span> <span class='ocrx_word' id='word_1_588' title='bbox 2545 2088 2729 2156; x_wconf 78' lang='grc' dir='ltr'>τυχεῖν</span> <span class='ocrx_word' id='word_1_589' title='bbox 2780 2085 2892 2140; x_wconf 87' lang='grc' dir='ltr'>τῶν</span> <span class='ocrx_word' id='word_1_590' title='bbox 2941 2086 3367 2157; x_wconf 83' lang='grc' dir='ltr'>ἐπηγγελμένων</span> <span class='ocrx_word' id='word_1_591' title='bbox 3417 2086 3678 2155; x_wconf 85' lang='grc' dir='ltr'>ἀγαθῶν·</span> <span class='ocrx_word' id='word_1_592' title='bbox 3713 2080 3780 2139; x_wconf 78' lang='grc' dir='ltr'>ὧν</span> 
     </span>
    </p>
   </div>
   <div class='ocr_carea' id='block_1_80' title="bbox 2206 2172 3780 2253">
    <p class='ocr_par' dir='ltr' id='par_1_80' title="bbox 2206 2172 3780 2253">
     <span class='ocr_line' id='line_1_81' title="bbox 2206 2172 3780 2253; baseline 0.002 -21"><span class='ocrx_word' id='word_1_593' title='bbox 2206 2178 2420 2248; x_wconf 87' lang='grc' dir='ltr'>γένοιτο</span> <span class='ocrx_word' id='word_1_594' title='bbox 2454 2178 2668 2243; x_wconf 88' lang='grc' dir='ltr'>πάντας</span> <span class='ocrx_word' id='word_1_595' title='bbox 2706 2181 2855 2251; x_wconf 79' lang='grc' dir='ltr'>ἡμᾶς</span> <span class='ocrx_word' id='word_1_596' title='bbox 2905 2181 3204 2251; x_wconf 86' lang='grc' dir='ltr'>ἐπιτυχεῖν,</span> <span class='ocrx_word' id='word_1_597' title='bbox 3239 2180 3422 2252; x_wconf 88' lang='grc' dir='ltr'>χάριτι</span> <span class='ocrx_word' id='word_1_598' title='bbox 3453 2180 3712 2253; x_wconf 81' lang='grc' dir='ltr'>Χριστοῦ,</span> <span class='ocrx_word' id='word_1_599' title='bbox 3739 2172 3780 2250; x_wconf 79' lang='grc' dir='ltr'>ᾧ</span> 
     </span>
    </p>
   </div>
   <div class='ocr_carea' id='block_1_81' title="bbox 2209 2268 3550 2341">
    <p class='ocr_par' dir='ltr' id='par_1_81' title="bbox 2209 2268 3550 2341">
     <span class='ocr_line' id='line_1_82' title="bbox 2209 2268 3550 2341; baseline 0.006 -20"><span class='ocrx_word' id='word_1_600' title='bbox 2209 2271 2243 2341; x_wconf 92' lang='grc' dir='ltr'>ή</span> <span class='ocrx_word' id='word_1_601' title='bbox 2277 2268 2404 2335; x_wconf 76' lang='grc' dir='ltr'>δόξα</span> <span class='ocrx_word' id='word_1_602' title='bbox 2433 2270 2516 2333; x_wconf 83' lang='grc' dir='ltr'>είς</span> <span class='ocrx_word' id='word_1_603' title='bbox 2542 2270 2670 2334; x_wconf 78' lang='grc' dir='ltr'>τοὺς</span> <span class='ocrx_word' id='word_1_604' title='bbox 2695 2269 2901 2335; x_wconf 86' lang='grc' dir='ltr'>αἰῶνας</span> <span class='ocrx_word' id='word_1_605' title='bbox 2926 2269 3034 2324; x_wconf 88' lang='grc' dir='ltr'>τῶν</span> <span class='ocrx_word' id='word_1_606' title='bbox 3065 2269 3298 2326; x_wconf 81' lang='grc' dir='ltr'>αἰώνων.</span> <span class='ocrx_word' id='word_1_607' title='bbox 3348 2272 3550 2329; x_wconf 67' lang='lat' dir='ltr'>‘Aufv.</span> 
     </span>
    </p>
   </div>
   <div class='ocr_carea' id='block_1_82' title="bbox 1183 2507 3119 2675">
    <p class='ocr_par' dir='ltr' id='par_1_82' title="bbox 1183 2507 3119 2675">
     <span class='ocr_line' id='line_1_83' title="bbox 1183 2507 3119 2675; baseline -0.001 -8"><span class='ocrx_word' id='word_1_608' title='bbox 1183 2580 1445 2667; x_wconf 87' lang='grc' dir='ltr'>ΠΕΡΙ</span> <span class='ocrx_word' id='word_1_609' title='bbox 1500 2579 2222 2665; x_wconf 80' lang='grc' dir='ltr'>ΕΙΜΛΡΜΕΝΗΣ</span> <span class='ocrx_word' id='word_1_610' title='bbox 2279 2581 2473 2664; x_wconf 88' lang='grc' dir='ltr'>ΚΑΙ</span> <span class='ocrx_word' id='word_1_611' title='bbox 2528 2507 3119 2675; x_wconf 69' lang='grc' dir='ltr'>ΠΡΟΝΟὶΑΣ.</span> 
     </span>
    </p>
   </div>
   <div class='ocr_carea' id='block_1_83' title="bbox 2211 2787 3779 2861">
    <p class='ocr_par' dir='ltr' id='par_1_83' title="bbox 2211 2787 3779 2861">
     <span class='ocr_line' id='line_1_84' title="bbox 2211 2787 3779 2861; baseline 0.001 -19"><span class='ocrx_word' id='word_1_612' title='bbox 2211 2789 2335 2843; x_wconf 91' lang='grc' dir='ltr'>σθαι</span> <span class='ocrx_word' id='word_1_613' title='bbox 2356 2828 2369 2850; x_wconf 91' lang='grc'>,</span> <span class='ocrx_word' id='word_1_614' title='bbox 2396 2791 2455 2844; x_wconf 79' lang='grc' dir='ltr'>ἐν</span> <span class='ocrx_word' id='word_1_615' title='bbox 2530 2787 2678 2859; x_wconf 77' lang='grc' dir='ltr'>ἔργῳ</span> <span class='ocrx_word' id='word_1_616' title='bbox 2710 2788 2809 2859; x_wconf 76' lang='grc' dir='ltr'>τὴν</span> <span class='ocrx_word' id='word_1_617' title='bbox 2842 2788 3092 2861; x_wconf 82' lang='grc' dir='ltr'>ὀλεθρίαν</span> <span class='ocrx_word' id='word_1_618' title='bbox 3143 2793 3346 2859; x_wconf 83' lang='grc' dir='ltr'>ταύτην</span> <span class='ocrx_word' id='word_1_619' title='bbox 3389 2791 3486 2844; x_wconf 68' lang='grc' dir='ltr'>καὶ</span> <span class='ocrx_word' id='word_1_620' title='bbox 3525 2788 3779 2861; x_wconf 83' lang='grc' dir='ltr'>ἐπιϐλαϐῆ</span> 
     </span>
    </p>
   </div>
   <div class='ocr_carea' id='block_1_84' title="bbox 2205 2869 3778 2947">
    <p class='ocr_par' dir='ltr' id='par_1_84' title="bbox 2205 2869 3778 2947">
     <span class='ocr_line' id='line_1_85' title="bbox 2205 2869 3778 2947; baseline 0 -21"><span class='ocrx_word' id='word_1_621' title='bbox 2205 2871 2526 2927; x_wconf 85' lang='grc' dir='ltr'>διδάσκαλον</span> <span class='ocrx_word' id='word_1_622' title='bbox 2569 2872 2677 2925; x_wconf 87' lang='grc' dir='ltr'>τῶν</span> <span class='ocrx_word' id='word_1_623' title='bbox 2724 2874 2913 2928; x_wconf 88' lang='grc' dir='ltr'>κακῶν</span> <span class='ocrx_word' id='word_1_624' title='bbox 2958 2869 3225 2947; x_wconf 83' lang='grc' dir='ltr'>δυνηθῆτε</span> <span class='ocrx_word' id='word_1_625' title='bbox 3268 2875 3529 2929; x_wconf 87' lang='grc' dir='ltr'>συνιδεῖν.</span> <span class='ocrx_word' id='word_1_626' title='bbox 3582 2875 3643 2927; x_wconf 87' lang='grc' dir='ltr'>Εἰ</span> <span class='ocrx_word' id='word_1_627' title='bbox 3683 2874 3778 2946; x_wconf 83' lang='grc' dir='ltr'>γὰρ</span> 
     </span>
    </p>
   </div>
   <div class='ocr_carea' id='block_1_85' title="bbox 2206 2956 3779 3028">
    <p class='ocr_par' dir='ltr' id='par_1_85' title="bbox 2206 2956 3779 3028">
     <span class='ocr_line' id='line_1_86' title="bbox 2206 2956 3779 3028; baseline 0.001 -18"><span class='ocrx_word' id='word_1_628' title='bbox 2206 2958 2421 3027; x_wconf 85' lang='grc' dir='ltr'>ἀνάγκη</span> <span class='ocrx_word' id='word_1_629' title='bbox 2451 2956 2670 3020; x_wconf 89' lang='grc' dir='ltr'>πάντως</span> <span class='ocrx_word' id='word_1_630' title='bbox 2697 2956 2768 3009; x_wconf 87' lang='grc' dir='ltr'>τὰ</span> <span class='ocrx_word' id='word_1_631' title='bbox 2795 2958 3109 3028; x_wconf 89' lang='grc' dir='ltr'>εἱμαρμένα</span> <span class='ocrx_word' id='word_1_632' title='bbox 3136 2959 3410 3027; x_wconf 87' lang='grc' dir='ltr'>γενέσθαι,</span> <span class='ocrx_word' id='word_1_633' title='bbox 3441 2959 3541 3012; x_wconf 78' lang='grc' dir='ltr'>καὶ</span> <span class='ocrx_word' id='word_1_634' title='bbox 3566 2957 3779 3013; x_wconf 84' lang='grc' dir='ltr'>σπουδα-</span> 
     </span>
    </p>
   </div>
   <div class='ocr_carea' id='block_1_86' title="bbox 2208 3038 3777 3113">
    <p class='ocr_par' dir='ltr' id='par_1_86' title="bbox 2208 3038 3777 3113">
     <span class='ocr_line' id='line_1_87' title="bbox 2208 3038 3777 3113; baseline 0 -19"><span class='ocrx_word' id='word_1_635' title='bbox 2208 3039 2409 3105; x_wconf 81' lang='grc' dir='ltr'>ζόντων</span> <span class='ocrx_word' id='word_1_636' title='bbox 2452 3040 2547 3093; x_wconf 71' lang='grc' dir='ltr'>καὶ</span> <span class='ocrx_word' id='word_1_637' title='bbox 2585 3038 2977 3107; x_wconf 86' lang='grc' dir='ltr'>καθευδόντων,</span> <span class='ocrx_word' id='word_1_638' title='bbox 3011 3040 3199 3113; x_wconf 74' lang='grc' dir='ltr'>μηδεὶς</span> <span class='ocrx_word' id='word_1_639' title='bbox 3238 3043 3486 3113; x_wconf 74' lang='grc' dir='ltr'>γεωργὸς</span> <span class='ocrx_word' id='word_1_640' title='bbox 3517 3040 3777 3111; x_wconf 82' lang='grc' dir='ltr'>ζευγνύτω</span> 
     </span>
    </p>
   </div>
   <div class='ocr_carea' id='block_1_87' title="bbox 2208 3116 3775 3197">
    <p class='ocr_par' dir='ltr' id='par_1_87' title="bbox 2208 3116 3775 3197">
     <span class='ocr_line' id='line_1_88' title="bbox 2208 3116 3775 3197; baseline 0 -21"><span class='ocrx_word' id='word_1_641' title='bbox 2208 3124 2355 3194; x_wconf 84' lang='grc' dir='ltr'>βοῦς,</span> <span class='ocrx_word' id='word_1_642' title='bbox 2391 3122 2529 3194; x_wconf 78' lang='grc' dir='ltr'>μηδὲ</span> <span class='ocrx_word' id='word_1_643' title='bbox 2560 3124 2787 3195; x_wconf 80' lang='grc' dir='ltr'>ἄροτρον</span> <span class='ocrx_word' id='word_1_644' title='bbox 2819 3123 3058 3191; x_wconf 84' lang='grc' dir='ltr'>ἐλκέτω,</span> <span class='ocrx_word' id='word_1_645' title='bbox 3101 3126 3241 3196; x_wconf 88' lang='grc' dir='ltr'>μήτε</span> <span class='ocrx_word' id='word_1_646' title='bbox 3277 3124 3495 3179; x_wconf 86' lang='grc' dir='ltr'>αῦλακα</span> <span class='ocrx_word' id='word_1_647' title='bbox 3528 3116 3775 3197; x_wconf 79' lang='grc' dir='ltr'>τεμνέτω,</span> 
     </span>
    </p>
   </div>
   <div class='ocr_carea' id='block_1_88' title="bbox 2210 3207 3779 3280">
    <p class='ocr_par' dir='ltr' id='par_1_88' title="bbox 2210 3207 3779 3280">
     <span class='ocr_line' id='line_1_89' title="bbox 2210 3207 3779 3280; baseline -0.001 -20"><span class='ocrx_word' id='word_1_648' title='bbox 2210 3208 2344 3280; x_wconf 86' lang='grc' dir='ltr'>μηδέ</span> <span class='ocrx_word' id='word_1_649' title='bbox 2377 3207 2766 3262; x_wconf 86' lang='grc' dir='ltr'>καταϐαλλέτω</span> <span class='ocrx_word' id='word_1_650' title='bbox 2799 3208 3112 3279; x_wconf 87' lang='grc' dir='ltr'>σπέρματα,</span> <span class='ocrx_word' id='word_1_651' title='bbox 3151 3210 3290 3280; x_wconf 89' lang='grc' dir='ltr'>μήτε</span> <span class='ocrx_word' id='word_1_652' title='bbox 3319 3207 3468 3279; x_wconf 84' lang='grc' dir='ltr'>ὥραν</span> <span class='ocrx_word' id='word_1_653' title='bbox 3496 3209 3650 3273; x_wconf 79' lang='grc' dir='ltr'>ἔτους</span> <span class='ocrx_word' id='word_1_654' title='bbox 3668 3210 3779 3261; x_wconf 79' lang='grc' dir='ltr'>ἐπι·</span> 
     </span>
    </p>
   </div>
   <div class='ocr_carea' id='block_1_89' title="bbox 2205 3291 3778 3365">
    <p class='ocr_par' dir='ltr' id='par_1_89' title="bbox 2205 3291 3778 3365">
     <span class='ocr_line' id='line_1_90' title="bbox 2205 3291 3778 3365; baseline -0.002 -19"><span class='ocrx_word' id='word_1_655' title='bbox 2205 3293 2443 3365; x_wconf 86' lang='grc' dir='ltr'>τηρείτω</span> <span class='ocrx_word' id='word_1_656' title='bbox 2493 3291 2826 3364; x_wconf 86' lang='grc' dir='ltr'>ἐπιτηδείαν,</span> <span class='ocrx_word' id='word_1_657' title='bbox 2884 3293 3020 3364; x_wconf 87' lang='grc' dir='ltr'>μηδὲ</span> <span class='ocrx_word' id='word_1_658' title='bbox 3069 3293 3347 3363; x_wconf 83' lang='grc' dir='ltr'>ἀνεχέσθω</span> <span class='ocrx_word' id='word_1_659' title='bbox 3393 3293 3631 3364; x_wconf 85' lang='grc' dir='ltr'>κρυμοῦ,</span> <span class='ocrx_word' id='word_1_660' title='bbox 3693 3291 3778 3345; x_wconf 75' lang='grc' dir='ltr'>καὶ</span> 
     </span>
    </p>
   </div>
   <div class='ocr_carea' id='block_1_90' title="bbox 2203 3376 3778 3449">
    <p class='ocr_par' dir='ltr' id='par_1_90' title="bbox 2203 3376 3778 3449">
     <span class='ocr_line' id='line_1_91' title="bbox 2203 3376 3778 3449; baseline -0.001 -19"><span class='ocrx_word' id='word_1_661' title='bbox 2203 3376 2486 3449; x_wconf 82' lang='grc' dir='ltr'>διηνεκοῦς</span> <span class='ocrx_word' id='word_1_662' title='bbox 2521 3376 2701 3440; x_wconf 82' lang='grc' dir='ltr'>ὑετοῦ,</span> <span class='ocrx_word' id='word_1_663' title='bbox 2732 3378 2819 3432; x_wconf 72' lang='grc' dir='ltr'>καὶ</span> <span class='ocrx_word' id='word_1_664' title='bbox 2864 3376 3260 3449; x_wconf 84' lang='grc' dir='ltr'>ταλαιπωρίας,</span> <span class='ocrx_word' id='word_1_665' title='bbox 3294 3379 3388 3431; x_wconf 75' lang='grc' dir='ltr'>καὶ</span> <span class='ocrx_word' id='word_1_666' title='bbox 3417 3377 3634 3449; x_wconf 85' lang='grc' dir='ltr'>μόχθων</span> <span class='ocrx_word' id='word_1_667' title='bbox 3658 3376 3778 3445; x_wconf 67' lang='grc' dir='ltr'>πρὶς</span> 
     </span>
    </p>
   </div>
   <div class='ocr_carea' id='block_1_91' title="bbox 2204 3460 3768 3534">
    <p class='ocr_par' dir='ltr' id='par_1_91' title="bbox 2204 3460 3768 3534">
     <span class='ocr_line' id='line_1_92' title="bbox 2204 3460 3768 3534; baseline -0.001 -20"><span class='ocrx_word' id='word_1_668' title='bbox 2204 3460 2715 3533; x_wconf 84' lang='grc' dir='ltr'>διαμεμετρημένον</span> <span class='ocrx_word' id='word_1_669' title='bbox 2764 3461 2825 3515; x_wconf 91' lang='grc' dir='ltr'>τὸ</span> <span class='ocrx_word' id='word_1_670' title='bbox 2873 3461 3026 3528; x_wconf 72' lang='grc' dir='ltr'>ἔτος,</span> <span class='ocrx_word' id='word_1_671' title='bbox 3085 3461 3158 3534; x_wconf 82' lang='grc' dir='ltr'>μὴ</span> <span class='ocrx_word' id='word_1_672' title='bbox 3200 3461 3419 3532; x_wconf 88' lang='grc' dir='ltr'>θηγέτω</span> <span class='ocrx_word' id='word_1_673' title='bbox 3468 3462 3768 3533; x_wconf 84' lang='grc' dir='ltr'>δρεπάνην,</span> 
     </span>
    </p>
   </div>
   <div class='ocr_carea' id='block_1_92' title="bbox 2210 3542 3777 3618">
    <p class='ocr_par' dir='ltr' id='par_1_92' title="bbox 2210 3542 3777 3618">
     <span class='ocr_line' id='line_1_93' title="bbox 2210 3542 3777 3618; baseline 0.004 -22"><span class='ocrx_word' id='word_1_674' title='bbox 2210 3545 2343 3617; x_wconf 86' lang='grc' dir='ltr'>μηδέ</span> <span class='ocrx_word' id='word_1_675' title='bbox 2372 3544 2570 3614; x_wconf 89' lang='grc' dir='ltr'>ἀμάτω</span> <span class='ocrx_word' id='word_1_676' title='bbox 2614 3544 2785 3617; x_wconf 82' lang='grc' dir='ltr'>λήϊον,</span> <span class='ocrx_word' id='word_1_677' title='bbox 2831 3544 2906 3617; x_wconf 83' lang='grc' dir='ltr'>μὴ</span> <span class='ocrx_word' id='word_1_678' title='bbox 2946 3544 3181 3617; x_wconf 88' lang='grc' dir='ltr'>τριϐέτω</span> <span class='ocrx_word' id='word_1_679' title='bbox 3215 3544 3366 3618; x_wconf 85' lang='lat'><strong>[770]</strong></span> <span class='ocrx_word' id='word_1_680' title='bbox 3407 3546 3666 3617; x_wconf 82' lang='grc' dir='ltr'>ἀστάχυς,</span> <span class='ocrx_word' id='word_1_681' title='bbox 3713 3542 3777 3614; x_wconf 78' lang='grc' dir='ltr'>μὴ</span> 
     </span>
    </p>
   </div>
   <div class='ocr_carea' id='block_1_93' title="bbox 2206 3625 3778 3699">
    <p class='ocr_par' dir='ltr' id='par_1_93' title="bbox 2206 3625 3778 3699">
     <span class='ocr_line' id='line_1_94' title="bbox 2206 3625 3778 3699; baseline 0.001 -19"><span class='ocrx_word' id='word_1_682' title='bbox 2206 3627 2505 3696; x_wconf 89' lang='grc' dir='ltr'>φυτευέτω,</span> <span class='ocrx_word' id='word_1_683' title='bbox 2538 3627 2674 3699; x_wconf 83' lang='grc' dir='ltr'>μηδὲ</span> <span class='ocrx_word' id='word_1_684' title='bbox 2701 3626 3056 3698; x_wconf 85' lang='grc' dir='ltr'>θεραπευέτω</span> <span class='ocrx_word' id='word_1_685' title='bbox 3086 3628 3250 3698; x_wconf 79' lang='grc' dir='ltr'>φυτὰ,</span> <span class='ocrx_word' id='word_1_686' title='bbox 3277 3631 3459 3683; x_wconf 76' lang='grc' dir='ltr'>πᾶσαν</span> <span class='ocrx_word' id='word_1_687' title='bbox 3487 3628 3671 3692; x_wconf 84' lang='grc' dir='ltr'>ἁπλῶς</span> <span class='ocrx_word' id='word_1_688' title='bbox 3690 3625 3778 3697; x_wconf 80' lang='grc' dir='ltr'>τῆς</span> 
     </span>
    </p>
   </div>
   <div class='ocr_carea' id='block_1_94' title="bbox 2204 3711 3775 3785">
    <p class='ocr_par' dir='ltr' id='par_1_94' title="bbox 2204 3711 3775 3785">
     <span class='ocr_line' id='line_1_95' title="bbox 2204 3711 3775 3785; baseline 0 -21"><span class='ocrx_word' id='word_1_689' title='bbox 2204 3711 2479 3783; x_wconf 88' lang='grc' dir='ltr'>γεωργίας</span> <span class='ocrx_word' id='word_1_690' title='bbox 2526 3711 2689 3782; x_wconf 77' lang='grc' dir='ltr'>ῥίψας</span> <span class='ocrx_word' id='word_1_691' title='bbox 2731 3711 2831 3784; x_wconf 82' lang='grc' dir='ltr'>τὴν</span> <span class='ocrx_word' id='word_1_692' title='bbox 2869 3713 3216 3785; x_wconf 85' lang='grc' dir='ltr'>ἐπιμέλειαν,</span> <span class='ocrx_word' id='word_1_693' title='bbox 3256 3714 3397 3768; x_wconf 82' lang='grc' dir='ltr'>οἱκοι</span> <span class='ocrx_word' id='word_1_694' title='bbox 3448 3711 3775 3778; x_wconf 79' lang='grc' dir='ltr'>καθεζέσθω,</span> 
     </span>
    </p>
   </div>
   <div class='ocr_carea' id='block_1_95' title="bbox 2204 3794 3778 3869">
    <p class='ocr_par' dir='ltr' id='par_1_95' title="bbox 2204 3794 3778 3869">
     <span class='ocr_line' id='line_1_96' title="bbox 2204 3794 3778 3869; baseline -0.001 -20"><span class='ocrx_word' id='word_1_695' title='bbox 2204 3796 2300 3850; x_wconf 79' lang='grc' dir='ltr'>καὶ</span> <span class='ocrx_word' id='word_1_696' title='bbox 2322 3794 2498 3849; x_wconf 90' lang='grc' dir='ltr'>πάντα</span> <span class='ocrx_word' id='word_1_697' title='bbox 2528 3795 2835 3849; x_wconf 87' lang='grc' dir='ltr'>καθευδέτω</span> <span class='ocrx_word' id='word_1_698' title='bbox 2867 3796 2959 3850; x_wconf 85' lang='grc' dir='ltr'>τὸν</span> <span class='ocrx_word' id='word_1_699' title='bbox 2991 3796 3214 3869; x_wconf 77' lang='grc' dir='ltr'>χρόνονο</span> <span class='ocrx_word' id='word_1_700' title='bbox 3246 3796 3465 3860; x_wconf 86' lang='grc' dir='ltr'>πάντως</span> <span class='ocrx_word' id='word_1_701' title='bbox 3497 3797 3565 3851; x_wconf 76' lang='grc' dir='ltr'>ἂν</span> <span class='ocrx_word' id='word_1_702' title='bbox 3597 3795 3778 3867; x_wconf 85' lang='grc' dir='ltr'>εἱμαρ-</span> 
     </span>
    </p>
   </div>
   <div class='ocr_carea' id='block_1_96' title="bbox 2207 3877 3777 3953">
    <p class='ocr_par' dir='ltr' id='par_1_96' title="bbox 2207 3877 3777 3953">
     <span class='ocr_line' id='line_1_97' title="bbox 2207 3877 3777 3953; baseline 0.001 -21"><span class='ocrx_word' id='word_1_703' title='bbox 2207 3878 2366 3951; x_wconf 90' lang='grc' dir='ltr'>μένον</span> <span class='ocrx_word' id='word_1_704' title='bbox 2396 3877 2546 3949; x_wconf 79' lang='grc' dir='ltr'>αὐτῷ</span> <span class='ocrx_word' id='word_1_705' title='bbox 2590 3878 2685 3932; x_wconf 72' lang='grc' dir='ltr'>καὶ</span> <span class='ocrx_word' id='word_1_706' title='bbox 2713 3878 3095 3950; x_wconf 87' lang='grc' dir='ltr'>κεκλωσμένον</span> <span class='ocrx_word' id='word_1_707' title='bbox 3122 3877 3192 3953; x_wconf 87' lang='grc' dir='ltr'>ᾖ,</span> <span class='ocrx_word' id='word_1_708' title='bbox 3240 3882 3531 3953; x_wconf 80' lang='grc' dir='ltr'>αὐτόματα·</span> <span class='ocrx_word' id='word_1_709' title='bbox 3574 3882 3653 3943; x_wconf 89' lang='grc' dir='ltr'>εἰς</span> <span class='ocrx_word' id='word_1_710' title='bbox 3691 3878 3777 3947; x_wconf 73' lang='grc' dir='ltr'>τὴν</span> 
     </span>
    </p>
   </div>
   <div class='ocr_carea' id='block_1_97' title="bbox 2201 3961 3778 4035">
    <p class='ocr_par' dir='ltr' id='par_1_97' title="bbox 2201 3961 3778 4035">
     <span class='ocr_line' id='line_1_98' title="bbox 2201 3961 3778 4035; baseline 0.003 -20"><span class='ocrx_word' id='word_1_711' title='bbox 2201 3962 2379 4016; x_wconf 89' lang='grc' dir='ltr'>οἰκίαν</span> <span class='ocrx_word' id='word_1_712' title='bbox 2407 3961 2528 4034; x_wconf 77' lang='grc' dir='ltr'>ἥξει</span> <span class='ocrx_word' id='word_1_713' title='bbox 2564 3961 2633 4016; x_wconf 85' lang='grc' dir='ltr'>τά</span> <span class='ocrx_word' id='word_1_714' title='bbox 2663 3962 2871 4035; x_wconf 82' lang='grc' dir='ltr'>ἀγαθά·</span> <span class='ocrx_word' id='word_1_715' title='bbox 2904 3962 2998 4016; x_wconf 86' lang='grc' dir='ltr'>ἐὰν</span> <span class='ocrx_word' id='word_1_716' title='bbox 3026 3963 3084 4017; x_wconf 86' lang='grc' dir='ltr'>δέ</span> <span class='ocrx_word' id='word_1_717' title='bbox 3122 3967 3203 4028; x_wconf 91' lang='grc' dir='ltr'>εἰς</span> <span class='ocrx_word' id='word_1_718' title='bbox 3232 3964 3549 4019; x_wconf 80' lang='grc' dir='ltr'>τούναντίον</span> <span class='ocrx_word' id='word_1_719' title='bbox 3586 3962 3778 4035; x_wconf 63' lang='grc' dir='ltr'>στρέψῃ</span> 
     </span>
    </p>
   </div>
   <div class='ocr_carea' id='block_1_98' title="bbox 2202 4028 3778 4120">
    <p class='ocr_par' dir='ltr' id='par_1_98' title="bbox 2202 4028 3778 4120">
     <span class='ocr_line' id='line_1_99' title="bbox 2202 4028 3778 4120; baseline -0.002 -20"><span class='ocrx_word' id='word_1_720' title='bbox 2202 4046 2296 4101; x_wconf 87' lang='grc' dir='ltr'>τὸν</span> <span class='ocrx_word' id='word_1_721' title='bbox 2321 4028 2592 4119; x_wconf 80' lang='grc' dir='ltr'>ἄτρακτον</span> <span class='ocrx_word' id='word_1_722' title='bbox 2615 4048 2649 4118; x_wconf 78' lang='grc' dir='ltr'>ἡ</span> <span class='ocrx_word' id='word_1_723' title='bbox 2677 4028 2906 4110; x_wconf 76' lang='grc' dir='ltr'>Κλωθὼ,</span> <span class='ocrx_word' id='word_1_724' title='bbox 2926 4047 3029 4101; x_wconf 78' lang='grc' dir='ltr'>κᾶν</span> <span class='ocrx_word' id='word_1_725' title='bbox 3055 4049 3317 4120; x_wconf 87' lang='grc' dir='ltr'>μυριάκις</span> <span class='ocrx_word' id='word_1_726' title='bbox 3340 4048 3596 4119; x_wconf 78' lang='grc' dir='ltr'>πονῆται,</span> <span class='ocrx_word' id='word_1_727' title='bbox 3623 4028 3778 4116; x_wconf 72' lang='grc' dir='ltr'>πέρας</span> 
     </span>
    </p>
   </div>
   <div class='ocr_carea' id='block_1_99' title="bbox 2180 4128 3777 4204">
    <p class='ocr_par' dir='ltr' id='par_1_99' title="bbox 2180 4128 3777 4204">
     <span class='ocr_line' id='line_1_100' title="bbox 2180 4128 3777 4204; baseline 0.001 -25"><span class='ocrx_word' id='word_1_728' title='bbox 2180 4130 2356 4184; x_wconf 65' lang='grc' dir='ltr'>,οὐδὲν</span> <span class='ocrx_word' id='word_1_729' title='bbox 2381 4128 2530 4201; x_wconf 84' lang='grc' dir='ltr'>αὐτῷ</span> <span class='ocrx_word' id='word_1_730' title='bbox 2573 4128 2683 4184; x_wconf 87' lang='grc' dir='ltr'>τῶν</span> <span class='ocrx_word' id='word_1_731' title='bbox 2734 4129 2913 4184; x_wconf 90' lang='grc' dir='ltr'>πόνων</span> <span class='ocrx_word' id='word_1_732' title='bbox 2960 4130 3114 4185; x_wconf 74' lang='grc' dir='ltr'>ἔσται</span> <span class='ocrx_word' id='word_1_733' title='bbox 3169 4133 3266 4186; x_wconf 81' lang='grc' dir='ltr'>καὶ</span> <span class='ocrx_word' id='word_1_734' title='bbox 3330 4131 3593 4204; x_wconf 90' lang='grc' dir='ltr'>ἱδρώτων.</span> <span class='ocrx_word' id='word_1_735' title='bbox 3637 4130 3777 4190; x_wconf 80' lang='grc' dir='ltr'>Τίνος</span> 
     </span>
    </p>
   </div>
   <div class='ocr_carea' id='block_1_100' title="bbox 2202 4210 3775 4287">
    <p class='ocr_par' dir='ltr' id='par_1_100' title="bbox 2202 4210 3775 4287">
     <span class='ocr_line' id='line_1_101' title="bbox 2202 4210 3775 4287; baseline -0.003 -18"><span class='ocrx_word' id='word_1_736' title='bbox 2202 4210 2298 4270; x_wconf 85' lang='grc' dir='ltr'>οῦν</span> <span class='ocrx_word' id='word_1_737' title='bbox 2329 4214 2517 4269; x_wconf 72' lang='grc' dir='ltr'>ἕνεκεν</span> <span class='ocrx_word' id='word_1_738' title='bbox 2543 4213 2667 4269; x_wconf 77' lang='grc' dir='ltr'>οὔτε</span> <span class='ocrx_word' id='word_1_739' title='bbox 2700 4218 3016 4287; x_wconf 87' lang='grc' dir='ltr'>παραινεῖτε</span> <span class='ocrx_word' id='word_1_740' title='bbox 3035 4216 3208 4269; x_wconf 88' lang='grc' dir='ltr'>ταῦτα</span> <span class='ocrx_word' id='word_1_741' title='bbox 3230 4218 3423 4283; x_wconf 86' lang='grc' dir='ltr'>ποιεῖν,</span> <span class='ocrx_word' id='word_1_742' title='bbox 3453 4215 3507 4269; x_wconf 70' lang='grc' dir='ltr'>εἴ</span> <span class='ocrx_word' id='word_1_743' title='bbox 3528 4233 3593 4285; x_wconf 89' lang='grc' dir='ltr'>γε</span> <span class='ocrx_word' id='word_1_744' title='bbox 3621 4214 3775 4274; x_wconf 75' lang='grc' dir='ltr'>ὅντως</span> 
     </span>
    </p>
   </div>
   <div class='ocr_carea' id='block_1_101' title="bbox 2204 4295 3774 4373">
    <p class='ocr_par' dir='ltr' id='par_1_101' title="bbox 2204 4295 3774 4373">
     <span class='ocr_line' id='line_1_102' title="bbox 2204 4295 3774 4373; baseline -0.003 -20"><span class='ocrx_word' id='word_1_745' title='bbox 2204 4299 2515 4373; x_wconf 86' lang='grc' dir='ltr'>εἱμαρμένῃ</span> <span class='ocrx_word' id='word_1_746' title='bbox 2542 4296 3024 4366; x_wconf 87' lang='grc' dir='ltr'>πιστεύετε;τίνος</span> <span class='ocrx_word' id='word_1_747' title='bbox 3047 4298 3236 4353; x_wconf 77' lang='grc' dir='ltr'>ἕνεκεν</span> <span class='ocrx_word' id='word_1_748' title='bbox 3264 4300 3324 4353; x_wconf 83' lang='grc' dir='ltr'>οὐ</span> <span class='ocrx_word' id='word_1_749' title='bbox 3345 4302 3681 4371; x_wconf 84' lang='grc' dir='ltr'>παραινεῖτε,</span> <span class='ocrx_word' id='word_1_750' title='bbox 3713 4295 3774 4348; x_wconf 78' lang='grc' dir='ltr'>ἵν’</span> 
     </span>
    </p>
   </div>
   <div class='ocr_carea' id='block_1_102' title="bbox 2202 4378 3772 4455">
    <p class='ocr_par' dir='ltr' id='par_1_102' title="bbox 2202 4378 3772 4455">
     <span class='ocr_line' id='line_1_103' title="bbox 2202 4378 3772 4455; baseline -0.006 -17"><span class='ocrx_word' id='word_1_751' title='bbox 2202 4384 2373 4447; x_wconf 78' lang='grc' dir='ltr'>ὅντως</span> <span class='ocrx_word' id='word_1_752' title='bbox 2398 4383 2546 4454; x_wconf 82' lang='grc' dir='ltr'>ἔργῳ</span> <span class='ocrx_word' id='word_1_753' title='bbox 2580 4381 2788 4453; x_wconf 87' lang='grc' dir='ltr'>μάθητε</span> <span class='ocrx_word' id='word_1_754' title='bbox 2815 4382 2883 4436; x_wconf 82' lang='grc' dir='ltr'>τά</span> <span class='ocrx_word' id='word_1_755' title='bbox 2906 4383 3002 4454; x_wconf 80' lang='grc' dir='ltr'>τῆς</span> <span class='ocrx_word' id='word_1_756' title='bbox 3029 4383 3376 4455; x_wconf 84' lang='grc' dir='ltr'>εἱμαρμένης</span> <span class='ocrx_word' id='word_1_757' title='bbox 3403 4383 3566 4444; x_wconf 78' lang='grc' dir='ltr'>καλάς</span> <span class='ocrx_word' id='word_1_758' title='bbox 3601 4378 3772 4435; x_wconf 86' lang='grc' dir='ltr'>Βούλει</span> 
     </span>
    </p>
   </div>
   <div class='ocr_carea' id='block_1_103' title="bbox 2207 4465 3771 4540">
    <p class='ocr_par' dir='ltr' id='par_1_103' title="bbox 2207 4465 3771 4540">
     <span class='ocr_line' id='line_1_104' title="bbox 2207 4465 3771 4540; baseline -0.002 -20"><span class='ocrx_word' id='word_1_759' title='bbox 2207 4485 2298 4539; x_wconf 91' lang='grc' dir='ltr'>μοι</span> <span class='ocrx_word' id='word_1_760' title='bbox 2331 4466 2501 4533; x_wconf 81' lang='grc' dir='ltr'>δεῖξαι</span> <span class='ocrx_word' id='word_1_761' title='bbox 2538 4466 2590 4519; x_wconf 89' lang='grc' dir='ltr'>τί</span> <span class='ocrx_word' id='word_1_762' title='bbox 2622 4466 2791 4531; x_wconf 84' lang='grc' dir='ltr'>ὅντως</span> <span class='ocrx_word' id='word_1_763' title='bbox 2816 4467 3104 4540; x_wconf 82' lang='grc' dir='ltr'>εἴμαρται;</span> <span class='ocrx_word' id='word_1_764' title='bbox 3136 4467 3453 4522; x_wconf 89' lang='grc' dir='ltr'>Κατάλυσον</span> <span class='ocrx_word' id='word_1_765' title='bbox 3491 4465 3771 4537; x_wconf 86' lang='grc' dir='ltr'>γεωργίαν,</span> 
     </span>
    </p>
   </div>
   <div class='ocr_carea' id='block_1_104' title="bbox 2203 4545 3771 4622">
    <p class='ocr_par' dir='ltr' id='par_1_104' title="bbox 2203 4545 3771 4622">
     <span class='ocr_line' id='line_1_105' title="bbox 2203 4545 3771 4622; baseline -0.004 -16"><span class='ocrx_word' id='word_1_766' title='bbox 2203 4551 2360 4606; x_wconf 81' lang='grc' dir='ltr'>ἄνελε</span> <span class='ocrx_word' id='word_1_767' title='bbox 2389 4550 2688 4615; x_wconf 88' lang='grc' dir='ltr'>ναυτιλίαν,</span> <span class='ocrx_word' id='word_1_768' title='bbox 2723 4550 2923 4605; x_wconf 78' lang='grc' dir='ltr'>ἔκϐαλε</span> <span class='ocrx_word' id='word_1_769' title='bbox 2951 4550 3131 4614; x_wconf 88' lang='grc' dir='ltr'>πάσας</span> <span class='ocrx_word' id='word_1_770' title='bbox 3155 4550 3352 4621; x_wconf 89' lang='grc' dir='ltr'>τέχνας</span> <span class='ocrx_word' id='word_1_771' title='bbox 3383 4551 3660 4622; x_wconf 84' lang='grc' dir='ltr'>βιωτικὰς,</span> <span class='ocrx_word' id='word_1_772' title='bbox 3688 4545 3771 4601; x_wconf 73' lang='grc' dir='ltr'>καὶ</span> 
     </span>
    </p>
   </div>
   <div class='ocr_carea' id='block_1_105' title="bbox 2206 4634 3769 4709">
    <p class='ocr_par' dir='ltr' id='par_1_105' title="bbox 2206 4634 3769 4709">
     <span class='ocr_line' id='line_1_106' title="bbox 2206 4634 3769 4709; baseline 0.001 -20"><span class='ocrx_word' id='word_1_773' title='bbox 2206 4638 2345 4709; x_wconf 87' lang='grc' dir='ltr'>μήτε</span> <span class='ocrx_word' id='word_1_774' title='bbox 2377 4635 2677 4707; x_wconf 87' lang='grc' dir='ltr'>οἰκοδόμος,</span> <span class='ocrx_word' id='word_1_775' title='bbox 2733 4636 2872 4707; x_wconf 87' lang='grc' dir='ltr'>μήτε</span> <span class='ocrx_word' id='word_1_776' title='bbox 2922 4634 3302 4706; x_wconf 89' lang='grc' dir='ltr'>χαλκοτύπος,</span> <span class='ocrx_word' id='word_1_777' title='bbox 3342 4637 3479 4707; x_wconf 87' lang='grc' dir='ltr'>μήτε</span> <span class='ocrx_word' id='word_1_778' title='bbox 3526 4635 3769 4703; x_wconf 63' lang='grc' dir='ltr'>ὑφάντης,</span> 
     </span>
    </p>
   </div>
   <div class='ocr_carea' id='block_1_106' title="bbox 2206 4718 3770 4795">
    <p class='ocr_par' dir='ltr' id='par_1_106' title="bbox 2206 4718 3770 4795">
     <span class='ocr_line' id='line_1_107' title="bbox 2206 4718 3770 4795; baseline -0.006 -19"><span class='ocrx_word' id='word_1_779' title='bbox 2206 4723 2345 4795; x_wconf 67' lang='grc' dir='ltr'>μήτε</span> <span class='ocrx_word' id='word_1_780' title='bbox 2380 4720 2540 4784; x_wconf 85' lang='grc' dir='ltr'>ἀλλος</span> <span class='ocrx_word' id='word_1_781' title='bbox 2568 4736 2654 4783; x_wconf 91' lang='grc' dir='ltr'>τις</span> <span class='ocrx_word' id='word_1_782' title='bbox 2686 4719 2795 4773; x_wconf 89' lang='grc' dir='ltr'>τῶν</span> <span class='ocrx_word' id='word_1_783' title='bbox 2832 4721 2915 4782; x_wconf 88' lang='grc' dir='ltr'>είς</span> <span class='ocrx_word' id='word_1_784' title='bbox 2954 4720 3054 4790; x_wconf 85' lang='grc' dir='ltr'>τὴν</span> <span class='ocrx_word' id='word_1_785' title='bbox 3080 4719 3357 4790; x_wconf 77' lang='grc' dir='ltr'>ἡμετέραν</span> <span class='ocrx_word' id='word_1_786' title='bbox 3390 4718 3770 4774; x_wconf 88' lang='grc' dir='ltr'>συντελούντων</span> 
     </span>
    </p>
   </div>
   <div class='ocr_carea' id='block_1_107' title="bbox 2203 4798 3767 4877">
    <p class='ocr_par' dir='ltr' id='par_1_107' title="bbox 2203 4798 3767 4877">
     <span class='ocr_line' id='line_1_108' title="bbox 2203 4798 3767 4877; baseline -0.006 -19"><span class='ocrx_word' id='word_1_787' title='bbox 2203 4804 2350 4877; x_wconf 80' lang='grc' dir='ltr'>ζωὴν</span> <span class='ocrx_word' id='word_1_788' title='bbox 2379 4802 2804 4875; x_wconf 83' lang='grc' dir='ltr'>μεταχειριζέτω</span> <span class='ocrx_word' id='word_1_789' title='bbox 2831 4803 2929 4875; x_wconf 84' lang='grc' dir='ltr'>τὴν</span> <span class='ocrx_word' id='word_1_790' title='bbox 2954 4800 3119 4857; x_wconf 78' lang='grc' dir='ltr'>αὑτοῦ</span> <span class='ocrx_word' id='word_1_791' title='bbox 3150 4801 3369 4875; x_wconf 88' lang='grc' dir='ltr'>τέχνην,</span> <span class='ocrx_word' id='word_1_792' title='bbox 3398 4802 3493 4856; x_wconf 76' lang='grc' dir='ltr'>καὶ</span> <span class='ocrx_word' id='word_1_793' title='bbox 3521 4804 3636 4856; x_wconf 86' lang='grc' dir='ltr'>τότε</span> <span class='ocrx_word' id='word_1_794' title='bbox 3659 4798 3767 4868; x_wconf 76' lang='grc' dir='ltr'>ὄψει</span> 
     </span>
    </p>
   </div>
   <div class='ocr_carea' id='block_1_108' title="bbox 2204 4879 3767 4959">
    <p class='ocr_par' dir='ltr' id='par_1_108' title="bbox 2204 4879 3767 4959">
     <span class='ocr_line' id='line_1_109' title="bbox 2204 4879 3767 4959; baseline -0.004 -18"><span class='ocrx_word' id='word_1_795' title='bbox 2204 4886 2405 4954; x_wconf 78' lang='grc' dir='ltr'>καλῶς,</span> <span class='ocrx_word' id='word_1_796' title='bbox 2439 4881 2527 4941; x_wconf 73' lang='grc' dir='ltr'>οἷα</span> <span class='ocrx_word' id='word_1_797' title='bbox 2559 4886 2662 4956; x_wconf 74' lang='grc' dir='ltr'>τῆς</span> <span class='ocrx_word' id='word_1_798' title='bbox 2698 4885 3042 4959; x_wconf 88' lang='grc' dir='ltr'>εἱμαρμένης</span> <span class='ocrx_word' id='word_1_799' title='bbox 3064 4885 3133 4939; x_wconf 88' lang='grc' dir='ltr'>τά</span> <span class='ocrx_word' id='word_1_800' title='bbox 3153 4886 3429 4957; x_wconf 81' lang='grc' dir='ltr'>ἐπίχειρα,</span> <span class='ocrx_word' id='word_1_801' title='bbox 3459 4884 3579 4939; x_wconf 88' lang='grc' dir='ltr'>τότε</span> <span class='ocrx_word' id='word_1_802' title='bbox 3612 4879 3767 4951; x_wconf 74' lang='grc' dir='ltr'>αὐτῆς</span> 
     </span>
    </p>
   </div>
   <div class='ocr_carea' id='block_1_109' title="bbox 2202 4965 3764 5044">
    <p class='ocr_par' dir='ltr' id='par_1_109' title="bbox 2202 4965 3764 5044">
     <span class='ocr_line' id='line_1_110' title="bbox 2202 4965 3764 5044; baseline -0.009 -17"><span class='ocrx_word' id='word_1_803' title='bbox 2202 4973 2439 5044; x_wconf 87' lang='grc' dir='ltr'>αἰσθήσῃ</span> <span class='ocrx_word' id='word_1_804' title='bbox 2480 4971 2692 5036; x_wconf 80' lang='grc' dir='ltr'>καλῶς,</span> <span class='ocrx_word' id='word_1_805' title='bbox 2730 4972 2852 5024; x_wconf 87' lang='grc' dir='ltr'>τότε</span> <span class='ocrx_word' id='word_1_806' title='bbox 2894 4970 3065 5039; x_wconf 81' lang='grc' dir='ltr'>αὐτῆς</span> <span class='ocrx_word' id='word_1_807' title='bbox 3096 4970 3159 5023; x_wconf 90' lang='grc' dir='ltr'>τὸ</span> <span class='ocrx_word' id='word_1_808' title='bbox 3198 4969 3600 5041; x_wconf 88' lang='grc' dir='ltr'>ἀπερίτρεπτον</span> <span class='ocrx_word' id='word_1_809' title='bbox 3638 4965 3764 5034; x_wconf 68' lang='grc' dir='ltr'>ὄψει.</span> 
     </span>
    </p>
   </div>
   <div class='ocr_carea' id='block_1_110' title="bbox 2202 5051 3771 5126">
    <p class='ocr_par' dir='ltr' id='par_1_110' title="bbox 2202 5051 3771 5126">
     <span class='ocr_line' id='line_1_111' title="bbox 2202 5051 3771 5126; baseline -0.006 -13"><span class='ocrx_word' id='word_1_810' title='bbox 2202 5056 2314 5113; x_wconf 74' lang='grc' dir='ltr'>Καὶ</span> <span class='ocrx_word' id='word_1_811' title='bbox 2339 5056 2393 5110; x_wconf 90' lang='grc' dir='ltr'>τί</span> <span class='ocrx_word' id='word_1_812' title='bbox 2420 5055 2563 5126; x_wconf 83' lang='grc' dir='ltr'>λέγω</span> <span class='ocrx_word' id='word_1_813' title='bbox 2592 5055 2809 5125; x_wconf 79' lang='grc' dir='ltr'>τέχνας,</span> <span class='ocrx_word' id='word_1_814' title='bbox 2836 5054 2892 5108; x_wconf 85' lang='grc' dir='ltr'>αἳ</span> <span class='ocrx_word' id='word_1_815' title='bbox 2923 5054 3021 5125; x_wconf 81' lang='grc' dir='ltr'>τὴν</span> <span class='ocrx_word' id='word_1_816' title='bbox 3046 5053 3190 5125; x_wconf 79' lang='grc' dir='ltr'>ζωήν</span> <span class='ocrx_word' id='word_1_817' title='bbox 3219 5052 3504 5123; x_wconf 90' lang='grc' dir='ltr'>συνέχουσι</span> <span class='ocrx_word' id='word_1_818' title='bbox 3534 5052 3629 5124; x_wconf 80' lang='grc' dir='ltr'>τήν</span> <span class='ocrx_word' id='word_1_819' title='bbox 3649 5051 3771 5120; x_wconf 78' lang='grc' dir='ltr'>ήμε·</span> 
     </span>
    </p>
   </div>
   <div class='ocr_carea' id='block_1_111' title="bbox 2200 5133 3760 5212">
    <p class='ocr_par' dir='ltr' id='par_1_111' title="bbox 2200 5133 3760 5212">
     <span class='ocr_line' id='line_1_112' title="bbox 2200 5133 3760 5212; baseline -0.003 -17"><span class='ocrx_word' id='word_1_820' title='bbox 2200 5139 2402 5212; x_wconf 77' lang='grc' dir='ltr'>τέρανς</span> <span class='ocrx_word' id='word_1_821' title='bbox 2439 5140 2725 5192; x_wconf 85' lang='grc' dir='ltr'>Ἔστωσαν</span> <span class='ocrx_word' id='word_1_822' title='bbox 2748 5138 2954 5206; x_wconf 86' lang='grc' dir='ltr'>τέχναι,</span> <span class='ocrx_word' id='word_1_823' title='bbox 2986 5136 3081 5190; x_wconf 74' lang='grc' dir='ltr'>καὶ</span> <span class='ocrx_word' id='word_1_824' title='bbox 3118 5135 3255 5207; x_wconf 86' lang='grc' dir='ltr'>μηδέ</span> <span class='ocrx_word' id='word_1_825' title='bbox 3286 5136 3416 5206; x_wconf 89' lang='grc' dir='ltr'>μίαν</span> <span class='ocrx_word' id='word_1_826' title='bbox 3450 5133 3760 5212; x_wconf 71' lang='grc' dir='ltr'>καταλύσῃςν</span> 
     </span>
    </p>
   </div>
   <div class='ocr_carea' id='block_1_112' title="bbox 2202 5211 3763 5293">
    <p class='ocr_par' dir='ltr' id='par_1_112' title="bbox 2202 5211 3763 5293">
     <span class='ocr_line' id='line_1_113' title="bbox 2202 5211 3763 5293; baseline -0.008 -17"><span class='ocrx_word' id='word_1_827' title='bbox 2202 5211 2339 5277; x_wconf 87' lang='grc' dir='ltr'>ἀλλά</span> <span class='ocrx_word' id='word_1_828' title='bbox 2368 5221 2590 5275; x_wconf 90' lang='grc' dir='ltr'>πάντων</span> <span class='ocrx_word' id='word_1_829' title='bbox 2616 5220 2886 5293; x_wconf 89' lang='grc' dir='ltr'>μενόντων</span> <span class='ocrx_word' id='word_1_830' title='bbox 2907 5220 3002 5272; x_wconf 87' lang='grc' dir='ltr'>ἐπί</span> <span class='ocrx_word' id='word_1_831' title='bbox 3015 5219 3113 5290; x_wconf 83' lang='grc' dir='ltr'>τῆς</span> <span class='ocrx_word' id='word_1_832' title='bbox 3129 5219 3336 5282; x_wconf 87' lang='grc' dir='ltr'>οἰκείας</span> <span class='ocrx_word' id='word_1_833' title='bbox 3360 5218 3584 5283; x_wconf 86' lang='grc' dir='ltr'>τάξεως,</span> <span class='ocrx_word' id='word_1_834' title='bbox 3610 5219 3636 5271; x_wconf 85' lang='grc' dir='ltr'>ὁ</span> <span class='ocrx_word' id='word_1_835' title='bbox 3658 5211 3763 5268; x_wconf 77' lang='grc' dir='ltr'>καθ’</span> 
     </span>
    </p>
   </div>
   <div class='ocr_carea' id='block_1_113' title="bbox 2203 5300 3762 5376">
    <p class='ocr_par' dir='ltr' id='par_1_113' title="bbox 2203 5300 3762 5376">
     <span class='ocr_line' id='line_1_114' title="bbox 2203 5300 3762 5376; baseline -0.008 -15"><span class='ocrx_word' id='word_1_836' title='bbox 2203 5307 2437 5362; x_wconf 73' lang='grc' dir='ltr'>ἕκαστον</span> <span class='ocrx_word' id='word_1_837' title='bbox 2468 5304 2635 5376; x_wconf 87' lang='grc' dir='ltr'>μηδὲν</span> <span class='ocrx_word' id='word_1_838' title='bbox 2672 5302 2990 5376; x_wconf 87' lang='grc' dir='ltr'>μεριμνάτω</span> <span class='ocrx_word' id='word_1_839' title='bbox 3018 5300 3129 5355; x_wconf 89' lang='grc' dir='ltr'>τῶν</span> <span class='ocrx_word' id='word_1_840' title='bbox 3172 5301 3360 5365; x_wconf 79' lang='grc' dir='ltr'>αὐτοῦ,</span> <span class='ocrx_word' id='word_1_841' title='bbox 3400 5302 3530 5374; x_wconf 83' lang='grc' dir='ltr'>μηδὲ</span> <span class='ocrx_word' id='word_1_842' title='bbox 3566 5313 3762 5370; x_wconf 84' lang='grc' dir='ltr'>φροντι-</span> 
     </span>
    </p>
   </div>
   <div class='ocr_carea' id='block_1_114' title="bbox 2198 5378 3761 5458">
    <p class='ocr_par' dir='ltr' id='par_1_114' title="bbox 2198 5378 3761 5458">
     <span class='ocr_line' id='line_1_115' title="bbox 2198 5378 3761 5458; baseline -0.005 -15"><span class='ocrx_word' id='word_1_843' title='bbox 2198 5390 2341 5455; x_wconf 83' lang='grc' dir='ltr'>ζέτω</span> <span class='ocrx_word' id='word_1_844' title='bbox 2392 5389 2501 5443; x_wconf 89' lang='grc' dir='ltr'>τῶν</span> <span class='ocrx_word' id='word_1_845' title='bbox 2557 5388 2699 5442; x_wconf 86' lang='grc' dir='ltr'>κατά</span> <span class='ocrx_word' id='word_1_846' title='bbox 2749 5386 2849 5458; x_wconf 80' lang='grc' dir='ltr'>τὴν</span> <span class='ocrx_word' id='word_1_847' title='bbox 2898 5386 3097 5446; x_wconf 86' lang='grc' dir='ltr'>οἰκίαν,</span> <span class='ocrx_word' id='word_1_848' title='bbox 3149 5385 3266 5438; x_wconf 87' lang='grc' dir='ltr'>ἀλλ’</span> <span class='ocrx_word' id='word_1_849' title='bbox 3317 5384 3658 5457; x_wconf 80' lang='grc' dir='ltr'>ἐπιτρεψάτω</span> <span class='ocrx_word' id='word_1_850' title='bbox 3703 5378 3761 5449; x_wconf 77' lang='grc' dir='ltr'>τῇ</span> 
     </span>
    </p>
   </div>
   <div class='ocr_carea' id='block_1_115' title="bbox 2198 5461 3764 5545">
    <p class='ocr_par' dir='ltr' id='par_1_115' title="bbox 2198 5461 3764 5545">
     <span class='ocr_line' id='line_1_116' title="bbox 2198 5461 3764 5545; baseline -0.008 -19"><span class='ocrx_word' id='word_1_851' title='bbox 2198 5472 2510 5545; x_wconf 85' lang='grc' dir='ltr'>εἱμαρμένῃ</span> <span class='ocrx_word' id='word_1_852' title='bbox 2557 5470 2625 5524; x_wconf 81' lang='grc' dir='ltr'>τὰ</span> <span class='ocrx_word' id='word_1_853' title='bbox 2660 5469 2804 5525; x_wconf 85' lang='grc' dir='ltr'>κατά</span> <span class='ocrx_word' id='word_1_854' title='bbox 2852 5468 3016 5523; x_wconf 75' lang='grc' dir='ltr'>αὐτὸν</span> <span class='ocrx_word' id='word_1_855' title='bbox 3061 5470 3416 5540; x_wconf 84' lang='grc' dir='ltr'>οἰκονομῆσαι</span> <span class='ocrx_word' id='word_1_856' title='bbox 3458 5468 3648 5526; x_wconf 72' lang='grc' dir='ltr'>πάντα,</span> <span class='ocrx_word' id='word_1_857' title='bbox 3680 5461 3764 5516; x_wconf 78' lang='grc' dir='ltr'>καὶ</span> 
     </span>
    </p>
   </div>
   <div class='ocr_carea' id='block_1_116' title="bbox 2197 5560 3757 5637">
    <p class='ocr_par' dir='ltr' id='par_1_116' title="bbox 2197 5560 3757 5637">
     <span class='ocr_line' id='line_1_117' title="bbox 2197 5560 3757 5637; baseline -0.006 -14"><span class='ocrx_word' id='word_1_858' title='bbox 2197 5570 2320 5623; x_wconf 89' lang='grc' dir='ltr'>τότε</span> <span class='ocrx_word' id='word_1_859' title='bbox 2348 5567 2555 5621; x_wconf 75' lang='grc' dir='ltr'>εἴσεται</span> <span class='ocrx_word' id='word_1_860' title='bbox 2595 5566 2765 5637; x_wconf 70' lang='grc' dir='ltr'>αὐτῆς</span> <span class='ocrx_word' id='word_1_861' title='bbox 2797 5566 2896 5637; x_wconf 80' lang='grc' dir='ltr'>τὴν</span> <span class='ocrx_word' id='word_1_862' title='bbox 2925 5565 3217 5634; x_wconf 84' lang='grc' dir='ltr'>ὠφέλειαν,</span> <span class='ocrx_word' id='word_1_863' title='bbox 3251 5566 3382 5620; x_wconf 83' lang='grc' dir='ltr'>ὅταν</span> <span class='ocrx_word' id='word_1_864' title='bbox 3413 5560 3757 5637; x_wconf 83' lang='grc' dir='ltr'>στρεϐλούμε-</span> 
     </span>
    </p>
   </div>
   <div class='ocr_carea' id='block_1_117' title="bbox 2200 5642 3757 5721">
    <p class='ocr_par' dir='ltr' id='par_1_117' title="bbox 2200 5642 3757 5721">
     <span class='ocr_line' id='line_1_118' title="bbox 2200 5642 3757 5721; baseline -0.003 -16"><span class='ocrx_word' id='word_1_865' title='bbox 2200 5669 2291 5716; x_wconf 87' lang='grc' dir='ltr'>νος</span> <span class='ocrx_word' id='word_1_866' title='bbox 2335 5650 2431 5705; x_wconf 75' lang='grc' dir='ltr'>καὶ</span> <span class='ocrx_word' id='word_1_867' title='bbox 2467 5648 2861 5721; x_wconf 83' lang='grc' dir='ltr'>μαστιζόμενος</span> <span class='ocrx_word' id='word_1_868' title='bbox 2905 5648 3205 5718; x_wconf 79' lang='grc' dir='ltr'>ἀπαιτῆται</span> <span class='ocrx_word' id='word_1_869' title='bbox 3239 5650 3336 5720; x_wconf 80' lang='grc' dir='ltr'>μὲν</span> <span class='ocrx_word' id='word_1_870' title='bbox 3376 5649 3473 5712; x_wconf 84' lang='grc' dir='ltr'>τὰς</span> <span class='ocrx_word' id='word_1_871' title='bbox 3500 5642 3757 5716; x_wconf 72' lang='grc' dir='ltr'>εἰσφοράς.</span> 
     </span>
    </p>
   </div>
   <div class='ocr_carea' id='block_1_118' title="bbox 2205 5725 3760 5807">
    <p class='ocr_par' dir='ltr' id='par_1_118' title="bbox 2205 5725 3760 5807">
     <span class='ocr_line' id='line_1_119' title="bbox 2205 5725 3760 5807; baseline -0.007 -19"><span class='ocrx_word' id='word_1_872' title='bbox 2205 5735 2282 5807; x_wconf 83' lang='grc' dir='ltr'>μὴ</span> <span class='ocrx_word' id='word_1_873' title='bbox 2308 5734 2445 5804; x_wconf 86' lang='grc' dir='ltr'>έχων</span> <span class='ocrx_word' id='word_1_874' title='bbox 2478 5733 2535 5786; x_wconf 89' lang='grc' dir='ltr'>δέ</span> <span class='ocrx_word' id='word_1_875' title='bbox 2569 5731 2907 5800; x_wconf 87' lang='grc' dir='ltr'>καταφεύγει</span> <span class='ocrx_word' id='word_1_876' title='bbox 2936 5732 3034 5803; x_wconf 85' lang='grc' dir='ltr'>μὲν</span> <span class='ocrx_word' id='word_1_877' title='bbox 3068 5732 3162 5784; x_wconf 77' lang='grc' dir='ltr'>ἐπὶ</span> <span class='ocrx_word' id='word_1_878' title='bbox 3204 5730 3301 5800; x_wconf 79' lang='grc' dir='ltr'>τὴν</span> <span class='ocrx_word' id='word_1_879' title='bbox 3350 5731 3562 5802; x_wconf 80' lang='grc' dir='ltr'>ἐκείνης</span> <span class='ocrx_word' id='word_1_880' title='bbox 3587 5725 3760 5807; x_wconf 84' lang='grc' dir='ltr'>ἀπολο-</span> 
     </span>
    </p>
   </div>
   <div class='ocr_carea' id='block_1_119' title="bbox 2204 5806 3756 5888">
    <p class='ocr_par' dir='ltr' id='par_1_119' title="bbox 2204 5806 3756 5888">
     <span class='ocr_line' id='line_1_120' title="bbox 2204 5806 3756 5888; baseline -0.006 -18"><span class='ocrx_word' id='word_1_881' title='bbox 2204 5806 2349 5888; x_wconf 82' lang='grc' dir='ltr'>γίαν,</span> <span class='ocrx_word' id='word_1_882' title='bbox 2381 5815 2639 5888; x_wconf 88' lang='grc' dir='ltr'>προσέχει</span> <span class='ocrx_word' id='word_1_883' title='bbox 2680 5815 2738 5868; x_wconf 85' lang='grc' dir='ltr'>δὲ</span> <span class='ocrx_word' id='word_1_884' title='bbox 2770 5812 2921 5884; x_wconf 85' lang='grc' dir='ltr'>αὐτῷ</span> <span class='ocrx_word' id='word_1_885' title='bbox 2952 5813 3163 5884; x_wconf 76' lang='grc' dir='ltr'>μηδείς.</span> <span class='ocrx_word' id='word_1_886' title='bbox 3205 5815 3383 5884; x_wconf 83' lang='grc' dir='ltr'>Μέχρι</span> <span class='ocrx_word' id='word_1_887' title='bbox 3422 5814 3552 5867; x_wconf 76' lang='grc' dir='ltr'>πότε</span> <span class='ocrx_word' id='word_1_888' title='bbox 3589 5806 3756 5867; x_wconf 75' lang='grc' dir='ltr'>παιδία</span> 
     </span>
    </p>
   </div>
   <div class='ocr_carea' id='block_1_120' title="bbox 2206 5889 3754 5972">
    <p class='ocr_par' dir='ltr' id='par_1_120' title="bbox 2206 5889 3754 5972">
     <span class='ocr_line' id='line_1_121' title="bbox 2206 5889 3754 5972; baseline -0.002 -16"><span class='ocrx_word' id='word_1_889' title='bbox 2206 5899 2371 5972; x_wconf 79' lang='grc' dir='ltr'>ἐσμὲν</span> <span class='ocrx_word' id='word_1_890' title='bbox 2400 5900 2518 5961; x_wconf 90' lang='grc' dir='ltr'>ταῖς</span> <span class='ocrx_word' id='word_1_891' title='bbox 2546 5898 2706 5969; x_wconf 81' lang='grc' dir='ltr'>φρεσί</span> <span class='ocrx_word' id='word_1_892' title='bbox 2729 5915 2742 5965; x_wconf 86' lang='grc'>;</span> <span class='ocrx_word' id='word_1_893' title='bbox 2771 5897 2931 5968; x_wconf 87' lang='grc' dir='ltr'>μέχρι</span> <span class='ocrx_word' id='word_1_894' title='bbox 2961 5896 3102 5961; x_wconf 86' lang='grc' dir='ltr'>τίνος</span> <span class='ocrx_word' id='word_1_895' title='bbox 3125 5897 3186 5950; x_wconf 86' lang='grc' dir='ltr'>ού</span> <span class='ocrx_word' id='word_1_896' title='bbox 3212 5897 3531 5967; x_wconf 84' lang='grc' dir='ltr'>παυσόμεθα</span> <span class='ocrx_word' id='word_1_897' title='bbox 3555 5889 3754 5968; x_wconf 69' lang='grc' dir='ltr'>ληροῦν-</span> 
     </span>
    </p>
   </div>
  </div>
