4124 6450
331 424 435 479 7ῦ5

330 537 469 605 piam
514 540 695 601 posset
741 530 906 585 Deum
974 526 1246 583 criminari
1273 568 1288 593 ,
1334 524 1477 594 quod
1529 521 1913 591 inhOSpitales,

330 624 474 696 quod
500 623 841 688 inhumanos,
873 619 1013 690 quod
1044 619 1254 687 iniquus
1279 656 1294 681 ,
1325 614 1466 685 quod
1497 613 1762 683 aequitatis
1796 611 1916 681 jura

331 717 675 785 ignorantes,
726 711 871 781 quod
898 725 1026 775 eos,
1068 709 1157 779 qui
1188 720 1502 762 communes
1543 712 1746 757 natura:
1775 702 1919 772 leges

327 815 669 871 everterent,
701 803 900 859 malitia
926 802 1112 872 plenos
1138 799 1302 855 deleri
1330 805 1617 868 oporteret.
1644 793 1780 861 Quid
1813 802 1917 847 tam

326 899 558 968 benigno
585 908 639 952 et
669 904 948 951 mansueto
975 893 1084 947 Deo
1125 906 1220 962 par
1245 887 1440 944 fuerit?
1469 886 1627 957 Atqui
1668 900 1764 939 nos
1793 884 1919 938 dmn

326 990 673 1059 castigamus,
715 1003 783 1041 ne
824 1000 1038 1040 causam
1071 982 1284 1054 quidem
1332 995 1476 1050 smpe
1516 979 1798 1050 dignamur
1838 975 1921 1030 di-

325 1094 449 1135 cere
478 1096 494 1133 :
521 1079 614 1133 ille
647 1091 775 1132 vero
805 1075 907 1130 nisi
931 1075 1081 1146 prius
1123 1081 1174 1127 te
1207 1070 1477 1136 docuerit,
1507 1068 1610 1123 nisi
1645 1067 1793 1137 prius
1821 1065 1919 1119 tibi

328 1172 692 1244 persuaserit,
725 1169 825 1224 nisi
855 1177 1001 1223 tuum
1029 1165 1232 1235 ceperit
1264 1161 1570 1231 suffragium
1592 1199 1609 1226 ,
1633 1158 1775 1229 quod
1798 1159 1920 1227 jure

325 1266 647 1337 supplicium
678 1262 900 1332 inﬂigat,
934 1276 1038 1315 non
1067 1262 1290 1329 castigat
1310 1269 1424 1322 eos,
1454 1254 1543 1324 qui
1565 1251 1771 1337 jamdiu
1801 1265 1921 1320 Sup-

326 1362 488 1431 plicio
512 1366 566 1413 et
590 1355 1053 1412 animadversione
1082 1351 1226 1422 digni
1257 1356 1432 1411 erant,
1467 1354 1625 1415 atque
1657 1322 1916 1398 rationein

324 1467 472 1521 saepe
506 1450 599 1505 tibi
628 1447 854 1504 reddere
879 1454 1093 1516 paratus
1119 1451 1222 1510 est,
1255 1451 1309 1497 et
1334 1441 1386 1494 in
1409 1438 1665 1509 judicium
1693 1436 1918 1490 descen-

322 1544 456 1599 dere
498 1551 781 1610 tecumque
814 1538 1115 1606 disceptare
1140 1549 1244 1588 non
1284 1539 1555 1603 gravatur.
1591 1525 1755 1582 Vides
1796 1539 1921 1595 pro-

325 1636 516 1706 phetas
557 1633 638 1687 his
682 1630 1020 1686 sermonibus
1064 1627 1252 1698 plenos
1290 1639 1306 1678 :
1352 1623 1545 1692 ubique
1582 1618 1777 1690 judicia
1823 1617 1918 1671 Dei

321 1743 448 1782 eum
480 1723 804 1779 hominibus.
831 1723 911 1776 Ac
941 1720 1255 1789 plerumque
1295 1714 1477 1783 inique
1516 1717 1735 1782 agentes
1777 1707 1920 1776 ipsos

323 1820 379 1873 in
405 1816 614 1887 judices
642 1813 865 1868 advocat
900 1828 915 1866 :
950 1824 1093 1880 smpc
1124 1808 1285 1863 etiam
1315 1805 1622 1860 universum
1647 1799 1828 1854 orbem
1852 1796 1920 1851 ad

320 1909 593 1966 calculum
628 1903 908 1960 ferendum
930 1901 1121 1957 sedere
1142 1898 1313 1969 jubet,
1345 1905 1405 1950 ut
1433 1892 1756 1964 judiciorum
1788 1902 1919 1942 con-

319 2002 664 2072 spicuitatem
686 1995 935 2053 ostendat
962 2012 978 2050 :
1005 2008 1074 2049 ne
1100 1992 1274 2063 ipsum
1295 1987 1507 2059 quidem
1531 1981 1914 2044 adversarium,

320 2108 427 2157 nec
476 2092 638 2147 etiam
688 2089 959 2144 insensilia
990 2085 1057 2141 ad
1099 2083 1363 2155 judicium
1408 2078 1672 2134 advocare
1709 2079 1923 2127 recusat

321 2187 469 2239 Deus
500 2200 514 2239 :
544 2181 686 2253 quod
718 2180 944 2235 nobisin
974 2191 1122 2232 more
1150 2182 1231 2230 est
1259 2172 1452 2233 facere,
1485 2166 1699 2238 quando
1723 2165 1774 2218 in
1800 2163 1920 2233 jure

318 2285 510 2332 nostro
537 2273 878 2330 confidimus.
908 2270 1093 2325 Audite
1111 2310 1126 2335 ,
1154 2267 1333 2331 valles,
1362 2261 1696 2334 fundamenta
1727 2267 1874 2310 terra:
1899 2290 1916 2318 ,

1387 414 1475 469 DE
1514 412 1693 468 FATO
1733 410 1821 466 ET
1860 410 2342 469 PROVIDENTIA.
2381 413 2444 469 ν.

3515 422 3620 480 756

2022 526 2259 594 quoniam
2290 526 2544 596 judicium
2577 526 2794 583 Domino
2841 529 3030 600 (tilieh.
3059 533 3111 587 6.
3134 532 3191 603 ξ’.)
3223 552 3237 589 :
3267 544 3321 589 et
3347 549 3579 593 rursum
3603 543 3638 603 ,'

2022 616 2179 683 Audi,
2206 619 2406 685 emtum,
2435 628 2483 673 et
2504 620 2709 675 auribus
2738 623 2973 692 percipe,
3004 633 3136 677 terra
3155 667 3170 691 ,
3203 628 3326 696 quia
3355 626 3509 683 Domi
3526 645 3620 684 uua

2024 706 2258 777 loquutus
2283 717 2356 762 est
2395 707 2547 779 (lsui.
2589 711 2642 765 1.
2666 710 2749 780 2).
2779 712 2935 782 Saepe
2964 729 3092 769 vero
3119 715 3237 771 illos
3267 717 3410 787 ipsos
3440 734 3567 775 reos
3601 766 3614 785 ,

2024 797 2224 868 Papule
2246 801 2314 854 mi
2334 842 2347 867 ,
2373 802 2495 872 quid
2522 804 2621 875 feci
2650 805 2736 858 tibi
2756 845 2773 872 ,
2801 815 2889 859 aut
2913 807 2967 859 in
2995 823 3091 876 quo
3117 807 3226 861 ιιεεί
3263 818 3312 863 te
3340 810 3524 881 (Hic/3.
3559 813 3593 867 6

2024 890 2117 961 3)?
2144 890 2213 945 Et
2239 891 2519 959 Jeremias,
2552 894 2701 962 Quod
2725 896 3019 950 invenerunt
3058 900 3110 952 in
3144 916 3225 953 me
3251 900 3487 955 delictum
3520 919 3613 972 pa-

2024 989 2122 1035 (res
2150 982 2298 1036 uestri
2340 981 2551 1055 (Jerem.
2574 985 2627 1038 2.
2661 985 2762 1057 5)?
2790 986 2972 1056 Neque
3002 987 3104 1043 hoc
3135 989 3306 1045 solum
3332 990 3383 1045 in
3414 992 3608 1046 civita-

2026 1071 2164 1127 tibus
2192 1081 2246 1127 et
2281 1074 2581 1129 nationibus
2608 1077 2766 1143 facit,
2804 1078 2898 1132 sed
2923 1078 3083 1134 etiam
3124 1079 3174 1133 in
3207 1094 3314 1135 uno
3337 1095 3479 1150 saepe
3506 1081 3606 1135 ho-

2023 1162 2184 1214 tnine.
2214 1161 2345 1216 Cum
2372 1163 2566 1218 Davide
2596 1164 2858 1236 disceptet
2882 1181 2977 1236 per
2995 1169 3310 1238 prophetam
3335 1186 3350 1223 :
3378 1180 3433 1226 et
3454 1170 3606 1226 Jonas

2024 1255 2290 1310 recusanti
2318 1254 2567 1312 Ninivitis
2601 1258 2922 1327 przedicare,
2955 1275 3015 1314 se
3044 1261 3183 1315 Deus
3224 1276 3319 1331 per
3353 1263 3604 1317 cucurbi-

2025 1354 2132 1399 tam
2148 1353 2366 1401 excusat
2393 1364 2407 1399 :
2440 1345 2502 1400 Si
2520 1356 2573 1400 tu
2597 1348 2837 1417 parcebas
2860 1366 3011 1421 super
3033 1352 3364 1418 cucurbitam,
3393 1369 3485 1423 ego
3504 1370 3604 1407 non

2023 1453 2229 1507 parcam
2256 1453 2407 1508 super
2437 1437 2655 1493 Niniven
2684 1439 2832 1509 (Jan.
2862 1442 2915 1495 4.
2951 1442 3037 1496 {0.
3070 1441 3197 1513 ll)?
3219 1444 3284 1497 Et
3314 1445 3602 1500 multorum

2023 1526 2327 1596 bujnsmodi
2371 1527 2672 1597 Scripturas
2721 1530 2905 1598 plenas
2952 1533 3207 1587 invenies.
3254 1533 3381 1588 Haec
3425 1534 3604 1604 itaque

2024 1632 2143 1671 cum
2172 1618 2403 1672 sciamus
2422 1660 2437 1686 ,
2471 1619 2643 1688 ipsum
2672 1619 2974 1685 adoremus,
2999 1622 3341 1689 admiremur,
3370 1625 3607 1680 colamus

2023 1718 2277 1775 quantum
2320 1708 2372 1763 in
2419 1709 2573 1764 nobis
2598 1710 2748 1764 erit:
2780 1711 2937 1782 digne
2980 1713 3120 1767 enim
3158 1728 3265 1767 non
3306 1730 3605 1783 possumus.

2023 1798 2215 1853 Curam
2260 1799 2550 1855 habeamus
2590 1802 2871 1870 prmseutis
2899 1803 3021 1857 vitae
3043 1844 3058 1868 ,
3092 1811 3145 1857 et
3174 1818 3484 1872 persuasum
3515 1809 3609 1860 ha-

2023 1887 2243 1942 beamus
2283 1888 2448 1943 Deum
2491 1905 2752 1959 praeesse,
2795 1900 2849 1946 et
2889 1892 3271 1960 providentiam
3299 1895 3480 1949 omnia
3503 1911 3609 1965 gu-

2026 1978 2256 2035 bernare
2284 1998 2299 2035 :
2329 1989 2384 2035 et
2413 1991 2532 2050 post
2558 1981 2673 2036 hmc
2698 1984 2875 2037 omnia
2904 1985 3157 2055 consequi
3182 1987 3443 2056 promissa
3470 1985 3610 2041 bona

2025 2073 2320 2141 poterimus
2352 2090 2364 2125 :
2395 2074 2584 2142 quibus
2614 2089 2713 2129 nos
2740 2090 2928 2130 omnes
2958 2077 3112 2146 potiri
3142 2077 3417 2147 contingat
3440 2081 3611 2149 gratia

2023 2163 2241 2233 Christi,
2271 2165 2354 2220 cui
2385 2166 2550 2236 gloria
2581 2167 2634 2222 in
2661 2169 2854 2223 saecula
2883 2170 3219 2224 surculorum.
3248 2171 3443 2225 Amen.

319 2379 3609 2423 __________‘___________.___————————————————______.

1139 2483 1301 2566 DE
1373 2474 1675 2563 FATO
1737 2470 1888 2553 ET
1951 2462 2781 2547 PROVIDENTIA.

1769 2645 2157 2718 ω

989 2822 1186 2867 ORATIO
1214 2821 1267 2860 ν.

405 2911 559 2968 Nulla
585 2915 670 2965 est
697 2905 916 2962 omnino
944 2912 1048 2957 tam
1078 2900 1367 2969 depravata
1392 2888 1659 2952 doctrina,
1692 2884 1887 2939 dilecte
1907 2922 1923 2944 ,

332 3021 512 3076 neque
554 3012 660 3057 tam
692 2996 973 3055 incurabili
1010 2993 1158 3049 sanie
1190 2991 1339 3061 plena
1361 3026 1378 3054 ,
1407 3000 1563 3056 quam
1596 2989 1679 3036 est
1715 2978 1832 3032 haec
1857 2975 1927 3031 de

334 3069 447 3153 fato
470 3094 609 3152 etde
629 3091 833 3165 genesi.
854 3088 988 3142 Nam
1011 3093 1363 3155 praeterquam
1391 3074 1532 3146 quod
1560 3069 1923 3165 blasphematn

331 3199 393 3245 et
417 3187 630 3258 impiam
672 3181 968 3239 doctrinam
1015 3177 1068 3230 in
1110 3171 1303 3228 animis
1345 3182 1533 3223 eorum
1578 3160 1764 3217 inserit
1789 3200 1804 3224 ,
1836 3155 1925 3226 qui

327 3252 704 3353 decipiuntur,
736 3282 791 3330 et
819 3272 885 3326 ad
917 3269 1040 3325 talia
1071 3266 1139 3322 de
1171 3265 1278 3319 Deo
1305 3257 1529 3316 dicenda
1560 3252 1781 3353 inducit,
1798 3262 1925 3352 qua:

331 3390 407 3430 ne
449 3340 515 3428 de
557 3340 889 3426 daemonibus
917 3360 1131 3432 quidem
1173 3351 1437 3426 quispiam
1480 3344 1714 3411 dixerit,
1749 3340 1925 3432 ivitam

329 3463 497 3520 etiam
535 3456 815 3517 confundit
852 3431 1088 3508 nostram
1115 3489 1130 3515 ,
1176 3443 1355 3502 omnia
1393 3438 1618 3496 tumultu
1657 3431 1927 3500 nmltaque

332 3550 738 3625 perturbatione
767 3545 973 3616 replet;
996 3555 1064 3611 ,ac
1090 3547 1442 3610 quaecumque
1468 3528 1535 3584 ad
1557 3525 1853 3582 doctrinam
1874 3530 1929 3576 et

339 3617 772 3703 emendationem
795 3654 823 3692 a
847 3638 959 3692 Deo
978 3642 1032 3690 et
1050 3648 1079 3686 a
1098 3639 1306 3696 natura,
1337 3637 1539 3697 perque
1564 3617 1849 3691 prophetas
1875 3623 1929 3671 et

333 3744 556 3793 sanctos
582 3734 731 3788 viros
755 3729 969 3784 inducta
995 3732 1153 3789 sunt,
1182 3718 1408 3782 evertit,
1440 3712 1726 3770 labefactat
1753 3717 1806 3764 et
1834 3722 1926 3761 su-

334 3838 672 3901 pervacanea
717 3820 1071 3877 demonstrat.
1112 3814 1188 3868 Ac
1227 3807 1448 3880 perinde
1488 3804 1613 3859 facit
1639 3816 1703 3857 ac
1726 3800 1770 3854 si
1810 3798 1929 3869 quis

337 3888 569 3988 corpore
599 3912 866 3970 inﬁrmum
888 3950 903 3976 ,
947 3922 1012 3963 ac
1036 3902 1301 3960 medicina
1328 3906 1571 3969 egentem
1596 3936 1611 3961 ,
1649 3888 1929 3963 praesenti-

336 3983 535 4067 bus-ac
559 4005 795 4063 remedia
821 4000 1131 4074 parantibus
1157 3993 1402 4059 medicis,
1432 3990 1674 4045 hortetur
1702 3994 1759 4040 ut
1783 3983 1930 4039 nullo

336 4110 528 4158 utatur
551 4112 740 4154 eorum
763 4136 778 4160 ,
807 4107 908 4147 nec
937 4090 1193 4145 liberetur
1220 4099 1248 4138 a
1278 4081 1468 4140 morbo
1491 4121 1507 4148 ,
1548 4078 1642 4133 sed
1669 4074 1931 4133 socordiae

290 4242 295 4243 ,
339 4188 791 4261 negligentircque
812 4199 870 4239 se
890 4181 1115 4245 dedens,
1146 4174 1503 4232 miserrimam
1524 4175 1799 4240 exspectet
1820 4181 1932 4237 per-

341 4258 560 4338 niciem.
610 4280 802 4333 Annon
854 4275 970 4328 haec
1012 4271 1177 4325 fatum
1220 4266 1390 4322 dicit?
1434 4262 1601 4317 Nemo
1644 4258 1929 4329 quidquam

342 4374 476 4428 utile
519 4369 827 4442 prrecipiat;
873 4376 1034 4419 nemo
1079 4359 1259 4414 audiat
1305 4358 1468 4412 alium
1515 4351 1930 4408 cohortantem:

344 4440 543 4521 frustra
571 4463 716 4533 leges
742 4469 798 4516 et
822 4457 1032 4528 judices
1052 4497 1067 4521 ,
1108 4453 1305 4507 frustm
1341 4449 1499 4504 mina:
1529 4455 1583 4500 et
1611 4440 1932 4499 admonitio-

346 4573 447 4615 nes
466 4600 482 4626 ,
514 4558 710 4612 frustra
750 4549 997 4622 supplicii
1027 4555 1202 4602 metus
1225 4584 1241 4611 ,
1270 4542 1468 4597 frustra
1505 4539 1738 4593 honores
1756 4574 1772 4601 ,
1801 4547 1941 4603 pra:-

345 4624 491 4718 mia,
524 4649 714 4721 palmae
750 4646 889 4701 bene
914 4640 1211 4712 agentibus.
1245 4636 1303 4692 Si
1332 4649 1513 4691 curam
1541 4630 1739 4685 habeas
1758 4670 1772 4693 ,
1803 4624 1936 4680 nihil

349 4716 484 4799 hinc?
507 4716 889 4802 emolumenti;
918 4734 962 4789 si
988 4730 1245 4802 negligas,
1279 4726 1409 4781 nihil
1433 4722 1635 4779 damni.
1662 4719 1740 4774 Ne
1764 4716 1831 4772 ad
1851 4716 1936 4770 lu-

349 4837 479 4892 dLm
513 4850 642 4906 puer
670 4839 876 4903 pergat,
908 4843 977 4883 ne
997 4827 1080 4882 vir
1100 4823 1313 4880 adultus
1340 4821 1481 4889 leges
1507 4817 1708 4880 audiat,
1735 4829 1804 4868 ne
1823 4813 1941 4869 ani-

352 4905 783 4986 mumiadhibeat
821 4920 1057 4977 consiliis
1098 4926 1152 4971 et
1180 4910 1651 4969 admonitionibus.
1680 4905 1817 4974 Quid
1845 4919 1939 4975 po-

352 5020 478 5077 terit
503 5017 696 5073 afferre
727 5013 910 5069 labor?
934 5009 1091 5078 Quasi
1121 5022 1227 5062 non
1257 5005 1532 5060 saburrata
1562 5000 1732 5064 navis,
1765 4997 1940 5052 nautis

354 5119 410 5167 et
450 5103 894 5180 gubernatoribus
949 5098 1241 5163 destituta,
1299 5091 1628 5163 tempestatis
1674 5087 1941 5143 violentite

357 5202 522 5277 misso
550 5196 748 5253 mentis
771 5190 1150 5264 gubernaculo,
1177 5188 1255 5243 sic
1278 5186 1498 5243 feratur.
1522 5182 1707 5248 Visne,
1735 5193 1938 5250 quaaso,

357 5273 794 5359 obtemperemus
813 5326 828 5350 ,
860 5282 1103 5351 nihilque
1131 5278 1390 5333 faciamus
1428 5273 1571 5346 quod
1600 5273 1666 5328 ad
1693 5274 1815 5327 vitae
1841 5285 1940 5324 no-

359 5395 485 5441 strae
515 5381 742 5437 salmem
782 5373 1080 5447 pertineat?
1112 5371 1328 5427 Interim
1369 5368 1843 5439 praetermittantur
1878 5377 1942 5418 ea

358 5491 479 5546 qure
506 5472 572 5527 ad
601 5469 831 5524 animam
859 5472 1131 5536 spectant,
1168 5462 1236 5517 de
1273 5459 1520 5532 praesenti
1560 5458 1670 5512 vita
1707 5456 1942 5511 dissera-

361 5580 502 5623 mus.
534 5559 1104 5630 Oblemperabimusne
1142 5554 1253 5609 fato
1294 5554 1366 5607 ita
1409 5551 1635 5616 dicenti,
1662 5563 1833 5619 neque
1860 5546 1943 5601 fa-

362 5656 539 5712 mulos
565 5653 937 5719 delinquentes
964 5646 1242 5715 puniemus
1265 5684 1280 5708 ,
1309 5656 1481 5712 neque
1507 5639 1722 5695 lascivia
1758 5653 1945 5694 corru-

363 5758 483 5821 ptos
512 5744 850 5807 reducemus,
875 5753 1049 5809 neque
1078 5738 1287 5808 iniquos
1310 5720 1378 5790 ad
1401 5733 1657 5805 judicium
1689 5746 1904 5802 agemus
1929 5770 1944 5795 ,

366 5854 539 5912 neque
579 5838 726 5907 leges
768 5831 1082 5889 audiemus?
1128 5829 1335 5886 Vellem
1381 5825 1627 5898 equidem
1669 5824 1736 5880 ad
1783 5822 1947 5880 breve

2033 2791 2242 2853 tempus
2271 2785 2386 2843 haec
2414 2787 2548 2856 fieri,
2581 2800 2637 2845 ut
2663 2807 2720 2847 re
2746 2801 2798 2847 et
2822 2807 2987 2861 Opere
3015 2794 3362 2863 perniciosam
3394 2796 3531 2851 hanc
3558 2807 3613 2853 et

2030 2878 2308 2979 exitiosam
2336 2881 2596 2936 malorum
2620 2884 2925 2954 magistram
2955 2887 3257 2955 perspicere
3280 2889 3524 2957 possetis.
3554 2890 3612 2944 Si

2031 2976 2174 3021 enim
2210 2984 2432 3025 necesse
2466 2981 2549 3027 est
2587 2977 2806 3028 omnino
2833 3014 2849 3040 ,
2879 2986 2937 3028 ut
2964 2992 3082 3045 qua:
3113 2977 3163 3030 in
3203 2976 3315 3031 fato
3337 2986 3460 3033 sunt
3486 2994 3615 3035 eve-

2031 3060 2209 3126 niant,
2257 3069 2368 3116 tum
2411 3062 2777 3119 laborantibus
2802 3065 2957 3119 nobis
2985 3106 2999 3130 ,
3040 3077 3149 3120 tum
3190 3068 3612 3137 dormientibus,

2031 3150 2206 3204 nullus
2234 3153 2462 3220 agricola
2495 3152 2657 3207 boves
2678 3154 2864 3224 jungat
2887 3195 2903 3220 ,
2934 3156 3016 3210 vel
3046 3168 3282 3210 aratrum
3312 3159 3517 3225 trahat,
3548 3175 3615 3215 ne

2030 3242 2238 3297 sulcum
2265 3243 2492 3309 scindat,
2527 3259 2701 3313 neque
2729 3246 2932 3300 semina
2954 3246 3138 3316 jaciat,
3166 3263 3233 3301 ne
3257 3250 3380 3302 anni
3408 3258 3616 3320 tempus

2031 3342 2390 3402 opportunum
2415 3334 2703 3400 observet,
2732 3350 2801 3390 ne
2842 3336 2961 3405 gelu
3006 3345 3060 3391 et
3088 3337 3352 3391 assiduam
3384 3339 3614 3408 pluviam

2033 3424 2260 3490 toleret,
2292 3439 2362 3479 ne
2391 3424 2635 3480 miserias
2663 3434 2718 3480 et
2753 3425 2964 3481 labores
2991 3428 3283 3482 secundum
3322 3429 3447 3483 anui
3487 3444 3614 3499 spa-

2033 3518 2199 3582 tium;
2234 3516 2421 3571 falcem
2454 3532 2521 3573 ne
2548 3526 2722 3585 acuat,
2760 3534 2830 3574 ne
2858 3529 3094 3589 segetem
3118 3519 3375 3588 demetat,
3409 3537 3476 3576 ne
3503 3523 3616 3592 spi-

2032 3624 2125 3665 cas
2151 3617 2316 3675 terat,
2356 3625 2423 3664 ne
2448 3610 2676 3680 plantel,
2705 3625 2770 3665 ne
2796 3610 3000 3680 plantas
3030 3612 3205 3677 colat;
3234 3628 3446 3668 omnem
3477 3614 3619 3683 agri-

2032 3700 2253 3755 cultura:
2279 3714 2465 3755 curam
2493 3700 2728 3771 abjiciat,
2748 3701 2891 3758 domi
2912 3701 3118 3771 sedeat,
3153 3692 3472 3774 semperque
3495 3705 3620 3759 tior-

2033 3793 2186 3860 miat,
2220 3793 2265 3847 si
2292 3793 2469 3848 omnia
2500 3793 2598 3865 ipsi
2622 3810 2653 3848 e
2677 3792 2785 3849 fato
2809 3794 3095 3860 pendeant,
3120 3810 3214 3850 sua
3235 3806 3424 3865 sponte
3443 3801 3621 3852 omnia

2032 3885 2173 3940 bona
2209 3885 2424 3940 domum
2464 3886 2681 3965 venient
2721 3901 2735 3940 :
2771 3887 2816 3941 si
2859 3897 3034 3942 autem
3074 3888 3127 3941 in
3165 3890 3490 3943 contrarium
3536 3887 3622 3943 fu-

2033 3992 2151 4031 sum
2189 3978 2407 4032 verterit
2452 3976 2678 4044 Clotho,
2733 3979 2974 4048 quamvis
3025 3979 3325 4034 sexcenties
3375 3979 3614 4047 laboret,

2035 4072 2213 4126 nullus
2241 4071 2340 4141 ipsi
2388 4071 2507 4125 linis
2549 4071 2787 4125 laborum
2821 4070 3188 4141 sudorumque
3233 4071 3352 4125 erit.
3383 4071 3490 4126 Cur
3519 4072 3621 4125 ita-

2036 4179 2140 4231 que
2166 4180 2272 4218 non
2312 4163 2427 4217 haec
2461 4163 2767 4233 praecipitis,
2795 4163 2840 4217 si
2876 4179 3062 4218 revera
3107 4163 3212 4217 fato
3243 4163 3497 4218 creditis?
3524 4179 3626 4217 cur

2037 4273 2143 4312 non
2192 4257 2500 4320 hortamini,
2547 4265 2605 4310 ut
2649 4270 2834 4311 revera
2875 4256 3092 4310 discatis
3127 4271 3245 4325 qua:
3280 4255 3418 4310 bona
3454 4254 3623 4309 fatum

2038 4351 2253 4423 pariat?
2282 4352 2371 4405 Vis
2401 4350 2533 4404 mihi
2561 4349 2845 4405 ostendere
2877 4348 3003 4419 quid
3027 4365 3149 4404 vere
3177 4349 3247 4403 sit
3286 4346 3401 4402 fato
3423 4346 3623 4401 consti-

2040 4445 2247 4500 tutum?
2272 4444 2431 4500 Solve
2452 4443 2859 4514 agriculturam,
2897 4442 3025 4496 tolle
3047 4441 3332 4505 nauticam,
3363 4440 3517 4493 mitte
3538 4454 3626 4491 ar-

2042 4546 2122 4594 tes
2145 4551 2332 4592 omnes
2352 4578 2367 4602 ,
2411 4551 2530 4606 quae
2569 4534 2635 4589 ad
2665 4535 2827 4589 vitam
2871 4533 3171 4602 pertinent.
3202 4546 3271 4585 ne
3295 4531 3363 4584 sit
3397 4528 3628 4582 archite-

2040 4643 2177 4695 ctus,
2210 4644 2317 4683 non
2347 4628 2585 4691 :rrarius,
2620 4643 2725 4680 non
2759 4635 2950 4689 textor,
2983 4638 3050 4678 ne
3080 4623 3216 4676 alius
3241 4620 3502 4692 quispiam
3531 4636 3624 4674 ar-

2044 4731 2150 4778 tem
2195 4721 2485 4793 quamlibet
2528 4727 2716 4774 tractet
2754 4716 2820 4771 ad
2864 4717 3023 4770 vitam
3070 4724 3304 4768 nostram
3347 4713 3628 4767 conferen-

2041 4825 2148 4872 tem
2171 4858 2184 4880 ,
2217 4824 2271 4870 et
2301 4825 2425 4869 tunc
2451 4813 2594 4868 clare
2622 4810 2829 4866 videbis
2852 4849 2868 4875 ,
2895 4807 3070 4877 qualia
3110 4805 3219 4860 sint
3248 4804 3339 4859 fati
3370 4804 3591 4874 pignora
3609 4846 3626 4869 ,

2045 4917 2169 4963 tunc
2198 4905 2322 4960 illud
2351 4905 2571 4975 pulchre
2600 4902 2817 4965 senties,
2851 4908 2975 4953 tunc
3004 4899 3122 4967 ejus
3147 4895 3628 4950 inmutabilitatem

2045 4997 2351 5069 perspicies.
2384 4995 2487 5051 Sed
2523 4993 2648 5064 quid
2674 5002 2819 5047 artes
2844 4989 3000 5057 dico,
3028 5003 3149 5059 qua:
3182 4987 3344 5042 vitam
3392 4997 3630 5040 nostram

2044 5086 2353 5146 continent?
2406 5086 2561 5140 Stent
2602 5092 2787 5147 artes,
2837 5080 3145 5150 nullamque
3200 5077 3483 5149 repudies;
3533 5075 3632 5130 sed

2045 5182 2294 5238 omnibus
2338 5194 2435 5234 suo
2476 5177 2531 5231 in
2575 5175 2763 5231 ordine
2800 5172 3174 5234 manentibus,
3230 5169 3451 5239 quisque
3497 5165 3632 5221 nihil

2046 5287 2266 5328 suorum
2296 5276 2467 5334 curet,
2500 5282 2599 5322 nec
2624 5266 2692 5321 de
2718 5280 2778 5320 re
2807 5264 3098 5320 domestica
3127 5261 3195 5316 sit
3221 5260 3507 5320 sollicitus,
3536 5256 3633 5311 sed

2047 5364 2222 5419 omnia
2244 5361 2352 5415 fato
2377 5355 2793 5414 administranda
2820 5355 3141 5418 committat,
3163 5359 3217 5406 et
3236 5349 3373 5404 hanc
3394 5348 3510 5417 ejus
3533 5348 3636 5400 uti-

2049 5455 2254 5509 litatem
2283 5452 2437 5514 sciet,
2470 5447 2684 5519 quando
2711 5455 2881 5502 tortus
2907 5453 2961 5501 et
2998 5443 3175 5513 flagris
3203 5455 3376 5495 caesus
3405 5437 3633 5508 vectigal

2048 5547 2527 5612 solvere—cogetur,
2560 5549 2613 5594 et
2637 5552 2756 5593 cum
2787 5542 3037 5604 nequeat,
3064 5532 3130 5586 ad
3159 5530 3247 5585 fati
3268 5529 3637 5585 defensionem

2050 5633 2351 5704 confugiet,
2391 5631 2677 5700 nullusque
2708 5627 2807 5697 ipsi
2838 5623 3099 5679 attendet.
3141 5621 3429 5691 Quousque
3458 5627 3638 5673 mente

2051 5727 2201 5799 pueri
2244 5722 2485 5780 erimus?
2526 5731 2805 5790 quousque
2838 5713 3101 5770 deliramli
3134 5714 3293 5766 linem
3321 5724 3429 5764 non
3467 5707 3632 5762 facie-

2055 5795 2218 5875 mus?
2248 5827 2522 5887 quousque
2561 5825 2667 5867 non
2691 5820 3044 5879 agnoscemus
3072 5815 3411 5861 communem
3450 5795 3632 5854 Denti-
