4124 6450
562 408 665 463 767

562 520 728 577 num?
754 519 810 577 Si
834 518 1005 575 bonos
1026 533 1089 573 ac
1117 518 1285 572 malos
1312 515 1478 571 fatum
1507 515 1654 582 facit,
1683 529 1780 570 cur
1804 528 2027 584 puerum
2053 511 2151 567 ad-

564 630 774 681 mones,
798 628 894 670 cur
916 610 1189 667 hortaris?
1214 610 1403 665 Omnia
1434 619 1635 664 temere
1660 618 1712 662 et
1740 606 1959 661 frustra.
1987 606 2041 660 Si
2069 604 2123 659 di
2139 633 2156 645 -

562 708 698 761 vites
723 715 777 760 et
800 718 1059 774 pauperes
1080 702 1224 766 facit,
1251 717 1320 757 ne
1342 701 1521 756 mittas
1543 702 1608 754 ad
1631 698 1815 754 ludum
1838 693 2179 759 litterarium,

563 814 629 853 ne
671 796 947 867 pecuniam
990 793 1299 863 suppedites
1324 834 1339 860 ,
1392 807 1461 847 ne
1500 790 1773 861 quidpiam
1817 787 1983 845 facias
2017 786 2159 857 quod

563 902 697 958 opes
723 890 841 957 ejus
867 902 1067 956 augere
1095 878 1255 956 possit
1282 901 1297 951 ;
1327 884 1422 939 sed
1444 899 1531 939 res
1552 884 1667 953 ejus
1692 898 1879 937 omnes
1906 881 2017 936 fato
2041 895 2162 950 per-

563 983 737 1036 mitte.
771 980 928 1046 Atqui
962 979 1012 1034 id
1044 996 1149 1033 non
1187 977 1372 1034 audes.
1407 976 1571 1031 Vides
1601 983 1660 1030 ut
1682 975 1808 1029 dum
1839 974 1891 1029 in
1928 972 2159 1027 minori-

564 1075 662 1129 bus
683 1074 799 1142 ejus
825 1073 1075 1143 potestati
1104 1088 1209 1127 non
1234 1071 1462 1127 conlidis
1481 1112 1495 1136 ,
1524 1071 1575 1125 in
1604 1069 1895 1140 majoribus
1921 1068 2023 1139 ipsi
2043 1082 2163 1122 cre-

562 1166 688 1220 dis?
714 1165 845 1220 Nam
878 1166 924 1219 si
950 1164 1170 1219 omnino
1194 1163 1358 1218 fatum
1382 1171 1484 1229 est,
1519 1163 1766 1232 permitte
1797 1176 2018 1231 puerum
2041 1174 2162 1215 cum

565 1257 820 1327 improbis
847 1256 1150 1311 hominibus
1173 1256 1392 1319 versari,
1411 1264 1467 1309 et
1485 1270 1608 1309 cum
1638 1253 1945 1323 depravatis
1973 1252 2165 1321 depra-

564 1350 679 1404 vari
715 1367 727 1402 :
759 1349 921 1419 plane
946 1347 993 1403 si
1027 1348 1079 1403 id
1110 1347 1223 1402 fato
1262 1348 1611 1403 constitutum
1643 1347 1731 1409 sit,
1763 1354 1817 1400 et
1844 1344 1935 1400 tibi
1969 1344 2163 1414 prode-

567 1441 657 1494 rit.
691 1439 902 1495 Etenim
930 1454 1081 1503 vere,
1111 1439 1305 1508 inquit,
1338 1453 1464 1493 vere
1489 1437 1657 1491 fatum
1688 1443 1791 1490 est.
1821 1436 1929 1491 Cur
1955 1451 2083 1505 ergo
2112 1443 2165 1491 et

564 1531 659 1586 tibi
685 1538 739 1585 et
762 1530 916 1584 alteri
948 1531 1156 1600 negotia
1205 1528 1464 1584 facessis?
1494 1527 1697 1598 Ecquid
1725 1526 1791 1583 de
1812 1527 1931 1581 filiis
1954 1528 2162 1597 loquor,

570 1621 787 1691 quando
818 1637 887 1677 ne
916 1636 1043 1692 erga
1069 1636 1257 1676 servos
1281 1620 1496 1691 quidem
1529 1622 1607 1675 sic
1633 1634 1792 1690 agere
1829 1618 2028 1684 audes;
2071 1618 2167 1674 sed
2222 1610 2229 1632 '

566 1727 622 1773 et
650 1719 889 1784 minaris,
924 1726 977 1772 et
1006 1716 1414 1786 perterrefacis,
1443 1718 1756 1788 nullumque
1796 1734 1902 1774 non
1935 1719 2167 1790 lapidem

568 1823 757 1865 moves
784 1817 841 1863 ut
866 1810 936 1863 sit
961 1809 1054 1863 tibi
1082 1809 1281 1880 probus
1309 1808 1559 1877 famulus,
1593 1826 1766 1881 neque
1790 1812 1970 1880 genesi
2001 1812 2168 1868 conﬁ-

570 1900 690 1957 dis?
718 1901 829 1957 Cur
853 1917 1010 1973 ergo,
1040 1902 1085 1956 si
1115 1902 1183 1957 sit
1222 1902 1498 1972 improbus
1517 1944 1531 1969 ,
1564 1904 1858 1959 verberas?
1888 1920 1993 1959 non
2024 1906 2167 1961 enim

570 1992 689 2062 ejus
718 2003 995 2062 peccatum
1036 2001 1154 2058 est,
1187 1994 1280 2049 sed
1312 1994 1557 2063 pellentis
1590 2010 1871 2066 geneseos.
1912 1996 2022 2052 Cur
2046 2013 2168 2053 eum

570 2085 617 2139 si
650 2084 848 2153 probus
872 2085 943 2139 sit
980 2084 1207 2139 laudas?
1233 2085 1435 2141 bonum
1471 2087 1613 2149 enim
1645 2099 1815 2158 opus,
1858 2103 1962 2143 non
1992 2089 2166 2158 illius,

570 2176 667 2231 sed
709 2191 969 2245 geneseos
998 2187 1081 2232 est
1110 2195 1123 2231 :
1156 2177 1263 2232 imo
1298 2179 1476 2248 potius
1503 2194 1605 2235 nec
1633 2179 1833 2250 probus
1863 2181 2124 2251 quispiam
2151 2224 2167 2250 ,

572 2283 675 2323 nec
695 2268 974 2337 improbus
1003 2270 1125 2324 erit.
1158 2270 1257 2336 Qui
1289 2272 1433 2325 enim
1464 2287 1557 2340 per
1597 2286 1656 2327 se
1699 2272 1830 2327 nihil
1871 2272 2060 2327 horum
2089 2272 2165 2327 fa-

474 2340 491 2355 \
570 2360 664 2426 cit,
689 2360 781 2415 sed
803 2359 1019 2416 aliunde
1044 2361 1364 2416 necessitate
1385 2360 1620 2432 pellitur,
1652 2377 1826 2432 neque
1847 2361 1970 2430 hoc,
1996 2378 2172 2433 neque

573 2452 701 2507 illud
745 2453 867 2508 erit.
910 2452 1022 2509 Cur
1063 2467 1192 2523 ergo
1227 2454 1375 2508 viros
1419 2454 1738 2510 laudamus?
1767 2455 2166 2523 cur‘vitupera«

571 2545 736 2601 mus?
762 2561 859 2601 cur
888 2545 1275 2601 exsecramur?
1302 2560 1398 2601 cur
1418 2546 1538 2601 aliis
1565 2546 1706 2602 bene
1732 2548 2054 2617 precamur?
2077 2546 2170 2602 Vi-

572 2635 671 2690 des
698 2636 749 2690 in
776 2644 1030 2706 quantam
1061 2652 1159 2690 nos
1199 2636 1583 2691 absurditatem
1626 2637 1717 2691 fati
1755 2639 1892 2692 ratio
1918 2636 2171 2694 duxerit?

572 2726 760 2781 Nullus
784 2737 867 2781 est
889 2737 1213 2796 temperans,
1239 2726 1416 2781 nullus
1438 2728 1820 2797 intemperans,
1845 2728 2020 2782 nullus
2049 2744 2173 2785 ava-

574 2833 665 2871 rus
685 2858 701 2885 ,
727 2817 904 2871 nullus
935 2817 1116 2887 justus
1144 2835 1157 2871 :
1190 2818 1399 2872 sublata
1426 2826 1511 2872 est
1533 2820 1701 2874 virtus
1723 2830 1776 2876 et
1802 2824 2036 2893 nequitia
2065 2841 2077 2878 :
2110 2840 2175 2881 ac

575 2911 774 2965 frustra
804 2894 856 2964 in
883 2919 1206 2981 praesentem
1236 2910 1400 2965 vitam
1427 2911 1640 2966 deducti
1664 2928 1878 2981 sumus;
1910 2917 2019 2973 imo
2044 2932 2174 2972 vero

577 3016 682 3056 non
712 3001 927 3066 frustra,
957 3002 1049 3056 sed
1083 3002 1134 3055 in
1167 3002 1364 3056 malum
1396 3013 1658 3058 nostrum.
1683 3005 1802 3073 Qui,
1836 3021 2040 3077 quaeso,
2063 3023 2173 3063 non

576 3094 867 3148 absurdum
906 3093 1069 3149 fuerit
1091 3110 1120 3148 a
1148 3109 1410 3165 geneseos
1450 3095 1767 3153 necessitate
1798 3098 1849 3151 in
1879 3099 2171 3169 nequitiam

576 3187 778 3257 impelli
805 3204 819 3252 ;
852 3196 1013 3258 atque
1036 3188 1231 3243 iterum
1259 3188 1448 3244 eadem
1472 3189 1747 3258 violentia,
1775 3202 2047 3249 extremas
2074 3195 2174 3249 im-

572 3278 852 3349 probitatis
880 3293 1066 3349 poenas
1093 3278 1244 3345 dare,
1275 3294 1396 3334 cum
1427 3282 1895 3339 commiseratione
1924 3285 2099 3354 potius
2119 3296 2172 3343 et

575 3371 941 3426 misericordia
969 3371 1114 3442 digni
1138 3387 1402 3438 essemus,
1430 3373 1554 3429 odio
1577 3373 1857 3444 habemur,
1887 3385 1942 3432 et
1969 3378 2173 3448 suppli-

573 3462 659 3516 cio
684 3462 983 3529 afﬁcimur,
1011 3464 1100 3519 ubi
1130 3464 1336 3520 honore
1364 3465 1634 3523 alliciendi
1669 3454 1921 3524 eramus?
1952 3470 2000 3525 Is
2026 3471 2170 3527 enim

574 3555 787 3623 quicum
817 3555 1014 3624 injuste
1042 3562 1097 3610 et
1117 3556 1378 3612 violenter
1402 3558 1599 3626 agitur,
1631 3574 1736 3614 non
1768 3561 2051 3633 supplicio,
2076 3563 2170 3618 sed

577 3643 781 3699 honore
803 3653 885 3700 est
909 3644 1221 3701 afﬁciendus
1252 3665 1267 3701 :
1299 3663 1399 3702 nos
1427 3656 1608 3704 autem
1634 3659 1688 3705 et
1716 3651 1907 3722 injuria
1936 3653 2093 3708 simul
2119 3664 2173 3710 et

572 3735 837 3805 supplicio
878 3737 1181 3807 plectimur.
1238 3738 1377 3807 Quid
1425 3738 1530 3795 hoc
1579 3740 1998 3806 irmtiortabilius
2052 3761 2172 3802 esse

575 3827 746 3896 possit
775 3844 786 3879 :
820 3828 962 3899 quod
1005 3844 1126 3883 cum
1158 3828 1301 3886 male
1330 3832 1598 3902 patiamur
1623 3876 1638 3900 ,
1673 3834 1835 3905 inque
1877 3839 2169 3909 nequitiam

576 3918 919 3989 impellamur
942 3964 954 3983 .
986 3922 1108 3978 ideo
1139 3938 1328 3994 poenas
1371 3924 1594 3983 demus?
1625 3927 1956 3985 Homicidam
2004 3930 2170 3988 fatum

579 4010 721 4076 fecit,
773 4021 828 4067 et
875 4026 1046 4070 morte
1092 4016 1313 4072 mulctat
1363 4033 1510 4086 eum,
1564 4020 1656 4091 qui
1697 4021 1798 4076 sibi
1841 4023 2173 4094 obsequutus

574 4112 660 4158 est
683 4122 698 4160 :
725 4105 853 4175 quid
880 4104 983 4162 hoc
1021 4109 1372 4178 perniciosius
1401 4111 1652 4182 dogmate
1691 4129 1941 4186 umquam
1975 4116 2173 4183 fuerit?

575 4194 1040 4262 Quemadmodum
1089 4200 1134 4255 si
1173 4202 1294 4272 quis
1343 4202 1396 4257 in
1442 4204 1755 4260 barathrum
1802 4208 2074 4278 impulerit
2119 4221 2174 4267 et

576 4288 907 4356 praecipitem
934 4300 1110 4346 aetum
1153 4288 1661 4367 comprehenderit,
1706 4299 1864 4370 hujus
1898 4303 1977 4356 rei
2012 4317 2170 4358 causa

579 4380 908 4447 puniendum
961 4399 975 4434 :
1031 4382 1117 4437 vel
1162 4385 1613 4454 quemadmodum
1658 4390 1700 4444 si
1755 4393 1875 4461 quis
1926 4392 2170 4450 barbarie

576 4469 802 4539 cuipiam
869 4471 1104 4529 dominre
1174 4475 1409 4545 aliquem
1481 4480 1826 4536 cruciandum
1891 4492 1946 4539 et
2009 4485 2170 4540 innu-

574 4562 739 4617 meris
791 4560 1131 4619 afﬁciendum
1197 4566 1352 4621 malis
1421 4567 1739 4641 tradiderit,
1806 4588 2039 4645 eumque
2094 4576 2172 4631 sic

575 4654 825 4709 traditum
848 4698 862 4724 ,
886 4665 1104 4729 propter
1131 4661 1404 4716 servitium
1428 4670 1482 4717 et
1519 4665 1879 4733 captivitatem
1906 4668 2172 4739 supplicio

572 4743 830 4801 alfccerit.
858 4750 938 4802 An
962 4766 1093 4806 vero
1119 4752 1202 4806 vel
1232 4756 1515 4811 immanius
1543 4758 1625 4812 vel
1655 4759 1920 4824 miserius,
1951 4777 2134 4832 quaiso
2154 4803 2168 4829 ,

575 4836 678 4891 hoc
706 4852 902 4907 genere
932 4842 1216 4913 quidquam
1249 4861 1368 4900 esse
1394 4848 1604 4915 possit?
1632 4849 1686 4904 Si
1712 4850 1825 4906 haec
1864 4851 1935 4906 ita
1972 4866 2032 4908 se
2070 4852 2171 4907 ha-

572 4926 737 4993 bent,
771 4936 825 4982 et
848 4930 892 4983 si
922 4930 1119 4989 inimici
1147 4943 1307 5006 atque
1346 4935 1528 4992 hostes
1554 4939 1666 4993 suis
1693 4940 1934 4997 hostibus
1960 4946 2168 5000 veniam

571 5017 701 5073 dare
730 5029 963 5084 norunt,
994 5024 1207 5093 quando
1248 5027 1400 5081 inviti
1440 5038 1493 5084 et
1518 5029 1765 5087 nolentes
1790 5033 1876 5088 vel
1912 5036 2170 5104 gravissi-

570 5126 716 5165 mum
765 5111 1054 5183 quidquam
1091 5115 1349 5174 adversus
1376 5120 1496 5177 illos
1524 5125 1817 5191 patrarint;
1846 5124 2013 5183 fatum
2042 5146 2171 5187 vero

563 5204 800 5260 subditis
839 5207 950 5261 suis
993 5207 1200 5278 sibique
1236 5226 1455 5280 prorsus
1482 5213 1933 5287 obsequentibus,
1965 5222 2072 5277 imo
2115 5223 2168 5279 in

571 5297 952 5354 necessitatem
978 5299 1250 5368 adductis,
1274 5305 1483 5359 veniam
1504 5322 1609 5360 non
1639 5312 1912 5380 concedit,
1943 5313 2050 5369 imo
2072 5330 2169 5384 pro

568 5387 669 5455 iis,
712 5405 833 5461 quae
876 5391 1023 5462 ipsos
1074 5391 1249 5449 facere
1278 5397 1478 5466 coegit,
1514 5414 1701 5468 poenas
1732 5405 1966 5472 repetit:
1997 5408 2169 5476 qualis

568 5479 854 5548 colluvies,
903 5484 1077 5553 qualis
1126 5484 1496 5556 labyrinthus,
1528 5491 1700 5559 qualis
1729 5501 2051 5563 tempestas,
2081 5498 2167 5553 dic

568 5570 732 5635 mihi,
765 5581 966 5628 tantam
994 5575 1232 5631 imitetur
1257 5577 1675 5638 confusionem?
1701 5585 1815 5640 Non
1857 5590 1987 5645 satis
2036 5591 2167 5647 mihi

566 5656 665 5714 fuit
712 5680 848 5719 unus
893 5666 1188 5737 iniquitatis
1217 5672 1445 5739 modus,
1477 5674 1619 5745 quod
1655 5691 1777 5731 cum
1810 5677 1940 5735 nihil
1971 5662 2164 5751 pecca—

568 5755 767 5821 vrrim,
816 5758 869 5812 in
916 5762 1202 5830 nequitiam
1256 5767 1543 5837 conjiciar,
1576 5779 1633 5827 et
1671 5772 1813 5841 quod
1868 5775 2040 5842 alius,
2072 5779 2161 5849 qui

564 5845 692 5902 nihil
724 5850 847 5905 boni
880 5846 1032 5914 fecit,
1066 5854 1235 5910 bonus
1277 5859 1536 5917 efﬁciatur
1577 5872 1632 5921 et
1674 5862 1880 5923 honore
1921 5845 2155 5940 fruatur;

1222 356 1598 460 S..JOAl\’l\'lS
1635 398 2112 458 CllRYSOSTOlll
2158 397 2495 485 ARCHIEP.’
2519 399 3057 491 CONSTAjVTINOP.
3753 421 3841 479 γωδ

2269 529 2372 568 non
2405 516 2533 571 satis
2564 529 2646 573 est
2676 518 2793 576 htec
2817 538 2919 578 una
2947 523 3233 594 injustitia,
3255 526 3397 598 quod
3429 538 3632 588 temere
3662 542 3716 590 et
3741 536 3844 593 sine

2263 620 2421 661 causa
2469 624 2556 665 me
2608 612 2839 681 malum,
2878 615 3134 687 illumque
3182 618 3377 675 bonum
3415 621 3617 680 fecerit
3658 629 3841 685 :aliam

2265 713 2476 768 quoque
2499 700 2716 771 adjicit,
2747 719 2922 775 neque
2942 707 3143 775 justam
3173 710 3444 767 hominum
3470 715 3743 783 judicandi
3770 737 3844 774 ra-

2266 790 2467 845 tionem
2507 793 2762 851 imitatur.
2810 800 2881 852 At
2910 799 3156 858 homines
3196 805 3267 857 ita
3299 805 3513 861 humani
3542 809 3845 882 benignique

2267 892 2426 947 sunt,
2459 894 2516 939 ut
2543 885 2901 945 involuutaria
2943 906 2974 945 a
3005 893 3316 951 voluntariis
3340 897 3671 971 distinguant
3698 920 3714 960 :
3747 905 3845 962 hmc

2266 992 2395 1031 vero
2419 995 2595 1034 rerum
2616 980 2969 1039 humanarum
2999 987 3343 1056 gubernatrix
3375 991 3605 1064 Erinnys
3621 995 3844 1065 quaedam

2268 1070 2546 1141 malusque
2575 1072 2813 1141 daemon,
2845 1076 2923 1132 sic
2951 1078 3131 1133 omnia
3152 1079 3449 1136 confundit.
3480 1083 3539 1138 Si
3565 1099 3694 1157 ergo
3723 1086 3845 1143 Deus

2270 1176 2376 1215 non
2407 1170 2521 1229 est,
2552 1165 2642 1233 qui
2681 1165 2788 1222 his-
2816 1169 3137 1239 prospiciat,
3166 1173 3411 1242 utrinque
3447 1177 3562 1231 [nec
3605 1182 3845 1236 sententia

2268 1250 2529 1307 confutari
2554 1264 2747 1323 potest.
2774 1256 2914 1313 Fieri
2934 1261 3077 1315 enim
3107 1265 3290 1333 nequit
3315 1264 3370 1318 in
3397 1275 3501 1320 tam
3532 1268 3750 1337 pulchro
3768 1285 3843 1325 re-

2269 1359 2387 1398 rum
2419 1346 2607 1402 ordine
2630 1349 3018 1417 providentiam
3049 1368 3153 1408 non
3178 1369 3318 1409 esse.
3344 1356 3496 1424 Quod
3519 1359 3565 1412 si
3596 1350 3734 1416 Deus
3754 1376 3844 1417 non

2271 1434 2377 1500 sit;
2419 1438 2688 1506 quomodo
2743 1439 2859 1496 haec
2910 1455 3158 1500 constare
3209 1447 3470 1516 possint?
3507 1450 3554 1505 si
3595 1451 3663 1505 sit
3691 1452 3843 1517 Deus,

2276 1525 2511 1583 limccine
2532 1529 2802 1601 despicit?
2830 1534 2884 1589 Si
2907 1536 3048 1591 enim
3081 1539 3196 1608 ipse
3217 1538 3589 1605 fecerit,’vide
3629 1544 3847 1614 impleu-

2276 1628 2379 1673 tem
2403 1629 2456 1676 et
2480 1621 2824 1699 blasphemia:
2853 1629 3272 1699 magnitudinem
3303 1651 3319 1687 :
3344 1634 3388 1688 si
3416 1650 3523 1689 non
3556 1634 3766 1704 fecerit,
3800 1647 3846 1693 et

2274 1709 2388 1765 haec
2415 1713 2625 1782 opiﬁcia
2679 1718 2946 1789 negligat,
2993 1735 3101 1775 non
3147 1723 3323 1778 minor
3367 1725 3483 1782 haec
3533 1728 3667 1793 erit,
3704 1744 3842 1799 quam

2272 1801 2441 1872 prior,
2468 1805 2774 1863 criminatio
2792 1810 2833 1865 ³.
2866 1809 3027 1868 Vides
3050 1822 3108 1868 ut
3139 1815 3493 1889 undequaque
3519 1819 3753 1876 diabolus
3773 1838 3847 1877 ur-

2272 1905 2494 1966 geatur,
2523 1898 2648 1954 dum
2679 1901 2925 1961 homines
2955 1906 3259 1977 impellitad
3284 1911 3656 1970 insaniendum
3685 1925 3846 1971 contra

2275 1986 2606 2046 Dominum?
2636 1993 2797 2051 Visne
2826 1997 2958 2053 mihi
2996 2001 3319 2070 persuadere
3338 2045 3352 2067 ,
3388 2012 3440 2060 te
3478 2004 3590 2061 fato
3618 2007 3845 2075 credere,

2279 2087 2333 2134 et
2360 2089 2551 2151 putare
2579 2083 2707 2140 illud
2737 2101 2858 2144 esse
2887 2105 3013 2145 vere
3041 2091 3235 2163 dogma
3264 2095 3289 2149 ?
3317 2094 3395 2151 Ne
3423 2111 3646 2155 accuses
3680 2099 3846 2154 mulie-

2274 2186 2390 2227 rem
2421 2172 2715 2231 adulteram
2740 2217 2756 2244 ,
2799 2194 2869 2235 ne
2892 2179 2969 2235 ira
2996 2180 3315 2240 etl'ervescas
3336 2228 3351 2252 ,
3384 2202 3456 2242 ne
3497 2188 3758 2244 moechum
3791 2189 3846 2245 ad

2275 2264 2722 2337 tribunaljudicis
2747 2269 3002 2328 adducas.
3026 2271 3085 2329 Si
3111 2275 3303 2332 videris
3324 2277 3612 2335 suli'ossum
3640 2296 3843 2347 murum,

2276 2372 2346 2413 ne
2370 2360 2797 2429 comprehendas
2823 2379 2947 2420 eum
2968 2408 2983 2434 ,
3016 2368 3107 2440 qui
3138 2370 3390 2439 suffodit,
3437 2390 3615 2445 neque
3662 2391 3846 2447 pmnam

2278 2461 2498 2520 expetas
2532 2468 2546 2505 :
2579 2468 2686 2508 non
2717 2455 2859 2511 enim
2887 2470 3079 2529 sponte
3108 2460 3211 2516 hoc
3236 2461 3397 2529 fecit,
3425 2466 3845 2536 quemadmodum

2277 2549 2333 2598 tu
2363 2544 2518 2601 dicis.
2544 2546 2652 2604 Res
2678 2557 2796 2605 tuas
2816 2565 3006 2608 omnes
3026 2552 3155 2609 nihil
3180 2570 3307 2611 cura
3334 2573 3348 2612 :
3374 2572 3497 2612 nam
3522 2574 3587 2615 ea
3626 2576 3736 2631 qua:
3759 2559 3847 2615 fato

2276 2638 2565 2693 constituta
2613 2651 2742 2695 sunt
2788 2657 3008 2712 prorsus
3056 2647 3308 2702 evenient
3342 2667 3356 2704 :
3386 2650 3595 2721 projice
3622 2651 3844 2721 quidquid

2279 2729 2444 2785 habes
2471 2733 2585 2787 auri
2608 2733 2813 2804 ;abjice
2838 2750 3023 2791 curam
3049 2736 3263 2803 domus,
3293 2740 3423 2808 fori,
3452 2745 3844 2814 mancipiorum:

2278 2820 2484 2877 incuria
2506 2833 2594 2879 tua
2628 2842 2723 2896 per
2749 2826 2842 2881 fati
2874 2829 3133 2885 incuriam
3161 2831 3293 2886 nihil
3320 2832 3565 2890 lzedetur.
3596 2836 3747 2908 Atqui
3777 2835 3846 2890 ui-

2279 2912 2350 2965 hil
2376 2911 2566 2969 horum
2599 2913 2775 2993 facere
2800 2919 2965 2987 ausis,
2998 2921 3173 2991 reipsa
3206 2938 3521 2992 persuasum
3552 2926 3771 2993 habens,
3807 2935 3848 2979 te

2279 3003 2419 3061 hanc
2462 3005 2763 3063 doctrinam
2803 3010 3126 3091 improbare.
3172 3014 3281 3070 Cur
3325 3031 3454 3088 ergo
3508 3018 3564 3073 in
3611 3017 3846 3091 peccando

2278 3096 2425 3153 illam
2468 3098 2691 3170 objicis,
2745 3118 2906 3173 quam
2957 3088 3156 3177 ubique
3196 3107 3422 3166 damnas
3465 3111 3489 3165 ?
3546 3088 3701 3168 Vides
3758 3125 3845 3166 non

2277 3194 2492 3250 aliunde
2520 3195 2622 3251 hoc
2641 3196 2835 3268 dogma
2864 3198 3079 3267 induci,
3115 3216 3273 3273 quam
3304 3218 3371 3259 ex
3397 3206 3674 3271 socordia,
3699 3216 3747 3259 et
3770 3218 3845 3258 ne-

2276 3288 2529 3360 gligentia
2550 3330 2565 3356 ,
2592 3299 2648 3345 et
2669 3291 2876 3360 ignavia
2905 3290 2972 3347 ad
2995 3293 3204 3349 virtutis
3235 3294 3448 3352 labores
3467 3296 3780 3354 subeundos.
3800 3293 3844 3350 Si

2279 3381 2493 3451 genesis
2520 3390 2637 3449 est,
2680 3382 2941 3453 judicium
2985 3402 3092 3441 non
3141 3395 3258 3453 est;
3297 3389 3342 3442 si
3364 3391 3581 3459 genesis
3605 3401 3712 3455 est,
3738 3386 3845 3443 ﬁdes

2278 3489 2385 3530 non
2408 3481 2521 3540 est;
2551 3474 2595 3528 si
2621 3477 2834 3547 genesis
2856 3485 2974 3546 est,
3005 3478 3147 3535 Deus
3178 3495 3283 3535 non
3322 3492 3438 3547 est;
3464 3483 3508 3537 si
3536 3485 3738 3554 genesis
3754 3487 3843 3544 est,

2283 3581 2390 3620 non
2441 3567 2644 3632 virtus,
2703 3584 2811 3624 non
2860 3569 3172 3641 improbitas
3223 3582 3351 3639 est,
3402 3574 3449 3629 si
3503 3576 3709 3646 genesis
3750 3582 3842 3637 est,

2280 3660 2458 3714 omnia
2496 3658 2688 3716 frustra
2712 3703 2728 3729 ,
2754 3662 2931 3717 omnia
2976 3671 3178 3720 temere
3198 3673 3252 3720 et
3279 3664 3500 3722 facimus
3531 3677 3586 3724 et
3611 3667 3842 3739 patimur:

2277 3766 2387 3806 non
2408 3762 2490 3808 est
2511 3753 2656 3822 laus,
2680 3769 2786 3810 non
2813 3756 3155 3828 vituperium,
3184 3758 3362 3814 nullus
3393 3760 3586 3831 pudor,
3614 3760 3745 3816 nulla
3768 3773 3842 3812 ve-

2279 3845 2567 3914 recundia,
2607 3862 2719 3901 non
2760 3848 2941 3919 leges,
2989 3865 3096 3904 non
3138 3851 3358 3920 judicia.
3399 3852 3554 3911 Unde
3582 3855 3664 3910 hic
3689 3852 3840 3917 dives,

2279 3935 2488 4006 inquies
2507 3980 2521 4005 ,
2550 3938 2690 3994 unde
2707 3940 2794 3994 hic
2813 3955 3015 4012 pauper
3045 3942 3169 3998 est?
3198 3941 3355 3999 Certe
3378 3945 3421 3999 si
3444 3944 3636 4001 horum
3661 3954 3842 4001 causam

2279 4029 2677 4100 ignorabamus,
2704 4033 2755 4087 in
2786 4034 3081 4104 ignorantia
3101 4038 3523 4106 permanendum
3546 4048 3658 4096 erat
3676 4036 3842 4109 potius.

2278 4138 2440 4193 quam
2467 4125 2609 4180 aliud
2637 4141 2856 4196 pravum
2878 4127 3071 4200 dogma
3120 4145 3546 4189 assumeremus.
3574 4132 3752 4188 Melius
3775 4132 3844 4182 est

2278 4217 2421 4271 enim
2461 4219 2599 4276 bene
2649 4219 2929 4290 ignorare,
2977 4238 3135 4292 quam
3176 4224 3321 4279 male
3354 4225 3496 4281 scire
3526 4243 3541 4280 :
3576 4222 3697 4279 illud
3723 4219 3841 4276 enim

2278 4310 2434 4380 culpa
2459 4311 2683 4367 liberum
2713 4322 2828 4381 est,
2871 4313 2972 4370 hoc
3000 4317 3154 4371 venia
3178 4325 3345 4372 caret.
3381 4318 3581 4374 Verum
3611 4331 3743 4373 nunc
3767 4324 3844 4384 per

2279 4399 2372 4456 Dei
2401 4404 2625 4472 gratiam
2670 4404 2836 4475 liquet
2860 4447 2874 4469 ,
2906 4407 3048 4463 unde
3079 4407 3165 4464 hic
3187 4408 3337 4464 dives
3359 4449 3375 4475 ,
3404 4410 3491 4465 ille
3519 4424 3714 4481 pauper
3747 4404 3840 4460 sit:
3930 4404 3945 4427 ‘

2281 4493 2369 4546 vel
2398 4493 2540 4548 enim
2574 4504 2848 4566 paternam
2896 4500 3119 4554 sortitus
3160 4499 3543 4567 hereditatem,
3582 4502 3661 4557 vel
3708 4509 3843 4566 nego-

2280 4585 2504 4641 tiatione
2547 4597 2601 4643 et
2645 4598 2944 4645 mercatura
2996 4607 3154 4657 usus,
3195 4593 3282 4648 vel
3312 4594 3484 4649 aliena
3517 4592 3842 4656 furatus,aul

2279 4679 2462 4747 rapina
2503 4678 2701 4735 ditatus
2721 4722 2736 4748 ,
2766 4682 2848 4737 vel
2895 4682 3050 4739 ducta
3081 4685 3333 4753 apulenta
3373 4700 3538 4742 uxore
3558 4728 3574 4754 ,
3599 4684 3678 4740 vel
3719 4678 3841 4750 πενί-

2277 4770 2513 4838 cultura,
2544 4773 2625 4827 vel
2654 4773 2879 4829 artiﬁcio
2897 4816 2911 4840 ,
2938 4775 3019 4830 vel
3041 4775 3147 4830 alio
3175 4776 3337 4831 simili
3363 4787 3552 4832 auctus
3573 4784 3666 4831 est.
3690 4770 3840 4828 Μυιιω

2278 4862 2514 4918 rationes
2541 4873 2667 4919 sunt
2690 4864 2904 4921 divitias
2923 4867 3294 4937 comparandi,
3327 4868 3444 4923 alite
3460 4869 3634 4938 justm,
3660 4864 3840 4933 injuste

2277 4954 2417 5010 alim.
2448 4956 2891 5029 Eadem’quoque
2919 4960 3054 5015 ratio
3094 4969 3177 5015 est
3215 4964 3574 5031 paupertatis:
3615 4973 3725 5015 nam
3770 4952 3838 5007 vel

2277 5047 2583 5115 calumniis,
2615 5049 2699 5103 vel
2721 5049 2949 5104 alior'um
2977 5052 3210 5120 rapinis,
3245 5052 3325 5107 vel
3354 5052 3717 5123 abliguritioue
3735 5058 3837 5116 μηδ’

2279 5138 2414 5209 pria,
2439 5139 2523 5195 vel
2553 5140 2758 5210 ignavia
2779 5182 2795 5208 ,
2820 5142 2900 5195 vel
2927 5141 3181 5208 amentia,
3204 5153 3295 5197 aut
3315 5143 3419 5197 alio
3439 5144 3679 5214 quopiam
3701 5133 3832 5193 modo

2279 5231 2482 5305 (multae
2508 5233 2704 5303 quippe
2726 5244 2849 5288 sunt
2867 5234 2933 5290 ad
2959 5243 3319 5305 paupertatem
3347 5236 3470 5307 vite)
3494 5238 3544 5291 in
3581 5239 3835 5306 egestatem

2279 5316 2576 5372 devenitur.
2609 5319 2679 5371 At
2706 5334 2808 5388 qua
2837 5320 2904 5375 de
2931 5335 3090 5375 causa
3115 5363 3131 5387 ,
3179 5321 3387 5391 inquies
3408 5361 3423 5385 ,
3458 5322 3549 5377 ille
3573 5319 3656 5391 qui
3681 5327 3829 5371 mere-

2279 5408 2438 5465 trices
2484 5410 2610 5478 alit,
2653 5418 2707 5465 et
2753 5411 3014 5481 parasitos
3038 5421 3095 5468 et
3122 5411 3455 5480 adulatores,
3486 5423 3537 5468 et
3562 5412 3645 5483 qui
3674 5401 3830 5462 alieni!

2343 5638 2359 5710 ξ
2395 5643 2504 5707 nec
2527 5634 2622 5707 alio
2652 5637 2795 5710 ηῖοάρ
2827 5636 3145 5710 mutarit!
3178 5646 3362 5710 ξρειιιιιθ
3389 5635 3646 5710 φερομιῄ
3666 5625 3826 5710 ea:

2276 5699 2395 5765 bet:
2424 5697 2473 5765 si
2494 5697 2622 5750 enim
2645 5698 2728 5765 ille
2750 5688 2856 5752 haec
2876 5688 2968 5751 ἦοη
2985 5701 3116 5765 fecit.
3150 5688 3259 5765 vide
3283 5688 3377 5760 quo
3398 5688 3649 5765 impietatis
3668 5688 3822 5765 ac‘blf'

2274 5760 2508 5835 θρωπε
2530 5763 2759 5835 procedat
2777 5765 2955 5835 gratio.
2982 5760 3063 5835 ξὶη
3076 5763 3264 5835 fecerit,
3288 5770 3334 5815 et
3352 5760 3609 5835 quaefach
3623 5760 3822 5835 .

2273 5823 2442 5891 θᾶσαι,
2466 5823 2561 5876 non
2583 5827 2740 5878 minor
2768 5826 2945 5878 iterum
2980 5823 3086 5878 haec
3111 5833 3200 5890 est,
3222 5839 3369 5890 quam
3391 5823 3526 5890 prior
3567 5823 3649 5891 fuit
3686 5823 3822 5876 repre-
