4124 6456
422 419 530 479 ’ῖθῖ

414 573 514 620 τες
532 571 546 620 ς
593 553 755 626 μέχρι
802 555 946 619 τίνος
979 557 1078 609 οὐκ
1113 555 1528 613 ἐπιγνωσόαεθα
1568 555 1659 608 τὸν
1693 551 1870 606 κοινὸν
1903 551 2000 601 Δε-

420 643 648 712 σπότην;
669 642 728 692 ΕΞ
747 636 979 709 φαύλους
995 637 1088 690 ml
1102 639 1339 707 ἀγαθοὺς
1354 635 1658 708 εἱμαρμένη
1678 641 1840 698 ποιεῖ,
1858 635 2001 696 τίνος

413 731 608 783 ἕνεκεν
643 732 930 800 παραινεῖς
968 727 1045 798 τῷ
1081 728 1252 789 παιδὶ,
1298 729 1442 790 τίνος
1476 728 1662 780 ἕνεκεν
1690 726 1999 788 νουθετεῖς;

421 819 610 871 Πάντα
650 820 772 888 εἱκῇ
806 817 900 870 ml
945 818 1142 887 μάτην.
1175 817 1237 868 Εἰ
1284 815 1575 878 πλουσίους
1617 816 1714 869 καὶ
1758 815 2002 882 πένητας

419 909 586 968 ποιεῖ,
619 905 692 976 μὴ
720 905 944 976 πέμψῃς
977 907 1058 968 εἱς
1089 904 1459 966 διδασκαλεῖα,
1499 904 1576 974 μὴ
1610 903 1843 974 πορίσῃς
1868 903 2004 973 χρὴ·

422 1011 590 1062 ματα,
623 993 696 1064 μὴ
733 994 945 1064 πράξῃς
979 993 1114 1063 μηδέ
1143 993 1200 1044 ἓν
1234 993 1343 1045 τῶν
1383 992 1694 1061 δυναμένων
1725 989 1875 1060 αύτῷ
1904 991 2002 1061 τὴν

417 1082 612 1134 ούσὶαν
634 1081 888 1152 αὐξῆσαι,
916 1083 1017 1136 ἀλλ
1033 1083 1044 1100 ‘
1069 1083 1362 1154 ἐπίτρεψον
1379 1085 1445 1152 τῇ
1464 1081 1776 1152 εἱμαρμένῃ
1794 1081 1862 1134 τά
1883 1082 2000 1134 κατ’

421 1169 604 1222 αὐτόν.
651 1169 790 1223 Ἀλλ’
819 1171 920 1222 οὐκ
953 1172 1142 1241 ἀνέχῃ.
1178 1171 1341 1241 Ὁρᾷς
1371 1171 1488 1232 πῶς
1516 1171 1576 1222 ἐν
1608 1173 1721 1232 τοῖς
1755 1169 2003 1222 ἐλάττοσι

414 1256 717 1311 διαπιστῶν
747 1259 918 1327 αὐτῆς
945 1257 1046 1330 τὴν
1071 1259 1322 1329 δύναμιν,
1353 1261 1412 1312 ἐν
1441 1260 1557 1321 τοῖς
1592 1257 1837 1328 μείζοσιν
1864 1257 2001 1328 αὐτῇ

425 1345 736 1410 πιστεύειςς
761 1348 824 1399 Εἰ
852 1348 961 1416 γάρ
997 1347 1168 1409 ὅντως
1201 1346 1513 1417 εἱμαρμένη
1542 1347 1714 1410 ἐστὶν,
1752 1347 1888 1414 ἀφες
1912 1346 2003 1400 τὸν

418 1435 585 1486 παῖδα
625 1435 717 1486 καὶ
744 1437 1001 1504 πονηροῖς
1031 1434 1256 1504 ἀνδράσι
1287 1432 1637 1500 συγγίνεσθαι
1657 1471 1672 1495 ,
1722 1433 1820 1486 καὶ
1863 1432 2004 1502 μετά

415 1518 834 1593 διεφθαρμένων
859 1521 1272 1592 διαφθείρεσθαι
1295 1539 1310 1553 ο
1334 1522 1557 1584 πάντως
1580 1519 1648 1574 ἂν
1667 1523 2002 1593 εἱμαρμένον

417 1610 569 1681 αὐτῷ
607 1611 702 1663 καὶ
729 1610 1114 1680 κεκλωσμένον
1147 1604 1203 1681 ᾖ,
1243 1610 1342 1661 καὶ
1386 1609 1470 1661 σοὶ
1505 1607 1854 1680 χρησιμεύει.
1890 1610 2002 1664 Καὶ

417 1698 530 1768 γὰρ
559 1697 750 1761 ὅντως,
773 1698 960 1768 φησὶν,
984 1696 1154 1760 ὅντως
1176 1695 1312 1750 ἐστί.
1334 1695 1494 1758 Τίνος
1521 1691 1617 1748 οὖν
1645 1696 1835 1751 ἕνεκεν
1857 1698 2004 1768 πρά-

419 1802 606 1855 γματα
639 1788 735 1838 καὶ
766 1783 950 1854 σαυτῷ
978 1785 1239 1855 παρέχεις
1269 1785 1358 1838 καὶ
1398 1785 1598 1856 ἐτέρῳ;
1633 1785 1743 1840 Καὶ
1772 1786 1826 1838 τί
1858 1786 2004 1854 λέγω

419 1873 628 1926 παίδων
655 1873 862 1944 ἕνεκεν,
890 1872 1024 1923 ὅπου
1047 1888 1110 1939 γε
1141 1871 1260 1924 οὐδὲ
1281 1872 1372 1923 ἐπὶ
1403 1873 1631 1925 οἰκετῶν
1660 1871 1826 1944 ἀνέξῃ
1846 1873 2005 1927 τοῦτο

421 1963 616 2020 ποιεῖν,
631 1959 765 2012 ἀλλά
785 1933 877 2012 ml
894 1957 1137 2020 ἀπειλεῖς
1154 1959 1248 2010 καὶ
1270 1957 1475 2025 φοϐεῖς,
1493 1958 1590 2011 καὶ
1603 1958 1780 2011 πάντα
1806 1960 2004 2030 τρόπον

314 2032 320 2037 ⁷
420 2051 613 2113 κινεῖς,
639 2049 784 2110 ὅπως
812 2046 1034 2116 γένηταί
1065 2063 1144 2099 σοι
1170 2045 1331 2110 καλὸς
1357 2049 1385 2100 ὁ
1407 2047 1648 2118 οἰκέτης,
1678 2049 1770 2101 ml
1784 2048 1846 2101 ού
1873 2049 2004 2121 θαρ-

422 2138 537 2206 ρεῖς
561 2137 626 2206 τῇ
661 2135 903 2203 γενέσει;
936 2132 1094 2196 Τίνος
1115 2133 1171 2186 δὲ
1193 2133 1381 2188 ἕνεκεν
1406 2133 1576 2188 κακὸν
1597 2135 1888 2205 γενόμενον
1914 2155 2005 2190 κο-

418 2221 642 2286 λάζεις;
675 2221 737 2273 ού
773 2222 883 2291 γὰρ
929 2219 1096 2274 αὐτοῦ
1137 2221 1196 2273 τὸ
1237 2221 1543 2293 ἁμάρτημα
1588 2221 1836 2291 γέγονεν,
1867 2224 2006 2278 ἀλλά

415 2311 520 2379 τῆς
551 2307 799 2377 ώθούσ-ης
839 2308 1126 2376 γενέσεως.
1168 2308 1325 2372 Τίνος
1352 2308 1408 2361 δὲ
1443 2310 1628 2363 ’ένεκεν
1654 2311 1818 2364 καλὸν
1851 2312 2005 2380 γενό-

423 2413 586 2468 μενον
615 2399 900 2460 ἐπαινεῖς;
936 2396 996 2448 οὐ
1043 2395 1152 2466 γὰρ
1184 2396 1348 2449 αὐτοῦ
1388 2395 1451 2449 τὸ
1480 2397 1832 2469 κατόρθωμα,
1869 2399 2007 2455 ἀλλὰ

419 2484 522 2554 τῆς
549 2483 815 2552 γενέσεως
835 2500 846 2512 ·
873 2483 1074 2553 μᾶλλον
1095 2484 1148 2535 δέ
1170 2483 1293 2536 οὕτε
1318 2484 1502 2548 καλὸς,
1517 2484 1640 2538 οὔτε
1657 2486 1824 2551 κακὸς
1852 2486 2004 2542 ἔσται

421 2588 526 2632 τις.
588 2571 644 2622 Ὀ
678 2571 788 2641 γὰρ
826 2571 956 2640 παρ’
993 2569 1185 2623 ἑαυτοῦ
1229 2571 1522 2643 μηδέτερον
1560 2572 1764 2628 τούτων
1810 2575 2000 2642 ποιῶν,

419 2659 540 2710 ἀλλ’
569 2657 837 2729 ἑτέρωθεν
887 2658 987 2728 τὴν
1019 2658 1268 2728 ἀνάγκην
1311 2659 1636 2730 δεχόμενος,
1678 2661 1802 2715 οὔτε
1845 2663 2006 2718 τοῦτο

418 2746 603 2806 ἔσται,
657 2744 782 2797 οὔτε
835 2746 1032 2799 ἐκεῖνο.
1082 2745 1239 2809 Τίνος
1295 2742 1389 2800 οὖν
1439 2748 1626 2802 ’ἐνεκεν
1674 2751 2006 2823 ἐπαινοῦμεν

420 2833 659 2904 ἄνδρας
695 2833 840 2894 τίνος
875 2832 933 2885 δὲ
967 2832 1153 2886 ἕνεκεν
1185 2834 1464 2904 ψέγομενς
1492 2836 1636 2900 τίνος
1667 2838 1856 2892 ἕνεκεν
1910 2842 2008 2894 ἐπ-

421 2922 708 2990 ειρώμεθα,
731 2920 875 2982 τίνος
895 2919 1080 2972 ἕνεκεν
1099 2922 1469 2993 συνευχόμεθα
1495 2924 1701 2994 ἑτέροις
1716 2943 1730 2990 ;
1747 2929 1911 2999 Ὁρᾷς
1928 2931 2008 2993 εἱς

419 3009 557 3078 ὅσην
584 3011 731 3079 ἡμᾶς
754 3008 978 3076 ἀλογίαν
997 3011 1026 3062 ό
1045 3010 1145 3078 τῆς
1170 3010 1516 3082 εἱμαρμένης
1543 3013 1782 3082 ἐξήγαγε
1816 3017 2003 3085 λόγος;

419 3097 612 3160 Οὐδείς
639 3098 756 3149 ἐστι
796 3094 1049 3167 σώφρων,
1086 3097 1260 3161 ούδείς
1294 3099 1441 3152 ἐστιν
1472 3101 1789 3167 ἀκόλαστος,
1832 3105 2007 3169 οὐδείς

419 3187 541 3238 ἐστι
579 3183 906 3253 πλεονέκτης
925 3223 940 3247 ,
987 3183 1161 3246 οὐδείς
1191 3186 1306 3237 ἐστι
1341 3185 1580 3249 δίκαιος·
1611 3189 1880 3260 ἀνῄρηται
1911 3194 2007 3244 καὶ

421 3272 591 3344 ἀρετὴ
619 3272 713 3325 καὶ
751 3270 949 3334 κακία,
985 3270 1079 3322 καὶ
1120 3271 1297 3340 μάτην
1335 3270 1486 3344 [771]
1523 3276 1601 3338 είς
1640 3276 1731 3328 τὸν
1761 3278 2006 3348 παρόντα

419 3357 613 3412 τοῦτον
648 3359 767 3428 ’βίον
818 3355 1162 3428 ὑπήχθημεν,
1196 3357 1397 3428 μᾶλλον
1441 3359 1498 3412 δέ
1535 3361 1596 3412 οὐ
1644 3363 1841 3433 μάτην,
1871 3365 2007 3420 ἁλλά

421 3448 521 3500 καὶ
539 3448 632 3500 ἐπὶ
661 3445 838 3517 κακῷ.
864 3446 988 3510 Πῶς
1009 3445 1116 3515 γὰρ
1141 3448 1241 3499 ούκ
1266 3447 1466 3500 ἄτοπον
1496 3449 1754 3504 ὠθεῖσθαι
1780 3453 1879 3523 μὲν
1902 3455 2007 3509 ύπὸ

419 3537 525 3606 τῆς
556 3536 801 3602 ἀνάγκης
825 3534 922 3604 τῆς
961 3534 1232 3602 γενέσεως
1261 3537 1341 3598 εἰς
1375 3536 1597 3601 κακίαν,
1629 3540 1790 3594 πάλιν
1813 3542 1870 3595 δὲ
1903 3543 2007 3596 ὑπὸ

418 3623 523 3694 τῆς
553 3622 675 3692 βίας
710 3622 883 3692 αὐτῆς
922 3621 1126 3691 ταύτης
1169 3622 1324 3693 δίκην
1370 3623 1570 3678 διδόναι
1612 3628 1711 3698 τὴν
1743 3630 2005 3702 ἐσχάτην,

417 3708 539 3763 δέον
587 3708 889 3771 ἐλεεῖσθαι,
937 3708 1054 3761 δέον
1095 3709 1498 3779 ταλανίζεσθαι,
1547 3714 1643 3767 καὶ
1673 3717 2003 3786 μισούμεθα,

422 3797 520 3848 καὶ
545 3795 905 3864 κολαζόμεθά,
931 3795 1049 3848 δέον
1079 3795 1374 3866 τιμᾶσθαι;
1407 3798 1510 3851 Τὸν
1531 3801 1884 3873 ἀδικούμενον
1913 3807 2007 3858 καὶ

420 3883 547 3953 βίαν
577 3883 839 3949 παθόντα,
869 3883 990 3953 οὐχὶ
1023 3883 1370 3949 κολάζεσθαι,
1405 3886 1541 3940 ἀλλά
1564 3891 1827 3960 τιμᾶσθαι
1863 3894 1967 3966 χρή
1988 3911 2002 3925 ·

417 3975 583 4041 ἡμεῖς
606 3973 661 4023 δὲ
687 3972 778 4025 καὶ
807 3971 1172 4042 ἀδικούμεθα,
1216 3977 1309 4027 καὶ
1335 3979 1609 4047 τιμωρίαν
1635 3979 2003 4052 ὑπομένομεν.

419 4059 489 4111 Τί
535 4060 726 4112 τούτου
761 4061 956 4124 γένοιτ’
997 4060 1064 4112 ἂν
1106 4060 1470 4132 ἀλογώτερον,
1521 4065 1663 4136 ὑπὲρ
1699 4061 1775 4120 ὧν
1819 4069 2006 4134 κακῶς

420 4147 722 4216 πάσχοντες
743 4146 1064 4210 ώθισθέντες
1087 4148 1223 4218 πρὸς
1249 4151 1467 4216 κακίαν,
1495 4153 1635 4224 ὑπὲρ
1677 4155 1882 4210 τούτων
1913 4161 2006 4213 καὶ

418 4235 696 4306 τιμωρίαν
735 4235 971 4298 διδόναις
1025 4236 1319 4305 Ἐποίησεν
1368 4239 1760 4313 ἀνδροφόνονή
1809 4247 2007 4319 εἱμαρ-

422 4322 562 4393 μένη
589 4363 604 4386 ,
651 4322 747 4374 κα)⁵
777 4321 874 4390 τὴν
922 4321 1102 4392 ψυχὴν
1149 4323 1377 4376 ἀπαιτεῖ
1407 4326 1538 4379 ἀνθ’
1579 4318 1656 4380 ὧν
1692 4318 2006 4400 ὑπήκουσεν

417 4409 560 4478 αὐτῇ
586 4425 600 4438 ·
653 4409 706 4461 τί
753 4410 946 4462 τούτου
989 4409 1396 4482 βλαϐερώτερον
1433 4413 1610 4484 δόγμα
1643 4416 1857 4484 γένοιτο
1900 4421 2001 4486 liv;

421 4496 637 4566 Ὠσπερ
679 4495 746 4549 ἂν
792 4495 844 4548 εί
868 4513 952 4558 τις
985 4499 1065 4560 εἱς
1108 4498 1170 4551 τὸ
1200 4499 1476 4570 βάραθρον
1505 4501 1755 4572 ώθήσας,
1783 4507 1876 4558 καὶ
1903 4525 2002 4560 κα-

414 4583 668 4636 ταλαϐὼν
696 4585 788 4637 τὸν
816 4586 1223 4656 κρημνισθέντα
1247 4627 1262 4651 ,
1295 4590 1458 4642 πάλιν
1509 4593 1784 4662 τιμωρίαν
1835 4595 2004 4649 ἀπαι-

417 4671 542 4740 τοίη
586 4673 795 4726 τούτων
834 4674 1060 4728 ἐνεκενο
1115 4675 1144 4746 ἢ
1197 4675 1389 4748 ὥσπερ
1431 4678 1498 4732 ἂν
1533 4680 1587 4731 ετ
1627 4697 1713 4744 τις
1749 4682 2004 4756 βαρδάρᾳ

416 4759 679 4832 δεσποίνῃ
699 4761 1006 4830 ’παραδοὺς
1035 4761 1368 4828 αἰκίζεσθαι,
1396 4767 1491 4818 ml
1525 4770 1740 4838 μυρίοις
1770 4772 2004 4843 περιϐα-

415 4846 533 4898 λεῖν
575 4851 801 4910 κακοῖς,
833 4848 926 4900 τὸν
957 4850 1400 4920 παραδεδομένον
1450 4855 1590 4926 ὑπὲρ
1631 4858 1730 4926 τῆς
1756 4858 2001 4926 δουλείας

417 4933 516 4987 καὶ
547 4933 645 5003 τῆς
680 4935 1056 5004 αἰχμαλωσίας
1087 4941 1312 4991 ἀπαιτοῖ
1338 4942 1631 5012 τιμωρίαν.
1665 4940 1813 5016 Ἀρά
1835 4965 1888 5000 τι
1916 4950 2004 5016 γέ.

417 5038 564 5074 νοιτο
589 5021 655 5075 ἂν
675 5023 866 5074 τούτου
897 5023 1258 5096 ἀλογώτερον,
1296 5029 1418 5080 εἰπέ
1450 5045 1572 5098 μοι,
1607 5031 1640 5101 ἢ
1673 5033 2002 5107 ἀθλιώτερον

416 5105 512 5160 τοῦ
533 5107 728 5174 γένους
744 5108 953 5173 τούτου;
970 5111 1030 5162 Εἱ
1047 5111 1214 5164 ταῦτα
1231 5113 1472 5178 τοιαῦτα,
1488 5118 1576 5169 καἱ
1593 5118 1778 5192 ἐχθροὶ
1795 5123 1892 5190 μὲν
1909 5105 2001 5176 καὶ

417 5195 670 5265 πολέμιοι
710 5197 824 5259 τοῖς
867 5199 1047 5252 αὐτῶν
1087 5200 1370 5271 πολεμίοις
1403 5207 1548 5258 ῐσασι
1583 5210 1996 5278 συγγινώσκειν,

413 5284 546 5336 ὅταν
572 5285 797 5347 ἄκοντες
825 5287 921 5337 καὶ
944 5286 1018 5356 μὴ
1037 5286 1352 5358 βουλόμενοι
1381 5294 1662 5363 πράττωσί
1693 5316 1745 5351 τι
1769 5300 1877 5352 τῶν
1904 5320 1996 5370 χα-

414 5371 745 5426 λεπωτάτων
771 5374 977 5439 αύτοῖς⁸
1005 5379 1108 5447 ἠδὲ
1135 5381 1443 5454 εἱμαρμένη
1462 5388 1574 5449 τοῖς
1601 5387 1879 5458 ὑπηκόοις,
1906 5394 1998 5445 καὶ

415 5460 594 5513 πάντα
622 5462 979 5532 πειθομένοις,
1003 5466 1205 5534 μᾶλλον
1231 5468 1286 5522 δέ
1309 5475 1872 5545 κατηναγκασμένοις,
1896 5480 1996 5532 οὐκ

413 5546 621 5600 εἵσεται
657 5549 1010 5636 συγγνώμην,
1055 5553 1169 5605 ἀλλ’
1199 5555 1339 5626 ὑπὲρ
1365 5551 1438 5610 ὧν
1487 5560 1687 5624 αὐτοὺς
1717 5566 1994 5636 κατηνάγ-

412 5649 550 5685 κασε
584 5634 810 5704 πρᾶξαι,
834 5637 975 5707 ὑπὲρ
995 5639 1103 5692 τῶν
1132 5641 1313 5694 αὐτῶν
1336 5645 1534 5709 αὐτοὺς
1560 5647 1780 5702 ἀπαιτεῖ
1803 5634 1958 5724 δίκην
1975 5671 1988 5684 ο

413 5720 568 5782 ποῖος
603 5721 855 5792 φορυτὸς,
888 5728 1040 5788 ποῖος
1075 5727 1421 5801 λαϐύρινθος,
1462 5733 1588 5787 ποία
1620 5735 1754 5806 ζάλη
1786 5720 1990 5810 ταύτην

469 5843 504 5877 δι
526 5841 660 5893 Οοὶὶ).
690 5847 912 5909 βαρϐάρῳ
935 5851 1175 5914 δεσποίνῃ.

721 5931 988 5996 ΡΑΤιιοι..
1033 5939 1148 5998 Gn.
1200 5943 1267 6003 L.

1505 435 1594 490 DE
1630 431 1814 489 FATU
1855 428 1942 483 ΕΤ
1978 426 2463 483 PROVIDENTIA.
2513 426 2576 481 V.

3584 427 3690 487 768

2107 548 2406 617 μιμήσεται
2444 547 2547 618 τὴν
2584 547 2869 618 σύγχυσιν,
2897 548 3022 600 εἰπέ
3059 565 3181 620 μοι;
3207 549 3320 602 Οὐκ
3347 549 3551 620 ἤρκεσέ
3594 569 3688 622 μοι

2103 636 2306 706 τρόπος
2333 631 2412 699 εἷς
2449 635 2666 699 ἀδικίας
2691 675 2707 699 ,
2741 637 2824 687 ὅτι
2861 636 3028 706 μηδὲν
3067 636 3332 709 ἁμαρτὼν
3379 640 3460 702 εἰς
3491 640 3692 694 κακίαν

2103 723 2474 795 ἐμϐέϐλημαι,
2520 724 2616 778 ml
2648 726 2729 777 ὅτι
2758 725 2946 796 ἕτερος
2980 725 3145 796 μηδὲν
3171 726 3529 798 κατορθώσας
3557 729 3692 797 ἀγα-

2105 810 2196 874 θὸς
2244 812 2474 881 γίνεται,
2513 814 2606 866 ml
2637 813 2804 882 τιμῆς
2857 812 3156 867 ἀπολαύει’
3205 816 3306 868 ούκ
3349 816 3512 886 ἀρκεῖ
3553 815 3693 888 αῦτη

2106 902 2244 972 μόνη
2277 904 2311 972 ἡ
2345 902 2549 967 ἀδικία,
2577 904 2659 956 δτι
2689 903 2876 967 ἁπλῶς
2907 904 3000 957 καὶ
3031 904 3242 972 ἀλόγως
3274 906 3369 958 καὶ
3397 904 3498 976 ἐμὲ
3527 907 3694 960 κακὸν

2103 991 2348 1062 ἐποίησε,
2381 992 2476 1045 καὶ
2502 995 2709 1046 ἐκεῖνον
2743 992 2929 1055 καλὸν,
2956 993 3093 1047 ἀλλὰ
3120 995 3215 1046 καὶ
3241 994 3436 1064 ἑτέραν
3465 995 3694 1064 προστί-

2104 1079 2284 1152 θησιν.
2324 1083 2421 1134 καὶ
2469 1082 2591 1136 οὐδὲ
2633 1083 2734 1153 τὴν
2775 1082 2886 1134 τῶν
2933 1081 3239 1153 ἀνθρώπων
3289 1082 3694 1152 δικαιοκρισίαν
3784 1140 3786 1142 τ

2107 1173 2358 1239 μιμεῖται
2380 1186 2393 1199 ’
2431 1170 2546 1224 ἀλλ’
2582 1171 2632 1222 οἱ
2672 1171 2770 1240 μὲν
2805 1169 3105 1240 ἄνθρωποι,
3133 1168 3279 1222 οὕτω
3314 1168 3696 1240 φιλάνθρωποι

2104 1258 2198 1311 καὶ
2225 1259 2426 1329 ἥμεροι
2449 1300 2464 1324 ,
2497 1258 2574 1322 ώς
2606 1258 2838 1329 διαιρεῖν
2880 1258 2951 1311 τά
2981 1257 3217 1312 ἀκούσια
3243 1257 3352 1310 τῶν
3387 1259 3652 1312 ἑκουσίων
3675 1273 3692 1289 ·

2102 1349 2136 1417 ἡ
2173 1347 2230 1400 δὲ
2259 1347 2328 1400 τά
2357 1346 2676 1418 ἀνθρώπινα
2699 1348 2978 1401 διοικοῦσα
3003 1347 3218 1419 ἐριννύς
3250 1365 3335 1412 τις
3360 1347 3455 1401 καὶ
3483 1347 3697 1418 δαίμων

2104 1435 2376 1507 πονηρὸς,
2412 1433 2558 1488 οῦτω
2597 1434 2776 1488 πάντα
2809 1437 3023 1505 συγχεῖ.
3061 1437 3125 1488 El
3159 1435 3259 1507 μὲν
3288 1433 3383 1489 οὖν
3431 1435 3531 1489 οὐκ
3576 1433 3696 1488 ἐστι

2103 1524 2236 1588 Θεὸς
2255 1526 2286 1576 ό
2319 1521 2495 1576 ταῦτα
2518 1522 2754 1594 ἐφορῶν,
2787 1523 3071 1593 ἐλέγχεται
3109 1524 3208 1593 μὲν
3238 1525 3268 1576 ό
3295 1522 3456 1590 λόγος
3489 1523 3695 1593 ἐτέρω-

2105 1609 2217 1665 θεν.
2251 1611 2326 1664 Ού
2353 1611 2461 1680 γὰρ
2483 1610 2706 1664 δυνατὸν
2730 1611 2788 1663 ἐν
2811 1609 3034 1679 εὐταξία
3057 1611 3295 1682 τοσαύτῃ
3325 1611 3582 1680 πρόνοιαν
3619 1610 3695 1679 μὴ

2104 1694 2264 1751 εἶναι.
2299 1697 2446 1768 Πλὴν
2488 1700 2538 1751 εἱ
2570 1697 2671 1768 μὲν
2727 1698 2827 1750 οὐκ
2857 1696 2973 1750 ἐστι
3002 1697 3158 1772 θεὸς,
3187 1697 3305 1761 πῶς
3339 1697 3477 1760 ὅλως
3522 1697 3696 1751 ταῦτα

2106 1786 2470 1857 συνέστηκεν;
2501 1787 2549 1838 εἱ
2581 1784 2638 1839 δέ
2669 1785 2809 1849 ἐστι,
2843 1783 2958 1848 πῶς
2990 1784 3168 1838 ταῦτα
3200 1787 3470 1856 περιορᾷς
3503 1785 3568 1838 Εἱ
3595 1787 3697 1854 μὲν

2103 1873 2214 1944 γάρ
2241 1873 2405 1937 αὐτὸς
2433 1871 2711 1942 ἐποίησεν,
2728 1872 2830 1943 δρα
2849 1872 2948 1942 τὴν
2982 1872 3259 1934 ἀσέϐειαν,
3285 1872 3379 1924 καὶ
3402 1872 3504 1941 τῆς
3531 1871 3670 1940 βλασ
3690 1902 3702 1914 ι

2107 1961 2318 2031 φημίας
2385 1961 2486 2026 τὴν
2545 1960 2889 2030 ὑπερϐολήν·
2941 1960 3080 2014 εἱδὲ
3110 1960 3210 2012 οὐκ
3254 1959 3498 2030 ἐποίησε.
3541 1959 3700 2027 γενό-

2109 2066 2248 2118 μενα
2270 2049 2327 2102 δὲ
2351 2050 2602 2120 περιορᾷ,
2638 2047 2801 2102 πάλιν
2826 2048 2927 2101 οὐκ
2957 2048 3181 2100 ἔλαττον
3209 2048 3304 2101 τοῦ
3333 2047 3606 2118 προτέρου
3635 2047 3699 2100 τὸ

2107 2138 2379 2208 ἔγκλημα.
2429 2139 2594 2208 Ὀρᾶς
2634 2136 2754 2202 πῶς
2801 2136 3146 2208 πανταχόθεν
3201 2140 3622 2208 στενοχωρεῖται
3669 2139 3698 2189 ό

2105 2224 2373 2288 διάϐολος,
2410 2224 2750 2278 συνελαύνων
2781 2225 2910 2288 τοὺς
2941 2224 3265 2296 ἀνθρώπους
3297 2227 3377 2288 εἱς
3414 2225 3514 2296 τὴν
3557 2225 3700 2279 κατά

2105 2313 2199 2366 τοῦ
2233 2315 2507 2367 Δεσπότου
2542 2315 2781 2384 μανὶαν;
2817 2313 3007 2366 Βούλει
3041 2330 3108 2384 με
3140 2316 3350 2379 πεῖσαι,
3379 2313 3463 2367 ὅτι
3501 2315 3699 2386 εἱμαρ-

2109 2403 2247 2475 μένῃ
2271 2401 2452 2474 πείθῃ,
2475 2402 2570 2456 ml
2593 2401 2833 2473 νομίζεις
2861 2397 3000 2455 εἷναί
3028 2418 3081 2454 τι
3111 2393 3289 2473 δόγμα
3314 2419 3329 2467 ;
3353 2403 3446 2472 Μὴ
3476 2401 3698 2471 ἐγκάλει

2109 2491 2478 2565 μοιχευομένῃ
2501 2493 2742 2560 γυναικὶ,
2781 2492 2916 2562 μηδὲ
2945 2491 3193 2563 πλησθῇς
3217 2490 3412 2562 θυμοῦ,
3452 2492 3588 2563 μηδὲ
3617 2493 3700 2553 εἱς

2109 2578 2259 2651 [πε]
2283 2581 2564 2651 κριτήριον
2586 2577 2843 2634 δικαστοῦ
2869 2579 3084 2650 ἀγάγῃς
3107 2579 3197 2631 τὸν
3225 2578 3546 2649 μοιχόν.Ἃν
3575 2578 3695 2651 ἴδῃς

2105 2670 2282 2737 τοῖχον
2314 2668 2750 2739 διορυττόμενον,
2789 2666 2864 2738 μὴ
2899 2666 3136 2738 ἐπιλάϐῃ
3162 2665 3257 2719 τοῦ
3288 2665 3694 2735 διορύττοντος,

2110 2756 2245 2825 μηδὲ
2278 2755 2593 2826 ἀπαιτήσῃς
2616 2754 2771 2824 δίκην
2797 2771 2808 2782 ·
2845 2753 2906 2806 ού
2939 2753 3050 2823 γὰρ
3079 2751 3223 2806 ἑκὼν
3253 2752 3415 2806 τοῦτο
3437 2752 3697 2822 ἐποίησε,

2106 2843 2288 2907 καθὼς
2314 2844 2380 2896 σὺ
2412 2843 2539 2914 φῄς.
2583 2841 2880 2913 Ἀμέλησον
2904 2840 3013 2895 τῶν
3043 2839 3244 2894 σαυτοῦ
3273 2841 3493 2895 πάντων
3517 2857 3531 2871 θ
3559 2840 3699 2894 πάν-

2107 2948 2215 2994 τως
2253 2930 2363 3002 γάρ
2394 2930 2515 3002 ἥξει
2561 2948 2642 2983 σοι
2685 2929 2752 2983 τά
2797 2930 2898 3000 τῆς
2942 2928 3282 3000 εἱμαρμένης
3307 2945 3322 2960 ⁸
3375 2929 3532 2999 ῥῖψον
3574 2928 3701 2980 ὅσον

2107 3018 2252 3087 ἔχεις
2284 3018 2537 3089 χρυσίον·
2571 3017 2850 3088 ἀμέλησον
2891 3015 3106 3078 οἰκιῶν,
3137 3017 3356 3087 ἀγορῶν
3376 3057 3391 3079 ,
3428 3016 3702 3088 ἀνδραπό-

2105 3106 2212 3160 δων
2238 3123 2250 3136 ι
2278 3105 2432 3158 ούδέν
2458 3106 2568 3159 ἀπὸ
2597 3105 2699 3173 τῆς
2730 3105 3005 3176 ῥᾳθυμίας
3042 3106 3143 3174 τῆς
3176 3105 3274 3173 σῆς
3312 3106 3345 3174 ἡ
3370 3104 3471 3173 τῆς
3505 3107 3700 3174 εἱμαρ-

2111 3194 2280 3264 μένης
2327 3192 2569 3263 ῥᾳθυμία
2623 3191 3128 3264 παραϐλαϐήσεται.
3191 3192 3331 3244 Ἀλλ’
3386 3193 3486 3245 ούκ
3533 3191 3701 3264 ἀνέξῃ

2105 3282 2308 3335 τούτων
2351 3281 2538 3347 οὐδὲν,
2572 3281 2649 3344 ώς
2687 3279 2835 3351 ἔργῳ
2867 3279 3112 3343 πεισθεὶς
3138 3322 3153 3341 ,
3200 3280 3285 3333 ὅτι
3333 3280 3696 3348 κατέγνωκας

2105 3371 2215 3424 τῶν
2249 3369 2535 3440 δογμάτων
2569 3368 2672 3438 τῆς
2704 3368 3067 3440 εἱμαρμένης.
3101 3368 3261 3432 Τίνος
3296 3364 3390 3423 οῦν
3413 3368 3601 3422 ἕνεκεν
3634 3371 3694 3420 ἐν

2107 3461 2226 3521 ταῖς
2250 3457 2550 3528 ἁμαρτίαις
2578 3455 2747 3528 αὐτὴν
2776 3456 3080 3530 προϐάλλῃ,
3108 3457 3388 3526 πανταχοῦ
3411 3473 3692 3525 κατεγνω-

2107 3545 2258 3611 κώς;
2301 3546 2464 3616 Ὁρᾷς
2496 3545 2578 3598 ὅτι
2611 3544 2913 3614 οὐδαμόθεν
2951 3545 3014 3597 τὸ
3045 3545 3226 3614 δόγμα
3273 3544 3434 3598 τοῦτο
3477 3546 3695 3616 εἰσενή-

2106 3650 2314 3697 νεκται,
2361 3632 2476 3686 ἀλλ’
2520 3632 2631 3685 ἀπὸ
2659 3632 2761 3702 τῆς
2799 3631 3094 3703 ῥᾳθυμίας,
3131 3633 3226 3685 ml
3253 3632 3566 3703 ὀλιγωρίας,
3600 3633 3698 3684 καὶ

2105 3721 2200 3774 τοῦ
2234 3721 2371 3792 πρὸς
2422 3721 2622 3784 αὐτοὺς
2654 3721 2782 3782 τοὺς
2818 3720 2958 3790 ύπέρ
2987 3720 3086 3790 τῆς
3117 3720 3322 3792 ἀρετῆς
3367 3718 3694 3773 ἐκλελύσθαι

2107 3813 2324 3874 πόνους.
2357 3810 2420 3862 Εἱ
2441 3810 2653 3878 γένεσίς
2693 3811 2832 3875 ἐστι,
2869 3808 3050 3878 κρίσις
3071 3809 3171 3862 οὐκ
3193 3808 3341 3862 ἔστιν
3367 3825 3380 3839 ⁸
3404 3810 3453 3862 εἰ
3483 3809 3697 3876 γένεσίς

2106 3899 2243 3962 ἐστι,
2277 3897 2459 3960 πίστις
2503 3899 2604 3950 ούκ
2660 3896 2842 3949 ἐστιν’
2891 3899 2940 3949 εἱ
2985 3896 3200 3964 γένεσίς
3231 3897 3372 3960 ἐστι,
3418 3896 3555 3961 Θεὸς
3595 3897 3698 3950 οὐκ

2106 3985 2287 4037 ἐστιν’
2328 3986 2376 4037 εί
2404 3984 2619 4052 γένεσίς
2650 3987 2818 4051 ἐστιν,
2856 3985 2958 4038 ούκ
2986 3984 3134 4038 ἐστιν
3184 3985 3392 4057 ἀρετὴ,
3429 3986 3531 4040 ούκ
3579 3985 3698 4039 ἐστι

2107 4075 2308 4128 κακία·
2344 4076 2394 4128 εἱ
2424 4074 2638 4142 γένεσίς
2676 4077 2824 4137 ἐστι,
2857 4073 3039 4127 πάντα
3089 4074 3293 4146 μάτην.
3335 4076 3516 4130 πάντα
3571 4077 3695 4148 εἱκῇ

2107 4165 2200 4217 καὶ
2232 4163 2514 4234 ποιοῦμεν,
2543 4164 2638 4216 καὶ
2669 4164 2977 4234 πάσχομεν·
3013 4165 3113 4217 οὐκ
3141 4164 3286 4218 ἔστιν
3317 4164 3559 4230 ἔπαινος,
3592 4168 3693 4221 οὐκ

2106 4253 2222 4306 ἐστι
2257 4253 2447 4322 ψόγος,
2481 4251 2582 4304 οὐκ
2609 4252 2758 4304 ἔστιν
2779 4251 2963 4316 αἰδὼς,
2999 4254 3099 4308 οὐκ
3126 4253 3272 4307 ἔστιν
3304 4255 3560 4326 αἰσχύνη,
3593 4255 3695 4310 οὐκ

2107 4343 2214 4395 είσὶ
2245 4341 2424 4411 νόμοι,
2463 4342 2565 4394 οὐκ
2613 4342 2721 4394 εἰσὶ
2753 4341 3106 4414 δικαστήρια.
3163 4344 3334 4398 Πόθεν
3367 4341 3460 4398 οὖν
3494 4347 3521 4398 ό
3548 4344 3696 4398 δεῖνα

2107 4429 2350 4491 πλουτεῖ,
2384 4428 2558 4499 φησὶ,
2590 4429 2754 4482 πόθεν
2784 4429 2968 4500 ἕτερος
3002 4418 3263 4498 πένεται;
3299 4430 3550 4485 Μάλιστα
3595 4431 3697 4502 μὲν

2107 4518 2157 4568 εἰ
2191 4517 2286 4569 καὶ
2326 4517 2454 4579 τοὺς
2487 4515 2681 4582 λόγους
2712 4516 3041 4586 ἀγνοοῦμεν,
3103 4517 3210 4569 ἔδει
3244 4517 3430 4588 μένειν
3471 4518 3564 4570 ἐπὶ
3592 4517 3696 4586 τῆς

2108 4605 2352 4672 ἀγνοίας,
2372 4604 2508 4657 ἀλλά
2528 4606 2603 4675 μὴ
2624 4605 2710 4657 ἐτε
2721 4622 2810 4676 ρον
2821 4606 3000 4676 δόγμα
3016 4605 3249 4676 πονηρὸν
3269 4605 3694 4678 ἀναλαμϐάνειν.

2105 4692 2327 4745 Βέλτιον
2360 4691 2471 4762 γὰρ
2500 4693 2717 4758 ἀγνοεῖν
2737 4693 2937 4758 καλῶς,
2968 4694 3000 4764 ἢ
3029 4694 3228 4748 εἰδέναι
3260 4694 3446 4758 κακῶς
3468 4711 3482 4727 ο
3511 4693 3572 4748 τὸ
3595 4694 3696 4765 μὲν

2105 4780 2216 4851 γάρ
2243 4781 2343 4832 οὐκ
2364 4779 2479 4849 ἔχει
2505 4780 2865 4851 κατηγορίαν,
2887 4782 2947 4835 τὸ
2968 4782 3024 4834 δὲ
3046 4781 3420 4854 ἀπεστέρηται
3450 4782 3696 4852 συγγνώ-

2108 4885 2234 4937 μης.
2262 4867 2408 4938 Πλὴν
2429 4867 2564 4921 ἀλλά
2585 4869 2680 4922 καὶ⁹
2702 4869 2798 4922 νῦν
2826 4868 2981 4938 δῆλον
3004 4871 3134 4940 ἡμῖν
3150 4870 3340 4939 γέγονε
3364 4871 3452 4926 διὰ
3477 4873 3577 4944 τὴν
3598 4873 3693 4925 τοῦ

2103 4955 2240 5007 Θεοῦ
2263 4956 2444 5026 χάριν,
2467 4955 2632 5009 πόθεν
2654 4956 2682 5007 ό
2715 4956 2814 5026 μὲν
2844 4956 3084 5019 πλουτεῖ,
3104 4960 3132 5012 ὁ
3159 4959 3217 5012 δέ
3245 4961 3498 5027 πένεται;
3523 4961 3555 5032 ἢ
3584 4961 3694 5032 γὰρ

2107 5042 2359 5113 πατρῷον
2406 5043 2745 5114 παραλαϐὼν
2779 5044 2997 5115 κλῆρον,
3029 5046 3061 5116 ἦ
3099 5049 3338 5120 ἐμπορίᾳ
3372 5051 3465 5103 ml
3510 5068 3691 5120 καπη-

2102 5131 2222 5200 λείᾳ
2252 5133 2623 5202 χρησάμενος,
2657 5133 2690 5205 ἢ
2730 5133 2799 5186 τά
2825 5135 3027 5206 ἐτέρων
3071 5138 3328 5208 ἀρπάσας
3368 5141 3463 5193 καὶ
3493 5139 3689 5210 βιασά-

2107 5237 2284 5288 μενος,
2333 5219 2365 5290 ﬁ
2408 5219 2572 5291 γάμῳ
2621 5223 2971 5294 χρησάμενος
3003 5225 3242 5298 εύπόρῳ,
3280 5227 3312 5297 ἢ
3346 5227 3609 5299 γεωργίᾳ,
3655 5229 3687 5296 ἢ

2101 5305 2285 5379 τέχνῃ,
2332 5308 2364 5374 ἢ
2398 5308 2568 5378 ἑτέρῳ
2610 5309 2716 5361 τιν¹ι
2745 5310 2990 5383 τοιούτῳ.
3029 5314 3136 5368 Καὶ
3171 5315 3356 5367 πολλοὶ
3393 5314 3490 5368 τοῦ
3526 5316 3691 5370 πλουσ

2100 5395 2213 5444 τεῖν
2238 5394 2452 5464 τρόποι,
2487 5398 2536 5448 οἱ
2569 5396 2667 5467 μέν
2699 5398 2918 5465 δίκαιοι,
2952 5403 3000 5455 οἱ
3029 5401 3084 5454 δὲ
3113 5403 3306 5473 ἄδικοι,
3337 5401 3494 5457 Οὕτω
3514 5405 3577 5476 δὴ
3593 5407 3689 5459 ml

2097 5479 2193 5532 τοῦ
2224 5481 2518 5537 πένεσθαι·
2545 5484 2578 5556 ἧ
2609 5485 2716 5558 γὰρ
2752 5488 3133 5559 ἐπηρεασθείς,
3167 5489 3198 5561 ἢ
3231 5481 3682 5563 σῦκοφαντηθεὶς,

2100 5566 2130 5637 ἢ
2164 5568 2614 5642 πλεονεκτηθεὶς,
2654 5573 2685 5644 ἢ
2719 5576 3074 5646 καταφαγὼν,
3113 5578 3145 5648 ἦ
3179 5579 3348 5650 ἀργίᾳ
3399 5581 3600 5647 συζῶν,
3651 5584 3683 5654 ἢ

2098 5656 2272 5727 ἀνοίᾳ,
2303 5659 2333 5728 ἢ
2368 5661 2538 5732 ἑτέρῳ
2569 5665 2676 5716 τινὶ
2701 5666 2888 5737 τρόπῳ
2911 5684 2925 5697 ο
2952 5667 3136 5720 πολλοὶ
3165 5667 3274 5738 γάρ
3301 5669 3396 5723 τοῦ
3427 5670 3680 5740 γενέσθαι

2098 5743 2306 5813 πένητα
2332 5748 2542 5817 τρόποι.
2577 5750 2682 5804 Καὶ
2709 5754 2854 5816 τίνος
2879 5755 3083 5820 ἕνεκεν,
3112 5759 3299 5828 φησὶν,
3317 5761 3347 5813 ό
3371 5759 3518 5814 δεῖνα
3546 5762 3684 5830 πόρ·

2098 5847 2197 5894 νας
2233 5833 2449 5904 τρέφων
2490 5839 2584 5892 καὶ
2627 5842 2961 5912 παρασίτους
2995 5846 3088 5898 ml
3131 5846 3388 5912 κόλακας.
3442 5849 3535 5902 καὶ
3563 5853 3677 5914 τοῖς

3257 5969 3335 6027 23
