4124 6470
587 395 689 452 769

580 506 884 578 ἀλλοτρίοις
897 506 1226 576 ἐπηρεάζων
1251 505 1560 576 πράγμασι,
1578 506 1776 559 καὶτὸν
1798 505 1965 578 ὑγρὸν
1986 506 2174 559 τοῦτον

580 591 678 644 καὶ
704 589 1088 659 διαλελυμένον
1110 587 1224 658 βίον
1255 584 1387 651 ζῶν,
1418 588 1669 660 καθάπερ
1700 591 1765 641 ἐκ
1792 589 1988 658 πηγῶν
2015 590 2174 660 ἐπιρ-

580 675 775 745 ῥέοντα
801 673 1006 744 ἔχειτὰ
1035 673 1295 743 χρήματα
1316 688 1329 702 ·
1367 672 1595 745 ’Έτερος
1628 673 1904 745 ἐπιεικείᾳ
1940 673 2036 727 καὶ
2072 690 2175 726 σω-

581 757 825 829 φροσύνῃ
867 757 961 810 καὶ
991 754 1311 829 δικαιοσύνῃ
1343 757 1438 810 καὶ⁷
1470 759 1592 820 ταῖς
1625 756 1813 820 ἄλλαις
1841 756 2017 820 συζῶν
2043 758 2172 828 ἀρε-

578 843 719 904 ταῖς,
749 840 870 893 οὐδὲ
897 839 996 909 τῆς
1025 839 1331 909 ἀναγκαίας
1356 841 1583 911 εὐπορεῖ
1614 840 1859 910 τροφῆς;
1892 839 1975 893 ὅτι
2005 842 2033 893 6
2075 839 2174 909 μέν

580 925 697 977 ἐστι
751 921 918 986 καλὸς
962 923 1060 976 καὶ¹
1102 923 1195 976 τὸν
1240 922 1503 978 ἐπίπονον
1543 923 1645 990 τῆς
1682 922 1889 994 ἀρετῆς
1934 924 2173 994 αἱρεῖται

580 1007 716 1079 βίον,
748 1008 778 1060 6
805 1006 862 1059 δέ
893 1005 1065 1070 κακὸς
1088 1007 1182 1060 καὶ
1202 1007 1303 1077 τὴν
1330 1005 1691 1078 διαρῤέουσαν
1726 1006 1823 1060 καὶ
1850 1004 2173 1076 διαλελυμέ-

576 1108 676 1162 νην
720 1088 1011 1154 ἀνεδέξατο
1043 1090 1143 1159 τῆς
1188 1090 1390 1153 κακίας
1419 1089 1573 1154 ὁδόν;
1607 1088 1766 1152 Τίνος
1800 1084 1896 1143 οῦν
1927 1087 2115 1141 ἐνεκεν
2145 1089 2175 1139 6

580 1175 679 1244 μὲν
713 1173 885 1238 κακὸς
919 1173 1179 1239 πλουτεῖ,
1213 1173 1436 1227 πένεται
1485 1172 1543 1226 δέ
1572 1175 1602 1226 6
1647 1171 1883 1240 ἀγαθός;
1918 1171 2041 1226 Ἵνα
2079 1172 2175 1224 καὶ

575 1252 730 1321 οὗτος
765 1256 986 1328 μείζονα
1017 1256 1159 1330 λάϐῃ
1187 1256 1277 1310 τὸν
1308 1257 1596 1325 στέφανον,
1629 1255 1695 1309 ἂν
1723 1254 1994 1326 ὑπομείνῃ
2017 1294 2031 1317 ,
2079 1254 2174 1307 καὶ

575 1343 676 1414 τὴν
718 1341 1019 1414 καρτερίαν
1045 1342 1269 1412 ἐνέγκῃ,
1300 1342 1557 1403 κάκεῖνος
1611 1340 1784 1410 μείζω
1812 1340 1913 1410 τὴν
1948 1338 2173 1392 κόλασιν

575 1429 672 1479 καὶ
703 1425 802 1496 τὴν
832 1425 1128 1497 τιμωρίαν,
1148 1424 1222 1478 ἂν
1260 1424 1336 1496 μὴ
1377 1423 1778 1495 μεταϐάληται,
1811 1422 1906 1475 καὶ
1945 1422 2172 1492 γένηται

577 1509 822 1579 βελτίων,
865 1508 1083 1561 καὶτὸν
1126 1507 1407 1578 Δεσπότην
1449 1504 1657 1576 ἐπιγνῷ
1706 1505 1800 1558 τὸν
1849 1503 2069 1558 ἐαυτοῦ.
2106 1506 2173 1556 Δί

574 1594 687 1664 γὰρ
710 1591 924 1656 ἀνέσεις
975 1592 1031 1645 αί
1063 1590 1217 1662 παρὰ
1254 1589 1352 1643 τοῦ
1398 1588 1535 1642 Θεοῦ
1568 1588 1867 1659 διδόμεναι,
1909 1588 2173 1657 μένοντας

574 1676 782 1740 κακοὺς
819 1676 1020 1746 μᾶλλον
1062 1674 1326 1746 βαροῦσι’
1358 1675 1455 1726 καὶ
1494 1674 1528 1744 ἡ
1563 1672 1795 1742 ἀφθονία
1831 1672 1865 1743 ή
1910 1673 2042 1742 παρ’
2075 1672 2173 1724 αὑ-

573 1760 670 1814 τοῦ
699 1762 814 1822 τοῖς
846 1759 923 1829 μὴ
950 1758 1260 1830 χρωμένοις
1301 1759 1382 1820 είς
1412 1757 1535 1812 δέον
1563 1758 1702 1826 αὐτῇ
1721 1795 1737 1820 ,
1769 1752 2057 1826 προσθήκη
2088 1752 2175 1821 γί-

574 1861 728 1897 νεται
760 1841 1123 1913 κατηγορίας.
1154 1839 1342 1904 οὕτως
1373 1835 1468 1894 οὖν
1496 1841 1555 1895 αί
1598 1839 1810 1910 θλίψεις
1838 1837 1935 1892 καὶ
1965 1838 2022 1891 αί
2052 1854 2174 1890 στε-

574 1926 835 1999 νοχωρίαι
877 1924 1125 1994 ἀγαθῶν,
1165 1923 1454 1997 προσθήκη
1504 1924 1810 1993 στεφάνων,
1855 1923 1960 1977 κᾶν
1988 1937 2170 1991 παρα-

576 2010 808 2067 πέσωσι.
843 2010 1002 2065 Ἐστι
1046 2008 1247 2080 μετρία
1286 2006 1419 2076 γοῦν
1462 2024 1546 2071 τις
1595 2004 1895 2076 συγγνώμη
1920 2019 1936 2035 ο
1969 2004 2031 2058 οὐ
2060 2003 2170 2074 γὰρ

573 2094 767 2159 ἁπλῶς
786 2094 859 2148 τά
886 2095 1262 2166 ἁμαρτήματα
1293 2093 1563 2164 κρίνεται,
1590 2091 1706 2145 ἀλλ’
1730 2091 1935 2160 ἐτέρως
1965 2090 1993 2142 6
2019 2085 2169 2160 [773]

576 2178 854 2244 πλούσιος,
886 2179 1090 2250 ἑτέρως
1120 2179 1150 2232 6
1178 2177 1377 2248 πέν”ης’
1410 2177 1443 2229 6
1476 2175 1576 2247 μὲν
1624 2172 1766 2245 μετά
1801 2171 2133 2243 συγγνώμης
2155 2212 2168 2236 ,

574 2266 604 2319 6
640 2264 698 2317 δέ
725 2264 895 2334 χωρὶς
929 2258 1283 2332 συγγνώμης.
1318 2256 1468 2322 Οἷον,
1504 2258 1647 2312 ἐστω
1674 2256 1916 2327 κλέπτης
1954 2255 2049 2309 καὶ
2084 2272 2174 2324 φι-

573 2347 798 2419 λότιμος
818 2386 834 2412 ,
864 2344 1122 2409 πλούσιος
1153 2345 1248 2397 καὶ
1294 2342 1486 2413 πένης,
1513 2341 1541 2393 6
1567 2340 1667 2412 μὲν
1709 2342 1759 2393 εί
1792 2339 1888 2394 καὶ
1933 2338 2170 2411 ψυχράν,

570 2431 688 2487 ἀλλ’
720 2431 870 2502 ὅμως
907 2429 1021 2500 ἔχει
1050 2428 1172 2483 τινὰ
1199 2426 1550 2497 καταφυγὴν,
1579 2426 1681 2495 τὴν
1711 2422 1822 2477 ἀπὸ
1849 2422 1949 2494 τῆς
1980 2423 2175 2486 πενίας

573 2515 845 2584 ἀνάγκην,
880 2515 908 2567 6
933 2512 993 2566 δέ
1026 2511 1150 2566 οὑδέ
1183 2512 1312 2582 μίαν
1356 2509 1717 2576 εὐπρόσωπον
1742 2506 1778 2577 ἦ
1805 2504 2037 2574 εὔλογον,
2061 2505 2176 2577 ἔχει

574 2598 898 2668 καταφυγήν
923 2612 936 2626 ·
970 2595 1114 2650 ὥστε
1142 2597 1267 2650 ὅσον
1292 2593 1609 2648 ἐλαττοῦται
1637 2595 1665 2646 ὁ
1696 2591 1867 2661 πένης
1909 2591 2053 2644 κατά
2079 2591 2171 2643 τὸν

574 2683 821 2755 παρόντα
872 2680 1008 2752 βίον,
1059 2679 1319 2734 τοσοῦτον
1352 2678 1669 2732 πλεονεκτεῖ
1726 2676 1868 2730 κατά
1899 2674 1993 2728 τὸν
2042 2673 2175 2745 μέλ-

1263 393 1320 447 S.
1362 391 1647 449 106Nle
1683 391 2173 449 CHRYSOSTOM]
2214 390 2540 448 ARCIIIEP.
2577 388 3134 446 CONSTANTINOP.

2275 507 2437 560 λοντα
2464 508 2523 558 ἐν
2554 502 2967 576 κατορθώμασι,
3020 502 3116 555 καὶ
3147 503 3176 559 6
3222 500 3475 564 πλούσιος
3516 502 3574 553 ἐν
3609 503 3831 575 ἁμαρτή-
3927 528 3936 541 ~

3741 391 3833 447 710

2280 611 2436 668 μασι.
2491 596 2583 668 Μὴ
2629 595 2808 649 τοίνυν
2861 593 3090 665 νομίσῃς
3141 591 3443 646 ἀδικεῖσθαι
3494 591 3586 646 τδν
3627 593 3828 665 πένητα,

2278 679 2415 751 μηδὲ
2440 678 2603 732 πλέον
2625 677 2769 749 ἔχειν
2796 676 2888 732 τὸν
2922 675 3201 730 πλούσιον.
3227 675 3493 745 Καθάπερ
3514 676 3613 729 καὶ
3637 675 3833 729 ἐπὶτῶν

2275 761 2485 826 κακῶν,
2535 763 2761 831 ὅσοιπερ
2807 761 2875 814 ἂν
2924 758 3160 814 ἐνταῦθα
3198 757 3330 810 δῶσι
3369 757 3547 827 δίκην,
3579 756 3611 829 ἢ
3644 756 3699 810 τὺ
3742 760 3831 814 πᾶν

2275 844 2632 914 ἀπενίψαντο,
2667 844 2700 914 ἢ
2734 844 2996 897 ἐλάττονα
3024 841 3264 895 διδόασιν
3310 843 3424 894 ἐκεῖ
3464 841 3745 912 τιμωρίαν,
3771 842 3833 905 ὡς

2261 928 2512 984 ἐνταῦθα
2562 927 2815 999 μεγάλων
2861 924 3246 979 κακοπαθειῶν
3291 924 3445 996 δίκην
3494 925 3832 987 ὑποστάντεςθ

2272 1009 2419 1064 οὕτω
2445 1011 2540 1064 καὶ
2570 1011 2664 1063 ἐπὶ
2691 1009 2799 1063 τῶν
2824 1006 3066 1077 ἀγαθῶν,
3098 1010 3149 1060 οί
3179 1008 3278 1078 μὲν
3304 1007 3540 1062 ἐνταῦθα
3563 1008 3835 1061 ἀπολαύον-

2273 1112 2367 1159 τες
2399 1094 2585 1165 τιμῆς,
2622 1093 2718 1147 καὶ
2760 1092 3012 1162 μένοντες
3045 1089 3296 1161 πονηροὶ,
3343 1091 3553 1159 ἐφόδιον
3594 1091 3836 1155 κολάσεως

2275 1178 2459 1249 ἔχουσι
2481 1178 2585 1249 τὴν
2609 1178 2799 1248 τιμήν.
2851 1175 2995 1244 Ὅρα
3019 1174 3071 1243 γ’
3096 1168 3192 1227 οὖν
3215 1174 3245 1225 6
3273 1172 3406 1236 Θεὸς
3436 1175 3558 1238 πῶς
3589 1175 3833 1242 πανταχοῦ

2272 1264 2388 1325 τοῖς
2408 1263 2598 1324 κακοῖς
2617 1259 2720 1323 τὰς
2746 1257 2981 1313 ἐνταῦθα
3004 1255 3250 1321 ὀνειδίζει
3274 1258 3441 1327 τιμάς
3459 1274 3475 1288 ·
3511 1257 3736 1311 Ἔδωκὰ
3753 1274 3834 1310 σοι

2275 1345 2474 1399 πάντα
2501 1345 2577 1399 τὰ
2608 1343 2716 1398 τοῦ
2749 1342 2971 1411 Κυρίου
2990 1355 3139 1395 σου·
3173 1342 3268 1394 καὶ
3306 1342 3467 1396 πάλιν
3488 1345 3600 1405 τοῖς
3627 1340 3833 1412 ἱερεῦσιν

2272 1427 2369 1480 ἐπὶ
2391 1427 2491 1481 τοῦ
2533 1426 2651 1481 Ἦλὶ
2678 1427 2782 1497 τὴν
2805 1426 2973 1497 τιμήν
2994 1441 3007 1455 ·
3040 1425 3138 1478 καὶ
3168 1424 3427 1496 ἀλλαχοῦ,
3464 1424 3696 1479 Ἔδωκα
3714 1424 3835 1493 ὑμῖν

2272 1512 2344 1565 ἐκ
2367 1510 2486 1565 τῶν
2501 1510 2843 1565 νεανίσκων
2861 1508 3032 1579 ὑμῶν
3058 1511 3148 1574 είς
3167 1508 3501 1577 προφήτας,
3530 1508 3626 1562 καὶ
3654 1507 3718 1561 ἐκ
3735 1506 3834 1560 τῶν

2273 1592 2420 1649 υἱῶν
2440 1591 2615 1663 ὑμῶν
2644 1594 2734 1660 εις
2769 1592 3103 1661 ἁγιασμόνο
3146 1592 3243 1645 καὶ
3279 1592 3350 1645 τὰ
3390 1593 3486 1645 ἐπὶ
3525 1591 3625 1661 τῆς
3650 1588 3833 1661 ἐρήμου

2275 1675 2553 1746 πανταχοῦ
2603 1674 2984 1747 προστίθησιν.
3039 1675 3204 1727 Ὥστε
3247 1674 3374 1728 ὅταν
3409 1675 3526 1746 ἴδῃς
3568 1672 3657 1725 τὸν
3697 1676 3834 1726 πλου-

2278 1758 2478 1814 τοῦντα
2519 1757 2833 1823 ἀδικοῦντα,
2879 1758 3307 1812 πλεονεκτοῦντα
3324 1796 3342 1821 ,
3381 1756 3695 1829 ἁρπάζοντα
3711 1796 3726 1821 ,
3760 1755 3833 1808 διὰ

2277 1841 2441 1896 τοῦτο
2487 1841 2724 1912 μάλιστα
2767 1840 2932 1895 αὑτὸν
2962 1838 3241 1904 στέναξον,
3273 1840 3463 1911 ἐπειδὴ
3500 1839 3741 1901 πλούσιος
3770 1837 3831 1889 ὣν

2278 1924 2452 1979 ταῦτα
2496 1926 2672 1978 ποιεῖ·
2722 1923 2947 1994 μείζονα
2994 1924 3104 1995 γάρ
3143 1923 3326 1977 δίδωσι
3368 1921 3656 1993 τιμωρίαν.
3690 1921 3832 1973 Ὅταν

2281 2008 2398 2082 ἴδῃς
2446 2008 2659 2079 πένητα
2710 2005 2911 2076 πολλὴν
2952 2005 3048 2060 τοῦ
3100 2007 3309 2061 δικαίου
3361 2005 3680 2075 ποιούμενον
3718 2001 3831 2074 πρό·

2278 2107 2447 2155 νοιαν,
2475 2089 2566 2144 διά
2595 2089 2755 2143 τοῦτο
2791 2089 3030 2161 μάλιστα
3066 2090 3232 2143 αὑτὸν
3270 2088 3575 2160 θαύμασον,
3614 2089 3691 2141 ὅτι
3721 2084 3834 2157 μετά

2279 2172 2473 2237 πενίας
2509 2172 2753 2236 τοιοῦτός
2780 2173 2949 2226 ἐστιν.
2989 2172 3087 2225 “Av
3114 2168 3343 2246 ταῦταῇ
3373 2171 3528 2243 παρά
3554 2170 3637 2223 σοὶ
3655 2169 3834 2239 διηκρι-

2280 2256 2504 2327 ϐωμένα
2525 2296 2541 2320 ,
2583 2256 2842 2309 οὐδέποτε
2888 2255 2983 2309 ἐπὶ
3028 2258 3140 2320 τοῖς
3185 2256 3502 2327 γενομένοις
3554 2252 3835 2327 ταραχθήσῃ

2281 2342 2627 2411 πράγμασιν,
2661 2338 2728 2393 ἀν
2756 2339 2895 2411 πρὸς
2927 2338 2997 2392 τά
3027 2338 3293 2409 μέλλοντα
3321 2339 3549 2412 βλέπῃς,
3594 2340 3657 2392 ἂν
3696 2335 3834 2407 μηδὲν

2281 2420 2421 2478 εἶναι
2450 2421 2680 2495 νομίσῃς
2705 2421 2776 2476 τὰ
2805 2420 3071 2493 παρόντα,
3100 2420 3166 2475 ἂν
3192 2424 3376 2476 ἐκεῖνα
3409 2423 3638 2494 ἐλπίσῃς
3659 2418 3756 2479 ἀεὶ,
3782 2416 3834 2468 ἂν

2282 2506 2488 2560 τούτων
2519 2505 2713 2559 σαυτὸν
2741 2505 3080 2578 ἀποστήσῃς.
3134 2504 3350 2558 Γένοιτο
3377 2504 3440 2559 δέ
3481 2505 3692 2559 πάντων
3713 2501 3833 2573 ἡμᾶς

2277 2590 2387 2644 τῶν
2413 2589 2637 2659 ἀγαθῶν
2664 2590 2964 2661 ἐπιτυχεῖν,
2995 2589 3180 2661 χάριτι
3205 2587 3470 2660 Χριστοῦ.
3512 2588 3701 2658 Ἀμήν.

1699 2895 1961 2980 ΠΕΡΙ
2026 2891 2778 2981 ΕΙΜΑΡΜΕΝΗΣ.

1826 3040 1905 3093 Ἦ
1926 3038 2077 3094 κατὰ
2110 3038 2598 3110 γαστριμαργίας.

1231 3233 1424 3302 Λόγος
1455 3234 1529 3299 ς’.

632 3328 922 3397 Φάγωμεν
973 3330 1073 3387 καί
1093 3330 1344 3400 πίωμεν,
1386 3330 1601 3400 αὔριον
1638 3332 1749 3402 γὰρ
1780 3335 2173 3404 ἀποθνήσκο-

569 3437 704 3494 μεν,
734 3420 828 3474 ἐπὶ
855 3416 967 3471 τῶν
998 3414 1297 3488 προφητῶν
1325 3411 1467 3488 ἦσαν
1501 3416 1685 3470 πολλοὶ
1712 3419 1864 3490 παρά
1896 3419 2174 3486 Ἰουδαίοις

573 3505 848 3572 λέγοντες.
893 3499 1055 3554 Ἀλλά
1081 3497 1143 3552 τὸ
1176 3498 1276 3570 μέν
1312 3498 1599 3565 Ἰουδαίους
1625 3499 1799 3554 ταῦτα
1832 3500 2032 3571 λέγειν,
2062 3497 2175 3559 Ὧν

575 3593 608 3642 ό
633 3587 771 3653 θεὸς
794 3587 832 3653 ἡ
854 3584 1074 3646 κοιλία,
1101 3582 1198 3636 καὶ
1220 3583 1258 3651 ἡ
1286 3581 1439 3647 δόξα
1459 3583 1529 3637 ἐν
1559 3582 1635 3653 τῇ
1657 3584 1924 3655 αἰσχύνῃ
1950 3585 2173 3652 αὐτῶν,

571 3670 890 3743 θαυμαστὸν
915 3666 1088 3723 οὐδέν’
1109 3666 1169 3719 τὸ
1202 3667 1261 3720 δὲ
1287 3665 1428 3736 μετά
1457 3665 1557 3737 τὴν
1584 3666 1770 3739 χάριν,
1801 3669 1897 3722 καὶ¹
1935 3670 2035 3742 τὴν
2065 3670 2174 3724 τῶν

570 3755 861 3826 παρόντων
906 3749 1213 3823 ὑπεροψίαν
1242 3748 1610 3821 πραγμάτων,
1642 3752 1738 3804 καὶ
1773 3751 1873 3823 τὴν
1904 3752 2175 3826 τοσαύτην

571 3836 890 3908 τελειότητα
933 3835 1027 3888 καὶ
1075 3832 1387 3905 ἀκρίϐειαν,
1420 3828 1562 3886 εἶναί
1593 3852 1746 3900 τινας
1789 3836 1870 3889 ἐτι
1918 3837 2013 3891 καὶ
2053 3836 2172 3901 νῦν,

573 3923 624 3973 εί
654 3920 750 3974 καὶ
782 3918 859 3990 μὴ
906 3919 1022 3981 τοῖς
1059 3917 1269 3988 ῥήμασι
1312 3914 1600 3983 λέγοντας,
1642 3917 1733 3973 διά
1758 3918 1817 3973 δὲ
1851 3918 1961 3973 τῶν
1994 3920 2176 3992 ἐργων

571 4004 636 4058 τὸ
681 4003 814 4058 αὐτὸ
856 4000 1015 4056 τοῦτο
1059 4000 1318 4072 βοῶντας,
1372 4001 1548 4072 πόσης
1592 4003 1660 4057 ἂν
1707 4004 1796 4073 εἴη
1841 4005 2178 4077 κατηγορίας

573 4088 758 4155 ἄξιονς
805 4085 917 4141 Καὶ
954 4084 1065 4156 γάρ
1095 4085 1256 4149 εἰσιν,
1288 4086 1431 4138 εἰσὶν
1459 4085 1652 4150 ὅντως,
1681 4087 1731 4140 οί
1769 4086 1859 4140 διὰ
1897 4087 2058 4142 τοῦτο
2086 4105 2177 4143 νο-

577 4170 829 4242 μίζοντες
868 4171 950 4233 είς
988 4167 1140 4221 τόνδε
1186 4167 1469 4239 παρῆχθαι
1502 4169 1598 4223 τὸν
1632 4168 1777 4241 βίον,
1830 4171 1920 4224 ἵνα
1966 4174 2178 4245 τρυφή-

575 4272 790 4320 σαντες,
822 4254 918 4308 καὶ
939 4252 1040 4324 τὴν
1071 4251 1316 4323 γαστέρα
1345 4253 1762 4326 διαρρήξαντες,
1796 4254 1893 4308 καὶ
1925 4255 1988 4309 τὺ
2014 4256 2178 4327 σῶμα

572 4339 891 4417 πιάναντες,
932 4336 1106 4401 οὕτως
1144 4337 1447 4404 ἀπέλθωσι,
1477 4336 1875 4411 δαψιλεστέραν
1912 4339 1992 4411 τῷ
2035 4339 2179 4394 σκώ-

539 4472 546 4478 .
572 4422 703 4492 ληκι
731 4420 1250 4494 παρασκευάζοντες
1281 4417 1566 4492 τράπεζαν
1593 4420 1692 4493 τὴν
1718 4421 1778 4487 ἐξ
1802 4422 2021 4478 οἰκείων
2043 4440 2178 4495 σαρ-

573 4507 710 4561 κῶν.
746 4507 858 4560 Kal
887 4504 1003 4561 εῐθε
1034 4502 1197 4558 τοῦτο
1237 4504 1399 4576 μόνον
1430 4500 1501 4576 ἦν
1529 4505 1593 4558 τὸ
1628 4505 1822 4569 δεινὸν,
1862 4508 1947 4561 ὅτι
1994 4508 2175 4579 μάτην

573 4591 669 4644 καὶ
716 4590 841 4661 εἰκῇ
876 4588 974 4643 καὶ
1017 4590 1098 4652 εἰς
1125 4587 1279 4642 οὐδὲν
1308 4587 1429 4641 δέον
1451 4588 1523 4642 τά
1548 4588 1797 4661 παρόντα
1836 4589 2133 4661 ἀνήλισκον
2162 4607 2174 4620 ’

575 4674 755 4727 καίτοι
789 4674 884 4729 καὶ
910 4672 1073 4728 τοῦτο
1113 4673 1286 4744 χωρὶς
1318 4672 1683 4744 ἐγκλημάτων
1716 4672 1818 4727 οὐκ
1850 4672 2020 4737 ἔστιν,
2055 4673 2178 4728 οὐδὲ

579 4758 935 4829 κατηγορίας.
991 4758 1162 4813 Ὅταν
1204 4758 1314 4829 γὰρ
1361 4757 1432 4812 τὰ
1485 4757 1625 4828 πρὸς
1670 4758 1883 4831 τροφὴν
1921 4756 2178 4829 σώματος

577 4842 732 4914 παρά
760 4842 854 4899 τοῦ
889 4842 1025 4896 Θεοῦ
1065 4842 1291 4898 δοθέντα
1331 4844 1465 4914 ἡμῖν
1490 4842 1773 4914 χρήματα,
1813 4842 1908 4896 καὶ
1939 4843 2021 4907 εἰς
2063 4845 2179 4897 ἐπι-

577 4925 809 4998 κουρίαν
845 4926 956 4980 τῶν
981 4925 1275 4996 δεομένων,
1313 4927 1394 4990 είς
1422 4923 1721 4979 ἀκολασίαν
1756 4918 1852 4978 καὶ
1894 4924 2052 4997 ὓϐριν
2083 4926 2178 4979 καὶ

578 5008 734 5083 [776]
780 5008 881 5081 τὴν
927 5010 1166 5081 ἐσχάτην
1221 5010 1496 5082 ῥᾳθυμίαν
1541 5009 2039 5080 καταναλώσωμεν,
2075 5011 2176 5064 οὐκ

577 5094 872 5157 ἀνεύθυνος
900 5094 1034 5165 ἡμῖν
1063 5094 1221 5148 ἐσται
1246 5097 1280 5167 ἡ
1321 5094 1560 5166 κακίστη
1592 5093 1736 5165 αὕτη
1771 5092 2007 5164 δαπάνη,
2038 5093 2178 5148 ἀλλά

578 5179 800 5247 πάντως
828 5175 1079 5248 δώσομεν
1117 5177 1297 5245 λόγον,
1339 5179 1438 5234 καὶ
1471 5179 1533 5234 τὸ
1571 5178 1703 5246 περὶ
1731 5177 1843 5232 τῶν
1887 5178 2048 5232 πέντε
2075 5196 2208 5237 τα-,

575 5262 809 5363 λάντων,
845 5261 946 5363 καὶ
973 5260 1228 5363 δύο,“καὶ
1270 5262 1403 5363 ἐνὸςΙ
1433 5264 1554 5363 tam
1566 5263 1745 5363 μένον,
1789 5263 1885 5317 καὶ
1913 5261 2006 5315 ἐπὶ
2034 5279 2176 5333 χρη-

581 5347 790 5417 μάτων,
822 5348 916 5401 καὶ
941 5344 1051 5400 τῶν
1080 5344 1258 5400 ἀλλων
1296 5344 1553 5399 ἁπάντων
1584 5346 1734 5398 ἐστὶν
1761 5347 1957 5399 εἰπεῖν.
1991 5346 2176 5417 Ὅπερ

578 5426 672 5485 οὖν
699 5431 908 5501 ἔλεγον,
938 5430 1021 5484 ὅτι
1057 5428 1294 5501 μάλιστα
1332 5429 1454 5501 μὲν,
1486 5430 1536 5481 εἰ
1566 5430 1661 5483 καὶ
1697 5430 1819 5500 εἰκῇ
1863 5427 1960 5481 καὶ
1996 5428 2175 5500 μάτην

582 5515 1062 5584 παραγεγόναμεν,
1116 5513 1238 5567 οὐδὲ
1287 5512 1462 5575 οὕτως
1511 5511 1805 5575 ἀνεύθυνος
1849 5514 1983 5583 ἡμῖν
2032 5508 2100 5585 ἦν
2140 5515 2175 5583 ή

578 5596 802 5667 τοιαύτη
829 5597 1060 5666 πρᾶξις
1095 5597 1193 5651 νῦν
1228 5596 1285 5651 δέ
1315 5598 1486 5671 χωρὶς
1517 5595 1708 5649 τούτου
1739 5595 1834 5647 καὶ
1863 5595 2026 5668 ἐτέρα
2055 5595 2169 5649 κείν

582 5696 733 5733 σεται
756 5680 901 5751 δίκη.
931 5681 1035 5733 Τὸν
1063 5681 1174 5751 γὰρ
1205 5684 1384 5753 τρυφῇ
1424 5679 1694 5745 συζῶντα.
1734 5678 1830 5731 καὶ
1863 5678 2177 5747 μελετῶντα

584 5762 773 5833 μέθην,
801 5765 897 5816 καὶ
930 5765 1268 5835 παρασίτους
1296 5764 1563 5836 τρέφοντα
1591 5763 1686 5815 καὶ⁵
1713 5759 1975 5826 κόλακας,
2002 5779 2171 5832 κρεω-

583 5846 755 5915 φαγία
794 5863 856 5898 τε
904 5848 996 5900 καὶ
1030 5848 1310 5919 οἰνοποσίᾳ
1341 5845 1847 5919 διαρρηγνύμενον,
1901 5843 2164 5907 πολλάκις

2280 3243 2376 3297 καὶ
2434 3241 2635 3296 ἄκοντα
2683 3239 2777 3294 καὶ⁵
2825 3237 3022 3292 ἑκόντα
3080 3233 3296 3304 ἀνάγκη
3344 3232 3679 3304 ἁμαρτάνειν
3700 3268 3715 3296 ,
3756 3228 3832 3283 καὶ

2277 3325 2433 3397 παρὰ
2456 3324 2546 3378 τὸν
2572 3323 2667 3378 τοῦ
2695 3321 2963 3393 παρόντος
2989 3318 3156 3371 τόπου
3189 3315 3381 3388 καιρὸν
3404 3328 3457 3381 ι,
3485 3317 3579 3369 καὶ
3604 3315 3730 3386 μετὰ
3752 3312 3833 3397 τήν

2276 3396 2488 3462 ἐκεῖθεν
2518 3407 2887 3478 ἀναχώρησιν.
2921 3402 3191 3474 Καθάπερ
3218 3399 3326 3471 γὰρ
3348 3399 3536 3455 πλοῖον
3562 3401 3733 3472 μεῖζον
3753 3396 3833 3462 τῆς

2275 3493 2484 3556 οἰκείας
2512 3490 2858 3563 συμμετρίας
2900 3489 2963 3542 τὸ
3008 3486 3213 3557 πλῆθος
3236 3484 3346 3538 τῶν
3378 3486 3677 3555 ἀγωγίμων
3705 3482 3834 3563 δεξᾴ·

2280 3594 2462 3648 μενον,
2498 3562 2595 3647 τῷν
2615 3574 2839 3647 μεγέθει
2867 3570 2961 3626 τοῦ
2990 3573 3189 3641 φόρτου
3236 3569 3604 3641 βαρυνόμενον
3632 3562 3834 3636 ὑποδρύ,

2278 3677 2393 3730 χιον
2438 3659 2674 3727 γίνεται,
2724 3656 2868 3710 οὓτω
2903 3656 2998 3709 καὶ
3035 3657 3070 3725 ἡ
3118 3654 3289 3725 ψυχὴ,
3327 3653 3427 3707 καὶ
3477 3651 3573 3707 τοῦ
3616 3648 3832 3721 σώματος

2278 3742 2436 3814 ήμῶν
2471 3745 2505 3812 ή
2552 3741 2737 3813 φύσις,
2770 3740 2997 3794 πλείονα
3035 3742 3136 3811 τῆς
3167 3738 3376 3803 οἰκείας
3402 3737 3681 3809 δυνάμεως
3707 3733 3832 3796 δεξα-

2281 3828 2418 3901 μένη
2467 3828 2537 3882 τά
2590 3828 2759 3891 σιτία,
2807 3824 3147 3897 ὑπέραντλος
3183 3824 3427 3893 γίνεται,
3466 3824 3562 3877 καὶ
3602 3821 3661 3874 τὸ
3697 3818 3833 3901 βάρος

2277 3900 2339 3966 οὑ
2369 3913 2639 3980 στέγουσα
2665 3909 2773 3964 τῶν
2801 3908 3226 3983 ἐπιϐληθέντων,
3257 3907 3340 3970 είς
3365 3906 3431 3959 τὸ
3463 3908 3567 3977 τῆς
3595 3900 3832 3959 ἀπωλείας

2276 3995 2734 4060 καταποντίζεται
2776 3993 3035 4062 πέλαγος,
3079 3990 3175 4045 καὶ
3221 3990 3590 4062 κυϐερνήτην,
3623 3988 3707 4043 καὶ
3728 3983 3834 4039 ναύο

2276 4097 2378 4144 τας
2399 4080 2497 4134 καὶ
2521 4077 2751 4151 πρωρέα
2779 4077 2875 4131 καὶ
2903 4074 3191 4142 ἐπιϐάτας,
3227 4075 3323 4127 καὶ
3351 4074 3519 4128 αὐτὸν
3545 4074 3635 4127 τὸν
3667 4070 3833 4151 φόρτον

2281 4163 2421 4235 μετά
2462 4149 2682 4216 πάντων
2724 4158 3153 4232 προσαπολλύει.
3197 4157 3472 4230 Καθάπερ
3496 4154 3590 4212 οὖν
3627 4155 3715 4210 ἐπὶ
3745 4149 3834 4235 τῷν

2277 4246 2423 4301 οὕτω
2450 4245 2813 4317 διακειμένων
2839 4243 3061 4307 πλοίων,
3092 4242 3154 4296 οὐ
3196 4241 3406 4313 γαλήνη
3438 4242 3725 4308 θαλάσσης,
3754 4234 3836 4288 οὐκ

2278 4332 2558 4403 ἐπιστήμη
2589 4328 2951 4401 κυϐερνήτου,
2987 4327 3049 4381 οὐ
3083 4327 3300 4382 ναυτῶν
3341 4326 3569 4398 πλῆθος,
3609 4325 3667 4378 οὑ
3694 4334 3835 4403 κατα·

2281 4401 2485 4484 σκευῆς
2526 4401 2908 4485 ἐπιτηδειότης
2928 4452 2943 4473 ,
2989 4412 3089 4482 οὐχ
3117 4409 3238 4480 ὥρα
3269 4410 3423 4475 ἐτους
3454 4409 3721 4480 εὔκαιρος,
3753 4401 3834 4456 οὐκ

2278 4498 2409 4551 ἀλλο
2461 4497 2615 4551 οὐδὲν
2662 4497 2763 4568 τὴν
2810 4496 2953 4550 οῦτω
3002 4493 3413 4567 χειμαζομένην
3445 4494 3650 4566 ὀνίνησι
3689 4487 3830 4544 ναῦν’

2276 4579 2421 4635 οὕτω
2454 4581 2519 4650 δὴ
2562 4581 2659 4634 καὶ
2689 4579 2784 4634 ἐπὶ
2809 4579 2920 4634 τῶν
2940 4578 3282 4650 τρυφώντων
3325 4577 3539 4647 γίνεται
3561 4594 3575 4609 ’
3626 4575 3685 4629 οὐ
3707 4579 3834 4639 λογι-

2280 4663 2434 4733 σμῶν
2465 4662 2690 4735 πλῆθος,
2720 4662 2782 4715 οὐ
2806 4660 3127 4717 διδασκαλία
3161 4660 3257 4714 καὶ
3284 4660 3626 4731 παραίνεσις,
3649 4658 3708 4710 οὐ
3730 4670 3834 4708 νου-

2278 4746 2457 4801 θεσίαι
2484 4746 2577 4801 καὶ
2605 4746 2953 4817 συμϐουλίαι,
2985 4746 3088 4799 οὐκ
3118 4744 3246 4799 ἀλλο
3268 4744 3438 4809 οὐδὲν,
3470 4746 3531 4798 ού
3565 4744 3719 4814 φόρος
3744 4736 3835 4791 τῶν

2280 4829 2610 4902 μελλόντων,
2645 4830 2746 4883 οὐκ
2776 4828 2961 4896 αἰδὼς,
2991 4830 3054 4881 ού
3091 4829 3397 4900 κατηγορία
3425 4828 3534 4882 τῶν
3564 4827 3831 4898 παρόντων,

2277 4914 2379 4967 οὑκ
2409 4913 2540 4967 ἀλλο
2586 4912 2739 4967 οὐδὲν
2770 4912 3033 4966 διασῶσαι
3061 4910 3282 4964 δύναται
3317 4912 3416 4983 τὴν
3441 4910 3583 4966 οὕτω
3605 4905 3834 4982 χειμαζο-

2280 4997 2452 5068 μένην
2479 4997 2688 5068 ψυχήν
2723 4996 2840 5051 ἀλλ’
2859 4998 3149 5067 ἐπικρατεῖ
3175 4996 3393 5051 πάντων
3427 4997 3459 5068 ή
3487 4993 3730 5066 ἀμετρία,
3756 4985 3832 5041 καὶ

2277 5079 2482 5134 ἄκοντα
2505 5080 2602 5133 καὶ
2631 5079 2826 5132 ἑκόντα
2855 5077 3043 5133 λοιπὸν
3069 5078 3399 5149 ὑποϐρύχιον
3430 5080 3520 5133 τὸν
3546 5078 3612 5130 τὰ
3638 5072 3833 5127 τοιαῦτα

2278 5162 2540 5218 νοσοῦντα
2591 5162 2977 5232 καταφέρουσα
3001 5202 3017 5222 ,
3064 5163 3159 5216 καὶ
3208 5161 3469 5230 ναυάγιον
3519 5154 3828 5231 ἐργαζομένη

2278 5245 2536 5316 χαλεπὸν,
2567 5246 2688 5300 ὅθεν
2718 5244 2839 5298 οὑδὲ
2868 5246 3183 5314 ἀνενεγκεῖν
3213 5246 3414 5317 ῥᾴδιον.
3449 5245 3558 5298 Καὶ
3584 5241 3697 5296 οὐδὲ
3715 5236 3833 5309 πρὸς

2277 5330 2346 5382 τά
2373 5328 2638 5400 μέλλοντα
2664 5328 2760 5382 καὶ
2789 5329 2885 5392 τὰς
2911 5328 3144 5391 εὐθύνας
3163 5328 3263 5390 τάς
3287 5331 3420 5392 ἐκεῖ,
3448 5326 3579 5381 ἀλλά
3608 5324 3696 5379 καὶ
3715 5319 3831 5391 πρὸς

2277 5412 2377 5484 τὴν
2401 5411 2684 5484 παροῦσαν
2719 5413 2865 5484 ζωὴν
2892 5414 2923 5465 ὁ
2945 5412 3188 5476 τοιοῦτος
3215 5413 3487 5485 ἄχρηστος
3512 5412 3726 5479 γίνεται.
3751 5402 3831 5456 καὶ

2279 5495 2414 5567 πρὸς
2444 5497 2595 5551 οὐδὲν
2623 5497 2945 5567 ἐπιτήδειος,
2971 5496 3109 5552 ἀλλά
3133 5498 3409 5568 πανταχοῦ
3438 5492 3825 5563 καταγέλαστοςο

2278 5578 2335 5633 ἐν
2368 5597 2427 5633 τε
2470 5580 2799 5648 πολιτικοῖς,
2850 5580 2906 5635 ἐν
2948 5598 3009 5635 τε
3043 5582 3332 5645 ἰδιωτικοῖς
3381 5581 3689 5653 πράγμασι·
3739 5569 3828 5624 κάν

2276 5664 2387 5717 δέοι
2433 5682 2485 5719 τι
2532 5664 2843 5736 πραχθῆναι
2890 5664 3002 5717 τῶν
3042 5663 3498 5732 κατεπειγόντων,
3539 5660 3689 5736 οὐδὲν¹
3711 5669 3824 5725 προ·
3917 5690 3921 5694 >

2277 5749 2546 5819 νοητικὸν,
2573 5730 2727 5802 οὐδέν
2742 5730 3098 5818 ὀἰκονομικὸν
3112 5748 3268 5819 έχων
3287 5730 3660 5821 εὑρεθήσεται,
3680 5730 3823 5793 πᾶσιν

2337 5852 2362 5880 ⁸
2386 5850 2522 5905 Oolb.
2545 5852 2627 5900 καὶ
2657 5853 2787 5914 παρά
2808 5853 2889 5900 τὸν
2908 5850 2996 5909 τοῦ
3017 5853 3167 5903 πότου
3189 5853 3372 5913 καιρόν.
