4124 6444
337 475 444 530 169

340 591 724 641 nocnmentum
753 586 927 650 affert,
951 586 1040 657 qui
1069 583 1307 656 frigidam
1337 583 1475 638 hanc
1499 593 1551 637 et
1581 583 1812 637 solutam
1840 581 1939 635 du-

340 681 416 736 cit
444 679 606 734 vitam
628 721 643 744 ,
683 678 895 733 divitias
947 677 1108 732 habet
1147 693 1246 732 ceu
1273 693 1338 731 ex
1364 675 1599 730 fontibus
1625 674 1940 739 afﬂuentes;

340 773 484 824 alius
531 780 708 824 autem
761 771 1099 841 :equitatem,
1149 769 1594 838 temperantiam,
1647 768 1940 837 justitiam,

339 870 678 925 ca‘terasque
715 862 897 916 colens
920 863 1178 926 virtutes,
1227 877 1292 915 ne
1320 861 1535 931 quidem
1582 861 1940 916 necessarium

339 957 538 1010 victum
561 953 758 1009 habet?
775 955 914 1024 quod
936 956 1020 1007 hic
1036 955 1206 1009 bonus
1228 955 1294 1007 sit
1315 967 1368 1008 et
1395 954 1710 1008 laboriosam
1730 953 1942 1008 virtu'is

339 1047 565 1116 elegerit
595 1047 732 1098 viam
763 1088 776 1108 ,
808 1046 893 1099 hic
920 1059 1098 1099 autem
1135 1046 1444 1113 improbus,
1498 1060 1561 1097 ac
1608 1045 1939 1098 diffluentem

259 1135 264 1138 ’
336 1138 768 1206 dissolutamque
822 1138 1072 1207 nequitia:
1115 1139 1255 1190 viam
1302 1137 1596 1207 susceperit
1625 1137 1782 1190 ?Cur
1810 1153 1938 1205 ergo

336 1227 619 1296 improbus
643 1229 732 1282 ille
753 1229 986 1292 ditescit,
1010 1228 1098 1283 hic
1123 1244 1254 1282 vero
1279 1229 1477 1297 probus
1505 1243 1706 1296 pauper
1728 1227 1848 1283 est?
1873 1226 1942 1281 Ut

335 1327 391 1371 ct
418 1319 506 1372 hic
534 1319 791 1387 majorem
821 1319 1046 1387 accipiat
1066 1333 1320 1373 coronam
1345 1361 1360 1385 ,
1390 1320 1435 1373 si
1467 1320 1565 1372 ista
1593 1320 1858 1388 perferat,
1885 1328 1940 1372 et

336 1416 594 1483 patientia
629 1425 838 1474 utatur;
896 1415 985 1468 ille
1023 1429 1152 1468 vero
1198 1415 1374 1482 majus
1421 1414 1736 1482 supplicium
1780 1424 1940 1482 atque

335 1519 583 1572 paenam,
613 1505 713 1557 nisi
748 1505 908 1556 vitam
935 1505 1255 1570 mutaverit,
1277 1505 1377 1557 nisi
1407 1505 1597 1558 melior
1625 1503 1801 1557 fuerit.
1836 1506 1936 1557 nisi

338 1596 625 1649 Dominum
671 1610 825 1649 suum
867 1595 1160 1664 agnoverit.
1220 1594 1413 1648 Dilatio
1442 1596 1585 1648 enim
1623 1610 1653 1648 a
1687 1595 1795 1648 Deo
1815 1595 1937 1648 data

337 1702 434 1741 eos
455 1688 548 1756 qui
579 1688 630 1740 in
667 1687 898 1756 nequitia
947 1696 1199 1753 manent,
1247 1686 1414 1756 magis
1448 1685 1726 1756 deprimit,
1779 1693 1937 1753 atque

331 1795 514 1833 rerum
559 1780 746 1850 copia,
782 1779 844 1833 iis
870 1778 992 1832 data
1018 1819 1032 1843 ,
1062 1779 1150 1846 qui
1183 1778 1270 1830 illa
1305 1788 1361 1830 ut
1393 1793 1485 1846 par
1529 1788 1612 1830 est
1643 1793 1744 1830 non
1777 1788 1934 1829 utun-

331 1880 444 1938 tur,
466 1870 707 1924 accessio
727 1869 896 1938 culpa:
926 1869 1175 1922 efficitur.
1209 1869 1298 1922 Sic
1327 1876 1381 1922 et
1406 1883 1658 1920 terumnae
1685 1876 1738 1920 et
1763 1881 1934 1935 angu-

329 1972 447 2013 stue
479 1960 767 2028 proborum
799 1969 922 2012 sunt
949 1973 1269 2012 coronarum
1300 1957 1538 2012 accessio
1558 1998 1573 2023 ,
1604 1956 1813 2012 etiamsi
1845 1957 1934 2009 in-

333 2051 547 2104 terdum
591 2051 857 2104 labantur.
909 2049 1191 2103 Mediocris
1243 2049 1403 2118 igitur
1453 2058 1536 2104 est
1579 2049 1770 2103 venia:
1823 2064 1930 2102 non

325 2142 470 2195 enim
523 2142 838 2210 simpliciter
877 2151 1096 2210 peccata
1140 2141 1482 2209 judicantur,
1514 2141 1608 2195 sed
1637 2139 1742 2193 alio
1770 2139 1931 2192 modo

322 2234 478 2289 dives
501 2276 516 2300 ,
563 2236 669 2288 alio
715 2250 914 2305 pauper
945 2251 958 2284 :
988 2233 1074 2288 hic
1102 2249 1225 2288 eum
1251 2235 1436 2300 venia,
1466 2233 1556 2287 ille
1609 2231 1726 2286 sine
1755 2232 1928 2286 venia.

332 2325 582 2394 Exempli
610 2341 790 2389 causa,
810 2327 878 2378 sit
906 2323 990 2378 fur
1015 2334 1070 2379 et
1095 2324 1406 2379 ambitiosus
1425 2365 1438 2388 ,
1471 2334 1582 2378 tum
1611 2324 1762 2378 dives
1780 2363 1795 2387 ,
1821 2333 1929 2376 tum

321 2430 530 2484 pauper
560 2433 572 2468 :
609 2415 696 2469 hic
717 2418 959 2485 quamvis
987 2415 1235 2486 frigidum
1261 2457 1276 2481 ,
1307 2416 1467 2470 habet
1497 2425 1674 2469 tamen
1712 2413 1928 2483 aliquod

321 2505 626 2575 perfugium
657 2507 985 2576 paupertatis
1003 2510 1413 2570 necessitatem;
1447 2506 1537 2560 ille
1565 2521 1694 2560 vero
1723 2505 1926 2559 nullum

321 2599 489 2652 habet.
514 2598 787 2667 probabile
813 2599 1110 2669 perfugium
1134 2617 1146 2652 :
1179 2599 1356 2667 itaque
1378 2607 1576 2668 quanto
1600 2597 1821 2652 inferior
1843 2606 1928 2651 est

319 2703 530 2758 pauper
557 2690 606 2742 in
640 2691 888 2758 prtesenti
911 2690 1016 2742 vita
1039 2729 1053 2751 ,
1089 2699 1236 2742 tanto
1262 2689 1508 2758 superior
1534 2699 1618 2742 est
1644 2689 1695 2741 in
1746 2686 1921 2740 futura

317 2780 498 2848 quoad
549 2781 689 2835 bona
735 2796 894 2850 opera
922 2822 936 2846 ,
981 2781 1132 2834 dives
1161 2794 1288 2834 vero
1314 2787 1570 2848 quantutn
1601 2778 1668 2833 ad
1699 2777 1915 2832 delicta.

1453 464 1540 519 DE
1581 463 1761 518 ΕΑΤο
1795 463 1878 520 ET
1917 464 2400 524 PROVIDENTIA.
2445 467 2532 524 Υῐ.

3542 463 3646 522 Πῦ

2053 582 2128 636 Ne
2157 583 2332 652 itaque
2364 592 2518 653 putes
2546 581 2625 635 vel
2653 580 2898 650 injuriam
2922 580 3027 650 pati
3052 594 3338 651 pauperem
3361 621 3376 646 ,
3399 580 3481 637 vel
3508 595 3643 652 pm

2056 685 2199 729 stare
2228 674 2469 728 divitem.
2502 673 2962 742 Quemadmodum
3013 674 3066 728 in
3121 675 3312 739 malis,
3337 675 3427 745 qui
3461 690 3644 745 pcenas

2054 767 2139 821 hic
2161 767 2500 836 persolvunt,
2521 768 2606 821 vel
2631 777 2797 821 totum
2825 767 3109 822 abluerunt
3125 809 3142 834 ,
3165 767 3248 822 Vel
3274 768 3511 822 minores
3538 769 3646 824 illic

2052 874 2238 930 ptBnﬂS
2265 860 2488 926 dabunt,
2519 869 2700 931 utpote
2726 861 2814 930 qui
2840 859 2926 913 hic
2953 874 3173 928 magnas
3198 859 3530 914 calamitates
3549 877 3644 914 su-

2050 951 2371 1005 stinuerint:
2401 951 2478 1005 sic
2503 959 2560 1006 et
2602 951 2652 1004 in
2683 951 2835 1004 bonis
2854 993 2868 1016 ,
2897 950 2985 1020 qui
3019 949 3104 1005 hic
3135 950 3424 1004 honoribus
3453 949 3643 1005 fruun-

2050 1053 2153 1108 tur,
2185 1053 2237 1098 et
2265 1045 2315 1097 in
2344 1045 2574 1113 nequitia
2605 1052 2966 1112 perseverant,
2987 1042 3243 1096 honorem
3262 1059 3360 1096 ceu
3391 1041 3642 1097 viaticum

2048 1135 2246 1189 habent
2271 1135 2336 1188 ad
2365 1135 2706 1204 supplicium.
2734 1135 2865 1188 Vide
2893 1134 3050 1203 igitur
3072 1133 3341 1202 quomodo
3369 1134 3509 1188 Deus
3529 1151 3642 1188 ma—

2045 1227 2112 1282 lis
2141 1227 2274 1282 istos
2297 1227 2530 1282 honores
2555 1227 2844 1296 exprobret
2877 1243 2890 1280 :
2915 1224 3070 1280 Dedit
3101 1225 3209 1292 tibi,
3235 1225 3424 1294 inquit,
3447 1225 3640 1292 omnia,
3719 1217 3726 1224 ’

2044 1335 2159 1388 qua:
2185 1317 2393 1374 Domini
2435 1319 2508 1371 tui
2542 1318 2616 1389 (2.
2649 1317 2778 1387 Reg.
2813 1318 2898 1372 1‘2.
2919 1318 3009 1388 8):
3038 1326 3092 1372 et
3118 1333 3324 1382 rursus,
3349 1317 3642 1371 sacerdoti-

2044 1411 2145 1464 bus
2172 1420 2414 1479 tempore
2461 1409 2576 1468 Heli
2609 1409 2866 1464 honorem
2895 1411 2973 1479 (l.
3002 1409 3128 1478 Reg.
3153 1409 3206 1462 2.
3239 1408 3334 1476 ‘28)
3365 1417 3458 1463 :et
3477 1408 3639 1462 alibi:

2045 1502 2179 1556 Dedi
2204 1504 2340 1557 vobis
2369 1519 2432 1558 ea:
2459 1501 2845 1557 adolescentulis
2871 1502 3048 1556 vestris
3070 1503 3122 1554 in
3160 1500 3436 1572 prophetas
3462 1542 3476 1560 .
3499 1511 3548 1554 et
3576 1515 3640 1554 es

2043 1595 2166 1662 ﬁliis
2205 1595 2382 1648 vestris
2423 1595 2475 1648 in
2524 1593 2978 1661 sanctiﬁcationem
3007 1592 3182 1663 (Amos
3232 1592 3286 1646 2.
3313 1593 3402 1660 11)
3436 1610 3449 1645 :
3479 1600 3534 1645 et
3575 1606 3640 1646 ea

2041 1703 2160 1757 qua:
2191 1687 2241 1740 in
2281 1686 2567 1741 solitudine
2597 1685 2733 1741 facta
2761 1693 2903 1749 sunt,
2937 1685 3130 1755 ubique
3156 1687 3421 1755 proponit.
3457 1685 3639 1755 Itaque

2041 1779 2254 1847 quando
2285 1778 2482 1833 videris
2501 1777 2722 1831 divitem
2757 1776 3070 1846 injuriosum
3097 1817 3111 1841 ,
3143 1775 3521 1842 ambitiosum,
3554 1793 3638 1830 ra-

2043 1879 2271 1936 ptorem,
2301 1870 2422 1923 ideo
2447 1869 2594 1923 illum
2623 1868 2858 1922 maxime
2882 1867 3132 1936 deploro,
3165 1867 3284 1936 quia
3317 1867 3468 1921 dives
3512 1881 3633 1920 cum

2039 1962 2127 2023 sit,
2160 1960 2273 2014 inec
2298 1960 2456 2014 facit:
2479 1959 2710 2028 majores
2744 1958 2889 2014 enim
2921 1971 3106 2027 pinnas
3130 1957 3297 2011 dabit.
3329 1958 3462 2011 Cum
3490 1957 3637 2011 vide-

2042 2052 2114 2104 ris
2157 2065 2452 2120 pauperem
2504 2049 2728 2104 multam
2772 2048 2994 2116 justitiae
3030 2063 3215 2102 curam
3249 2047 3446 2102 habere
3469 2088 3486 2112 ,
3517 2049 3637 2102 ideo

2039 2142 2272 2196 maxime
2310 2141 2462 2196 illum
2511 2140 2810 2206 admirare,
2839 2138 2980 2209 quod
3023 2153 3144 2193 cum
3177 2149 3487 2209 paupertate
3515 2140 3638 2194 talis

2037 2235 2128 2288 sit.
2170 2233 2226 2288 Si
2275 2233 2389 2288 hare
2436 2234 2576 2302 apud
2629 2241 2681 2287 te
2728 2240 2975 2286 accurate
3013 2231 3304 2285 constituta
3348 2243 3631 2300 maneant,

2042 2339 2332 2394 numquam
2375 2323 2444 2378 de
2489 2323 2649 2378 rebus
2677 2338 2798 2392 quae
2825 2331 3084 2392 geruntur
3113 2323 3415 2376 turbaberis
3439 2364 3452 2386 ,
3493 2325 3538 2386 si
3577 2325 3631 2378 in

2037 2414 2212 2468 futura
2244 2414 2496 2483 reSpicias
2556 2413 2600 2468 si
2629 2412 2894 2482 prescntia
2926 2411 3056 2466 nihil
3095 2426 3215 2468 esse
3253 2415 3519 2482 putaveris
3540 2455 3554 2477 ,
3587 2415 3630 2466 si

2035 2506 2122 2559 illa
2146 2520 2360 2572 semper
2384 2504 2683 2572 speraveris
2703 2543 2718 2566 ,
2747 2504 2791 2558 si
2818 2505 2886 2557 ab
2919 2504 3002 2558 his
3031 2514 3082 2560 te
3127 2521 3342 2573 semper
3383 2521 3634 2574 segrega-

2033 2595 2195 2648 veris.
2229 2593 2442 2649 Utinam
2488 2609 2588 2648 nos
2616 2593 2754 2647 bona
2783 2594 2963 2648 omnia
3007 2609 3424 2664 consequamur,
3463 2600 3633 2665 gratia

2031 2686 2251 2742 Christi.
2276 2689 2470 2742 Amen.

1695 2994 1855 3075 DE
1901 2993 2236 3094 FATO,

1550 3171 1688 3212 SIVE
1732 3169 1984 3212 CONTRA
2027 3125 2426 3211 INGLUVIEM:

1818 3305 2123 3367 ω

959 3456 1152 3498 ORATIO
1187 3457 1262 3496 Vl.

389 3537 629 3605 Crapulw
654 3533 1276 3589 malum.—Comedamus
1297 3542 1342 3586 et
1359 3531 1584 3585 bibamus
1607 3546 1624 3584 :
1651 3545 1764 3584 cras
1783 3529 1917 3582 enim

324 3632 597 3684 moriemur
622 3627 789 3698 (Isai.
811 3628 902 3681 ἓξ.
938 3627 1060 3696 15),
1091 3625 1470 3694 prOphetarnm
1495 3634 1736 3692 tempore
1767 3620 1917 3674 multi

324 3722 455 3788 apud
479 3721 698 3776 Judzros
725 3720 988 3772 dicebant.
1017 3717 1121 3772 Sed
1159 3716 1373 3770 Judaeos
1404 3714 1507 3769 hoc
1531 3714 1732 3777 dicere,
1775 3711 1916 3778 Quo-

322 3828 430 3864 rum
449 3814 575 3866 deus
601 3821 768 3864 venter
794 3819 886 3872 est,
919 3820 968 3862 e.‘
990 3809 1154 3878 gloria
1185 3810 1237 3859 in
1258 3807 1554 3874 confusione
1572 3820 1744 3856 eorum
1769 3801 1917 3872 (Phi-

323 3901 446 3972 lipp.
476 3906 531 3960 5.
564 3902 631 3955 19
661 3901 701 3972 ).
738 3900 870 3954 nihil
894 3904 1085 3953 mirum
1117 3915 1132 3953 :
1163 3899 1302 3967 quod
1328 3908 1505 3951 autem
1531 3910 1649 3965 post
1669 3895 1915 3964 gratiam,

324 4005 440 4061 post
461 3995 807 4063 prmsenlium
851 4008 1027 4045 rerum
1058 3991 1390 4059 despectum,
1417 3997 1534 4058 post
1563 3997 1762 4041 tantam
1795 3999 1918 4052 per-

322 4085 605 4140 fectionem
647 4086 1086 4154 diligentiamque
1136 4093 1461 4151 susceptam,
1491 4079 1705 4150 quidam
1745 4077 1921 4131 adhuc

321 4175 443 4240 sint,
468 4180 559 4247 qui
587 4178 686 4229 etsi
714 4178 826 4229 lia-c
854 4176 1014 4228 verba
1041 4175 1258 4244 quidem
1305 4189 1410 4227 non
1441 4176 1732 4241 proferant,
1779 4171 1918 4224 idem

323 4264 492 4332 ipsum
527 4269 781 4336 Operibus
838 4269 1090 4333 clament,
1137 4279 1332 4335 quanta
1376 4266 1502 4320 illud
1543 4263 1916 4319 criminatione

321 4358 535 4428 dignum
574 4362 697 4415 est?
746 4361 882 4416 Sunt
926 4361 1089 4425 enim,
1118 4370 1244 4414 sunt
1272 4375 1474 4422 revera,
1516 4359 1604 4428 qui
1650 4372 1710 4411 se
1737 4364 1922 4425 putent

323 4448 442 4506 ideo
485 4454 538 4507 in
582 4452 720 4507 hanc
766 4453 1012 4506 inductos
1049 4452 1232 4514 vitam.
1263 4461 1322 4507 ut
1357 4451 1558 4506 deliciis
1596 4449 1915 4512 difﬂuentes,

325 4554 560 4599 ventrem
601 4546 994 4614 disrumpentes
1044 4558 1345 4613 corpusque
1389 4543 1811 4611 impinguantes,
1843 4539 1921 4592 sic

324 4633 545 4700 abeant,
578 4638 748 4691 lautas
803 4637 1071 4692 vermibus
1114 4635 1448 4706 propriarum
1473 4634 1712 4690 carnium
1736 4632 1921 4701 epulas

326 4738 592 4790 parantes.
623 4733 801 4798 Atque
847 4727 1046 4782 utinam
1093 4728 1142 4780 id
1197 4742 1358 4781 unutn
1406 4735 1549 4780 esset
1585 4725 1732 4789 mali,
1764 4723 1917 4794 quod

325 4813 515 4872 frustra
546 4828 601 4872 et
651 4821 916 4872 incassum
961 4819 1243 4887 prteseutia
1296 4818 1633 4871 insumerent
1664 4833 1677 4868 :
1705 4815 1919 4870 tametsi

323 4914 378 4959 et
425 4907 527 4964 hoc
555 4925 765 4979 quoque
811 4925 917 4963 non
971 4908 1387 4978 reprehensione
1436 4919 1492 4961 et
1538 4907 1694 4976 culpa
1740 4916 1914 4962 vacet.

325 4999 548 5060 Quando
597 5005 738 5055 enim
772 5001 1024 5069 pecunias
1049 5017 1078 5054 a
1108 5002 1219 5055 Deo
1248 5001 1402 5054 nobis
1430 5000 1495 5052 ad
1534 5001 1776 5069 corporis
1817 5001 1916 5054 ali-

329 5101 584 5156 mentum,
613 5100 668 5146 et
693 5091 760 5144 ad
783 5107 1070 5161 egenorum
1117 5092 1410 5146 subsidium
1459 5091 1629 5155 datas,
1659 5093 1711 5144 in
1760 5092 1916 5144 luxu-

327 5179 479 5245 riam,
553 5184 928 5237 c0ntumeliam
983 5193 1039 5236 et
1072 5193 1366 5238 extremam
1429 5185 1725 5238 socordiam
1768 5187 1950 5238 insu-.

328 5271 544 5337 mimus,
576 5275 878 5342 hujusmodi
906 5277 1225 5345 nequissima
1259 5279 1495 5340 impensa
1539 5293 1640 5329 non
1665 5295 1692 5330 a
1717 5281 1918 5348 suppli-

326 5360 408 5411 cio
431 5361 681 5420 immunis
729 5368 850 5429 erit,
892 5368 985 5423 sed
1021 5367 1240 5420 omnino
1280 5369 1541 5421 rationem
1585 5369 1916 5425 reddemus:

330 5455 578 5524 quodque
610 5459 678 5512 de
706 5459 946 5527 quinque
959 5459 1189 5523 talentis,
1216 5460 1283 5514 de
1301 5459 1508 5513 duobus
1537 5470 1588 5513 et
1615 5460 1682 5513 de
1707 5478 1810 5516 uno
1830 5462 1914 5514 di-

327 5553 469 5599 ctum
497 5559 577 5602 est
607 5552 816 5622 (Matth.
839 5551 928 5607 25.
964 5551 1163 5622 15),de
1195 5553 1392 5606 divitiis
1412 5554 1584 5623 deque
1603 5555 1723 5608 aliis
1744 5557 1914 5608 omni-

329 5634 424 5689 bus
445 5650 526 5693 est
553 5643 854 5698 dicendum.
879 5644 947 5699 Ut
976 5645 1151 5714 itaque
1175 5645 1440 5711 dicebam,
1459 5648 1501 5700 si
1530 5657 1727 5701 temere
1751 5658 1801 5702 et
1835 5650 1914 5701 in-

333 5742 535 5783 cassum
567 5735 878 5799 vixerimus,
925 5750 1028 5788 non
1056 5753 1084 5789 a
1111 5735 1315 5790 ratione
1354 5737 1622 5792 reddenda
1665 5741 1912 5793 immunis

339 5823 440 5876 erit
477 5824 591 5880 talis
617 5827 803 5897 agendi
831 5829 966 5880 ratio
999 5845 1010 5877 :
1043 5842 1180 5880 nunc
1210 5831 1368 5882 etiam
1414 5839 1605 5898 praeter
1643 5832 1767 5884 illud
1810 5835 1910 5886 alia

337 5922 540 5982 ‘l‘lbque
566 5920 692 5975 ultio
721 5920 908 5974 aderit.
943 5919 1070 5973 Nam
1101 5922 1187 5990 qui
1212 5922 1260 5974 in
1283 5922 1484 5977 deliciis
1513 5926 1635 5979 vivit
1659 5935 1711 5980 et
1739 5925 1910 5979 ebrie,

2032 3435 2126 3489 tati
2155 3435 2411 3505 indulget,
2440 3437 2527 3505 qui
2561 3439 2819 3505 parasitos
2845 3447 2898 3492 et
2926 3439 3234 3495 adulatores
3253 3440 3367 3507 alit,
3396 3444 3485 3512 qui
3507 3445 3628 3498 cibo

2021 3535 2252 3597 potuque
2273 3528 2638 3596 disrumpitur,
2658 3543 2820 3597 saepe,
2838 3530 3130 3594 velitnolit,
3149 3547 3368 3600 peccare
3405 3549 3626 3590 necesse

2021 3628 2124 3682 est,
2153 3628 2206 3672 et
2234 3635 2338 3688 quo
2382 3628 2625 3690 tempore
2675 3621 2726 3673 in
2777 3622 3021 3690 praesenti
3073 3624 3190 3676 loco
3229 3635 3469 3679 versatur
3501 3627 3540 3690 ¹,
3572 3639 3625 3680 et

2023 3709 2235 3778 quando
2258 3710 2322 3763 ad
2353 3710 2513 3764 alium
2538 3713 2954 3782 transmigravit.
2980 3713 3442 3779 Quemadmodum
3471 3719 3619 3771 enim

2023 3803 2190 3866 navis,
2233 3818 2356 3856 cum
2408 3804 2688 3873 majorem,
2738 3821 2898 3875 quam
2938 3807 3076 3861 ferre
3125 3809 3310 3876 possit,
3365 3810 3620 3864 mercium

2021 3897 2229 3965 copiam
2258 3895 2480 3965 accepit,
2509 3897 2578 3951 ob
2599 3897 2776 3952 oneris
2799 3901 3114 3968 gravitatem
3136 3901 3464 3971 demergitur
3500 3921 3514 3957 :
3543 3904 3621 3957 sic

2022 3998 2076 4042 et
2105 3990 2302 4052 anima,
2337 4000 2390 4043 et
2415 3990 2656 4059 corporis
2687 3993 2855 4046 nostri
2883 4002 3092 4056 natura,
3126 3993 3277 4062 plura
3299 4010 3456 4062 quam
3479 3994 3622 4050 ferre

2023 4081 2192 4148 possit
2215 4080 2464 4134 alimenta
2494 4082 2778 4150 recipiens,
2824 4081 3159 4152 deprimitur,
3190 4096 3245 4139 et
3293 4100 3431 4139 onus
3488 4087 3618 4154 inje-

2023 4185 2166 4223 Cium
2198 4187 2305 4224 non
2331 4170 2530 4238 ferens,
2560 4172 2612 4226 in
2645 4173 2898 4242 perniciei
2929 4175 3148 4244 pelagus
3177 4177 3525 4247 demergitur,
3565 4187 3622 4231 et

2022 4262 2431 4331 gubernatorem
2453 4273 2506 4317 et
2522 4273 2708 4318 nautas
2737 4274 2791 4318 et
2806 4280 2981 4335 prorae
3003 4265 3282 4321 ductorem
3299 4278 3351 4321 et
3379 4277 3619 4322 vectores

2024 4354 2300 4423 ipsamque
2326 4355 2590 4409 sarcinam
2618 4355 2776 4410 simul
2804 4357 2995 4426 perdit.
3025 4357 3484 4424 Quemadmodum
3523 4358 3622 4427 igi-

2030 4453 2117 4498 tur
2141 4446 2194 4498 in
2252 4444 2558 4514 hujusmodi
2583 4448 2808 4502 navibus
2865 4463 2974 4502 non
3031 4449 3385 4518 tranquillitas
3431 4450 3616 4514 maris,

2026 4553 2131 4592 non
2159 4539 2376 4594 scientia
2413 4540 2808 4609 gubernatoris,
2845 4557 2950 4595 non
2996 4549 3274 4594 nautarum
3313 4541 3615 4605 multitudo,

2025 4644 2131 4684 non
2151 4639 2434 4698 apparatus
2459 4631 2831 4696 commoditas,
2859 4647 2966 4686 non
2995 4633 3119 4686 anni
3149 4643 3252 4686 tem
3265 4642 3465 4700 pestas,
3511 4647 3618 4687 non

2023 4722 2166 4777 aliud
2203 4723 2497 4792 quidpiam,
2530 4724 2608 4778 sic
2633 4725 2884 4793 agitatam
2925 4724 3073 4793 juvat
3113 4724 3289 4778 navim
3324 4741 3337 4779 :
3373 4725 3448 4780 sic
3490 4741 3622 4780 con-

2025 4817 2180 4886 tingit
2201 4817 2478 4873 indelicate
2503 4819 2804 4873 viventibus
2836 4836 2850 4872 :
2877 4835 2982 4872 non
3014 4820 3413 4873 ratiociniornm
3443 4823 3619 4890 copia,

2023 4927 2128 4964 non
2161 4911 2402 4965 doctrina
2431 4920 2486 4965 et
2516 4911 2840 4974 adhortatio,
2866 4927 2971 4966 non
2995 4911 3387 4967 admonitiones
3415 4924 3468 4967 et
3487 4929 3620 4968 cou-

2022 5005 2161 5068 silia,
2197 5021 2300 5058 non
2326 5003 2468 5058 aliud
2499 5003 2792 5073 quidpiam,
2817 5019 2922 5057 non
2953 5005 3113 5057 timor
3142 5003 3460 5067 futttrorum,
3510 5021 3616 5058 non

2022 5097 2211 5163 pudor,
2244 5113 2347 5149 non
2398 5097 2738 5164 praesentium
2789 5095 3079 5157 accusatio,
3115 5111 3216 5148 non
3241 5097 3381 5149 aliud
3412 5095 3620 5164 quidvis

2023 5199 2189 5256 potest
2221 5189 2296 5241 sic
2326 5191 2572 5256 agitatam
2611 5189 2843 5240 animam
2884 5203 3137 5252 servare;
3170 5189 3261 5241 sed
3292 5188 3619 5241 immodera-

2023 5285 2093 5333 tio
2119 5282 2295 5333 omnia
2348 5289 2583 5349 superat,
2630 5296 2750 5348 qua:
2790 5281 2889 5334 hac
2929 5280 3241 5348 mgritudine
3287 5279 3616 5333 laborantem

2020 5371 2145 5428 velit
2179 5373 2309 5425 nolit
2339 5372 2589 5440 deprimit
2611 5387 2674 5426 ac
2713 5371 2993 5440 demergit,
3042 5370 3482 5441 naufragiumque
3519 5387 3616 5433 pa-

2019 5474 2121 5527 rat,
2171 5462 2312 5517 unde
2358 5478 2477 5516 sese
2509 5462 2764 5517 reducere
2802 5462 3021 5516 difﬁcile
3051 5470 3149 5515 est.
3209 5461 3389 5528 Neque
3420 5459 3485 5512 ad
3527 5475 3614 5514 res

2020 5557 2221 5610 futuras
2249 5566 2301 5609 et
2327 5555 2390 5608 ad
2423 5555 2656 5608 rationes
2683 5555 2752 5607 ibi
2775 5553 3072 5608 reddendas
3097 5562 3320 5612 tantum,
3339 5552 3432 5607 sed
3455 5553 3613 5604 etiam

2021 5650 2084 5703 ad
2125 5659 2441 5718 praesentem
2474 5649 2637 5702 vitam
2666 5647 2973 5716 hujusmodi
3001 5647 3162 5703 homo
3190 5647 3395 5700 inutilis
3438 5647 3615 5701 reddi-

2018 5751 2122 5806 tur,
2157 5757 2255 5796 nec
2299 5742 2363 5795 ad
2396 5741 2665 5811 quidpiam
2699 5740 2920 5793 idoneus
2958 5751 3062 5804 est,
3108 5738 3202 5794 sed
3247 5739 3442 5809 ubique
3473 5738 3615 5792 deri-

2017 5833 2222 5888 dendns
2251 5843 2356 5886 ttnn
2395 5835 2446 5886 in
2500 5832 2768 5896 civilibus,
2823 5843 2930 5884 tum
2985 5832 3035 5886 in
3085 5833 3312 5902 propriis
3362 5831 3602 5901 negotiis.

2079 5947 2095 5977 ι
2131 5944 2282 6002 (3011)..
2301 5952 2345 5994 et
2368 5958 2455 6008 per
2481 5941 2728 6005 potationis
2752 5948 2955 6004 tempus.
