4124 6450
543 478 641 535 771

545 599 658 655 Etsi
684 593 879 667 aliquid
903 590 1042 664 quod
1070 600 1249 658 urgeat
1271 586 1340 638 sit
1370 583 1654 652 agendum,
1676 593 1781 633 non
1804 571 2132 645 providendi,

547 709 655 748 non
679 665 1078 746 administrandi
1105 680 1406 736 facultatem
1432 675 1628 729 habere
1657 665 2092 740 deprehendetur
2121 681 2134 717 :

550 781 783 838 inimicis
824 775 1070 832 omnibus
1110 780 1266 842 captu
1313 767 1506 828 facilis.
1562 762 1746 818 amicis
1789 759 2040 814 erunibus
2088 763 2143 807 et

553 868 862 943 propinquis
913 863 1135 921 inutilis.
1185 860 1370 930 Neque
1433 857 1606 911 solum
1679 854 1732 907 in
1781 848 2035 920 periculis
2091 855 2144 898 et

551 935 941 1016 calamitatibus
1007 954 1164 1009 facile
1216 951 1470 1006 damnum
1533 944 1791 1014 accipiet,
1857 952 2029 1009 neque
2090 935 2143 989 in

554 1055 716 1109 rebus
767 1050 973 1122 pacatis
1041 1053 1095 1101 et
1158 1040 1454 1110 tranquillis
1527 1045 1734 1091 tantum
1795 1026 2148 1087 intolerabilis

555 1150 701 1212 erit;
735 1145 829 1201 sed
875 1144 1115 1200 etiamm
1160 1150 1320 1193 renus
1372 1132 1600 1202 asperis,
1653 1127 1723 1182 ob
1763 1119 2150 1180 moderationis

559 1241 832 1311 penuriam
854 1279 869 1305 ,
919 1235 984 1290 ad
1012 1231 1217 1302 singula
1245 1243 1364 1300 quae
1389 1224 1632 1280 accident
1660 1218 1858 1273 inutilis
1881 1215 2001 1270 erit.
2043 1211 2152 1265 Illic

561 1332 729 1396 enim,
758 1329 808 1383 in
841 1324 1093 1381 aerumnis
1121 1321 1270 1382 dico,
1301 1315 1507 1386 ignavia
1528 1355 1542 1379 ,
1573 1307 1906 1365 imbecillitas
1925 1345 1940 1369 ,
1981 1311 2154 1358 metus

563 1424 788 1492 ingens,
837 1415 1046 1472 consilii
1091 1409 1309 1481 penuria
1354 1402 1637 1473 occupabit
1683 1400 1870 1462 illum;
1918 1395 2006 1448 hic
2029 1405 2157 1447 vero

564 1511 784 1567 audacia
805 1549 821 1576 ,
849 1505 1093 1563 socordia
1115 1546 1130 1571 ,
1156 1501 1374 1558 lascivia
1394 1539 1408 1560 ,
1447 1492 1818 1550 immoderatio
1843 1531 1855 1552 ,
1888 1488 2154 1556 superbia,

567 1603 871 1674 arrogantia
900 1599 1070 1668 magis
1099 1570 1257 1664 quam
1303 1588 1578 1658 superiora
1624 1578 2011 1636 intractabilem
2036 1570 2162 1628 facit

574 1695 843 1751 omnibus.
891 1689 1076 1758 Neque
1105 1685 1248 1740 enim
1280 1675 1584 1748 hujusmodi
1625 1671 1899 1728 hominum
1938 1678 2162 1734 corpora

577 1796 784 1841 tantum
812 1778 1072 1836 deformia
1099 1784 1241 1839 sunt,
1271 1771 1470 1834 mollia,
1500 1763 1812 1823 difï¬‚uentia,
1840 1767 1976 1814 tetro
2001 1754 2166 1810 odore

575 1877 809 1944 undique
838 1873 994 1941 plena
1034 1867 1376 1929 efficiuntur;
1421 1858 1512 1914 sed
1542 1857 1701 1912 etiam
1731 1852 1906 1906 anima
1943 1859 2168 1915 corpore

578 1938 738 2036 longe
763 1938 1053 2018 deformior
1078 1966 1159 2012 est
1178 1997 1193 2022 ,
1228 1952 1518 2022 majoribus
1537 1990 1551 2014 ,
1580 1960 1738 2016 quam
1771 1941 1900 1996 illud
1921 1983 1936 2006 ,
1969 1938 2169 1993 morbis

574 2073 644 2111 ex
679 2053 886 2110 deliciis
926 2049 1132 2104 affecta.
1183 2037 1641 2112 Quemadmodum
1668 2035 1810 2088 enim
1840 2044 2038 2099 corpus
2065 2041 2172 2081 non

579 2152 918 2204 excrementa
959 2137 1118 2194 modo
1163 2133 1420 2190 naturalia
1459 2127 1689 2190 emittit,
1734 2122 1829 2177 sed
1872 2121 2030 2174 etiam
2072 2118 2171 2169 alia

571 2237 728 2293 omni
752 2251 815 2291 ex
840 2241 991 2305 parte
1013 2228 1230 2284 uberius
1257 2219 1527 2294 profundit
1552 2235 1565 2272 :
1594 2215 1790 2271 etenim
1809 2211 1972 2275 oculi,
1996 2222 2172 2270 nares,

571 2342 638 2387 et
665 2345 792 2394 ora,
825 2327 951 2382 dum
979 2321 1237 2378 interiora
1265 2317 1368 2372 hac
1391 2311 1713 2370 abundantia
1743 2312 2050 2377 gravantur,
2081 2302 2174 2354 hu-

585 2438 736 2477 more
781 2416 1055 2473 teterrima
1101 2421 1156 2466 et
1203 2407 1544 2477 corruptione
1592 2399 1920 2470 implentur,
1964 2403 2019 2450 et
2066 2393 2177 2460 ipsa

586 2512 766 2567 carnis
795 2519 983 2563 natura
1016 2505 1228 2560 mollior
1256 2499 1442 2555 effecta
1467 2510 1624 2566 quam
1654 2505 1754 2564 pro
1783 2486 2009 2544 naturali
2040 2496 2177 2538 temo

583 2612 928 2675 peramento,
976 2596 1126 2669 quasi
1183 2607 1340 2648 emno
1383 2600 1436 2644 et
1481 2589 1685 2656 impura
1736 2582 1916 2637 illuvie
1962 2577 2176 2640 referta,

585 2673 768 2765 putida
795 2690 955 2746 simul
996 2697 1050 2740 et
1089 2687 1234 2740 iners
1260 2680 1518 2745 efficitur,
1559 2685 1717 2745 atque
1759 2673 1824 2727 ad
1864 2686 2022 2728 omne
2047 2683 2182 2738 opus

591 2760 794 2840 bonum
842 2782 1039 2848 inepta.
1087 2775 1222 2830 Nam
1261 2781 1318 2826 et
1360 2772 1470 2841 ipsa
1501 2777 1685 2832 terra,
1728 2779 1851 2819 eum
1896 2762 1986 2816 tali
2029 2760 2182 2828 copia

575 2887 848 2944 oppressa
876 2867 1150 2940 proprium
1173 2866 1518 2928 innatumque
1535 2857 1768 2911 calorem
1792 2852 2005 2913 amittit,
2031 2864 2181 2904 suam

591 2940 720 3022 item
747 2965 853 3017 vim
887 2960 1096 3032 perdit,
1128 2971 1191 3012 ac
1236 2968 1408 3023 neque
1449 2950 1515 3004 ad
1558 2948 1819 3003 culturam
1844 2986 1857 3009 ,
1904 2955 2078 3011 neque
2117 2940 2182 2993 ad

594 3056 924 3112 fertilitatem
958 3064 1107 3105 suam
1135 3057 1220 3104 est
1250 3045 1461 3098 idonea.
1491 3041 1625 3094 lline
1652 3048 1830 3112 autem
1861 3033 2109 3104 gravibus
2133 3039 2187 3082 et

592 3144 981 3202 insanabilibus
1010 3140 1211 3195 morbis
1253 3134 1612 3203 corripiuntur
1640 3130 1714 3195 ii,
1744 3109 1849 3196 squi
1891 3126 1943 3179 in
1982 3123 2187 3178 deliciis

595 3246 855 3309 perpetuo
882 3233 1065 3287 vivunt
1092 3247 1106 3283 :
1138 3224 1479 3288 tremoribus,
1509 3221 1791 3285 solutione,
1821 3217 1970 3283 tabe,
2000 3216 2188 3284 capitis

596 3341 836 3391 mueore,
867 3324 1063 3397 pedum
1097 3331 1454 3387 manuumque
1480 3313 1775 3376 doloribus,
1807 3309 2032 3378 aliisque
2056 3306 2189 3360 mul-

593 3421 696 3483 tis,
738 3433 876 3488 quos
919 3413 1111 3469 medici
1161 3414 1500 3472 memorant,
1547 3402 1762 3458 obnoxii
1809 3400 1959 3454 fiunt.
2007 3397 2190 3465 Itaque

593 3510 804 3567 etiamsi
827 3523 931 3563 non
953 3505 1216 3577 gehenna,
1246 3516 1350 3558 non
1377 3512 1556 3568 poena,
1580 3509 1755 3564 neque
1780 3500 2018 3548 extrema
2041 3487 2194 3542 dam-

599 3605 743 3660 natio
771 3619 801 3658 a
829 3602 946 3657 Deo
973 3607 1152 3662 esset,
1194 3608 1368 3665 neque
1394 3592 1462 3648 ab
1491 3588 1795 3644 hominibus
1822 3584 2189 3656 reprehensio,

605 3712 710 3749 non
727 3701 970 3762 sumptus
993 3685 1302 3759 importuni,
1321 3697 1493 3753 neque
1514 3681 1616 3735 alia
1643 3680 1923 3734 innumera
1939 3692 1969 3731 a
1986 3675 2193 3732 deliciis

592 3797 816 3848 extorta,
845 3783 1052 3852 hocque
1091 3780 1264 3835 solum
1307 3774 1540 3839 adesset,
1585 3786 1764 3826 annon
1803 3768 1932 3824 satis
1960 3775 2102 3822 esset
2125 3766 2192 3820 ad

597 3891 790 3932 omnes
815 3871 1173 3929 avertendus?
1211 3865 1523 3938 Hujusmodi
1551 3877 1781 3934 namque
1819 3875 2018 3916 mensae
2045 3873 2192 3914 mor-

601 3969 771 4024 tiferis
802 3964 1104 4036 potionibus
1129 3961 1297 4016 nihilo
1326 3958 1576 4012 meliores
1599 3966 1761 4020 sunt;
1793 3954 1901 4009 imo
1926 3953 2118 4018 etiam,
2149 3953 2192 4006 si

599 4075 726 4116 vere
770 4056 1052 4113 dicendum
1105 4053 1212 4118 sit,
1255 4051 1415 4119 longe
1457 4047 1771 4104 deteriores.
1816 4045 1924 4099 Illae
1966 4058 2196 4113 namque

599 4162 899 4212 sumentem
926 4148 1211 4205 confestim
1239 4146 1305 4200 de
1332 4143 1509 4199 medio
1540 4143 1761 4208 tollunt,
1790 4149 1845 4196 et
1871 4139 1938 4194 ad
1969 4148 2194 4194 mortem

602 4250 721 4304 sine
748 4245 988 4301 cruciatu
1025 4241 1315 4306 deducunt,
1357 4246 1416 4290 ut
1443 4251 1510 4292 ne
1537 4235 1604 4290 de
1644 4233 1744 4290 hac
1768 4233 1984 4304 quidem
2013 4247 2071 4287 re
2096 4231 2196 4285 do-

599 4342 709 4396 leat
757 4340 802 4394 is
847 4336 938 4407 qui
983 4334 1208 4389 moritur
1251 4348 1262 4382 :
1306 4329 1513 4384 deliciae
1554 4343 1680 4381 vero
1723 4326 1883 4380 vitam
1931 4323 2198 4379 sexcentis

606 4430 868 4484 mortibus
895 4425 1194 4497 graviorem
1239 4418 1496 4474 inducunt
1535 4417 1622 4483 iis,
1664 4418 1753 4486 qui
1799 4416 1940 4486 ipsas
1983 4412 2199 4484 plurimi

601 4525 844 4586 faciunt;
873 4521 1035 4573 vitam
1055 4559 1070 4583 ,
1097 4517 1333 4584 inquam,
1362 4526 1468 4565 non
1500 4508 1660 4563 modo
1695 4505 2070 4569 miserabilem,
2103 4504 2196 4558 sed

609 4619 772 4671 etiam
800 4625 1010 4682 turpem
1037 4616 1092 4662 et
1122 4603 1419 4660 ridiculam.
1453 4601 1555 4655 Alii
1577 4599 1774 4669 quippe
1802 4597 1970 4652 morbi
2003 4596 2200 4650 multos

605 4713 662 4766 in
691 4718 894 4778 partem
923 4701 1127 4758 doloris
1150 4699 1433 4760 advocant,
1473 4699 1736 4762 quotquot
1772 4698 1949 4744 autem
1973 4704 2036 4744 ex
2062 4687 2198 4743 deli-

606 4803 704 4856 ciis
744 4809 797 4851 et
833 4796 1091 4850 ebrietate
1133 4790 1411 4852 oriuntur,
1439 4793 1786 4854 spectatores,
1819 4796 1884 4834 ne
1911 4780 2125 4850 quidem
2157 4779 2202 4832 si

608 4892 795 4953 velint,
825 4889 1007 4940 sinunt
1031 4881 1275 4938 misereri
1305 4893 1515 4941 eorum,
1540 4876 1629 4945 qui
1659 4872 1958 4943 hujusmodi
1987 4872 2201 4941 aegritu-

613 4986 737 5038 dine
763 4979 901 5046 capti
932 4986 1096 5037 sunt;
1143 4971 1238 5026 sed
1279 4966 1585 5038 magnitudo
1627 4964 1752 5017 mali
1796 4962 1862 5016 ad
1904 4961 2205 5016 misericor-

610 5078 753 5132 diam
786 5068 1027 5127 inï¬‚ectit,
1059 5063 1230 5119 morbi
1259 5069 1441 5116 autem
1470 5057 1701 5119 occasio,
1735 5056 1776 5109 si
1808 5063 1931 5108 nota
1956 5055 2044 5118 sit,
2073 5054 2207 5108 indi-

610 5165 918 5239 gnationem
949 5165 1148 5211 movet.
1197 5153 1456 5220 Quoniam
1497 5148 1715 5217 ancipiti
1744 5146 1974 5216 quodam
2015 5145 2206 5200 aï¬‚â€˜ectu

614 5269 893 5320 tenemur,
925 5264 1025 5306 nec
1063 5246 1381 5300 miseramur
1406 5257 1500 5297 eos
1533 5257 1548 5294 :
1591 5239 1644 5294 id
1683 5240 1826 5294 enim
1851 5246 1995 5293 vetat
2035 5238 2207 5292 morbi

614 5363 777 5404 causa
802 5362 817 5411 ;
850 5355 1024 5412 neque
1053 5337 1330 5392 irascimur
1363 5351 1376 5386 :
1411 5332 1464 5386 id
1495 5332 1636 5386 enim
1665 5345 1772 5384 non
1804 5328 2064 5399 permittit
2092 5343 2207 5382 ma-

617 5439 839 5510 gnitudo
884 5433 1048 5496 mali;
1097 5426 1191 5483 sed
1237 5427 1374 5479 inter
1418 5421 1889 5494 reprehensionem
1921 5429 1974 5472 et
2001 5419 2207 5472 veniam

622 5532 989 5586 consistimus.
1042 5523 1222 5590 Neque
1261 5518 1401 5571 enim
1447 5532 1474 5568 a
1519 5524 1705 5569 natura
1733 5514 2036 5568 cruciantur
2077 5511 2212 5566 sicut

621 5624 735 5686 illi,
771 5635 944 5690 neque
984 5617 1257 5670 hominum
1300 5609 1504 5664 insidiis
1547 5616 1897 5676 appetuntur,
1929 5621 2110 5659 verum
2141 5604 2212 5656 illi

623 5715 724 5784 ipsi
753 5723 998 5765 auctores
1024 5706 1128 5761 sibi
1157 5707 1341 5757 harqu
1368 5698 1741 5770 aegritudinum
1771 5705 1913 5759 sunt,
1947 5704 2000 5750 et
2025 5703 2214 5762 sponte

625 5823 686 5862 se
727 5807 779 5860 in
825 5803 1086 5858 malorum
1117 5795 1427 5852 barathrum
1461 5791 1810 5863 prazcipitant.
1859 5788 2216 5855 Quemadmo-

632 5901 761 5954 dum
789 5896 948 5965 igitur
974 5905 1102 5958 eos,
1143 5889 1232 5958 qui
1275 5886 1492 5956 laqueos
1527 5883 1623 5941 sibi
1651 5890 1873 5953 parant,
1906 5892 1960 5936 et
2001 5895 2093 5936 eos
2121 5879 2208 5947 qui

1281 470 1337 523 S.
1379 464 1654 522 JOANNIS
1691 454 2172 516 CIIRYSOSTOMI
2199 453 2514 509 AHCIIIEIâ€™.
2545 448 3080 507 CONSTANTINOP.

3706 439 3801 494 77'}

2247 587 2304 624 se
2330 585 2424 639 per
2451 569 2738 638 prmeipitia
2760 568 3068 636 conjiciunt,
3095 576 3148 618 et
3171 565 3257 634 qui
3283 577 3377 632 per
3400 563 3611 618 medios
3627 562 3814 633 gladiOS

2248 662 2348 716 sibi
2379 663 2538 715 vitam
2568 662 2820 730 eripiunt,
2854 662 2932 715 sic
2959 659 3056 712 bos
3083 674 3186 712 non
3219 657 3438 711 multum
3467 657 3814 710 miseremur:

2252 755 2360 809 imo
2381 755 2425 809 si
2449 755 2598 808 venia
2625 752 2798 806 danda
2835 752 2938 816 sit,
2979 750 3086 805 illis
3131 750 3305 819 potius
3342 762 3503 818 quam
3549 745 3664 800 istis
3687 745 3812 800 dabi-

2253 861 2389 911 mus,
2423 847 2632 900 etiamsi
2665 845 2740 900 illi
2770 845 2968 900 nullam
2993 845 3200 898 veniam
3229 852 3557 896 mereantur.
3593 839 3669 893 illi
3693 841 3818 892 enim

2253 939 2335 993 vel
2364 935 2647 992 calumniis
2667 979 2682 1001 ,
2712 935 2797 992 vel
2842 935 3183 1005 pecuniarum
3210 932 3453 996 inuictis,
3503 938 3598 983 aut
3624 928 3822 998 periculi

2255 1030 2600 1100 plagarumve
2628 1037 2772 1083 metu
2792 1068 2808 1094 ,
2837 1036 2928 1080 aut
2955 1026 3056 1080 alia
3083 1021 3329 1095 quapiam
3359 1020 3671 1085 formidine,
3699 1029 3752 1073 ut
3777 1033 3825 1073 se

2258 1121 2550 1190 majoribus
2579 1119 2734 1174 malis
2763 1119 3033 1183 eximant,
3071 1116 3138 1170 ad
3163 1115 3350 1169 mortis
3381 1112 3630 1168 solatium
3655 1109 3817 1165 conlu-

2258 1216 2442 1285 giunt,
2473 1213 2538 1268 ad
2577 1213 2886 1282 obitumque
2911 1226 3011 1264 ceu
3052 1208 3120 1262 ad
3161 1207 3368 1265 asylum
3403 1207 3710 1267 decurrunt,
3753 1197 3822 1252 vel

2263 1307 2414 1376 quasi
2458 1305 2523 1359 ad
2571 1304 2910 1373 tranquillum
2955 1310 3162 1372 portum
3206 1301 3485 1369 ingruente
3533 1300 3826 1364 tempestate

2264 1413 2386 1454 sese
2413 1413 2534 1452 cum
2587 1395 2923 1450 festinatione
2967 1393 3232 1463 recipiunt
3265 1410 3278 1447 :
3313 1389 3364 1444 hi
3391 1403 3523 1445 vero
3560 1403 3679 1442 cuin
3715 1383 3828 1440 nihil

2268 1489 2371 1543 tale
2394 1487 2729 1559 prsetendere
2757 1485 2983 1555 possint,
3011 1485 3134 1538 vitae
3159 1482 3422 1537 sexcentis
3445 1479 3694 1535 violentis
3716 1491 3828 1531 mor-

2271 1580 2412 1634 tibus
2437 1580 2668 1650 graviori
2717 1593 2839 1633 sese
2877 1578 3227 1632 tradiderunt.
3269 1575 3386 1630 Jam
3429 1573 3519 1628 hic
3562 1580 3830 1642 opportune

2273 1680 2723 1726 commemoretur
2767 1669 2892 1724 illud
2937 1668 3191 1738 sapientis
3221 1683 3234 1719 :
3273 1665 3397 1730 Qui:
3426 1663 3732 1718 miserebitur
3763 1661 3830 1713 in-

2275 1763 2547 1816 cantatoris
2571 1802 2585 1825 ,
2614 1762 2658 1816 si
2685 1776 2717 1812 a
2744 1770 2974 1830 serpente
2999 1760 3016 1790 Â¹
3047 1757 3336 1812 mordeatur
3358 1797 3374 1821 ,
3403 1765 3451 1808 et
3479 1755 3702 1809 omnium
3721 1795 3736 1818 ,
3763 1751 3835 1822 qui

2275 1872 2330 1910 se
2355 1857 2474 1924 feris
2513 1854 2778 1907 admovent
2823 1850 3024 1924 (Eccli.
3055 1851 3142 1904 12.
3174 1848 3327 1919 I3)?
3369 1848 3507 1903 Fera
3551 1848 3691 1901 enim
3733 1852 3835 1899 sunt

2279 1946 2484 2001 deliciae
2507 1988 2522 2012 ,
2554 1944 2663 2000 fera
2691 1944 2868 2014 gravis
2897 1951 2952 1998 et
2982 1941 3362 2004 intractabilis;
3407 1953 3586 2009 neque
3623 1935 3836 2004 scorpius

2279 2047 2372 2092 aut
2395 2053 2618 2108 serpens
2640 2036 2934 2091 visceribus
2959 2034 3156 2089 nostris
3183 2035 3392 2086 merens
3415 2030 3490 2084 ita
3519 2028 3838 2096 undequaque

2281 2130 2542 2196 devastat,
2571 2137 2627 2182 ut
2651 2128 2959 2183 deliciarum
2985 2124 3247 2193 cupiditas
3281 2120 3462 2176 omnia
3492 2119 3683 2174 evertit
3704 2125 3838 2183 atque

2283 2221 2566 2277 consumit.
2597 2220 2746 2274 Ferte
2767 2233 2998 2288 namque
3021 2217 3126 2271 illae
3145 2215 3355 2284 corpori
3383 2224 3591 2268 tantum
3618 2208 3840 2264 insidian-

2287 2325 2370 2369 tur
2399 2332 2413 2368 :
2447 2313 2561 2366 haec
2587 2321 2768 2367 autem
2797 2311 2885 2365 ubi
2912 2309 3068 2364 sedes
3095 2307 3350 2377 posuerit,
3391 2315 3443 2360 et
3464 2317 3662 2373 corpus
3678 2311 3730 2356 et
3749 2301 3840 2354 ani-

2287 2421 2426 2460 mam
2468 2403 2795 2475 pessumdat.
2840 2399 3197 2469 Quamobrem
3242 2398 3508 2468 fugiamus
3550 2394 3618 2449 ab
3657 2393 3771 2456 illa,
3798 2401 3843 2444 ut

2291 2497 2639 2568 prudentibus
2663 2498 2873 2565 loquor.
2916 2493 2972 2549 Si
2999 2492 3127 2564 quid
3153 2492 3243 2548 illa
3281 2490 3476 2544 habeat
3505 2486 3766 2548 utilitatis,
3790 2500 3843 2536 ne

2289 2591 2406 2646 haec
2438 2590 2576 2646 dicta
2606 2589 2934 2660 perferamus
2957 2629 2971 2654 ,
3019 2602 3086 2641 ne
3123 2586 3595 2654 obtemperemus;
3645 2581 3720 2634 sin
3743 2592 3844 2632 vera

2290 2691 2417 2738 sunt
2463 2696 2582 2752 qua:
2624 2681 2908 2745 dicuntur,
2952 2688 3007 2733 et
3049 2678 3166 2732 haec
3201 2677 3272 2730 sit
3306 2676 3548 2728 euntium
3594 2670 3842 2744 perniciei.

2292 2791 2485 2845 resque
2510 2776 2750 2829 omnium
2793 2771 3166 2827 ridiculissima
3185 2809 3201 2835 ,
3227 2769 3378 2822 vobis
3404 2767 3537 2836 ipsis
3564 2775 3618 2821 et
3641 2761 3845 2831 corporis

2294 2866 2588 2922 valetudini
2618 2867 2916 2934 animaque
2943 2862 3154 2917 sanitati
3181 2867 3400 2930 pareite.
3436 2861 3559 2912 Non
3584 2866 3700 2911 meo
3723 2864 3770 2906 ut
3791 2848 3846 2903 ad

2293 2959 2464 3014 victus
2507 2958 2844 3027 asperitatem
2878 2965 2929 3010 te
2971 2954 3254 3018 conferas,
3303 2951 3402 3006 nisi
3448 2951 3568 3020 ipse
3610 2943 3846 3000 volueris:

2293 3050 2558 3122 superflua
2613 3064 2951 3112 resecemus,
3001 3061 3106 3101 non
3156 3044 3458 3099 necessaria
3513 3037 3846 3110 praecidamus.

2294 3146 2409 3213 Qua
2433 3145 2584 3200 venia
2608 3141 2754 3212 digiti
2783 3143 3002 3206 erimus,
3033 3137 3246 3209 quando
3274 3135 3363 3189 alii
3392 3149 3458 3188 ne
3483 3133 3645 3188 rebus
3668 3125 3847 3199 quidem

2294 3236 2612 3294 necessariis
2638 3233 2900 3298 fruuntur,
2940 3233 3065 3286 licet
3091 3231 3142 3284 in
3169 3243 3353 3282 eorum
3379 3227 3452 3280 sit
3476 3230 3748 3297 potestate.
3770 3227 3848 3270 nos

2297 3344 2428 3385 vero
2454 3327 2756 3383 necessaria
2791 3325 2949 3394 longe
2984 3317 3488 3392 praetergredimur?
3528 3312 3690 3371 Nobis
3711 3308 3849 3363 victus

2299 3419 2558 3476 terminus
2581 3417 2650 3471 sit
2670 3415 2811 3485 quod
2840 3430 2946 3468 non
2972 3413 3150 3477 lmdat,
3171 3409 3311 3480 quod
3335 3408 3534 3463 famem
3558 3406 3669 3460 sine
3685 3400 3848 3456 damno

2301 3511 2608 3582 propulset,
2661 3507 2884 3564 ulterius
2911 3521 3043 3562 vero
3086 3503 3216 3559 nihil
3258 3501 3603 3572 requiramus
3638 3514 3652 3550 :
3693 3494 3786 3548 imo
3813 3486 3848 3540 si

2297 3605 2439 3677 quod
2484 3602 2729 3658 mirabile
2771 3601 2916 3656 dictu
2957 3608 3012 3654 et
3037 3607 3232 3669 praeter
3261 3595 3402 3666 vulgi
3430 3594 3766 3662 opinionem,
3787 3589 3850 3636 est

2301 3707 2480 3752 tamen
2505 3711 2690 3751 verum
2711 3735 2726 3760 ,
2771 3693 3016 3765 proferre
3054 3691 3210 3746 liceat
3239 3706 3253 3743 :
3281 3689 3327 3743 si
3365 3687 3687 3756 voluptatem
3721 3679 3850 3733 etiam

2299 3804 2622 3861 quaeramus,
2665 3790 2807 3844 illam
2843 3786 3018 3858 potius
3059 3785 3112 3839 in
3150 3783 3428 3838 moderato
3452 3781 3610 3845 cibo,
3647 3787 3786 3846 quam
3810 3768 3848 3820 iu

2301 3884 2507 3939 deliciis
2539 3883 2890 3951 reperiemus.
2921 3878 3060 3935 Audi
3089 3875 3358 3948 quomodo
3387 3875 3505 3929 hzec
3535 3872 3761 3940 voluptas
3783 3861 3850 3916 illa

2303 3980 2474 4048 major
2501 3988 2554 4033 et
2582 3979 2797 4032 uberior
2833 3977 2921 4032 sit.
2964 3975 3058 4030 Illa
3093 3982 3241 4028 certe
3279 3971 3466 4040 nequit
3501 3969 3711 4025 demum
3746 3974 3850 4015 con-

2302 4070 2516 4134 sistere,
2543 4084 2716 4138 neque
2742 4076 2982 4122 naturam
3010 4065 3252 4119 ciborum
3277 4061 3377 4117 sibi
3399 4061 3646 4116 idoneam
3667 4050 3851 4110 invenit:

2307 4162 2420 4216 haec
2441 4175 2572 4215 vero
2613 4160 2775 4214 etiam
2799 4174 2866 4212 ex
2903 4155 3187 4212 contrariis
3215 4154 3508 4208 subsistere
3538 4153 3722 4220 potest.
3751 4138 3853 4206 Quis

2306 4255 2407 4306 hoc
2431 4251 2547 4306 ait?
2590 4250 2637 4305 Is
2667 4251 2756 4319 qui
2786 4250 3016 4303 maxime
3041 4247 3281 4301 omnium
3321 4244 3405 4298 his
3441 4241 3727 4297 fruebatur.
3751 4229 3850 4286 Aui-

2307 4360 2417 4408 mw,
2450 4344 2639 4413 inquit,
2661 4341 2924 4412 indigenti,
2951 4355 3063 4409 qute
3083 4353 3258 4390 amara
3276 4345 3416 4401 sunt,
3443 4333 3613 4386 dulcia
3633 4325 3855 4382 videntur!

2305 4437 2474 4490 anima
2499 4411 2684 4488 satiata
2712 4411 2861 4487 etiam
2900 4432 3027 4500 favis
3068 4429 3235 4484 illudit
3262 4428 3280 4496 (
3307 4425 3458 4478 Prov.
3488 4423 3580 4478 27.
3605 4421 3634 4474 7
3659 4421 3694 4486 ).
3727 4411 3854 4468 Vides

2305 4526 2574 4598 quomodo
2619 4525 2764 4579 illam
2813 4523 3028 4593 quidem
3059 4530 3114 4575 et
3155 4535 3223 4574 ex
3265 4517 3445 4588 paucis
3470 4525 3525 4569 et
3552 4529 3618 4568 ex
3645 4505 3855 4564 omnibus

2309 4619 2593 4674 sustentari
2642 4616 2796 4672 facile
2823 4616 2926 4682 sit,
2964 4614 3101 4668 hanc
3125 4626 3251 4666 vero
3279 4608 3540 4663 minime?
3568 4605 3623 4661 Si
3650 4601 3776 4656 enim
3804 4606 3855 4645 ne

2313 4710 2488 4765 favum
2534 4707 2750 4778 quidem
2793 4707 3130 4776 expetimus,
3174 4701 3302 4773 quid
3349 4700 3504 4754 nobis
3554 4701 3719 4768 potest
3759 4696 3857 4742 esse

2311 4803 2505 4871 volupe
2534 4802 2601 4856 de
2629 4799 2868 4854 caetero?
2893 4799 2939 4852 si
2965 4795 3108 4867 quod
3135 4794 3372 4849 omnium
3402 4789 3749 4846 dulcissimum
3771 4783 3855 4835 est.

2312 4896 2636 4964 voluptatem
2667 4907 2773 4947 non
2805 4899 2981 4961 potest
3009 4888 3235 4952 afferre,
3273 4884 3401 4956 quid
3441 4880 3637 4954 poterit
3661 4877 3708 4930 in
3732 4868 3858 4924 volu-

2313 4998 2460 5059 ptate
2484 4986 2853 5043 constituere?
2902 4985 3084 5053 Itaque
3127 4981 3172 5035 si
3216 4978 3541 5048 voluptatem
3585 4967 3854 5044 querimus

2316 5083 2402 5136 hic
2429 5080 2594 5150 magis
2621 5080 2763 5133 illam
2795 5077 3146 5132 inveniemus.
3175 5069 3454 5139 Quomodo
3485 5069 3638 5138 igitur
3662 5074 3755 5116 non
3779 5067 3858 5108 ex-

2317 5185 2502 5230 trema:
2525 5173 2806 5227 dementia:
2849 5171 3026 5234 fuerit,
3067 5181 3185 5222 eam
3212 5180 3330 5234 quae
3369 5162 3687 5229 voluptatem
3728 5146 3857 5203 ham

2315 5276 2371 5322 et
2413 5266 2694 5320 sanitatem
2742 5273 2797 5318 et
2841 5261 3019 5315 omnia
3059 5259 3195 5314 bona
3221 5299 3237 5322 ,
3286 5263 3447 5324 atque
3479 5253 3586 5305 Deo
3622 5248 3856 5310 acceptam

2318 5373 2558 5414 mensam
2588 5357 2806 5428 fugere;
2839 5354 3062 5408 alteram
3092 5365 3221 5405 vero
3251 5360 3458 5418 parare,
3490 5339 3699 5397 infinitis
3723 5327 3857 5387 reler-

2321 5464 2426 5508 tam
2458 5450 2886 5514 calamitatibus,
2929 5446 3224 5507 insuavem,
3271 5440 3579 5498 molestam,
3616 5415 3856 5485 valetudini

2321 5553 2600 5599 nocentem
2617 5583 2632 5606 ,
2656 5552 2741 5608 et,
2767 5539 2907 5610 quod
2932 5537 3170 5592 omnium
3193 5543 3277 5588 est
3301 5530 3694 5603 gravissimum,
3723 5518 3855 5570 Deum

2321 5647 2504 5690 contra
2535 5647 2633 5688 nos
2653 5639 3028 5702 provocantem
3051 5629 3072 5681 ?
3097 5626 3228 5680 Nam
3250 5625 3293 5678 si
3321 5622 3484 5676 Vidua
3508 5633 3617 5689 qua!
3635 5615 3684 5667 in
3702 5600 3856 5662 deliciis

2321 5739 2428 5793 eu,
2473 5693 2867 5782 vivens-mortua
2909 5733 2979 5779 est
3008 5719 3255 5792 (I.Tim.
3281 5719 3334 5772 5.
3377 5717 3409 5770 6
3451 5717 3492 5786 ),
3536 5709 3655 5783 quid
3677 5704 3736 5762 de
3755 5693 3854 5753 virsi

2396 5887 2411 5918 Â¹
2447 5883 2598 5943 Colb.,
2625 5884 2808 5945 Ï„á½³ÏÎµÎ½Î±.
