4124 6446
302 437 405 495 7H

300 555 632 628 εὐχείρωτος
662 554 738 609 ὢν
766 558 875 619 τοῖς
902 554 1134 627 ἐχθροῖς,
1163 556 1325 609 πᾶσιν
1356 556 1629 630 ἄχρηστος
1656 563 1768 624 τοῖς
1797 559 1884 629 φί-

299 639 423 704 λοις
466 640 559 693 καί
603 641 717 703 τοῖς
766 640 1152 709 προσήκουσιν.
1206 638 1324 693 Οὐκ
1370 643 1427 694 ἐν
1478 642 1742 707 κινδύνοις
1791 644 1885 697 καὶ

297 722 692 792 περιστάσεσιν
725 721 1126 793 εὐεπηρέαστος
1166 721 1325 792 μόνον
1353 724 1381 776 ό
1407 724 1666 789 τοιοῦτος.
1695 728 1796 780 οὐκ
1826 729 1884 780 ἐν

297 805 513 876 γαλήνη
559 806 652 858 καὶ
674 805 828 875 ἀδείᾳ
855 804 1147 876 ἀφόρητος,
1177 804 1315 859 ἀλλά
1339 807 1432 859 καὶ
1461 808 1520 859 ἐν
1546 810 1669 871 ταῖς
1694 808 1884 862 δυσκο-

295 887 447 952 λίαις
479 888 585 941 61:0
629 888 728 957 τῆς
752 887 1021 958 ἀμετρίας
1051 888 1267 957 ἑκάστῳ
1294 889 1404 942 τῶν
1432 892 1882 961 προσπιπτόντων

295 972 457 1025 ἔσται
489 971 781 1042 ἄχρηστος.
840 969 987 1023 Ἐκεῖ
1016 971 1114 1041 μὲν
1158 971 1267 1042 γάρ
1299 973 1483 1037 αὐτὸν,
1518 975 1576 1026 ἐν
1601 978 1721 1038 ταῖς
1753 975 1881 1028 δυσ-

294 1055 559 1126 ημερίαις
600 1054 762 1122 λέγω,
812 1052 979 1107 δειλία
1007 1096 1019 1120 ,
1073 1054 1170 1107 καὶ
1225 1056 1484 1126 ἀνανδρία
1509 1097 1525 1117 ,
1575 1060 1669 1112 καὶ
1719 1060 1881 1128 φόϐος

293 1137 571 1208 ἄμετρος,
624 1137 721 1190 καὶ
771 1136 999 1190 ἀϐουλία
1038 1137 1207 1209 πολλὴ
1256 1138 1508 1205 καθέξει·
1558 1141 1792 1195 ἐνταῦθα
1822 1144 1880 1197 δὲ

291 1218 531 1291 θράσος,
573 1221 669 1272 καὶ
704 1218 965 1290 ῥᾳθυμία,
1001 1219 1097 1273 καὶ
1144 1220 1445 1286 ἀκολασία,
1499 1223 1737 1293 ἀμετρία
1788 1227 1881 1280 καὶ

292 1304 484 1372 τῦφος,
516 1304 611 1358 καί
657 1303 967 1367 ἀλαζονεία,
1000 1303 1109 1356 τῶν
1134 1303 1418 1374 προτέρων
1467 1305 1662 1375 μᾶλλον
1684 1308 1878 1378 δυσχε-

291 1386 554 1456 ρέστερον
585 1386 738 1456 παρά
763 1387 899 1438 πᾶσι
940 1388 1105 1439 ποιεῖ.
1156 1386 1231 1439 Οὐ
1259 1385 1369 1456 γάρ
1394 1387 1457 1457 δὴ
1487 1389 1646 1457 μόνον
1675 1390 1743 1444 τὰ
1774 1391 1879 1445 σώ-

292 1487 439 1540 ματα
467 1470 575 1522 τῶν
603 1468 747 1523 οὕτω
770 1469 1129 1540 διακειμένων
1161 1470 1255 1523 καὶ
1281 1469 1455 1541 ἀειδῆ.
1485 1472 1579 1524 καὶ
1606 1474 1873 1545 πλαδαρά,

287 1554 386 1604 καὶ
431 1551 718 1624 διάϐροχα,
756 1554 851 1606 καὶ
877 1552 1143 1614 δυσωδίας
1174 1552 1450 1624 ἀφορήτου
1486 1554 1751 1610 πάντοθεν
1779 1557 1877 1628 έμ-

288 1637 431 1688 πλεα
460 1636 728 1704 γίγνεται,
756 1634 893 1688 ἀλλά
920 1635 1070 1706 καὶή
1115 1634 1261 1706 ψυχὴ
1316 1634 1451 1690 πολὺ
1484 1636 1577 1690 τοῦ
1625 1637 1875 1709 σώματός

283 1720 438 1770 ἐστιν
471 1717 789 1791 ἀειδεστέρα
815 1759 830 1783 ,
878 1716 1058 1788 πολλῷ
1095 1717 1319 1788 μείζονα
1357 1718 1566 1772 ἐκείνου
1594 1722 1873 1792 νοσήματα

280 1804 557 1875 δεξαμένη
601 1802 753 1872 παρά
790 1803 892 1873 τῆς
922 1803 1156 1873 τρυφῆς.
1188 1800 1460 1873 Καθάπερ
1483 1802 1591 1874 γάρ
1625 1804 1685 1857 :0
1714 1806 1873 1877 σῶμα

279 1887 343 1938 06
369 1887 443 1940 τά
471 1885 614 1941 κατὰ
642 1885 804 1955 φύσιν
829 1884 1221 1956 περιττώματα
1249 1885 1499 1955 προΐεται
1532 1884 1712 1956 μόνον,
1735 1888 1873 1944 ἀλλά

283 1969 470 2039 πολλῷ
535 1968 718 2022 πλεῖον
780 1967 878 2021 καὶ
941 1965 1278 2037 πανταχόθεν
1309 1981 1324 1997 ·
1396 1966 1547 2040 [775]
1609 1969 1702 2022 καὶ
1762 1972 1872 2043 γάρ

277 2053 557 2124 ὀφθαλμοὶ
581 2092 597 2118 ,
647 2050 741 2104 καὶ
773 2052 939 2123 ῥῖνες,
973 2050 1067 2103 καὶ
1097 2050 1344 2120 στόματα
1366 2090 1382 2116 ,
1428 2049 1538 2104 τῶν
1583 2050 1731 2105 ἐνδον
1766 2056 1871 2110 67:0

278 2136 383 2207 τῆς
438 2135 740 2207 γενομένης
789 2132 1127 2205 πλημμύρας
1165 2133 1587 2205 βαρυνομένων.
1646 2136 1871 2207 ἰκμάδος

276 2218 628 2290 φαυλοτάτης
672 2217 768 2271 καὶ
802 2216 1101 2287 διαφθορᾶς
1125 2215 1561 2287 ἀναπίμπλαται,
1605 2220 1699 2275 καί
1728 2222 1868 2293 αὐτῆ

276 2305 375 2374 τῆς
399 2301 609 2375 σαρκὸς
631 2302 665 2373 ἡ
692 2298 856 2369 φύσις
881 2298 1186 2370 χαυνοτέρα
1210 2301 1476 2372 γενομένη
1504 2301 1607 2373 τῆς
1634 2305 1869 2376 φυσικῆς

276 2386 651 2458 συμμετρίας,
685 2383 940 2454 καθάπερ
974 2382 1251 2455 βορϐόρων
1280 2384 1373 2438 καί
1397 2384 1726 2457 ἀκαθάρτων
1749 2389 1869 2442 τελ-

278 2470 468 2539 μάτων
503 2466 824 2537 πλησθεῖσα,
853 2466 1098 2537 δυσώδης
1129 2482 1189 2518 τε
1215 2466 1332 2537 ἅμα
1358 2467 1452 2521 καὶ
1478 2467 1751 2541 ἄχρηστος
1784 2474 1867 2543 γί.

274 2570 464 2623 γνεται
488 2595 503 2618 ,
550 2553 646 2607 καὶ
683 2551 820 2623 πρὸς
861 2552 972 2603 πᾶν
1005 2551 1165 2622 ἔργον
1196 2552 1399 2619 ἀγαθὸν
1437 2554 1714 2626 ἀδόκιμος.
1756 2559 1865 2612 Καὶ

271 2639 378 2711 γάρ
403 2637 506 2691 καὶ
534 2635 673 2706 αὑτὴ
703 2636 738 2707 η
772 2634 843 2704 γῆ
865 2634 994 2688 ὃταν
1016 2634 1120 2687 ὑπὸ
1139 2636 1241 2704 τῆς
1269 2637 1524 2709 τοιαύτης
1550 2639 1865 2709 πλεονεξίας

271 2718 672 2790 τυραννηθεῖσα
739 2716 839 2787 τὴν
886 2716 1097 2771 οἰκείαν
1156 2718 1253 2771 καὶ
1317 2718 1558 2790 ἔμφυτον
1621 2724 1861 2798 ἀπολέσῃ

272 2804 609 2876 θερμότητα,
652 2801 1043 2856 συναπόλλυσιν
1094 2802 1271 2874 αὐτῆς
1304 2804 1400 2857 καὶ
1430 2804 1529 2875 τὴν
1561 2806 1735 2875 ἰσχὺν,
1767 2810 1862 2861 καὶ

270 2888 393 2943 οὕτε
442 2889 586 2958 πρὸς
630 2887 916 2958 ἐργασίαν,
958 2884 1082 2939 οὔτε
1122 2886 1259 2957 1:90;
1309 2888 1409 2959 τὴν
1453 2891 1659 2944 οἰκείαν
1697 2896 1860 2965 γονήν

271 2973 416 3026 ἐστιν
438 2969 765 3041 ἐπιτήδειος.
811 2967 1095 3022 Ἐντεῦθεν.
1116 2970 1172 3029 δὲ
1200 2969 1456 3039 χαλεποῖς
1497 2973 1593 3026 καί
1619 2975 1860 3041 ἀνιάτοις

270 3057 589 3111 ἁλίσκονται
621 3055 925 3124 νοσήμασιν
969 3053 1019 3105 οί
1061 3055 1242 3123 τρυφῇ
1278 3053 1550 3118 συζῶντες
1577 3056 1856 3127 διηνεκεῖ·

270 3142 361 3194 καὶ
386 3140 503 3211 γάρ
529 3138 773 3210 τρόμοις,
808 3137 905 3190 καὶ
950 3134 1201 3206 παρέσει,
1249 3136 1344 3190 καὶ
1372 3138 1533 3210 φθόῃ,
1575 3140 1670 3193 καὶ
1695 3142 1858 3213 κορύ-

268 3224 407 3289 ζαις,
443 3222 544 3277 καὶ
582 3221 919 3289 ποδαλγίαις,
952 3221 1046 3273 καί
1095 3219 1456 3291 χειραλγίαις,
1509 3222 1605 3275 καί
1647 3223 1855 3295 ἐτέροις

267 3309 533 3370 πλείοσιν,
567 3306 705 3374 ὅπερ
739 3302 940 3372 ἰατρῶν
971 3302 1189 3371 λέγουσι
1220 3303 1430 3369 παῖδες,
1468 3304 1733 3377 ἀλώσιμοι
1765 3307 1853 3376 γί-

266 3408 470 3446 νονται.
519 3388 705 3452 Οὕτως
742 3388 793 3440 εἰ
838 3386 934 3440 καὶ
972 3384 1048 3457 μὴ
1080 3385 1275 3454 γέεννα
1313 3381 1403 3457 ἦν,
1443 3387 1578 3459 μηδέ
1606 3389 1850 3455 κόλασις,

269 3473 401 3545 μηδὲ
450 3473 804 3539 κατάγνωσις
852 3468 1054 3541 ἐσχάτη
1105 3469 1258 3541 παρά
1311 3469 1469 3536 Θεοῦ,
1524 3471 1658 3544 μηδὲ
1704 3474 1852 3544 παρὰ

264 3555 578 3628 ἀνθρώποις
624 3552 849 3625 μέμψις,
890 3551 1024 3624 μηδὲ
1075 3553 1109 3623 ή
1153 3553 1381 3624 ἄκαιρος
1426 3552 1662 3625 δαπάνη,
1716 3558 1852 3627 μηδὲ

265 3639 422 3710 ἐτερα
450 3638 626 3709 μυρία
667 3638 738 3690 τὰ
764 3635 873 3690 ἀπὸ
918 3636 1019 3707 τῆς
1059 3637 1269 3707 τρυφῆς
1315 3636 1661 3707 ἐγγινόμενα,
1694 3640 1853 3695 τοῦτο

262 3722 318 3775 δὲ
351 3722 519 3793 μόνον
550 3720 783 3792 προσῆν,
824 3720 923 3791 οὐχ
974 3719 1157 3773 ἰκανὸν
1205 3719 1454 3784 ἅπαντας
1505 3722 1848 3795 ἀποτρέψαι;

264 3805 617 3878 Δηλητηρίων
648 3804 759 3876 γάρ
789 3803 1097 3875 φαρμάκων
1120 3802 1289 3867 ,οὐδὲν
1317 3803 1541 3873 ἄμεινον
1572 3807 1631 3859 αί
1669 3808 1853 3862 τοιαῦ-

263 3889 347 3943 ται
364 3888 733 3944 διακείσονται
752 3885 1048 3958 τράπεζαι,
1076 3886 1278 3957 μᾶλλον
1297 3886 1374 3952 δέ,
1398 3890 1447 3941 εἰ
1467 3887 1550 3941 δεῖ
1573 3888 1632 3942 :0
1650 3889 1848 3959 ἀληθὲς

263 3974 457 4039 εἰπεῖν,
485 3972 580 4026 καὶ
605 3970 788 4041 πολλῷ
815 3972 1012 4040 χεῖρον.
1061 3968 1142 4022 Τά
1189 3970 1286 4039 μὲν
1317 3970 1426 4041 γάρ
1476 3971 1678 4037 εὐθέως
1735 3976 1847 4028 ἀπ-

264 4054 460 4125 ήνεγκε
484 4055 574 4108 τὸν
593 4053 846 4118 λαϐόντα,
874 4054 969 4107 καὶ
986 4053 1083 4124 τὴν
1115 4052 1369 4125 τελευτὴν
1385 4054 1725 4126 ἀναισθήτως
1751 4060 1848 4111 ἐπ-

263 4138 491 4208 ήγαγεν,
511 4137 586 4201 ὡς
613 4135 746 4208 μηδέ
756 4135 904 4206 αὐτῷ
918 4134 1092 4205 τούτῳ
1110 4134 1349 4207 λυπῆσαι
1366 4136 1458 4191 τὸν
1483 4139 1842 4196 ἀποθανόντα·

263 4216 422 4275 αὗται
457 4222 516 4275 δὲ
552 4220 700 4290 ζωὴν
755 4219 965 4290 μυρίων
1017 4219 1264 4274 θανάτων
1310 4221 1697 4294 χαλεπωτέραν
1744 4228 1846 4279 ἐπ-

264 4303 452 4372 άγουσι
504 4307 618 4367 τοῖς
662 4302 832 4366 αὐτάς
878 4304 1009 4373 περί
1041 4302 1237 4356 πολλοῦ
1273 4305 1616 4375 ποιουμένοις
1637 4348 1650 4369 ,
1702 4307 1846 4382 ζωὴν

263 4386 417 4459 ἔφην,
452 4389 553 4442 οὐκ
580 4386 819 4457 ἐλεεινὴν
848 4386 1030 4456 μόνον,
1063 4386 1199 4440 ἀλλά
1232 4389 1327 4441 καὶ
1359 4389 1592 4460 αἰσχρὰν
1626 4392 1718 4445 καὶ
1747 4410 1846 4446 κα-

265 4472 614 4539 ταγέλαστον.
667 4471 749 4524 Τά
800 4471 897 4540 μὲν
953 4470 1063 4541 γάρ
1097 4470 1232 4526 ἄλλα
1260 4471 1407 4544 πάθη
1456 4473 1685 4540 πολλοὺς
1733 4477 1845 4549 ἔχει

263 4557 388 4619 τοὺς
418 4554 840 4623 συναλγοῦντας,
866 4554 968 4606 ὅσα
989 4554 1047 4606 δὲ
1065 4554 1175 4608 ἀπὸ
1196 4557 1406 4627 τρυφῆς
1430 4556 1528 4610 καὶ
1557 4558 1729 4631 μέθης
1750 4562 1846 4631 γέ.

263 4655 437 4705 γονεν,
471 4639 594 4693 οὐδὲ
646 4637 1009 4710 βουλομένους
1050 4639 1176 4701 τοὺς
1208 4638 1452 4710 ὁρῶντας
1494 4642 1690 4714 ἀφίησι
1720 4661 1844 4698 συν-

261 4721 492 4794 αλγῆσαι
532 4725 644 4785 τοῖς
688 4722 781 4775 ὑπ’
829 4720 1011 4775 αὐτῶν
1053 4721 1428 4793 χειρωθεῖσιν·
1488 4725 1603 4779 ἀλλ’
1651 4729 1684 4797 ή
1743 4729 1844 4800 μὲν

264 4803 533 4878 ὑπερϐολὴ
577 4805 673 4859 τοῦ
704 4802 874 4859 κακοῦ
926 4805 1065 4876 πρὸς
1104 4803 1252 4858 ἔλεον
1297 4806 1655 4878 ἐπικάμπτει,
1706 4812 1740 4882 ἠ
1785 4811 1842 4866 δὲ

263 4887 516 4953 ὑπόθεσις
540 4888 634 4943 τοῦ
666 4889 972 4958 νοσήματος
1000 4887 1294 4960 παροξύνει
1329 4890 1423 4944 τὸν
1454 4891 1650 4948 είδόται.
1695 4894 1841 4949 Διότι

266 4969 423 5039 μέσον
447 4991 501 5027 τι
532 4973 705 5035 πάθος
733 4972 1001 5043 πάθοιμεν
1035 4972 1124 5040 ἂν,
1153 4972 1277 5027 οὕτε
1300 4972 1577 5039 ἐλεοῦντες
1606 4978 1805 5043 αύτούς
1824 4997 1837 5010 ·

262 5053 322 5105 06
362 5055 469 5126 γὰρ
513 5057 740 5127 ἀφίησιν
790 5056 986 5120 αὐτοὺς
1024 5057 1058 5127 ή
1102 5056 1252 5111 αἰτία
1295 5057 1404 5112 τῶν
1446 5059 1670 5115 δεινῶν·
1714 5061 1839 5116 οὔτε

261 5136 613 5212 ὀργιζόμεθα·
640 5141 700 5195 ού
725 5139 835 5212 γάρ
860 5139 1143 5211 ἐπιτρέπει
1165 5141 1226 5193 :0
1248 5140 1476 5211 μέγεθος
1499 5143 1607 5197 τῶν
1624 5145 1835 5211 δεινῶν,

262 5216 395 5273 ἀλλὰ
426 5222 626 5292 μεταξὺ
662 5222 997 5294 κατηγορίας
1044 5223 1137 5278 καί
1180 5223 1511 5297 συγγνώμης
1542 5227 1575 5297 ή
1624 5229 1833 5293 στάσις.

263 5301 336 5386 06
382 5303 489 5377 γὰρ
543 5306 645 5360 61:0
709 5307 809 5376 τῆς
851 5308 1068 5375 φύσεως
1118 5308 1539 5380 ἐπηρεάσθησαν
1585 5312 1837 5386 καθάπερ

265 5382 519 5467 κάκεῖνοι,
553 5390 675 5443 οὐδέ
707 5389 812 5444 61:0
847 5390 954 5445 τῶν
999 5389 1301 5462 ἀνθρώπων
1338 5382 1834 5467 ἐπεϐουλεύθησαν.

267 5463 373 5517 ἀλλ’
401 5471 553 5525 αὐτοὶ
594 5473 918 5545 δημιουργοί
956 5474 1065 5528 τῶν
1103 5475 1427 5545 νοσημάτων
1470 5463 1835 5543 ἐαυτοῖςτού-

265 5560 369 5600 των
392 5551 655 5621 ἐγένοντο,
688 5556 904 5622 ἑκόντες
925 5557 1155 5620 ἑαυτοὺς
1178 5558 1496 5628 ῥιπτοῦντες
1526 5563 1605 5623 είς
1635 5561 1697 5615 :0
1723 5564 1832 5617 τῶν

266 5631 446 5714 κακῶν
494 5635 787 5710 βάραθρον.
845 5640 1054 5712 ’Ὠσπερ
1101 5637 1193 5695 οὖν
1269 5643 1397 5707 τοὺς
1453 5643 1682 5714 βρόχους
1732 5647 1829 5700 ἀν-

266 5708 546 5785 ἅπτοντας,
567 5708 817 5787 καίίτοὺς
843 5723 984 5778 κατά
1018 5708 1277 5797 κρημνῶν
1306 5708 1826 5795 ἀφιέῆαςέαυτοὺς,

260 5796 501 5868 καὶτοὺς
548 5805 636 5858 διά
687 5806 867 5876 μέσων
899 5805 1065 5878 ξιφῶν
1093 5809 1320 5873 ἑαυτοὺς
1366 5810 1720 5882 ἀναιροῦντας
1766 5815 1825 5867 o6

255 5879 447 5954 σφόδρα
500 5888 859 5962 οἰκτείρομεν,
898 5891 1068 5957 οὕτως
1111 5891 1228 5947 οὐδὲ
1274 5879 1519 5956 τούτους)
1557 5894 1745 5949 Καίτοι
1778 5899 1830 5951 εἰ

1373 434 1460 491 DE
1507 436 1689 494 ΡΑΤο
1740 440 1827 494 ΕΤ
1890 439 2372 502 [ιιιονιῡεΝτιΑ.
2413 447 2498 503 VI.

3460 458 3564 513 772

1987 560 2069 614 δεῖ
2113 563 2440 636 συγγνώμης
2482 568 2699 637 τυχεῖν,
2751 570 2949 638 μᾶλλον
2999 571 3195 627 ἐκεῖνοι
3242 574 3448 631 τούτων
3494 579 3562 633 ἀν

1985 650 2216 720 τύχοιεν,
2245 656 2294 707 εἰ
2330 656 2426 708 καί
2456 656 2610 709 αύτοί⁵
2640 658 2844 729 σφόδρα
2889 659 2955 713 ἂν
3003 657 3114 714 εἷεν
3162 664 3554 733 ἀσύγγνωστοι.

1997 738 2223 794 Ἐκεῖνοι
2259 743 2357 829 μὲν
2386 744 2552 816 γάρῆ
2591 747 2995 817 συκοφαντίαις,
3031 751 3062 820 ἥ
3099 751 3322 823 ζημίαις
3343 758 3564 829 χρημά-

1984 840 2110 913 των,
2124 826 2159 898 ῆ
2179 828 2626 902 προσδοκώμενον
2643 833 2904 904 κίνδυνον,
2924 836 2955 907 ἢ
2981 837 3193 910 πληγάς
3216 826 3560 913 ἐλπίσαντες,

1983 912 2015 982 ἢ
2049 913 2232 985 ἕτερόν
2259 934 2378 970 τινα
2405 919 2878 991 καραδοκήσαντες
2919 925 3106 994 φόϐον,
3143 931 3236 983 καὶ
3273 932 3558 1002 μειζόνων,

1983 1003 2209 1067 ἑαυτοὺς
2237 1004 2424 1059 κακῶν
2465 1007 2880 1079 ἐξαρπάζοντες,
2917 1014 3009 1066 ἐπὶ
3038 1015 3137 1085 τὴν
3170 1018 3268 1088 τῆς
3298 1020 3556 1095 τελευτῆς

1983 1088 2337 1158 παραμυθίαν
2382 1092 2851 1165 καταφεύγουσιν,
2895 1097 3085 1173 ῶσπερ
3132 1104 3212 1167 εἰς
3261 1105 3456 1162 ἅσυλόν
3504 1088 3559 1166 τι

1980 1175 2177 1245 χωρίον
2231 1175 2322 1230 τὸν
2381 1179 2608 1233 θάνατον
2660 1184 3125 1257 κατατρέχοντες,
3175 1190 3429 1268 ῆῶσπερ
3477 1200 3559 1264 εἰς

1980 1260 2175 1331 λιμένα
2218 1264 2340 1359 τινὰ
2364 1265 2540 1323 εὕδιον
2573 1271 2680 1324 ἀπὸ
2722 1273 2830 1327 τῶν
2860 1277 3324 1359 προσδοκωμένων
3357 1260 3559 1359 χειμώλ

1979 1367 2085 1403 νων
2110 1350 2432 1417 σπεύδοντες
2452 1356 2545 1410 καί
2568 1359 2944 1430 ἐπειγόμενοι-·
2972 1350 3196 1423 οὗτοι·δέ
3219 1350 3559 1431 οὐδέν’τοίοῦ-

1978 1456 2068 1492 τον
2088 1439 2301 1510 ἔχοντες
2321 1445 2515 1511 εἰπεῖν,
2544 1448 2750 1518 μυρίων
2776 1449 2964 1519 βιαίων
2988 1455 3234 1512 θανάτων
3260 1463 3371 1534 ζωῇ
3402 1463 3454 1536 [7
3465 1466 3554 1539 76]

1977 1528 2335 1600 χαλεπωτέρα
2364 1533 2750 1603 παραδιδόασιν
2779 1539 3023 1606 ἑαυτούς.
3050 1542 3318 1620 Εὖκαιρον
3346 1528 3440 1606 οὖν
3459 1528 3559 1606 νῦν

1977 1615 2150 1668 εἰπεῖν
2179 1618 2354 1671 ἐκεῖνο
2382 1620 2445 1673 :0
2470 1619 2563 1673 :06
2613 1624 2777 1691 σοφοῦ
2798 1640 2814 1656 ·
2872 1626 2937 1679 Τί
2940 1648 2971 1694 ς
2996 1615 3241 1698 ἐλεήσει
3268 1637 3558 1695 ἐπαοιδόω

1975 1703 2374 1772 ὀφιόδηκτοκα
2396 1745 2420 1770 ν
2452 1709 2550 1761 καί
2577 1709 2809 1780 πάντας
2835 1715 2978 1781 τοὺς
3005 1720 3420 1792 προσάγοντας
3452 1731 3556 1796 0n-

1964 1790 2121 1857 ρίοις
2149 1790 2433 1859 ἐαυτούς;
2479 1795 2677 1868 Θηρίον
2722 1800 2831 1870 γάρ
2870 1802 3084 1876 ἐστινὴ
3129 1790 3333 1881 τρυφὴ,
3366 1790 3557 1886 θηρίον

1973 1877 2321 1948 χαλεπὸν-καί
2349 1881 2658 1951 ἀτίθασσον,
2684 1887 2777 1940 καί
2797 1889 2895 1960 οὐχ
2922 1889 3065 1946 οὕτω
3095 1877 3355 1966 σκορπίος
3374 1900 3406 1973 ἢ
3423 1877 3555 1973 όφις

1970 1968 2083 2028 τοῖς
2107 1966 2434 2039 σπλάγχνοις
2452 1970 2609 2040 ήμῶν
2625 1974 2997 2046 ἐγκαθήμενος
3015 1979 3335 2051 λυμαίνεται
3355 1966 3556 2046 πανταξ

1970 2054 2118 2148 χόσε,
2281 2059 2314 2127 ή
2354 2058 2457 2148 τῆς
2480 2060 2696 2131 τρυφῆς
2724 2062 2991 2136 ἐπιθυμία
3039 2070 3218 2125 πάντα
3255 2074 3552 2148 ἀνατρέπει

1970 2143 2066 2197 καὶ
2091 2144 2370 2200 ἀπόλλυσι.
2415 2147 2541 2212 Τοῖς
2578 2150 2677 2220 μὲν
2710 2151 2816 2224 γάρ
2849 2152 3059 2226 θηρίοις
3106 2161 3338 2226 ἐκείνοις
3387 2143 3553 2237 μέχρι

1968 2230 2061 2285 τοῦ
2092 2231 2342 2305 σώματος
2377 2237 2410 2305 ἡ
2448 2237 2707 2310 ἐπιϐουλή
2732 2257 2747 2273 ·
2784 2240 2921 2313 αὕτη
2951 2243 3032 2307 δὲ,
3064 2247 3192 2301 ὅταν
3219 2230 3549 2328 ἐγκαθεσθῆ,

1971 2320 2110 2392 μετὰ
2161 2324 2255 2377 τοῦ
2304 2323 2557 2396 σώματος
2607 2329 2699 2382 καί
2751 2330 2850 2403 τήν
2893 2332 3072 2405 ψυχὴν
3120 2320 3546 2409 προσαπόλλυαίξ

1967 2410 2166 2481 Διόπερ
2213 2410 2474 2483 φύγωμεν
2512 2415 2607 2467 ἀπ’
2638 2418 2831 2489 αὐτῆς,
2862 2419 2939 2483 ὼς
2966 2422 3253 2494 φρονίμοις
3284 2427 3449 2500 λέγω.
3485 2431 3548 2489 Et

1970 2499 2069 2570 μὲν
2102 2500 2216 2571 ἔχει
2252 2518 2304 2555 τι
2337 2504 2606 2575 χρηστὸν,
2661 2507 2735 2578 μὴ
2775 2509 3160 2583 ἀνασχώμεθα,
3205 2517 3279 2589 μὴ
3309 2499 3545 2577 πεισθῶ-

1968 2606 2095 2658 μεν⁶
2144 2590 2194 2677 εἰ
2239 2590 2297 2644 δὲ
2335 2591 2510 2664 ἀληθῆ
2553 2593 2621 2649 τά
2670 2597 2959 2668 εἰρημένα,
3005 2604 3099 2656 καὶ
3127 2603 3273 2677 λύμη
3328 2610 3547 2666 πάντων

1963 2675 2080 2728 ἐστί
2108 2676 2169 2729 :0
2198 2679 2451 2748 πρᾶγμα,
2496 2682 2595 2733 καὶ
2635 2684 2952 2752 κατάγελως
2989 2687 3235 2759 ἔσχατος,
3264 2675 3427 2764 ίύμῶν
3448 2702 3547 2755 αὑτ-

1961 2763 2071 2817 τῶν
2105 2765 2365 2834 φείσασθε
2412 2768 2511 2837 τῆς
2555 2769 2644 2822 τοῦ
2700 2771 2954 2842 σώματος
2986 2777 3229 2848 ῥώσεως,
3276 2786 3375 2855 τῆς
3407 2790 3550 2844 κατά

1959 2850 2413 2943 ψυχὴνηὺγιείαςι.
2434 2856 2509 2943 (ξύ
2535 2856 2678 2925 λέγω
2709 2860 2845 2930 πρὸς
2876 2862 3297 2938 σκληραγωγίαν
3319 2850 3547 2943 ἐαυτοὺς

1958 2938 2209 3034 ἀγαγεῖν,
2244 2940 2318 3034 ἂν.
2340 2938 2414 3012 μὴ
2433 2939 2764 3034 βουληθείης
2786 2965 2800 2979 ·
2848 2950 2909 3004 :0
2939 2955 3194 3025 περιττὸν
3241 2938 3544 3034 ἀνέλωμεν,

1957 3026 2019 3078 :0
2045 3026 2155 3121 ⁸τῆς
2198 3028 2387 3121 χρείας
2431 3028 2535 3121 ἔξω
2585 3034 2988 3108 περικόψωμεν.
3047 3041 3214 3098 Ποίαν
3261 3047 3370 3119 γάρ
3418 3026 3549 3121 ἐτυγᾷ

1957 3112 2184 3210 γνῶ-μην
2236 3115 2452 3210 ἔχομεν,
2489 3120 2616 3210 ὅταν
2665 3122 2840 3194 ἕτεροι
2896 3125 2995 3195 μὲν
3031 3130 3167 3200 μηδὲ
3211 3112 3311 3203 τῆς
3335 3112 3547 3210 ’χρείας

1954 3200 2269 3256 ἀπολαύωσι
2331 3203 2509 3275 κύριοι
2560 3206 2745 3275 ὄντες,
2798 3211 2959 3281 ἡμεῖς
3002 3215 3062 3267 δὲ
3115 3219 3210 3272 καὶ
3445 3200 3547 3299 τὴν

1954 3291 2142 3361 χρείαν
2190 3293 2496 3365 ὀδεύωμενς
2544 3296 2710 3367 Ὄρος
2756 3300 2890 3370 ἡμῖν
2933 3302 3075 3358 ἔστω
3107 3311 3312 3381 τροφῆς
3352 3291 3423 3367 :0.
3467 3291 3546 3389 μίὴ

1955 3383 2209 3453 βλάπτον,
2248 3384 2312 3438 :0
2355 3385 2561 3439 παῦσαι
2601 3390 2908 3457 πεινῶντας
2952 3398 3121 3468 χωρὶς
3151 3399 3356 3474 βλάϐης
3381 3383 3540 3461 δυιίάξ

1955 3489 2135 3543 μενον,
2175 3474 2487 3546 περαιτέρω
2521 3475 2578 3529 δὲ
2613 3478 2781 3549 μηδὲν
2816 3481 3169 3556 ἐπιζητῶμεν
3194 3503 3206 3516 ·
3257 3491 3458 3560 μᾶλλον
3484 3496 3541 3550 δὲ

1953 3561 2002 3612 εἰ
2036 3562 2140 3632 χρή
2169 3577 2227 3613 τι
2252 3560 2562 3632 θαυμαστὸν
2593 3566 2792 3630 εθπεῖν,
2844 3570 2939 3623 καὶ
2969 3574 3123 3643 παρὰ
3156 3574 3254 3646 τὴν
3279 3578 3389 3631 τῶν
3416 3582 3541 3637 πολ-

1951 3650 2059 3705 λῶν
2084 3652 2372 3724 ὑπόληψιν,
2396 3654 2595 3726 ἀληθὲς
2612 3656 2688 3724 δὲ,
2716 3660 2767 3712 εἰ
2806 3661 2903 3714 καὶ
2932 3662 3124 3737 ἡδονὴν
3148 3668 3538 3745 ἐπιζητοῦμεν,

1950 3741 2010 3793 ἐν
2032 3740 2335 3813 αὐταρκείᾳ
2360 3742 2564 3814 ταύτην
2595 3745 2794 3816 μᾶλλον
2828 3749 2862 3821 ἢ
2894 3751 2953 3802 ἐν
2983 3757 3162 3825 τρυφῇ
3189 3740 3354 3812 οὖσαν
3375 3740 3539 3835 εύρήζ

1952 3844 2136 3899 σομεν.
2173 3828 2438 3883 ’Ἄκουσον
2469 3831 2586 3896 πῶς
2632 3833 2770 3906 αὕτη
2818 3836 3020 3907 μείζων
3059 3841 3278 3916 ἐκείνης
3307 3828 3457 3903 ἐστὶν

1948 3916 2110 4008 ήδονὴ
2146 3917 2241 4008 καί
2282 3919 2653 4008 εύπορωτέρατ
2707 3923 2770 4008 Ἡ
2802 3927 2916 3994 μὲν
2951 3928 3062 3999 γάρ
3108 3931 3229 3986 οὐδὲ
3277 3916 3537 4008 συστῆναί

1947 3999 2169 4055 δύναται
2199 4002 2407 4066 λοιπὸν,
2437 4005 2560 4058 οὐδὲ
2597 4006 2841 4079 εὑρίσκει
2871 4009 3032 4079 φύσιν
3080 4013 3388 4089 βρωμάτων
3415 3999 3536 4077 έπι-

1946 4089 2217 4160 τηδείανδ
2263 4092 2400 4162 αὐτῇ
2426 4109 2439 4122 ⁸
2486 4094 2519 4164 ἡ
2556 4093 2615 4146 δὲ
2644 4094 2737 4148 καὶ
2776 4095 2846 4163 ἐξ,
2884 4101 3142 4157 ἐναντίων
3181 4107 3536 4167 συνίστασθαι

1946 4176 2186 4233 δύναται,
2211 4179 2309 4243 Τίς
2337 4179 2496 4234 τοῦτό
2527 4198 2727 4251 φησιν;
2766 4184 2825 4238 '0
2861 4187 3099 4257 μάλιστα
3121 4193 3342 4249 πάντων
3366 4199 3535 4271 αὐτῆς

1947 4264 2353 4331 ἀπολελαυκώς.
2389 4267 2567 4337 Ψυχῇ
2597 4268 2734 4341 γάρ,
2767 4273 2953 4343 φησὶν,
2985 4275 3182 4332 ἐνδεεῖ
3206 4281 3305 4334 καί
3338 4286 3410 4339 τὰ
3436 4264 3534 4340 πί-

1947 4354 2060 4422 κρὰ
2097 4354 2331 4442 γλυκέα
2361 4358 2664 4425 φαίνεται·
2705 4361 2879 4431 ψυχὴ
2920 4364 3395 4439 ἐμπεπλησμένη
3430 4390 3534 4442 κη-

1937 4443 2096 4509 ρίοις
2125 4441 2406 4512 ἐμπαίζει.
2449 4445 2612 4517 Ὁρᾷς
2650 4448 2768 4512 πῶς
2800 4450 3015 4523 ἐκείνην
3055 4453 3154 4523 μὲν
3186 4457 3281 4508 καί
3318 4458 3377 4524 ἐξ
3421 4461 3533 4514 ὀλί-

1945 4545 2057 4597 γων
2087 4531 2179 4583 καὶ
2210 4532 2274 4583 ἐκ
2310 4533 2526 4586 πάντων
2569 4536 2827 4602 συστῆναι
2866 4539 3071 4609 ῥᾴδιον,
3104 4542 3308 4614 ταύτην
3348 4547 3405 4600 δὲ
3439 4549 3532 4601 06-

1943 4616 2162 4688 δαμῶςς
2195 4619 2257 4670 Εἰ
2286 4620 2395 4690 γάρ
2420 4619 2489 4672 τά
2528 4623 2697 4691 κηρία
2732 4623 2805 4694 μὴ
2841 4626 3209 4698 προσιέμεθα,
3239 4632 3293 4683 τί
3320 4632 3531 4700 γένοιτο

1943 4704 2009 4758 ἂν
2050 4707 2182 4776 ἡμῖν
2208 4706 2304 4778 ἡδὺ
2338 4708 2563 4776 λοιπόν;
2609 4712 2658 4762 εἰ
2698 4711 2758 4763 :0
2805 4711 3023 4765 πάντων
3060 4715 3397 4783 γλυκύτατον
3427 4724 3529 4778 οὐκ

1942 4791 2010 4846 ἂν
2036 4792 2251 4846 δύναιτο
2279 4795 2541 4866 παρέχειν
2574 4796 2788 4869 ἡδονὴν,
2829 4801 2981 4852 ποῖον
3022 4800 3176 4857 ἔσται
3208 4805 3268 4858 :0
3296 4807 3530 4881 δυνάμε-

1943 4897 2031 4933 νον
2060 4882 2283 4952 ποιῆσαι
2311 4884 2369 4935 ἐν
2403 4882 2593 4955 ἡδονῆς
2632 4884 2795 4937 Ὥστε
2826 4887 2874 4939 εἰ
2912 4887 3103 4960 ήδονὴν
3135 4892 3524 4969 ἐπιζητοῦμεν,

1941 4967 2175 5023 ἐνταῦθα
2223 4969 2425 5040 μᾶλλον
2471 4973 2799 5042 εὑρήσομεν.
2852 4975 2975 5039 Πῶς
3019 4973 3111 5031 οῦν
3153 4982 3253 5034 οὐκ
3290 4967 3525 5058 ἐσχάτης

1940 5058 2126 5121 ἀνοίας
2151 5057 2251 5128 τὴν
2285 5059 2384 5129 μὲν
2411 5059 2628 5130 ἡδονὴν,
2648 5062 2743 5115 καὶ
2775 5062 3008 5132 ὑγίειαν,
3041 5068 3136 5120 καὶ⁸
3170 5070 3347 5126 πάντα
3368 5057 3523 5144 ἐχου-

1942 5162 2041 5198 σαν
2065 5144 2133 5199 τά
2164 5145 2346 5216 ἀγαθά
2374 5149 2468 5201 καὶ
2506 5147 2735 5222 θεοφιλῆ
2754 5151 2977 5222 φεύγειν
3000 5156 3300 5227 τράπεζαν,
3328 5161 3523 5233 ἑτέραν

1937 5233 1995 5287 δέ
2023 5234 2452 5298 κατασκευάζειν
2483 5238 2693 5309 μυρίων
2717 5239 2994 5310 γέμουσαν
3023 5245 3318 5316 συμφορῶν
3340 5290 3355 5314 ,
3379 5249 3520 5321 ἀηδῆ

1935 5338 1997 5373 τε
2025 5323 2121 5375 καὶ
2145 5323 2288 5396 λυπη
2299 5324 2418 5395 ράν,
2451 5326 2546 5379 καί
2575 5326 2845 5395 ἐπίνοσον,
2875 5331 2990 5394 καὶ,
3021 5331 3084 5384 :0
3116 5333 3337 5387 πάντων
3363 5336 3522 5406 χαλε-

1937 5411 2215 5479 πώτατον,
2261 5416 2673 5485 παροξύνουσαν
2705 5418 2861 5490 ἡμῶν
2892 5421 2982 5474 τὸν
3015 5421 3178 5490 Θεόν;
3212 5424 3275 5477 Εἰ
3311 5424 3420 5497 γάρ
3460 5427 3524 5482 Ἠ

1936 5500 2093 5569 χήρα
2124 5504 2165 5573 ἠ
2198 5504 2574 5561 σπαταλῶσα
2603 5505 2759 5568 ζῶσα
2791 5509 3061 5577 τέθνηκε,
3091 5511 3145 5565 τί
3174 5511 3241 5566 ἂν
3269 5512 3519 5587 εἴποιμεν

1998 5682 2020 5744 f‘
2044 5680 2178 5744 CQIb:
2204 5681 2498 5744 ἐχιόδηκτον.

1997 5741 2025 5780 b
2049 5743 2127 5791 Sic
2149 5741 2282 5793 (Zoili).
2316 5744 2443 5795 Ldit.
2466 5744 2681 5807 αἱμάτων
2706 5744 2992 5807 ἐπιτηδείαν,
3016 5749 3177 5799 minus
3204 5760 3339 5804 recte
