4124 6454
349 425 464 478 773

351 517 640 594 dicemus?
693 538 748 593 Si
799 539 849 592 in
897 535 1061 593 veteri
1104 538 1452 592 Testamento
1497 532 1547 586 id
1594 545 1780 599 magna
1824 541 1943 579 cum

353 647 485 684 cura
547 629 892 700 prohibetur,
945 643 1242 699 magnaque
1288 634 1473 679 contra
1531 619 1772 675 delicatis
1815 617 1950 671 cibis

357 730 573 775 utentes
617 721 951 774 vehementia
981 721 1146 774 utitur
1191 718 1486 788 prepbeta,
1532 712 1740 768 etiamsi
1783 722 1952 779 genus

359 819 527 879 ponat
551 809 860 863 deliciarum
887 824 992 864 non
1024 809 1308 863 admodum
1327 813 1694 876 sumptuosum
1717 811 1806 854 aut
1831 797 1951 868 Opi-

361 915 549 968 parum
578 919 590 954 :
625 901 724 968 Qui
748 911 915 954 autem
939 901 1236 965 comedunt,
1264 897 1468 968 inquit,
1505 893 1676 949 hazdos
1702 908 1764 946 ea:
1781 890 1949 962 gregi-

360 992 487 1053 bus,
519 1001 566 1043 et
594 989 773 1043 vitulos
802 989 1075 1055 lactentes;
1112 989 1196 1059 qui
1225 987 1395 1040 bibunt
1433 985 1730 1054 deftecatum
1759 982 1949 1043 vinum,

359 1091 409 1132 et
439 1081 615 1148 primis
643 1080 914 1150 unguentis
954 1090 1250 1149 unguntur;
1296 1078 1381 1148 qui
1419 1075 1675 1130 dormiunt
1716 1074 1769 1126 in
1816 1069 1954 1124 lectis

361 1170 592 1224 eburneis
611 1209 628 1226 .
655 1178 701 1221 et
727 1170 779 1222 in
817 1169 989 1222 stratis
1029 1170 1134 1222 suis
1163 1167 1426 1222 lasciviunt
1466 1165 1650 1235 (Amos
1693 1162 1746 1218 6.
1768 1162 1819 1216 4.
1847 1159 1914 1231 6)
1937 1177 1951 1224 ;

362 1263 409 1314 si
440 1261 592 1327 lucc,
638 1263 888 1330 inquam,
920 1260 1335 1329 reprehensione
1363 1258 1520 1327 digna
1552 1264 1711 1321 sunt,
1743 1252 1955 1324 quando

360 1351 544 1405 ouinia
570 1361 726 1407 erant
749 1353 1006 1415 carnalia,
1038 1360 1094 1407 et
1115 1351 1229 1406 οωἰί
1255 1351 1397 1404 nulla
1424 1349 1558 1403 ratio
1578 1355 1715 1412 erat,
1739 1343 1956 1415 quando

364 1443 586 1498 .ludaica
616 1445 767 1514 quasi
799 1459 1082 1514 puerorum
1122 1444 1291 1513 prima
1324 1441 1584 1495 institutio
1609 1449 1798 1494 erant:
1828 1439 1952 1508 quid

363 1535 662 1590 dixerimus
693 1535 760 1589 de
792 1535 1042 1604 prtesenti
1085 1533 1356 1588 mollitie?
1402 1533 1458 1587 Si
1499 1532 1640 1586 enim
1683 1531 1954 1584 btedorum

363 1637 422 1680 et
451 1628 737 1682 vitulorum
767 1628 1074 1682 Iactentium
1103 1642 1227 1680 esus
1255 1643 1320 1679 eo
1347 1635 1577 1689 utentes,
1606 1640 1669 1678 ac
1693 1628 1738 1678 si
1762 1624 1957 1677 delica-

366 1727 475 1768 tam
517 1725 572 1771 et
611 1717 1018 1772 immoderatam
1063 1719 1228 1771 vitam
1272 1717 1507 1783 ducant,
1553 1714 1956 1784 reprehensioni

365 1808 618 1877 subjicit,
644 1808 773 1877 quid
802 1808 1043 1864 dicemus
1071 1809 1140 1862 de
1169 1809 1232 1862 iis
1251 1849 1267 1874 ,
1311 1809 1403 1877 qui
1432 1823 1675 1862 recessus
1715 1808 1879 1861 maris
1905 1817 1960 1861 et

366 1908 638 1954 extremas
677 1908 940 1954 terrarum
971 1915 1092 1955 oras
1118 1899 1398 1970 indagant,
1425 1901 1709 1968 aviumque
1733 1908 1957 1954 venato-

365 2007 460 2046 res
491 1991 892 2062 piscatoresque
925 1993 1100 2046 omnis
1127 1993 1341 2062 generis
1380 1993 1614 2062 undique
1639 2001 1917 2046 accersunt
1936 1992 1961 2044 ?

366 2082 423 2138 Si
457 2083 526 2147 ii,
562 2083 651 2153 qui
695 2083 1008 2138 del'aecatum
1039 2084 1217 2137 vinum
1248 2083 1474 2149 bibunt,
1507 2083 1793 2150 culpandi,
1836 2082 1960 2152 quid

369 2173 572 2229 dixeris
602 2174 670 2229 de
696 2175 760 2230 iis
781 2214 795 2240 ,
844 2175 933 2244 qui
971 2175 1428 2245 peregrinationes
1457 2175 1838 2229 transmarinas
1867 2189 1962 2244 pro

371 2265 496 2319 vino
523 2266 858 2335 suscipiunt,
891 2266 1177 2336 omniaque
1217 2273 1471 2331 movent,
1513 2275 1572 2320 ut
1609 2266 1810 2320 nullum
1841 2267 1963 2320 vitis

368 2373 541 2426 genus
578 2359 705 2427 ipsis
731 2359 914 2424 lateat,
943 2360 1094 2428 quasi
1125 2374 1309 2428 pmnas
1334 2359 1530 2426 daturi,
1567 2359 1963 2428 admodumque

373 2449 682 2513 damnandi,
727 2450 772 2503 si
799 2467 903 2503 non
935 2450 1109 2505 omnis
1146 2452 1356 2520 generis
1389 2453 1512 2504 vino
1539 2452 1964 2522 ingurgitentur?

369 2541 424 2595 Si
448 2541 688 2595 eburneo
711 2542 848 2597 lecto
869 2543 945 2596 uti
971 2543 1391 2612 reprehensione
1411 2544 1650 2614 dignum,
1681 2544 1772 2614 qui
1795 2545 1965 2599 multo

375 2635 544 2688 lectos
569 2643 790 2703 argento
810 2675 825 2700 ,
870 2635 978 2690 imo
1017 2651 1146 2690 vero
1177 2637 1265 2706 qui
1305 2653 1370 2691 ex
1399 2646 1618 2706 argento
1645 2653 1780 2706 puro
1801 2638 1965 2692 ador-

377 2733 526 2787 nant,
550 2739 655 2780 n0n
685 2725 854 2780 lectos
881 2735 1108 2791 tantum,
1134 2726 1230 2781 sed
1254 2727 1414 2781 etiam
1441 2727 1799 2798 suppedanea,
1822 2727 1974 2785 lebe-

376 2825 460 2871 tes
484 2859 501 2883 ,
529 2833 654 2871 vasa
694 2827 749 2872 et
791 2818 1018 2872 matulas
1041 2860 1054 2883 ,
1101 2833 1261 2888 quam
1292 2819 1499 2874 veniam
1529 2818 1968 2890 consequantur?

373 2908 511 2973 Quid
542 2919 633 2962 aut
661 2923 881 2979 parvum
917 2919 1008 2964 aut
1048 2925 1297 2981 magnum
1329 2921 1456 2966 tunc
1483 2913 1735 2982 temporis
1764 2913 1831 2968 ad
1868 2913 1968 2969 de-

377 3001 676 3055 fensionem
707 3017 857 3055 suam
907 3001 1106 3057 afferre
1155 3003 1445 3072 poterunt?
1492 3005 1602 3074 Ego
1640 3021 1768 3061 vero
1807 3007 1967 3060 etiam

377 3093 480 3146 hoe
516 3093 891 3163 gravissimum
919 3093 1172 3165 adiungo,
1215 3095 1355 3164 quod
1381 3111 1446 3150 ex
1472 3096 1662 3150 alienis
1690 3097 1969 3151 calamita-

379 3182 520 3234 tibus
549 3181 662 3236 ha:e
683 3193 1094 3252 ceugregarunt.
1122 3183 1394 3253 Siquidem
1419 3184 1534 3240 haec
1565 3187 1820 3256 propheta
1863 3202 1968 3241 non

378 3273 591 3340 posuit,
635 3273 728 3326 sed
757 3273 980 3328 delicias
1005 3276 1174 3329 solum
1208 3276 1495 3345 redarguit.
1539 3278 1968 3344 Quando-autem

375 3363 531 3433 culpa
569 3363 740 3428 adest,
783 3365 913 3434 ipsis
945 3364 1150 3420 deliciis
1175 3367 1444 3432 atrocior,
1485 3369 1602 3437 quis
1633 3368 1701 3423 ab
1729 3379 1972 3424 extremo

376 3456 641 3523 supplicio
681 3470 805 3518 eos,
839 3457 927 3526 qui
969 3457 1090 3510 talia
1132 3467 1380 3526 patranl,
1417 3459 1652 3528 eripiet?
1690 3462 1809 3530 quis
1839 3460 1970 3528 Noe,

374 3547 497 3614 quis
531 3545 651 3610 Job,
692 3547 813 3618 quis
849 3550 1030 3604 Daniel
1071 3550 1365 3605 intercedat
1387 3553 1412 3605 ‘I
1454 3552 1640 3607 Nullus
1662 3554 1838 3621 plane.
1866 3553 1971 3608 Sed

379 3640 431 3692 in
457 3656 549 3693 eos
578 3641 679 3695 dici
713 3651 893 3710 potest
917 3682 940 3708 ,
982 3642 1289 3697 Exardescet
1319 3648 1464 3714 furor
1489 3661 1628 3699 meus
1655 3647 1780 3700 sicut
1806 3650 1975 3715 fumus

379 3729 431 3800 (Ι
443 3733 535 3784 sai.
561 3731 648 3786 65.
674 3733 749 3800 5).
785 3733 999 3799 Annon,
1027 3749 1230 3803 qumso,
1255 3735 1377 3804 jure
1411 3738 1530 3805 quis
1572 3737 1649 3790 ira
1687 3736 1975 3808 furoreque

379 3823 716 3890 exardeseat,
750 3824 857 3878 imo
890 3835 944 3880 et
977 3827 1370 3897 disrumpatur,
1401 3827 1616 3897 quando
1640 3828 1777 3882 alius
1817 3844 1884 3882 ne
1911 3829 1976 3884 iis

379 3916 593 3985 quidem
621 3958 636 3980 ,
666 3933 789 3986 qua:
813 3918 880 3971 ad
911 3919 1107 3972 vietum
1140 3920 1441 3974 necessaria
1471 3931 1590 3974 sunt
1611 3962 1628 3986 ,
1662 3919 1882 3986 fruitur,
1919 3930 1975 3974 tu

385 4021 510 4059 vero
540 4015 739 4060 tantum
768 4010 970 4078 argenti
1000 4009 1195 4065 frustra
1245 4020 1298 4064 et
1339 4011 1605 4065 incassum
1630 4051 1645 4074 ,
1693 4026 1755 4065 ac
1803 4027 1870 4066 ne
1908 4012 1975 4067 ad

381 4099 796 4153 ostentationem
845 4101 1102 4168 quidem,
1153 4102 1203 4154 in
1256 4117 1393 4170 opus
1438 4102 1734 4156 admoves?
1790 4101 1976 4172 Neque

383 4189 526 4244 enim
555 4190 635 4243 vel
681 4190 749 4245 ad
792 4189 894 4245 hoc
933 4192 1024 4246 tibi
1056 4192 1184 4248 utile
1221 4194 1360 4257 erit;
1405 4193 1514 4248 imo
1554 4194 1607 4248 in
1651 4196 1972 4250 contrariam

1481 415 1568 472 DE
1605 403 2061 465 PRECATIONE.
2082 435 2148 442 —
2167 396 2503 455 MONITUM.

3537 411 3639 468 TN

2055 535 2292 579 vertetur
2331 533 2557 594 partem.
2597 525 2678 581 Tn
2708 523 2848 578 enim
2875 531 2935 578 ut
2957 523 3154 577 clarior
3184 533 3237 578 et
3265 523 3525 582 illustrior
3546 532 3641 592 sis.

2059 615 2109 668 id
2131 615 2283 684 agis;
2321 615 2416 668 sed
2440 614 2764 668 contrarium
2792 613 3002 668 accidit.
3033 613 3148 669 Non
3173 616 3314 670 enim
3337 619 3645 686 spectabilis

2059 705 2386 774 illustrisque
2411 721 2491 769 es,
2533 704 2627 759 sed
2657 705 2726 759 ob
2758 705 3146 771 crudelitatem,
3180 708 3293 761 auri
3333 710 3638 778 cupidinem

2060 803 2115 850 et
2161 805 2398 850 extrema
2446 794 2639 864 flagitia
2692 807 2743 850 te
2786 810 2976 851 omnes
3021 797 3394 853 criminantur.
3441 801 3646 868 Quanta

2061 887 2200 941 enim
2245 887 2458 949 invidia,
2483 896 2710 956 quantus
2736 887 2892 954 livor,
2923 897 3178 957 quantum
3209 889 3388 944 odium
3411 933 3424 957 ,
3453 905 3648 963 quanta

2062 977 2374 1032 mutationis
2403 978 2664 1046 cupiditas
2692 978 2831 1047 apud
2859 978 3087 1033 omnes?
3114 979 3482 1048 BlaSpbemias
3507 985 3648 1038 enim

2063 1070 2116 1124 in
2166 1071 2331 1124 Deum
2377 1073 2764 1140 prmtermitto,
2814 1085 2948 1140 quas
2995 1071 3127 1126 tales
3173 1072 3371 1127 divitiae
3418 1076 3649 1142 pariunt,

2064 1161 2274 1214 tametsi
2302 1169 2359 1215 et
2385 1161 2485 1215 hoc
2513 1162 2669 1230 longe
2697 1163 3073 1231 gravissimum
3104 1174 3218 1230 est,
3257 1177 3313 1219 et
3339 1167 3481 1235 quod
3514 1167 3650 1221 istud

2065 1251 2315 1322 prmeedit
2335 1293 2351 1317 ,
2381 1261 2436 1306 et
2464 1253 2836 1322 quodcumque
2875 1253 3095 1321 dixeris,
3141 1255 3267 1309 illud
3302 1257 3393 1311 illo
3419 1257 3654 1312 deterius

2065 1344 2324 1398 invenies.
2370 1343 2540 1398 Secus
2579 1353 2928 1412 temperatam
2971 1361 3035 1400 ac
3063 1346 3361 1402 modestam
3391 1365 3656 1414 mensam,

2064 1453 2224 1504 quam
2251 1451 2350 1491 nec
2375 1437 2634 1506 propheta
2666 1438 2879 1505 irridet,
2910 1455 3008 1494 nec
3031 1439 3194 1495 homo
3219 1441 3518 1512 redarguit,
3556 1460 3657 1499 nec

2069 1529 2209 1582 Deus
2231 1528 2434 1598 culpat,
2469 1544 2575 1582 non
2607 1529 2744 1599 ignis
2770 1530 2940 1600 punit,
2967 1546 3125 1599 quam
3164 1549 3322 1587 nemo
3355 1545 3654 1599 aversatur,

2065 1629 2157 1672 aut
2180 1618 2306 1673 odio
2332 1619 2636 1690 invidiaque
2662 1622 3042 1690 prosequitur;
3073 1623 3166 1678 sed
3200 1626 3461 1694 approbat
3492 1627 3652 1691 Deus,

2068 1710 2386 1780 participant
2418 1711 2628 1781 angeli,
2662 1711 2883 1767 laudant
2920 1713 3182 1778 homines,
3229 1717 3419 1785 recipit
3445 1719 3655 1772 ca-luni.

2070 1802 2161 1855 lla:
2183 1816 2384 1857 mensa:
2407 1802 2566 1858 etiam
2607 1805 2828 1874 angelos
2852 1816 3218 1874 exceperunt,
3247 1806 3352 1873 his,
3385 1824 3488 1862 non
3532 1811 3656 1876 illis,

2068 1893 2314 1948 Christus
2361 1895 2533 1950 adest.
2582 1895 2738 1950 Tales
2781 1905 2938 1950 erant
2998 1896 3379 1968 prophetarum
3439 1916 3658 1966 mensae,

2070 1987 2204 2039 tales
2228 1989 2620 2056 apostolorum,
2654 1988 2788 2042 tales
2820 1989 3110 2056 justornm.
3140 1990 3509 2061 Tyrannorum
3536 2008 3662 2046 vero

2067 2089 2119 2132 et
2162 2095 2370 2144 eorum,
2416 2081 2504 2148 qui
2548 2081 2598 2134 in
2645 2081 2802 2135 terris
2852 2079 3054 2135 nefarie
3085 2081 3496 2151 locupletantur,
3544 2099 3663 2153 qua:

2071 2173 2352 2226 saltatores
2384 2172 2582 2227 habent
2626 2173 2865 2243 aliosque
2909 2174 2999 2243 qui
3046 2174 3098 2228 in
3142 2175 3433 2242 perniciem
3479 2176 3661 2230 mundi

2069 2265 2284 2329 vivunt,
2315 2265 2398 2320 hae
2427 2266 2690 2322 latronum
2715 2307 2727 2330 ,
2760 2267 3236 2337 praestigiatorum,
3279 2277 3541 2322 eteorum
3573 2269 3662 2338 qui

2069 2359 2314 2428 sepulcra
2345 2359 2603 2414 cﬂ'odiunt
2628 2375 2827 2414 mensa:
2855 2368 2997 2414 sunt.
3019 2359 3243 2426 Quando
3263 2361 3420 2414 talem
3440 2363 3663 2429 appouis

2074 2465 2314 2506 mensam
2336 2495 2351 2516 ,
2385 2453 2604 2521 angelus
2644 2452 2834 2517 resilit,
2882 2451 3023 2507 Deus
3048 2463 3428 2522 exasperatur,
3457 2451 3663 2506 dazmo-

2075 2561 2200 2598 tum:
2228 2547 2478 2614 princeps
2503 2545 2697 2614 gaudet
2721 2563 2734 2609 ;
2766 2553 3086 2600 aversantur
3106 2585 3120 2607 ,
3150 2544 3382 2598 oderunt
3405 2554 3457 2598 et
3482 2555 3666 2598 conta-

2074 2636 2298 2691 bescunt
2325 2652 2430 2691 non
2467 2637 2668 2692 inimici
2706 2646 2932 2698 tantum,
2961 2635 3054 2690 sed
3080 2636 3240 2689 etiam
3271 2636 3328 2698 ii,
3364 2637 3454 2704 qui
3483 2635 3666 2690 mode-

2070 2729 2173 2783 rati
2219 2738 2275 2802 et
2323 2729 2530 2786 honesti
2571 2745 2694 2784 esse
2740 2729 2983 2783 homines
3027 2729 3314 2792 videntur,
3363 2737 3419 2783 et
3468 2729 3664 2782 invidia

2074 2822 2249 2890 potius
2280 2820 2642 2888 arroduntur,
2673 2835 2832 2891 quam
2877 2819 2962 2873 his
3000 2820 3359 2889 prtesentibus
3393 2818 3664 2875 fruuntur.

2074 2912 2303 2977 Quando
2328 2922 2505 2966 autem
2530 2911 2673 2964 illam
2697 2911 2936 2965 sobriam
2959 2925 3022 2964 ac
3044 2908 3340 2964 modestam
3362 2908 3483 2980 quis
3505 2924 3669 2980 appo-

2077 3005 2187 3069 nit,
2227 3003 2374 3058 nullo
2397 3002 2784 3058 redundantem
2815 3003 2972 3069 luxu,
2998 3013 3054 3057 et
3081 3003 3399 3058 suavissima
3441 3011 3494 3056 et
3519 3010 3665 3072 grata

2075 3094 2264 3149 amicis
2293 3095 2544 3148 omnibus
2567 3093 2748 3159 fuerit,
2784 3103 2840 3149 et
2867 3095 2996 3160 Deo,
3021 3103 3078 3148 et
3103 3094 3329 3163 angelis,
3357 3103 3412 3149 et
3436 3093 3670 3147 homini-

2080 3187 2179 3241 bus
2203 3205 2214 3240 :
2240 3187 2448 3241 accedit
2471 3197 2524 3241 et
2547 3187 2852 3255 unigenitus
2875 3186 2965 3241 Dei
2990 3187 3178 3240 Filius.
3211 3185 3668 3252 Quemadmodum

2075 3277 2220 3332 enim
2272 3275 2468 3332 fastum
2520 3276 2691 3344 fugit,
2739 3286 2899 3346 atque
2946 3291 3136 3331 onmes
3184 3277 3354 3330 altum
3402 3277 3670 3346 sapientes

2076 3383 2399 3439 omnemque
2430 3368 2718 3424 tumultum
2750 3377 3057 3434 aversatur,
3097 3369 3170 3422 ita
3204 3367 3392 3422 humili
3425 3377 3507 3423 est
3531 3369 3668 3422 ami-

2078 3476 2172 3516 eus
2193 3503 2206 3526 ,
2241 3461 2448 3532 ipsique
2475 3477 2690 3532 semper
2713 3462 2899 3526 adest,
2933 3462 3215 3530 ipsumque
3245 3468 3413 3514 totum
3441 3461 3672 3516 circum-

2079 3554 2250 3607 munit
2279 3562 2334 3608 et
2365 3563 2585 3607 tutatur.
2617 3552 2832 3608 Christo
2859 3562 3037 3606 autem
3080 3562 3345 3622 prmsente
3372 3552 3500 3606 nihil
3529 3554 3670 3607 aliud

2079 3646 2446 3716 quaarendum.
2473 3647 2599 3702 llaec
2619 3662 2739 3702 eum
2762 3647 3014 3709 sciamus,
3042 3645 3242 3709 dilecti,
3273 3647 3358 3700 illa
3380 3645 3666 3716 fugiamus,

2081 3741 2196 3796 haec
2224 3756 2628 3811 persequamur,
2662 3748 2719 3794 ut
2757 3741 3044 3811 praesentia
3071 3748 3125 3793 et
3167 3739 3341 3793 futura
3371 3738 3508 3793 bona
3537 3753 3669 3792 con-

2083 3846 2373 3900 sequamur
2395 3871 2407 3894 ,
2439 3833 2606 3901 gratia
2650 3840 2705 3886 et
2747 3831 3077 3901 benignitate
3106 3829 3314 3884 Domini
3343 3828 3511 3884 nostri
3540 3827 3669 3883 Jesu

2081 3923 2301 3989 Christi,
2342 3925 2558 3992 quicum
2587 3923 2732 3977 Patri
2762 3922 2950 3992 gloria,
2991 3921 3165 3977 honor
3194 3936 3297 3975 una
3325 3936 3446 3975 cum
3487 3929 3672 3976 sancto

2082 4015 2281 4084 Spiritu
2305 4056 2320 4080 ,
2361 4029 2504 4070 nunc
2544 4023 2598 4070 et
2643 4029 2892 4085 semper,
2940 4015 3075 4069 etin
3105 4015 3300 4069 smcula
3330 4013 3669 4068 smculornm.

2083 4110 2270 4162 Amen.

1826 5012 2230 5076 MONITUM.

396 5278 594 5335 \‘erum
625 5283 712 5336 hic
745 5301 854 5338 non
884 5300 1072 5354 preces
1101 5295 1380 5355 perpetuo,
1406 5287 1499 5342 sed
1523 5287 1747 5343 assidue
1779 5297 1987 5343 tantmu
2025 5296 2080 5344 et
2112 5288 2426 5360 frequenter
2464 5289 2795 5347 emittendas
2834 5306 2956 5347 esse
2996 5291 3241 5348 docetur.
3267 5294 3424 5361 Quod
3448 5305 3501 5351 et
3531 5293 3663 5349 alibi

392 5397 452 5454 S.
486 5400 676 5456 doctor
703 5413 757 5457 et
777 5402 979 5474 quique
1002 5403 1326 5460 Christianae
1358 5406 1479 5460 vitae
1507 5407 1750 5478 magistri
1775 5407 2141 5478 depraedieant
2173 5426 2186 5462 :
2220 5409 2575 5479 quamobrem
2607 5410 2742 5464 nihil
2772 5410 2898 5464 hinc
2920 5412 3251 5480 suspicionis
3284 5415 3433 5468 nasci
3461 5422 3662 5482 potest.

395 5513 594 5568 Verum
629 5513 774 5568 aliud
802 5515 964 5585 obiici
1001 5526 1180 5586 potest
1232 5519 1377 5589 quod
1410 5519 1686 5589 negotium
1727 5519 1959 5576 facessat
1989 5540 2004 5577 :
2033 5521 2234 5577 librum
2283 5523 2654 5580 Ecclesiastici
2702 5525 2829 5581 sive-
2857 5523 2983 5580 Jesu
3013 5525 3106 5579 lilii
3140 5526 3330 5582 Siracb
3372 5529 3652 5586 Salomoni

389 5623 592 5677 diserte
624 5624 917 5687 adscribit,
946 5627 1090 5695 quod
1126 5629 1313 5683 nescio
1347 5645 1415 5684 an
1463 5631 1601 5685 alias
1631 5633 1774 5702 apud
1805 5633 2260 5705 Cbrysostomum
2296 5639 2558 5707 reperias.
2590 5639 2685 5694 llis
2715 5639 2945 5708 permoti
2992 5639 3299 5697 rationibus
3335 5644 3499 5701 hasce
3524 5647 3660 5702 duas

401 5742 676 5799 orationes
708 5744 848 5799 inter
871 5746 1320 5819 ἁμφιδαλλὸμενα
1352 5750 1656 5819 posuimus.

469 5877 838 5949 interpretatio
861 5882 1055 5940 Latina
1078 5897 1157 5942 est
1190 5887 1472 5982 l'omppnii
1504 5890 1764 5956 Brunelli,
1800 5893 1888 5947 sed
1933 5896 2118 5952 multis
2152 5898 2202 5952 in
2237 5900 2368 5958 locis
2399 5905 2704 5960 emendata.
