4124 6496
382 407 492 463 775

1683 409 1773 465 DE
1805 408 2246 469 PBECATIONE
2310 412 2355 471 l.

3573 404 3682 459 776

1181 683 1412 771 ΤΟΥ
1463 680 1843 793 ΑΥΤΟΥ
1890 682 2155 769 ΠΕΡΙ
2201 685 2904 774 ΠΡΟΣΕΥΧΗΣ.

1032 1002 1225 1071 Λόγος
1260 1005 1311 1053 a’
1318 1038 1334 1053 .

456 1083 820 1159 ’Δμφοτέρων
845 1086 1011 1141 ἕνεκα
1049 1083 1322 1156 προσήκει
1362 1079 1491 1144 τοῦς
1514 1078 1609 1132 τοῦ
1640 1077 1778 1132 Θεοῦ
1806 1080 1972 1151 θερά-

376 1186 587 1233 ποντας
629 1169 958 1242 μακαρίζειν
988 1168 1077 1223 καὶ
1129 1164 1466 1235 θαυμάζειν
1506 1163 1608 1242 ὅτι
1651 1163 1751 1233 τὴν
1783 1162 1974 1217 ἐλπίδα

371 1255 483 1324 τῆς
526 1252 736 1306 ἑαυτῶν
773 1241 1046 1325 σωτηρίας
1087 1251 1145 1303 ὲν
1175 1251 1297 1312 ταῖς
1342 1247 1525 1315 ἁγίαις
1570 1241 1717 1317 εἶχον
1761 1247 1970 1318 εὐχαῖς,

375 1336 478 1389 καὶ
522 1336 605 1389 ὃτι
633 1339 819 1408 γραφῇ
850 1336 1186 1406 φυλάξαντες
1211 1333 1340 1395 τοὺς
1371 1329 1578 1401 ὕμνους
1621 1331 1718 1383 καὶ
1752 1329 1853 1393 τὰς
1888 1329 1976 1382 λα-

371 1421 569 1491 ⁴ιτρείας
589 1460 603 1484 ,
637 1420 704 1484 ἃς
736 1421 816 1492 τῷ
842 1420 960 1490 Θεῷ
989 1420 1088 1473 σὺν
1117 1419 1267 1491 χαρᾷ
1305 1416 1400 1470 καὶ
1431 1415 1581 1486 φόϐῳ
1610 1415 1970 1487 προσέφερον,

375 1504 477 1556 καὶ
510 1504 589 1567 εἰς
630 1504 779 1573 ἡμᾶς
818 1503 1079 1557 διέδωκαν
1116 1503 1208 1555 τὸν
1234 1513 1258 1544 ι
1308 1498 1517 1554 ἑαυτῶν
1552 1497 1843 1569 θησαυρὸν,
1885 1498 1973 1550 ἵνα

372 1584 524 1658 ’πρὸς
552 1586 643 1639 τὸν
678 1587 880 1640 οἰκεῖον
907 1585 1071 1654 ζῆλον
1100 1585 1209 1638 πᾶν
1239 1582 1301 1636 τὸ
1329 1581 1709 1653 έπιγινόμενον
1733 1583 1972 1636 ἐπισπά-

376 1668 580 1724 σασθαι
608 1669 933 1741 δυνηθῶσιν.
963 1667 1272 1723 Διαϐαίνειν
1310 1666 1417 1738 γάρ
1450 1666 1719 1736 προσήκει
1740 1667 1831 1720 τὸν
1861 1666 1973 1719 τῶν

370 1752 718 1808 διδασκάλων
765 1753 858 1808 επὶ
902 1754 1031 1815 τοὺς
1076 1749 1402 1822 ὁμιλοῦντας
1440 1751 1662 1820 τρόπον,
1702 1750 1797 1803 καὶ⁹
1844 1749 1973 1813 τοὺς

372 1836 492 1890 τῶν
538 1836 834 1908 προφητῶν
871 1836 1149 1908 ἀκροατὰς
1191 1834 1435 1907 μιμητὰς
1478 1834 1749 1905 προσήκει
1783 1833 1973 1902 φαίνε-

378 1919 510 1974 σθαι
541 1920 642 1990 τῆς
677 1918 902 1973 ἐκείνων
935 1918 1315 1987 δικαιοσύνης,
1356 1917 1446 1971 ῖνα
1495 1917 1671 1970 πάντα
1711 1915 1806 1969 τὸν
1843 1915 1972 1986 χρόο

373 2020 473 2057 νον
515 2000 666 2074 [779]
696 2005 818 2065 ταῖς
856 2002 1187 2074 προσευχαῖς
1214 2002 1309 2054 καὶ
1334 2003 1404 2071 τῇ
1433 1998 1528 2052 τοῦ
1572 1997 1707 2052 Θεοῦ
1745 1998 1972 2070 λατρεία

375 2088 476 2142 καὶ
508 2086 712 2159 μελέτῃ
742 2085 1023 2157 συζῶμεν,
1052 2087 1212 2139 τοῦτο
1238 2084 1403 2156 ζωὴν,
1432 2083 1592 2138 τοῦτο
1624 2083 1836 2152 ὑγίειαν
1874 2084 1971 2136 καὶ

376 2170 632 2232 πλοῦτον,
678 2168 840 2223 τοῦτο
888 2168 1064 2240 πέρας
1094 2166 1318 2236 ἀγαθῶν
1350 2162 1491 2220 εἶναι
1522 2166 1870 2238 νομίζοντες,
1910 2168 1969 2221 τὸ

375 2252 781 2326 προσεύχεσθαι
811 2253 889 2324 τῷ
914 2251 1034 2323 Θεῷ
1068 2251 1207 2324 μετὰ
1237 2252 1487 2323 καθαρᾶς
1512 2252 1608 2305 καὶ
1638 2252 1970 2324 ἀδιαφθόρου

372 2338 581 2410 ψυχῆς.
613 2338 823 2408 Ὥσπερ
852 2335 961 2406 γὰρ
988 2334 1067 2405 τῷ
1094 2334 1306 2405 σώματι
1355 2334 1472 2403 φῶς
1515 2335 1686 2404 ἥλιος,
1731 2333 1874 2389 οὕτω
1901 2339 1969 2405 τῇ

374 2424 523 2495 ψυχῇ
558 2424 591 2494 ἡ
624 2422 941 2495 προσευχὴ.
967 2420 1033 2473 El
1063 2414 1158 2473 οῦν
1189 2417 1376 2489 τυφλῷ
1414 2418 1585 2490 ζημία
1630 2421 1690 2474 τὸ
1726 2418 1799 2492 μὴ
1838 2422 1971 2492 ὁρᾷν

375 2507 470 2560 τὸν
501 2506 653 2578 ἣλιον
672 2549 686 2569 ,
730 2505 870 2575 πόση
901 2502 1076 2574 ζημία
1107 2500 1422 2574 Χριστιανῷ
1453 2502 1516 2556 τὸ
1563 2502 1639 2574 μὴ
1671 2503 1971 2575 προσεύχεο

379 2590 506 2644 σθαι
538 2589 781 2660 συνεχῶς
810 2588 905 2642 καὶ
934 2587 1024 2641 διὰ
1051 2588 1150 2658 τῆς
1184 2586 1350 2656 εὐχῆς
1372 2586 1435 2640 τὸ
1457 2584 1552 2639 τοῦ
1587 2587 1827 2658 Χριστοῦ
1852 2587 1970 2658 φῶς

376 2676 461 2737 είς
491 2671 592 2744 τὴν
614 2671 794 2744 ψυχὴν
812 2670 1054 2740 εἰσάγειν
1078 2687 1092 2735 ;
1129 2669 1325 2724 Καίτοι
1343 2669 1428 2732 τίς
1448 2669 1548 2722 οὐκ
1575 2668 1643 2722 ἂν
1664 2670 1967 2743 ἐκπλαγείη

358 2757 476 2817 ,καὶ
520 2756 826 2827 θαυμάσειε
869 2755 970 2824 τὴν
1006 2751 1102 2807 τοῦ
1133 2752 1269 2806 Θεοῦ
1319 2752 1754 2823 φιλανθρωπίαν,
1789 2754 1856 2825 ἢν
1887 2757 1970 2820 είς

377 2841 529 2912 ημᾶς
555 2839 947 2904 ἐπιδείκνυται,
995 2837 1260 2908 τοσαύτην
1288 2834 1454 2908 τιμὴν
1480 2835 1788 2909 ἀνθρώποις
1815 2856 1970 2908 χαρι-

377 2924 627 2995 ζόμενος,
651 2924 729 2987 ὡς
758 2924 854 2979 καὶ
883 2924 1196 2992 προσευχῆς
1243 2919 1476 2986 ἀξιῶσαι
1504 2920 1599 2974 καὶ
1626 2920 1842 2990 ὁμιλίας
1869 2922 1970 2993 τῆς

377 3008 610 3074 ἑαυτοῦ;
646 3006 766 3078 Θεῷ
791 3008 900 3079 γὰρ
930 3007 1007 3070 ώς
1058 3004 1277 3077 ἀληθῶς
1323 3002 1591 3074 λαλοῦμεν
1615 3004 1645 3045 b
1683 3004 1762 3075 τῷ
1792 3003 1970 3079 καιρῷ

374 3092 477 3163 τῆς
516 3091 866 3164 προσευχῆς,
911 3090 980 3145 δι’
1009 3085 1079 3162 ἦς
1109 3089 1206 3143 καὶ
1250 3091 1365 3152 τοῖς
1398 3086 1653 3157 ἀγγέλοις
1700 3089 1971 3143 συναπτό-

379 3172 544 3244 μεθα,
574 3171 668 3226 καὶ
694 3172 795 3243 τὴν
826 3171 964 3243 πρὸς
993 3173 1060 3224 τὰ
1082 3169 1254 3239 ἄλογα
1304 3169 1588 3223 κοινωνίαν
1612 3168 1748 3221 πολὺ
1778 3169 1968 3237 φαινό-

380 3254 521 3325 μεθα
544 3253 951 3323 διαφεύγοντες.
969 3252 1245 3321 Ἀγγέλων
1271 3251 1383 3322 γάρ
1412 3250 1573 3321 ἔργον
1603 3252 1637 3322 ἡ
1665 3250 1965 3321 προσευχὴ,

377 3338 755 3411 ὑπεραίρουσα
786 3338 882 3390 καὶ
913 3337 1012 3406 τὴν
1049 3335 1273 3389 ἐκείνων
1301 3334 1481 3401 ἀξίαν,
1530 3332 1691 3406 εἴπερ
1720 3334 1968 3406 κρεῖττόν

378 3424 497 3476 ἐστι
520 3423 621 3493 τῆς
647 3420 898 3489 ἀγγέλων
923 3420 1083 3485 ἀξίας
1108 3419 1170 3473 τὸ
1190 3418 1313 3489 Θεῷ
1344 3416 1711 3487 διαλέγεσθαι.
1743 3417 1853 3472 Καὶ
1883 3419 1967 3472 ὅτι

376 3523 445 3575 γε
479 3516 503 3546 ο
537 3505 783 3577 κρεῖττόν
829 3506 1014 3569 ἐστιν,
1054 3503 1209 3558 αὐτοὶ
1249 3500 1591 3556 διδάσκουσιν
1633 3503 1812 3573 ἡμᾶς,
1867 3501 1965 3555 σὺν

376 3584 561 3654 πολλῷ
593 3585 692 3657 μὲν
723 3582 873 3654 φόϐῳ
901 3583 1001 3646 τὰς
1036 3582 1204 3653 εύχάς
1241 3580 1665 3652 προσφέροντες,
1697 3579 1967 3650 παρέχον-

373 3686 471 3733 τες
501 3669 558 3723 δὲ
596 3669 730 3740 ἡμῖν
770 3665 969 3719 εἰδέναι
995 3665 1089 3718 καὶ
1121 3662 1435 3734 μανθάνειν,
1468 3663 1551 3716 ὄτι
1592 3665 1860 3732 προσήκει
1885 3659 1967 3731 τῷ

376 3750 502 3823 Θεῷ
549 3748 878 3821 προσιόντας
908 3748 1007 3801 σὺν
1039 3747 1185 3818 χαρᾷ
1217 3746 1313 3799 καὶ
1360 3744 1508 3815 φόϐῳ
1549 3742 1710 3797 τοῦτο
1754 3746 1964 3797 ποιεῖν·

378 3832 531 3906 φόϐῳ
557 3833 678 3903 μὲν,
704 3830 1011 3894 δεδοικότας
1056 3829 1132 3901 μὴ
1157 3829 1254 3900 τῆς
1282 3827 1593 3901 προσευχῆς
1622 3827 1834 3894 ἀνάξιοι
1864 3844 1968 3895 φα-

376 3918 582 3989 νῶμεν,
623 3918 799 3988 χαρᾶς
826 3915 883 3967 δὲ
919 3913 1150 3986 μεστοὺς
1173 3912 1493 3984 γινομένους
1526 3911 1620 3965 ἐπὶ
1643 3909 1722 3983 τῷ
1747 3909 1967 3981 μεγέθει

376 4002 479 4072 τῆς
505 3999 674 4072 τιμῆς
697 4040 711 4064 ,
742 4000 826 4053 ὅτι
857 3996 1132 4069 τοσαύτης
1172 3996 1269 4049 καὶ
1315 3993 1575 4064 τοιαύτης
1623 3992 1880 4064 προνοίας
1907 3992 1969 4045 τὸ

378 4084 574 4158 θνητδν
600 4082 811 4155 ἠξιώθη
832 4082 1009 4148 γένος,
1030 4080 1106 4144 ώς
1130 4077 1404 4158 καὶβείας
1432 4077 1728 4132 ἀπολαύειν
1751 4076 1970 4148 ὁμιλίας

379 4154 643 4240 συνεχῶς,
671 4167 739 4220 δι’
775 4159 842 4236 ἦς
867 4164 963 4217 καὶ
991 4163 1179 4235 θνητοὶ
1202 4154 1342 4216 εἶναι
1375 4161 1471 4215 καὶ
1498 4160 1823 4240 πρόσκαιροι
1849 4160 1968 4240 δια-

378 4239 680 4320 φεύγομεν,
714 4245 878 4316 φύσει
906 4243 1005 4314 μὲν
1050 4242 1205 4306 ὅντες
1245 4242 1453 4311 θνητοὶ,
1483 4243 1551 4311 τῇ
1580 4239 1637 4293 δὲ
1662 4239 1798 4310 πρὸς
1836 4239 1970 4295 Θεὸν

374 4332 570 4404 ὁμιλίᾳ
592 4330 730 4403 πρὸς
762 4328 1027 4382 ἀθάνατον
1053 4325 1200 4396 ζωὴν
1236 4323 1675 4396 μεταϐαίνοντες.
1730 4323 1968 4395 Ἀνάγκη

377 4415 493 4488 γὰρ
515 4414 607 4469 τὸν
635 4411 928 4485 ὁμιλοῦντα
974 4407 1096 4480 Θεῷ
1135 4409 1232 4462 καὶ
1268 4407 1556 4479 κρείττονα
1585 4404 1839 4488 γενέσθαι
1882 4405 1972 4459 θα-

377 4487 544 4552 νάτου
573 4497 666 4550 καὶ
688 4495 869 4565 πάσης
893 4490 1212 4563 διαφθορᾶς.
1226 4491 1339 4544 Καὶ
1359 4489 1551 4560 ῶσπερ
1581 4487 1798 4558 ἀνάγκη
1820 4489 1973 4541 πᾶσα

379 4582 483 4652 τῆς
528 4577 764 4652 ἡλιακῆς
797 4580 1018 4640 ἀκτῖνος
1047 4576 1140 4629 τὸν
1172 4573 1520 4630 ἀπολαύοντα
1550 4571 1870 4642 διαφεύγειν
1907 4571 1971 4625 τὸ

384 4664 600 4729 σκότος,
629 4662 804 4725 οὕτως
832 4661 1046 4731 ἀνάγκη
1081 4660 1231 4712 πᾶσα
1263 4659 1357 4712 τὸν
1391 4656 1543 4720 θείας
1571 4655 1791 4724 ὁμιλίας
1832 4655 1971 4709 ἀπο-

380 4744 617 4799 λαύοντα
638 4744 835 4816 μηκέτι
864 4738 1005 4796 εἶναι
1030 4739 1246 4811 θνητόν.
1277 4738 1421 4791 Αὐτὸ
1453 4737 1563 4809 γὰρ
1587 4737 1649 4790 τὸ
1677 4737 1776 4807 τῆς
1802 4736 1971 4806 τιμῆς

386 4826 617 4897 μέγεθος
656 4825 794 4896 πρὸς
822 4822 1121 4878 ἀθανασίαν
1163 4822 1314 4891 ἡμᾶς
1359 4818 1702 4890 μεθίστησιν.
1758 4818 1824 4872 Εἰ
1859 4818 1971 4890 γὰρ

385 4910 511 4972 τοὺς
546 4908 754 4978 βασιλεῖ
799 4906 1252 4976 διαλεγομένους,
1300 4903 1397 4957 καὶ
1443 4901 1543 4971 τῆς
1584 4902 1715 4972 παρ’
1761 4901 1970 4954 ἐκείνου

383 4991 553 5062 τιμῆς
585 4989 980 5055 ἀπολαύοντας,
1013 4988 1296 5058 ἀμήχανον
1320 4982 1458 5039 εἶναι
1486 4984 1757 5055 πένητας,
1791 4983 1974 5055 πολλῷ

388 5074 590 5148 μᾶλλον
632 5074 892 5129 ἀδύνατον
929 5073 1057 5136 τοὺς
1094 5070 1173 5141 τῷ
1216 5067 1337 5140 Θεῷ
1369 5067 1840 5140 προσευχομένους
1876 5067 1973 5121 καὶ

386 5157 710 5228 ὁμιλοῦντας
738 5156 940 5227 θνητὰς
967 5155 1112 5225 ἔχειν
1140 5152 1319 5224 ψυχάς
1339 5168 1353 5182 ·
1382 5151 1611 5213 θάνατος
1645 5151 1755 5221 γὰρ
1795 5149 1974 5220 ψυχῆς

389 5240 614 5319 ἀσέϐεια
652 5240 750 5294 καὶ
778 5238 892 5310 βίος
919 5238 1254 5310 παράνομος.
1292 5233 1503 5319 Οὐκοῦν
1528 5233 1625 5288 καὶ
1650 5232 1763 5319 ζωὴ
1791 5232 1973 5319 ψυχῆς

389 5324 424 5393 ἡ
452 5314 548 5376 τοῦ
579 5321 715 5376 Θεοῦ
747 5321 995 5393 λατρεία,
1034 5321 1128 5373 καὶ
1165 5319 1278 5390 βίος
1309 5320 1338 5371 ὁ
1364 5315 1541 5389 ταύτῃ
1572 5315 1829 5387 πρέπωνσ
1861 5314 1976 5385 βίον

388 5405 448 5460 δὲ
481 5405 626 5459 ὅσιον
653 5406 747 5458 καὶ⁵
773 5406 840 5475 τῇ
871 5401 966 5457 τοῦ
1000 5402 1136 5456 Θεοῦ
1175 5400 1404 5472 λατρεία
1432 5401 1711 5469 πρέποντα
1744 5415 1976 5470 προσευ·

389 5490 461 5562 χὴ
496 5488 741 5557 συνάγει,
770 5489 865 5542 καὶ
911 5484 1232 5559 θησαυρίζει
1262 5482 1594 5554 θαυμαστῶς
1627 5484 1747 5544 ταῖς
1774 5479 1975 5552 ἡμετέ-

392 5589 515 5649 ραις
541 5573 761 5646 ψυχαῖς.
798 5572 924 5626 Εἴτε
950 5571 1060 5643 γὰρ
1094 5569 1393 5641 παρθενίας
1422 5584 1508 5632 τις
1568 5566 1830 5638 ἐραστὴς,
1867 5566 1976 5620 εἴτε

456 5711 484 5773 ξ
507 5709 642 5773 ςοιδ-
669 5711 734 5766 εἰς
753 5712 880 5773 ἡμᾶς
898 5709 1210 5772 παρέπεμψαν
1230 5705 1325 5754 τόν.

456 5770 486 5812 δ
509 5771 646 5834 Colb.
675 5770 948 5834 ὁμιλοῦμεν,

459 5834 485 5866 ⁸
515 5832 599 5884 Sic
621 5829 772 5882 δίνη.
803 5829 969 5883 Μὸιιιί.
1018 5830 1144 5882 Ἀλλ’
1168 5831 1297 5883 ὅμως
1318 5829 1388 5876 ὅτι
1414 5843 1478 5884 γε.

2077 998 2176 1069 τὴν
2211 1001 2269 1051 ἐν
2299 1000 2464 1071 γάμῳ
2505 999 2864 1070 σωφροσύνην
2910 1002 3077 1072 τιμᾷν
3121 1002 3504 1067 ἐσπουδακὼς,
3550 1004 3663 1058 εἴτε

2075 1085 2298 1154 κρατεῖν
2340 1084 2509 1155 ὀργῆς
2557 1085 2652 1136 καὶ
2726 1084 2996 1154 πραότητι
3062 1084 3252 1156 συζῇν,
3305 1087 3412 1138 εἴτε
3466 1086 3664 1156 φθόνου

2075 1162 2429 1232 καθαρεύειν,
2460 1161 2573 1216 εἴτε
2608 1162 2736 1216 ἄλλο
2776 1180 2830 1216 τι
2879 1163 2989 1217 τῶν
3038 1164 3424 1235 προσηκόντων
3463 1169 3660 1231 ποιεῖν,

2075 1247 2386 1316 προσευχῆς
2413 1246 2747 1317 ἡγουμένης,
2770 1247 3329 1319 καὶ,προλεαινούσης
3357 1249 3457 1321 τὴν
3481 1251 3666 1305 τοιαύ-

2073 1345 2173 1399 την
2196 1328 2314 1381 όδὸν
2339 1328 2432 1381 τοῦ
2469 1328 2607 1398 βίου,
2639 1330 2841 1401 εὐχερῆ
2870 1347 2929 1383 τε
2958 1332 3053 1384 καὶ
3085 1331 3270 1403 ῥᾴδιον
3305 1332 3416 1397 ἕξει
3442 1334 3533 1388 τὸν
3562 1336 3667 1406 τῆς

2074 1411 2357 1474 εὐσεϐείας
2383 1411 2604 1483 δρόμον.
2638 1412 2714 1465 Οὐ
2743 1412 2853 1483 γάρ
2900 1412 3072 1475 ἔστιν,
3104 1416 3208 1467 οὐκ
3252 1414 3368 1468 ἔστι
3412 1417 3539 1480 τοὺς
3578 1420 3667 1472 αί-

2072 1495 2299 1559 τοῦντας
2344 1494 2496 1565 παρά
2531 1493 2626 1548 τοῦ
2678 1494 2817 1548 Θεοῦ
2872 1497 3266 1569 σωφροσύνην,
3322 1498 3418 1553 καὶ
3466 1501 3668 1556 δικαιο-

2076 1578 2279 1646 σύνην,
2335 1579 2430 1632 καὶ
2481 1577 2788 1650 πραότητα,
2828 1579 2924 1631 καὶ
2971 1580 3355 1652 χρηστότητα,
3409 1584 3487 1655 μὴ
3528 1602 3663 1654 τυγ-

2072 1661 2261 1732 χάνειν
2310 1661 2409 1731 τῆς
2459 1661 2644 1732 εὐχῆς.
2686 1661 2916 1716 Αἰτεῖτε
2959 1663 3090 1735 γὰρ,
3136 1664 3292 1735 φησὶ,
3345 1667 3445 1719 καί
3490 1668 3668 1734 δοθή-

2075 1758 2246 1798 σεται
2269 1743 2444 1813 ῠμῒνο
2483 1743 2736 1813 ζητεῖτε,
2777 1745 2873 1799 καί⁵
2919 1746 3211 1817 εὑρήσετε·
3273 1749 3528 1819 κρούετε.
3572 1752 3666 1805 καὶ

2072 1828 2428 1898 ἀνοιγήσεται
2472 1828 2633 1896 ὑμῖν·
2684 1825 2810 1894 Πᾶς
2860 1828 2973 1897 γὰρ
3015 1832 3049 1884 ὁ
3102 1828 3286 1885 αἰτῶν
3338 1834 3662 1903 λαμϐάνει,

2076 1910 2177 1964 καὶ
2217 1913 2251 1964 d
2301 1907 2489 1978 ζητῶν
2533 1911 2823 1979 εὑρίσκει,
2859 1911 2959 1964 καί
2995 1910 3076 1976 τῷ
3119 1914 3399 1981 κρούοντι
3436 1917 3671 1988 ἀνοιγή-

2070 2010 2261 2050 σεται.
2313 1993 2426 2047 Καὶ
2471 1992 2706 2064 ἀλλαχοῦ
2754 1992 2946 2048 πάλιν·
3007 1995 3105 2061 Τίς
3149 1996 3318 2062 ἐστι,
3355 2002 3543 2071 φησὶν,
3596 2002 3668 2069 ἐξ

2070 2076 2260 2146 ὑμῶν,
2309 2076 2382 2131 ὃν
2421 2077 2532 2131 ἐὰν
2568 2077 2791 2147 αἰτήσῃ
2843 2080 2876 2132 ὁ
2925 2077 3056 2145 υίὸς
3095 2082 3283 2135 αὑτοῦ
3329 2083 3532 2151 ἄρτον,
3578 2089 3668 2158 μὴ

2072 2163 2250 2217 λίθον
2262 2161 2543 2216 ἐπιδώσει
2564 2160 2760 2227 αὑτῷ;
2784 2160 2822 2229 ἣ
2841 2161 2950 2227 ἐὰν
2963 2162 3138 2231 ἰχθὺν
3160 2162 3309 2237 [780]
3326 2167 3568 2239 αἰτήσῃ,
3579 2171 3668 2241 μὴ

2075 2245 2214 2315 ὄφιν
2239 2244 2519 2299 ἐπιδώσει
2567 2242 2762 2310 αὺτῷ;
2807 2246 2872 2299 El
2908 2244 3024 2298 οὖν
3060 2246 3248 2314 ὑμεῖς,
3281 2253 3534 2320 πονηροί
3565 2254 3670 2307 ὄν-

2070 2346 2191 2396 τες,
2228 2328 2429 2384 οῖδατε
2480 2328 2708 2398 δόματα
2761 2328 2953 2398 ἀγαθὰ
3009 2329 3238 2385 διδόναι
3256 2332 3377 2399 τοῖς
3432 2335 3671 2405 τέκνοις

2069 2411 2259 2482 ὑμῶν,
2291 2413 2463 2477 πόσῳ
2475 2409 2717 2482 μᾶλλον
2731 2414 2764 2465 ό
2787 2410 2989 2480 Πατὴρ
3007 2411 3176 2481 ὑμῶν
3190 2416 3225 2468 ό
3246 2415 3527 2484 οὐράνιος
3554 2419 3669 2474 δώ-

2069 2513 2165 2552 σει
2187 2498 2432 2567 Πνεῦμα
2482 2496 2655 2566 ἄγιον
2689 2497 2814 2562 τοῖς
2839 2497 3115 2552 αἰτοῦσιν
3129 2501 3356 2568 αὐτόν;
3395 2501 3669 2573 Τοιούτοις

2074 2583 2173 2654 μὲν
2196 2582 2378 2651 λόγοις
2397 2582 2493 2636 καλ⁸
2518 2581 2796 2647 τοιαύταις
2808 2582 3022 2636 ὲλπίσιν
3053 2584 3147 2636 ἐπὶ
3167 2589 3481 2658 προσευχὴν
3525 2607 3670 2661 παρ-
3722 2582 3739 2591 “

2069 2666 2329 2719 εκάλεσεν
2384 2666 2534 2735 ἡμᾶς
2565 2667 2594 2719 ὁ
2620 2664 2731 2719 τῶν
2782 2664 2919 2720 ὅλων
2950 2665 3187 2737 Κύριος·
3213 2670 3361 2743 ἡμᾶς
3402 2672 3459 2724 δὲ
3499 2689 3669 2745 προσ-

2069 2749 2193 2820 ήκει
2221 2748 2299 2819 τῷ
2319 2748 2437 2820 Θεῷ
2465 2748 2819 2819 πειθομένους
2844 2749 2934 2802 ἀεὶ
2960 2749 3060 2820 ζῇν
3091 2752 3149 2803 ὲν
3167 2749 3356 2821 ὕμνοις
3388 2754 3483 2808 καὶ
3502 2773 3671 2827 προσ-

2069 2832 2276 2903 ευχαῖς,
2325 2832 2719 2903 ἀκριϐέστερον
2768 2832 2868 2903 τῆς
2895 2831 2993 2885 τοῦ
3026 2833 3162 2886 Θεοῦ
3192 2834 3447 2906 λατρείας
3471 2841 3668 2911 ἐχομέ-

2069 2915 2271 2985 νους,ἢ
2304 2917 2401 2984 τῆς
2436 2914 2645 2968 ἑαυτῶν
2660 2914 2871 2986 ψυχῆς·
2909 2914 3054 2969 οῦτω
3083 2916 3193 2988 γὰρ
3224 2919 3356 2989 ἡμῖν
3406 2921 3671 2994 ὑπάρξειε

2070 2997 2170 3070 ζῇν
2199 2999 2285 3051 ἀεὶ
2311 2998 2410 3069 τὴν
2438 2997 2753 3067 πρέπουσαν
2785 2997 3095 3069 ἀνθρώποις
3139 3000 3307 3072 ζωήν.
3335 3002 3523 3068 Ὅστις
3560 3005 3673 3077 γὰρ

2068 3084 2128 3135 οὐ
2156 3080 2523 3153 προσεύχεται
2550 3081 2628 3150 τῷ
2649 3081 2789 3152 Θεῷ,
2820 3082 2939 3135 οὐδὲ
2959 3081 3110 3145 θείας
3138 3083 3355 3153 ὁμιλίας
3377 3086 3673 3143 ἀπολαύειν

2069 3167 2331 3236 ἐπιθυμεῖ
2384 3165 2643 3237 συνεχῶς,
2673 3165 2864 3236 νεκρός
2899 3167 3018 3219 ἐστι
3074 3167 3170 3219 καὶ
3197 3168 3422 3236 ἄψυχος,
3467 3173 3562 3225 καὶ
3605 3175 3672 3227 οὐ

2072 3248 2290 3318 μετέχει
2321 3246 2416 3301 τοῦ
2449 3251 2686 3319 φρονεῖν.
2720 3248 2863 3300 Αὐτὸ
2885 3247 2994 3319 γὰρ
3025 3248 3184 3302 τοῦτο
3220 3251 3476 3319 μέγιστον
3500 3255 3673 3326 ἀφρο-

2070 3332 2236 3402 σύνης
2291 3333 2539 3401 σημεῖον,
2589 3331 2652 3384 τὸ
2704 3331 2779 3402 μὴ
2835 3331 3161 3385 ἐπίστασθαι
3207 3332 3268 3386 τὸ
3304 3335 3535 3405 μέγεθος
3570 3340 3672 3410 τῆς

2066 3416 2255 3487 τιμῆς,
2288 3416 2423 3488 μηδὲ
2444 3417 2573 3487 ὲρᾷν
2601 3414 2930 3486 προσευχῆς,
2977 3415 3112 3486 μηδὲ
3154 3416 3385 3471 θάνατον
3416 3421 3672 3489 ἡγεῖσθαι

2069 3499 2253 3571 ψυχῆς
2304 3499 2366 3553 τὸ
2416 3499 2492 3570 μὴ
2534 3501 2860 3570 προσκυνεῖν
2904 3497 2981 3569 τῷ
3030 3498 3170 3570 Θεῷ.
3203 3500 3417 3574 Ὠσπερ
3459 3505 3571 3576 γὰρ
3606 3507 3673 3561 τὸ

2073 3584 2235 3656 σῶμα
2286 3583 2446 3637 τοῦτο
2477 3582 2540 3636 τὸ
2572 3582 2863 3654 ἡμέτερον,
2896 3582 3077 3653 ψυχῆς
3113 3582 3190 3655 μὴ
3242 3586 3546 3660 παρούσης,
3587 3607 3674 3643 νε..

2072 3667 2206 3740 κρόν
2259 3668 2378 3721 ἐστι
2436 3665 2531 3719 καὶ
2589 3664 2853 3728 δυσῶδες·
2907 3665 3051 3719 οὕτω
3108 3666 3276 3739 ψυχὴ,
3327 3669 3402 3741 μὴ
3446 3671 3674 3727 κινοῦσα

2072 3751 2272 3822 ἑαυτὴν
2306 3752 2387 3814 είς
2429 3748 2759 3822 προσευχὴν,
2806 3750 2978 3821 νεκρά
3027 3752 3166 3812 ἐστι,
3200 3754 3293 3806 καὶ
3342 3754 3523 3821 ἀθλία,
3576 3760 3674 3813 καὶ

2072 3834 2332 3905 δυσώδης.
2382 3833 2543 3887 Ἀλλά
2598 3833 2707 3904 μὴν
2762 3833 2845 3887 ὅτι
2893 3850 2957 3903 γε
2991 3833 3221 3888 θανάτου
3250 3839 3452 3902 παντὸς
3477 3842 3670 3914 πικρό-

2070 3937 2229 3991 τερον
2269 3916 2519 3990 ήγεῖσθαι
2547 3918 2818 3988 προσήκει
2858 3917 3190 3989 στερηθῆναι
3230 3924 3559 3994 προσευχῆς.
3595 3925 3674 3978 δι.

2071 4004 2263 4059 δάσκει
2313 4001 2496 4064 καλῶς
2545 4001 2695 4072 ἡμᾶς
2748 3999 2968 4071 Δανιὴλ,
3027 4003 3056 4054 ὁ
3112 4003 3288 4073 μέγας
3342 4008 3668 4080 προφήτης.

2078 4086 2279 4160 μᾶλλον
2322 4085 2380 4138 δὲ
2426 4084 2679 4154 ἑλόμενος
2723 4082 3036 4146 ἀποθανεῖν,
3077 4084 3110 4155 ἢ
3145 4089 3296 4157 τρεῖς
3326 4089 3536 4158 ἡμέρας
3575 4094 3673 4160 μό-

2073 4184 2171 4230 νας
2205 4163 2533 4235 στερηθῆναι
2584 4162 2913 4233 προσευχῆς.
2951 4162 3026 4215 Ού
3064 4161 3175 4234 γάρ
3200 4164 3468 4236 ἀσεϐῆσαι
3496 4168 3673 4240 τούτῳ

2074 4247 2408 4321 προσέταξεν
2444 4246 2474 4299 ὁ
2523 4245 2633 4298 τῶν
2691 4245 2916 4316 Περσῶν
2988 4244 3272 4315 βασιλεὺς,
3332 4250 3489 4305 ἀλλά
3520 4255 3673 4323 τρεῖς

2073 4332 2290 4404 ἡμέρας
2353 4331 2514 4401 μόνον
2569 4328 2942 4399 σκοπούμενος
2983 4331 3183 4400 εὑρεῖν.
3208 4333 3372 4386 Ἄνευ
3428 4334 3537 4407 γὰρ
3570 4336 3671 4406 τῆς

2075 4416 2228 4479 θείας
2254 4414 2428 4487 ῥοπῆς
2450 4413 2551 4467 οὐκ
2588 4413 2654 4467 ἄν
2687 4430 2740 4466 τι
2772 4411 2883 4466 τῶν
2916 4413 3138 4482 ἀγαθῶν
3161 4415 3242 4478 είς
3264 4416 3362 4479 τὰς
3391 4418 3671 4490 ἡμετέρας

2076 4499 2220 4555 ἔλθοι
2244 4497 2456 4569 ψυχάςο
2493 4496 2631 4551 Θεοῦ
2656 4496 2714 4550 δὲ
2755 4495 2895 4568 ῥοπὴ
2924 4499 3324 4566 συνεφάπτεται
3342 4501 3452 4553 τῶν
3490 4503 3670 4560 πόνων

2076 4585 2230 4655 ἡμῖν,
2253 4582 2349 4637 καὶ
2374 4581 2597 4645 τούτους
2630 4580 2975 4649 ἐπικουφίζει
3009 4581 3219 4645 καλῶς,
3258 4582 3325 4636 ἂν
3365 4583 3451 4656 ἴδῃ
3499 4602 3670 4656 προσ-

2077 4665 2243 4738 ευχὴν
2274 4662 2625 4734 ἀγαπῶντας,
2651 4666 2747 4717 καὶ
2788 4663 3028 4732 συνεχῶς
3053 4663 3143 4717 τοῦ
3179 4662 3312 4718 Θεοῦ
3359 4665 3669 4738 δεομένους,

2078 4750 2175 4803 καὶ
2224 4748 2403 4802 πάντα
2459 4746 2668 4801 ἐκεῖθεν
2704 4746 2776 4800 τὰ
2830 4744 3010 4816 ἀγαθὰ
3039 4746 3446 4817 καταϐήσεσθαι
3494 4766 3668 4821 προσ-

2076 4829 2373 4892 δοκῶντας.
2411 4829 2580 4881 Ὅταν
2630 4820 2722 4880 οῦν
2779 4826 2874 4880 ίδω
2910 4827 3032 4881 τινὰ
3077 4827 3153 4897 μὴ
3196 4828 3452 4896 φιλοῦντα
3500 4820 3671 4902 προσ-

2078 4911 2264 4983 ευχὴν,
2303 4910 2438 4982 μηδὲ
2468 4910 2668 4980 θερμὸν
2712 4909 2890 4981 ἔρωτα
2945 4909 3150 4981 ταύτης
3186 4910 3378 4981 ἔχοντα
3408 4913 3499 4966 καὶ
3536 4931 3669 4983 σφοο

2078 4996 2223 5068 δρὸν,
2282 4994 2384 5065 ῆδη
2441 5010 2530 5065 μοι
2574 4985 2729 5056 οὗτος
2755 4992 2915 5062 δῆλός
2950 4995 3095 5045 ἐστιν
3139 4992 3215 5056 ὡς
3247 4993 3401 5047 οὐδὲν
3425 4999 3671 5063 γενναῖον

2079 5079 2138 5131 ἐν
2186 5078 2252 5147 τῇ
2306 5076 2451 5148 ψυχῇ
2512 5075 2797 5146 κέκτηται.
2837 5076 3007 5129 Ὅταν
3047 5075 3103 5126 δὲ
3134 5075 3226 5129 ῑδω
3260 5081 3382 5130 τινα
3417 5078 3520 5147 τῆς
3573 5076 3669 5132 τοῦ

2078 5162 2212 5216 Θεοῦ
2265 5161 2520 5232 λατρείας
2541 5160 2852 5230 ἀκορέστως
2886 5160 3160 5230 ἐχόμενον,
3194 5160 3289 5213 καὶ
3314 5160 3376 5213 τὸ
3403 5161 3476 5230 μὴ
3510 5177 3670 5231 προσ·

2078 5244 2334 5315 εύχεσθαι
2400 5242 2639 5313 συνεχῶς
2701 5243 2761 5295 ὲν
2826 5244 2947 5305 ταῖς
2997 5242 3284 5313 μεγίσταις
3330 5242 3670 5314 ἀριθμοῦντα

2083 5327 2326 5399 ζημίαις,
2391 5326 2761 5399 τεκμαίρομαι
2818 5327 2910 5380 τὸν
2955 5327 3193 5381 τοιοῦτον
3241 5327 3423 5397 πάσης
3466 5327 3669 5398 ἀρετῆς

2082 5414 2328 5486 ἀσκητὴν
2385 5408 2522 5466 εἶναι
2580 5412 2815 5482 βέϐαιον,
2866 5412 2960 5465 καὶ
2996 5411 3090 5464 τοῦ
3137 5410 3272 5464 Θεοῦ
3302 5411 3448 5464 ναόν.
3470 5412 3536 5465 Εί
3558 5410 3670 5482 γὰρ

2085 5498 2373 5568 στολισμὸς
2424 5497 2639 5569 ἀνδρὸς,
2689 5497 2781 5551 καὶ
2813 5495 2962 5565 βῆμα
2993 5495 3171 5559 ποδὸς,
3206 5493 3301 5547 καὶ
3327 5494 3502 5563 γέλως
3522 5493 3669 5547 ὁδόν-

2083 5599 2191 5635 των
2240 5580 2561 5650 ἀναγγέλλει
2626 5580 2696 5633 τὰ
2751 5579 2881 5652 περὶ
2928 5578 3122 5643 αὐτοῦ,
3174 5575 3316 5631 κατά
3365 5576 3456 5631 τὸν
3506 5577 3671 5646 σοφὸν

2086 5665 2410 5737 Σολομῶντα
2431 5705 2445 5728 ,
2509 5664 2688 5733 πολλῷ
2768 5662 2966 5733 μᾶλλον
3018 5661 3152 5733 εὐχὴ
3205 5660 3300 5714 καὶ
3354 5663 3388 5730 ἡ
3444 5661 3667 5730 λατρεία

2088 5744 2222 5798 θεοῦ
2281 5744 2507 5814 σημεῖόν
2558 5744 2672 5797 ἐστι
2700 5740 3044 5812 δικαιοσύνης
3087 5740 3324 5810 ἁπάσης,
3378 5740 3540 5811 στολή
3587 5754 3671 5799 τις
