4124 6502
502 394 603 448 777

501 509 638 579 οὖσα
678 508 1024 579 πνευματικὴ
1083 508 1178 561 καὶ
1229 507 1374 572 Θεία,
1416 508 1617 580 πολλὴν
1657 511 1961 582 εὐμορφίαν
2004 511 2098 565 καὶ

504 601 698 666 κάλλος
728 599 1071 670 καταχέουσα
1125 611 1151 639 α
1195 601 1317 662 ταῖς
1357 600 1656 671 ἡμετέραις
1686 601 1969 667 διανοίαις,
2008 600 2099 654 τὸν

509 691 733 748 ἐκάστου
793 688 1133 758 ῥυθμίζουσα
1188 686 1325 756 βίον,
1386 688 1489 742 οὐκ
1518 688 1664 744 ἐῶσα
1703 690 1908 759 φαῦλον
1945 690 2100 745 οὐδὲν

499 778 621 832 οὐδέ
665 779 863 832 ἄτοπον
926 776 1027 844 τῆς
1072 775 1311 838 διανοίας
1363 778 1616 846 κρατεῖν,
1673 777 1937 831 αἰδεῖσθαι
1979 777 2100 830 πεί-

499 863 668 918 θουσα
712 862 803 916 τὸν
849 861 1002 925 Θεὸν,
1036 862 1131 937 καὶ
1177 861 1277 932 τὴν
1319 862 1453 932 παρ’
1497 862 1663 917 αὐτοῦ
1694 864 1880 935 τιμὴν,
1918 866 2099 919 πᾶσαν

498 950 592 1003 τοῦ
647 947 893 1021 Πονηροῦ
942 948 1198 1019 γοητείαν
1245 949 1675 1018 ἀποπέμπεσθαι
1725 952 2098 1018 παιδεύουσα,

497 1040 625 1101 τούς
658 1036 920 1107 αἰσχροὺς
976 1037 1071 1089 καὶ
1126 1035 1361 1100 ἀτόπους
1390 1035 1755 1103 ὲξελαύνουσαη
1781 1039 2098 1110 λογισμοὺς,

496 1129 556 1180 ὲν
620 1125 892 1197 ὑπεροψίᾳ
934 1124 1037 1192 τῆς
1094 1123 1290 1194 ἡδονῆς
1342 1125 1659 1179 καθιστῶσα
1707 1127 1806 1198 τὴν
1866 1128 2098 1181 ἑκάστου

495 1215 695 1285 ψυχήν.
745 1211 896 1283 Αὐτη
948 1213 1059 1283 γὰρ
1104 1215 1138 1282 ὴ
1186 1211 1539 1283 ὑπερηφανία
1593 1213 1731 1284 μόνη
1760 1213 1962 1284 πρέπει
1986 1218 2099 1278 τοῖς

493 1302 589 1357 τὸν
615 1301 849 1374 Χριστὸν
877 1299 1210 1371 σεϐομένοις,
1234 1299 1297 1351 τὸ
1340 1300 1531 1370 μηδενὶ
1563 1300 1833 1353 δουλεύειν
1862 1301 2097 1376 αἰσχρῷ,

496 1389 650 1464 1781]
698 1389 836 1444 ἀλλὰ
883 1391 1073 1458 τηρεῖν
1118 1388 1176 1439 ἐν
1210 1385 1495 1458 ἐλευθερίᾳ
1527 1388 1628 1458 τὴν
1662 1387 1841 1459 ψυχὴν
1869 1391 1965 1443 καὶ
1999 1390 2100 1461 βίῳ

495 1477 918 1548 κεκαθαρμένῳ.

569 1566 692 1621 Ὀτι
735 1565 834 1637 μὲν
859 1559 953 1618 οῦν
984 1562 1266 1629 παντελῶς
1310 1563 1595 1634 ἀμήχανον
1628 1563 1756 1618 ἄνευ
1789 1564 2099 1637 προσευχῆς

497 1654 667 1725 ἀρετῇ
697 1653 890 1724 συζῇν,
918 1653 1013 1704 καὶ
1047 1652 1189 1722 μετά
1211 1649 1416 1721 ταύτης
1454 1650 1785 1721 πορεύεσθαι
1828 1652 1920 1705 τὸν
1959 1652 2097 1722 βίον,

495 1738 653 1813 οἶμαι
697 1739 858 1811 δῆλον
905 1739 1111 1794 ἅπασιν
1162 1734 1323 1791 εἶναι.
1372 1736 1499 1801 Πῶς
1549 1739 1659 1810 γάρ
1690 1738 1757 1793 ἀν
1791 1756 1873 1802 τις
1898 1738 2100 1811 ἀρετὴν

505 1831 760 1900 ἁσκήσειε
799 1829 876 1900 μὴ
929 1824 1171 1898 προσιὼν
1198 1826 1293 1879 καὶ
1338 1825 1697 1897 προσπίπτων
1739 1826 1978 1897 συνεχῶς
2020 1826 2100 1898 τῷ

499 1917 701 1987 ταύτης
739 1913 961 1987 χορηγῷ
1009 1914 1104 1968 καί⁸
1133 1914 1352 1984 δοτῆρι;
1383 1913 1500 1976 πῶς
1528 1912 1585 1967 δὲ
1621 1913 1686 1967 ἀν
1710 1931 1795 1978 τις
1823 1913 2098 1985 ἐπιθυμή-

498 2022 644 2059 σειεν
679 1999 816 2057 εἶναι
873 2002 1107 2073 σώφρων
1140 2001 1234 2055 καὶ
1284 2000 1513 2064 δίκαιος,
1548 2000 1624 2073 μὴ
1684 2001 1889 2072 ὁμιλῶν
1930 2003 2100 2072 ἡδέως

495 2092 576 2164 τῷ
622 2090 798 2144 ταῦτά
851 2107 912 2144 τε
961 2090 1057 2143 καὶ
1108 2087 1276 2141 πλείω
1334 2088 1540 2141 τούτων
1586 2088 1909 2144 ἀπαιτοῦντι
1966 2090 2098 2162 παρ’

494 2180 694 2250 ήμῶν;
723 2175 995 2248 Βούλομαι
1026 2175 1084 2228 δέ
1120 2174 1386 2240 ἐπιδεῖξαι
1442 2175 1530 2229 διά
1572 2174 1841 2248 βραχέων,
1877 2178 1959 2231 ὅτι
1993 2178 2100 2232 κᾶν

498 2266 910 2339 ἁμαρτημάτων
937 2264 1212 2334 γέμοντας
1239 2264 1298 2318 αἱ
1330 2264 1633 2335 προσευχαὶ
1661 2264 1898 2320 λάϐωσιν
1927 2268 2097 2337 ἡμᾶς,

494 2357 706 2429 ταχέως
765 2354 1225 2426 ἀποκαθαίρουσι.
1254 2355 1450 2407 Καίτοι
1479 2353 1533 2406 τί
1575 2353 1758 2424 μεῖζον
1793 2355 1992 2424 γένοιτ’
2032 2355 2100 2410 ἂν

496 2444 827 2518 προσευχῆς,
858 2444 893 2515 ἦ
924 2441 1219 2513 θειότερον,
1284 2443 1413 2496 ὅταν
1456 2440 1905 2513 ἀλεξιφάρμακον
1955 2446 2099 2515 φανῇ

490 2552 546 2589 τι
573 2531 708 2589 οὖσα
735 2536 846 2597 τοῖς
865 2533 966 2596 τάς
1001 2531 1181 2603 ψυχὰς
1211 2530 1495 2597 νοσοῦσιν;
1532 2530 1742 2585 Οὐκοῦν
1772 2531 1979 2604 πρῶτοι
2003 2532 2102 2585 Νι-

492 2623 701 2682 νευῗται
721 2622 1005 2693 φαίνονται
1045 2621 1134 2675 διὰ
1170 2621 1483 2692 προσευχῆς
1513 2620 1918 2690 ἀναλυσάμενοι
1946 2623 1975 2662 ι)
2000 2622 2102 2687 τὰς

496 2711 697 2775 πολλὰς
760 2710 890 2781 πρὸς
944 2709 1078 2765 Θεὸν
1133 2709 1430 2780 ἁμαρτίας.
1471 2710 1625 2779 ’Ἀμα
1657 2727 1718 2763 τε
1756 2710 1867 2782 γὰρ
1909 2709 2101 2766 ἐλαϐεν

493 2801 694 2863 αὐτοὺς
720 2800 755 2869 ἡ
779 2799 1078 2869 προσευχὴ,
1116 2798 1214 2851 καὶ
1244 2797 1491 2860 δικαίους
1535 2797 1783 2868 ἐποίησε,
1822 2798 1915 2851 καὶ
1947 2798 2125 2853 πόλιν-

498 2886 808 2959 εἰθισμένην
860 2884 1130 2956 ἀκολασίᾳ
1153 2886 1250 2938 καὶ
1274 2884 1512 2956 πονηρίᾳ
1534 2886 1630 2939 καὶ
1670 2885 1976 2957 παρανόμῳ
2002 2886 2102 2957 βίῳ

494 2974 686 3046 συξῇν,
712 2973 1113 3047 ἐπανώρθωσεν
1160 2973 1352 3039 ὀξέως,
1384 2972 1624 3037 παλαιᾶς
1658 2971 1944 3045 συνηθείας
1983 2976 2100 3045 μεῖ-

493 3063 586 3127 ζον
606 3061 899 3133 ἰσχύσασα,
931 3060 1044 3115 τῶν
1067 3060 1337 3130 οὐρανίων
1360 3060 1543 3130 νόμων
1564 3059 1670 3131 πλη
1680 3075 1748 3133 ρη
1768 3064 2102 3132 πεποιηκυῖα

490 3151 591 3224 τὴν
620 3152 795 3217 πόλιν,
843 3149 1281 3221 συνεφελκομένη
1318 3148 1437 3221 μεθ’
1461 3149 1664 3219 ἑαυτῆς
1697 3149 1794 3203 καὶ
1823 3151 2103 3222 σωφροσύ-

488 3258 612 3312 νην,
650 3241 747 3295 καὶ
773 3238 1209 3309 φιλανθρωπίαν,
1238 3238 1335 3291 καὶ
1374 3239 1683 3310 πραότητα,
1716 3238 1810 3291 καὶ
1844 3239 2101 3311 πρόνοιαν

492 3327 745 3400 πτωχῶν.
795 3326 871 3382 Οὐ
919 3326 1028 3397 γάρ
1067 3326 1320 3396 ἀνέχεται
1362 3327 1536 3396 χωρὶς
1581 3324 1787 3379 τούτων
1825 3326 2099 3382 ἐνδιαιτᾶ-

491 3417 615 3471 σθαι
647 3416 793 3489 ψυχῇ
828 3428 851 3456 ο
879 3429 894 3445 ⁸
925 3415 1043 3469 ἀλλ’
1092 3416 1174 3478 εἰς
1199 3415 1267 3487 ἥν
1296 3414 1362 3467 ἂν
1390 3415 1586 3486 οἰκὴσῃ
1618 3414 1879 3480 διάνοιαν,
1913 3415 2099 3488 πλήρη

491 3509 636 3560 ποιεῖ
656 3505 1007 3575 δικαιοσύνης
1034 3504 1239 3574 πάσης,
1262 3501 1689 3575 παιδοτριϐοῦσα
1719 3502 1856 3574 πρὸς
1873 3503 2095 3574 ἀρετὴν,

490 3595 585 3649 καὶ
613 3593 814 3649 κακίαν
843 3590 1187 3664 ἐξορίζουσα.
1235 3591 1346 3644 Καὶ
1371 3590 1437 3661 δὴ
1467 3590 1564 3644 καὶ
1592 3590 1713 3643 τότε
1768 3590 1822 3643 εἴ
1857 3606 1941 3653 τις
1984 3593 2098 3645 είσ-

488 3681 651 3756 ῆλθεν
684 3684 765 3744 εἰς
789 3681 994 3752 Νινευῆ
1025 3680 1122 3752 τὴν
1140 3679 1319 3744 πόλιν,
1348 3679 1732 3751 καὶπρότερον
1752 3679 1919 3749 αὐτὴν
1935 3680 2097 3753 ἀκρι-

490 3771 602 3835 ϐῶς
628 3771 1015 3842 ἐπιστάμενος,
1060 3772 1164 3825 οὐκ
1208 3769 1274 3824 ἂν
1311 3770 1532 3838 ἐπέγνω
1574 3768 1674 3839 τὴν
1703 3768 1859 3822 πόλιν
1882 3786 1895 3799 ·
1924 3768 2099 3835 οὕτως

489 3854 748 3925 ἐξαίφνης
803 3853 913 3908 ἀπὸ
942 3851 1038 3907 τοῦ
1096 3851 1430 3924 φαυλοτέρου
1476 3850 1593 3922 βίου
1637 3852 1774 3921 πρὸς
1811 3851 2096 3907 εὐσέϐειαν

493 3938 888 4010 μετεπήδησεν.
919 3938 1136 4009 ’Ὥσπερ
1180 3936 1291 4008 γάρ
1334 3939 1569 4003 γυναῖκα
1628 3936 1876 4007 πτωχὴν,
1930 3936 2096 4007 ῥάκια

490 4019 787 4092 φοροῦσαν,
805 4018 963 4093 ’μετὰ
993 4019 1171 4073 ταῦτά
1188 4037 1274 4084 τις
1303 4021 1526 4091 χρυσοῖς
1550 4019 1787 4088 ἱματίοις
1819 4036 2097 4091 κεκοσμηα

493 4103 661 4174 μένην
693 4101 836 4168 ἰδὼν,
874 4104 975 4157 οὐκ
1014 4103 1079 4158 ἂν
1104 4102 1352 4173 ἐπιγνοίη
1376 4101 1437 4156 τὸ
1469 4100 1691 4171 γύναιον
1712 4118 1724 4129 ·
1751 4100 1927 4166 οὐτως
1946 4105 1975 4156 6
1994 4102 2095 4174 τὴν

490 4185 646 4239 πόλιν
679 4187 899 4258 ἐκείνην
941 4184 1101 4251 εἰδὼς
1131 4186 1521 4257 πτωχεύουσαν
1556 4184 1953 4258 πρότερον,κα“ι
1982 4185 2093 4240 τῶν

491 4268 876 4340 πνευματικῶν
906 4269 1111 4342 ἔρημον
1135 4265 1300 4324 οὖσαν
1332 4266 1645 4339 θησαυρῶν,
1710 4269 1979 4340 ἠγνόησεν
2026 4269 2094 4323 ἂν
2152 4330 2159 4335 _

490 4353 609 4425 ητις
649 4354 735 4425 εἴη
769 4355 803 4425 ὴ
827 4352 1001 4420 πόλις,
1039 4355 1107 4426 ἢν
1138 4353 1394 4407 τοσοῦτον
1432 4351 1654 4424 ἴσχυσεν
1687 4352 1821 4425 εὐχὴ
1855 4354 2094 4424 μεταϐα-

488 4437 656 4493 λοῦσα
680 4440 776 4492 καὶ
795 4438 997 4511 τρόπον
1028 4439 1122 4492 καὶ
1145 4438 1258 4508 βίον
1293 4437 1432 4509 πρὸς
1463 4438 1663 4508 ἀρετὴν
1693 4437 2089 4507 ἐπαναγαγεῖν.

488 4522 598 4574 Καὶ
631 4522 770 4592 γυνὴ
792 4520 850 4574 δέ
877 4538 961 4585 τις
1009 4522 1066 4574 ἐν
1096 4519 1364 4593 ἀκολασίᾳ
1397 4521 1492 4575 καὶ
1537 4521 1764 4592 πορνείᾳ
1797 4521 1974 4575 πάντα
2000 4520 2090 4591 βε-

488 4604 723 4659 ϐιωκυῖα
780 4605 875 4659 τὸν
929 4605 1141 4676 χρόνον,
1194 4604 1315 4676 ἅμα
1359 4623 1418 4658 τε
1453 4604 1764 4677 προσέπεσε
1800 4604 1937 4676 πρὸς
1963 4606 2090 4671 τοὺς

488 4687 658 4750 πόδας
710 4686 807 4742 τοῦ
838 4688 1098 4759 Χριστοῦ,
1130 4687 1224 4742 καὶ
1255 4688 1532 4761 σωτηρίας
1565 4687 1776 4759 ἔτυχεν.
1804 4690 1880 4742 Οὐ
1911 4690 2090 4743 τοίνυν

486 4770 850 4844 ἀποκαθαίρει
905 4770 1066 4841 μόνον
1117 4771 1428 4843 ἁμαρτίας,
1480 4769 1614 4824 ἀλλά
1664 4771 1759 4825 καί
1809 4771 2087 4836 κινδύνους

486 4854 852 4924 ἀποκρούεται
882 4854 1171 4924 μεγάλους.
1193 4854 1262 4907 Ὀ
1283 4855 1348 4922 γέ
1367 4871 1450 4908 τοι
1481 4853 1734 4924 βασιλεὺς
1750 4854 1886 4925 ὁμοῦ
1915 4873 1974 4909 τε
1992 4856 2086 4909 καὶ

487 4937 793 5007 προφήτης.
829 4939 857 4990 6
888 4935 1194 5008 θαυμάσιος
1230 4936 1414 4999 Δαυῒδ,
1450 4938 1577 5002 τοὺς
1611 4937 1841 5001 πολλοὺς
1874 4941 1969 4994 καὶ
1995 4958 2088 5010 χα-

485 5020 683 5085 λεποὺς
717 5019 990 5090 πολέμους
1029 5023 1096 5092 τῇ
1134 5024 1408 5093 προσευχῇ
1460 5021 1706 5092 διέφυγε,
1730 5021 1887 5075 τοῦτο
1926 5024 2085 5093 μόνον

484 5103 546 5158 τὸ
573 5103 739 5159 ὅπλον
771 5102 870 5174 τῆς
914 5103 1172 5171 στρατιᾶς
1210 5102 1673 5175 προϐαλλόμενος,
1708 5104 1803 5157 καὶ
1827 5106 2084 5176 παρέχων

483 5189 597 5252 τοῖς
653 5184 846 5242 ἑαυτοῦ
895 5184 1249 5255 στρατιώταις
1303 5186 1426 5241 καθ’
1483 5187 1714 5259 ἡσυχίαν
1763 5188 1861 5242 καὶ
1899 5189 2084 5244 ἄδειαν

484 5269 779 5326 ἀπολαύειν
810 5269 911 5341 τῆς
972 5267 1143 5339 νίκης.
1207 5270 1269 5321 Οἱ
1322 5270 1420 5339 μὲν
1477 5267 1572 5324 οὖν
1617 5270 1766 5325 ἄλλοι
1816 5270 2078 5341 βασιλεῖς,

483 5356 542 5409 ἐν
568 5358 637 5428 τῇ
673 5354 783 5409 τῶν
840 5351 1164 5426 στρατηγῶν
1220 5353 1483 5426 ἐμπειρίᾳ
1545 5353 1639 5407 καὶ
1670 5356 1736 5425 τῇ
1790 5354 1954 5428 τέχνῃ
1987 5356 2081 5409 καὶ

546 5562 573 5625 Ρ
596 5559 751 5625 ξοιξίι,
770 5562 821 5609 in
831 5561 1195 5625 ροισι-κάλλος
1221 5562 1513 5625 ἐμποιοῦσα.

542 5621 732 5690 δμροιι).
754 5629 802 5670 εἰ
825 5621 977 5673 Savif.
1005 5621 1056 5672 in
1077 5631 1219 5674 textu
1240 5621 1639 5686 ἀπολουσάμενοι.
1664 5624 1814 5676 Savil.
1839 5626 1888 5674 in
1914 5641 2070 5690 marg.

481 5682 595 5733 ἀνα)
605 5683 830 5744 υσάμενοι
837 5719 847 5730 .

547 5749 568 5777 ε
596 5744 733 5794 Culb.
765 5746 1082 5816 ἐνδιαιτᾶσθαι
1107 5746 1309 5811 βροτοῖς,
1338 5746 1491 5797 Savil.
1538 5749 1585 5796 in
1614 5754 1754 5798 lexlu
1782 5750 1986 5813 βροτοῖς,
2021 5752 2070 5799 in

485 5823 571 5909 ""‘a
589 5820 960 5930 ἕδῶῗῖἕξζῖία.

1175 390 1542 447 8.1οΑΝΝΞ8
1580 392 2073 451 CHRYSOSTOMI
2111 392 2438 451 ARCHIEP.
2477 396 3035 456 CONSTANTINOP.

3705 398 3827 453 778

2205 507 2449 573 τοξόταις
2502 509 2598 563 καί
2638 508 2884 575 ὁπλίταις
2944 512 3038 564 καὶ
3086 509 3311 565 ἰππεῦσι
3343 511 3447 583 τὴν
3488 511 3687 565 ἐλπίδα
3712 513 3826 583 τῆς

2206 602 2483 670 σωτηρίας
2512 596 2657 673 εἰχον
2687 617 2702 633 ο
2733 604 2761 654 ὁ
2784 601 2842 655 δὲ
2869 602 3045 672 μέγας
3063 601 3226 656 Δαυῖδ
3247 606 3366 666 ταῖς
3401 604 3588 671 ἁγίαις
3623 604 3823 673 εὐχαῖς

2205 692 2305 761 τὴν
2343 692 2604 762 στρατιὰν
2659 692 2946 764 ἐτείχιζεν,
2989 694 3051 747 οὐ
3090 692 3304 763 βλέπων
3334 696 3414 758 εἰς
3441 696 3620 766 ὀφρὺν
3650 713 3826 764 στρα-

2206 782 2392 853 τηγῶν
2425 785 2520 837 καὶ
2579 784 2888 856 ταξιάρχων
2918 787 3012 839 καὶ
3042 788 3351 857 ἱππάρχων,
3392 786 3514 839 οὐδὲ
3548 788 3828 858 χρήματα

2209 873 2504 956 συλλέγων,
2531 876 2652 929 οὐδὲ
2702 877 2843 931 ὅπλα
2870 878 3318 944 κατασκευάζων,
3365 879 3502 932 άλλά
3527 881 3627 950 τὴν
3658 879 3823 933 θείαν

2208 967 2514 1021 πανοπλίαν
2559 971 2619 1036 ἐξ
2662 971 2895 1040 οὐρανοῦ
2957 972 3311 1044 καταφέρων.
3369 972 3656 1026 Πανοπλία
3698 974 3822 1045 γάρ

2206 1059 2283 1123 ὼς
2333 1059 2551 1131 ἀληθῶς
2597 1062 2847 1133 οὐράνιος
2893 1065 2929 1134 ἡ
2980 1063 3102 1117 θεία
3158 1068 3471 1138 προσευχὴ,
3523 1067 3619 1119 καὶ
3669 1068 3822 1137 μόνη

2205 1149 2429 1205 δύναται
2481 1153 2770 1221 φυλάττειν
2800 1154 3037 1225 βεϐαίως
3077 1157 3203 1221 τοὺς
3236 1157 3536 1223 δεδωκότας
3576 1160 3821 1223 tamab;

2205 1242 2284 1314 τῷ
2306 1241 2443 1315 Θεῷ.
2477 1246 2590 1317 Τὴν
2613 1246 2714 1316 μὲν
2741 1247 2852 1320 γὰρ
2875 1248 2985 1303 τῶν
3001 1248 3236 1303 ὁπλιτῶν
3272 1250 3427 1321 ίσχύν
3451 1268 3509 1303 τε
3532 1253 3626 1304 καὶ
3653 1250 3819 1323 [7825

2206 1337 2539 1409 ἐπιστήμην,
2569 1340 2664 1392 καὶ
2714 1339 2948 1404 τοξοτῶν
3000 1340 3317 1413 ἐμπειρίαν,
3349 1343 3443 1396 καὶ
3491 1343 3818 1414 προδοσίαν,

2207 1428 2469 1493 πολλάκις
2492 1432 2783 1503 ὑποφαίνει
2811 1435 3046 1504 μάταιον
3074 1437 3167 1489 καὶ
3185 1436 3476 1508 βλέμματα
3505 1436 3817 1508 πολεμικὰ,

2207 1523 2302 1576 καὶ
2345 1524 2659 1578 ἀντιπάλων
2743 1526 2979 1598 εὐψυχία
3000 1527 3053 1594 ά,
3098 1529 3196 1584 καὶ
3261 1529 3399 1584 ἀλλα
3452 1529 3628 1583 πολλὰ.
3672 1530 3818 1601 πρὸς

2206 1615 2448 1680 τούτοιςσ
2499 1619 2779 1690 προσευχὴ
2834 1619 2892 1673 δὲ
2943 1619 3156 1691 ἄμαχον
3203 1622 3390 1686 ὅπλον,
3432 1622 3532 1675 καὶ
3567 1623 3821 1691 ἀσφαλὲς

2206 1707 2596 1782 φυλακτήριον,
2649 1712 2851 1783 ὁμοίως
2907 1714 3005 1784 μὲν
3062 1713 3401 1786 στρατιώτην
3444 1715 3564 1779 ἕνα,
3607 1714 3821 1784 ὁμυίως

2204 1801 2264 1854 δὲ
2295 1802 2499 1867 πολλὰς
2529 1805 2951 1877 ἀποκρουομένη
2982 1807 3252 1877 μυριάδας
3277 1829 3288 1839 ·
3318 1808 3443 1859 ἐπεὶ
3475 1809 3570 1860 καί
3594 1806 3757 1860 Δανῖδ
3788 1809 3823 1859 ὁ

2207 1894 2514 1966 θαυμάσιος
2560 1898 2654 1951 τὸν
2701 1900 2897 1954 Γολιάθ
2945 1903 3173 1967 ἐκεῖνον,
3195 1901 3385 1974 ὥσπερ
3427 1903 3663 1974 δαίμονά
3692 1918 3817 1955 τινα

2207 1988 2439 2059 φοϐερὸν
2482 1991 2874 2063 ἐπερχόμενον,
2913 1995 3013 2066 οὐχ
3041 1995 3227 2059 ὅπλοις
3259 1994 3381 2048 οὐδὲ
3424 1994 3663 2065 ξίφεσιν,
3694 1994 3819 2047 ἀλλ’

2206 2081 2394 2153 εὐχαῖς
2450 2085 2808 2155 κατήνεγκεν.
2842 2084 3033 2149 Οὕτως
3083 2085 3303 2156 ἰσχυρὸν
3346 2087 3444 2156 μὲν
3498 2084 3819 2155 βασιλεῦσιν

2207 2174 2266 2227 ἐν
2296 2176 2498 2246 μάχαις
2550 2177 2716 2230 ὁπλον
2759 2180 2793 2249 ή
2842 2179 3140 2251 προσευχὴ,
3193 2180 3412 2251 ἰσχυρὸν
3449 2179 3506 2233 δὲ
3534 2180 3630 2233 καὶ
3681 2181 3820 2250 ἡμῖν

2208 2266 2345 2337 πρὸς
2375 2267 2656 2340 δαίμονας.
2698 2268 2857 2323 Οῦτω
2890 2273 2986 2324 καὶ
3014 2274 3041 2324 6
3083 2270 3337 2341 βασιλευς
3376 2270 3627 2334 Ἐζεκίας
3658 2288 3820 2340 περιο

2206 2361 2418 2429 γίνεται
2445 2362 2522 2433 τῷ
2578 2363 2802 2433 πολέμῳ
2859 2364 2967 2417 τῶν
3013 2365 3263 2436 Περσῶν,
3297 2364 3557 2436 στρατιάν
3586 2364 3687 2434 μὲν
3713 2367 3816 2436 οὐχ

2207 2454 2456 2519 ὁπλίσας,
2487 2455 2653 2525 εὐχάς
2681 2454 2739 2507 δὲ
2790 2455 2959 2526 μόνας
2983 2459 3314 2527 ἀντιστήσας
3351 2455 3431 2525 τῷ
3469 2456 3670 2526 πλήθει
3702 2457 3815 2508 τῶν

2208 2546 2541 2601 ἀντιπάλων·
2576 2546 2721 2601 οὕτω
2780 2549 2877 2602 καὶ
2934 2548 3164 2602 θάνατον
3221 2550 3470 2621 διέφυγε,
3522 2552 3663 2621 μετά
3714 2553 3814 2623 τῆς

2209 2644 2594 2716 προσηκούσης
2636 2645 2928 2710 εὐλαϐείας
2974 2647 3054 2717 τῷ
3092 2646 3214 2718 Θεῷ
3256 2646 3606 2718 προσπεσὼν,
3645 2647 3743 2700 καὶ
3777 2648 3814 2717 ἡ

2210 2739 2485 2809 προσευχὴ
2535 2738 2673 2810 μόνη
2723 2739 2958 2794 δέδωκεν
3010 2740 3308 2794 ἀναϐιῶναι
3340 2740 3420 2811 τῷ
3446 2741 3678 2810 βασιλεῖ.
3703 2742 3813 2793 Καὶ

2212 2833 2319 2902 μήν
2347 2848 2411 2900 γε
2438 2831 2519 2884 ὅτι
2544 2833 2724 2904 ψυχὴν
2784 2836 3171 2905 ὴμαρτηκυῖαν
3204 2837 3239 2907 ἠ
3275 2834 3554 2905 προσευχὴ
3617 2833 3812 2907 ῥᾳδίως

2209 2924 2595 2995 ἀποκαθαίρει,
2635 2920 2877 2980 διδάσκει
2906 2928 3054 2998 ἡμᾶς
3106 2929 3136 2980 ὁ
3180 2927 3439 2997 τελώνης,
3477 2925 3689 2998 δεηθεὶς
3715 2928 3811 3003 τοῦ

2208 3017 2344 3071 Θεοῦ
2387 3021 2570 3090 τυχεῖν
2616 3018 2888 3089 ἀφέσεως,
2946 3021 3043 3073 καὶ
3084 3019 3295 3092 τυχώνο
3331 3021 3572 3075 διδάσκει
3628 3022 3683 3074 δὲ
3718 3025 3815 3076 καὶ

2207 3111 2237 3162 6
2274 3111 2495 3183 λεπρὸς,
2540 3111 2659 3183 ἅμα
2702 3129 2762 3165 τε
2813 3113 3142 3184 προσπεσὼν
3186 3113 3264 3184 τῷ
3295 3112 3436 3185 Θεῷ,
3486 3116 3579 3168 καί
3610 3115 3811 3186 καθαρ-

2208 3203 2323 3267 θεὶς
2374 3204 2600 3268 εὐθέως.
2630 3204 2692 3258 Εἰ
2740 3202 2800 3256 δὲ
2827 3205 2985 3274 σῶμα
3012 3204 3407 3275 διεφθαρμένον
3432 3207 3460 3259 ὁ
3488 3205 3623 3270 Θεὸς
3644 3206 3810 3269 ὀξέως

2211 3299 2420 3365 ἰάσατο,
2460 3297 2640 3369 πολλῷ
2675 3298 2874 3369 μᾶλλον
2922 3298 3102 3371 ψυχὴν
3153 3304 3507 3369 νενοσηκυίαν
3536 3300 3809 3371 6:921:56-

2209 3411 2291 3447 σει
2351 3386 2780 3465 φιλανθρώπως·
2812 3394 2924 3465 ὅσῳ
2957 3394 3067 3465 γὰρ
3094 3393 3393 3466 τιμιωτέρα
3419 3393 3514 3447 τοῦ
3556 3396 3807 3465 σώματος

2207 3490 2241 3559 ἡ
2272 3487 2442 3559 ψυχὴ,
2477 3486 2719 3556 τοσούτῳ
2752 3487 2957 3559 μᾶλλον
3004 3487 3151 3551 εἰκὸς
3180 3487 3311 3558 περί
3346 3488 3553 3559 ταύτην
3583 3488 3808 3542 πλείονα

2209 3584 2446 3653 σπουδὴν
2499 3579 2910 3634 ἐπιδείκνυσθαι
2947 3580 3041 3633 τὸν
3086 3580 3240 3633 Θεόν.
3287 3581 3399 3634 Καὶ
3431 3582 3599 3655 μυρία
3633 3583 3698 3637 ἀν
3725 3600 3809 3645 τις

2206 3673 2318 3746 ἔχοι
2370 3673 2549 3744 λέγειν
2588 3675 2684 3727 καὶ
2726 3673 2933 3727 παλαιά
2964 3675 3058 3726 καὶ
3100 3673 3283 3741 καινά,
3317 3674 3368 3726 εί
3394 3675 3600 3740 πάντας
3631 3676 3807 3748 ἐξαρι-

2206 3768 2461 3840 θμεῖσθαι
2502 3767 2746 3839 βούλοιτο
2784 3768 2911 3835 τούς
2941 3766 3031 3821 διά
3047 3768 3358 3841 προσευχῆς
3403 3767 3805 3839 σεσωσμένους.

2209 3865 2368 3925 Ἴσως
2413 3862 2471 3916 δέ
2497 3880 2581 3926 τις
2624 3861 2731 3915 τῶν
2755 3861 3146 3934 ῥᾳθυμοτέρων
3202 3863 3298 3916 καὶ
3356 3864 3456 3916 οὐκ
3510 3864 3807 3917 ἐθελόντων

2203 3958 2484 4030 ἐπιμελῶς
2529 3955 2934 4029 προσεύχεσθαι
2992 3954 3086 4008 καὶ
3145 3953 3473 4017 σπουδαίως,
3511 3954 3697 4007 ἐκεῖνα
3733 3956 3805 4008 τὰ

2204 4057 2426 4127 ῥήματα
2456 4054 2682 4125 φήσειεν
2720 4053 2787 4105 ἂν
2813 4051 3095 4123 εἰρηκέναι
3139 4048 3231 4103 τὸν
3262 4048 3417 4112 Θεὸν,
3443 4047 3520 4111 ώς
3568 4049 3651 4102 Οὐ
3682 4046 3803 4115 πᾶς
3878 4090 3889 4097 ,

2202 4153 2237 4204 ὀ
2265 4148 2462 4219 λέγων
2484 4164 2607 4218 μοι,
2646 4147 2849 4214 Κύριε,
2888 4145 3086 4212 Κύριε,
3120 4143 3535 4197 εἰσελεύσεται
3564 4144 3655 4208 εἰς
3686 4142 3803 4210 τὴν

2196 4241 2525 4308 βασιλείαν
2559 4237 2682 4295 τῶν
2696 4234 2991 4309 οὐρανῶν,
3013 4235 3151 4290 ἀλλ’
3188 4238 3222 4289 ό
3262 4230 3451 4289 ποιῶν
3480 4234 3546 4288 τὸ
3568 4235 3803 4303 θέλημα

2201 4338 2307 4392 τοῦ
2340 4338 2572 4408 Πατρός
2591 4354 2731 4407 μου,
2760 4335 2867 4390 τοῦ
2905 4335 2976 4389 ἐν
3000 4333 3282 4403 οὐρανοῖς
3302 4351 3315 4364 ο
3342 4333 3456 4402 ἐγὼ
3474 4333 3531 4388 δὲ
3558 4334 3608 4387 εἰ
3629 4333 3800 4404 μόνην

2200 4432 2452 4506 ἐξαρκεῖν
2483 4431 2619 4502 πρὸς
2646 4430 2744 4502 τὴν
2771 4429 3045 4502 ἡμετέραν
3072 4427 3456 4499 σωτηρίαντὴν
3490 4426 3800 4498 προσευχὴν

2198 4528 2469 4595 ἐνόμιζον,
2500 4525 2803 4589 εἰκότωςάν
2817 4542 2902 4587 τις
2931 4522 3136 4587 τούτοις
3168 4522 3434 4593 ἐκέχρητο
3451 4523 3563 4584 τοῖς
3586 4520 3793 4589 λόγοις·

2198 4621 2320 4673 ἐπεὶ
2344 4620 2400 4674 δὲ
2429 4618 2727 4687 κεφάλαιον
2752 4612 2893 4670 εἶναι
2910 4613 3132 4684 ἀγαθῶν
3164 4613 3263 4684 τὴν
3294 4612 3607 4685 προσευχήν
3627 4628 3791 4682 φημ.,

2198 4714 2291 4766 καὶ
2320 4710 2563 4784 κρηπῖδα
2600 4711 2695 4764 καὶ
2733 4708 2891 4780 ῥίζαν
2934 4706 3030 4762 τοῦ
3076 4705 3480 4768 λυσιτελοῦντος
3512 4705 3651 4776 βίου,
3689 4722 3801 4775 μη-

2194 4809 2304 4872 δεὶς
2338 4808 2430 4860 ἐπὶ
2483 4805 2757 4876 προφάσει
2786 4803 3060 4875 ῥᾳθυμίας
3092 4802 3322 4864 ἐκείνοις
3360 4798 3645 4872 κεχρὴσθω
3676 4802 3793 4859 τοῖς·Δ

2195 4900 2394 4968 λόγοις.
2424 4899 2559 4951 Οὐδὲ
2594 4897 2707 4969 γὰρ
2762 4893 3086 4968 σωφροσύνη
3134 4895 3268 4965 μόνη
3318 4892 3544 4947 δύναται
3598 4890 3791 4956 σώζειν

2194 4992 2323 5048 ἄνευ
2350 4992 2461 5047 τῶν
2481 4990 2657 5047 ἄλλων
2691 4988 2940 5059 ἀγαθῶν,
2971 4987 3094 5042 οὐδὲ
3122 4986 3347 5058 πρόνοια
3383 4985 3637 5057 πτωχῶν,
3668 4985 3785 5039 οὐδέ

2192 5088 2520 5161 χρηστότης,
2568 5084 2689 5139 οὐδὲ
2736 5084 2864 5139 ἄλλο
2901 5100 2953 5135 τι
2991 5081 3101 5135 τῶν
3145 5080 3484 5143 σπουδαίων,
3542 5079 3674 5133 ἀλλά
3709 5079 3787 5133 δεῖ

2193 5182 2370 5235 πάντα
2404 5180 2730 5250 συνδραμεῖν
2760 5178 2839 5240 εἰς
2862 5177 2963 5240 τὰς
2978 5174 3251 5247 ἡμετέρας
3273 5172 3450 5243 ψυχάς
3470 5190 3483 5202 ·
3511 5174 3782 5245 προσευχῇ

2191 5274 2247 5328 δὲ
2291 5271 2480 5344 ὥσπερ
2532 5271 2659 5342 ῥίζα
2703 5269 2799 5323 καὶ
2848 5269 3054 5341 κρηπὶς
3095 5268 3405 5331 ὑπόκειται,
3444 5266 3557 5321 Καὶ
3595 5266 3784 5338 ὥσπερ

2193 5361 2375 5416 πλοῖον
2408 5361 2504 5415 καὶ¹
2524 5358 2705 5413 οἰκίαν
2760 5358 2831 5412 τά
2874 5357 3120 5414 κάτωθεν
3151 5356 3347 5429 ἰσχυρά
3373 5359 3518 5411 ποιεῖ
3544 5357 3638 5412 καὶ
3668 5373 3783 5412 συν-

2187 5453 2325 5524 έχει,
2355 5450 2498 5506 οὕτω
2542 5451 2634 5505 τὸν
2682 5451 2953 5524 ὴμετέρον
2980 5449 3094 5522 βίον
3123 5451 3183 5507 αί
3219 5450 3520 5522 προσευχαὶ
3548 5466 3782 5523 συγκρα-

2184 5543 2397 5598 τοῦσιν·
2447 5543 2577 5598 ἄνευ
2610 5543 2669 5597 δὲ
2695 5542 2902 5614 ταύτης
2929 5543 3082 5598 οὐδὲν
3125 5541 3193 5597 ἂν
3220 5544 3353 5615 ἡμῖν
3391 5541 3618 5611 ἀγαθὸν,
3657 5542 3780 5595 οὐδὲ

2186 5639 2451 5709 σωτήριον
2482 5637 2710 5706 γένοιτο.
2746 5638 2848 5691 Διά
2874 5636 3032 5691 τοῦτο
3059 5639 3088 5691 ὁ
3133 5636 3345 5701 Παῦλος
3372 5635 3616 5707 ἔγκειται
3656 5652 3780 5689 συν-

2183 5731 2322 5801 εχῶς
2346 5731 2478 5801 ἡμῖν
2506 5729 2977 5801 διακελευόμενος,
3005 5729 3106 5783 καῖ
3127 5728 3322 5798 λέγων·
3360 5727 3437 5796 Τῇ
3457 5725 3779 5797 προσευχῇ

2184 5821 2698 5892 πμσκηρτερεῒτε,
2723 5822 3154 5893 γρηγοροῦντες
3182 5821 3251 5876 ἐν
3285 5818 3459 5890 αὐτῇ,
3498 5819 3568 5875 ἐν
3594 5820 3778 5891 εὐχα-
