4124 6456
339 448 448 500 ΤΠ

342 566 450 618 stis
480 557 723 630 quaedam
770 554 842 609 sit
880 546 1169 621 spiritualis
1212 558 1277 599 ac
1311 540 1519 603 divina,
1567 551 1686 606 qua:
1727 542 1935 588 mentes

347 666 563 709 nostras
616 662 809 719 magno
864 646 1062 700 decore
1110 654 1173 694 ac
1232 630 1624 707 pulchritudine
1670 626 1841 682 induit
1884 632 1939 679 et

343 754 602 810 exornat,
647 756 767 807 qua:
810 736 1136 807 singulorum
1163 727 1373 785 vivendi
1416 723 1675 779 rationem
1722 716 1935 784 dirigit,

345 854 470 909 quae
502 849 607 890 non
651 831 850 903 patitur
876 827 980 881 ulla
1022 839 1080 879 re
1105 822 1195 876 vili
1223 831 1276 876 et
1305 814 1536 873 absurda
1571 820 1807 868 mentem
1846 822 1939 862 oc-

347 929 535 1000 cupari
565 943 581 983 :
613 941 732 996 qua:
762 918 1067 993 persuadet,
1096 925 1153 970 ut
1184 914 1351 968 Deum
1378 924 1443 963 ac
1465 906 1797 976 dignitatem,
1825 915 1944 971 qua:

348 1028 423 1080 ab
450 1025 563 1103 illo
607 1022 662 1076 in
713 1032 810 1074 nos
829 1015 1124 1075 derivatur,
1157 1020 1438 1062 vereamur
1466 1017 1481 1059 :
1511 1015 1631 1067 qua:
1657 998 1845 1061 docet,
1888 1003 1946 1048 ut

351 1100 545 1172 diuites
593 1111 762 1167 hostis
806 1103 1037 1176 improbi
1086 1098 1381 1171 praestigias
1424 1091 1753 1163 depellamus
1784 1101 1797 1139 :
1826 1101 1946 1155 qute

354 1220 542 1277 turpes
568 1215 622 1260 et
648 1202 893 1272 indignas
936 1196 1289 1268 cogitationes
1329 1187 1493 1256 abigit
1520 1203 1532 1237 :
1563 1198 1681 1253 qua:
1710 1182 1762 1234 in
1792 1179 1945 1232 volu-

359 1303 522 1374 ptatis
550 1270 894 1368 despicientia
920 1290 1156 1345 animum
1196 1283 1454 1352 cujusque
1486 1272 1779 1332 constituit.
1824 1270 1952 1324 Haec

356 1393 503 1450 enim
543 1403 653 1444 una
693 1382 941 1453 superbia
978 1378 1134 1433 decet
1179 1370 1413 1440 eos,qui
1439 1366 1706 1422 Christum
1735 1360 1948 1425 colunt,

264 1532 271 1537 .
358 1495 420 1541 ut
449 1480 579 1539 nulli
611 1473 925 1545 turpitudini
949 1469 1205 1530 serviant,
1228 1463 1322 1519 sed
1359 1460 1570 1516 animus
1613 1455 1666 1508 in
1707 1453 1953 1507 libertate

359 1572 679 1641 vivendique
707 1568 913 1621 ratione
934 1556 1273 1629 integerrima
1302 1555 1668 1606 conservetur.

438 1627 756 1723 Precdtionis
784 1627 1068 1712 necessitas:
1092 1645 1260 1701 David
1285 1659 1376 1699 rea:
1399 1650 1446 1696 et
1462 1641 1707 1710 propheta
1727 1627 1955 1707 precibus

361 1768 610 1815 armatus.
636 1753 794 1807 —Et
839 1747 955 1803 lieri
995 1741 1211 1814 quidem
1259 1733 1478 1790 omnino
1521 1745 1628 1785 non
1676 1740 1865 1798 posse,
1898 1730 1956 1778 ut

365 1856 486 1909 sine
532 1846 780 1920 precibus
823 1840 931 1895 vita
977 1850 1101 1891 cum
1127 1831 1322 1886 virtute
1354 1824 1583 1886 dicatur,
1613 1816 1954 1889 perspicuum

364 1958 490 1999 esse
523 1937 770 1995 omnibus
809 1929 1076 1986 existimo.
1106 1922 1313 1977 Etenim
1358 1911 1627 1986 quomodo
1647 1909 1767 1980 quis
1787 1907 1953 1961 virtu-

371 2047 480 2090 tem
507 2032 683 2095 colat,
714 2024 802 2096 qui
849 2037 952 2076 non
995 2014 1235 2078 accedat,
1264 2022 1431 2078 seque
1479 2002 1692 2074 abjiciat
1736 1997 1960 2067 supplex

369 2124 584 2179 assidue
608 2120 674 2174 ad
701 2131 846 2179 eum,
870 2110 963 2182 qui
1007 2122 1126 2163 eam
1171 2099 1472 2171 suppeditat
1516 2102 1676 2163 atque
1701 2089 1958 2161 largitur?

370 2231 477 2288 qua
518 2211 720 2268 ratione
746 2206 863 2276 quis
892 2202 1276 2270 temperantem
1308 2198 1365 2245 et
1395 2188 1600 2258 justum
1630 2199 1690 2238 se
1717 2196 1838 2236 esse
1862 2196 1928 2234 cu
1952 2210 1960 2218 -

375 2310 503 2380 piat,
534 2302 628 2374 qui
655 2316 763 2356 non
810 2293 1015 2366 placide
1042 2303 1164 2345 cum
1195 2285 1285 2338 illo
1308 2286 1584 2343 versetur,
1613 2274 1703 2345 qui
1740 2282 1794 2328 et
1825 2271 1961 2337 haec,

376 2365 431 2457 et
455 2365 607 2470 plura
636 2394 721 2449 his
749 2407 780 2445 a
809 2365 963 2444 nobis
988 2379 1192 2452 exigit?
1214 2376 1351 2433 Volo
1379 2379 1557 2426 autem
1587 2365 1769 2438 paucis
1788 2371 1968 2418 esten-

376 2495 527 2556 dere,
560 2502 696 2550 nos,
747 2477 989 2551 quamvis
1032 2471 1203 2540 culpis
1250 2475 1306 2522 et
1351 2460 1643 2519 sceleribus
1682 2462 1967 2523 coopertos

380 2581 616 2655 precatio
644 2568 1027 2643 deprehendat,
1054 2562 1197 2619 illico
1224 2566 1400 2611 tamen
1444 2549 1669 2620 expiari.
1693 2546 1811 2601 Jam
1843 2558 1969 2597 vero

1131 2652 1142 2655 “
1192 2650 1221 2655 ’⁵
1263 2648 1275 2655 ⁵
1321 2648 1331 2655 ⁸
1473 2643 1504 2655 ⁹-
1606 2654 1609 2655 ν
1714 2636 1766 2655 J-
1798 2634 1936 2655 ._--.l:

381 2634 432 2655 τ-
452 2634 471 2638 v
486 2634 523 2636 -κ
718 2634 730 2643 .

381 2673 508 2745 quid
538 2667 842 2741 precatione
865 2658 1037 2727 majus
1063 2652 1146 2708 vel
1171 2648 1401 2705 divinius
1442 2643 1539 2706 sit,
1561 2636 1774 2717 quando
1796 2634 1970 2690 medi-

382 2767 557 2822 cinam
578 2755 885 2831 quamdam,
915 2743 1266 2817 expultricem
1294 2732 1665 2806 aegritudinum
1697 2741 1817 2782 esse
1841 2741 1973 2782 con-

383 2865 488 2913 stat
509 2818 715 2919 iis,.qui
745 2840 947 2899 morbis
984 2833 1149 2893 animi
1195 2820 1601 2885 conﬂictantur?
1626 2818 1819 2876 Notum
1852 2827 1934 2872 est
1956 2859 1971 2883 ,

384 2910 656 3003 Ninivitas.
671 2936 873 3009 primos
892 2946 919 2985 a
941 2924 1183 3000 plurimis
1214 2935 1308 2990 per
1325 2913 1684 2987 precationem
1699 2910 1909 2966 delictis
1925 2917 1980 2962 et

386 3000 945 3094 sceleribus-liberatos
962 3018 1107 3090 (Jan.
1122 3012 1203 3089 5.)
1216 3010 1406 3070 Statim
1423 3009 1566 3064 enim
1583 3012 1638 3059 ut
1654 3004 1772 3058 illos
1789 3000 1982 3070 deprc-

389 3129 532 3190 catio
555 3123 870 3195 occupavit,
893 3116 1116 3190 justitize
1161 3108 1447 3181 participes
1474 3099 1669 3163 effecit,
1697 3105 1752 3151 et
1789 3094 1980 3149 civita-

394 3237 579 3290 tatetn,
609 3235 726 3291 quae
751 3229 876 3269 cum
922 3201 1352 3274 intemperantia,
1385 3192 1640 3264 nequitia,
1661 3185 1983 3254 vivendique

394 3317 605 3374 ratione
630 3309 828 3367 nefaria
854 3304 1053 3373 degere
1073 3298 1444 3352 consueverat,
1458 3285 1705 3341 celeriter
1724 3276 1980 3338 correxit,

394 3409 564 3467 veteri
583 3398 966 3461 consuetudine
993 3393 1112 3462 plus
1140 3386 1344 3446 valens,
1373 3376 1673 3435 caelestibus
1714 3371 1984 3425 civitatem

399 3501 607 3571 legibus
649 3491 905 3562 explens,
940 3459 1383 3551 temperantiam,
1420 3466 1833 3537 benignitatem,
1873 3459 1987 3513 cle-

400 3591 694 3649 mentiam,
730 3578 1157 3653 procurationem
1204 3576 1496 3638 pauperum
1549 3571 1732 3638 secum
1761 3554 1985 3609 ducens.

400 3687 533 3741 Sine
558 3682 641 3735 his
668 3677 813 3733 enim
852 3671 1085 3727 animam
1127 3661 1362 3718 incolere
1412 3670 1519 3710 non
1553 3658 1759 3721 potest;
1805 3659 1990 3701 verum

403 3781 459 3830 in
511 3778 898 3844 quamcumque
945 3765 1180 3814 mentem
1236 3744 1633 3818 commigrarit,
1681 3738 1828 3796 omni
1872 3752 1990 3791 eam

407 3868 672 3941 probitate
700 3831 972 3920 cumulat,
994 3850 1061 3906 ad
1107 3849 1354 3903 virtutem
1400 3838 1672 3900 informat,
1705 3831 1994 3903 nequitiam

410 3929 577 4031 pellit.
603 3955 672 4009 Et
706 3964 839 4007 sane
872 3948 918 4002 si
958 3943 1078 4015 quis
1119 3949 1244 3995 tunc
1267 3933 1495 3990 Niniven
1524 3929 1796 3997 ingressus
1826 3931 1991 3982 esset,

410 4014 506 4120 qui
539 4046 686 4101 illam
715 4049 874 4095 antea
901 4014 1065 4106 probe
1095 4038 1297 4092 nosset,
1325 4023 1592 4079 civitatem
1618 4014 1859 4086 profecto
1890 4026 1997 4066 non

410 4140 717 4212 agnovisset
747 4152 764 4188 :
793 4134 864 4187 ita
907 4132 1130 4198 repente
1157 4139 1188 4176 a
1216 4117 1474 4189 nequiore
1513 4113 1620 4166 vita
1651 4108 1716 4163 ad
1742 4107 1997 4178 pietatem

413 4229 721 4290 transilivit.
749 4224 820 4280 Ut
856 4221 1001 4277 enim
1034 4215 1285 4271 feminam
1325 4209 1537 4276 inopem
1565 4216 1627 4255 ac
1661 4210 1954 4270 pannosam
1982 4235 1999 4260 ,

415 4325 593 4381 aureis
631 4328 815 4391 postea
844 4306 1175 4368 vestimentis
1203 4307 1515 4359 exornatam
1545 4293 1590 4348 si
1619 4293 1740 4362 quis
1777 4301 2003 4358 aspexe-

418 4424 522 4482 rit,
576 4409 938 4471 mulierculam
991 4418 1097 4459 non
1159 4390 1559 4468 agnoscatzita
1607 4385 1699 4455 qui
1735 4382 2004 4436 civitatem

421 4516 565 4570 illam
597 4518 751 4564 antea
779 4502 1001 4559 vidisset
1027 4502 1270 4566 egentem
1298 4501 1364 4542 ac
1389 4479 1756 4555 spiritualibns
1775 4473 2006 4530 destitu-

423 4617 531 4661 tam
583 4596 884 4661 thesauris,
933 4593 1232 4661 ignorasset
1279 4578 1498 4635 omnino
1530 4613 1546 4639 ,
1576 4581 1820 4642 qua‘nam
1863 4573 2009 4619 esset

422 4700 631 4759 civitas,
658 4707 817 4764 quam
843 4691 913 4743 ita
944 4680 1177 4755 precatio
1201 4683 1530 4733 commutare
1554 4676 1611 4723 et
1651 4665 1791 4719 illius
1832 4675 2010 4716 mores

426 4790 742 4857 vivendique
814 4782 1073 4837 rationem
1142 4772 1212 4828 ad
1265 4770 1517 4823 virtutem
1584 4759 1864 4815 traducere
1919 4769 2015 4822 po-

429 4886 636 4939 tuisset.
692 4878 761 4932 Et
810 4889 938 4929 vero
995 4867 1188 4923 mulier
1228 4858 1497 4931 quzctlam,
1546 4866 1668 4922 quae
1713 4849 1765 4902 in
1822 4847 2011 4899 ἱιιιθιιιο

369 4988 377 4994 ’
432 4974 669 5046 petautia
696 4979 752 5025 et
790 4961 1093 5022 meretricio
1121 4963 1329 5027 qumstu
1369 4960 1582 5002 omnem
1607 4946 1863 4995 anteactae
1892 4935 2017 4988 vitae

434 5078 650 5123 cursum
708 5057 1039 5117 confecerat,
1067 5045 1417 5111 simulatque
1461 5051 1521 5092 se
1558 5032 1626 5088 ad
1672 5027 1867 5084 Christi
1925 5041 2019 5095 pe-

435 5162 531 5215 des
579 5153 807 5224 abiecit,
849 5147 1074 5203 Salutem
1117 5141 1441 5205 consequuta
1491 5137 1573 5183 est
1602 5125 1621 5198 (
1653 5123 1777 5177 Luc.
1825 5122 1878 5173 7.
1928 5120 2017 5171 '57.

436 5268 540 5322 sqq.
562 5249 604 5320 ).
628 5244 786 5314 Atqui
818 5254 924 5295 non
953 5235 1114 5292 modo
1136 5230 1420 5286 criminum
1466 5220 1649 5289 culpas
1680 5229 1744 5269 ac
1788 5210 2023 5267 maculas

1330 5317 1340 5322 -
1416 5314 1430 5322 .
1773 5303 1884 5322 .,___
1935 5300 2021 5322 ,η-

440 5300 728 5406 deici,
780 5343 969 5402 magna
1016 5326 1176 5380 etiam
1229 5314 1465 5389 pericula
1514 5307 1743 5379 repellit.
1773 5303 1888 5359 Rex
1935 5300 2025 5356 ille

624 5392 689 5485 ac
714 5392 1221 5482 vates‘admirabilis
1238 5406 1401 5466 David
1429 5406 1580 5477 plura
1608 5409 1662 5454 et
1678 5399 1857 5470 gravia
1885 5392 2041 5447 bella

445 5522 751 5598 precatione
771 5509 1099 5589 profligavit,
1128 5506 1212 5560 his
1257 5502 1379 5556 telis
1421 5498 1697 5552 dumtaxat
1731 5486 2026 5544 exercitum

447 5576 497 5598 τ’
521 5576 526 5578 “
551 5576 600 5580 "’
772 5576 790 5589 ι
928 5576 957 5585 ν

447 5610 827 5686 praemuniens,
852 5614 906 5660 et
931 5599 1201 5661 efficiens,
1232 5602 1290 5647 ut
1316 5604 1413 5660 per
1430 5585 1663 5657 quietem
1690 5589 1745 5634 et
1769 5576 2030 5633 securita-

1513 5676 1552 5686 _.
1830 5685 1833 5686 ν
1858 5665 2026 5686 μω

451 5721 558 5763 tem
582 5703 664 5761 sui
689 5701 884 5757 milites
911 5690 1132 5749 victoria
1161 5686 1479 5759 potirentur.
1513 5676 1644 5731 Nam
1684 5671 1772 5726 alii
1816 5665 2029 5737 quidem

455 5815 608 5870 reges
629 5797 681 5850 in
702 5793 896 5849 ducum
923 5781 1246 5856 experientia
1263 5785 1319 5831 et
1341 5782 1477 5831 arte.
1511 5769 1562 5823 in
1607 5759 1914 5833 sagittariis,
1943 5772 2034 5827 pe-

457 5856 673 5955 ditibus,
694 5894 751 5942 et
789 5879 1050 5954 equitibus
1090 5886 1239 5943 sporn
1268 5864 1452 5921 salutis
1484 5856 1748 5915 habebant
1781 5870 1793 5906 :
1821 5861 1876 5906 at
1916 5866 2029 5903 tua-

1626 420 1714 474 DE
1756 411 2208 473 PRECATIUNE.
2248 409 2290 466 1.

3528 392 3630 446 778

2040 543 2178 598 gnos
2233 523 2400 580 David
2439 519 2639 576 sanctis
2691 515 2938 587 precibus
2987 510 3290 567 exercitum
3335 508 3628 573 muniebat,

2044 634 2151 673 non
2198 614 2414 678 ducum,
2442 610 2832 672 centurionum,
2866 603 3237 675 praefectorum
3266 597 3504 670 equitum
3534 612 3626 652 su-

2045 708 2262 779 percilia
2305 704 2641 767 intuebatur,
2694 713 2803 753 non
2851 694 3104 766 pecunias
3151 692 3472 761 colligebat,
3528 703 3637 742 non

2045 814 2192 853 arma
2220 794 2601 866 comparabat;
2632 785 2726 846 sed
2771 805 2803 844 e
2841 786 2974 842 caelo
3004 785 3180 840 divina
3231 782 3319 835 illa
3362 794 3635 835 armorum

2045 904 2244 962 genera
2290 889 2537 944 universa
2570 884 2818 940 ducebat.
2849 881 3055 935 Cuncta
3096 877 3241 932 enim
3287 890 3347 929 re
3375 888 3498 928 vera
3529 888 3637 926 ca:-

2049 984 2264 1039 lestium
2305 994 2575 1036 armorum
2625 991 2824 1048 genera
2851 973 3047 1028 divinis
3078 969 3324 1041 precibus
3351 969 3637 1022 continen-

2052 1082 2170 1139 tur;
2203 1087 2323 1143 quae
2352 1070 2432 1124 vel
2461 1070 2591 1125 solte
2622 1074 2848 1137 possunt
2879 1078 2975 1118 eos
3001 1063 3156 1123 tueri,
3183 1059 3275 1128 qui
3304 1073 3365 1113 se
3397 1058 3507 1111 Deo
3531 1065 3641 1110 tra-

2051 1164 2322 1219 diderunt.
2352 1161 2485 1217 Nam
2520 1158 2773 1229 peditum
2824 1154 3039 1226 quidem
3085 1153 3251 1207 robur
3292 1160 3452 1220 atque
3497 1148 3640 1218 peri-

2056 1258 2181 1312 tiam
2200 1296 2217 1319 ,
2248 1253 2643 1325 sagittariorum
2672 1246 3078 1319 experientiam,
3109 1244 3163 1297 in
3186 1241 3462 1313 prodendo
3488 1240 3643 1295 hoste

2054 1348 2398 1405 Calliditatem
2425 1360 2568 1415 satpe
2591 1343 2677 1398 vel
2708 1340 2915 1396 hostilis
2939 1340 3178 1402 obtutus,
3208 1344 3365 1403 atque
3391 1333 3644 1388 adversa-

2056 1444 2258 1496 riorum
2283 1440 2496 1494 animus
2522 1437 2561 1503 ί,
2593 1435 2805 1503 aliaque
2846 1431 3009 1486 multa
3048 1429 3262 1483 inanem
3300 1424 3562 1488 reddunt;
3590 1432 3648 1477 at

2058 1531 2294 1603 precatio
2318 1530 2478 1586 telum
2506 1536 2591 1582 est
2610 1522 2993 1592 insuperabile,
3017 1528 3294 1587 tutumque
3314 1515 3643 1586 pra-sidium,

2056 1623 2201 1694 quod
2239 1635 2392 1691 teque
2433 1619 2657 1672 militem
2683 1629 2870 1679 unum,
2898 1627 2962 1666 ac
2998 1610 3163 1663 multa
3193 1608 3357 1662 millia
3384 1606 3647 1676 pt'olligat.

2058 1716 2189 1771 Nam
2218 1724 2270 1769 et
2290 1709 2621 1768 admirabilis
2643 1706 2807 1762 David
2828 1703 3105 1761 Goliadem
3129 1702 3298 1764 illum,
3323 1710 3378 1752 ut
3408 1707 3652 1753 metuen-

2060 1808 2185 1863 dum
2209 1804 2491 1877 quemdam
2521 1801 2822 1855 daemonem
2853 1798 3170 1859 irruentem,
3197 1809 3303 1846 non
3330 1790 3516 1855 armis,
3544 1804 3652 1843 non

2060 1899 2272 1971 gladiis,
2300 1894 2394 1951 sed
2421 1893 2723 1964 precatione
2746 1890 2943 1959 dejecit
2971 1885 3047 1960 (1.
3072 1884 3203 1954 Reg.
3236 1884 3349 1951 l7).
3382 1880 3456 1935 Ita
3487 1880 3651 1935 teluut

2064 2000 2147 2045 est
2185 1988 2504 2044 acerrimum
2549 1996 2606 2039 et
2644 1981 2859 2053 regibus
2906 1980 2960 2034 in
3006 1977 3204 2048 praeliis
3243 1973 3572 2043 deprecatio,
3603 1982 3660 2025 et

2066 2081 2219 2135 nobis
2245 2079 2309 2132 ad
2336 2077 2640 2132 da-monum
2665 2075 2918 2142 impetum
2937 2065 3376 2139 propulsandum.
3406 2062 3477 2118 ita
3494 2063 3655 2117 etiam

2068 2187 2162 2227 rex
2211 2168 2465 2224 Ezechias
2502 2167 2672 2221 victor
2726 2179 2756 2218 e
2791 2162 3073 2217 Persarum
3111 2157 3254 2211 bello
3304 2152 3552 2209 discessit
3581 2154 3656 2220 (4.

2069 2264 2200 2335 Reg.
2233 2262 2348 2332 19),
2384 2275 2491 2313 non
2534 2257 2652 2312 acie
2709 2255 2997 2317 instructa,
3051 2249 3146 2305 sed
3190 2262 3294 2302 una
3352 2246 3663 2316 precatione

2070 2354 2303 2408 hostium
2333 2349 2505 2420 copiis
2524 2345 2768 2418 opposita
2795 2360 2809 2398 :
2838 2342 2981 2397 idem
3023 2341 3123 2395 bac
3148 2353 3252 2393 una
3278 2337 3487 2392 ratione
3518 2350 3665 2389 mor-

2074 2454 2181 2501 tem
2210 2444 2450 2509 evitavit,
2482 2443 2646 2495 Deum
2672 2422 2907 2508 congrua
2931 2434 3130 2504 pietate
3159 2440 3464 2494 veneratus;
3501 2439 3665 2496 atque

2075 2539 2147 2594 ita
2179 2555 2281 2593 una
2328 2536 2565 2607 precatio
2613 2548 2794 2602 regem
2848 2533 2972 2586 vitae
3019 2528 3250 2584 restituit
3281 2524 3433 2595 (Isai.
3457 2526 3573 2594 57).
3598 2524 3667 2577 Et

2075 2646 2204 2685 sane
2230 2629 2465 2683 animum
2492 2628 2726 2698 peccatis
2751 2624 3082 2694 inquinatum
3118 2619 3269 2673 facile
3300 2616 3544 2686 precibus
3573 2630 3668 2668 ex-

2080 2722 2234 2793 piari,
2267 2720 2417 2776 testis
2468 2729 2551 2772 est
2597 2716 2929 2787 publicanus,
2957 2711 3195 2782 quicum
3226 2724 3255 2761 a
3300 2708 3409 2761 Deo
3452 2708 3666 2760 veniam

2082 2824 2330 2884 precatus
2375 2820 2538 2873 esset,
2569 2807 2676 2861 voti
2713 2819 2936 2874 compos
2968 2801 3213 2857 discessit
3244 2797 3394 2870 (Luc.
3426 2796 3514 2851 18.
3543 2794 3668 2864 15);

2084 2909 2238 2963 testis
2266 2907 2527 2974 leprosos,
2550 2901 2640 2971 qui
2669 2899 2830 2955 simul
2876 2904 3037 2966 atque
3074 2909 3134 2949 se
3162 2892 3232 2946 ad
3261 2891 3352 2945 Dei
3385 2888 3548 2960 pedes
3573 2888 3672 2941 ab-

2080 3003 2230 3073 jecit,
2265 2999 2406 3053 illico
2427 3003 2642 3051 curatus
2668 3000 2750 3047 est
2779 2990 2799 3052 (
2825 2990 3023 3044 Matth.
3087 2988 3141 3042 8.
3208 2985 3244 3038 2
3264 3025 3277 3037 .
3374 2979 3530 3048 Quod
3568 2980 3613 3032 si
3642 2994 3673 3031 a

2086 3106 2314 3163 corpore
2342 3091 2481 3144 Deus
2509 3086 2693 3140 vitiato
2720 3092 2882 3152 atque
2902 3086 3155 3146 corrupto
3199 3072 3444 3128 morbum
3500 3069 3675 3124 celer-

2091 3187 2225 3241 rime
2246 3182 2487 3252 depulit,
2518 3177 2687 3231 multo
2717 3172 2885 3242 magis
2905 3169 3087 3223 animo
3118 3166 3262 3219 vitiis
3290 3163 3489 3218 infecto
3518 3176 3674 3217 cura-

2092 3278 2293 3331 tionem
2320 3250 2640 3326 immaniter
2676 3260 2954 3318 adhibebit
2985 3275 2998 3312 :
3034 3271 3155 3310 nam
3197 3269 3304 3324 quo
3346 3250 3681 3323 praestantior

2090 3380 2171 3424 est
2197 3367 2408 3421 animus
2455 3374 2717 3430 oorpore,
2759 3370 2825 3410 eo
2872 3352 3040 3422 magis
3076 3364 3171 3419 par
3198 3356 3282 3402 est
3324 3344 3597 3400 ardentius
3650 3358 3680 3394 a

2098 3463 2205 3516 Deo
2236 3461 2287 3513 itt
2320 3459 2411 3513 illo
2438 3454 2672 3509 studium
2701 3445 2972 3505 collocari.
3009 3443 3073 3497 Et
3098 3455 3230 3495 sane
3257 3446 3507 3493 sexcenta
3532 3435 3682 3504 quis-

2097 3555 2236 3624 piam
2265 3558 2629 3610 cuntveteta,
2657 3553 2767 3597 tum
2821 3553 2956 3592 nova
2988 3533 3229 3604 proferre
3279 3530 3449 3601 possit
3498 3541 3686 3581 exem-

2097 3649 2203 3719 pla,
2235 3647 2280 3700 si
2332 3642 2525 3713 quibus
2571 3650 2756 3708 preces
2794 3631 2951 3687 saluti
2995 3629 3225 3689 fuerunt,
3254 3635 3575 3678 enumerare
3604 3634 3687 3672 voc

2098 3739 2258 3796 luerit
2288 3737 2585 3791 universos.
2608 3732 2679 3786 At
2717 3727 2941 3781 fortasse
2960 3718 3222 3789 quispiam
3257 3729 3291 3770 e
3327 3710 3688 3783 segnioribus,

2099 3844 2154 3889 et
2183 3833 2248 3887 iis
2273 3829 2363 3900 qui
2392 3832 2637 3881 accurate
2663 3834 2728 3875 ac
2750 3816 2989 3873 studiose
3018 3808 3221 3881 precari
3263 3804 3435 3859 nolint
3453 3843 3469 3866 ,
3494 3798 3690 3854 dixerit

2102 3926 2194 3981 illa
2225 3921 2388 3977 verba
2422 3919 2585 3971 Deum
2614 3912 2813 3967 ideirco
2836 3921 2956 3961 esse
2977 3903 3376 3973 proloqnntum,
3406 3890 3650 3947 videlicet
3674 3905 3700 3954 ζ

2106 4020 2228 4075 Non
2264 4014 2426 4070 omnis
2448 4051 2463 4077 ,
2488 4008 2572 4080 qui
2598 4005 2718 4059 dicit
2745 3999 2904 4065 mihi,
2934 3994 3150 4051 Domine
3168 4033 3184 4058 ,
3213 3987 3457 4050 Domine,
3484 3981 3692 4037 intrabit

2105 4114 2158 4166 in
2187 4121 2395 4181 regnum
2437 4101 2699 4159 actorum,
2730 4092 2818 4149 sed
2847 4091 2931 4163 qui
2971 4087 3144 4160 fecerit
3183 4081 3489 4135 voluntatem
3519 4072 3694 4126 Patris

2108 4166 2336 4272 ntrifqui
2357 4207 2429 4253 est
2449 4198 2502 4249 in
2530 4192 2667 4247 cwtis
2692 4186 2903 4261 (Matth.
2925 4184 2979 4235 7.
3004 4177 3098 4250 21)
3133 4195 3146 4229 :
3174 4189 3274 4245 ego
3299 4184 3426 4226 vero
3452 4167 3497 4222 si
3524 4166 3692 4219 solam

2108 4297 2472 4372 precationem
2497 4287 2561 4340 ad
2591 4296 2830 4339 nostram
2860 4276 3086 4331 salutem
3113 4268 3243 4324 satis
3270 4278 3392 4320 esse
3416 4267 3656 4331 putarem
3677 4295 3695 4318 ,

2111 4390 2303 4447 merito
2330 4385 2444 4439 haec
2470 4379 2627 4451 obiici
2657 4377 2891 4430 dicerem
2927 4386 2942 4421 :
2988 4363 3238 4437 quoniam
3275 4371 3405 4413 vero
3434 4354 3697 4408 bonorum

2112 4480 2351 4538 omnium
2381 4481 2542 4544 caput
2566 4466 2927 4540 precationem
2954 4473 3074 4513 esse
3108 4451 3390 4513 conﬁrmo,
3421 4454 3581 4515 atque
3610 4454 3699 4496 ra-

2116 4572 2276 4628 tionis
2307 4570 2533 4622 honeste
2567 4557 3008 4620 laudabiliterque
3049 4543 3260 4601 vivendi
3298 4537 3701 4595 fundamentum

2115 4676 2274 4735 atque
2318 4658 2587 4720 radicem,
2619 4664 2776 4705 nemo
2814 4645 2880 4698 ad
2918 4636 3312 4696 excusationem
3348 4630 3557 4682 inertia:
3603 4623 3705 4676 illis

2120 4757 2297 4815 verbis
2313 4754 2580 4808 abutatur.
2596 4743 2778 4812 Neque
2806 4737 2946 4791 enitn
2979 4744 3135 4787 unam
3159 4719 3562 4793 temperantiam
3588 4717 3704 4769 sine

2121 4853 2243 4906 aliis
2270 4847 2447 4911 bonis,
2480 4856 2584 4896 non
2613 4851 2771 4892 unam
2807 4840 3096 4901 pauperum
3138 4816 3526 4891 providentiam
3548 4853 3563 4878 ,
3601 4825 3704 4862 non

2125 4909 2522 5012 benignitatem,
2548 4945 2657 4986 non
2700 4922 2843 4981 aliud
2889 4918 3159 4990 quidpiam
3197 4927 3265 4967 ex
3309 4909 3375 4963 iis
3420 4919 3540 4976 quae
3584 4909 3710 4958 sunt

2124 5053 2245 5095 cum
2282 5038 2560 5088 honestate
2587 5021 2906 5090 conjuncta;
2934 5012 3025 5067 sed
3057 5007 3235 5065 omnia
3281 5015 3387 5056 uno
3415 4997 3711 5064 eodemque

2125 5141 2388 5187 concursu
2416 5125 2629 5193 oportet
2650 5116 2704 5169 in
2730 5110 2940 5173 animus
2979 5110 3192 5159 nostros
3221 5094 3442 5151 inﬂuere
3472 5105 3487 5143 :
3525 5100 3710 5142 verum

3223 5188 3242 5193 -
3330 5185 3343 5193 -
3512 5186 3524 5193 .
3602 5192 3605 5193 ν
3649 5173 3710 5193 η.

2131 5221 2363 5296 precatio
2381 5225 2650 5283 tamquam
2675 5204 2825 5260 radix
2846 5196 3125 5267 subjicitur
3143 5199 3200 5246 et
3218 5173 3717 5243 fundamentum.Et

3016 5287 3031 5296 ·
3174 5295 3177 5296 ν
3226 5280 3239 5293 ι
3266 5271 3566 5296 νυ-..ε-..ῑι...-
3598 5281 3717 5296 ,ηιμ

2133 5271 2327 5296 I"""‘"
2509 5271 2524 5283 ι

2131 5306 2579 5387 quemadmodum
2612 5297 2879 5366 navigium
2914 5305 2978 5344 ac
2999 5287 3192 5342 domus
3226 5271 3568 5334 inferioribus
3598 5281 3719 5337 par-

2968 5382 2979 5387 “
3194 5373 3226 5387 "
3290 5385 3307 5387 —
3353 5364 3475 5387 ι--ε-κ-
3520 5366 3719 5387 κυρίη...

2133 5364 2274 5466 tibus
2322 5404 2564 5458 firmatur
2601 5403 2656 5450 et
2698 5364 3037 5445 constat:ita
3063 5373 3311 5446 precibus
3353 5364 3477 5419 vita:
3520 5366 3719 5414 nostra

2135 5499 2271 5557 ratio
2300 5493 2624 5552 continetur,
2655 5483 2774 5537 sine
2799 5477 2992 5547 quibus
3014 5466 3143 5524 nihil
3175 5461 3328 5518 nobis
3355 5454 3475 5509 boni
3504 5448 3717 5505 contin-

2136 5536 2271 5557 ..ι-..υ
2300 5536 2624 5552 w........-__,
2664 5536 2693 5537 η
2818 5536 2829 5547 _

2134 5599 2245 5665 gat,
2282 5584 2419 5642 nihil
2451 5581 2705 5634 salutare.
2735 5571 3023 5637 Propterea
3073 5570 3170 5611 nos
3203 5549 3399 5609 Paulus
3444 5551 3595 5613 urget
3637 5536 3722 5593 his

2171 5635 2245 5657 “'r
2282 5635 2413 5642 ’---η-
2846 5635 2856 5637 ,

2136 5635 2319 5740 :erbis
2350 5695 2363 5732 :
2400 5666 2634 5730 Orationi
2664 5667 2863 5727 instate,
2886 5655 3147 5728 vigilantes
3173 5649 3225 5703 in
3252 5660 3332 5711 ea,
3361 5641 3416 5696 in
3439 5635 3719 5715 gratiarum

2209 5848 2224 5879 ι
2260 5839 2412 5898 Colh.,
2426 5829 2649 5897 (citrum.
