4124 6464
526 396 633 453 779

523 516 726 570 actione
768 515 986 586 (Colon.
1039 518 1093 573 4.
1138 514 1230 586 2);
1260 528 1313 572 et
1354 519 1522 573 alibi:
1571 518 1698 574 Siue
1737 519 2110 574 intermissione

521 615 665 658 orate
686 647 701 668 ,
753 607 952 674 inquit,
984 607 1038 660 in
1077 609 1307 662 omnibus
1337 611 1528 679 gratias
1556 612 1721 682 agite,
1759 614 1853 666 hoc
1876 614 2012 667 enim
2036 621 2108 667 est

520 695 754 748 voluntas
797 694 891 748 Dei
920 697 996 762 (1.
1035 696 1211 751 Thess.
1234 699 1287 753 5.
1321 700 1552 768 17.18);
1580 711 1635 756 et
1686 703 1814 758 alibi
1871 719 2056 760 rursus
2087 721 2102 760 :

522 781 679 836 Orate
698 785 835 837 omni
865 796 1087 854 tempore
1111 786 1164 840 in
1201 788 1402 858 spiritu,
1427 800 1472 843 et
1501 791 1554 843 in
1588 791 1700 859 ipso
1743 793 2006 864 vigilantes
2048 795 2103 848 in

520 873 660 926 omni
704 873 948 928 instantia
971 915 988 941 ,
1039 887 1085 931 et
1127 879 1468 936 obsecratione
1497 880 1712 954 (Ep/tes.
1743 885 1796 939 6.
1847 885 1958 956 18).
2012 887 2102 944 Sic

518 963 760 1031 plurimis
805 965 1112 1035 di\inisque
1151 970 1370 1024 vocibus
1408 971 1474 1026 ad
1517 988 1700 1042 preces
1743 991 1840 1030 nos
1887 991 2102 1048 semper

515 1055 621 1108 dux
661 1057 1028 1124 apostolorum
1074 1061 1404 1116 cohortatur.
1447 1065 1623 1131 Quare
1676 1068 1866 1135 nobis,
1893 1071 1982 1140 qui
2031 1071 2099 1127 ab

509 1145 602 1199 illo
631 1146 976 1214 instituimur,
1011 1151 1114 1206 vita
1142 1162 1223 1208 est
1262 1155 1314 1208 in
1344 1157 1589 1224 precibus
1618 1159 1938 1216 traducenda
1958 1202 1975 1228 ,
2005 1163 2100 1216 iis-

505 1251 610 1306 que
669 1253 822 1293 mens
867 1252 1128 1311 perpetuo
1180 1245 1445 1316 irriganda
1478 1265 1491 1301 :
1521 1265 1627 1304 non
1684 1253 1826 1307 enim
1876 1255 2091 1321 minus,

501 1342 664 1395 quam
707 1331 929 1385 arbores
964 1337 1146 1403 aquis,
1188 1336 1296 1391 illis
1333 1353 1430 1392 nos
1480 1341 1779 1410 indigemus
1835 1347 2090 1402 universi.

501 1418 635 1474 Nam
665 1436 835 1492 neque
863 1423 968 1478 illae
993 1437 1220 1494 possunt
1255 1443 1376 1484 esse
1401 1429 1688 1486 fructuosae
1708 1473 1723 1496 ,
1755 1434 1852 1488 nisi
1901 1436 2091 1493 humo-

500 1523 614 1562 rem
637 1512 906 1568 radicibus
925 1515 1178 1581 ebibant;
1207 1533 1382 1588 neque
1411 1537 1508 1576 nos
1537 1521 1947 1591 pretiosissimas
1977 1530 2091 1598 pie-

497 1604 622 1656 tatis
654 1605 834 1672 fruges
866 1607 1108 1674 fundere,
1141 1611 1239 1664 nisi
1270 1614 1517 1681 precibus
1551 1616 1851 1686 irrigemur.
1883 1621 2087 1688 Quam~

495 1692 680 1746 obrem
723 1704 777 1748 et
834 1711 956 1750 eum
990 1699 1188 1754 lectulo
1214 1705 1502 1773 surgimus,
1530 1716 1866 1765 antevenere
1915 1714 2082 1768 solem

493 1792 709 1851 Oportet
761 1787 853 1841 Dei
880 1790 1060 1854 cultu,
1092 1801 1149 1846 et
1206 1808 1328 1848 cum
1374 1813 1573 1854 mensa:
1617 1804 2004 1871 accumbimus,
2031 1816 2085 1862 et

491 1889 616 1928 cum
641 1880 815 1932 somni
843 1895 1000 1934 causa
1025 1884 1282 1940 cubamus
1315 1905 1328 1940 :
1361 1889 1467 1942 imo
1511 1907 1637 1947 vero
1679 1895 1900 1965 singulis
1933 1898 2081 1954 horis

495 1968 733 2033 precatio
759 1979 842 2024 est
865 1970 930 2025 ad
956 1972 1118 2028 Deum
1141 1977 1465 2045 adhibenda,
1489 1992 1543 2037 et
1571 1985 1621 2038 in
1663 2001 1723 2039 ea
1752 1987 1857 2042 diei
1883 2005 2078 2046 cursus

487 2059 889 2127 conficiendos;
919 2063 1144 2122 hiberno
1179 2084 1305 2123 vero
1331 2081 1572 2143 tempore
1597 2076 1874 2144 plurimam
1906 2085 2078 2138 noctis

487 2157 690 2216 partem
738 2154 790 2208 in
833 2159 1082 2226 precibus
1130 2162 1496 2231 traducamus,
1529 2180 1582 2223 et
1633 2186 1826 2241 magno
1854 2190 1974 2230 cum
2007 2178 2075 2231 ti-

490 2255 640 2295 more
667 2257 839 2312 genua
870 2247 1168 2320 flectentes,
1200 2257 1490 2324 precationi
1522 2276 1739 2329 operam
1767 2264 1986 2332 demus,
2011 2285 2075 2324 ac

485 2331 813 2394 beatitudine
841 2356 939 2396 nos
961 2343 1059 2412 ipsi
1089 2345 1280 2415 dignos
1311 2349 1476 2404 Deum
1499 2353 1728 2409 colendo
1756 2331 2066 2416 reddamus.

1239 403 1297 458 S.
1331 402 1607 461 JOANNIS
1643 403 2021 462 CHRYSOST.
2066 407 2386 463 ARClllE'l’.
2418 411 2952 473 CONSTANTINOP.

3695 437 3803 491 τεεί)

2222 523 2333 592 Age
2355 540 2482 579 vero
2521 543 2628 597 quo
2662 531 2822 586 modo
2847 534 3012 590 solem
3061 541 3306 610 aspicies,
3339 561 3444 603 non
3484 550 3634 608 illum
3681 573 3811 616 ante

2217 626 2535 682 veneratus,
2568 621 2657 690 qui
2709 625 2876 680 oculis
2907 629 3010 684 tuis
3059 631 3228 687 lucem
3267 639 3394 693 solis
3433 642 3808 705 dulcissimam

2219 707 2465 776 profert?
2489 726 2717 780 quanam
2747 718 2952 774 ratione
2977 737 3160 778 mensa
3187 729 3385 794 perfrui
3414 735 3658 805 audebis,
3693 758 3802 796 non

2214 807 2339 853 ante
2366 813 2655 858 veneratus
2677 815 2945 864 tantorum
2976 813 3235 871 bonorum
3274 819 3473 879 fontem
3517 837 3572 882 et
3613 844 3805 889 aucto-

2212 904 2325 943 rem
2349 891 2372 944 ?
2397 907 2499 962 qua
2528 910 2622 964 spe
2647 897 2714 951 ad
2749 909 2988 972 tempora
3036 918 3292 965 nocturna
3326 921 3604 984 pervenies
3628 924 3652 976 ?
3677 943 3803 995 qua:

2211 982 2303 1036 tibi
2333 984 2444 1037 visa
2473 989 2763 1044 secundum
2808 995 3043 1062 quietem
3076 982 3343 1071 objectum
3373 1008 3436 1062 iri
3465 1015 3755 1082 suspicaris
3780 1061 3799 1084 ,

2209 1075 2251 1126 si
2285 1077 2444 1131 nullis
2469 1081 2717 1147 precibus
2745 1091 3114 1154 praemunitus.
3148 1097 3296 1151 nullo
3323 1103 3572 1168 prmsidio
3607 1120 3799 1178 sepius

2205 1165 2369 1232 quieti
2404 1176 2454 1221 te
2480 1171 2692 1226 tradas?
2718 1173 2993 1236 Facillime
3022 1191 3073 1237 te
3098 1165 3478 1255 improbissimi
3509 1165 3792 1258 dzemones

2203 1267 2548 1315 contemnent
2572 1274 2625 1317 et
2652 1265 3017 1339 implicabunt,
3040 1276 3130 1344 qui
3164 1279 3417 1337 oberrant
3441 1289 3674 1356 assidue,
3699 1295 3795 1362 qui

2201 1349 2541 1405 occasionem
2575 1365 2811 1423 captant,
2839 1360 3186 1421 observantes
3209 1409 3224 1433 ,
3253 1380 3310 1424 ut
3338 1373 3380 1426 si
3410 1390 3566 1444 quem
3600 1395 3792 1449 preca-

2203 1439 2350 1494 tione
2378 1440 2688 1499 destitutunt
2732 1447 3220 1525 deprehenderint,
3258 1462 3373 1516 sine
3419 1482 3567 1522 mora
3614 1477 3791 1529 corri-
3875 1493 3884 1502 '

2197 1530 2365 1598 piant.
2406 1532 2603 1600 Quare,
2634 1538 2895 1608 siquidem
2922 1557 3104 1614 seplos
3131 1565 3227 1604 nos
3255 1557 3497 1620 precibus
3531 1561 3785 1630 viderint,

2195 1622 2449 1678 continuo
2501 1638 2766 1696 tamquam
2807 1631 2952 1687 fures
2999 1652 3062 1690 ac
3103 1642 3313 1697 scelesti
3370 1649 3649 1720 resiliunt,
3692 1661 3784 1726 qui

2192 1715 2426 1784 gladium
2470 1720 2654 1774 militis
2697 1726 2856 1795 capiti
2901 1743 3193 1798 appensum
3248 1751 3492 1796 cernunt.
3530 1745 3682 1812 Quod
3735 1753 3783 1806 si

2190 1810 2475 1879 contigerit
2506 1822 2559 1867 ut
2589 1815 2780 1883 aliquis
2816 1819 2886 1872 sit
2915 1837 2943 1872 a
2978 1826 3224 1890 precibus
3271 1832 3465 1900 nudus,
3500 1836 3544 1888 is
3583 1857 3613 1892 a
3663 1842 3780 1895 dzc-

2190 1902 2438 1957 monibus
2473 1905 2753 1976 abripitur,
2785 1921 2838 1964 et
2878 1912 2928 1965 in
2983 1917 3210 1983 scelera,
3239 1924 3418 1990 exitia,
3449 1930 3780 1992 calamitates

2193 1991 2508 2062 impellitur.
2537 1997 2661 2052 llaec
2692 1999 2852 2069 igitur
2872 2015 3174 2063 metuentes
3203 2016 3450 2082 precibus
3489 2031 3648 2092 atque
3674 2026 3775 2097 hy-

2186 2091 2326 2143 mnis
2358 2103 2458 2140 nos
2483 2089 2629 2157 ipsos
2657 2099 2899 2169 tueamur
2923 2106 2977 2150 et
3008 2103 3308 2164 muniamus
3335 2125 3565 2180 oportet,
3600 2127 3655 2170 ut
3679 2134 3772 2174 sua

2184 2195 2284 2235 nos
2317 2182 2457 2238 Deus
2487 2187 2852 2246 misericordia
2872 2235 2887 2258 ,
2917 2204 2972 2250 et
3019 2199 3270 2254 etclorum
3321 2219 3484 2275 regno
3527 2208 3775 2278 dignetur

2184 2287 2281 2341 per
2332 2275 2670 2347 Unigenitum
2717 2299 2893 2352 suum,
2936 2287 3020 2342 cui
3073 2291 3240 2360 gloria
3288 2305 3342 2349 et
3387 2299 3668 2368 imperium
3721 2305 3776 2358 iu

2179 2369 2375 2424 Stl‘CUla
2405 2374 2744 2430 seculorum.
2773 2380 2966 2435 Amen.

1630 2600 1789 2682 DE
1843 2603 2601 2696 PRECATIONE.

1111 2871 1304 2914 ORATIO
1331 2876 1386 2915 ll.

551 2937 651 3000 Qui
677 2949 805 3006 orat,
834 2959 949 2998 cum
979 2943 1088 3001 Deo
1113 2950 1436 3022 colloquitur.
1455 2986 1527 2996 —
1547 2957 1913 3017 Precationetn
1944 2979 2065 3022 esse

479 3030 715 3083 omnium
739 3032 998 3089 bonorum
1026 3048 1185 3109 caput
1208 3054 1262 3096 et
1289 3045 1508 3112 fontem,
1535 3063 1598 3103 ac
1627 3050 1815 3107 salutis
1837 3054 2062 3125 vitzeque

483 3127 693 3174 attenta:
717 3123 1135 3183 conciliatricem
1176 3131 1384 3202 ignorat
1418 3152 1609 3204 nemo;
1641 3140 1710 3197 de
1737 3158 1799 3197 ea
1840 3153 2017 3201 tamen
2040 3189 2055 3214 ,

474 3225 594 3278 quae
633 3222 814 3268 nostra
845 3214 980 3272 feret
1006 3219 1260 3288 facultas,
1287 3225 1509 3283 dicenda
1539 3241 1683 3296 sunt,
1719 3243 1774 3289 ut
1800 3245 1855 3291 et
1885 3237 1943 3303 ii,
1971 3239 2059 3308 qui

474 3301 526 3352 in
555 3301 799 3368 precibus
818 3307 948 3361 etin
982 3309 1071 3364 Dei
1098 3313 1241 3368 cultu
1264 3315 1426 3372 vitam
1447 3318 1731 3390 diligenter
1750 3341 1907 3395 agere
1931 3301 2061 3383 con-

475 3406 782 3461 sueverunt,
803 3400 1154 3461 studiosiores
1169 3407 1480 3478 reddantur,
1513 3423 1568 3469 et
1596 3416 1686 3486 qui
1715 3419 1875 3473 vitam
1914 3422 2060 3492 abje-

465 3483 820 3542 ctioreanimo
837 3505 864 3542 a
883 3494 1236 3568 precibusque
1256 3513 1464 3558 remoto
1483 3483 2067 3579 tratluxeruttcpt'aeter-

467 3575 522 3627 tti
547 3581 800 3648 temporis
822 3582 1085 3652 jacturam
1109 3604 1420 3660 agnoscant,
1448 3598 1780 3670 salutemque
1799 3618 1949 3658 suam
1969 3621 2057 3660 re-

465 3666 610 3736 liquo
642 3671 764 3726 vitae
801 3683 1041 3744 tempore
1066 3681 1285 3738 minime
1310 3685 1576 3742 desertam
1613 3706 1734 3747 esse
1767 3695 2053 3761 patiantur.

465 3755 732 3829 I’rincipio
762 3763 921 3834 igitur
946 3767 1070 3824 illud
1099 3771 1153 3826 iu
1181 3775 1370 3842 primis
1399 3777 1466 3834 de
1499 3755 1802 3849 precatione
1829 3787 1933 3842 dici
1963 3804 2056 3858 po-

463 3855 584 3915 test,
612 3865 757 3916 eum,
783 3857 870 3924 qui
913 3871 1174 3928 precatur,
1205 3879 1325 3920 cum
1367 3868 1477 3924 Deo
1505 3873 1755 3944 colloqui.
1786 3877 2053 3946 Quantum

463 3953 591 3994 vero
629 3944 733 4008 sit,
783 3945 1059 4006 hominem
1103 3955 1156 4009 in
1184 3955 1421 4014 divinum
1467 3965 1786 4036 colloquium
1833 3972 2048 4041 venire,

466 4044 625 4084 nemo
672 4044 756 4088 est
803 4039 892 4107 qui
936 4043 1170 4110 nesciat;
1228 4048 1303 4102 rei
1352 4065 1481 4105 vero
1527 4054 1836 4124 dignitatem
1891 4077 2050 4118 nemo

460 4122 636 4177 verbis
673 4139 1010 4198 asscquatur.
1051 4137 1262 4194 Etenim
1309 4122 1612 4214 huiusmodi
1669 4149 1842 4205 honor
1885 4157 2046 4210 etiam

456 4215 766 4284 angelorum
799 4223 1204 4291 amplitudinem
1235 4232 1390 4289 facile
1415 4250 1629 4306 superat
1659 4259 1673 4294 :
1703 4242 1755 4296 id
1783 4246 1923 4313 quod
1969 4247 2042 4303 illi

453 4319 576 4361 cum
605 4309 774 4378 probe
813 4312 1133 4386 intelligant,
1152 4339 1364 4389 .omnes
1409 4328 1520 4386 fere
1543 4334 1682 4402 apud
1721 4309 2042 4410 prophetas,

451 4411 572 4451 cuin
601 4399 786 4456 laudes
811 4415 865 4458 et
893 4407 1094 4462 cultum
1132 4411 1357 4470 Domino
1383 4419 1638 4490 ail‘erunt,
1686 4441 1894 4484 summo
1919 4446 2040 4487 cer-

452 4499 652 4544 nuntur
679 4495 871 4550 timore
891 4507 1147 4570 correpti,
1173 4503 1298 4559 dum
1329 4524 1422 4562 ora
1454 4511 1726 4585 pedesque
1749 4534 1857 4587 prae
1882 4537 2043 4578 vene-

453 4578 659 4636 ratione
684 4591 886 4653 tcguut,
904 4587 1030 4643 dum
1059 4594 1237 4649 volatu
1261 4578 1513 4672 motuque
1535 4607 1752 4664 assiduo
1771 4626 2040 4670 summum

451 4680 652 4727 metum
697 4690 809 4744 pra
837 4696 898 4736 se
947 4684 1165 4742 ferunt:
1194 4691 1485 4760 quinetiam
1526 4715 1656 4768 nos,
1711 4714 1769 4759 ut
1810 4709 2038 4779 opinor,

449 4773 690 4830 monent,
721 4775 778 4821 ιιι
814 4776 1064 4839 precandi
1095 4790 1334 4850 tempore
1376 4785 1621 4847 humanm
1663 4773 1866 4851 natura:
1895 4773 2036 4855 obii;

450 4852 736 4923 viscantur,
759 4871 918 4931 atque
937 4873 1285 4930 veneratione
1307 4891 1374 4932 ac
1401 4879 1592 4938 timore
1619 4889 1870 4954 perculsi,
1902 4893 2034 4948 nihil

447 4956 574 5001 ante
597 4948 779 5004 oculos
806 4956 1034 5022 positum
1070 4965 1411 5034 aspiciamus,
1443 4973 1536 5028 sed
1571 4977 1622 5030 in
1667 4981 1844 5035 medio
1872 4999 2036 5055 ange-

450 5033 617 5055 .‘_____-
662 5037 700 5055 _.

1400 5033 1403 5034 ν
1780 5033 1785 5034 ,
1820 5033 1835 5035 _
1875 5033 2005 5055 __-°-

448 5033 623 5090 lorum
653 5037 820 5094 choro
845 5059 943 5099 nos
976 5063 1116 5116 esse,
1143 5063 1198 5109 et
1234 5059 1480 5115 eumdem
1512 5081 1669 5134 quem
1713 5069 1788 5125 illi
1832 5075 2030 5130 cultum

449 5123 561 5181 Deo
579 5142 676 5182 nos
695 5132 1002 5200 persolvere
1021 5141 1358 5203 arbitremur.
1386 5151 1594 5210 Etenim
1613 5170 1804 5215 cmtera
1828 5168 2028 5237 omnia,

446 5217 656 5277 illorum
685 5225 901 5296 inquam
931 5240 986 5286 et
1008 5245 1208 5304 nostra,
1240 5251 1293 5296 et
1322 5254 1530 5314 natura,
1561 5261 1612 5305 et
1633 5255 1840 5311 vivendi
1871 5262 2026 5329 ratio,

443 5321 501 5365 et
543 5316 835 5386 sapientia,
889 5331 946 5377 et
989 5324 1376 5401 intelligentia,
1431 5350 1486 5393 et
1532 5344 1788 5415 quidquid
1833 5316 2028 5409 dixerii

443 5405 726 5476 quispiam,
771 5411 930 5485 longo
974 5417 1255 5479 intervallo
1299 5427 1439 5484 inter
1480 5448 1539 5489 se
1576 5437 1810 5508 distant;
1841 5460 2027 5514 prcca-

1799 5495 1810 5508 ,
1841 5495 1893 5514 τ,
1913 5495 1999 5501 --η

443 5495 606 5552 tionis
639 5511 815 5558 autetn
855 5507 1091 5566 officium
1131 5524 1214 5568 est
1255 5516 1559 5580 hominibus
1592 5543 1878 5590 commune
1902 5554 2022 5592 cum

443 5587 665 5654 angelis,
694 5607 867 5662 neque
895 5609 980 5680 est
1025 5603 1222 5674 aliquid
1243 5647 1256 5671 ,
1285 5612 1426 5679 quod
1463 5615 1530 5670 sit
1566 5617 1938 5681 intermedium
1971 5629 2023 5685 in

443 5672 530 5741 iis,
561 5695 678 5746 «tum
723 5683 788 5737 ad
831 5678 1150 5756 precandum
1193 5703 1478 5767 pertinent.
1518 5709 1625 5765 llac
1663 5721 1962 5788 segregaris
1991 5739 2021 5778 a

443 5768 726 5788 ..---_...._,_
782 5773 794 5788 .
1135 5787 1161 5788 η

439 5768 756 5838 pecudibus,
782 5773 896 5830 haec
921 5789 972 5836 te
995 5787 1196 5856 angelis
1217 5790 1410 5864 jungit,
1441 5797 1540 5854 hac
1569 5768 1873 5865 breviusatie
1903 5813 2020 5870 illo-

2175 2893 2294 2934 rum
2316 2883 2621 2952 reipublicae
2640 2932 2656 2958 ,
2687 2893 2899 2952 illorum
2926 2900 3047 2958 vitro
3072 2907 3391 2984 vivendique
3418 2921 3643 2991 rationi,
3674 2931 3760 2984 di-

2172 2971 2382 3037 gnitati,
2403 2977 2689 3050 nobilitati,
2709 2988 3004 3060 sapientiaa,
3037 2971 3399 3072 intelligentiae
3837 3073 3858 3086 .

2170 3063 2262 3130 qui
2282 3079 2496 3124 omnem
2522 3073 2621 3129 sibi
2646 3077 2807 3134 vitam
2832 3082 2886 3138 in
2907 3090 3156 3155 precibus
3181 3063 3246 3150 ac
3268 3099 3359 3154 Dei
3381 3063 3524 3160 cultu
3550 3063 3756 3179 ptine...

2171 3154 2292 3179 ιι-..
2360 3163 2557 3179 -.,.,|-_
2617 3168 2651 3179 Α
2697 3171 2746 3179 ..
2873 3177 2882 3179 -

2167 3154 2294 3211 dum
2359 3163 2584 3232 putabit.
2611 3168 2746 3237 Quid
2797 3154 2940 3232 enim
2980 3185 3214 3243 sanctius
3263 3191 3328 3248 iis
3852 3232 3858 3240 .

2167 3255 2553 3313 consuetudine
2596 3261 2977 3330 perfruuntur?
3033 3278 3163 3346 quid
3201 3283 3430 3354 justius,
3486 3255 3751 3365 ornatius,

2165 3341 2494 3410 Sapienlius?
2540 3349 2673 3409 Nam
2719 3357 2764 3410 si
2805 3357 2877 3426 ii,
2943 3367 3029 3434 qui
3050 3341 3402 3441 sapientibus

2164 3428 2500 3494 familiariter
2543 3453 2800 3517 utuntur,
2841 3468 2907 3508 ex
2937 3460 3149 3518 assidua
3186 3475 3572 3533 consuetudine
3629 3480 3752 3535 illo-

2164 3537 2281 3578 rum
2323 3531 2618 3596 prudentiae
2647 3543 2930 3615 participes
2972 3554 3218 3613 celeriter
3243 3562 3401 3630 fiunt,
3435 3571 3559 3637 quid
3589 3572 3656 3628 de
3685 3577 3756 3632 iis

2165 3612 2313 3637 .ISA‘—
2335 3618 2388 3637 1η
2413 3636 2416 3637 ν
2567 3635 2572 3637 λ
2745 3633 2755 3637 ⁸

2162 3612 2447 3674 dicendum
2495 3635 2621 3694 est,
2668 3633 2756 3701 qui
2802 3612 2922 3693 cum
2953 3641 3061 3698 Deo
3099 3647 3213 3716 ipso
3251 3612 3648 3729 colloquuntur,
3696 3680 3750 3723 et

3120 3705 3132 3716 _
3264 3705 3648 3729 --__-....-..-...,
3696 3705 3747 3723 ι..

2162 3705 2334 3776 ipsum
2374 3725 2698 3782 precantur?
2739 3741 2934 3798 quanta
2984 3739 3264 3811 sapientia,
3291 3705 3484 3816 quanta
3517 3756 3747 3828 virtute,

2163 3801 2436 3828 n-...l.....:_
2498 3826 2519 3828 η
2596 3814 2664 3828 -ο-
2918 3825 2931 3828 ·

2163 3801 2463 3868 prudentia.
2497 3814 2779 3886 probitate,
2809 3801 3175 3888 moderatione
3204 3801 3376 3906 replet
3403 3843 3546 3913 ipsos
3571 3802 3754 3907 oratio

2157 3900 2212 3945 et
2235 3894 2574 3958 obsecratio?
2603 3905 2783 3980 Itaque
2805 3930 2910 3971 non
2951 3934 3080 3978 Sane
3120 3925 3165 3979 is
3193 3894 3535 4006 aberret,tqui
3566 3946 3754 3998 omnis.

2157 3984 2366 4041 virtutis
2377 3990 2707 4068 justitiaeque
2729 4015 2949 4062 matrem
2971 4027 3091 4069 esse
3108 4025 3465 4086 precationem
3487 4030 3742 4102 afﬁrmet,

2155 4090 2328 4145 neque
2371 4096 2531 4150 posse
2559 4104 2745 4147 eorum
2795 4097 3028 4170 aliquid,
3056 4121 3175 4176 qua!
3200 4111 3266 4166 ad
3319 4116 3568 4184 pietatem
3612 4090 3748 4179 con;

2887 4165 2899 4168 _
3015 4165 3024 4170 .
3074 4165 3087 4176 _
3257 4165 3263 4166 γ
3320 4165 3568 4184 r---_--...
3613 4165 3747 4179 νυ..-

2153 4165 2374 4234 ducunt.
2402 4181 2709 4244 precatione
2742 4196 2797 4242 et
2841 4190 3212 4256 obsecratione
3256 4207 3455 4263 nudum
3501 4215 3747 4271 animum-

2152 4272 2471 4333 penetrare;
2521 4285 2704 4328 verum
2747 4287 2803 4332 ut
2841 4282 2969 4338 urbs
3013 4292 3279 4349 mmnibus
3322 4299 3541 4356 minime

2151 4349 2303 4407 facile
2329 4354 2382 4409 in
2412 4357 2642 4417 hostium
2670 4378 2985 4434 potestatem
3027 4385 3264 4451 venerit,
3293 4391 3435 4457 quod
3477 4395 3547 4448 ita

2148 4440 2270 4497 illos
2311 4452 2620 4517 propulsare
2664 4461 2830 4526 possit
2872 4466 2992 4521 :sic
3023 4476 3326 4538 precatione
3363 4483 3597 4540 animum
3626 4504 3740 4546 non

2146 4541 2532 4597 communitum
2562 4545 2715 4605 facile
2740 4553 2982 4612 diabolus
3011 4562 3064 4615 in
3097 4578 3246 4622 suam
3274 4571 3463 4643 redigit
3493 4587 3732 4645 potesla-

2147 4631 2277 4691 tem,
2311 4628 2572 4701 facileque
2603 4646 2932 4702 contaminat
2957 4655 3195 4711 omnium
3227 4628 3552 4730 turpitudine
3581 4670 3734 4742 ﬂagi—

3312 4715 3551 4730 r"""""
3581 4715 3698 4742 -Ἵν

2145 4715 2358 4773 tiorunt.
2389 4721 2624 4782 Primum
2650 4735 2792 4788 enim
2832 4754 2953 4794 eum
2980 4745 3214 4802 anintam
3251 4755 3499 4821 precibus
3536 4763 3730 4821 viderit

2141 4809 2572 4886 circumseptam,
2616 4826 2816 4882 veritus
2863 4831 3028 4887 robttr
3063 4852 3127 4892 ac
3160 4842 3299 4908 vim,
3331 4861 3489 4916 quam
3535 4868 3730 4922 preces

2145 4898 2219 4922 :n:
2275 4916 2289 4922 -
2463 4909 2512 4922 ιογ
2599 4921 2605 4922 ί

2143 4898 2225 4970 illi.
2271 4909 2646 4978 suppeditant,
2687 4932 2806 4985 quae
2835 4924 3068 4980 animum
3120 4935 3286 5002 magis
3328 4898 3508 5007 alunt,
3535 4898 3720 5014 rquant

2144 4993 2286 5014 ,ηιμ
2332 5013 2339 5014 γ
2737 5010 2747 5014 -

3206 4993 3234 5002 ν
3444 4993 3508 5007 νίν
3563 4993 3717 5014 *τ’-η’·-

2139 4993 2289 5049 cibus
2320 5013 2568 5069 corpora,
2597 5010 2817 5078 propius
2843 5030 2946 5069 non
2978 5019 3136 5075 audet
3165 5028 3423 5084 accedere
3455 5048 3469 5085 :
3495 5033 3717 5103 deinde,

2137 5086 2226 5152 qui
2259 5091 2402 5144 cunni
2424 5095 2584 5150 animi
2607 5113 2734 5154 cura
2763 5118 2950 5171 preces
2982 5111 3270 5183 adhibent,
3303 5137 3406 5176 non
3445 5129 3720 5196 patiuntur

2134 5178 2332 5248 aliquid
2375 5191 2681 5253 precatione
2727 5195 3000 5267 indignum
3055 5205 3104 5260 in
3158 5223 3218 5264 se
3263 5178 3574 5285 admittcre,
3621 5225 3715 5278 sed

2847 5266 2860 5267 ί
3355 5266 3574 5285 ,c__---.,,
3621 5266 3715 5278 νυ.

2135 5266 2300 5325 Deum
2335 5279 2509 5343 veriti,
2549 5283 2762 5348 quicum
2808 5290 2970 5345 modo
3015 5296 3308 5368 colloquuti
3343 5318 3486 5373 sunt,
3527 5325 3715 5370 omnes

2132 5371 2354 5428 repente
2379 5366 2604 5438 improbi
2627 5373 2794 5432 hostis
2807 5391 3028 5440 conatus
3049 5391 3316 5457 repellunt
3344 5413 3358 5449 :
3387 5413 3506 5454 cum
3532 5417 3714 5460 secum

2131 5451 2232 5521 ipsi
2261 5457 2514 5525 cogitent,
2565 5469 2748 5534 quanti
2793 5473 3010 5530 sceleris
3047 5451 3125 5532 sit
3152 5497 3297 5551 eum,
3337 5492 3423 5556 qui
3467 5509 3635 5562 nuper
3660 5509 3713 5554 et

2131 5543 2222 5597 Dei
2253 5548 2519 5620 colloquio
2550 5553 2844 5624 fruebatur,
2880 5574 2934 5619 et
2975 5584 3070 5635 pro
3103 5543 3452 5643 temperantia
3489 5543 3566 5637 etr
3582 5602 3711 5642 san-

2127 5637 2309 5693 ctitate
2332 5641 2659 5713 impetranda
2686 5651 2832 5707 illum
2861 5657 3194 5729 obsecrabat,
3215 5637 3290 5721 ad
3321 5670 3588 5730 diabolum
3620 5694 3710 5734 re-

2126 5739 2286 5797 pente
2318 5738 2648 5809 transfugere
2669 5784 2683 5808 ,
2725 5757 2779 5799 et
2806 5747 3087 5808 obscaanas
3119 5759 3416 5828 voluptates
3446 5765 3496 5822 in
3525 5782 3709 5825 animo

2126 5823 2383 5892 recipere,
2418 5828 2576 5901 inque
2616 5847 2872 5908 mentem,
2905 5858 3063 5911 quam
3107 5847 3242 5906 Deus
3273 5867 3441 5924 nuper
3487 5859 3702 5929 invisit,

3587 4319 3742 4377 septa
