4124 6454
613 413 703 469 781
1295 422 1352 477 S.
1392 410 1677 478 JOANNIS
1712 411 2202 475 CHRYSOSTOMI
2242 411 2562 470 ARCHIEP.
2603 411 3155 470 CONSTANTINOP.
3773 422 3856 478 m

605 538 856 594 ϐατεύειν
894 541 971 603 είς
1004 540 1202 608 ψυχας,
1238 538 1295 589 ἐν
1329 532 1418 601 αῖς
1454 539 1488 608 ή
1537 534 1631 590 τοῦ
1680 533 1998 604 Πνεύματος
2035 532 2196 603 γάρις

605 623 807 694 πολλὴν
836 623 1146 686 ἐπεδείξατο
1174 620 1588 692 φιλανθρωπίαν
1628 619 1722 672 καὶ
1770 618 2047 687 πρόνοιαν.
2088 614 2200 667 Καὶ

604 707 772 769 ὅπως,
796 707 1048 760 ἄκουσον·
1086 705 1391 775 ’Δμήχανον
1418 701 1693 773 ἀνθρώπῳ
1715 700 2006 770 δυνηθῆναι
2046 697 2198 751 θείαν

604 789 759 863 [785]
780 791 1021 853 ἐνεγκεῖν
1042 787 1258 857 ὁμιλίαν
1297 785 1426 841 ἀνευ
1454 786 1553 855 τῆς
1580 784 1853 856 ἐνεργείας
1899 782 1992 835 τοῦ
2026 781 2199 835 Πνεύ-

609 887 796 940 ματος.
824 871 961 924 ἀλλά
988 870 1068 924 δεῖ
1100 869 1305 939 ταύτης
1339 870 1621 939 παρούσης
1658 867 1756 921 καὶ
1785 865 2200 934 συνεφαπτομέ-

602 968 703 1023 νης
727 954 836 1005 τῶν
869 955 1039 1021 ἀγίων
1061 954 1310 1021 ἀγώνων,
1336 952 1508 1014 οὕτως
1541 950 1822 1010 εἰσελθεῖν,
1849 949 1943 1001 καὶ
1979 946 2198 1018 κάμψαι

604 1037 824 1105 γόνατα.
852 1040 947 1091 καὶ
970 1037 1247 1106 δεηθῆναι,
1272 1037 1364 1090 καὶ
1389 1033 1810 1106 προσεύξασθαι.
1848 1031 2066 1102 Ἐπειδὴ
2090 1031 2198 1100 γὰρ

604 1123 849 1191 κρεῖττον
884 1122 913 1191 ἢ
942 1120 1082 1183 κατά
1113 1111 1402 1191 ἄνθρωπον
1424 1118 1652 1188 λαλῆσαι
1682 1114 1820 1186 Θεῷ,
1857 1115 1939 1168 δεῖ
1972 1115 2070 1185 τὴν
2100 1115 2199 1184 χάο

605 1221 693 1275 ριν
718 1203 812 1257 τοῦ
838 1204 1155 1273 Πνεύματος
1178 1202 1435 1255 ἐλθοῦσαν
1465 1203 1545 1264 είς
1571 1201 1721 1269 ἡμᾶς
1745 1197 2075 1271 ἐπιρρῶσαι,
2105 1198 2199 1273 καὶ

604 1288 892 1359 θαρρῦναι.
923 1288 1015 1340 καὶ
1059 1286 1269 1350 διδάξαι
1308 1286 1406 1355 τῆς
1453 1283 1620 1355 τιμῆς
1652 1284 1714 1337 τὸ
1745 1281 1994 1353 μέγεθος.
2029 1281 2198 1333 ’Ὅταν

602 1369 696 1426 οὖν
737 1372 913 1443 μάθῃς
941 1373 1023 1424 ὅτι
1052 1372 1147 1425 καὶ
1173 1369 1294 1439 Θεῷ
1327 1370 1529 1433 λαλεῖς,
1576 1368 1669 1421 καὶ
1699 1365 2020 1437 Πνεύματος
2042 1364 2197 1435 ἐνέρο

590 1472 758 1524 ηγειαν
786 1456 967 1522 ἐδέξω,
989 1454 1327 1522 διαλέγεσθαι
1353 1452 1580 1523 μέλλων,
1613 1450 1869 1519 οὐδεμίαν
1899 1449 2090 1510 δώσεις
2118 1447 2198 1520 τῷ

603 1539 834 1609 διαϐόλῳ
865 1540 1097 1610 πάροδον
1124 1538 1218 1591 ἐπὶ
1246 1536 1344 1607 τὴν
1381 1534 1559 1606 ψυχὴν
1587 1535 1688 1603 τὴν
1718 1533 2057 1603 ήγιασμένην
2092 1532 2198 1585 ὑπὸ

517 1641 523 1648 ·
603 1620 697 1674 τοῦ
726 1617 1060 1692 Πνεύματος.
1088 1622 1299 1689 Ὠσπερ
1328 1619 1438 1689 γάρ
1469 1619 1520 1670 οί
1554 1617 1766 1687 βασιλεῖ
1806 1616 2194 1686 διαλεχθέντες,

604 1704 698 1757 καὶ
755 1703 929 1773 λόγων
970 1704 1191 1774 ἡμέρων
1242 1703 1339 1756 καὶ
1398 1702 1565 1771 τιμῆς
1611 1700 2046 1762 ἀπολαύσαντες,
2093 1700 2196 1753 ούκ

600 1786 844 1853 ἀξιοῦσιν
875 1786 1052 1840 ἐλθεῖν
1087 1787 1168 1849 εἰς
1189 1785 1405 1856 ὁμιλίαν
1423 1784 1533 1838 τῶν
1562 1784 1870 1854 προσαιτῶν
1893 1784 1988 1837 καὶ
2016 1784 2195 1854 ἀπερ-

603 1874 884 1944 ριμμένων
904 1892 918 1905 ·
942 1873 1116 1938 οὕτως
1135 1876 1163 1928 ὁ
1189 1873 1309 1944 Θεῷ
1329 1873 1569 1945 λαλήσας
1595 1872 1692 1925 καὶ
1731 1869 2191 1943 προσευξάμενος,

600 1961 702 2013 οὐκ
742 1960 810 2013 ἂν
847 1958 1096 2025 ἀξιώσειε
1133 1958 1227 2012 τοῦ
1274 1958 1514 2029 πονηροῦ
1561 1958 1657 2012 καὶ
1695 1954 1925 2019 ἀσεϐοῦς
1980 1954 2195 2027 ὁμιλίαν

601 2043 1028 2114 παραδέξασθαι.
1064 2043 1173 2096 Καὶ
1196 2042 1306 2113 γὰρ
1339 2042 1416 2105 ὡς
1450 2041 1668 2113 ἀληθῶς
1707 2043 1735 2095 ό
1770 2038 2039 2093 δουλεύων
2073 2039 2197 2109 ήδοο

599 2129 736 2189 ναῖς,
780 2126 1028 2195 δαίμοσιν
1063 2125 1261 2195 ὁμιλεῖ,
1297 2126 1391 2179 καὶ
1426 2126 1526 2197 τὴν
1560 2126 1784 2179 ἐκείνων
1814 2122 2033 2194 μανίαν
2071 2122 2199 2194 ἐζή-

598 2207 797 2262 λωσεν·
841 2208 1032 2282 ὥσπερ
1073 2211 1102 2262 6
1155 2209 1472 2281 σωφρονῶν.
1503 2211 1596 2264 καὶ
1629 2208 1976 2278 δικαιοσύνην
2009 2206 2196 2283 ἀσκῶν

597 2294 853 2361 ἀγγέλοις
882 2294 1270 2359 συνδιαιτᾶται,
1295 2293 1389 2348 καὶ
1417 2295 1516 2365 τὴν
1547 2295 1772 2347 ἐκείνων
1794 2292 1947 2363 ζηλοῖ
1973 2292 2199 2363 μεγαλο-

598 2379 885 2449 πρέπειαν.
911 2382 1069 2433 Δοκεῖ
1090 2379 1147 2433 δέ
1171 2392 1196 2420 ⁸
1228 2381 1318 2449 μοί
1349 2397 1434 2444 τις
1462 2380 1527 2433 ἂν
1564 2378 1754 2441 εἰπὼν,
1782 2380 1862 2433 δτι
1896 2379 2063 2458 νεῦρα
2095 2377 2195 2447 τῆς

595 2464 772 2533 ψυχῆς
793 2465 929 2516 εἰσιν
949 2466 1005 2517 αἱ
1029 2463 1348 2534 προσευχαὶ,
1366 2463 1596 2535 τάληθὲς
1618 2467 1811 2517 εἰπεῖν.
1828 2464 2041 2532 ’Ὥσπερ
2061 2461 2192 2532 γὰρ,

593 2543 767 2616 οἶμαι,
789 2547 851 2600 τὸ
881 2547 1045 2618 σῶμα
1064 2546 1152 2600 διὰ
1176 2547 1284 2601 τῶν
1305 2546 1513 2620 νεύρων
1543 2547 1845 2618 συνέχεται,
1873 2548 1968 2600 καὶ
1986 2547 2191 2618 τρέχει,

594 2633 689 2683 καὶ
716 2631 952 2694 ἵσταται,
981 2632 1073 2684 καὶ
1105 2630 1195 2701 ζῇ,
1244 2631 1340 2684 καὶ
1377 2631 1627 2702 πέπηγεν
1647 2646 1662 2660 ⁸
1697 2630 1765 2685 ἂν
1807 2630 1865 2684 δὲ
1901 2631 2075 2685 ταῦτά
2109 2647 2195 2694 τις

594 2714 825 2787 ἐκτέμῃ,
864 2717 1043 2768 πᾶσαν
1086 2716 1185 2785 τὴν
1232 2715 1498 2786 ἁρμονίαν
1529 2715 1736 2769 διαλύει
1772 2716 1867 2770 τοῦ
1902 2716 2192 2787 σώματος’

592 2799 769 2863 οὕτως
797 2802 853 2852 αί
879 2800 1051 2871 ψυχαὶ
1088 2801 1176 2855 διά
1216 2802 1328 2855 τῶν
1364 2801 1533 2868 ἁγίων
1559 2802 1881 2873 προσευχῶν
1924 2803 2184 2873 ἁρμόζον-

593 2899 706 2946 ται,
731 2883 824 2938 καὶ
865 2886 1248 2956 συνεστήκασι,
1278 2885 1491 2938 καὶτὸν
1529 2884 1729 2960 δρόμον
1772 2886 1872 2956 τῆς
1910 2885 2194 2952 εὐσεϐείας

592 2970 880 3041 τρέχουσιν
914 2969 1175 3040 εὐχερῶς.
1204 2970 1301 3022 Ἂν
1333 2968 1388 3021 δὲ
1417 2968 1516 3040 τῆς
1549 2969 1857 3040 προσευχῆς
1888 2970 2193 3043 ἀποστερή-

596 3070 695 3126 σῃς
730 3051 948 3117 σαυτὸν,
979 3051 1177 3105 ταυτὸν
1210 3053 1477 3123 ποιήσεις,
1514 3050 1704 3124 ὥσπερ
1732 3051 1798 3105 ἂν
1830 3053 1888 3105 εί
1916 3052 2007 3106 τὸν
2039 3053 2191 3124 ίχθὺν

593 3137 658 3189 ἐκ
690 3135 783 3189 τοῦ
831 3135 1022 3198 ὓδατος
1059 3134 1329 3206 ἐξήγαγες
1349 3151 1362 3164 ⁸
1390 3134 1579 3208 ὥσπερ
1610 3135 1719 3207 γὰρ
1749 3135 1944 3208 ἐκείνῳ
1980 3136 2094 3208 ζωὴ
2130 3138 2192 3191 τὸ

595 3217 759 3290 ὕδωρ,
783 3218 925 3273 οὕτω
964 3218 1047 3273 σοὶ
1074 3220 1370 3290 προσευχή.
1408 3218 1508 3272 Διά
1554 3218 1759 3291 ταύτης
1805 3218 1974 3285 ἔστιν,
2001 3219 2192 3292 ὥσπερ

591 3303 657 3357 δι’
685 3302 894 3367 ὓδατος.
929 3303 1259 3373 ἀναπτῆναι,
1288 3303 1381 3357 καὶ
1409 3304 1535 3366 τοὺς
1564 3304 1829 3374 οὐρανοὺς
1862 3303 2187 3375 ὑπερϐῆναι,

593 3387 687 3442 καὶ
730 3387 822 3440 τοῦ
867 3386 1002 3442 Θεοῦ
1044 3386 1301 3456 γενέσθαι
1349 3386 1598 3457 πλησίον.
1630 3386 1811 3441 Ἰκανά
1846 3386 1945 3457 μὲν
1974 3383 2067 3441 οὖν
2097 3391 2192 3443 καὶ

589 3472 660 3523 τά
694 3470 950 3542 ρηθέντα,
980 3470 1150 3535 δεῖξαι
1184 3470 1284 3541 τὴν
1321 3472 1471 3540 ἰσχὺν
1509 3470 1609 3543 τῆς
1653 3471 1815 3538 ἁγίας
1848 3472 2188 3542 προσευχῆς·

594 3554 800 3623 βέλτιον
840 3555 896 3608 δὲ
941 3554 1072 3618 ἴσως
1106 3553 1199 3608 ἐπὶ
1248 3554 1347 3616 τὰς
1393 3554 1544 3617 θείας
1590 3554 1813 3608 ἐλθόντα
1853 3555 2098 3627 Γραφάς,
2125 3558 2189 3610 ἐκ

590 3637 701 3690 τῶν
738 3638 1071 3708 ἀποφάσεων
1094 3637 1190 3691 τοῦ
1214 3636 1452 3708 Χριστοῦ
1490 3636 1680 3708 μαθεῖν
1721 3638 1811 3691 τὸν
1842 3638 2095 3701 πλοῦτον,
2128 3640 2188 3692 ὂν

591 3722 647 3773 αἱ
673 3724 975 3793 προσευχαὶ
998 3720 1389 3793 θησαυρίζουσι
1410 3722 1522 3784 τοῖς
1550 3720 1893 3791 βουλομένοις
1918 3722 1975 3773 ἐν
1996 3722 2189 3787 αὐταῖς

593 3805 773 3858 πάντα
825 3805 916 3857 τὸν
968 3804 1083 3875 βίον
1134 3803 1437 3875 σχολάζειν.
1471 3805 1676 3872 Ἕλετε
1727 3803 1815 3868 δὲ,
1878 3805 2033 3874 φησὶ,
2086 3806 2187 3861 καὶ

594 3887 949 3955 παραϐολὴν
978 3886 1204 3954 αὐτοῖς,
1246 3888 1390 3956 πρὸς
1439 3886 1506 3940 τὸ
1551 3886 1682 3940 δεῖν
1717 3886 1975 3942 πάντοτε
2003 3903 2192 3957 προσ-

592 3971 898 4039 εύχεσθαι.
926 3970 1145 4039 Κριτής
1170 3989 1261 4037 τις
1301 3967 1380 4041 ἦν
1411 3970 1483 4023 ἐν
1511 3987 1627 4024 τινι
1669 3972 1864 4035 πόλει,
1904 3971 2013 4025 τὸν
2043 3972 2193 4027 Θεὸν

582 4054 675 4125 μὴ
718 4055 1107 4124 φοϐούμενος,
1142 4054 1239 4108 καὶ
1272 4054 1587 4123 ἄνθρωπον
1611 4054 1696 4124 μὴ
1733 4054 2186 4124 ἐντρεπόμενοςο

592 4136 758 4206 Χήρα
785 4137 854 4190 δὲ
880 4134 961 4207 ἦν
990 4137 1060 4191 έν
1087 4136 1165 4205 τῇ
1197 4139 1371 4193 πόλει
1400 4138 1626 4206 ἐκείνῃ,
1663 4136 1763 4190 καὶ
1796 4136 2012 4208 ἤρχετο
2040 4140 2189 4208 πρὸς

590 4221 781 4275 αὐτὸν
804 4218 1092 4292 λέγουσα·
1123 4221 1482 4289 Ἐκδίκησόν
1505 4239 1581 4290 με
1606 4220 1725 4276 ἀπὸ
1746 4222 1853 4275 τοῦ
1879 4222 2189 4279 ἀντιδίκου

588 4323 706 4375 μου
726 4322 740 4335 ·
778 4304 879 4358 καὶ
922 4307 1034 4358 οὐκ
1075 4304 1295 4373 ἤθελεν
1317 4304 1417 4357 ἐπὶ
1448 4306 1689 4374 χρόνον,
1720 4305 1881 4360 Μετὰ
1914 4304 1983 4358 δὲ
2005 4305 2192 4360 ταῦτα

589 4384 761 4441 εἶπεν
799 4387 869 4442 ἐν
906 4385 1131 4453 ἐαυτῷ·
1175 4390 1245 4441 El
1277 4386 1373 4440 καί
1405 4385 1514 4439 τόν
1563 4390 1713 4440 Θεὸν
1754 4388 1827 4441 οὐ
1872 4389 2188 4457 φοϐοῦμαι,

589 4476 691 4529 καὶ
718 4473 1033 4541 ἄνθρωπον
1061 4476 1173 4528 οὐκ
1202 4473 1578 4541 ἐντρέπομαι,
1604 4473 1703 4528 διά
1724 4491 1791 4544 γε
1814 4474 1881 4528 τὸ
1906 4476 2193 4545 παρέχειν

588 4575 687 4626 μοι
738 4560 930 4612 κόπον
962 4558 1076 4625 τὴν
1107 4558 1305 4627 χήραν
1331 4559 1578 4625 ταύτην,
1628 4557 1931 4626 ἐκδικήσω
1972 4560 2187 4624 αὐτὴν,

592 4640 693 4692 ἵνα
731 4639 818 4709 μὴ
866 4643 953 4706 είς
996 4640 1172 4706 τέλος
1214 4641 1508 4709 ἐρχομένη
1556 4638 1863 4709 ὑπωπιάζῃ
1903 4658 2000 4710 με.
2042 4638 2191 4696 Ehe

591 4724 661 4777 δὲ
698 4729 730 4778 ό
762 4727 1009 4791 Κύριοςο
1046 4725 1449 4779 Ἀκούσατεῖτι
1483 4726 1517 4777 ὁ
1564 4724 1771 4793 κριτὴς
1801 4724 1912 4792 τῆς
1953 4725 2192 4792 ἀδικίας

591 4808 773 4879 λέγει.
824 4811 876 4861 '0
919 4810 988 4862 δὲ
1032 4809 1178 4874 Θεὸς
1223 4812 1294 4862 οὐ
1333 4808 1420 4877 μὴ
1469 4810 1698 4877 ποιήσῃ
1729 4808 1845 4877 τὴν
1871 4809 2192 4877 ἐκδίκησιν

592 4895 713 4951 τῶν
742 4897 1042 4952 ἐκλεκτῶν
1068 4897 1277 4964 αὐτοῦ,
1327 4896 1449 4950 τῶν
1472 4896 1762 4960 ,ϐοώντων
1811 4896 1963 4965 πρὸς
2001 4899 2191 4952 αὐτὸν

592 4986 819 5057 ἡμέρας
847 4987 945 5041 καὶ
987 4989 1231 5054 νυκτὸς.
1261 4988 1359 5041 καὶ
1394 4986 1772 5055 μακροθυμεῖ
1801 4986 1894 5039 ἐπ’
1947 4987 2188 5055 αὑτοῖς;

593 5071 758 5141 Λέγω
789 5070 950 5137 ὑμῖν,
988 5069 1078 5123 ὅτι
1122 5072 1362 5136 ποιήσει
1401 5070 1511 5139 τὴν
1538 5068 1858 5138 ἐκδίκησιν
1887 5069 2086 5124 αὐτῶν
2121 5072 2193 5125 ἐν

591 5156 781 5226 τάχει.
819 5154 1120 5225 Μάθωμεν,
1146 5156 1386 5226 ἀδελφοὶ,
1430 5156 1530 5229 τήν
1574 5155 1961 5228 κεκρυμμένην
1998 5156 2189 5225 σοφίαν

578 5242 653 5291 λέν
690 5242 803 5304 τοῖς
846 5238 1026 5307 λόγοις
1064 5239 1158 5292 τοῦ
1204 5239 1540 5307 Πνεύματος,
1588 5237 1999 5309 διερευνώμενοι
2048 5240 2190 5293 κατά

592 5323 826 5394 δύναμιν
858 5324 1153 5395 ἡμετέραν,
1196 5324 1295 5395 οὐχ
1351 5323 1451 5393 ὅση
1500 5325 1668 5387 ἐστὶν,
1716 5321 1850 5376 ἀλλά
1891 5324 2015 5375 ὅσον
2057 5324 2188 5395 ἡμῖν

596 5407 838 5475 ἐφικτόν.
900 5408 965 5461 Οί
1029 5408 1127 5478 μὲν
1185 5408 1245 5460 ἐν
1305 5410 1370 5477 τῇ
1429 5406 1669 5478 θαλάττῃ
1730 5406 2041 5476 ποιούμενοι
2097 5407 2188 5460 τὸν

599 5488 735 5559 βίον,
762 5493 847 5544 ἐπ’
870 5491 1032 5545 αὐτὸν
1054 5491 1332 5553 κατιόντες
1360 5490 1450 5543 τὸν
1482 5490 1661 5560 βυθὸν,
1683 5491 1805 5553 τοὺς
1833 5488 1985 5561 [786]
2021 5489 2187 5543 πολυ-

597 5574 859 5643 τιμήτους
890 5574 1068 5639 λίθους
1106 5576 1219 5638 τοῖς
1250 5575 1308 5628 ἐν
1336 5576 1402 5646 τῇ
1452 5576 1524 5645 γῇ
1559 5572 1871 5642 κομίζουσιν
1892 5590 1904 5603 ·
1942 5575 2102 5644 ἡμεῖς
2129 5574 2186 5627 δὲ

596 5654 658 5709 ιδ
691 5657 924 5727 πέλαγος
953 5659 1062 5711 τῶν
1094 5658 1256 5712 θείων
1307 5658 1538 5729 Γραφῶν
1594 5658 1974 5728 ἱστορήσαντες
2010 5657 2060 5720 ιι,
2107 5659 2187 5719 είς

657 5739 685 5767 ⁸
710 5739 845 5805 qub.
891 5742 1055 5803 ὥσπερ
1076 5742 1166 5805 γὰρ
1212 5743 1298 5791 ὁ...
1341 5741 1761 5805 μεγαλοπρἐαιιλειαν.⁸
1796 5740 1851 5788 τὸ
1887 5740 2003 5805 αύτρ
2137 5740 2186 5788 ἐν

595 5801 843 5863 ἁμαρτίαις
862 5805 953 5857 ζῶν
970 5801 1068 5851 τῶν
1090 5801 1324 5865 δαιμόνων
1344 5801 1417 5865 ’μι
1458 5801 1829 5851 ῖταιπολιτείαν.
1857 5802 1999 5851 Δοκεῖ
2022 5803 2093 5851 δέἰ

656 5861 683 5905 δ
705 5861 840 5913 Cofb.
886 5864 1039 5913 λίθους
1080 5865 1188 5914 τοὺς
1223 5866 1271 5914 ἐν
1300 5871 1357 5914 τῆ
1401 5821 1603 5914 ἶϐύσσω
1634 5863 1943 5914 κομίζουσι...
1986 5865 2093 5914 Γοα‹

656 5861 683 5905 δ
702 5861 840 5928 Cpfb.
886 5864 1039 5913 λίθους
1080 5861 1188 5921 τοὺς
1223 5866 1271 5914 ἐν
1401 5861 1603 5926 ἀϐύσσῳ
1634 5863 1943 5925 κομίζουσι...
1986 5864 2186 5927 Γραφῶν

598 5924 942 5986 ἐρευνήσαντες.

2310 530 2471 585 αὑτὸν
2501 530 2594 584 τὸν
2624 529 2784 600 βυθὸν
2823 529 2924 599 τῆς
2959 528 3331 599 πνευματικῆς
3371 530 3578 598 σοφίας,
3621 533 3735 587 ὅσον
3766 534 3858 593 οἶόν

2304 631 2364 667 τε
2413 613 2887 685 καταδράμωμεν,
2936 613 3025 666 ἴνα
3071 611 3390 683 κομίσωμεν
3436 614 3563 683 ὑμῖν
3618 615 3859 692 θησαυρὸν

2303 696 2509 764 ἀγαθὸν
2536 695 2846 767 κοσμοῦντα
2874 695 2976 759 τάς
2999 694 3176 765 ψυχὰς
3206 694 3432 765 βέλτιον,
3460 695 3493 765 ἢ
3519 698 3619 762 τὰς
3648 703 3858 769 κεφαλὰς

2301 779 2411 833 τῶν
2464 778 2731 846 βασιλέων
2785 781 2836 832 οἱ
2883 778 3251 850 λιθοκόλλητοι
3292 789 3315 818 ε
3352 779 3622 848 στέφανοι.
3670 783 3739 837 Τὸ
3775 787 3857 857 μὲν

2302 864 2412 935 γάρ
2449 862 2673 916 ἐκείνων
2704 862 2900 926 κάλλος
2930 858 3012 932 τῷ
3044 861 3145 931 βίῳ
3181 861 3356 932 τούτῳ
3398 865 3854 935 συναπαρτίζεταγ

2301 949 2330 1001 6
2354 947 2408 999 δὲ
2438 950 2554 1010 τοῖς
2582 946 2760 1014 λόγοις
2788 946 2881 1000 τοῦ
2914 945 3232 1016 Πνεύματος
3258 946 3535 1015 στεφανῶν
3567 948 3666 1018 τὴν
3687 949 3854 1022 ψυχὴν,

2304 1030 2395 1083 καὶ
2423 1028 2517 1083 νῦν
2551 1029 2689 1099 μετά
2732 1029 3031 1096 ἀσφαλείας
3072 1028 3254 1099 πάσης
3292 1028 3526 1100 διαπερᾷ
3561 1029 3650 1083 τὸν
3675 1033 3856 1102 χρόνον,

2304 1113 2399 1166 καὶ
2421 1115 2557 1184 μετὰ
2587 1114 2686 1184 τὴν
2710 1111 2806 1165 τοῦ
2840 1111 2956 1181 βίου
2978 1111 3258 1181 τελευτὴν,
3287 1111 3504 1182 θαρρῶν
3533 1116 3859 1185 προσέρχεται

2303 1195 2380 1266 τῷ
2427 1196 2631 1267 βήματι
2676 1194 2769 1249 τοῦ
2811 1194 3070 1265 Χριστοῦ,
3117 1194 3305 1263 γέμων
3341 1196 3561 1267 ἀρετῆς,
3593 1199 3682 1250 καὶ
3718 1202 3858 1252 καθα-

2307 1279 2477 1349 ρεύων
2506 1280 2690 1349 πάσης
2715 1278 2935 1340 κακίας.
2966 1277 3102 1332 Τίνα
3130 1273 3226 1331 οὖν
3255 1278 3384 1348 ὑμῖν
3411 1278 3680 1351 θησαυρὸν
3702 1287 3761 1335 ἐκ
3782 1283 3858 1336 τοῦ

2304 1362 2467 1432 βυθοῦ
2496 1362 2606 1415 τῶν
2632 1361 2865 1433 Γραφῶν
2898 1360 3221 1431 κομίζομεν,
3247 1361 3348 1414 οὑκ
3379 1363 3542 1416 αὐτοῦ
3571 1364 3663 1418 τοῦ
3694 1366 3857 1436 βάθους

2301 1447 2596 1516 ἁπτόμενοι
2623 1446 2722 1516 τῆς
2750 1445 2961 1513 σοφίας,
2993 1444 3129 1498 ἀλλά
3161 1443 3412 1499 τοσοῦτον
3440 1447 3732 1511 κατιόντες,
3757 1451 3857 1504 ὅσον

2301 1531 2569 1599 ἐγχωρεῖ;
2617 1529 2739 1582 Ἐπὶ⁵
2769 1528 2873 1599 τὴν
2903 1527 3208 1598 προσευχὴν
3238 1527 3388 1596 ἀγων
3416 1530 3539 1593 τοὺς
3572 1530 3858 1602 ἀνθρώπους

2300 1615 2330 1667 ὁ
2362 1614 2613 1684 Χριστὸς,
2638 1612 2733 1665 καὶ
2760 1612 2861 1683 τὴν
2887 1610 2995 1665 ἀπὸ
3017 1611 3222 1681 ταύτης
3249 1611 3519 1681 ὠφέλειαν
3545 1615 3859 1685 παραστῆσαι

2302 1696 2625 1768 βουλόμενος
2667 1698 2790 1759 ταῖς
2829 1694 3129 1766 ἡμετέραις
3175 1695 3393 1765 ψυχαῖς,
3443 1697 3637 1766 κριτὴν
3681 1700 3859 1768 εἰσάγει

2300 1782 2537 1853 πονηρόν
2570 1798 2692 1835 τινα
2720 1780 2815 1834 καὶ
2847 1780 3057 1843 σκαιὸν,
3082 1780 3261 1834 πᾶσαν
3293 1779 3427 1833 αἰδῶ
3461 1780 3573 1833 τῶν
3602 1781 3858 1853 ὀφθαλμῶν

2300 1864 2701 1938 ἀπορρίψαντα,
2732 1865 2828 1919 καὶ
2858 1863 2949 1917 τὸν
2984 1863 3081 1917 τοῦ
3115 1860 3252 1916 Θεοῦ
3282 1862 3448 1932 φόϐον
3485 1866 3556 1920 ἐκ
3594 1864 3690 1934 τῆς
3710 1866 3860 1936 ψυχῆς

2300 1950 2651 2015 ἐξελάσαντα.
2693 1948 2887 2001 Καίτοι
2921 1964 2986 2015 γε
3018 1946 3177 2017 ῆρκει
3222 1945 3432 2000 δικαίου
3472 1947 3568 2001 καὶ
3606 1948 3855 2020 ἐλεήμονες

2299 2032 2595 2087 ὑποθέσθαι
2624 2030 2938 2102 πρόσωπον,
2960 2030 3055 2083 καὶ
3085 2028 3534 2099 παρεξετάσαντα
3564 2031 3661 2101 τὴν
3682 2032 3857 2085 ἐκείνου

2298 2115 2645 2186 δικαιοσύνην
2696 2115 2763 2185 τῇ
2817 2112 3195 2184 φιλανθρωπίᾳ
3235 2111 3332 2166 τοῦ
3375 2112 3538 2176 Θεοῦ,
3583 2113 3739 2180 δεῖξαι
3777 2115 3857 2185 τήν

2303 2201 2457 2270 ίσχὺν
2493 2200 2590 2270 τῆς
2633 2199 2891 2269 δεήσεως.
2936 2197 3000 2249 Et
3045 2196 3156 2267 γὰρ
3186 2195 3472 2266 ἅνθρωπος
3518 2198 3743 2269 χρηστὸς
3784 2199 3858 2251 καὶ

2299 2286 2474 2355 πρᾶος
2507 2282 2728 2355 ήμὲρως
2759 2281 2973 2351 δέχεται
3008 2283 3135 2355 τοὺς
3181 2279 3462 2351 ἱκετηρίαν
3498 2282 3856 2354 προσάγοντας,

2298 2352 2450 2438 πόσῳ
2496 2352 2696 2437 μᾶλλον
2738 2366 2767 2417 ὁ
2795 2364 2950 2430 Θεὸς,
2993 2352 3056 2416 οὗ
3092 2363 3153 2416 τὸ
3193 2363 3421 2434 μέγεθος
3458 2352 3559 2435 τῆς
3591 2364 3856 2435 φιλανθρω-

2299 2452 2431 2513 πίας
2482 2451 2543 2503 οὐ
2596 2449 2755 2520 μόνον
2797 2448 2895 2518 τὴν
2928 2447 3204 2517 ἡμετέραν
3254 2446 3573 2518 ὑπερϐαίνει
3618 2448 3854 2508 διάνοιαν,

2294 2535 2434 2589 ἀλλά
2465 2535 2561 2588 καὶ⁵
2579 2534 2705 2595 τοὺς
2732 2531 2997 2600 ἀγγέλους
3026 2530 3223 2593 αὐτούς
3243 2547 3259 2597 ;
3282 2532 3484 2601 Ἤρκει
3505 2532 3606 2604 μέν
3618 2528 3723 2598 οὖν,
3743 2532 3855 2601 ὅπερ

2295 2618 2455 2689 ἔφην,
2504 2615 2719 2671 δικαίου
2765 2616 3059 2686 πρόσωπον
3105 2612 3402 2667 ὑποθέσθαι
3449 2615 3671 2686 κριτοῖν
3704 2612 3853 2668 νῦνὸἐ

2294 2701 2446 2771 ώμὸν
2490 2700 2586 2754 καὶ
2630 2697 2806 2768 ἀσεϐῆ
2855 2697 2952 2751 καὶ
2993 2696 3382 2768 μισάνθρωπον
3421 2698 3636 2768 εἰσάγει
3672 2695 3851 2769 κριτὴν.

2294 2785 2389 2836 ἐπὶ
2423 2782 2523 2854 μὲν
2564 2782 2673 2836 τῶν
2719 2780 2895 2833 ἀλλων
2927 2782 3225 2852 ἀνήμερον,
3253 2781 3346 2833 ἐπὶ
3380 2779 3439 2833 δέ
3471 2782 3583 2835 τῶν
3622 2781 3853 2851 δεομένων

2295 2866 2529 2937 χρηστὸν
2563 2865 2659 2919 καὶ
2691 2865 2888 2937 πρᾶον,
2923 2863 3011 2917 ἴνα
3043 2862 3242 2934 μάθῃς,
3269 2863 3353 2917 ὅτι
3393 2865 3547 2919 πᾶσα
3585 2864 3751 2933 δέησις
3778 2860 3852 2914 καὶ

2295 2950 2457 3021 φύσιν
2474 2948 2719 3020 πονηράν
2735 2950 2815 3012 είς
2843 2942 3022 3001 οἶκτον
3049 2948 3143 3000 καὶ
3162 2946 3310 3000 ἔλεον
3341 2949 3638 3002 ἐπισπᾶται

2295 3035 2452 3100 Τίνος
2470 3031 2564 3090 οῦν
2588 3036 2753 3087 ἕνεκα
2773 3031 2933 3086 τοῦτο
2953 3031 3254 3101 πεποίηκεν
3273 3032 3305 3085 6
3333 3032 3571 3103 Χριστός
3592 3048 3608 3098 ;
3633 3032 3739 3084 Ἵνα
3768 3045 3852 3098 μη·

2293 3121 2404 3185 δεὶς
2423 3121 2588 3190 ἀγνοῇ
2619 3117 2726 3171 τῶν
2743 3117 2999 3171 ἀπάντων
3017 3116 3117 3187 τῆς
3146 3116 3456 3188 προσευχῆς
3481 3116 3580 3187 τὴν
3599 3115 3756 3186 ἰσχύν.
3773 3110 3851 3165 Διὰ

2291 3205 2449 3259 τοῦτο
2459 3203 2536 3275 τῷ
2557 3199 2949 3273 πονηροτάτῳ(ι
2964 3201 3181 3254 πάντων
3198 3201 3560 3271 παραστήσας
3579 3201 3673 3272 τήν
3691 3200 3850 3271 χήραν,

2291 3290 2387 3345 καὶ
2402 3288 2581 3354 δείξας
2599 3286 2760 3341 αὐτὸν
2780 3283 2935 3357 παρά
2953 3285 3116 3353 φύσιν
3134 3284 3543 3356 φιλάνθρωπον,
3558 3284 3665 3340 ἀπὸ
3683 3282 3764 3337 τοῦ
3781 3297 3851 3333 που

2290 3392 2355 3445 νη
2364 3372 2456 3442 ροῦ
2473 3370 2610 3442 πρὸς
2624 3370 2713 3423 τὸν
2738 3368 2933 3423 ἐαυτοῦ
2957 3368 3180 3441 Πατέρα
3206 3368 3510 3439 μετέστησε
3523 3368 3615 3422 τὸν
3637 3367 3777 3434 λόγον
3810 3373 3848 3425 ⁸,

2291 3458 2383 3511 τὸν
2403 3455 2629 3524 ἀγαθὸν,
2664 3454 2758 3506 τὸν
2792 3453 2988 3523 πρᾶον,
3004 3450 3096 3504 τὸν
3115 3451 3348 3523 ἥμερον,
3369 3450 3462 3504 τὸν
3487 3449 3847 3521 φιλάνθρωπον.

2293 3538 2690 3611 ὑπερϐαίνοντα
2703 3536 2951 3606 ἀνομίας,
2971 3533 3357 3605 συγχωροῦντα
3371 3536 3645 3606 ἁμαρτίας
3661 3531 3847 3593 πολλὰς.

2294 3620 2784 3694 βλασφημούμενον
2813 3618 2936 3673 καθ’
2962 3618 3202 3688 ἑκάστην
3236 3618 3472 3689 ἡμέραν,
3504 3618 3601 3673 καὶ
3630 3617 3845 3694 φέρονῖα.

2290 3693 2618 3773 ἀνεχόμενον
2642 3700 2775 3770 ὁρᾷν
2800 3699 2966 3769 τιμὴν
2993 3700 3072 3761 είς
3097 3696 3383 3766 δαίμονας,
3408 3697 3572 3769 ὕϐριν
3593 3700 3671 3761 είς
3693 3693 3845 3754 αὐτὸν.

2291 3788 2372 3849 είς
2410 3787 2501 3839 τὸν
2536 3784 2668 3837 Υίδν
2697 3780 3045 3853 βλασφημίας
3078 3780 3098 3819 τ
3118 3799 3135 3848 ;
3173 3781 3316 3853 ρητά
3349 3781 3443 3835 καὶ⁸
3475 3782 3686 3854 ἄρρητα
3708 3776 3848 3849 μυρία

2290 3869 2465 3924 δεινά·
2494 3864 2614 3922 εἶτα
2658 3864 3147 3937 βλασφημούμενος
3180 3866 3279 3935 μὲν
3303 3865 3446 3918 οῦτω
3476 3868 3665 3936 πράως
3692 3863 3847 3932 ἀνέχει

2288 3969 2402 4017 ται,
2432 3952 2528 4006 ἐὰν
2546 3951 2603 4005 δέ
2637 3951 2722 4023 ίδῃ
2772 3948 2911 4021 μετά
2937 3948 3033 4002 τοῦ
3063 3949 3433 4020 προσήκοντος
3453 3948 3622 4017 φόϐου
3647 3944 3845 4017 προσπίο

2293 4054 2525 4098 πτοντας
2547 4038 2713 4107 ἡμᾶς,
2733 4035 2835 4087 οὐκ
2860 4034 3074 4103 ἐλεήσει
3099 4034 3308 4103 ταχέως
3327 4050 3342 4098 ;
3373 4034 3703 4093 Ἀκούσατε,
3719 4027 3843 4098 φησὶ.

2292 4123 2351 4176 τί
2379 4125 2411 4175 ὁ
2443 4120 2652 4188 κριτὴς
2673 4118 2782 4185 τῆς
2804 4116 3041 4181 ἀδικίας
3060 4115 3242 4184 λέγει·
3264 4117 3332 4170 El
3368 4115 3467 4169 καὶ
3508 4117 3616 4169 τὸν
3643 4114 3775 4167 Θεὸν
3791 4110 3845 4162 οὐ

2292 4204 2601 4275 φοϐοῦμαι,
2626 4201 2724 4255 καὶ
2750 4199 3068 4268 ἄνθρωπον
3090 4202 3201 4254 οὐκ
3222 4198 3595 4268 ἐντρέπομαι.
3610 4197 3703 4251 διὰ
3722 4211 3779 4264 γε
3794 4195 3843 4246 τὸ

2294 4290 2579 4357 παρέχειν
2602 4303 2706 4355 μοι
2732 4285 2976 4349 κόπους,
3000 4280 3303 4347 ἐκδικήσω
3325 4284 3541 4349 αὑτήν.
3574 4282 3636 4336 Τί
3667 4281 3842 4348 λέγειςς

2293 4373 2430 4443 ὅπερ
2485 4371 2588 4424 ούκ
2630 4370 2817 4439 ἴσχυσε
2862 4367 3048 4436 φόϐος,
3088 4365 3252 4420 τοῦτο
3293 4366 3479 4438 δέησις
3521 4369 3729 4437 ίσχυσε;
3763 4360 3845 4443 lia}

2293 4441 2492 4525 ἀπειλὴ
2542 4454 2661 4525 μὲν,
2699 4452 2796 4507 καὶ
2833 4450 3106 4522 τιμωρίας
3147 4449 3303 4513 ἐλπὶς
3348 4451 3409 4504 ού
3436 4453 3744 4522 προσήγαγε
3783 4441 3845 4511 τῷ

2292 4537 2486 4608 δικαίῳ
2511 4537 2603 4590 τὸν
2634 4534 2919 4605 ἄνθρωπον
2935 4549 2952 4563 ο
2986 4531 3107 4603 μεθ’
3139 4530 3418 4604 ίκητερίας
3445 4532 3503 4586 δὲ
3526 4534 3740 4603 φανεῖσα
3764 4528 3844 4598 χήο

2297 4640 2389 4694 ρα,
2418 4621 2511 4675 τὸν
2543 4619 2736 4693 ἄγριον
2767 4617 3046 4688 ἡμέρωσε.
3093 4614 3159 4669 Τί
3205 4611 3298 4669 οὖν
3331 4616 3575 4680 είκάζειν
3612 4612 3842 4686 προσήκει

2294 4704 2540 4777 περὶτοῦ
2572 4700 2956 4772 φιλανθρώπου
2983 4697 3141 4764 Θεοῦ,
3170 4700 3220 4751 εί
3247 4698 3336 4752 τὸν
3361 4698 3512 4768 ὠμὸν
3539 4698 3678 4753 οὕτω
3697 4695 3841 4765 πρᾶον

2295 4788 2594 4859 πεποίηκεν
2616 4788 2651 4855 ή
2674 4787 2820 4856 χήρα
2838 4782 3288 4854 προσπίπτουσα;
3314 4781 3488 4849 πόσην
3510 4780 3837 4855 χρηστότητα,

2294 4872 2467 4942 πόσην
2518 4866 2929 4940 φιλανθρωπίαν
2980 4866 3065 4934 ἐφ’
3107 4864 3265 4935 ήμῶν
3294 4865 3322 4917 ὁ
3352 4864 3485 4928 Θεὸς
3526 4862 3835 4928 ἐπιδείξεται.

2295 4941 2446 5025 [787]
2475 4955 2505 5007 6
2534 4954 2694 5023 μόνον
2727 4951 2898 5005 ἐλεεῖν
2926 4948 3126 5002 ἐθέλων
3154 4948 3262 5011 ἀεὶ,
3293 4946 3542 5011 κολάζειν
3562 4941 3837 5001 δὲούδεπώ·

2295 5055 2425 5091 ποτε
2450 5077 2467 5103 ,
2493 5037 2522 5089 ὁ
2559 5034 2776 5097 καὶτὰς
2801 5033 3077 5103 τιμωρίας
3106 5030 3195 5085 διὰ
3232 5029 3433 5101 πολλὴν
3464 5028 3837 5100 φιλανθρωπίαν

2294 5121 2597 5191 ἀπειλήσας
2626 5120 2781 5189 ἡμῖν,
2821 5117 2916 5170 καὶ⁵
2952 5114 3194 5185 μεγάλας
3230 5114 3525 5183 ἑτοιμάσας
3561 5111 3734 5181 τιμὰς.
3765 5106 3837 5159 ἵνα

2293 5205 2388 5258 καὶ
2414 5203 2578 5271 φόϐος
2604 5203 2696 5256 καὶ
2724 5201 2890 5270 τιμῆς
2918 5200 3093 5261 ἐλπὶς,
3117 5200 3151 5269 ή
3174 5198 3272 5267 μὲν
3296 5196 3553 5279 ἐπεγείρῃ
3578 5193 3705 5265 πρὸς
3725 5195 3834 5279 ἀρεῖ

2294 5289 2417 5360 τὴν,
2446 5290 2475 5341 ὁ
2507 5287 2565 5339 δὲ
2608 5284 2828 5354 κωλύσῃ
2860 5280 3324 5353 πονηρευμάτωνι
3376 5280 3452 5332 Ού
3494 5278 3711 5350 δύναμαι
3761 5288 3836 5360 του

2295 5355 2483 5443 κριτοῦ
2517 5371 2616 5441 τῆς
2650 5369 2863 5430 ἀδικίας
2898 5364 3209 5433 ἀποστῆσαι
3235 5364 3333 5427 τὴν
3365 5362 3618 5424 διάνοιαν,
3648 5355 3833 5443 θεωρῶν
3923 5388 3928 5392 -

2295 5438 2351 5510 ὲν
2376 5459 2441 5526 τῇ
2469 5438 2680 5510 ἐκείνου
2702 5451 2855 5523 παρά
2878 5450 3039 5518 φύσιν
3066 5449 3333 5520 πραότητι
3357 5447 3453 5517 τὴν
3478 5445 3736 5517 ἀμύθητον
3756 5438 3830 5487 τοὺ
3868 5495 3876 5502 _

2292 5542 2428 5595 Θεοῦ
2461 5537 2892 5609 φιλανθρωπίαν.
2930 5536 2991 5588 Et
3033 5534 3142 5604 γὰρ
3173 5534 3203 5585 6
3234 5532 3501 5604 μηδέποτε
3534 5528 3689 5600 μηδὲν
3718 5537 3828 5593 χρηο

2354 5742 2376 5810 ξ
2398 5739 2533 5810 (ξοψ.
2557 5736 3015 5810 οἱχρυσοκὸλλητοι.

2349 5799 2375 5840 δ
2400 5802 2531 5849 I‘OZh.
2557 5798 2725 5847 τῶπικ
2823 5798 2930 5859 ’τῳ.

2350 5865 2369 5885 ⁶
2394 5866 2487 5907 Τὸν
2511 5851 2650 5907 λόγον
2666 5896 2677 5907 .
2700 5814 3180 5907 Imsnonhvimns
3203 5866 3232 5902 e
3257 5851 3406 5903 Sm'ili

2350 5865 2369 5922 έ
2394 5866 2487 5911 Τὸν
2511 5853 2650 5922 λόγον
2666 5896 2677 5908 .
2700 5853 2816 5908 Hrec
2841 5853 3180 5922 suippfmvimng
3203 5866 3232 5902 e
3257 5853 3459 5922 S‘avilio.
3480 5853 3620 5922 .Eon.

2352 5921 2374 5963 ί
2400 5923 2519 5974 (ῖοη)
2561 5916 2626 5979 ε’ἱς
2646 5921 2831 5981 ἑαυτὸν,
2855 5916 2917 5976 είς
2939 5916 3018 5967 τὸν
3040 5918 3233 5973 Πατέρα
3254 5916 3559 5978 βλασφημίας.
