  <div class='ocr_page' id='page_1' title='image "/cluster/home/n/w/nwhite01/storage/ocr_20150623/50:no.2:pt.2/coo.31924054869494/378.png"; bbox 0 0 4124 6452; ppageno 0'>
   <div class='ocr_carea' id='block_1_1' title="bbox 255 410 2132 481">
    <p class='ocr_par' dir='ltr' id='par_1_1' title="bbox 255 410 2132 481">
     <span class='ocr_line' id='line_1_1' title="bbox 255 410 2132 481; baseline -0.005 -1"><span class='ocrx_word' id='word_1_1' title='bbox 255 427 342 481; x_wconf 80' lang='grc'><strong>781</strong></span> <span class='ocrx_word' id='word_1_2' title='bbox 1459 412 1542 469; x_wconf 84' lang='lat' dir='ltr'><strong>DE</strong></span> <span class='ocrx_word' id='word_1_3' title='bbox 1581 410 2026 469; x_wconf 79' lang='lat' dir='ltr'><strong>PRECATIONE.</strong></span> <span class='ocrx_word' id='word_1_4' title='bbox 2067 412 2132 470; x_wconf 88' lang='lat' dir='ltr'><strong>ll.</strong></span> 
     </span>
    </p>
   </div>
   <div class='ocr_carea' id='block_1_2' title="bbox 255 523 1835 598">
    <p class='ocr_par' dir='ltr' id='par_1_2' title="bbox 255 523 1835 598">
     <span class='ocr_line' id='line_1_2' title="bbox 255 523 1835 598; baseline -0.006 -10"><span class='ocrx_word' id='word_1_5' title='bbox 255 536 456 591; x_wconf 80' lang='lat' dir='ltr'><strong>aditum</strong></span> <span class='ocrx_word' id='word_1_6' title='bbox 500 530 712 586; x_wconf 90' lang='lat' dir='ltr'><strong>diabolo</strong></span> <span class='ocrx_word' id='word_1_7' title='bbox 745 527 1079 598; x_wconf 84' lang='lat' dir='ltr'><strong>patefacere.</strong></span> <span class='ocrx_word' id='word_1_8' title='bbox 1123 527 1502 594; x_wconf 65' lang='lat' dir='ltr'><strong>diemonesque</strong></span> <span class='ocrx_word' id='word_1_9' title='bbox 1549 523 1835 579; x_wconf 79' lang='lat' dir='ltr'><strong>admittere</strong></span> 
     </span>
    </p>
   </div>
   <div class='ocr_carea' id='block_1_3' title="bbox 257 618 1841 693">
    <p class='ocr_par' dir='ltr' id='par_1_3' title="bbox 257 618 1841 693">
     <span class='ocr_line' id='line_1_3' title="bbox 257 618 1841 693; baseline -0.006 -13"><span class='ocrx_word' id='word_1_10' title='bbox 257 629 308 681; x_wconf 91' lang='lat' dir='ltr'><strong>in</strong></span> <span class='ocrx_word' id='word_1_11' title='bbox 334 625 592 688; x_wconf 88' lang='lat' dir='ltr'><strong>animum,</strong></span> <span class='ocrx_word' id='word_1_12' title='bbox 634 638 791 693; x_wconf 86' lang='lat' dir='ltr'><strong>quem</strong></span> <span class='ocrx_word' id='word_1_13' title='bbox 821 620 1050 690; x_wconf 75' lang='lat' dir='ltr'><strong>Spiritus</strong></span> <span class='ocrx_word' id='word_1_14' title='bbox 1085 619 1254 674; x_wconf 88' lang='lat' dir='ltr'><strong>sancti</strong></span> <span class='ocrx_word' id='word_1_15' title='bbox 1293 619 1464 689; x_wconf 88' lang='lat' dir='ltr'><strong>gratia</strong></span> <span class='ocrx_word' id='word_1_16' title='bbox 1515 618 1841 687; x_wconf 79' lang='lat' dir='ltr'><strong>benignitate</strong></span> 
     </span>
    </p>
   </div>
   <div class='ocr_carea' id='block_1_4' title="bbox 261 709 1840 782">
    <p class='ocr_par' dir='ltr' id='par_1_4' title="bbox 261 709 1840 782">
     <span class='ocr_line' id='line_1_4' title="bbox 261 709 1840 782; baseline -0.007 -10"><span class='ocrx_word' id='word_1_17' title='bbox 261 730 466 772; x_wconf 83' lang='lat' dir='ltr'><strong>summa</strong></span> <span class='ocrx_word' id='word_1_18' title='bbox 491 730 555 768; x_wconf 92' lang='lat' dir='ltr'><strong>ac</strong></span> <span class='ocrx_word' id='word_1_19' title='bbox 593 713 926 782; x_wconf 76' lang='lat' dir='ltr'><strong>providentia</strong></span> <span class='ocrx_word' id='word_1_20' title='bbox 970 711 1328 766; x_wconf 88' lang='lat' dir='ltr'><strong>decoraverit.</strong></span> <span class='ocrx_word' id='word_1_21' title='bbox 1368 709 1421 763; x_wconf 91' lang='lat' dir='ltr'><strong>ld</strong></span> <span class='ocrx_word' id='word_1_22' title='bbox 1465 724 1591 762; x_wconf 88' lang='lat' dir='ltr'><strong>vero</strong></span> <span class='ocrx_word' id='word_1_23' title='bbox 1628 723 1732 778; x_wconf 89' lang='lat' dir='ltr'><strong>qua</strong></span> <span class='ocrx_word' id='word_1_24' title='bbox 1755 723 1840 762; x_wconf 88' lang='lat' dir='ltr'><strong>ra-</strong></span> 
     </span>
    </p>
   </div>
   <div class='ocr_carea' id='block_1_5' title="bbox 261 799 1840 872">
    <p class='ocr_par' dir='ltr' id='par_1_5' title="bbox 261 799 1840 872">
     <span class='ocr_line' id='line_1_5' title="bbox 261 799 1840 872; baseline -0.006 -11"><span class='ocrx_word' id='word_1_25' title='bbox 261 816 404 861; x_wconf 80' lang='lat' dir='ltr'><strong>tione</strong></span> <span class='ocrx_word' id='word_1_26' title='bbox 436 805 542 866; x_wconf 85' lang='lat' dir='ltr'><strong>fiat.</strong></span> <span class='ocrx_word' id='word_1_27' title='bbox 576 805 776 872; x_wconf 88' lang='lat' dir='ltr'><strong>accipe.</strong></span> <span class='ocrx_word' id='word_1_28' title='bbox 808 803 947 857; x_wconf 87' lang='lat' dir='ltr'><strong>Fieri</strong></span> <span class='ocrx_word' id='word_1_29' title='bbox 977 803 1126 858; x_wconf 93' lang='lat' dir='ltr'><strong>nullo</strong></span> <span class='ocrx_word' id='word_1_30' title='bbox 1155 802 1315 856; x_wconf 92' lang='lat' dir='ltr'><strong>modo</strong></span> <span class='ocrx_word' id='word_1_31' title='bbox 1355 809 1558 870; x_wconf 89' lang='lat' dir='ltr'><strong>potest,</strong></span> <span class='ocrx_word' id='word_1_32' title='bbox 1597 809 1654 853; x_wconf 94' lang='lat' dir='ltr'><strong>ut</strong></span> <span class='ocrx_word' id='word_1_33' title='bbox 1680 799 1840 853; x_wconf 92' lang='lat' dir='ltr'><strong>homo</strong></span> 
     </span>
    </p>
   </div>
   <div class='ocr_carea' id='block_1_6' title="bbox 259 891 1837 963">
    <p class='ocr_par' dir='ltr' id='par_1_6' title="bbox 259 891 1837 963">
     <span class='ocr_line' id='line_1_6' title="bbox 259 891 1837 963; baseline -0.005 -11"><span class='ocrx_word' id='word_1_34' title='bbox 259 899 374 952; x_wconf 86' lang='lat' dir='ltr'><strong>sine</strong></span> <span class='ocrx_word' id='word_1_35' title='bbox 394 895 556 950; x_wconf 85' lang='lat' dir='ltr'><strong>divini</strong></span> <span class='ocrx_word' id='word_1_36' title='bbox 585 896 814 963; x_wconf 88' lang='lat' dir='ltr'><strong>Spiritus</strong></span> <span class='ocrx_word' id='word_1_37' title='bbox 834 911 934 963; x_wconf 91' lang='lat' dir='ltr'><strong>ope</strong></span> <span class='ocrx_word' id='word_1_38' title='bbox 959 894 1191 948; x_wconf 84' lang='lat' dir='ltr'><strong>divinam</strong></span> <span class='ocrx_word' id='word_1_39' title='bbox 1215 893 1348 948; x_wconf 79' lang='lat' dir='ltr'><strong>ferat</strong></span> <span class='ocrx_word' id='word_1_40' title='bbox 1369 891 1837 955; x_wconf 77' lang='lat' dir='ltr'><strong>consuetudinem;</strong></span> 
     </span>
    </p>
   </div>
   <div class='ocr_carea' id='block_1_7' title="bbox 259 988 1838 1058">
    <p class='ocr_par' dir='ltr' id='par_1_7' title="bbox 259 988 1838 1058">
     <span class='ocr_line' id='line_1_7' title="bbox 259 988 1838 1058; baseline -0.003 -14"><span class='ocrx_word' id='word_1_41' title='bbox 259 1005 443 1044; x_wconf 87' lang='lat' dir='ltr'><strong>verum</strong></span> <span class='ocrx_word' id='word_1_42' title='bbox 465 999 680 1058; x_wconf 78' lang='lat' dir='ltr'><strong>Oportet</strong></span> <span class='ocrx_word' id='word_1_43' title='bbox 707 988 807 1042; x_wconf 89' lang='lat' dir='ltr'><strong>hac</strong></span> <span class='ocrx_word' id='word_1_44' title='bbox 833 997 1118 1058; x_wconf 70' lang='lat' dir='ltr'><strong>praesente,</strong></span> <span class='ocrx_word' id='word_1_45' title='bbox 1147 997 1198 1042; x_wconf 92' lang='lat' dir='ltr'><strong>et</strong></span> <span class='ocrx_word' id='word_1_46' title='bbox 1229 999 1440 1042; x_wconf 91' lang='lat' dir='ltr'><strong>sanctos</strong></span> <span class='ocrx_word' id='word_1_47' title='bbox 1467 995 1691 1041; x_wconf 91' lang='lat' dir='ltr'><strong>conatus</strong></span> <span class='ocrx_word' id='word_1_48' title='bbox 1713 1002 1838 1054; x_wconf 90' lang='lat' dir='ltr'><strong>pro-</strong></span> 
     </span>
    </p>
   </div>
   <div class='ocr_carea' id='block_1_8' title="bbox 259 1078 1838 1149">
    <p class='ocr_par' dir='ltr' id='par_1_8' title="bbox 259 1078 1838 1149">
     <span class='ocr_line' id='line_1_8' title="bbox 259 1078 1838 1149; baseline -0.003 -14"><span class='ocrx_word' id='word_1_49' title='bbox 259 1088 534 1147; x_wconf 84' lang='lat' dir='ltr'><strong>sequente,</strong></span> <span class='ocrx_word' id='word_1_50' title='bbox 587 1095 701 1134; x_wconf 91' lang='lat' dir='ltr'><strong>rem</strong></span> <span class='ocrx_word' id='word_1_51' title='bbox 747 1079 985 1149; x_wconf 79' lang='lat' dir='ltr'><strong>aggredi,</strong></span> <span class='ocrx_word' id='word_1_52' title='bbox 1030 1094 1201 1149; x_wconf 84' lang='lat' dir='ltr'><strong>genua</strong></span> <span class='ocrx_word' id='word_1_53' title='bbox 1248 1078 1495 1142; x_wconf 78' lang='lat' dir='ltr'><strong>flectere,</strong></span> <span class='ocrx_word' id='word_1_54' title='bbox 1533 1078 1838 1142; x_wconf 85' lang='lat' dir='ltr'><strong>obsecrare,</strong></span> 
     </span>
    </p>
   </div>
   <div class='ocr_carea' id='block_1_9' title="bbox 260 1167 1840 1242">
    <p class='ocr_par' dir='ltr' id='par_1_9' title="bbox 260 1167 1840 1242">
     <span class='ocr_line' id='line_1_9' title="bbox 260 1167 1840 1242; baseline -0.003 -16"><span class='ocrx_word' id='word_1_55' title='bbox 260 1172 483 1242; x_wconf 88' lang='lat' dir='ltr'><strong>precari.</strong></span> <span class='ocrx_word' id='word_1_56' title='bbox 507 1169 641 1224; x_wconf 92' lang='lat' dir='ltr'><strong>Cum</strong></span> <span class='ocrx_word' id='word_1_57' title='bbox 685 1171 828 1226; x_wconf 91' lang='lat' dir='ltr'><strong>enim</strong></span> <span class='ocrx_word' id='word_1_58' title='bbox 872 1185 960 1224; x_wconf 91' lang='lat' dir='ltr'><strong>res</strong></span> <span class='ocrx_word' id='word_1_59' title='bbox 1007 1171 1266 1224; x_wconf 88' lang='lat' dir='ltr'><strong>humanas</strong></span> <span class='ocrx_word' id='word_1_60' title='bbox 1311 1171 1466 1239; x_wconf 83' lang='lat' dir='ltr'><strong>longe</strong></span> <span class='ocrx_word' id='word_1_61' title='bbox 1511 1177 1728 1238; x_wconf 89' lang='lat' dir='ltr'><strong>superet</strong></span> <span class='ocrx_word' id='word_1_62' title='bbox 1754 1167 1840 1222; x_wconf 91' lang='lat' dir='ltr'><strong>di-</strong></span> 
     </span>
    </p>
   </div>
   <div class='ocr_carea' id='block_1_10' title="bbox 261 1257 1838 1331">
    <p class='ocr_par' dir='ltr' id='par_1_10' title="bbox 261 1257 1838 1331">
     <span class='ocr_line' id='line_1_10' title="bbox 261 1257 1838 1331; baseline -0.003 -15"><span class='ocrx_word' id='word_1_63' title='bbox 261 1265 414 1316; x_wconf 84' lang='lat' dir='ltr'><strong>vinus</strong></span> <span class='ocrx_word' id='word_1_64' title='bbox 440 1277 760 1330; x_wconf 86' lang='lat' dir='ltr'><strong>congressus</strong></span> <span class='ocrx_word' id='word_1_65' title='bbox 778 1304 792 1325; x_wconf 93' lang='lat'><strong>,</strong></span> <span class='ocrx_word' id='word_1_66' title='bbox 821 1261 1153 1331; x_wconf 88' lang='lat' dir='ltr'><strong>ingrediente</strong></span> <span class='ocrx_word' id='word_1_67' title='bbox 1184 1262 1237 1316; x_wconf 90' lang='lat' dir='ltr'><strong>in</strong></span> <span class='ocrx_word' id='word_1_68' title='bbox 1269 1276 1368 1315; x_wconf 94' lang='lat' dir='ltr'><strong>nos</strong></span> <span class='ocrx_word' id='word_1_69' title='bbox 1395 1261 1626 1330; x_wconf 89' lang='lat' dir='ltr'><strong>Spiritus</strong></span> <span class='ocrx_word' id='word_1_70' title='bbox 1669 1257 1838 1313; x_wconf 88' lang='lat' dir='ltr'><strong>sancti</strong></span> 
     </span>
    </p>
   </div>
   <div class='ocr_carea' id='block_1_11' title="bbox 259 1350 1842 1422">
    <p class='ocr_par' dir='ltr' id='par_1_11' title="bbox 259 1350 1842 1422">
     <span class='ocr_line' id='line_1_11' title="bbox 259 1350 1842 1422; baseline -0.003 -15"><span class='ocrx_word' id='word_1_71' title='bbox 259 1354 446 1422; x_wconf 85' lang='lat' dir='ltr'><strong>gratia,</strong></span> <span class='ocrx_word' id='word_1_72' title='bbox 476 1352 860 1406; x_wconf 87' lang='lat' dir='ltr'><strong>conlirtnemur</strong></span> <span class='ocrx_word' id='word_1_73' title='bbox 880 1393 894 1416; x_wconf 97' lang='lat'><strong>,</strong></span> <span class='ocrx_word' id='word_1_74' title='bbox 923 1353 1357 1418; x_wconf 89' lang='lat' dir='ltr'><strong>corroborcmur,</strong></span> <span class='ocrx_word' id='word_1_75' title='bbox 1390 1351 1610 1404; x_wconf 84' lang='lat' dir='ltr'><strong>honoris</strong></span> <span class='ocrx_word' id='word_1_76' title='bbox 1638 1350 1842 1418; x_wconf 89' lang='lat' dir='ltr'><strong>magni-</strong></span> 
     </span>
    </p>
   </div>
   <div class='ocr_carea' id='block_1_12' title="bbox 262 1441 1842 1512">
    <p class='ocr_par' dir='ltr' id='par_1_12' title="bbox 262 1441 1842 1512">
     <span class='ocr_line' id='line_1_12' title="bbox 262 1441 1842 1512; baseline -0.004 -12"><span class='ocrx_word' id='word_1_77' title='bbox 262 1444 494 1500; x_wconf 83' lang='lat' dir='ltr'><strong>tudinem</strong></span> <span class='ocrx_word' id='word_1_78' title='bbox 519 1443 828 1509; x_wconf 82' lang='lat' dir='ltr'><strong>doceamur,</strong></span> <span class='ocrx_word' id='word_1_79' title='bbox 855 1459 1074 1498; x_wconf 88' lang='lat' dir='ltr'><strong>necesse</strong></span> <span class='ocrx_word' id='word_1_80' title='bbox 1099 1453 1202 1498; x_wconf 90' lang='lat' dir='ltr'><strong>est.</strong></span> <span class='ocrx_word' id='word_1_81' title='bbox 1232 1444 1414 1512; x_wconf 81' lang='lat' dir='ltr'><strong>Itaque</strong></span> <span class='ocrx_word' id='word_1_82' title='bbox 1451 1458 1572 1497; x_wconf 91' lang='lat' dir='ltr'><strong>cum</strong></span> <span class='ocrx_word' id='word_1_83' title='bbox 1599 1441 1692 1496; x_wconf 83' lang='lat' dir='ltr'><strong>tibi</strong></span> <span class='ocrx_word' id='word_1_84' title='bbox 1720 1455 1842 1494; x_wconf 87' lang='lat' dir='ltr'><strong>esse</strong></span> 
     </span>
    </p>
   </div>
   <div class='ocr_carea' id='block_1_13' title="bbox 259 1534 1840 1602">
    <p class='ocr_par' dir='ltr' id='par_1_13' title="bbox 259 1534 1840 1602">
     <span class='ocr_line' id='line_1_13' title="bbox 259 1534 1840 1602; baseline -0.003 -13"><span class='ocrx_word' id='word_1_85' title='bbox 259 1551 377 1589; x_wconf 88' lang='lat' dir='ltr'><strong>cum</strong></span> <span class='ocrx_word' id='word_1_86' title='bbox 417 1535 529 1588; x_wconf 90' lang='lat' dir='ltr'><strong>Deo</strong></span> <span class='ocrx_word' id='word_1_87' title='bbox 566 1549 876 1588; x_wconf 84' lang='lat' dir='ltr'><strong>sermonem</strong></span> <span class='ocrx_word' id='word_1_88' title='bbox 927 1534 1285 1599; x_wconf 79' lang='lat' dir='ltr'><strong>intellexeris,</strong></span> <span class='ocrx_word' id='word_1_89' title='bbox 1338 1543 1495 1602; x_wconf 90' lang='lat' dir='ltr'><strong>teque</strong></span> <span class='ocrx_word' id='word_1_90' title='bbox 1535 1541 1840 1601; x_wconf 87' lang='lat' dir='ltr'><strong>precantem</strong></span> 
     </span>
    </p>
   </div>
   <div class='ocr_carea' id='block_1_14' title="bbox 261 1623 1842 1696">
    <p class='ocr_par' dir='ltr' id='par_1_14' title="bbox 261 1623 1842 1696">
     <span class='ocr_line' id='line_1_14' title="bbox 261 1623 1842 1696; baseline -0.004 -15"><span class='ocrx_word' id='word_1_91' title='bbox 261 1627 427 1681; x_wconf 87' lang='lat' dir='ltr'><strong>sancti</strong></span> <span class='ocrx_word' id='word_1_92' title='bbox 459 1627 693 1694; x_wconf 83' lang='lat' dir='ltr'><strong>Spiritus</strong></span> <span class='ocrx_word' id='word_1_93' title='bbox 723 1641 878 1696; x_wconf 89' lang='lat' dir='ltr'><strong>opem</strong></span> <span class='ocrx_word' id='word_1_94' title='bbox 905 1626 1174 1695; x_wconf 83' lang='lat' dir='ltr'><strong>excipere,</strong></span> <span class='ocrx_word' id='word_1_95' title='bbox 1208 1640 1398 1679; x_wconf 88' lang='lat' dir='ltr'><strong>omnes</strong></span> <span class='ocrx_word' id='word_1_96' title='bbox 1425 1627 1601 1679; x_wconf 86' lang='lat' dir='ltr'><strong>aditus</strong></span> <span class='ocrx_word' id='word_1_97' title='bbox 1628 1623 1842 1677; x_wconf 85' lang='lat' dir='ltr'><strong>diabolo</strong></span> 
     </span>
    </p>
   </div>
   <div class='ocr_carea' id='block_1_15' title="bbox 260 1718 1838 1788">
    <p class='ocr_par' dir='ltr' id='par_1_15' title="bbox 260 1718 1838 1788">
     <span class='ocr_line' id='line_1_15' title="bbox 260 1718 1838 1788; baseline -0.002 -15"><span class='ocrx_word' id='word_1_98' title='bbox 260 1721 310 1773; x_wconf 89' lang='lat' dir='ltr'><strong>in</strong></span> <span class='ocrx_word' id='word_1_99' title='bbox 341 1719 575 1773; x_wconf 91' lang='lat' dir='ltr'><strong>animum</strong></span> <span class='ocrx_word' id='word_1_100' title='bbox 603 1719 712 1787; x_wconf 89' lang='lat' dir='ltr'><strong>jam</strong></span> <span class='ocrx_word' id='word_1_101' title='bbox 740 1736 768 1770; x_wconf 90' lang='lat' dir='ltr'><strong>a</strong></span> <span class='ocrx_word' id='word_1_102' title='bbox 801 1719 1003 1788; x_wconf 92' lang='lat' dir='ltr'><strong>Spiritu</strong></span> <span class='ocrx_word' id='word_1_103' title='bbox 1061 1720 1446 1773; x_wconf 77' lang='lat' dir='ltr'><strong>sanctificatum</strong></span> <span class='ocrx_word' id='word_1_104' title='bbox 1493 1718 1838 1772; x_wconf 88' lang='lat' dir='ltr'><strong>intercludes.</strong></span> 
     </span>
    </p>
   </div>
   <div class='ocr_carea' id='block_1_16' title="bbox 260 1806 1840 1878">
    <p class='ocr_par' dir='ltr' id='par_1_16' title="bbox 260 1806 1840 1878">
     <span class='ocr_line' id='line_1_16' title="bbox 260 1806 1840 1878; baseline -0.001 -16"><span class='ocrx_word' id='word_1_105' title='bbox 260 1809 326 1863; x_wconf 90' lang='lat' dir='ltr'><strong>Ut</strong></span> <span class='ocrx_word' id='word_1_106' title='bbox 352 1810 494 1862; x_wconf 91' lang='lat' dir='ltr'><strong>enim</strong></span> <span class='ocrx_word' id='word_1_107' title='bbox 525 1810 615 1878; x_wconf 88' lang='lat' dir='ltr'><strong>qui</strong></span> <span class='ocrx_word' id='word_1_108' title='bbox 646 1818 772 1862; x_wconf 91' lang='lat' dir='ltr'><strong>sunt</strong></span> <span class='ocrx_word' id='word_1_109' title='bbox 803 1823 924 1862; x_wconf 93' lang='lat' dir='ltr'><strong>cum</strong></span> <span class='ocrx_word' id='word_1_110' title='bbox 961 1823 1088 1878; x_wconf 84' lang='lat' dir='ltr'><strong>rege</strong></span> <span class='ocrx_word' id='word_1_111' title='bbox 1123 1808 1414 1878; x_wconf 91' lang='lat' dir='ltr'><strong>colloquuti</strong></span> <span class='ocrx_word' id='word_1_112' title='bbox 1435 1848 1451 1874; x_wconf 95' lang='lat'><strong>,</strong></span> <span class='ocrx_word' id='word_1_113' title='bbox 1480 1817 1536 1861; x_wconf 89' lang='lat' dir='ltr'><strong>et</strong></span> <span class='ocrx_word' id='word_1_114' title='bbox 1569 1807 1710 1862; x_wconf 91' lang='lat' dir='ltr'><strong>illius</strong></span> <span class='ocrx_word' id='word_1_115' title='bbox 1736 1806 1840 1860; x_wconf 90' lang='lat' dir='ltr'><strong>bu-</strong></span> 
     </span>
    </p>
   </div>
   <div class='ocr_carea' id='block_1_17' title="bbox 261 1899 1840 1970">
    <p class='ocr_par' dir='ltr' id='par_1_17' title="bbox 261 1899 1840 1970">
     <span class='ocr_line' id='line_1_17' title="bbox 261 1899 1840 1970; baseline -0.001 -16"><span class='ocrx_word' id='word_1_116' title='bbox 261 1901 551 1964; x_wconf 89' lang='lat' dir='ltr'><strong>manitatis,</strong></span> <span class='ocrx_word' id='word_1_117' title='bbox 597 1899 896 1966; x_wconf 81' lang='lat' dir='ltr'><strong>facilitatis,</strong></span> <span class='ocrx_word' id='word_1_118' title='bbox 939 1899 1159 1954; x_wconf 90' lang='lat' dir='ltr'><strong>honoris</strong></span> <span class='ocrx_word' id='word_1_119' title='bbox 1195 1900 1424 1955; x_wconf 85' lang='lat' dir='ltr'><strong>fructum</strong></span> <span class='ocrx_word' id='word_1_120' title='bbox 1467 1908 1756 1970; x_wconf 91' lang='lat' dir='ltr'><strong>ceperunt,</strong></span> <span class='ocrx_word' id='word_1_121' title='bbox 1809 1914 1840 1952; x_wconf 90' lang='lat' dir='ltr'><strong>a</strong></span> 
     </span>
    </p>
   </div>
   <div class='ocr_carea' id='block_1_18' title="bbox 259 1991 1842 2061">
    <p class='ocr_par' dir='ltr' id='par_1_18' title="bbox 259 1991 1842 2061">
     <span class='ocr_line' id='line_1_18' title="bbox 259 1991 1842 2061; baseline -0.001 -15"><span class='ocrx_word' id='word_1_122' title='bbox 259 1991 624 2047; x_wconf 87' lang='lat' dir='ltr'><strong>mendicorum</strong></span> <span class='ocrx_word' id='word_1_123' title='bbox 661 1991 1101 2061; x_wconf 87' lang='lat' dir='ltr'><strong>abjectorumque</strong></span> <span class='ocrx_word' id='word_1_124' title='bbox 1128 1991 1402 2046; x_wconf 89' lang='lat' dir='ltr'><strong>hominum</strong></span> <span class='ocrx_word' id='word_1_125' title='bbox 1431 2006 1721 2060; x_wconf 87' lang='lat' dir='ltr'><strong>congressu</strong></span> <span class='ocrx_word' id='word_1_126' title='bbox 1747 1991 1842 2045; x_wconf 89' lang='lat' dir='ltr'><strong>ab-</strong></span> 
     </span>
    </p>
   </div>
   <div class='ocr_carea' id='block_1_19' title="bbox 259 2084 1838 2153">
    <p class='ocr_par' dir='ltr' id='par_1_19' title="bbox 259 2084 1838 2153">
     <span class='ocr_line' id='line_1_19' title="bbox 259 2084 1838 2153; baseline -0.001 -16"><span class='ocrx_word' id='word_1_127' title='bbox 259 2084 474 2139; x_wconf 79' lang='lat' dir='ltr'><strong>horrent</strong></span> <span class='ocrx_word' id='word_1_128' title='bbox 509 2102 523 2138; x_wconf 88' lang='lat'><strong><em>:</em></strong></span> <span class='ocrx_word' id='word_1_129' title='bbox 555 2085 626 2139; x_wconf 90' lang='lat' dir='ltr'><strong>ita</strong></span> <span class='ocrx_word' id='word_1_130' title='bbox 654 2086 743 2152; x_wconf 86' lang='lat' dir='ltr'><strong>qui</strong></span> <span class='ocrx_word' id='word_1_131' title='bbox 786 2085 952 2138; x_wconf 91' lang='lat' dir='ltr'><strong>Deum</strong></span> <span class='ocrx_word' id='word_1_132' title='bbox 991 2084 1297 2153; x_wconf 89' lang='lat' dir='ltr'><strong>alloquutus</strong></span> <span class='ocrx_word' id='word_1_133' title='bbox 1329 2092 1684 2152; x_wconf 87' lang='lat' dir='ltr'><strong>precatusque</strong></span> <span class='ocrx_word' id='word_1_134' title='bbox 1723 2092 1838 2149; x_wconf 65' lang='lat' dir='ltr'><strong>est,</strong></span> 
     </span>
    </p>
   </div>
   <div class='ocr_carea' id='block_1_20' title="bbox 257 2176 1842 2247">
    <p class='ocr_par' dir='ltr' id='par_1_20' title="bbox 257 2176 1842 2247">
     <span class='ocr_line' id='line_1_20' title="bbox 257 2176 1842 2247; baseline -0.001 -17"><span class='ocrx_word' id='word_1_135' title='bbox 257 2177 441 2232; x_wconf 82' lang='lat' dir='ltr'><strong>adduci</strong></span> <span class='ocrx_word' id='word_1_136' title='bbox 476 2195 585 2232; x_wconf 92' lang='lat' dir='ltr'><strong>non</strong></span> <span class='ocrx_word' id='word_1_137' title='bbox 614 2177 765 2232; x_wconf 88' lang='lat' dir='ltr'><strong>facile</strong></span> <span class='ocrx_word' id='word_1_138' title='bbox 807 2177 1021 2247; x_wconf 88' lang='lat' dir='ltr'><strong>poterit,</strong></span> <span class='ocrx_word' id='word_1_139' title='bbox 1052 2185 1110 2230; x_wconf 92' lang='lat' dir='ltr'><strong>ut</strong></span> <span class='ocrx_word' id='word_1_140' title='bbox 1134 2178 1434 2244; x_wconf 89' lang='lat' dir='ltr'><strong>improbum</strong></span> <span class='ocrx_word' id='word_1_141' title='bbox 1459 2176 1758 2234; x_wconf 68' lang='lat' dir='ltr'><strong>daemonem</strong></span> <span class='ocrx_word' id='word_1_142' title='bbox 1787 2183 1842 2230; x_wconf 91' lang='lat' dir='ltr'><strong>et</strong></span> 
     </span>
    </p>
   </div>
   <div class='ocr_carea' id='block_1_21' title="bbox 258 2267 1838 2338">
    <p class='ocr_par' dir='ltr' id='par_1_21' title="bbox 258 2267 1838 2338">
     <span class='ocr_line' id='line_1_21' title="bbox 258 2267 1838 2338; baseline -0.003 -15"><span class='ocrx_word' id='word_1_143' title='bbox 258 2271 474 2338; x_wconf 91' lang='lat' dir='ltr'><strong>impium</strong></span> <span class='ocrx_word' id='word_1_144' title='bbox 525 2271 577 2322; x_wconf 93' lang='lat' dir='ltr'><strong>in</strong></span> <span class='ocrx_word' id='word_1_145' title='bbox 626 2284 774 2322; x_wconf 89' lang='lat' dir='ltr'><strong>suam</strong></span> <span class='ocrx_word' id='word_1_146' title='bbox 821 2269 1046 2338; x_wconf 88' lang='lat' dir='ltr'><strong>recipiat</strong></span> <span class='ocrx_word' id='word_1_147' title='bbox 1100 2267 1573 2322; x_wconf 89' lang='lat' dir='ltr'><strong>necessitudinem.</strong></span> <span class='ocrx_word' id='word_1_148' title='bbox 1624 2267 1838 2320; x_wconf 82' lang='lat' dir='ltr'><strong>Etenim</strong></span> 
     </span>
    </p>
   </div>
   <div class='ocr_carea' id='block_1_22' title="bbox 257 2357 1840 2430">
    <p class='ocr_par' dir='ltr' id='par_1_22' title="bbox 257 2357 1840 2430">
     <span class='ocr_line' id='line_1_22' title="bbox 257 2357 1840 2430; baseline -0.003 -15"><span class='ocrx_word' id='word_1_149' title='bbox 257 2363 344 2430; x_wconf 87' lang='lat' dir='ltr'><strong>qui</strong></span> <span class='ocrx_word' id='word_1_150' title='bbox 370 2377 427 2415; x_wconf 85' lang='lat' dir='ltr'><strong>se</strong></span> <span class='ocrx_word' id='word_1_151' title='bbox 461 2362 825 2429; x_wconf 69' lang='lat' dir='ltr'><strong>Voluptatibus</strong></span> <span class='ocrx_word' id='word_1_152' title='bbox 852 2361 1144 2429; x_wconf 85' lang='lat' dir='ltr'><strong>mancipat,</strong></span> <span class='ocrx_word' id='word_1_153' title='bbox 1187 2360 1233 2413; x_wconf 90' lang='lat' dir='ltr'><strong>is</strong></span> <span class='ocrx_word' id='word_1_154' title='bbox 1269 2373 1454 2413; x_wconf 82' lang='lat' dir='ltr'><strong>revera</strong></span> <span class='ocrx_word' id='word_1_155' title='bbox 1505 2357 1840 2412; x_wconf 77' lang='lat' dir='ltr'><strong>dzemonibus</strong></span> 
     </span>
    </p>
   </div>
   <div class='ocr_carea' id='block_1_23' title="bbox 262 2450 1841 2520">
    <p class='ocr_par' dir='ltr' id='par_1_23' title="bbox 262 2450 1841 2520">
     <span class='ocr_line' id='line_1_23' title="bbox 262 2450 1841 2520; baseline -0.002 -16"><span class='ocrx_word' id='word_1_156' title='bbox 262 2451 597 2507; x_wconf 80' lang='lat' dir='ltr'><strong>faiuiliariter</strong></span> <span class='ocrx_word' id='word_1_157' title='bbox 620 2454 804 2516; x_wconf 91' lang='lat' dir='ltr'><strong>utitur,</strong></span> <span class='ocrx_word' id='word_1_158' title='bbox 834 2467 1127 2520; x_wconf 89' lang='lat' dir='ltr'><strong>eorumque</strong></span> <span class='ocrx_word' id='word_1_159' title='bbox 1154 2451 1414 2504; x_wconf 88' lang='lat' dir='ltr'><strong>insaniam</strong></span> <span class='ocrx_word' id='word_1_160' title='bbox 1443 2450 1725 2504; x_wconf 73' lang='lat' dir='ltr'><strong>remulatur</strong></span> <span class='ocrx_word' id='word_1_161' title='bbox 1744 2489 1758 2512; x_wconf 98' lang='lat'><strong>,</strong></span> <span class='ocrx_word' id='word_1_162' title='bbox 1783 2461 1841 2502; x_wconf 87' lang='lat' dir='ltr'><strong>ut</strong></span> 
     </span>
    </p>
   </div>
   <div class='ocr_carea' id='block_1_24' title="bbox 255 2541 1840 2612">
    <p class='ocr_par' dir='ltr' id='par_1_24' title="bbox 255 2541 1840 2612">
     <span class='ocr_line' id='line_1_24' title="bbox 255 2541 1840 2612; baseline 0 -18"><span class='ocrx_word' id='word_1_163' title='bbox 255 2556 434 2596; x_wconf 88' lang='lat' dir='ltr'><strong>contra</strong></span> <span class='ocrx_word' id='word_1_164' title='bbox 461 2546 530 2607; x_wconf 88' lang='lat' dir='ltr'><strong>is,</strong></span> <span class='ocrx_word' id='word_1_165' title='bbox 555 2543 646 2612; x_wconf 85' lang='lat' dir='ltr'><strong>qui</strong></span> <span class='ocrx_word' id='word_1_166' title='bbox 669 2543 1077 2612; x_wconf 89' lang='lat' dir='ltr'><strong>temperantiam</strong></span> <span class='ocrx_word' id='word_1_167' title='bbox 1100 2551 1154 2596; x_wconf 90' lang='lat' dir='ltr'><strong>et</strong></span> <span class='ocrx_word' id='word_1_168' title='bbox 1175 2541 1436 2610; x_wconf 86' lang='lat' dir='ltr'><strong>justitiam</strong></span> <span class='ocrx_word' id='word_1_169' title='bbox 1461 2541 1610 2604; x_wconf 90' lang='lat' dir='ltr'><strong>colit,</strong></span> <span class='ocrx_word' id='word_1_170' title='bbox 1632 2541 1840 2609; x_wconf 83' lang='lat' dir='ltr'><strong>angelis</strong></span> 
     </span>
    </p>
   </div>
   <div class='ocr_carea' id='block_1_25' title="bbox 255 2632 1833 2701">
    <p class='ocr_par' dir='ltr' id='par_1_25' title="bbox 255 2632 1833 2701">
     <span class='ocr_line' id='line_1_25' title="bbox 255 2632 1833 2701; baseline -0.001 -15"><span class='ocrx_word' id='word_1_171' title='bbox 255 2632 531 2688; x_wconf 89' lang='lat' dir='ltr'><strong>familiaris</strong></span> <span class='ocrx_word' id='word_1_172' title='bbox 554 2634 802 2694; x_wconf 76' lang='lat' dir='ltr'><strong>efﬁcitur,</strong></span> <span class='ocrx_word' id='word_1_173' title='bbox 824 2643 877 2686; x_wconf 93' lang='lat' dir='ltr'><strong>et</strong></span> <span class='ocrx_word' id='word_1_174' title='bbox 903 2649 1088 2687; x_wconf 86' lang='lat' dir='ltr'><strong>eorum</strong></span> <span class='ocrx_word' id='word_1_175' title='bbox 1106 2633 1508 2701; x_wconf 86' lang='lat' dir='ltr'><strong>amplitudinem</strong></span> <span class='ocrx_word' id='word_1_176' title='bbox 1533 2632 1833 2685; x_wconf 72' lang='lat' dir='ltr'><strong>:emnlatur.</strong></span> 
     </span>
    </p>
   </div>
   <div class='ocr_carea' id='block_1_26' title="bbox 255 2723 1838 2795">
    <p class='ocr_par' dir='ltr' id='par_1_26' title="bbox 255 2723 1838 2795">
     <span class='ocr_line' id='line_1_26' title="bbox 255 2723 1838 2795; baseline -0.003 -15"><span class='ocrx_word' id='word_1_177' title='bbox 255 2725 400 2791; x_wconf 82' lang='lat' dir='ltr'><strong>Quod</strong></span> <span class='ocrx_word' id='word_1_178' title='bbox 431 2727 475 2781; x_wconf 92' lang='lat' dir='ltr'><strong>si</strong></span> <span class='ocrx_word' id='word_1_179' title='bbox 505 2727 625 2795; x_wconf 88' lang='lat' dir='ltr'><strong>quis</strong></span> <span class='ocrx_word' id='word_1_180' title='bbox 651 2726 818 2780; x_wconf 88' lang='lat' dir='ltr'><strong>animi</strong></span> <span class='ocrx_word' id='word_1_181' title='bbox 849 2740 1042 2779; x_wconf 81' lang='lat' dir='ltr'><strong>nervos</strong></span> <span class='ocrx_word' id='word_1_182' title='bbox 1074 2739 1258 2793; x_wconf 88' lang='lat' dir='ltr'><strong>preces</strong></span> <span class='ocrx_word' id='word_1_183' title='bbox 1286 2723 1666 2792; x_wconf 88' lang='lat' dir='ltr'><strong>appellaverit,</strong></span> <span class='ocrx_word' id='word_1_184' title='bbox 1709 2723 1838 2776; x_wconf 90' lang='lat' dir='ltr'><strong>mihi</strong></span> 
     </span>
    </p>
   </div>
   <div class='ocr_carea' id='block_1_27' title="bbox 259 2817 1834 2884">
    <p class='ocr_par' dir='ltr' id='par_1_27' title="bbox 259 2817 1834 2884">
     <span class='ocr_line' id='line_1_27' title="bbox 259 2817 1834 2884; baseline -0.002 -14"><span class='ocrx_word' id='word_1_185' title='bbox 259 2819 490 2884; x_wconf 83' lang='lat' dir='ltr'><strong>profecto</strong></span> <span class='ocrx_word' id='word_1_186' title='bbox 535 2833 662 2873; x_wconf 86' lang='lat' dir='ltr'><strong>vere</strong></span> <span class='ocrx_word' id='word_1_187' title='bbox 715 2819 896 2872; x_wconf 85' lang='lat' dir='ltr'><strong>dicere</strong></span> <span class='ocrx_word' id='word_1_188' title='bbox 941 2817 1201 2870; x_wconf 91' lang='lat' dir='ltr'><strong>videatur.</strong></span> <span class='ocrx_word' id='word_1_189' title='bbox 1249 2817 1460 2870; x_wconf 88' lang='lat' dir='ltr'><strong>Etenim</strong></span> <span class='ocrx_word' id='word_1_190' title='bbox 1510 2824 1568 2870; x_wconf 92' lang='lat' dir='ltr'><strong>ut</strong></span> <span class='ocrx_word' id='word_1_191' title='bbox 1603 2831 1834 2884; x_wconf 89' lang='lat' dir='ltr'><strong>corpus,</strong></span> 
     </span>
    </p>
   </div>
   <div class='ocr_carea' id='block_1_28' title="bbox 255 2909 1834 2978">
    <p class='ocr_par' dir='ltr' id='par_1_28' title="bbox 255 2909 1834 2978">
     <span class='ocr_line' id='line_1_28' title="bbox 255 2909 1834 2978; baseline 0.001 -18"><span class='ocrx_word' id='word_1_192' title='bbox 255 2911 470 2978; x_wconf 84' lang='lat' dir='ltr'><strong>opinor,</strong></span> <span class='ocrx_word' id='word_1_193' title='bbox 527 2925 811 2964; x_wconf 85' lang='lat' dir='ltr'><strong>nervorum</strong></span> <span class='ocrx_word' id='word_1_194' title='bbox 863 2909 1125 2964; x_wconf 89' lang='lat' dir='ltr'><strong>benelicio</strong></span> <span class='ocrx_word' id='word_1_195' title='bbox 1167 2917 1409 2973; x_wconf 89' lang='lat' dir='ltr'><strong>constat,</strong></span> <span class='ocrx_word' id='word_1_196' title='bbox 1459 2910 1647 2974; x_wconf 90' lang='lat' dir='ltr'><strong>currit,</strong></span> <span class='ocrx_word' id='word_1_197' title='bbox 1694 2918 1834 2972; x_wconf 80' lang='lat' dir='ltr'><strong>stat,</strong></span> 
     </span>
    </p>
   </div>
   <div class='ocr_carea' id='block_1_29' title="bbox 256 3002 1837 3073">
    <p class='ocr_par' dir='ltr' id='par_1_29' title="bbox 256 3002 1837 3073">
     <span class='ocr_line' id='line_1_29' title="bbox 256 3002 1837 3073; baseline 0.001 -21"><span class='ocrx_word' id='word_1_198' title='bbox 256 3003 397 3064; x_wconf 74' lang='lat' dir='ltr'><strong>vivit,</strong></span> <span class='ocrx_word' id='word_1_199' title='bbox 429 3013 880 3073; x_wconf 88' lang='lat' dir='ltr'><strong>compactumque</strong></span> <span class='ocrx_word' id='word_1_200' title='bbox 907 3011 1026 3066; x_wconf 89' lang='lat' dir='ltr'><strong>est,</strong></span> <span class='ocrx_word' id='word_1_201' title='bbox 1058 3003 1230 3072; x_wconf 87' lang='lat' dir='ltr'><strong>iisque</strong></span> <span class='ocrx_word' id='word_1_202' title='bbox 1260 3002 1469 3067; x_wconf 91' lang='lat' dir='ltr'><strong>incisis,</strong></span> <span class='ocrx_word' id='word_1_203' title='bbox 1503 3017 1692 3056; x_wconf 87' lang='lat' dir='ltr'><strong>omnes</strong></span> <span class='ocrx_word' id='word_1_204' title='bbox 1713 3017 1837 3056; x_wconf 88' lang='lat' dir='ltr'><strong>cor-</strong></span> 
     </span>
    </p>
   </div>
   <div class='ocr_carea' id='block_1_30' title="bbox 258 3093 1838 3162">
    <p class='ocr_par' dir='ltr' id='par_1_30' title="bbox 258 3093 1838 3162">
     <span class='ocr_line' id='line_1_30' title="bbox 258 3093 1838 3162; baseline 0.003 -21"><span class='ocrx_word' id='word_1_205' title='bbox 258 3094 394 3158; x_wconf 91' lang='lat' dir='ltr'><strong>poris</strong></span> <span class='ocrx_word' id='word_1_206' title='bbox 445 3094 658 3148; x_wconf 90' lang='lat' dir='ltr'><strong>numeri</strong></span> <span class='ocrx_word' id='word_1_207' title='bbox 710 3093 1228 3148; x_wconf 79' lang='lat' dir='ltr'><strong>dissolvunturzsic</strong></span> <span class='ocrx_word' id='word_1_208' title='bbox 1265 3093 1429 3148; x_wconf 88' lang='lat' dir='ltr'><strong>animi</strong></span> <span class='ocrx_word' id='word_1_209' title='bbox 1479 3110 1576 3162; x_wconf 89' lang='lat' dir='ltr'><strong>per</strong></span> <span class='ocrx_word' id='word_1_210' title='bbox 1627 3105 1838 3147; x_wconf 88' lang='lat' dir='ltr'><strong>sanctas</strong></span> 
     </span>
    </p>
   </div>
   <div class='ocr_carea' id='block_1_31' title="bbox 258 3186 1840 3254">
    <p class='ocr_par' dir='ltr' id='par_1_31' title="bbox 258 3186 1840 3254">
     <span class='ocr_line' id='line_1_31' title="bbox 258 3186 1840 3254; baseline 0.001 -17"><span class='ocrx_word' id='word_1_211' title='bbox 258 3201 436 3252; x_wconf 87' lang='lat' dir='ltr'><strong>preces</strong></span> <span class='ocrx_word' id='word_1_212' title='bbox 464 3196 521 3241; x_wconf 90' lang='lat' dir='ltr'><strong>et</strong></span> <span class='ocrx_word' id='word_1_213' title='bbox 550 3186 1004 3254; x_wconf 82' lang='lat' dir='ltr'><strong>conglutinantur,</strong></span> <span class='ocrx_word' id='word_1_214' title='bbox 1027 3195 1080 3240; x_wconf 91' lang='lat' dir='ltr'><strong>et</strong></span> <span class='ocrx_word' id='word_1_215' title='bbox 1109 3194 1378 3249; x_wconf 88' lang='lat' dir='ltr'><strong>constant,</strong></span> <span class='ocrx_word' id='word_1_216' title='bbox 1400 3200 1722 3254; x_wconf 87' lang='lat' dir='ltr'><strong>cursumque</strong></span> <span class='ocrx_word' id='word_1_217' title='bbox 1745 3186 1840 3239; x_wconf 85' lang='lat' dir='ltr'><strong>ha-</strong></span> 
     </span>
    </p>
   </div>
   <div class='ocr_carea' id='block_1_32' title="bbox 257 3275 1835 3347">
    <p class='ocr_par' dir='ltr' id='par_1_32' title="bbox 257 3275 1835 3347">
     <span class='ocr_line' id='line_1_32' title="bbox 257 3275 1835 3347; baseline -0.001 -16"><span class='ocrx_word' id='word_1_218' title='bbox 257 3275 379 3331; x_wconf 84' lang='lat' dir='ltr'><strong>bent</strong></span> <span class='ocrx_word' id='word_1_219' title='bbox 407 3278 624 3347; x_wconf 91' lang='lat' dir='ltr'><strong>pietatis</strong></span> <span class='ocrx_word' id='word_1_220' title='bbox 652 3277 863 3332; x_wconf 82' lang='lat' dir='ltr'><strong>facilem</strong></span> <span class='ocrx_word' id='word_1_221' title='bbox 891 3292 954 3330; x_wconf 88' lang='lat' dir='ltr'><strong>ac</strong></span> <span class='ocrx_word' id='word_1_222' title='bbox 974 3276 1291 3332; x_wconf 90' lang='lat' dir='ltr'><strong>secundum.</strong></span> <span class='ocrx_word' id='word_1_223' title='bbox 1319 3276 1474 3342; x_wconf 84' lang='lat' dir='ltr'><strong>Quod</strong></span> <span class='ocrx_word' id='word_1_224' title='bbox 1505 3278 1550 3330; x_wconf 89' lang='lat' dir='ltr'><strong>si</strong></span> <span class='ocrx_word' id='word_1_225' title='bbox 1579 3287 1631 3330; x_wconf 91' lang='lat' dir='ltr'><strong>te</strong></span> <span class='ocrx_word' id='word_1_226' title='bbox 1663 3279 1835 3344; x_wconf 83' lang='lat' dir='ltr'><strong>ipsum</strong></span> 
     </span>
    </p>
   </div>
   <div class='ocr_carea' id='block_1_33' title="bbox 259 3365 1835 3435">
    <p class='ocr_par' dir='ltr' id='par_1_33' title="bbox 259 3365 1835 3435">
     <span class='ocr_line' id='line_1_33' title="bbox 259 3365 1835 3435; baseline 0.001 -17"><span class='ocrx_word' id='word_1_227' title='bbox 259 3369 562 3431; x_wconf 82' lang='lat' dir='ltr'><strong>precatione</strong></span> <span class='ocrx_word' id='word_1_228' title='bbox 607 3367 942 3435; x_wconf 86' lang='lat' dir='ltr'><strong>spoliaveris,</strong></span> <span class='ocrx_word' id='word_1_229' title='bbox 973 3366 1195 3434; x_wconf 88' lang='lat' dir='ltr'><strong>perinde</strong></span> <span class='ocrx_word' id='word_1_230' title='bbox 1238 3365 1448 3430; x_wconf 86' lang='lat' dir='ltr'><strong>feceris,</strong></span> <span class='ocrx_word' id='word_1_231' title='bbox 1479 3381 1539 3419; x_wconf 89' lang='lat' dir='ltr'><strong>ac</strong></span> <span class='ocrx_word' id='word_1_232' title='bbox 1568 3368 1611 3418; x_wconf 88' lang='lat' dir='ltr'><strong>si</strong></span> <span class='ocrx_word' id='word_1_233' title='bbox 1639 3368 1835 3434; x_wconf 85' lang='lat' dir='ltr'><strong>piscem</strong></span> 
     </span>
    </p>
   </div>
   <div class='ocr_carea' id='block_1_34' title="bbox 255 3457 1836 3526">
    <p class='ocr_par' dir='ltr' id='par_1_34' title="bbox 255 3457 1836 3526">
     <span class='ocr_line' id='line_1_34' title="bbox 255 3457 1836 3526; baseline 0.002 -18"><span class='ocrx_word' id='word_1_234' title='bbox 255 3471 315 3509; x_wconf 85' lang='lat' dir='ltr'><strong>ex</strong></span> <span class='ocrx_word' id='word_1_235' title='bbox 353 3460 504 3525; x_wconf 88' lang='lat' dir='ltr'><strong>aquis</strong></span> <span class='ocrx_word' id='word_1_236' title='bbox 532 3459 866 3512; x_wconf 83' lang='lat' dir='ltr'><strong>extraxeris:</strong></span> <span class='ocrx_word' id='word_1_237' title='bbox 902 3466 960 3510; x_wconf 90' lang='lat' dir='ltr'><strong>ttt</strong></span> <span class='ocrx_word' id='word_1_238' title='bbox 994 3458 1135 3511; x_wconf 90' lang='lat' dir='ltr'><strong>enim</strong></span> <span class='ocrx_word' id='word_1_239' title='bbox 1183 3457 1268 3510; x_wconf 93' lang='lat' dir='ltr'><strong>hic</strong></span> <span class='ocrx_word' id='word_1_240' title='bbox 1316 3473 1452 3526; x_wconf 90' lang='lat' dir='ltr'><strong>aqua</strong></span> <span class='ocrx_word' id='word_1_241' title='bbox 1484 3459 1638 3520; x_wconf 82' lang='lat' dir='ltr'><strong>vivit,</strong></span> <span class='ocrx_word' id='word_1_242' title='bbox 1665 3460 1743 3511; x_wconf 90' lang='lat' dir='ltr'><strong>sic</strong></span> <span class='ocrx_word' id='word_1_243' title='bbox 1784 3472 1836 3511; x_wconf 90' lang='lat' dir='ltr'><strong>tu</strong></span> 
     </span>
    </p>
   </div>
   <div class='ocr_carea' id='block_1_35' title="bbox 259 3547 1834 3617">
    <p class='ocr_par' dir='ltr' id='par_1_35' title="bbox 259 3547 1834 3617">
     <span class='ocr_line' id='line_1_35' title="bbox 259 3547 1834 3617; baseline 0.001 -18"><span class='ocrx_word' id='word_1_244' title='bbox 259 3549 668 3612; x_wconf 87' lang='lat' dir='ltr'><strong>precationibus.</strong></span> <span class='ocrx_word' id='word_1_245' title='bbox 697 3549 796 3601; x_wconf 86' lang='lat' dir='ltr'><strong>Per</strong></span> <span class='ocrx_word' id='word_1_246' title='bbox 825 3547 920 3602; x_wconf 90' lang='lat' dir='ltr'><strong>has</strong></span> <span class='ocrx_word' id='word_1_247' title='bbox 947 3557 1212 3616; x_wconf 87' lang='lat' dir='ltr'><strong>tamquam</strong></span> <span class='ocrx_word' id='word_1_248' title='bbox 1243 3563 1336 3616; x_wconf 91' lang='lat' dir='ltr'><strong>per</strong></span> <span class='ocrx_word' id='word_1_249' title='bbox 1361 3564 1554 3617; x_wconf 87' lang='lat' dir='ltr'><strong>aquam</strong></span> <span class='ocrx_word' id='word_1_250' title='bbox 1586 3549 1797 3603; x_wconf 86' lang='lat' dir='ltr'><strong>evolare</strong></span> <span class='ocrx_word' id='word_1_251' title='bbox 1818 3591 1834 3613; x_wconf 91' lang='lat'><strong>,</strong></span> 
     </span>
    </p>
   </div>
   <div class='ocr_carea' id='block_1_36' title="bbox 257 3637 1835 3706">
    <p class='ocr_par' dir='ltr' id='par_1_36' title="bbox 257 3637 1835 3706">
     <span class='ocr_line' id='line_1_36' title="bbox 257 3637 1835 3706; baseline 0.003 -18"><span class='ocrx_word' id='word_1_252' title='bbox 257 3638 408 3690; x_wconf 83' lang='lat' dir='ltr'><strong>orbes</strong></span> <span class='ocrx_word' id='word_1_253' title='bbox 434 3641 678 3693; x_wconf 73' lang='lat' dir='ltr'><strong>caelestes</strong></span> <span class='ocrx_word' id='word_1_254' title='bbox 721 3652 974 3706; x_wconf 88' lang='lat' dir='ltr'><strong>superare</strong></span> <span class='ocrx_word' id='word_1_255' title='bbox 994 3677 1010 3698; x_wconf 84' lang='lat'><strong>,</strong></span> <span class='ocrx_word' id='word_1_256' title='bbox 1043 3638 1108 3691; x_wconf 89' lang='lat' dir='ltr'><strong>ad</strong></span> <span class='ocrx_word' id='word_1_257' title='bbox 1144 3637 1306 3692; x_wconf 81' lang='lat' dir='ltr'><strong>Deum</strong></span> <span class='ocrx_word' id='word_1_258' title='bbox 1335 3639 1552 3706; x_wconf 90' lang='lat' dir='ltr'><strong>propius</strong></span> <span class='ocrx_word' id='word_1_259' title='bbox 1596 3639 1719 3693; x_wconf 88' lang='lat' dir='ltr'><strong>licet</strong></span> <span class='ocrx_word' id='word_1_260' title='bbox 1744 3654 1835 3692; x_wconf 88' lang='lat' dir='ltr'><strong>ac-</strong></span> 
     </span>
    </p>
   </div>
   <div class='ocr_carea' id='block_1_37' title="bbox 256 3727 1836 3798">
    <p class='ocr_par' dir='ltr' id='par_1_37' title="bbox 256 3727 1836 3798">
     <span class='ocr_line' id='line_1_37' title="bbox 256 3727 1836 3798; baseline 0.001 -21"><span class='ocrx_word' id='word_1_261' title='bbox 256 3727 460 3782; x_wconf 87' lang='lat' dir='ltr'><strong>cedere.</strong></span> <span class='ocrx_word' id='word_1_262' title='bbox 489 3728 562 3784; x_wconf 91' lang='lat' dir='ltr'><strong>Ut</strong></span> <span class='ocrx_word' id='word_1_263' title='bbox 605 3729 764 3798; x_wconf 87' lang='lat' dir='ltr'><strong>igitur</strong></span> <span class='ocrx_word' id='word_1_264' title='bbox 789 3737 986 3782; x_wconf 72' lang='lat' dir='ltr'><strong>sanctaa</strong></span> <span class='ocrx_word' id='word_1_265' title='bbox 1019 3728 1338 3797; x_wconf 89' lang='lat' dir='ltr'><strong>precationis</strong></span> <span class='ocrx_word' id='word_1_266' title='bbox 1385 3728 1548 3781; x_wconf 89' lang='lat' dir='ltr'><strong>robur</strong></span> <span class='ocrx_word' id='word_1_267' title='bbox 1585 3729 1836 3782; x_wconf 85' lang='lat' dir='ltr'><strong>ostenda-</strong></span> 
     </span>
    </p>
   </div>
   <div class='ocr_carea' id='block_1_38' title="bbox 259 3819 1836 3889">
    <p class='ocr_par' dir='ltr' id='par_1_38' title="bbox 259 3819 1836 3889">
     <span class='ocr_line' id='line_1_38' title="bbox 259 3819 1836 3889; baseline 0.003 -20"><span class='ocrx_word' id='word_1_268' title='bbox 259 3827 366 3882; x_wconf 86' lang='lat' dir='ltr'><strong>tur,</strong></span> <span class='ocrx_word' id='word_1_269' title='bbox 416 3823 497 3875; x_wconf 86' lang='lat' dir='ltr'><strong>vel</strong></span> <span class='ocrx_word' id='word_1_270' title='bbox 542 3836 661 3889; x_wconf 65' lang='lat' dir='ltr'><strong>quae</strong></span> <span class='ocrx_word' id='word_1_271' title='bbox 699 3819 930 3873; x_wconf 77' lang='lat' dir='ltr'><strong>diximus</strong></span> <span class='ocrx_word' id='word_1_272' title='bbox 971 3819 1100 3873; x_wconf 89' lang='lat' dir='ltr'><strong>satis</strong></span> <span class='ocrx_word' id='word_1_273' title='bbox 1140 3828 1304 3873; x_wconf 92' lang='lat' dir='ltr'><strong>sunt:</strong></span> <span class='ocrx_word' id='word_1_274' title='bbox 1348 3820 1623 3888; x_wconf 66' lang='lat' dir='ltr'><strong>praestabit</strong></span> <span class='ocrx_word' id='word_1_275' title='bbox 1658 3830 1836 3874; x_wconf 89' lang='lat' dir='ltr'><strong>tamen</strong></span> 
     </span>
    </p>
   </div>
   <div class='ocr_carea' id='block_1_39' title="bbox 259 3909 1838 3976">
    <p class='ocr_par' dir='ltr' id='par_1_39' title="bbox 259 3909 1838 3976">
     <span class='ocr_line' id='line_1_39' title="bbox 259 3909 1838 3976; baseline 0.005 -16"><span class='ocrx_word' id='word_1_276' title='bbox 259 3909 501 3976; x_wconf 84' lang='lat' dir='ltr'><strong>fortasse,</strong></span> <span class='ocrx_word' id='word_1_277' title='bbox 525 3921 586 3966; x_wconf 89' lang='lat' dir='ltr'><strong>ut</strong></span> <span class='ocrx_word' id='word_1_278' title='bbox 611 3912 676 3965; x_wconf 87' lang='lat' dir='ltr'><strong>ad</strong></span> <span class='ocrx_word' id='word_1_279' title='bbox 707 3921 888 3965; x_wconf 86' lang='lat' dir='ltr'><strong>sancta</strong></span> <span class='ocrx_word' id='word_1_280' title='bbox 911 3911 1182 3965; x_wconf 85' lang='lat' dir='ltr'><strong>volumina</strong></span> <span class='ocrx_word' id='word_1_281' title='bbox 1211 3911 1528 3966; x_wconf 86' lang='lat' dir='ltr'><strong>accedentes</strong></span> <span class='ocrx_word' id='word_1_282' title='bbox 1547 3928 1612 3966; x_wconf 89' lang='lat' dir='ltr'><strong>ex</strong></span> <span class='ocrx_word' id='word_1_283' title='bbox 1640 3913 1838 3968; x_wconf 88' lang='lat' dir='ltr'><strong>Christi</strong></span> 
     </span>
    </p>
   </div>
   <div class='ocr_carea' id='block_1_40' title="bbox 259 4005 1840 4073">
    <p class='ocr_par' dir='ltr' id='par_1_40' title="bbox 259 4005 1840 4073">
     <span class='ocr_line' id='line_1_40' title="bbox 259 4005 1840 4073; baseline 0.003 -18"><span class='ocrx_word' id='word_1_284' title='bbox 259 4005 430 4058; x_wconf 84' lang='lat' dir='ltr'><strong>verbis</strong></span> <span class='ocrx_word' id='word_1_285' title='bbox 458 4005 673 4059; x_wconf 88' lang='lat' dir='ltr'><strong>divitias</strong></span> <span class='ocrx_word' id='word_1_286' title='bbox 712 4018 1095 4073; x_wconf 78' lang='lat' dir='ltr'><strong>agnoscamus,</strong></span> <span class='ocrx_word' id='word_1_287' title='bbox 1127 4019 1258 4073; x_wconf 89' lang='lat' dir='ltr'><strong>quas</strong></span> <span class='ocrx_word' id='word_1_288' title='bbox 1302 4019 1488 4071; x_wconf 88' lang='lat' dir='ltr'><strong>preces</strong></span> <span class='ocrx_word' id='word_1_289' title='bbox 1529 4015 1840 4072; x_wconf 87' lang='lat' dir='ltr'><strong>comparant</strong></span> 
     </span>
    </p>
   </div>
   <div class='ocr_carea' id='block_1_41' title="bbox 260 4093 1840 4166">
    <p class='ocr_par' dir='ltr' id='par_1_41' title="bbox 260 4093 1840 4166">
     <span class='ocr_line' id='line_1_41' title="bbox 260 4093 1840 4166; baseline 0.001 -20"><span class='ocrx_word' id='word_1_290' title='bbox 260 4093 339 4159; x_wconf 89' lang='lat' dir='ltr'><strong>iis,</strong></span> <span class='ocrx_word' id='word_1_291' title='bbox 370 4099 455 4166; x_wconf 92' lang='lat' dir='ltr'><strong>qui</strong></span> <span class='ocrx_word' id='word_1_292' title='bbox 503 4113 721 4151; x_wconf 92' lang='lat' dir='ltr'><strong>omnem</strong></span> <span class='ocrx_word' id='word_1_293' title='bbox 765 4103 976 4150; x_wconf 64' lang='lat' dir='ltr'><strong>aitatem</strong></span> <span class='ocrx_word' id='word_1_294' title='bbox 1029 4096 1080 4148; x_wconf 93' lang='lat' dir='ltr'><strong>in</strong></span> <span class='ocrx_word' id='word_1_295' title='bbox 1121 4095 1252 4164; x_wconf 91' lang='lat' dir='ltr'><strong>ipsis</strong></span> <span class='ocrx_word' id='word_1_296' title='bbox 1293 4110 1492 4163; x_wconf 88' lang='lat' dir='ltr'><strong>ponere</strong></span> <span class='ocrx_word' id='word_1_297' title='bbox 1530 4096 1713 4149; x_wconf 86' lang='lat' dir='ltr'><strong>velint.</strong></span> <span class='ocrx_word' id='word_1_298' title='bbox 1746 4095 1840 4148; x_wconf 83' lang='lat' dir='ltr'><strong>Di-</strong></span> 
     </span>
    </p>
   </div>
   <div class='ocr_carea' id='block_1_42' title="bbox 258 4186 1839 4256">
    <p class='ocr_par' dir='ltr' id='par_1_42' title="bbox 258 4186 1839 4256">
     <span class='ocr_line' id='line_1_42' title="bbox 258 4186 1839 4256; baseline 0.001 -20"><span class='ocrx_word' id='word_1_299' title='bbox 258 4186 390 4239; x_wconf 80' lang='lat' dir='ltr'><strong>cebat</strong></span> <span class='ocrx_word' id='word_1_300' title='bbox 415 4198 616 4253; x_wconf 88' lang='lat' dir='ltr'><strong>autem,</strong></span> <span class='ocrx_word' id='word_1_301' title='bbox 645 4187 848 4256; x_wconf 88' lang='lat' dir='ltr'><strong>inquit,</strong></span> <span class='ocrx_word' id='word_1_302' title='bbox 886 4197 932 4239; x_wconf 87' lang='lat' dir='ltr'><strong>et</strong></span> <span class='ocrx_word' id='word_1_303' title='bbox 965 4187 1259 4255; x_wconf 85' lang='lat' dir='ltr'><strong>parabolam</strong></span> <span class='ocrx_word' id='word_1_304' title='bbox 1283 4187 1352 4238; x_wconf 84' lang='lat' dir='ltr'><strong>ad</strong></span> <span class='ocrx_word' id='word_1_305' title='bbox 1377 4187 1520 4247; x_wconf 84' lang='lat' dir='ltr'><strong>illos.</strong></span> <span class='ocrx_word' id='word_1_306' title='bbox 1553 4196 1606 4238; x_wconf 87' lang='lat' dir='ltr'><strong>ut</strong></span> <span class='ocrx_word' id='word_1_307' title='bbox 1643 4203 1839 4256; x_wconf 79' lang='lat' dir='ltr'><strong>semper</strong></span> 
     </span>
    </p>
   </div>
   <div class='ocr_carea' id='block_1_43' title="bbox 259 4275 1839 4346">
    <p class='ocr_par' dir='ltr' id='par_1_43' title="bbox 259 4275 1839 4346">
     <span class='ocr_line' id='line_1_43' title="bbox 259 4275 1839 4346; baseline 0.001 -18"><span class='ocrx_word' id='word_1_308' title='bbox 259 4281 563 4343; x_wconf 80' lang='lat' dir='ltr'><strong>precandum</strong></span> <span class='ocrx_word' id='word_1_309' title='bbox 598 4295 706 4334; x_wconf 77' lang='lat' dir='ltr'><strong>esse</strong></span> <span class='ocrx_word' id='word_1_310' title='bbox 754 4279 1137 4332; x_wconf 75' lang='lat' dir='ltr'><strong>demonstraret.</strong></span> <span class='ocrx_word' id='word_1_311' title='bbox 1179 4275 1351 4329; x_wconf 78' lang='lat' dir='ltr'><strong>Judea:</strong></span> <span class='ocrx_word' id='word_1_312' title='bbox 1390 4277 1597 4346; x_wconf 90' lang='lat' dir='ltr'><strong>quidam</strong></span> <span class='ocrx_word' id='word_1_313' title='bbox 1643 4285 1747 4330; x_wconf 88' lang='lat' dir='ltr'><strong>erat</strong></span> <span class='ocrx_word' id='word_1_314' title='bbox 1786 4278 1839 4330; x_wconf 86' lang='lat' dir='ltr'><strong>in</strong></span> 
     </span>
    </p>
   </div>
   <div class='ocr_carea' id='block_1_44' title="bbox 259 4367 1840 4438">
    <p class='ocr_par' dir='ltr' id='par_1_44' title="bbox 259 4367 1840 4438">
     <span class='ocr_line' id='line_1_44' title="bbox 259 4367 1840 4438; baseline 0.001 -18"><span class='ocrx_word' id='word_1_315' title='bbox 259 4370 472 4436; x_wconf 85' lang='lat' dir='ltr'><strong>quadam</strong></span> <span class='ocrx_word' id='word_1_316' title='bbox 512 4371 740 4435; x_wconf 81' lang='lat' dir='ltr'><strong>civitate,</strong></span> <span class='ocrx_word' id='word_1_317' title='bbox 781 4370 868 4438; x_wconf 84' lang='lat' dir='ltr'><strong>qui</strong></span> <span class='ocrx_word' id='word_1_318' title='bbox 897 4367 1061 4422; x_wconf 86' lang='lat' dir='ltr'><strong>Deum</strong></span> <span class='ocrx_word' id='word_1_319' title='bbox 1102 4385 1202 4421; x_wconf 87' lang='lat' dir='ltr'><strong>non</strong></span> <span class='ocrx_word' id='word_1_320' title='bbox 1231 4367 1464 4434; x_wconf 80' lang='lat' dir='ltr'><strong>timebat,</strong></span> <span class='ocrx_word' id='word_1_321' title='bbox 1511 4377 1557 4421; x_wconf 91' lang='lat' dir='ltr'><strong>et</strong></span> <span class='ocrx_word' id='word_1_322' title='bbox 1588 4369 1840 4422; x_wconf 84' lang='lat' dir='ltr'><strong>hominem</strong></span> 
     </span>
    </p>
   </div>
   <div class='ocr_carea' id='block_1_45' title="bbox 260 4458 1841 4527">
    <p class='ocr_par' dir='ltr' id='par_1_45' title="bbox 260 4458 1841 4527">
     <span class='ocr_line' id='line_1_45' title="bbox 260 4458 1841 4527; baseline 0.003 -20"><span class='ocrx_word' id='word_1_323' title='bbox 260 4474 357 4512; x_wconf 84' lang='lat' dir='ltr'><strong>non</strong></span> <span class='ocrx_word' id='word_1_324' title='bbox 395 4461 729 4516; x_wconf 82' lang='lat' dir='ltr'><strong>reverebatur.</strong></span> <span class='ocrx_word' id='word_1_325' title='bbox 767 4458 936 4512; x_wconf 88' lang='lat' dir='ltr'><strong>Vidua</strong></span> <span class='ocrx_word' id='word_1_326' title='bbox 963 4468 1131 4512; x_wconf 86' lang='lat' dir='ltr'><strong>autem</strong></span> <span class='ocrx_word' id='word_1_327' title='bbox 1164 4459 1396 4527; x_wconf 66' lang='lat' dir='ltr'><strong>quietiam</strong></span> <span class='ocrx_word' id='word_1_328' title='bbox 1423 4467 1531 4513; x_wconf 86' lang='lat' dir='ltr'><strong>erat</strong></span> <span class='ocrx_word' id='word_1_329' title='bbox 1555 4459 1608 4511; x_wconf 90' lang='lat' dir='ltr'><strong>in</strong></span> <span class='ocrx_word' id='word_1_330' title='bbox 1643 4459 1841 4512; x_wconf 88' lang='lat' dir='ltr'><strong>civitate</strong></span> 
     </span>
    </p>
   </div>
   <div class='ocr_carea' id='block_1_46' title="bbox 259 4547 1841 4616">
    <p class='ocr_par' dir='ltr' id='par_1_46' title="bbox 259 4547 1841 4616">
     <span class='ocr_line' id='line_1_46' title="bbox 259 4547 1841 4616; baseline 0 -14"><span class='ocrx_word' id='word_1_331' title='bbox 259 4550 368 4616; x_wconf 87' lang='lat' dir='ltr'><strong>illa,</strong></span> <span class='ocrx_word' id='word_1_332' title='bbox 397 4563 440 4606; x_wconf 84' lang='lat' dir='ltr'><strong>et</strong></span> <span class='ocrx_word' id='word_1_333' title='bbox 468 4552 692 4608; x_wconf 79' lang='lat' dir='ltr'><strong>veniebat</strong></span> <span class='ocrx_word' id='word_1_334' title='bbox 729 4552 796 4605; x_wconf 87' lang='lat' dir='ltr'><strong>ad</strong></span> <span class='ocrx_word' id='word_1_335' title='bbox 822 4566 934 4604; x_wconf 88' lang='lat' dir='ltr'><strong>eum</strong></span> <span class='ocrx_word' id='word_1_336' title='bbox 960 4551 1131 4604; x_wconf 85' lang='lat' dir='ltr'><strong>dicens</strong></span> <span class='ocrx_word' id='word_1_337' title='bbox 1159 4567 1178 4603; x_wconf 87' lang='lat'><strong><em>:</em></strong></span> <span class='ocrx_word' id='word_1_338' title='bbox 1220 4547 1429 4603; x_wconf 84' lang='lat' dir='ltr'><strong>Vindica</strong></span> <span class='ocrx_word' id='word_1_339' title='bbox 1457 4565 1537 4602; x_wconf 87' lang='lat' dir='ltr'><strong>me</strong></span> <span class='ocrx_word' id='word_1_340' title='bbox 1574 4551 1638 4602; x_wconf 89' lang='lat' dir='ltr'><strong>de</strong></span> <span class='ocrx_word' id='word_1_341' title='bbox 1662 4550 1841 4603; x_wconf 85' lang='lat' dir='ltr'><strong>adver-</strong></span> 
     </span>
    </p>
   </div>
   <div class='ocr_carea' id='block_1_47' title="bbox 261 4640 1841 4712">
    <p class='ocr_par' dir='ltr' id='par_1_47' title="bbox 261 4640 1841 4712">
     <span class='ocr_line' id='line_1_47' title="bbox 261 4640 1841 4712; baseline 0.001 -17"><span class='ocrx_word' id='word_1_342' title='bbox 261 4647 390 4698; x_wconf 86' lang='lat' dir='ltr'><strong>sario</strong></span> <span class='ocrx_word' id='word_1_343' title='bbox 431 4663 577 4712; x_wconf 89' lang='lat' dir='ltr'><strong>meo;</strong></span> <span class='ocrx_word' id='word_1_344' title='bbox 605 4655 650 4699; x_wconf 87' lang='lat' dir='ltr'><strong>et</strong></span> <span class='ocrx_word' id='word_1_345' title='bbox 679 4644 874 4698; x_wconf 81' lang='lat' dir='ltr'><strong>nolebat</strong></span> <span class='ocrx_word' id='word_1_346' title='bbox 927 4659 1016 4712; x_wconf 83' lang='lat' dir='ltr'><strong>per</strong></span> <span class='ocrx_word' id='word_1_347' title='bbox 1065 4641 1277 4694; x_wconf 81' lang='lat' dir='ltr'><strong>multant</strong></span> <span class='ocrx_word' id='word_1_348' title='bbox 1303 4652 1520 4711; x_wconf 79' lang='lat' dir='ltr'><strong>tempus.</strong></span> <span class='ocrx_word' id='word_1_349' title='bbox 1565 4640 1692 4695; x_wconf 88' lang='lat' dir='ltr'><strong>Post</strong></span> <span class='ocrx_word' id='word_1_350' title='bbox 1733 4643 1841 4696; x_wconf 75' lang='lat' dir='ltr'><strong>lure</strong></span> 
     </span>
    </p>
   </div>
   <div class='ocr_carea' id='block_1_48' title="bbox 262 4731 1840 4799">
    <p class='ocr_par' dir='ltr' id='par_1_48' title="bbox 262 4731 1840 4799">
     <span class='ocr_line' id='line_1_48' title="bbox 262 4731 1840 4799; baseline 0 -12"><span class='ocrx_word' id='word_1_351' title='bbox 262 4747 422 4791; x_wconf 86' lang='lat' dir='ltr'><strong>autem</strong></span> <span class='ocrx_word' id='word_1_352' title='bbox 446 4731 572 4793; x_wconf 70' lang='lat' dir='ltr'><strong>dixit</strong></span> <span class='ocrx_word' id='word_1_353' title='bbox 601 4739 736 4791; x_wconf 89' lang='lat' dir='ltr'><strong>intra</strong></span> <span class='ocrx_word' id='word_1_354' title='bbox 773 4753 826 4790; x_wconf 88' lang='lat' dir='ltr'><strong>se</strong></span> <span class='ocrx_word' id='word_1_355' title='bbox 853 4752 872 4789; x_wconf 91' lang='lat'><strong><em>:</em></strong></span> <span class='ocrx_word' id='word_1_356' title='bbox 905 4735 1015 4788; x_wconf 82' lang='lat' dir='ltr'><strong>Etsi</strong></span> <span class='ocrx_word' id='word_1_357' title='bbox 1040 4733 1206 4787; x_wconf 87' lang='lat' dir='ltr'><strong>Deum</strong></span> <span class='ocrx_word' id='word_1_358' title='bbox 1234 4749 1336 4786; x_wconf 84' lang='lat' dir='ltr'><strong>non</strong></span> <span class='ocrx_word' id='word_1_359' title='bbox 1366 4734 1542 4799; x_wconf 84' lang='lat' dir='ltr'><strong>timeo,</strong></span> <span class='ocrx_word' id='word_1_360' title='bbox 1566 4751 1657 4788; x_wconf 79' lang='lat' dir='ltr'><strong>nec</strong></span> <span class='ocrx_word' id='word_1_361' title='bbox 1677 4735 1840 4788; x_wconf 83' lang='lat' dir='ltr'><strong>Itami-</strong></span> 
     </span>
    </p>
   </div>
   <div class='ocr_carea' id='block_1_49' title="bbox 264 4828 1835 4899">
    <p class='ocr_par' dir='ltr' id='par_1_49' title="bbox 264 4828 1835 4899">
     <span class='ocr_line' id='line_1_49' title="bbox 264 4828 1835 4899; baseline 0.002 -18"><span class='ocrx_word' id='word_1_362' title='bbox 264 4846 371 4883; x_wconf 89' lang='lat' dir='ltr'><strong>nem</strong></span> <span class='ocrx_word' id='word_1_363' title='bbox 407 4849 669 4896; x_wconf 84' lang='lat' dir='ltr'><strong>revereor;</strong></span> <span class='ocrx_word' id='word_1_364' title='bbox 699 4842 863 4884; x_wconf 86' lang='lat' dir='ltr'><strong>tamen</strong></span> <span class='ocrx_word' id='word_1_365' title='bbox 887 4831 1004 4899; x_wconf 84' lang='lat' dir='ltr'><strong>quia</strong></span> <span class='ocrx_word' id='word_1_366' title='bbox 1033 4829 1243 4881; x_wconf 87' lang='lat' dir='ltr'><strong>molesta</strong></span> <span class='ocrx_word' id='word_1_367' title='bbox 1268 4837 1342 4882; x_wconf 88' lang='lat' dir='ltr'><strong>est</strong></span> <span class='ocrx_word' id='word_1_368' title='bbox 1367 4828 1490 4881; x_wconf 82' lang='lat' dir='ltr'><strong>mihi</strong></span> <span class='ocrx_word' id='word_1_369' title='bbox 1519 4829 1624 4882; x_wconf 60' lang='grc' dir='ltr'><strong>ἠως</strong></span> <span class='ocrx_word' id='word_1_370' title='bbox 1649 4831 1800 4884; x_wconf 84' lang='lat' dir='ltr'><strong>vidua</strong></span> <span class='ocrx_word' id='word_1_371' title='bbox 1818 4871 1835 4897; x_wconf 87' lang='lat'><strong>,</strong></span> 
     </span>
    </p>
   </div>
   <div class='ocr_carea' id='block_1_50' title="bbox 263 4919 1837 4989">
    <p class='ocr_par' dir='ltr' id='par_1_50' title="bbox 263 4919 1837 4989">
     <span class='ocr_line' id='line_1_50' title="bbox 263 4919 1837 4989; baseline 0.003 -18"><span class='ocrx_word' id='word_1_372' title='bbox 263 4923 515 4977; x_wconf 84' lang='lat' dir='ltr'><strong>vindicabo</strong></span> <span class='ocrx_word' id='word_1_373' title='bbox 536 4924 700 4989; x_wconf 88' lang='lat' dir='ltr'><strong>illam,</strong></span> <span class='ocrx_word' id='word_1_374' title='bbox 721 4941 781 4976; x_wconf 88' lang='lat' dir='ltr'><strong>ne</strong></span> <span class='ocrx_word' id='word_1_375' title='bbox 798 4924 849 4974; x_wconf 87' lang='lat' dir='ltr'><strong>in</strong></span> <span class='ocrx_word' id='word_1_376' title='bbox 867 4922 1131 4975; x_wconf 78' lang='lat' dir='ltr'><strong>novissimo</strong></span> <span class='ocrx_word' id='word_1_377' title='bbox 1148 4919 1367 4984; x_wconf 83' lang='lat' dir='ltr'><strong>veniens,</strong></span> <span class='ocrx_word' id='word_1_378' title='bbox 1383 4921 1614 4988; x_wconf 84' lang='lat' dir='ltr'><strong>suggillet</strong></span> <span class='ocrx_word' id='word_1_379' title='bbox 1633 4939 1730 4976; x_wconf 87' lang='lat' dir='ltr'><strong>me.</strong></span> <span class='ocrx_word' id='word_1_380' title='bbox 1754 4924 1837 4976; x_wconf 85' lang='lat' dir='ltr'><strong>Ait</strong></span> 
     </span>
    </p>
   </div>
   <div class='ocr_carea' id='block_1_51' title="bbox 261 5013 1840 5084">
    <p class='ocr_par' dir='ltr' id='par_1_51' title="bbox 261 5013 1840 5084">
     <span class='ocr_line' id='line_1_51' title="bbox 261 5013 1840 5084; baseline 0.003 -20"><span class='ocrx_word' id='word_1_381' title='bbox 261 5023 422 5068; x_wconf 89' lang='lat' dir='ltr'><strong>autem</strong></span> <span class='ocrx_word' id='word_1_382' title='bbox 438 5016 706 5080; x_wconf 84' lang='lat' dir='ltr'><strong>Dominus,</strong></span> <span class='ocrx_word' id='word_1_383' title='bbox 725 5016 927 5079; x_wconf 85' lang='lat' dir='ltr'><strong>Audite,</strong></span> <span class='ocrx_word' id='word_1_384' title='bbox 941 5014 1062 5082; x_wconf 84' lang='lat' dir='ltr'><strong>quid</strong></span> <span class='ocrx_word' id='word_1_385' title='bbox 1074 5015 1240 5084; x_wconf 76' lang='lat' dir='ltr'><strong>judex</strong></span> <span class='ocrx_word' id='word_1_386' title='bbox 1252 5015 1526 5083; x_wconf 78' lang='lat' dir='ltr'><strong>iniquitatis</strong></span> <span class='ocrx_word' id='word_1_387' title='bbox 1543 5014 1682 5079; x_wconf 83' lang='lat' dir='ltr'><strong>dicit,</strong></span> <span class='ocrx_word' id='word_1_388' title='bbox 1700 5013 1840 5068; x_wconf 85' lang='lat' dir='ltr'><strong>Deus</strong></span> 
     </span>
    </p>
   </div>
   <div class='ocr_carea' id='block_1_52' title="bbox 262 5108 1841 5182">
    <p class='ocr_par' dir='ltr' id='par_1_52' title="bbox 262 5108 1841 5182">
     <span class='ocr_line' id='line_1_52' title="bbox 262 5108 1841 5182; baseline 0.003 -26"><span class='ocrx_word' id='word_1_389' title='bbox 262 5117 419 5161; x_wconf 84' lang='lat' dir='ltr'><strong>autem</strong></span> <span class='ocrx_word' id='word_1_390' title='bbox 440 5126 539 5163; x_wconf 89' lang='lat' dir='ltr'><strong>non</strong></span> <span class='ocrx_word' id='word_1_391' title='bbox 557 5112 706 5182; x_wconf 77' lang='lat' dir='ltr'><strong>faciet</strong></span> <span class='ocrx_word' id='word_1_392' title='bbox 728 5109 998 5162; x_wconf 82' lang='lat' dir='ltr'><strong>vindictam</strong></span> <span class='ocrx_word' id='word_1_393' title='bbox 1010 5108 1278 5162; x_wconf 86' lang='lat' dir='ltr'><strong>electorum</strong></span> <span class='ocrx_word' id='word_1_394' title='bbox 1291 5125 1496 5162; x_wconf 86' lang='lat' dir='ltr'><strong>suorum</strong></span> <span class='ocrx_word' id='word_1_395' title='bbox 1513 5110 1841 5162; x_wconf 87' lang='lat' dir='ltr'><strong>clamantium</strong></span> 
     </span>
    </p>
   </div>
   <div class='ocr_carea' id='block_1_53' title="bbox 261 5199 1840 5268">
    <p class='ocr_par' dir='ltr' id='par_1_53' title="bbox 261 5199 1840 5268">
     <span class='ocr_line' id='line_1_53' title="bbox 261 5199 1840 5268; baseline 0.001 -17"><span class='ocrx_word' id='word_1_396' title='bbox 261 5201 328 5251; x_wconf 83' lang='lat' dir='ltr'><strong>ad</strong></span> <span class='ocrx_word' id='word_1_397' title='bbox 349 5217 400 5253; x_wconf 87' lang='lat' dir='ltr'><strong>se</strong></span> <span class='ocrx_word' id='word_1_398' title='bbox 423 5201 505 5254; x_wconf 85' lang='lat' dir='ltr'><strong>die</strong></span> <span class='ocrx_word' id='word_1_399' title='bbox 549 5219 608 5256; x_wconf 89' lang='lat' dir='ltr'><strong>ac</strong></span> <span class='ocrx_word' id='word_1_400' title='bbox 635 5212 804 5262; x_wconf 87' lang='lat' dir='ltr'><strong>nocte,</strong></span> <span class='ocrx_word' id='word_1_401' title='bbox 836 5211 882 5253; x_wconf 90' lang='lat' dir='ltr'><strong>et</strong></span> <span class='ocrx_word' id='word_1_402' title='bbox 927 5201 1219 5268; x_wconf 86' lang='lat' dir='ltr'><strong>patientiam</strong></span> <span class='ocrx_word' id='word_1_403' title='bbox 1250 5199 1447 5254; x_wconf 84' lang='lat' dir='ltr'><strong>habebit</strong></span> <span class='ocrx_word' id='word_1_404' title='bbox 1470 5201 1522 5254; x_wconf 84' lang='lat' dir='ltr'><strong>in</strong></span> <span class='ocrx_word' id='word_1_405' title='bbox 1548 5201 1690 5254; x_wconf 88' lang='lat' dir='ltr'><strong>illis?</strong></span> <span class='ocrx_word' id='word_1_406' title='bbox 1714 5201 1840 5254; x_wconf 90' lang='lat' dir='ltr'><strong>Dico</strong></span> 
     </span>
    </p>
   </div>
   <div class='ocr_carea' id='block_1_54' title="bbox 257 5292 1842 5364">
    <p class='ocr_par' dir='ltr' id='par_1_54' title="bbox 257 5292 1842 5364">
     <span class='ocr_line' id='line_1_54' title="bbox 257 5292 1842 5364; baseline 0.006 -22"><span class='ocrx_word' id='word_1_407' title='bbox 257 5294 404 5357; x_wconf 70' lang='lat' dir='ltr'><strong>tabis,</strong></span> <span class='ocrx_word' id='word_1_408' title='bbox 425 5295 548 5363; x_wconf 81' lang='lat' dir='ltr'><strong>quia</strong></span> <span class='ocrx_word' id='word_1_409' title='bbox 568 5297 665 5349; x_wconf 88' lang='lat' dir='ltr'><strong>cito</strong></span> <span class='ocrx_word' id='word_1_410' title='bbox 683 5295 828 5364; x_wconf 75' lang='lat' dir='ltr'><strong>faciet</strong></span> <span class='ocrx_word' id='word_1_411' title='bbox 846 5294 1118 5346; x_wconf 85' lang='lat' dir='ltr'><strong>vindictam</strong></span> <span class='ocrx_word' id='word_1_412' title='bbox 1135 5294 1339 5346; x_wconf 86' lang='lat' dir='ltr'><strong>illorum</strong></span> <span class='ocrx_word' id='word_1_413' title='bbox 1358 5292 1510 5362; x_wconf 87' lang='lat' dir='ltr'><strong>(Luc.</strong></span> <span class='ocrx_word' id='word_1_414' title='bbox 1526 5295 1613 5348; x_wconf 78' lang='grc'><strong>18.</strong></span> <span class='ocrx_word' id='word_1_415' title='bbox 1636 5294 1842 5364; x_wconf 81' lang='lat' dir='ltr'><strong>l.sqq.).</strong></span> 
     </span>
    </p>
   </div>
   <div class='ocr_carea' id='block_1_55' title="bbox 254 5384 1840 5456">
    <p class='ocr_par' dir='ltr' id='par_1_55' title="bbox 254 5384 1840 5456">
     <span class='ocr_line' id='line_1_55' title="bbox 254 5384 1840 5456; baseline 0.001 -18"><span class='ocrx_word' id='word_1_416' title='bbox 254 5384 356 5440; x_wconf 78' lang='lat' dir='ltr'><strong>l&#39;ios</strong></span> <span class='ocrx_word' id='word_1_417' title='bbox 378 5405 532 5454; x_wconf 85' lang='lat' dir='ltr'><strong>vero,</strong></span> <span class='ocrx_word' id='word_1_418' title='bbox 573 5392 783 5454; x_wconf 90' lang='lat' dir='ltr'><strong>fratres,</strong></span> <span class='ocrx_word' id='word_1_419' title='bbox 814 5389 1045 5443; x_wconf 88' lang='lat' dir='ltr'><strong>abditam</strong></span> <span class='ocrx_word' id='word_1_420' title='bbox 1074 5389 1388 5456; x_wconf 87' lang='lat' dir='ltr'><strong>sapientiam</strong></span> <span class='ocrx_word' id='word_1_421' title='bbox 1422 5387 1472 5440; x_wconf 92' lang='lat' dir='ltr'><strong>in</strong></span> <span class='ocrx_word' id='word_1_422' title='bbox 1502 5388 1840 5440; x_wconf 87' lang='lat' dir='ltr'><strong>sermonibus</strong></span> 
     </span>
    </p>
   </div>
   <div class='ocr_carea' id='block_1_56' title="bbox 253 5478 1839 5551">
    <p class='ocr_par' dir='ltr' id='par_1_56' title="bbox 253 5478 1839 5551">
     <span class='ocr_line' id='line_1_56' title="bbox 253 5478 1839 5551; baseline -0.001 -20"><span class='ocrx_word' id='word_1_423' title='bbox 253 5478 476 5545; x_wconf 88' lang='lat' dir='ltr'><strong>Spiritus</strong></span> <span class='ocrx_word' id='word_1_424' title='bbox 503 5483 886 5545; x_wconf 77' lang='lat' dir='ltr'><strong>addiscamus,</strong></span> <span class='ocrx_word' id='word_1_425' title='bbox 914 5491 968 5536; x_wconf 91' lang='lat' dir='ltr'><strong>et</strong></span> <span class='ocrx_word' id='word_1_426' title='bbox 995 5496 1092 5551; x_wconf 88' lang='lat' dir='ltr'><strong>pro</strong></span> <span class='ocrx_word' id='word_1_427' title='bbox 1123 5479 1374 5534; x_wconf 88' lang='lat' dir='ltr'><strong>facultate</strong></span> <span class='ocrx_word' id='word_1_428' title='bbox 1401 5487 1581 5532; x_wconf 88' lang='lat' dir='ltr'><strong>nostra</strong></span> <span class='ocrx_word' id='word_1_429' title='bbox 1613 5479 1839 5532; x_wconf 88' lang='lat' dir='ltr'><strong>investi-</strong></span> 
     </span>
    </p>
   </div>
   <div class='ocr_carea' id='block_1_57' title="bbox 249 5569 1842 5644">
    <p class='ocr_par' dir='ltr' id='par_1_57' title="bbox 249 5569 1842 5644">
     <span class='ocr_line' id='line_1_57' title="bbox 249 5569 1842 5644; baseline 0.001 -23"><span class='ocrx_word' id='word_1_430' title='bbox 249 5583 448 5636; x_wconf 86' lang='lat' dir='ltr'><strong>gemus,</strong></span> <span class='ocrx_word' id='word_1_431' title='bbox 481 5588 602 5628; x_wconf 65' lang='lat' dir='ltr'><strong>non</strong></span> <span class='ocrx_word' id='word_1_432' title='bbox 643 5583 896 5644; x_wconf 87' lang='lat' dir='ltr'><strong>quantum</strong></span> <span class='ocrx_word' id='word_1_433' title='bbox 926 5572 977 5624; x_wconf 93' lang='lat' dir='ltr'><strong>in</strong></span> <span class='ocrx_word' id='word_1_434' title='bbox 1016 5573 1126 5640; x_wconf 88' lang='lat' dir='ltr'><strong>ipsa</strong></span> <span class='ocrx_word' id='word_1_435' title='bbox 1154 5571 1255 5634; x_wconf 89' lang='lat' dir='ltr'><strong>sit,</strong></span> <span class='ocrx_word' id='word_1_436' title='bbox 1283 5569 1377 5624; x_wconf 85' lang='lat' dir='ltr'><strong>sed</strong></span> <span class='ocrx_word' id='word_1_437' title='bbox 1403 5580 1657 5638; x_wconf 89' lang='lat' dir='ltr'><strong>quantum</strong></span> <span class='ocrx_word' id='word_1_438' title='bbox 1691 5569 1842 5622; x_wconf 90' lang='lat' dir='ltr'><strong>nobis</strong></span> 
     </span>
    </p>
   </div>
   <div class='ocr_carea' id='block_1_58' title="bbox 252 5659 1840 5732">
    <p class='ocr_par' dir='ltr' id='par_1_58' title="bbox 252 5659 1840 5732">
     <span class='ocr_line' id='line_1_58' title="bbox 252 5659 1840 5732; baseline 0.001 -21"><span class='ocrx_word' id='word_1_439' title='bbox 252 5663 454 5729; x_wconf 69' lang='lat' dir='ltr'><strong>aSseqtti</strong></span> <span class='ocrx_word' id='word_1_440' title='bbox 485 5663 677 5719; x_wconf 89' lang='lat' dir='ltr'><strong>liceat.</strong></span> <span class='ocrx_word' id='word_1_441' title='bbox 723 5668 897 5732; x_wconf 83' lang='lat' dir='ltr'><strong>Atque</strong></span> <span class='ocrx_word' id='word_1_442' title='bbox 923 5659 997 5716; x_wconf 88' lang='lat' dir='ltr'><strong>illi</strong></span> <span class='ocrx_word' id='word_1_443' title='bbox 1025 5661 1236 5732; x_wconf 85' lang='lat' dir='ltr'><strong>quidem</strong></span> <span class='ocrx_word' id='word_1_444' title='bbox 1257 5702 1271 5724; x_wconf 87' lang='lat'><strong>,</strong></span> <span class='ocrx_word' id='word_1_445' title='bbox 1301 5661 1388 5731; x_wconf 92' lang='lat' dir='ltr'><strong>qui</strong></span> <span class='ocrx_word' id='word_1_446' title='bbox 1432 5661 1484 5714; x_wconf 92' lang='lat' dir='ltr'><strong>in</strong></span> <span class='ocrx_word' id='word_1_447' title='bbox 1516 5660 1649 5714; x_wconf 91' lang='lat' dir='ltr'><strong>mari</strong></span> <span class='ocrx_word' id='word_1_448' title='bbox 1679 5662 1840 5713; x_wconf 87' lang='lat' dir='ltr'><strong>vitam</strong></span> 
     </span>
    </p>
   </div>
   <div class='ocr_carea' id='block_1_59' title="bbox 253 5749 1842 5823">
    <p class='ocr_par' dir='ltr' id='par_1_59' title="bbox 253 5749 1842 5823">
     <span class='ocr_line' id='line_1_59' title="bbox 253 5749 1842 5823; baseline 0.002 -23"><span class='ocrx_word' id='word_1_449' title='bbox 253 5749 464 5818; x_wconf 80' lang='lat' dir='ltr'><strong>degunt,</strong></span> <span class='ocrx_word' id='word_1_450' title='bbox 488 5753 554 5807; x_wconf 85' lang='lat' dir='ltr'><strong>in</strong></span> <span class='ocrx_word' id='word_1_451' title='bbox 585 5756 752 5823; x_wconf 87' lang='lat' dir='ltr'><strong>ipsum</strong></span> <span class='ocrx_word' id='word_1_452' title='bbox 771 5749 1092 5823; x_wconf 89' lang='lat' dir='ltr'><strong>profundutn</strong></span> <span class='ocrx_word' id='word_1_453' title='bbox 1116 5765 1174 5806; x_wconf 92' lang='lat' dir='ltr'><strong>se</strong></span> <span class='ocrx_word' id='word_1_454' title='bbox 1189 5750 1580 5820; x_wconf 88' lang='lat' dir='ltr'><strong>demergentes,</strong></span> <span class='ocrx_word' id='word_1_455' title='bbox 1601 5765 1842 5819; x_wconf 88' lang='lat' dir='ltr'><strong>gemmas</strong></span> 
     </span>
    </p>
   </div>
   <div class='ocr_carea' id='block_1_60' title="bbox 263 5840 1839 5912">
    <p class='ocr_par' dir='ltr' id='par_1_60' title="bbox 263 5840 1839 5912">
     <span class='ocr_line' id='line_1_60' title="bbox 263 5840 1839 5912; baseline 0.003 -23"><span class='ocrx_word' id='word_1_456' title='bbox 263 5842 482 5896; x_wconf 68' lang='lat' dir='ltr'><strong>alterum</strong></span> <span class='ocrx_word' id='word_1_457' title='bbox 519 5846 592 5900; x_wconf 85' lang='lat' dir='ltr'><strong>ad</strong></span> <span class='ocrx_word' id='word_1_458' title='bbox 629 5859 744 5910; x_wconf 91' lang='lat' dir='ltr'><strong>eos,</strong></span> <span class='ocrx_word' id='word_1_459' title='bbox 789 5843 875 5912; x_wconf 83' lang='lat' dir='ltr'><strong>qui</strong></span> <span class='ocrx_word' id='word_1_460' title='bbox 919 5851 1046 5898; x_wconf 87' lang='lat' dir='ltr'><strong>sunt</strong></span> <span class='ocrx_word' id='word_1_461' title='bbox 1081 5843 1133 5896; x_wconf 90' lang='lat' dir='ltr'><strong>in</strong></span> <span class='ocrx_word' id='word_1_462' title='bbox 1168 5842 1324 5898; x_wconf 89' lang='lat' dir='ltr'><strong>terris</strong></span> <span class='ocrx_word' id='word_1_463' title='bbox 1356 5861 1368 5896; x_wconf 87' lang='lat'><strong>:</strong></span> <span class='ocrx_word' id='word_1_464' title='bbox 1399 5856 1497 5898; x_wconf 91' lang='lat' dir='ltr'><strong>nos</strong></span> <span class='ocrx_word' id='word_1_465' title='bbox 1543 5857 1670 5896; x_wconf 90' lang='lat' dir='ltr'><strong>vero</strong></span> <span class='ocrx_word' id='word_1_466' title='bbox 1701 5840 1839 5896; x_wconf 88' lang='lat' dir='ltr'><strong>divi-</strong></span> 
     </span>
    </p>
   </div>
   <div class='ocr_carea' id='block_1_61' title="bbox 3434 425 3538 481">
    <p class='ocr_par' dir='ltr' id='par_1_61' title="bbox 3434 425 3538 481">
     <span class='ocr_line' id='line_1_61' title="bbox 3434 425 3538 481; baseline 0.01 -1"><span class='ocrx_word' id='word_1_467' title='bbox 3434 425 3538 481; x_wconf 73' lang='grc'><strong>782</strong></span> 
     </span>
    </p>
   </div>
   <div class='ocr_carea' id='block_1_62' title="bbox 1951 525 3530 608">
    <p class='ocr_par' dir='ltr' id='par_1_62' title="bbox 1951 525 3530 608">
     <span class='ocr_line' id='line_1_62' title="bbox 1951 525 3530 608; baseline 0.01 -31"><span class='ocrx_word' id='word_1_468' title='bbox 1951 540 2137 580; x_wconf 88' lang='lat' dir='ltr'><strong>uarum</strong></span> <span class='ocrx_word' id='word_1_469' title='bbox 2177 525 2449 584; x_wconf 89' lang='lat' dir='ltr'><strong>literarum</strong></span> <span class='ocrx_word' id='word_1_470' title='bbox 2487 533 2707 603; x_wconf 80' lang='lat' dir='ltr'><strong>pelagus</strong></span> <span class='ocrx_word' id='word_1_471' title='bbox 2751 533 3136 604; x_wconf 88' lang='lat' dir='ltr'><strong>perlustremus</strong></span> <span class='ocrx_word' id='word_1_472' title='bbox 3173 545 3227 592; x_wconf 87' lang='lat' dir='ltr'><strong>et</strong></span> <span class='ocrx_word' id='word_1_473' title='bbox 3255 536 3317 590; x_wconf 86' lang='lat' dir='ltr'><strong>ad</strong></span> <span class='ocrx_word' id='word_1_474' title='bbox 3361 540 3530 608; x_wconf 85' lang='lat' dir='ltr'><strong>ipsum</strong></span> 
     </span>
    </p>
   </div>
   <div class='ocr_carea' id='block_1_63' title="bbox 1947 617 3530 700">
    <p class='ocr_par' dir='ltr' id='par_1_63' title="bbox 1947 617 3530 700">
     <span class='ocr_line' id='line_1_63' title="bbox 1947 617 3530 700; baseline 0.01 -29"><span class='ocrx_word' id='word_1_475' title='bbox 1947 617 2267 687; x_wconf 89' lang='lat' dir='ltr'><strong>profundum</strong></span> <span class='ocrx_word' id='word_1_476' title='bbox 2309 623 2603 692; x_wconf 85' lang='lat' dir='ltr'><strong>spiritualis</strong></span> <span class='ocrx_word' id='word_1_477' title='bbox 2641 628 2952 696; x_wconf 69' lang='lat' dir='ltr'><strong>sapientixe,</strong></span> <span class='ocrx_word' id='word_1_478' title='bbox 2988 641 3242 700; x_wconf 89' lang='lat' dir='ltr'><strong>quantum</strong></span> <span class='ocrx_word' id='word_1_479' title='bbox 3277 633 3329 686; x_wconf 93' lang='lat' dir='ltr'><strong>in</strong></span> <span class='ocrx_word' id='word_1_480' title='bbox 3373 634 3530 688; x_wconf 88' lang='lat' dir='ltr'><strong>nobis</strong></span> 
     </span>
    </p>
   </div>
   <div class='ocr_carea' id='block_1_64' title="bbox 1946 713 3534 790">
    <p class='ocr_par' dir='ltr' id='par_1_64' title="bbox 1946 713 3534 790">
     <span class='ocr_line' id='line_1_64' title="bbox 1946 713 3534 790; baseline 0.011 -29"><span class='ocrx_word' id='word_1_481' title='bbox 1946 718 2050 776; x_wconf 91' lang='lat' dir='ltr'><strong>est,</strong></span> <span class='ocrx_word' id='word_1_482' title='bbox 2081 713 2464 780; x_wconf 85' lang='lat' dir='ltr'><strong>decurramus,</strong></span> <span class='ocrx_word' id='word_1_483' title='bbox 2498 724 2552 770; x_wconf 93' lang='lat' dir='ltr'><strong>ut</strong></span> <span class='ocrx_word' id='word_1_484' title='bbox 2608 718 2761 772; x_wconf 88' lang='lat' dir='ltr'><strong>vobis</strong></span> <span class='ocrx_word' id='word_1_485' title='bbox 2803 719 3110 775; x_wconf 87' lang='lat' dir='ltr'><strong>thesaurum</strong></span> <span class='ocrx_word' id='word_1_486' title='bbox 3153 725 3534 790; x_wconf 78' lang='lat' dir='ltr'><strong>praestantissi-</strong></span> 
     </span>
    </p>
   </div>
   <div class='ocr_carea' id='block_1_65' title="bbox 1951 803 3536 884">
    <p class='ocr_par' dir='ltr' id='par_1_65' title="bbox 1951 803 3536 884">
     <span class='ocr_line' id='line_1_65' title="bbox 1951 803 3536 884; baseline 0.01 -32"><span class='ocrx_word' id='word_1_487' title='bbox 1951 817 2093 855; x_wconf 92' lang='lat' dir='ltr'><strong>mum</strong></span> <span class='ocrx_word' id='word_1_488' title='bbox 2121 803 2426 870; x_wconf 70' lang='lat' dir='ltr'><strong>aderamus,</strong></span> <span class='ocrx_word' id='word_1_489' title='bbox 2457 809 2548 876; x_wconf 89' lang='lat' dir='ltr'><strong>qui</strong></span> <span class='ocrx_word' id='word_1_490' title='bbox 2578 811 2786 863; x_wconf 89' lang='lat' dir='ltr'><strong>animos</strong></span> <span class='ocrx_word' id='word_1_491' title='bbox 2816 821 2972 865; x_wconf 90' lang='lat' dir='ltr'><strong>ornet</strong></span> <span class='ocrx_word' id='word_1_492' title='bbox 3001 813 3193 868; x_wconf 88' lang='lat' dir='ltr'><strong>melius</strong></span> <span class='ocrx_word' id='word_1_493' title='bbox 3213 856 3228 879; x_wconf 90' lang='lat'><strong>,</strong></span> <span class='ocrx_word' id='word_1_494' title='bbox 3255 829 3414 884; x_wconf 86' lang='lat' dir='ltr'><strong>quam</strong></span> <span class='ocrx_word' id='word_1_495' title='bbox 3440 831 3536 870; x_wconf 84' lang='lat' dir='ltr'><strong>ca-</strong></span> 
     </span>
    </p>
   </div>
   <div class='ocr_carea' id='block_1_66' title="bbox 1950 893 3534 970">
    <p class='ocr_par' dir='ltr' id='par_1_66' title="bbox 1950 893 3534 970">
     <span class='ocr_line' id='line_1_66' title="bbox 1950 893 3534 970; baseline 0.011 -27"><span class='ocrx_word' id='word_1_496' title='bbox 1950 893 2055 959; x_wconf 89' lang='lat' dir='ltr'><strong>pita</strong></span> <span class='ocrx_word' id='word_1_497' title='bbox 2083 908 2264 961; x_wconf 84' lang='lat' dir='ltr'><strong>regum</strong></span> <span class='ocrx_word' id='word_1_498' title='bbox 2293 897 2714 963; x_wconf 60' lang='lat' dir='ltr'><strong>praeclarissimis</strong></span> <span class='ocrx_word' id='word_1_499' title='bbox 2753 903 2983 970; x_wconf 87' lang='lat' dir='ltr'><strong>gemmis</strong></span> <span class='ocrx_word' id='word_1_500' title='bbox 3008 903 3272 959; x_wconf 61' lang='lat' dir='ltr'><strong>distinctae</strong></span> <span class='ocrx_word' id='word_1_501' title='bbox 3299 921 3534 960; x_wconf 67' lang='lat' dir='ltr'><strong>coronie.</strong></span> 
     </span>
    </p>
   </div>
   <div class='ocr_carea' id='block_1_67' title="bbox 1949 982 3536 1061">
    <p class='ocr_par' dir='ltr' id='par_1_67' title="bbox 1949 982 3536 1061">
     <span class='ocr_line' id='line_1_67' title="bbox 1949 982 3536 1061; baseline 0.01 -27"><span class='ocrx_word' id='word_1_502' title='bbox 1949 982 2187 1052; x_wconf 87' lang='lat' dir='ltr'><strong>Namque</strong></span> <span class='ocrx_word' id='word_1_503' title='bbox 2222 983 2413 1040; x_wconf 85' lang='lat' dir='ltr'><strong>harum</strong></span> <span class='ocrx_word' id='word_1_504' title='bbox 2456 992 2758 1056; x_wconf 70' lang='lat' dir='ltr'><strong>praestantia</strong></span> <span class='ocrx_word' id='word_1_505' title='bbox 2806 991 2966 1061; x_wconf 87' lang='lat' dir='ltr'><strong>hujus</strong></span> <span class='ocrx_word' id='word_1_506' title='bbox 3006 995 3128 1048; x_wconf 74' lang='lat' dir='ltr'><strong>vita:</strong></span> <span class='ocrx_word' id='word_1_507' title='bbox 3171 997 3403 1050; x_wconf 89' lang='lat' dir='ltr'><strong>termino</strong></span> <span class='ocrx_word' id='word_1_508' title='bbox 3431 998 3536 1050; x_wconf 75' lang='lat' dir='ltr'><strong>cir-</strong></span> 
     </span>
    </p>
   </div>
   <div class='ocr_carea' id='block_1_68' title="bbox 1948 1075 3538 1153">
    <p class='ocr_par' dir='ltr' id='par_1_68' title="bbox 1948 1075 3538 1153">
     <span class='ocr_line' id='line_1_68' title="bbox 1948 1075 3538 1153; baseline 0.008 -27"><span class='ocrx_word' id='word_1_509' title='bbox 1948 1075 2363 1131; x_wconf 88' lang='lat' dir='ltr'><strong>cumscribitur:</strong></span> <span class='ocrx_word' id='word_1_510' title='bbox 2404 1081 2494 1147; x_wconf 90' lang='lat' dir='ltr'><strong>qui</strong></span> <span class='ocrx_word' id='word_1_511' title='bbox 2523 1095 2649 1134; x_wconf 89' lang='lat' dir='ltr'><strong>vero</strong></span> <span class='ocrx_word' id='word_1_512' title='bbox 2681 1084 3018 1138; x_wconf 85' lang='lat' dir='ltr'><strong>sermonibus</strong></span> <span class='ocrx_word' id='word_1_513' title='bbox 3058 1085 3288 1153; x_wconf 89' lang='lat' dir='ltr'><strong>Spiritus</strong></span> <span class='ocrx_word' id='word_1_514' title='bbox 3313 1099 3538 1140; x_wconf 85' lang='lat' dir='ltr'><strong>coronat</strong></span> 
     </span>
    </p>
   </div>
   <div class='ocr_carea' id='block_1_69' title="bbox 1948 1165 3538 1238">
    <p class='ocr_par' dir='ltr' id='par_1_69' title="bbox 1948 1165 3538 1238">
     <span class='ocr_line' id='line_1_69' title="bbox 1948 1165 3538 1238; baseline 0.009 -22"><span class='ocrx_word' id='word_1_515' title='bbox 1948 1165 2207 1228; x_wconf 87' lang='lat' dir='ltr'><strong>animum,</strong></span> <span class='ocrx_word' id='word_1_516' title='bbox 2238 1168 2285 1220; x_wconf 90' lang='lat' dir='ltr'><strong>is</strong></span> <span class='ocrx_word' id='word_1_517' title='bbox 2313 1179 2367 1222; x_wconf 91' lang='lat' dir='ltr'><strong>et</strong></span> <span class='ocrx_word' id='word_1_518' title='bbox 2399 1168 2509 1237; x_wconf 91' lang='lat' dir='ltr'><strong>jam</strong></span> <span class='ocrx_word' id='word_1_519' title='bbox 2553 1185 2778 1225; x_wconf 89' lang='lat' dir='ltr'><strong>securus</strong></span> <span class='ocrx_word' id='word_1_520' title='bbox 2817 1173 2964 1238; x_wconf 89' lang='lat' dir='ltr'><strong>vivit,</strong></span> <span class='ocrx_word' id='word_1_521' title='bbox 2995 1182 3050 1228; x_wconf 88' lang='lat' dir='ltr'><strong>et</strong></span> <span class='ocrx_word' id='word_1_522' title='bbox 3090 1175 3198 1229; x_wconf 87' lang='lat' dir='ltr'><strong>vita</strong></span> <span class='ocrx_word' id='word_1_523' title='bbox 3239 1175 3451 1230; x_wconf 87' lang='lat' dir='ltr'><strong>functus</strong></span> <span class='ocrx_word' id='word_1_524' title='bbox 3477 1177 3538 1230; x_wconf 83' lang='lat' dir='ltr'><strong>ll-</strong></span> 
     </span>
    </p>
   </div>
   <div class='ocr_carea' id='block_1_70' title="bbox 1949 1255 3538 1329">
    <p class='ocr_par' dir='ltr' id='par_1_70' title="bbox 1949 1255 3538 1329">
     <span class='ocr_line' id='line_1_70' title="bbox 1949 1255 3538 1329; baseline 0.009 -21"><span class='ocrx_word' id='word_1_525' title='bbox 1949 1255 2096 1309; x_wconf 91' lang='lat' dir='ltr'><strong>denti</strong></span> <span class='ocrx_word' id='word_1_526' title='bbox 2123 1259 2303 1311; x_wconf 92' lang='lat' dir='ltr'><strong>animo</strong></span> <span class='ocrx_word' id='word_1_527' title='bbox 2331 1259 2396 1313; x_wconf 88' lang='lat' dir='ltr'><strong>ad</strong></span> <span class='ocrx_word' id='word_1_528' title='bbox 2422 1260 2621 1315; x_wconf 82' lang='lat' dir='ltr'><strong>Christi</strong></span> <span class='ocrx_word' id='word_1_529' title='bbox 2653 1263 2882 1317; x_wconf 90' lang='lat' dir='ltr'><strong>tribunal</strong></span> <span class='ocrx_word' id='word_1_530' title='bbox 2912 1266 3140 1329; x_wconf 85' lang='lat' dir='ltr'><strong>accedit,</strong></span> <span class='ocrx_word' id='word_1_531' title='bbox 3175 1267 3402 1322; x_wconf 90' lang='lat' dir='ltr'><strong>refertus</strong></span> <span class='ocrx_word' id='word_1_532' title='bbox 3429 1271 3538 1322; x_wconf 70' lang='lat' dir='ltr'><strong>viro</strong></span> 
     </span>
    </p>
   </div>
   <div class='ocr_carea' id='block_1_71' title="bbox 1951 1349 3536 1430">
    <p class='ocr_par' dir='ltr' id='par_1_71' title="bbox 1951 1349 3536 1430">
     <span class='ocr_line' id='line_1_71' title="bbox 1951 1349 3536 1430; baseline 0.009 -30"><span class='ocrx_word' id='word_1_533' title='bbox 1951 1349 2173 1414; x_wconf 90' lang='lat' dir='ltr'><strong>tutibus,</strong></span> <span class='ocrx_word' id='word_1_534' title='bbox 2226 1361 2279 1404; x_wconf 91' lang='lat' dir='ltr'><strong>et</strong></span> <span class='ocrx_word' id='word_1_535' title='bbox 2324 1352 2390 1405; x_wconf 88' lang='lat' dir='ltr'><strong>ab</strong></span> <span class='ocrx_word' id='word_1_536' title='bbox 2433 1355 2577 1408; x_wconf 86' lang='lat' dir='ltr'><strong>omni</strong></span> <span class='ocrx_word' id='word_1_537' title='bbox 2607 1355 2726 1410; x_wconf 87' lang='lat' dir='ltr'><strong>labe</strong></span> <span class='ocrx_word' id='word_1_538' title='bbox 2768 1357 3161 1428; x_wconf 83' lang='lat' dir='ltr'><strong>integerrimus.</strong></span> <span class='ocrx_word' id='word_1_539' title='bbox 3196 1361 3335 1430; x_wconf 85' lang='lat' dir='ltr'><strong>Ergo</strong></span> <span class='ocrx_word' id='word_1_540' title='bbox 3373 1376 3536 1430; x_wconf 89' lang='lat' dir='ltr'><strong>quem</strong></span> 
     </span>
    </p>
   </div>
   <div class='ocr_carea' id='block_1_72' title="bbox 1951 1443 3535 1522">
    <p class='ocr_par' dir='ltr' id='par_1_72' title="bbox 1951 1443 3535 1522">
     <span class='ocr_line' id='line_1_72' title="bbox 1951 1443 3535 1522; baseline 0.01 -29"><span class='ocrx_word' id='word_1_541' title='bbox 1951 1443 2164 1496; x_wconf 89' lang='lat' dir='ltr'><strong>tandem</strong></span> <span class='ocrx_word' id='word_1_542' title='bbox 2198 1444 2509 1498; x_wconf 88' lang='lat' dir='ltr'><strong>thesaurum</strong></span> <span class='ocrx_word' id='word_1_543' title='bbox 2537 1461 2567 1500; x_wconf 95' lang='lat' dir='ltr'><strong>e</strong></span> <span class='ocrx_word' id='word_1_544' title='bbox 2597 1464 2872 1503; x_wconf 89' lang='lat' dir='ltr'><strong>sacrorum</strong></span> <span class='ocrx_word' id='word_1_545' title='bbox 2904 1452 3232 1507; x_wconf 88' lang='lat' dir='ltr'><strong>voluminum</strong></span> <span class='ocrx_word' id='word_1_546' title='bbox 3270 1454 3535 1522; x_wconf 85' lang='lat' dir='ltr'><strong>profundo</strong></span> 
     </span>
    </p>
   </div>
   <div class='ocr_carea' id='block_1_73' title="bbox 1950 1534 3534 1615">
    <p class='ocr_par' dir='ltr' id='par_1_73' title="bbox 1950 1534 3534 1615">
     <span class='ocr_line' id='line_1_73' title="bbox 1950 1534 3534 1615; baseline 0.011 -29"><span class='ocrx_word' id='word_1_547' title='bbox 1950 1534 2100 1587; x_wconf 90' lang='lat' dir='ltr'><strong>vobis</strong></span> <span class='ocrx_word' id='word_1_548' title='bbox 2130 1534 2425 1603; x_wconf 67' lang='lat' dir='ltr'><strong>ell‘erimus,</strong></span> <span class='ocrx_word' id='word_1_549' title='bbox 2460 1554 2564 1592; x_wconf 93' lang='lat' dir='ltr'><strong>non</strong></span> <span class='ocrx_word' id='word_1_550' title='bbox 2599 1541 2769 1608; x_wconf 91' lang='lat' dir='ltr'><strong>ipsum</strong></span> <span class='ocrx_word' id='word_1_551' title='bbox 2803 1544 3077 1612; x_wconf 68' lang='lat' dir='ltr'><strong>sapientiae</strong></span> <span class='ocrx_word' id='word_1_552' title='bbox 3103 1548 3426 1615; x_wconf 86' lang='lat' dir='ltr'><strong>profundum</strong></span> <span class='ocrx_word' id='word_1_553' title='bbox 3455 1560 3534 1603; x_wconf 87' lang='lat' dir='ltr'><strong>at-</strong></span> 
     </span>
    </p>
   </div>
   <div class='ocr_carea' id='block_1_74' title="bbox 1951 1627 3535 1708">
    <p class='ocr_par' dir='ltr' id='par_1_74' title="bbox 1951 1627 3535 1708">
     <span class='ocr_line' id='line_1_74' title="bbox 1951 1627 3535 1708; baseline 0.008 -28"><span class='ocrx_word' id='word_1_554' title='bbox 1951 1627 2233 1695; x_wconf 87' lang='lat' dir='ltr'><strong>tingentes,</strong></span> <span class='ocrx_word' id='word_1_555' title='bbox 2265 1630 2360 1684; x_wconf 86' lang='lat' dir='ltr'><strong>sed</strong></span> <span class='ocrx_word' id='word_1_556' title='bbox 2390 1645 2454 1685; x_wconf 92' lang='lat' dir='ltr'><strong>eo</strong></span> <span class='ocrx_word' id='word_1_557' title='bbox 2477 1631 2702 1702; x_wconf 89' lang='lat' dir='ltr'><strong>delapsi,</strong></span> <span class='ocrx_word' id='word_1_558' title='bbox 2733 1651 2838 1704; x_wconf 91' lang='lat' dir='ltr'><strong>quo</strong></span> <span class='ocrx_word' id='word_1_559' title='bbox 2868 1636 3032 1690; x_wconf 79' lang='lat' dir='ltr'><strong>licet?</strong></span> <span class='ocrx_word' id='word_1_560' title='bbox 3061 1639 3143 1692; x_wconf 85' lang='lat' dir='ltr'><strong>Ad</strong></span> <span class='ocrx_word' id='word_1_561' title='bbox 3175 1641 3535 1708; x_wconf 85' lang='lat' dir='ltr'><strong>precationem</strong></span> 
     </span>
    </p>
   </div>
   <div class='ocr_carea' id='block_1_75' title="bbox 1949 1717 3537 1802">
    <p class='ocr_par' dir='ltr' id='par_1_75' title="bbox 1949 1717 3537 1802">
     <span class='ocr_line' id='line_1_75' title="bbox 1949 1717 3537 1802; baseline 0.01 -30"><span class='ocrx_word' id='word_1_562' title='bbox 1949 1717 2196 1773; x_wconf 89' lang='lat' dir='ltr'><strong>Christus</strong></span> <span class='ocrx_word' id='word_1_563' title='bbox 2241 1722 2486 1776; x_wconf 90' lang='lat' dir='ltr'><strong>homines</strong></span> <span class='ocrx_word' id='word_1_564' title='bbox 2526 1740 2646 1779; x_wconf 94' lang='lat' dir='ltr'><strong>cum</strong></span> <span class='ocrx_word' id='word_1_565' title='bbox 2682 1727 2839 1781; x_wconf 89' lang='lat' dir='ltr'><strong>vellet</strong></span> <span class='ocrx_word' id='word_1_566' title='bbox 2881 1729 3118 1796; x_wconf 88' lang='lat' dir='ltr'><strong>allicere,</strong></span> <span class='ocrx_word' id='word_1_567' title='bbox 3148 1741 3202 1785; x_wconf 91' lang='lat' dir='ltr'><strong>et</strong></span> <span class='ocrx_word' id='word_1_568' title='bbox 3247 1733 3362 1802; x_wconf 87' lang='lat' dir='ltr'><strong>ejus</strong></span> <span class='ocrx_word' id='word_1_569' title='bbox 3391 1749 3537 1789; x_wconf 83' lang='lat' dir='ltr'><strong>com-</strong></span> 
     </span>
    </p>
   </div>
   <div class='ocr_carea' id='block_1_76' title="bbox 1948 1809 3535 1891">
    <p class='ocr_par' dir='ltr' id='par_1_76' title="bbox 1948 1809 3535 1891">
     <span class='ocr_line' id='line_1_76' title="bbox 1948 1809 3535 1891; baseline 0.01 -28"><span class='ocrx_word' id='word_1_570' title='bbox 1948 1809 2106 1863; x_wconf 91' lang='lat' dir='ltr'><strong>moda</strong></span> <span class='ocrx_word' id='word_1_571' title='bbox 2143 1812 2342 1867; x_wconf 88' lang='lat' dir='ltr'><strong>nostris</strong></span> <span class='ocrx_word' id='word_1_572' title='bbox 2383 1815 2650 1870; x_wconf 90' lang='lat' dir='ltr'><strong>mentibus</strong></span> <span class='ocrx_word' id='word_1_573' title='bbox 2692 1832 3029 1888; x_wconf 89' lang='lat' dir='ltr'><strong>proponere,</strong></span> <span class='ocrx_word' id='word_1_574' title='bbox 3054 1820 3289 1891; x_wconf 90' lang='lat' dir='ltr'><strong>judicem</strong></span> <span class='ocrx_word' id='word_1_575' title='bbox 3333 1823 3535 1879; x_wconf 88' lang='lat' dir='ltr'><strong>inducit</strong></span> 
     </span>
    </p>
   </div>
   <div class='ocr_carea' id='block_1_77' title="bbox 1947 1902 3536 1981">
    <p class='ocr_par' dir='ltr' id='par_1_77' title="bbox 1947 1902 3536 1981">
     <span class='ocr_line' id='line_1_77' title="bbox 1947 1902 3536 1981; baseline 0.011 -28"><span class='ocrx_word' id='word_1_576' title='bbox 1947 1902 2232 1970; x_wconf 86' lang='lat' dir='ltr'><strong>quemdam</strong></span> <span class='ocrx_word' id='word_1_577' title='bbox 2261 1903 2560 1973; x_wconf 90' lang='lat' dir='ltr'><strong>improbum</strong></span> <span class='ocrx_word' id='word_1_578' title='bbox 2582 1948 2596 1972; x_wconf 93' lang='lat'><strong>,</strong></span> <span class='ocrx_word' id='word_1_579' title='bbox 2627 1923 2850 1977; x_wconf 65' lang='lat' dir='ltr'><strong>saevum,</strong></span> <span class='ocrx_word' id='word_1_580' title='bbox 2902 1913 2992 1981; x_wconf 90' lang='lat' dir='ltr'><strong>qui</strong></span> <span class='ocrx_word' id='word_1_581' title='bbox 3023 1913 3282 1981; x_wconf 89' lang='lat' dir='ltr'><strong>pudorem</strong></span> <span class='ocrx_word' id='word_1_582' title='bbox 3322 1930 3536 1971; x_wconf 87' lang='lat' dir='ltr'><strong>omnem</strong></span> 
     </span>
    </p>
   </div>
   <div class='ocr_carea' id='block_1_78' title="bbox 1947 1991 3536 2072">
    <p class='ocr_par' dir='ltr' id='par_1_78' title="bbox 1947 1991 3536 2072">
     <span class='ocr_line' id='line_1_78' title="bbox 1947 1991 3536 2072; baseline 0.008 -27"><span class='ocrx_word' id='word_1_583' title='bbox 1947 1991 2016 2045; x_wconf 88' lang='lat' dir='ltr'><strong>ab</strong></span> <span class='ocrx_word' id='word_1_584' title='bbox 2036 1995 2206 2048; x_wconf 92' lang='lat' dir='ltr'><strong>oculis</strong></span> <span class='ocrx_word' id='word_1_585' title='bbox 2221 1993 2530 2065; x_wconf 88' lang='lat' dir='ltr'><strong>abjecisset,</strong></span> <span class='ocrx_word' id='word_1_586' title='bbox 2559 1998 2649 2052; x_wconf 90' lang='lat' dir='ltr'><strong>Dei</strong></span> <span class='ocrx_word' id='word_1_587' title='bbox 2672 2000 2917 2054; x_wconf 91' lang='lat' dir='ltr'><strong>timorem</strong></span> <span class='ocrx_word' id='word_1_588' title='bbox 2941 2003 3232 2072; x_wconf 85' lang='lat' dir='ltr'><strong>expulisset</strong></span> <span class='ocrx_word' id='word_1_589' title='bbox 3249 2021 3313 2060; x_wconf 85' lang='lat' dir='ltr'><strong>ex</strong></span> <span class='ocrx_word' id='word_1_590' title='bbox 3335 2008 3536 2061; x_wconf 87' lang='lat' dir='ltr'><strong>animo.</strong></span> 
     </span>
    </p>
   </div>
   <div class='ocr_carea' id='block_1_79' title="bbox 1948 2085 3538 2167">
    <p class='ocr_par' dir='ltr' id='par_1_79' title="bbox 1948 2085 3538 2167">
     <span class='ocr_line' id='line_1_79' title="bbox 1948 2085 3538 2167; baseline 0.009 -29"><span class='ocrx_word' id='word_1_591' title='bbox 1948 2085 2108 2154; x_wconf 86' lang='lat' dir='ltr'><strong>Atqui</strong></span> <span class='ocrx_word' id='word_1_592' title='bbox 2157 2088 2286 2140; x_wconf 87' lang='lat' dir='ltr'><strong>satis</strong></span> <span class='ocrx_word' id='word_1_593' title='bbox 2332 2086 2433 2141; x_wconf 90' lang='lat' dir='ltr'><strong>fuit</strong></span> <span class='ocrx_word' id='word_1_594' title='bbox 2470 2089 2598 2158; x_wconf 90' lang='lat' dir='ltr'><strong>justi</strong></span> <span class='ocrx_word' id='word_1_595' title='bbox 2648 2099 2702 2145; x_wconf 90' lang='lat' dir='ltr'><strong>et</strong></span> <span class='ocrx_word' id='word_1_596' title='bbox 2750 2093 3031 2147; x_wconf 89' lang='lat' dir='ltr'><strong>clementis</strong></span> <span class='ocrx_word' id='word_1_597' title='bbox 3073 2096 3371 2165; x_wconf 90' lang='lat' dir='ltr'><strong>cujuspiam</strong></span> <span class='ocrx_word' id='word_1_598' title='bbox 3420 2114 3538 2167; x_wconf 61' lang='lat' dir='ltr'><strong>pero</strong></span> 
     </span>
    </p>
   </div>
   <div class='ocr_carea' id='block_1_80' title="bbox 1947 2179 3538 2250">
    <p class='ocr_par' dir='ltr' id='par_1_80' title="bbox 1947 2179 3538 2250">
     <span class='ocr_line' id='line_1_80' title="bbox 1947 2179 3538 2250; baseline 0.008 -20"><span class='ocrx_word' id='word_1_599' title='bbox 1947 2191 2133 2230; x_wconf 89' lang='lat' dir='ltr'><strong>sonam</strong></span> <span class='ocrx_word' id='word_1_600' title='bbox 2178 2179 2450 2244; x_wconf 90' lang='lat' dir='ltr'><strong>inducere,</strong></span> <span class='ocrx_word' id='word_1_601' title='bbox 2485 2189 2544 2235; x_wconf 91' lang='lat' dir='ltr'><strong>ut</strong></span> <span class='ocrx_word' id='word_1_602' title='bbox 2579 2183 2696 2250; x_wconf 89' lang='lat' dir='ltr'><strong>ejus</strong></span> <span class='ocrx_word' id='word_1_603' title='bbox 2721 2183 2948 2250; x_wconf 86' lang='lat' dir='ltr'><strong>justitia,</strong></span> <span class='ocrx_word' id='word_1_604' title='bbox 2989 2185 3032 2239; x_wconf 91' lang='lat' dir='ltr'><strong>si</strong></span> <span class='ocrx_word' id='word_1_605' title='bbox 3061 2201 3182 2240; x_wconf 91' lang='lat' dir='ltr'><strong>cum</strong></span> <span class='ocrx_word' id='word_1_606' title='bbox 3220 2187 3401 2243; x_wconf 89' lang='lat' dir='ltr'><strong>divina</strong></span> <span class='ocrx_word' id='word_1_607' title='bbox 3430 2189 3538 2243; x_wconf 87' lang='lat' dir='ltr'><strong>cle-</strong></span> 
     </span>
    </p>
   </div>
   <div class='ocr_carea' id='block_1_81' title="bbox 1947 2269 3536 2343">
    <p class='ocr_par' dir='ltr' id='par_1_81' title="bbox 1947 2269 3536 2343">
     <span class='ocr_line' id='line_1_81' title="bbox 1947 2269 3536 2343; baseline 0.009 -23"><span class='ocrx_word' id='word_1_608' title='bbox 1947 2269 2144 2322; x_wconf 90' lang='lat' dir='ltr'><strong>mentia</strong></span> <span class='ocrx_word' id='word_1_609' title='bbox 2170 2269 2526 2334; x_wconf 86' lang='lat' dir='ltr'><strong>conferretur,</strong></span> <span class='ocrx_word' id='word_1_610' title='bbox 2557 2275 2659 2328; x_wconf 90' lang='lat' dir='ltr'><strong>vim</strong></span> <span class='ocrx_word' id='word_1_611' title='bbox 2706 2276 3034 2343; x_wconf 88' lang='lat' dir='ltr'><strong>precationis</strong></span> <span class='ocrx_word' id='word_1_612' title='bbox 3079 2279 3409 2334; x_wconf 88' lang='lat' dir='ltr'><strong>ostenderet.</strong></span> <span class='ocrx_word' id='word_1_613' title='bbox 3445 2281 3536 2335; x_wconf 85' lang='lat' dir='ltr'><strong>Et-</strong></span> 
     </span>
    </p>
   </div>
   <div class='ocr_carea' id='block_1_82' title="bbox 1946 2359 3534 2442">
    <p class='ocr_par' dir='ltr' id='par_1_82' title="bbox 1946 2359 3534 2442">
     <span class='ocr_line' id='line_1_82' title="bbox 1946 2359 3534 2442; baseline 0.006 -28"><span class='ocrx_word' id='word_1_614' title='bbox 1946 2359 2089 2414; x_wconf 89' lang='lat' dir='ltr'><strong>enim</strong></span> <span class='ocrx_word' id='word_1_615' title='bbox 2117 2361 2162 2414; x_wconf 92' lang='lat' dir='ltr'><strong>si</strong></span> <span class='ocrx_word' id='word_1_616' title='bbox 2195 2361 2274 2414; x_wconf 88' lang='lat' dir='ltr'><strong>vir</strong></span> <span class='ocrx_word' id='word_1_617' title='bbox 2303 2363 2474 2417; x_wconf 90' lang='lat' dir='ltr'><strong>bonus</strong></span> <span class='ocrx_word' id='word_1_618' title='bbox 2503 2374 2557 2418; x_wconf 91' lang='lat' dir='ltr'><strong>et</strong></span> <span class='ocrx_word' id='word_1_619' title='bbox 2585 2364 2729 2419; x_wconf 90' lang='lat' dir='ltr'><strong>mitis</strong></span> <span class='ocrx_word' id='word_1_620' title='bbox 2756 2381 2849 2420; x_wconf 89' lang='lat' dir='ltr'><strong>eos</strong></span> <span class='ocrx_word' id='word_1_621' title='bbox 2866 2367 3170 2424; x_wconf 89' lang='lat' dir='ltr'><strong>humaniter</strong></span> <span class='ocrx_word' id='word_1_622' title='bbox 3197 2371 3414 2440; x_wconf 83' lang='lat' dir='ltr'><strong>excipit,</strong></span> <span class='ocrx_word' id='word_1_623' title='bbox 3445 2373 3534 2442; x_wconf 91' lang='lat' dir='ltr'><strong>qui</strong></span> 
     </span>
    </p>
   </div>
   <div class='ocr_carea' id='block_1_83' title="bbox 1947 2449 3533 2530">
    <p class='ocr_par' dir='ltr' id='par_1_83' title="bbox 1947 2449 3533 2530">
     <span class='ocr_line' id='line_1_83' title="bbox 1947 2449 3533 2530; baseline 0.01 -28"><span class='ocrx_word' id='word_1_624' title='bbox 1947 2449 2012 2502; x_wconf 90' lang='lat' dir='ltr'><strong>ad</strong></span> <span class='ocrx_word' id='word_1_625' title='bbox 2043 2463 2102 2504; x_wconf 89' lang='lat' dir='ltr'><strong>se</strong></span> <span class='ocrx_word' id='word_1_626' title='bbox 2128 2451 2398 2520; x_wconf 85' lang='lat' dir='ltr'><strong>supplices</strong></span> <span class='ocrx_word' id='word_1_627' title='bbox 2426 2455 2667 2517; x_wconf 89' lang='lat' dir='ltr'><strong>veniunt,</strong></span> <span class='ocrx_word' id='word_1_628' title='bbox 2699 2469 2901 2524; x_wconf 88' lang='lat' dir='ltr'><strong>quanto</strong></span> <span class='ocrx_word' id='word_1_629' title='bbox 2929 2459 3098 2528; x_wconf 87' lang='lat' dir='ltr'><strong>magis</strong></span> <span class='ocrx_word' id='word_1_630' title='bbox 3117 2461 3352 2530; x_wconf 79' lang='lat' dir='ltr'><strong>excipiet</strong></span> <span class='ocrx_word' id='word_1_631' title='bbox 3375 2462 3533 2526; x_wconf 84' lang='lat' dir='ltr'><strong>Deus,</strong></span> 
     </span>
    </p>
   </div>
   <div class='ocr_carea' id='block_1_84' title="bbox 1945 2540 3536 2616">
    <p class='ocr_par' dir='ltr' id='par_1_84' title="bbox 1945 2540 3536 2616">
     <span class='ocr_line' id='line_1_84' title="bbox 1945 2540 3536 2616; baseline 0.006 -22"><span class='ocrx_word' id='word_1_632' title='bbox 1945 2540 2098 2609; x_wconf 87' lang='lat' dir='ltr'><strong>cujus</strong></span> <span class='ocrx_word' id='word_1_633' title='bbox 2129 2540 2472 2612; x_wconf 88' lang='lat' dir='ltr'><strong>benignitatis</strong></span> <span class='ocrx_word' id='word_1_634' title='bbox 2502 2546 2814 2616; x_wconf 84' lang='lat' dir='ltr'><strong>magnitudo</strong></span> <span class='ocrx_word' id='word_1_635' title='bbox 2845 2563 2950 2602; x_wconf 94' lang='lat' dir='ltr'><strong>non</strong></span> <span class='ocrx_word' id='word_1_636' title='bbox 2990 2549 3150 2604; x_wconf 92' lang='lat' dir='ltr'><strong>modo</strong></span> <span class='ocrx_word' id='word_1_637' title='bbox 3176 2561 3410 2606; x_wconf 90' lang='lat' dir='ltr'><strong>mentem</strong></span> <span class='ocrx_word' id='word_1_638' title='bbox 3441 2569 3536 2606; x_wconf 84' lang='lat' dir='ltr'><strong>no-</strong></span> 
     </span>
    </p>
   </div>
   <div class='ocr_carea' id='block_1_85' title="bbox 1948 2635 3536 2711">
    <p class='ocr_par' dir='ltr' id='par_1_85' title="bbox 1948 2635 3536 2711">
     <span class='ocr_line' id='line_1_85' title="bbox 1948 2635 3536 2711; baseline 0.008 -25"><span class='ocrx_word' id='word_1_639' title='bbox 1948 2643 2114 2687; x_wconf 89' lang='lat' dir='ltr'><strong>stram</strong></span> <span class='ocrx_word' id='word_1_640' title='bbox 2139 2673 2156 2698; x_wconf 89' lang='lat'><strong>,</strong></span> <span class='ocrx_word' id='word_1_641' title='bbox 2200 2635 2295 2689; x_wconf 91' lang='lat' dir='ltr'><strong>sed</strong></span> <span class='ocrx_word' id='word_1_642' title='bbox 2337 2637 2482 2706; x_wconf 90' lang='lat' dir='ltr'><strong>ipsos</strong></span> <span class='ocrx_word' id='word_1_643' title='bbox 2524 2639 2746 2708; x_wconf 83' lang='lat' dir='ltr'><strong>angelos</strong></span> <span class='ocrx_word' id='word_1_644' title='bbox 2772 2637 2936 2710; x_wconf 88' lang='lat' dir='ltr'><strong>fugit?</strong></span> <span class='ocrx_word' id='word_1_645' title='bbox 2963 2640 3107 2696; x_wconf 82' lang='lat' dir='ltr'><strong>Satis</strong></span> <span class='ocrx_word' id='word_1_646' title='bbox 3138 2643 3298 2711; x_wconf 88' lang='lat' dir='ltr'><strong>igitur</strong></span> <span class='ocrx_word' id='word_1_647' title='bbox 3319 2642 3450 2711; x_wconf 89' lang='lat' dir='ltr'><strong>fuit,</strong></span> <span class='ocrx_word' id='word_1_648' title='bbox 3481 2653 3536 2698; x_wconf 91' lang='lat' dir='ltr'><strong>ut</strong></span> 
     </span>
    </p>
   </div>
   <div class='ocr_carea' id='block_1_86' title="bbox 1948 2724 3535 2802">
    <p class='ocr_par' dir='ltr' id='par_1_86' title="bbox 1948 2724 3535 2802">
     <span class='ocr_line' id='line_1_86' title="bbox 1948 2724 3535 2802; baseline 0.007 -26"><span class='ocrx_word' id='word_1_649' title='bbox 1948 2725 2108 2780; x_wconf 89' lang='lat' dir='ltr'><strong>modo</strong></span> <span class='ocrx_word' id='word_1_650' title='bbox 2126 2726 2391 2792; x_wconf 86' lang='lat' dir='ltr'><strong>dicebam,</strong></span> <span class='ocrx_word' id='word_1_651' title='bbox 2410 2728 2539 2796; x_wconf 86' lang='lat' dir='ltr'><strong>justi</strong></span> <span class='ocrx_word' id='word_1_652' title='bbox 2557 2729 2752 2798; x_wconf 92' lang='lat' dir='ltr'><strong>judicis</strong></span> <span class='ocrx_word' id='word_1_653' title='bbox 2773 2745 3054 2799; x_wconf 89' lang='lat' dir='ltr'><strong>personam</strong></span> <span class='ocrx_word' id='word_1_654' title='bbox 3081 2724 3414 2800; x_wconf 67' lang='lat' dir='ltr'><strong>proponeref</strong></span> <span class='ocrx_word' id='word_1_655' title='bbox 3426 2734 3535 2802; x_wconf 90' lang='lat' dir='ltr'><strong>jam</strong></span> 
     </span>
    </p>
   </div>
   <div class='ocr_carea' id='block_1_87' title="bbox 1947 2819 3536 2891">
    <p class='ocr_par' dir='ltr' id='par_1_87' title="bbox 1947 2819 3536 2891">
     <span class='ocr_line' id='line_1_87' title="bbox 1947 2819 3536 2891; baseline 0.005 -20"><span class='ocrx_word' id='word_1_656' title='bbox 1947 2833 2075 2872; x_wconf 90' lang='lat' dir='ltr'><strong>vero</strong></span> <span class='ocrx_word' id='word_1_657' title='bbox 2118 2819 2353 2889; x_wconf 80' lang='lat' dir='ltr'><strong>judicent</strong></span> <span class='ocrx_word' id='word_1_658' title='bbox 2405 2821 2707 2886; x_wconf 90' lang='lat' dir='ltr'><strong>crudelem,</strong></span> <span class='ocrx_word' id='word_1_659' title='bbox 2757 2823 2999 2891; x_wconf 90' lang='lat' dir='ltr'><strong>impium,</strong></span> <span class='ocrx_word' id='word_1_660' title='bbox 3031 2824 3406 2879; x_wconf 84' lang='lat' dir='ltr'><strong>inhumanum</strong></span> <span class='ocrx_word' id='word_1_661' title='bbox 3458 2828 3536 2878; x_wconf 83' lang='lat' dir='ltr'><strong>in-</strong></span> 
     </span>
    </p>
   </div>
   <div class='ocr_carea' id='block_1_88' title="bbox 1947 2908 3538 2981">
    <p class='ocr_par' dir='ltr' id='par_1_88' title="bbox 1947 2908 3538 2981">
     <span class='ocr_line' id='line_1_88' title="bbox 1947 2908 3538 2981; baseline 0.008 -20"><span class='ocrx_word' id='word_1_662' title='bbox 1947 2908 2112 2976; x_wconf 91' lang='lat' dir='ltr'><strong>ducit,</strong></span> <span class='ocrx_word' id='word_1_663' title='bbox 2145 2911 2197 2964; x_wconf 94' lang='lat' dir='ltr'><strong>in</strong></span> <span class='ocrx_word' id='word_1_664' title='bbox 2224 2911 2358 2965; x_wconf 91' lang='lat' dir='ltr'><strong>alios</strong></span> <span class='ocrx_word' id='word_1_665' title='bbox 2385 2913 2601 2980; x_wconf 90' lang='lat' dir='ltr'><strong>quidem</strong></span> <span class='ocrx_word' id='word_1_666' title='bbox 2631 2914 2915 2981; x_wconf 89' lang='lat' dir='ltr'><strong>immitem,</strong></span> <span class='ocrx_word' id='word_1_667' title='bbox 2942 2914 2995 2968; x_wconf 91' lang='lat' dir='ltr'><strong>in</strong></span> <span class='ocrx_word' id='word_1_668' title='bbox 3023 2916 3370 2972; x_wconf 84' lang='lat' dir='ltr'><strong>obsecrantes</strong></span> <span class='ocrx_word' id='word_1_669' title='bbox 3392 2928 3538 2973; x_wconf 88' lang='lat' dir='ltr'><strong>certe</strong></span> 
     </span>
    </p>
   </div>
   <div class='ocr_carea' id='block_1_89' title="bbox 1948 2999 3534 3074">
    <p class='ocr_par' dir='ltr' id='par_1_89' title="bbox 1948 2999 3534 3074">
     <span class='ocr_line' id='line_1_89' title="bbox 1948 2999 3534 3074; baseline 0.006 -22"><span class='ocrx_word' id='word_1_670' title='bbox 1948 2999 2237 3069; x_wconf 89' lang='lat' dir='ltr'><strong>benignum</strong></span> <span class='ocrx_word' id='word_1_671' title='bbox 2269 3016 2332 3056; x_wconf 93' lang='lat' dir='ltr'><strong>ac</strong></span> <span class='ocrx_word' id='word_1_672' title='bbox 2362 3001 2572 3057; x_wconf 84' lang='lat' dir='ltr'><strong>facilem</strong></span> <span class='ocrx_word' id='word_1_673' title='bbox 2601 3021 2616 3056; x_wconf 87' lang='lat'><strong>:</strong></span> <span class='ocrx_word' id='word_1_674' title='bbox 2647 3013 2704 3056; x_wconf 89' lang='lat' dir='ltr'><strong>ut</strong></span> <span class='ocrx_word' id='word_1_675' title='bbox 2729 3004 2996 3074; x_wconf 84' lang='lat' dir='ltr'><strong>intelligas</strong></span> <span class='ocrx_word' id='word_1_676' title='bbox 3018 3007 3265 3061; x_wconf 90' lang='lat' dir='ltr'><strong>oratione</strong></span> <span class='ocrx_word' id='word_1_677' title='bbox 3291 3017 3534 3062; x_wconf 90' lang='lat' dir='ltr'><strong>naturam</strong></span> 
     </span>
    </p>
   </div>
   <div class='ocr_carea' id='block_1_90' title="bbox 1953 3091 3533 3166">
    <p class='ocr_par' dir='ltr' id='par_1_90' title="bbox 1953 3091 3533 3166">
     <span class='ocr_line' id='line_1_90' title="bbox 1953 3091 3533 3166; baseline 0.006 -26"><span class='ocrx_word' id='word_1_678' title='bbox 1953 3091 2035 3143; x_wconf 83' lang='lat' dir='ltr'><strong>vel</strong></span> <span class='ocrx_word' id='word_1_679' title='bbox 2072 3091 2370 3159; x_wconf 84' lang='lat' dir='ltr'><strong>improbam</strong></span> <span class='ocrx_word' id='word_1_680' title='bbox 2401 3092 2467 3145; x_wconf 90' lang='lat' dir='ltr'><strong>ad</strong></span> <span class='ocrx_word' id='word_1_681' title='bbox 2499 3093 2772 3148; x_wconf 90' lang='lat' dir='ltr'><strong>lenitatem</strong></span> <span class='ocrx_word' id='word_1_682' title='bbox 2822 3095 3270 3166; x_wconf 89' lang='lat' dir='ltr'><strong>clementiamque</strong></span> <span class='ocrx_word' id='word_1_683' title='bbox 3309 3097 3533 3152; x_wconf 87' lang='lat' dir='ltr'><strong>traduci.</strong></span> 
     </span>
    </p>
   </div>
   <div class='ocr_carea' id='block_1_91' title="bbox 1946 3181 3535 3251">
    <p class='ocr_par' dir='ltr' id='par_1_91' title="bbox 1946 3181 3535 3251">
     <span class='ocr_line' id='line_1_91' title="bbox 1946 3181 3535 3251; baseline 0.007 -17"><span class='ocrx_word' id='word_1_684' title='bbox 1946 3181 2212 3248; x_wconf 83' lang='lat' dir='ltr'><strong>Quorsum</strong></span> <span class='ocrx_word' id='word_1_685' title='bbox 2242 3184 2403 3251; x_wconf 85' lang='lat' dir='ltr'><strong>igitur</strong></span> <span class='ocrx_word' id='word_1_686' title='bbox 2429 3184 2672 3238; x_wconf 90' lang='lat' dir='ltr'><strong>Christus</strong></span> <span class='ocrx_word' id='word_1_687' title='bbox 2698 3185 2750 3240; x_wconf 90' lang='lat' dir='ltr'><strong>id</strong></span> <span class='ocrx_word' id='word_1_688' title='bbox 2783 3186 2944 3240; x_wconf 85' lang='lat' dir='ltr'><strong>fecit?</strong></span> <span class='ocrx_word' id='word_1_689' title='bbox 2966 3187 3034 3242; x_wconf 88' lang='lat' dir='ltr'><strong>Ut</strong></span> <span class='ocrx_word' id='word_1_690' title='bbox 3065 3204 3225 3244; x_wconf 90' lang='lat' dir='ltr'><strong>nemo</strong></span> <span class='ocrx_word' id='word_1_691' title='bbox 3252 3200 3397 3244; x_wconf 90' lang='lat' dir='ltr'><strong>esset</strong></span> <span class='ocrx_word' id='word_1_692' title='bbox 3422 3207 3535 3244; x_wconf 86' lang='lat' dir='ltr'><strong>om-</strong></span> 
     </span>
    </p>
   </div>
   <div class='ocr_carea' id='block_1_92' title="bbox 1946 3271 3534 3349">
    <p class='ocr_par' dir='ltr' id='par_1_92' title="bbox 1946 3271 3534 3349">
     <span class='ocr_line' id='line_1_92' title="bbox 1946 3271 3534 3349; baseline 0.008 -25"><span class='ocrx_word' id='word_1_693' title='bbox 1946 3271 2116 3336; x_wconf 92' lang='lat' dir='ltr'><strong>nium,-</strong></span> <span class='ocrx_word' id='word_1_694' title='bbox 2147 3273 2237 3341; x_wconf 91' lang='lat' dir='ltr'><strong>qui</strong></span> <span class='ocrx_word' id='word_1_695' title='bbox 2266 3273 2370 3326; x_wconf 90' lang='lat' dir='ltr'><strong>vim</strong></span> <span class='ocrx_word' id='word_1_696' title='bbox 2415 3276 2738 3342; x_wconf 89' lang='lat' dir='ltr'><strong>precationis</strong></span> <span class='ocrx_word' id='word_1_697' title='bbox 2767 3276 3060 3344; x_wconf 86' lang='lat' dir='ltr'><strong>ignoraret.</strong></span> <span class='ocrx_word' id='word_1_698' title='bbox 3093 3279 3228 3333; x_wconf 91' lang='lat' dir='ltr'><strong>Cum</strong></span> <span class='ocrx_word' id='word_1_699' title='bbox 3256 3290 3534 3349; x_wconf 77' lang='lat' dir='ltr'><strong>propterea</strong></span> 
     </span>
    </p>
   </div>
   <div class='ocr_carea' id='block_1_93' title="bbox 1947 3363 3530 3432">
    <p class='ocr_par' dir='ltr' id='par_1_93' title="bbox 1947 3363 3530 3432">
     <span class='ocr_line' id='line_1_93' title="bbox 1947 3363 3530 3432; baseline 0.006 -16"><span class='ocrx_word' id='word_1_700' title='bbox 1947 3363 1998 3416; x_wconf 90' lang='lat' dir='ltr'><strong>in</strong></span> <span class='ocrx_word' id='word_1_701' title='bbox 2021 3372 2310 3431; x_wconf 90' lang='lat' dir='ltr'><strong>conspectu</strong></span> <span class='ocrx_word' id='word_1_702' title='bbox 2334 3364 2531 3432; x_wconf 90' lang='lat' dir='ltr'><strong>judicis</strong></span> <span class='ocrx_word' id='word_1_703' title='bbox 2556 3365 2885 3420; x_wconf 80' lang='lat' dir='ltr'><strong>acerbissimi</strong></span> <span class='ocrx_word' id='word_1_704' title='bbox 2909 3368 3125 3421; x_wconf 89' lang='lat' dir='ltr'><strong>viduam</strong></span> <span class='ocrx_word' id='word_1_705' title='bbox 3145 3370 3530 3432; x_wconf 57' lang='lat' dir='ltr'><strong>constituisset,</strong></span> 
     </span>
    </p>
   </div>
   <div class='ocr_carea' id='block_1_94' title="bbox 1947 3454 3530 3524">
    <p class='ocr_par' dir='ltr' id='par_1_94' title="bbox 1947 3454 3530 3524">
     <span class='ocr_line' id='line_1_94' title="bbox 1947 3454 3530 3524; baseline 0.006 -18"><span class='ocrx_word' id='word_1_706' title='bbox 1947 3454 2228 3523; x_wconf 84' lang='lat' dir='ltr'><strong>ipsumque</strong></span> <span class='ocrx_word' id='word_1_707' title='bbox 2252 3463 2445 3523; x_wconf 70' lang='lat' dir='ltr'><strong>praeter</strong></span> <span class='ocrx_word' id='word_1_708' title='bbox 2465 3456 2580 3524; x_wconf 86' lang='lat' dir='ltr'><strong>ejus</strong></span> <span class='ocrx_word' id='word_1_709' title='bbox 2603 3465 2849 3510; x_wconf 90' lang='lat' dir='ltr'><strong>naturam</strong></span> <span class='ocrx_word' id='word_1_710' title='bbox 2878 3457 3164 3513; x_wconf 89' lang='lat' dir='ltr'><strong>humanum</strong></span> <span class='ocrx_word' id='word_1_711' title='bbox 3189 3461 3530 3523; x_wconf 86' lang='lat' dir='ltr'><strong>ostendisset,</strong></span> 
     </span>
    </p>
   </div>
   <div class='ocr_carea' id='block_1_95' title="bbox 1945 3545 3532 3614">
    <p class='ocr_par' dir='ltr' id='par_1_95' title="bbox 1945 3545 3532 3614">
     <span class='ocr_line' id='line_1_95' title="bbox 1945 3545 3532 3614; baseline 0.006 -16"><span class='ocrx_word' id='word_1_712' title='bbox 1945 3561 1973 3598; x_wconf 87' lang='lat' dir='ltr'><strong>a</strong></span> <span class='ocrx_word' id='word_1_713' title='bbox 2004 3546 2233 3600; x_wconf 87' lang='lat' dir='ltr'><strong>scelesto</strong></span> <span class='ocrx_word' id='word_1_714' title='bbox 2247 3545 2430 3614; x_wconf 90' lang='lat' dir='ltr'><strong>judice</strong></span> <span class='ocrx_word' id='word_1_715' title='bbox 2457 3549 2522 3599; x_wconf 87' lang='lat' dir='ltr'><strong>ad</strong></span> <span class='ocrx_word' id='word_1_716' title='bbox 2555 3548 2763 3602; x_wconf 86' lang='lat' dir='ltr'><strong>Patrem</strong></span> <span class='ocrx_word' id='word_1_717' title='bbox 2796 3564 2950 3604; x_wconf 89' lang='lat' dir='ltr'><strong>suum</strong></span> <span class='ocrx_word' id='word_1_718' title='bbox 2974 3552 3274 3605; x_wconf 89' lang='lat' dir='ltr'><strong>orationem</strong></span> <span class='ocrx_word' id='word_1_719' title='bbox 3308 3555 3532 3608; x_wconf 81' lang='lat' dir='ltr'><strong>traducit</strong></span> 
     </span>
    </p>
   </div>
   <div class='ocr_carea' id='block_1_96' title="bbox 1947 3638 3532 3705">
    <p class='ocr_par' dir='ltr' id='par_1_96' title="bbox 1947 3638 3532 3705">
     <span class='ocr_line' id='line_1_96' title="bbox 1947 3638 3532 3705; baseline 0.004 -15"><span class='ocrx_word' id='word_1_720' title='bbox 1947 3638 2227 3705; x_wconf 80' lang='lat' dir='ltr'><strong>Optimum,</strong></span> <span class='ocrx_word' id='word_1_721' title='bbox 2251 3647 2613 3702; x_wconf 89' lang='lat' dir='ltr'><strong>mansuetum,</strong></span> <span class='ocrx_word' id='word_1_722' title='bbox 2645 3639 2850 3699; x_wconf 88' lang='lat' dir='ltr'><strong>mitem,</strong></span> <span class='ocrx_word' id='word_1_723' title='bbox 2884 3640 3194 3704; x_wconf 90' lang='lat' dir='ltr'><strong>humanum,</strong></span> <span class='ocrx_word' id='word_1_724' title='bbox 3217 3643 3420 3696; x_wconf 86' lang='lat' dir='ltr'><strong>scelera</strong></span> <span class='ocrx_word' id='word_1_725' title='bbox 3446 3657 3532 3696; x_wconf 89' lang='lat' dir='ltr'><strong>su-</strong></span> 
     </span>
    </p>
   </div>
   <div class='ocr_carea' id='block_1_97' title="bbox 1947 3729 3529 3801">
    <p class='ocr_par' dir='ltr' id='par_1_97' title="bbox 1947 3729 3529 3801">
     <span class='ocr_line' id='line_1_97' title="bbox 1947 3729 3529 3801; baseline 0.004 -20"><span class='ocrx_word' id='word_1_726' title='bbox 1947 3738 2248 3798; x_wconf 86' lang='lat' dir='ltr'><strong>perantem,</strong></span> <span class='ocrx_word' id='word_1_727' title='bbox 2266 3729 2428 3782; x_wconf 89' lang='lat' dir='ltr'><strong>multa</strong></span> <span class='ocrx_word' id='word_1_728' title='bbox 2452 3739 2668 3798; x_wconf 86' lang='lat' dir='ltr'><strong>peccata</strong></span> <span class='ocrx_word' id='word_1_729' title='bbox 2688 3731 3104 3792; x_wconf 80' lang='lat' dir='ltr'><strong>condonantem,</strong></span> <span class='ocrx_word' id='word_1_730' title='bbox 3125 3733 3465 3801; x_wconf 89' lang='lat' dir='ltr'><strong>quotidianas</strong></span> <span class='ocrx_word' id='word_1_731' title='bbox 3479 3736 3529 3787; x_wconf 90' lang='lat' dir='ltr'><strong>in</strong></span> 
     </span>
    </p>
   </div>
   <div class='ocr_carea' id='block_1_98' title="bbox 1944 3819 3532 3886">
    <p class='ocr_par' dir='ltr' id='par_1_98' title="bbox 1944 3819 3532 3886">
     <span class='ocr_line' id='line_1_98' title="bbox 1944 3819 3532 3886; baseline 0.001 -11"><span class='ocrx_word' id='word_1_732' title='bbox 1944 3834 2004 3875; x_wconf 92' lang='lat' dir='ltr'><strong>se</strong></span> <span class='ocrx_word' id='word_1_733' title='bbox 2015 3820 2383 3886; x_wconf 87' lang='lat' dir='ltr'><strong>contumelias,</strong></span> <span class='ocrx_word' id='word_1_734' title='bbox 2401 3819 2703 3873; x_wconf 66' lang='lat' dir='ltr'><strong>diemonum</strong></span> <span class='ocrx_word' id='word_1_735' title='bbox 2727 3819 3036 3885; x_wconf 88' lang='lat' dir='ltr'><strong>honores,in</strong></span> <span class='ocrx_word' id='word_1_736' title='bbox 3054 3821 3242 3876; x_wconf 87' lang='lat' dir='ltr'><strong>Filium</strong></span> <span class='ocrx_word' id='word_1_737' title='bbox 3256 3822 3532 3877; x_wconf 88' lang='lat' dir='ltr'><strong>maledicta</strong></span> 
     </span>
    </p>
   </div>
   <div class='ocr_carea' id='block_1_99' title="bbox 1945 3909 3536 3983">
    <p class='ocr_par' dir='ltr' id='par_1_99' title="bbox 1945 3909 3536 3983">
     <span class='ocr_line' id='line_1_99' title="bbox 1945 3909 3536 3983; baseline 0.002 -17"><span class='ocrx_word' id='word_1_738' title='bbox 1945 3919 2000 3966; x_wconf 93' lang='lat' dir='ltr'><strong>et</strong></span> <span class='ocrx_word' id='word_1_739' title='bbox 2053 3919 2305 3966; x_wconf 86' lang='lat' dir='ltr'><strong>sexcenta</strong></span> <span class='ocrx_word' id='word_1_740' title='bbox 2362 3909 2561 3965; x_wconf 82' lang='lat' dir='ltr'><strong>nefaria</strong></span> <span class='ocrx_word' id='word_1_741' title='bbox 2607 3911 2842 3965; x_wconf 89' lang='lat' dir='ltr'><strong>facinora</strong></span> <span class='ocrx_word' id='word_1_742' title='bbox 2898 3912 3300 3981; x_wconf 90' lang='lat' dir='ltr'><strong>perferentem:</strong></span> <span class='ocrx_word' id='word_1_743' title='bbox 3337 3915 3536 3983; x_wconf 89' lang='lat' dir='ltr'><strong>quique</strong></span> 
     </span>
    </p>
   </div>
   <div class='ocr_carea' id='block_1_100' title="bbox 1945 4001 3532 4072">
    <p class='ocr_par' dir='ltr' id='par_1_100' title="bbox 1945 4001 3532 4072">
     <span class='ocr_line' id='line_1_100' title="bbox 1945 4001 3532 4072; baseline 0.002 -15"><span class='ocrx_word' id='word_1_744' title='bbox 1945 4018 2066 4058; x_wconf 92' lang='lat' dir='ltr'><strong>cum</strong></span> <span class='ocrx_word' id='word_1_745' title='bbox 2096 4002 2254 4056; x_wconf 87' lang='lat' dir='ltr'><strong>tantis</strong></span> <span class='ocrx_word' id='word_1_746' title='bbox 2283 4001 2621 4056; x_wconf 89' lang='lat' dir='ltr'><strong>contumeliis</strong></span> <span class='ocrx_word' id='word_1_747' title='bbox 2659 4011 2940 4070; x_wconf 88' lang='lat' dir='ltr'><strong>appetatur</strong></span> <span class='ocrx_word' id='word_1_748' title='bbox 2967 4043 2983 4066; x_wconf 92' lang='lat'><strong>,</strong></span> <span class='ocrx_word' id='word_1_749' title='bbox 3011 4003 3076 4057; x_wconf 90' lang='lat' dir='ltr'><strong>iis</strong></span> <span class='ocrx_word' id='word_1_750' title='bbox 3110 4005 3438 4072; x_wconf 85' lang='lat' dir='ltr'><strong>perferendis</strong></span> <span class='ocrx_word' id='word_1_751' title='bbox 3461 4007 3532 4060; x_wconf 86' lang='lat' dir='ltr'><strong>ita</strong></span> 
     </span>
    </p>
   </div>
   <div class='ocr_carea' id='block_1_101' title="bbox 1946 4094 3533 4162">
    <p class='ocr_par' dir='ltr' id='par_1_101' title="bbox 1946 4094 3533 4162">
     <span class='ocr_line' id='line_1_101' title="bbox 1946 4094 3533 4162; baseline 0.001 -14"><span class='ocrx_word' id='word_1_752' title='bbox 1946 4107 2006 4148; x_wconf 89' lang='lat' dir='ltr'><strong>se</strong></span> <span class='ocrx_word' id='word_1_753' title='bbox 2043 4095 2360 4147; x_wconf 90' lang='lat' dir='ltr'><strong>clementem</strong></span> <span class='ocrx_word' id='word_1_754' title='bbox 2391 4107 2454 4146; x_wconf 89' lang='lat' dir='ltr'><strong>ac</strong></span> <span class='ocrx_word' id='word_1_755' title='bbox 2482 4103 2814 4146; x_wconf 89' lang='lat' dir='ltr'><strong>mansuetum</strong></span> <span class='ocrx_word' id='word_1_756' title='bbox 2844 4094 3045 4161; x_wconf 61' lang='lat' dir='ltr'><strong>praabet</strong></span> <span class='ocrx_word' id='word_1_757' title='bbox 3075 4111 3088 4146; x_wconf 94' lang='lat'><strong>:</strong></span> <span class='ocrx_word' id='word_1_758' title='bbox 3122 4096 3168 4149; x_wconf 89' lang='lat' dir='ltr'><strong>is</strong></span> <span class='ocrx_word' id='word_1_759' title='bbox 3193 4110 3344 4162; x_wconf 84' lang='lat' dir='ltr'><strong>vero,</strong></span> <span class='ocrx_word' id='word_1_760' title='bbox 3366 4097 3410 4150; x_wconf 92' lang='lat' dir='ltr'><strong>si</strong></span> <span class='ocrx_word' id='word_1_761' title='bbox 3437 4113 3533 4150; x_wconf 90' lang='lat' dir='ltr'><strong>nos</strong></span> 
     </span>
    </p>
   </div>
   <div class='ocr_carea' id='block_1_102' title="bbox 1947 4183 3534 4248">
    <p class='ocr_par' dir='ltr' id='par_1_102' title="bbox 1947 4183 3534 4248">
     <span class='ocr_line' id='line_1_102' title="bbox 1947 4183 3534 4248; baseline 0.001 -9"><span class='ocrx_word' id='word_1_762' title='bbox 1947 4185 2126 4239; x_wconf 88' lang='lat' dir='ltr'><strong>debito</strong></span> <span class='ocrx_word' id='word_1_763' title='bbox 2156 4184 2345 4238; x_wconf 90' lang='lat' dir='ltr'><strong>timore</strong></span> <span class='ocrx_word' id='word_1_764' title='bbox 2369 4183 2436 4237; x_wconf 90' lang='lat' dir='ltr'><strong>ad</strong></span> <span class='ocrx_word' id='word_1_765' title='bbox 2464 4199 2522 4238; x_wconf 92' lang='lat' dir='ltr'><strong>se</strong></span> <span class='ocrx_word' id='word_1_766' title='bbox 2551 4184 2868 4238; x_wconf 89' lang='lat' dir='ltr'><strong>accedentes</strong></span> <span class='ocrx_word' id='word_1_767' title='bbox 2897 4185 3118 4248; x_wconf 87' lang='lat' dir='ltr'><strong>viderit,</strong></span> <span class='ocrx_word' id='word_1_768' title='bbox 3152 4202 3331 4241; x_wconf 90' lang='lat' dir='ltr'><strong>nonne</strong></span> <span class='ocrx_word' id='word_1_769' title='bbox 3356 4187 3534 4240; x_wconf 86' lang='lat' dir='ltr'><strong>subita</strong></span> 
     </span>
    </p>
   </div>
   <div class='ocr_carea' id='block_1_103' title="bbox 1946 4275 3532 4348">
    <p class='ocr_par' dir='ltr' id='par_1_103' title="bbox 1946 4275 3532 4348">
     <span class='ocr_line' id='line_1_103' title="bbox 1946 4275 3532 4348; baseline 0.002 -19"><span class='ocrx_word' id='word_1_770' title='bbox 1946 4276 2312 4330; x_wconf 87' lang='lat' dir='ltr'><strong>misericordia</strong></span> <span class='ocrx_word' id='word_1_771' title='bbox 2339 4275 2619 4343; x_wconf 84' lang='lat' dir='ltr'><strong>capietur?</strong></span> <span class='ocrx_word' id='word_1_772' title='bbox 2648 4275 2852 4339; x_wconf 78' lang='lat' dir='ltr'><strong>Audite,</strong></span> <span class='ocrx_word' id='word_1_773' title='bbox 2885 4276 3090 4346; x_wconf 91' lang='lat' dir='ltr'><strong>inquit,</strong></span> <span class='ocrx_word' id='word_1_774' title='bbox 3117 4278 3239 4347; x_wconf 86' lang='lat' dir='ltr'><strong>quid</strong></span> <span class='ocrx_word' id='word_1_775' title='bbox 3256 4281 3532 4348; x_wconf 78' lang='lat' dir='ltr'><strong>judexini-</strong></span> 
     </span>
    </p>
   </div>
   <div class='ocr_carea' id='block_1_104' title="bbox 1946 4363 3532 4436">
    <p class='ocr_par' dir='ltr' id='par_1_104' title="bbox 1946 4363 3532 4436">
     <span class='ocr_line' id='line_1_104' title="bbox 1946 4363 3532 4436; baseline 0.001 -17"><span class='ocrx_word' id='word_1_776' title='bbox 1946 4367 2151 4436; x_wconf 87' lang='lat' dir='ltr'><strong>quitatis</strong></span> <span class='ocrx_word' id='word_1_777' title='bbox 2189 4364 2494 4418; x_wconf 83' lang='lat' dir='ltr'><strong>dicat:Etsi</strong></span> <span class='ocrx_word' id='word_1_778' title='bbox 2538 4363 2707 4418; x_wconf 87' lang='lat' dir='ltr'><strong>Deum</strong></span> <span class='ocrx_word' id='word_1_779' title='bbox 2761 4383 2861 4420; x_wconf 88' lang='lat' dir='ltr'><strong>non</strong></span> <span class='ocrx_word' id='word_1_780' title='bbox 2910 4367 3093 4430; x_wconf 86' lang='lat' dir='ltr'><strong>timeo,</strong></span> <span class='ocrx_word' id='word_1_781' title='bbox 3140 4384 3232 4421; x_wconf 84' lang='lat' dir='ltr'><strong>nec</strong></span> <span class='ocrx_word' id='word_1_782' title='bbox 3285 4369 3532 4422; x_wconf 83' lang='lat' dir='ltr'><strong>hominem</strong></span> 
     </span>
    </p>
   </div>
   <div class='ocr_carea' id='block_1_105' title="bbox 1947 4458 3532 4528">
    <p class='ocr_par' dir='ltr' id='par_1_105' title="bbox 1947 4458 3532 4528">
     <span class='ocr_line' id='line_1_105' title="bbox 1947 4458 3532 4528; baseline 0.002 -17"><span class='ocrx_word' id='word_1_783' title='bbox 1947 4475 2175 4511; x_wconf 85' lang='lat' dir='ltr'><strong>revereor</strong></span> <span class='ocrx_word' id='word_1_784' title='bbox 2193 4498 2208 4522; x_wconf 96' lang='lat'><strong>,</strong></span> <span class='ocrx_word' id='word_1_785' title='bbox 2237 4469 2401 4510; x_wconf 88' lang='lat' dir='ltr'><strong>tamen</strong></span> <span class='ocrx_word' id='word_1_786' title='bbox 2427 4458 2544 4527; x_wconf 85' lang='lat' dir='ltr'><strong>quia</strong></span> <span class='ocrx_word' id='word_1_787' title='bbox 2577 4459 2786 4512; x_wconf 86' lang='lat' dir='ltr'><strong>molesta</strong></span> <span class='ocrx_word' id='word_1_788' title='bbox 2815 4469 2887 4512; x_wconf 88' lang='lat' dir='ltr'><strong>est</strong></span> <span class='ocrx_word' id='word_1_789' title='bbox 2914 4461 3034 4512; x_wconf 78' lang='lat' dir='ltr'><strong>milii</strong></span> <span class='ocrx_word' id='word_1_790' title='bbox 3067 4460 3174 4514; x_wconf 71' lang='lat' dir='ltr'><strong>[nec</strong></span> <span class='ocrx_word' id='word_1_791' title='bbox 3205 4461 3353 4514; x_wconf 83' lang='lat' dir='ltr'><strong>vidua</strong></span> <span class='ocrx_word' id='word_1_792' title='bbox 3378 4504 3392 4528; x_wconf 92' lang='lat'><strong>,</strong></span> <span class='ocrx_word' id='word_1_793' title='bbox 3421 4463 3532 4514; x_wconf 82' lang='lat' dir='ltr'><strong>viu-</strong></span> 
     </span>
    </p>
   </div>
   <div class='ocr_carea' id='block_1_106' title="bbox 1949 4550 3532 4621">
    <p class='ocr_par' dir='ltr' id='par_1_106' title="bbox 1949 4550 3532 4621">
     <span class='ocr_line' id='line_1_106' title="bbox 1949 4550 3532 4621; baseline 0.003 -17"><span class='ocrx_word' id='word_1_794' title='bbox 1949 4552 2125 4604; x_wconf 85' lang='lat' dir='ltr'><strong>dicabo</strong></span> <span class='ocrx_word' id='word_1_795' title='bbox 2168 4567 2297 4604; x_wconf 88' lang='lat' dir='ltr'><strong>eam.</strong></span> <span class='ocrx_word' id='word_1_796' title='bbox 2347 4552 2483 4616; x_wconf 84' lang='lat' dir='ltr'><strong>Quid</strong></span> <span class='ocrx_word' id='word_1_797' title='bbox 2530 4550 2702 4604; x_wconf 90' lang='lat' dir='ltr'><strong>dicis?</strong></span> <span class='ocrx_word' id='word_1_798' title='bbox 2727 4551 2867 4621; x_wconf 90' lang='lat' dir='ltr'><strong>quod</strong></span> <span class='ocrx_word' id='word_1_799' title='bbox 2907 4568 3012 4606; x_wconf 90' lang='lat' dir='ltr'><strong>non</strong></span> <span class='ocrx_word' id='word_1_800' title='bbox 3044 4553 3212 4621; x_wconf 93' lang='lat' dir='ltr'><strong>potuit</strong></span> <span class='ocrx_word' id='word_1_801' title='bbox 3252 4554 3412 4608; x_wconf 86' lang='lat' dir='ltr'><strong>timor</strong></span> <span class='ocrx_word' id='word_1_802' title='bbox 3437 4597 3450 4618; x_wconf 91' lang='lat'><strong>,</strong></span> <span class='ocrx_word' id='word_1_803' title='bbox 3483 4556 3532 4609; x_wconf 89' lang='lat' dir='ltr'><strong>id</strong></span> 
     </span>
    </p>
   </div>
   <div class='ocr_carea' id='block_1_107' title="bbox 1947 4640 3535 4713">
    <p class='ocr_par' dir='ltr' id='par_1_107' title="bbox 1947 4640 3535 4713">
     <span class='ocr_line' id='line_1_107' title="bbox 1947 4640 3535 4713; baseline 0.003 -17"><span class='ocrx_word' id='word_1_804' title='bbox 1947 4641 2250 4696; x_wconf 90' lang='lat' dir='ltr'><strong>obsecratio</strong></span> <span class='ocrx_word' id='word_1_805' title='bbox 2284 4641 2489 4710; x_wconf 87' lang='lat' dir='ltr'><strong>potuit?</strong></span> <span class='ocrx_word' id='word_1_806' title='bbox 2533 4640 2648 4694; x_wconf 90' lang='lat' dir='ltr'><strong>Non</strong></span> <span class='ocrx_word' id='word_1_807' title='bbox 2701 4644 2859 4695; x_wconf 70' lang='lat' dir='ltr'><strong>mina:</strong></span> <span class='ocrx_word' id='word_1_808' title='bbox 2890 4684 2904 4707; x_wconf 93' lang='lat'><strong>,</strong></span> <span class='ocrx_word' id='word_1_809' title='bbox 2938 4657 3042 4696; x_wconf 93' lang='lat' dir='ltr'><strong>non</strong></span> <span class='ocrx_word' id='word_1_810' title='bbox 3088 4645 3334 4713; x_wconf 90' lang='lat' dir='ltr'><strong>supplicii</strong></span> <span class='ocrx_word' id='word_1_811' title='bbox 3361 4655 3535 4701; x_wconf 85' lang='lat' dir='ltr'><strong>metus</strong></span> 
     </span>
    </p>
   </div>
   <div class='ocr_carea' id='block_1_108' title="bbox 1950 4731 3532 4808">
    <p class='ocr_par' dir='ltr' id='par_1_108' title="bbox 1950 4731 3532 4808">
     <span class='ocr_line' id='line_1_108' title="bbox 1950 4731 3532 4808; baseline 0.002 -21"><span class='ocrx_word' id='word_1_812' title='bbox 1950 4733 2222 4788; x_wconf 87' lang='lat' dir='ltr'><strong>hominem</strong></span> <span class='ocrx_word' id='word_1_813' title='bbox 2257 4731 2323 4785; x_wconf 89' lang='lat' dir='ltr'><strong>ad</strong></span> <span class='ocrx_word' id='word_1_814' title='bbox 2368 4732 2671 4801; x_wconf 66' lang='lat' dir='ltr'><strong>aequitatem</strong></span> <span class='ocrx_word' id='word_1_815' title='bbox 2702 4732 2952 4786; x_wconf 81' lang='lat' dir='ltr'><strong>deduxit:</strong></span> <span class='ocrx_word' id='word_1_816' title='bbox 2984 4743 3037 4787; x_wconf 91' lang='lat' dir='ltr'><strong>at</strong></span> <span class='ocrx_word' id='word_1_817' title='bbox 3065 4735 3218 4788; x_wconf 87' lang='lat' dir='ltr'><strong>vidua</strong></span> <span class='ocrx_word' id='word_1_818' title='bbox 3245 4779 3258 4800; x_wconf 93' lang='lat'><strong>,</strong></span> <span class='ocrx_word' id='word_1_819' title='bbox 3290 4737 3380 4791; x_wconf 92' lang='lat' dir='ltr'><strong>ubi</strong></span> <span class='ocrx_word' id='word_1_820' title='bbox 3407 4755 3532 4808; x_wconf 77' lang='lat' dir='ltr'><strong>sup-</strong></span> 
     </span>
    </p>
   </div>
   <div class='ocr_carea' id='block_1_109' title="bbox 1951 4822 3536 4894">
    <p class='ocr_par' dir='ltr' id='par_1_109' title="bbox 1951 4822 3536 4894">
     <span class='ocr_line' id='line_1_109' title="bbox 1951 4822 3536 4894; baseline 0.005 -17"><span class='ocrx_word' id='word_1_821' title='bbox 1951 4825 2070 4894; x_wconf 84' lang='lat' dir='ltr'><strong>plex</strong></span> <span class='ocrx_word' id='word_1_822' title='bbox 2098 4823 2358 4886; x_wconf 81' lang='lat' dir='ltr'><strong>accessit,</strong></span> <span class='ocrx_word' id='word_1_823' title='bbox 2402 4822 2672 4876; x_wconf 91' lang='lat' dir='ltr'><strong>hominem</strong></span> <span class='ocrx_word' id='word_1_824' title='bbox 2699 4838 2765 4876; x_wconf 82' lang='lat' dir='ltr'><strong>ex</strong></span> <span class='ocrx_word' id='word_1_825' title='bbox 2795 4826 2990 4892; x_wconf 85' lang='lat' dir='ltr'><strong>agresti</strong></span> <span class='ocrx_word' id='word_1_826' title='bbox 3016 4833 3070 4879; x_wconf 93' lang='lat' dir='ltr'><strong>et</strong></span> <span class='ocrx_word' id='word_1_827' title='bbox 3100 4826 3319 4881; x_wconf 89' lang='lat' dir='ltr'><strong>immani</strong></span> <span class='ocrx_word' id='word_1_828' title='bbox 3353 4831 3536 4885; x_wconf 89' lang='lat' dir='ltr'><strong>mitem</strong></span> 
     </span>
    </p>
   </div>
   <div class='ocr_carea' id='block_1_110' title="bbox 1947 4917 3533 4988">
    <p class='ocr_par' dir='ltr' id='par_1_110' title="bbox 1947 4917 3533 4988">
     <span class='ocr_line' id='line_1_110' title="bbox 1947 4917 3533 4988; baseline 0.003 -14"><span class='ocrx_word' id='word_1_829' title='bbox 1947 4918 2179 4974; x_wconf 83' lang='lat' dir='ltr'><strong>reddidit</strong></span> <span class='ocrx_word' id='word_1_830' title='bbox 2213 4933 2274 4972; x_wconf 86' lang='lat' dir='ltr'><strong>ac</strong></span> <span class='ocrx_word' id='word_1_831' title='bbox 2302 4927 2658 4972; x_wconf 86' lang='lat' dir='ltr'><strong>mansuetum.</strong></span> <span class='ocrx_word' id='word_1_832' title='bbox 2695 4917 2830 4984; x_wconf 88' lang='lat' dir='ltr'><strong>Quid</strong></span> <span class='ocrx_word' id='word_1_833' title='bbox 2861 4919 3021 4988; x_wconf 81' lang='lat' dir='ltr'><strong>igitur</strong></span> <span class='ocrx_word' id='word_1_834' title='bbox 3047 4919 3114 4975; x_wconf 92' lang='lat' dir='ltr'><strong>de</strong></span> <span class='ocrx_word' id='word_1_835' title='bbox 3143 4921 3252 4976; x_wconf 89' lang='lat' dir='ltr'><strong>Deo</strong></span> <span class='ocrx_word' id='word_1_836' title='bbox 3279 4923 3329 4976; x_wconf 93' lang='lat' dir='ltr'><strong>in</strong></span> <span class='ocrx_word' id='word_1_837' title='bbox 3360 4923 3533 4978; x_wconf 81' lang='lat' dir='ltr'><strong>homi-</strong></span> 
     </span>
    </p>
   </div>
   <div class='ocr_carea' id='block_1_111' title="bbox 1949 5009 3534 5078">
    <p class='ocr_par' dir='ltr' id='par_1_111' title="bbox 1949 5009 3534 5078">
     <span class='ocr_line' id='line_1_111' title="bbox 1949 5009 3534 5078; baseline 0.004 -15"><span class='ocrx_word' id='word_1_838' title='bbox 1949 5027 2070 5065; x_wconf 90' lang='lat' dir='ltr'><strong>nem</strong></span> <span class='ocrx_word' id='word_1_839' title='bbox 2124 5009 2507 5078; x_wconf 82' lang='lat' dir='ltr'><strong>benignissimo</strong></span> <span class='ocrx_word' id='word_1_840' title='bbox 2544 5009 2868 5063; x_wconf 83' lang='lat' dir='ltr'><strong>censendum</strong></span> <span class='ocrx_word' id='word_1_841' title='bbox 2892 5021 2974 5064; x_wconf 90' lang='lat' dir='ltr'><strong>est</strong></span> <span class='ocrx_word' id='word_1_842' title='bbox 3006 5051 3020 5075; x_wconf 96' lang='lat'><strong>,</strong></span> <span class='ocrx_word' id='word_1_843' title='bbox 3053 5027 3174 5066; x_wconf 90' lang='lat' dir='ltr'><strong>cum</strong></span> <span class='ocrx_word' id='word_1_844' title='bbox 3203 5014 3357 5068; x_wconf 86' lang='lat' dir='ltr'><strong>vidua</strong></span> <span class='ocrx_word' id='word_1_845' title='bbox 3387 5031 3446 5070; x_wconf 89' lang='lat' dir='ltr'><strong>se</strong></span> <span class='ocrx_word' id='word_1_846' title='bbox 3470 5019 3534 5069; x_wconf 83' lang='lat' dir='ltr'><strong>:nl</strong></span> 
     </span>
    </p>
   </div>
   <div class='ocr_carea' id='block_1_112' title="bbox 1951 5100 3537 5176">
    <p class='ocr_par' dir='ltr' id='par_1_112' title="bbox 1951 5100 3537 5176">
     <span class='ocr_line' id='line_1_112' title="bbox 1951 5100 3537 5176; baseline 0.003 -20"><span class='ocrx_word' id='word_1_847' title='bbox 1951 5103 2113 5172; x_wconf 88' lang='lat' dir='ltr'><strong>pedes</strong></span> <span class='ocrx_word' id='word_1_848' title='bbox 2133 5103 2409 5170; x_wconf 87' lang='lat' dir='ltr'><strong>abjiciens,</strong></span> <span class='ocrx_word' id='word_1_849' title='bbox 2439 5100 2608 5154; x_wconf 83' lang='lat' dir='ltr'><strong>ferum</strong></span> <span class='ocrx_word' id='word_1_850' title='bbox 2632 5101 2899 5155; x_wconf 87' lang='lat' dir='ltr'><strong>hominem</strong></span> <span class='ocrx_word' id='word_1_851' title='bbox 2932 5103 3144 5159; x_wconf 90' lang='lat' dir='ltr'><strong>lenierit</strong></span> <span class='ocrx_word' id='word_1_852' title='bbox 3169 5120 3232 5160; x_wconf 87' lang='lat' dir='ltr'><strong>ac</strong></span> <span class='ocrx_word' id='word_1_853' title='bbox 3258 5108 3537 5176; x_wconf 86' lang='lat' dir='ltr'><strong>mitigarit?</strong></span> 
     </span>
    </p>
   </div>
   <div class='ocr_carea' id='block_1_113' title="bbox 1947 5195 3534 5268">
    <p class='ocr_par' dir='ltr' id='par_1_113' title="bbox 1947 5195 3534 5268">
     <span class='ocr_line' id='line_1_113' title="bbox 1947 5195 3534 5268; baseline 0.001 -18"><span class='ocrx_word' id='word_1_854' title='bbox 1947 5205 2204 5265; x_wconf 90' lang='lat' dir='ltr'><strong>quantum</strong></span> <span class='ocrx_word' id='word_1_855' title='bbox 2231 5195 2510 5257; x_wconf 88' lang='lat' dir='ltr'><strong>bonitatis,</strong></span> <span class='ocrx_word' id='word_1_856' title='bbox 2539 5205 2793 5263; x_wconf 88' lang='lat' dir='ltr'><strong>quantum</strong></span> <span class='ocrx_word' id='word_1_857' title='bbox 2835 5195 3178 5266; x_wconf 83' lang='lat' dir='ltr'><strong>benignitatis</strong></span> <span class='ocrx_word' id='word_1_858' title='bbox 3204 5209 3362 5268; x_wconf 89' lang='lat' dir='ltr'><strong>atque</strong></span> <span class='ocrx_word' id='word_1_859' title='bbox 3382 5215 3534 5252; x_wconf 88' lang='lat' dir='ltr'><strong>amo-</strong></span> 
     </span>
    </p>
   </div>
   <div class='ocr_carea' id='block_1_114' title="bbox 1950 5287 3535 5362">
    <p class='ocr_par' dir='ltr' id='par_1_114' title="bbox 1950 5287 3535 5362">
     <span class='ocr_line' id='line_1_114' title="bbox 1950 5287 3535 5362; baseline 0.003 -19"><span class='ocrx_word' id='word_1_860' title='bbox 1950 5291 2024 5344; x_wconf 89' lang='lat' dir='ltr'><strong>ris</strong></span> <span class='ocrx_word' id='word_1_861' title='bbox 2055 5291 2106 5342; x_wconf 91' lang='lat' dir='ltr'><strong>in</strong></span> <span class='ocrx_word' id='word_1_862' title='bbox 2145 5303 2244 5342; x_wconf 90' lang='lat' dir='ltr'><strong>nos</strong></span> <span class='ocrx_word' id='word_1_863' title='bbox 2276 5287 2555 5357; x_wconf 87' lang='lat' dir='ltr'><strong>patefaciet</strong></span> <span class='ocrx_word' id='word_1_864' title='bbox 2588 5288 2733 5342; x_wconf 90' lang='lat' dir='ltr'><strong>Deus</strong></span> <span class='ocrx_word' id='word_1_865' title='bbox 2756 5329 2770 5353; x_wconf 93' lang='lat'><strong>,</strong></span> <span class='ocrx_word' id='word_1_866' title='bbox 2803 5289 2891 5357; x_wconf 91' lang='lat' dir='ltr'><strong>qui</strong></span> <span class='ocrx_word' id='word_1_867' title='bbox 2933 5292 3102 5345; x_wconf 92' lang='lat' dir='ltr'><strong>solum</strong></span> <span class='ocrx_word' id='word_1_868' title='bbox 3133 5291 3247 5345; x_wconf 87' lang='lat' dir='ltr'><strong>vult</strong></span> <span class='ocrx_word' id='word_1_869' title='bbox 3281 5303 3535 5362; x_wconf 88' lang='lat' dir='ltr'><strong>perpetuo</strong></span> 
     </span>
    </p>
   </div>
   <div class='ocr_carea' id='block_1_115' title="bbox 1950 5379 3536 5451">
    <p class='ocr_par' dir='ltr' id='par_1_115' title="bbox 1950 5379 3536 5451">
     <span class='ocr_line' id='line_1_115' title="bbox 1950 5379 3536 5451; baseline 0.001 -18"><span class='ocrx_word' id='word_1_870' title='bbox 1950 5379 2230 5443; x_wconf 89' lang='lat' dir='ltr'><strong>misereri,</strong></span> <span class='ocrx_word' id='word_1_871' title='bbox 2261 5380 2446 5447; x_wconf 88' lang='lat' dir='ltr'><strong>punire</strong></span> <span class='ocrx_word' id='word_1_872' title='bbox 2485 5393 2768 5447; x_wconf 90' lang='lat' dir='ltr'><strong>numquam</strong></span> <span class='ocrx_word' id='word_1_873' title='bbox 2798 5380 2822 5432; x_wconf 85' lang='lat'><strong>?</strong></span> <span class='ocrx_word' id='word_1_874' title='bbox 2848 5381 2937 5449; x_wconf 92' lang='lat' dir='ltr'><strong>qui</strong></span> <span class='ocrx_word' id='word_1_875' title='bbox 2977 5390 3030 5435; x_wconf 92' lang='lat' dir='ltr'><strong>et</strong></span> <span class='ocrx_word' id='word_1_876' title='bbox 3079 5382 3331 5451; x_wconf 88' lang='lat' dir='ltr'><strong>supplicia</strong></span> <span class='ocrx_word' id='word_1_877' title='bbox 3383 5382 3536 5435; x_wconf 90' lang='lat' dir='ltr'><strong>nobis</strong></span> 
     </span>
    </p>
   </div>
   <div class='ocr_carea' id='block_1_116' title="bbox 1950 5470 3537 5545">
    <p class='ocr_par' dir='ltr' id='par_1_116' title="bbox 1950 5470 3537 5545">
     <span class='ocr_line' id='line_1_116' title="bbox 1950 5470 3537 5545; baseline 0.003 -19"><span class='ocrx_word' id='word_1_878' title='bbox 1950 5474 2020 5526; x_wconf 88' lang='lat' dir='ltr'><strong>ob</strong></span> <span class='ocrx_word' id='word_1_879' title='bbox 2052 5471 2300 5525; x_wconf 81' lang='lat' dir='ltr'><strong>eximiam</strong></span> <span class='ocrx_word' id='word_1_880' title='bbox 2350 5470 2733 5526; x_wconf 88' lang='lat' dir='ltr'><strong>humanitatem</strong></span> <span class='ocrx_word' id='word_1_881' title='bbox 2772 5474 3127 5527; x_wconf 90' lang='lat' dir='ltr'><strong>comminatur</strong></span> <span class='ocrx_word' id='word_1_882' title='bbox 3163 5516 3178 5539; x_wconf 88' lang='lat'><strong>,</strong></span> <span class='ocrx_word' id='word_1_883' title='bbox 3219 5485 3273 5528; x_wconf 91' lang='lat' dir='ltr'><strong>et</strong></span> <span class='ocrx_word' id='word_1_884' title='bbox 3317 5491 3537 5545; x_wconf 86' lang='lat' dir='ltr'><strong>magnos</strong></span> 
     </span>
    </p>
   </div>
   <div class='ocr_carea' id='block_1_117' title="bbox 1953 5565 3536 5638">
    <p class='ocr_par' dir='ltr' id='par_1_117' title="bbox 1953 5565 3536 5638">
     <span class='ocr_line' id='line_1_117' title="bbox 1953 5565 3536 5638; baseline 0.003 -20"><span class='ocrx_word' id='word_1_885' title='bbox 1953 5566 2111 5620; x_wconf 89' lang='lat' dir='ltr'><strong>habet</strong></span> <span class='ocrx_word' id='word_1_886' title='bbox 2151 5573 2364 5634; x_wconf 88' lang='lat' dir='ltr'><strong>paratos</strong></span> <span class='ocrx_word' id='word_1_887' title='bbox 2412 5565 2642 5619; x_wconf 89' lang='lat' dir='ltr'><strong>honores</strong></span> <span class='ocrx_word' id='word_1_888' title='bbox 2688 5605 2704 5628; x_wconf 90' lang='lat'><strong>,</strong></span> <span class='ocrx_word' id='word_1_889' title='bbox 2757 5574 2812 5618; x_wconf 94' lang='lat' dir='ltr'><strong>ut</strong></span> <span class='ocrx_word' id='word_1_890' title='bbox 2869 5581 2990 5620; x_wconf 92' lang='lat' dir='ltr'><strong>cum</strong></span> <span class='ocrx_word' id='word_1_891' title='bbox 3025 5568 3226 5633; x_wconf 89' lang='lat' dir='ltr'><strong>timor,</strong></span> <span class='ocrx_word' id='word_1_892' title='bbox 3255 5579 3364 5621; x_wconf 91' lang='lat' dir='ltr'><strong>tum</strong></span> <span class='ocrx_word' id='word_1_893' title='bbox 3415 5584 3536 5638; x_wconf 79' lang='lat' dir='ltr'><strong>Spes</strong></span> 
     </span>
    </p>
   </div>
   <div class='ocr_carea' id='block_1_118' title="bbox 1952 5655 3535 5727">
    <p class='ocr_par' dir='ltr' id='par_1_118' title="bbox 1952 5655 3535 5727">
     <span class='ocr_line' id='line_1_118' title="bbox 1952 5655 3535 5727; baseline 0 -16"><span class='ocrx_word' id='word_1_894' title='bbox 1952 5657 2172 5711; x_wconf 87' lang='lat' dir='ltr'><strong>honoris</strong></span> <span class='ocrx_word' id='word_1_895' title='bbox 2217 5666 2362 5710; x_wconf 90' lang='lat' dir='ltr'><strong>recta</strong></span> <span class='ocrx_word' id='word_1_896' title='bbox 2408 5671 2506 5709; x_wconf 90' lang='lat' dir='ltr'><strong>nos</strong></span> <span class='ocrx_word' id='word_1_897' title='bbox 2548 5655 2882 5718; x_wconf 90' lang='lat' dir='ltr'><strong>deduceret,</strong></span> <span class='ocrx_word' id='word_1_898' title='bbox 2930 5666 2984 5710; x_wconf 84' lang='lat' dir='ltr'><strong>et</strong></span> <span class='ocrx_word' id='word_1_899' title='bbox 3030 5672 3153 5724; x_wconf 91' lang='lat' dir='ltr'><strong>spes</strong></span> <span class='ocrx_word' id='word_1_900' title='bbox 3203 5657 3414 5727; x_wconf 89' lang='lat' dir='ltr'><strong>quidem</strong></span> <span class='ocrx_word' id='word_1_901' title='bbox 3469 5659 3535 5712; x_wconf 86' lang='lat' dir='ltr'><strong>ad</strong></span> 
     </span>
    </p>
   </div>
   <div class='ocr_carea' id='block_1_119' title="bbox 1951 5749 3534 5811">
    <p class='ocr_par' dir='ltr' id='par_1_119' title="bbox 1951 5749 3534 5811">
     <span class='ocr_line' id='line_1_119' title="bbox 1951 5749 3534 5811; baseline 0.003 -10"><span class='ocrx_word' id='word_1_902' title='bbox 1951 5751 2200 5803; x_wconf 88' lang='lat' dir='ltr'><strong>virtutem</strong></span> <span class='ocrx_word' id='word_1_903' title='bbox 2222 5749 2518 5811; x_wconf 85' lang='lat' dir='ltr'><strong>excitaret,</strong></span> <span class='ocrx_word' id='word_1_904' title='bbox 2565 5757 2739 5802; x_wconf 90' lang='lat' dir='ltr'><strong>metus</strong></span> <span class='ocrx_word' id='word_1_905' title='bbox 2784 5764 2910 5802; x_wconf 90' lang='lat' dir='ltr'><strong>vero</strong></span> <span class='ocrx_word' id='word_1_906' title='bbox 2962 5765 2989 5801; x_wconf 87' lang='lat' dir='ltr'><strong>a</strong></span> <span class='ocrx_word' id='word_1_907' title='bbox 3035 5749 3176 5804; x_wconf 87' lang='lat' dir='ltr'><strong>vitiis</strong></span> <span class='ocrx_word' id='word_1_908' title='bbox 3204 5751 3534 5805; x_wconf 68' lang='lat' dir='ltr'><strong>deterreret!</strong></span> 
     </span>
    </p>
   </div>
   <div class='ocr_carea' id='block_1_120' title="bbox 1954 5836 3538 5910">
    <p class='ocr_par' dir='ltr' id='par_1_120' title="bbox 1954 5836 3538 5910">
     <span class='ocr_line' id='line_1_120' title="bbox 1954 5836 3538 5910; baseline -0.001 -16"><span class='ocrx_word' id='word_1_909' title='bbox 1954 5839 2069 5894; x_wconf 76' lang='lat' dir='ltr'><strong>Non</strong></span> <span class='ocrx_word' id='word_1_910' title='bbox 2099 5853 2234 5910; x_wconf 87' lang='lat' dir='ltr'><strong>queo</strong></span> <span class='ocrx_word' id='word_1_911' title='bbox 2283 5838 2349 5894; x_wconf 84' lang='lat' dir='ltr'><strong>ab</strong></span> <span class='ocrx_word' id='word_1_912' title='bbox 2375 5837 2666 5907; x_wconf 86' lang='lat' dir='ltr'><strong>iniquitatis</strong></span> <span class='ocrx_word' id='word_1_913' title='bbox 2688 5836 2868 5906; x_wconf 91' lang='lat' dir='ltr'><strong>judice</strong></span> <span class='ocrx_word' id='word_1_914' title='bbox 2887 5853 3112 5896; x_wconf 79' lang='lat' dir='ltr'><strong>aveoare</strong></span> <span class='ocrx_word' id='word_1_915' title='bbox 3130 5852 3382 5906; x_wconf 88' lang='lat' dir='ltr'><strong>mentem,</strong></span> <span class='ocrx_word' id='word_1_916' title='bbox 3409 5841 3538 5893; x_wconf 70' lang='lat' dir='ltr'><strong>ibim</strong></span> 
     </span>
    </p>
   </div>
  </div>
