4124 6448
601 405 707 461 ’183

597 519 651 570 in
682 514 826 571 illius
851 517 1276 580 mansuetudine,
1299 533 1417 584 quzc
1442 529 1632 586 prteter
1656 527 1896 570 naturam
1925 524 2064 582 erat,
2098 517 2178 571 in-

592 607 964 676 explicabilem
1011 609 1102 663 Dei
1149 609 1528 663 humanitatem
1576 625 1702 678 erga
1755 609 2000 664 homines
2026 624 2180 663 amo-

597 713 818 768 remque
851 701 1203 769 contcmplor.
1252 699 1382 755 Nam
1425 701 1468 754 si
1501 701 1544 754 is
1573 742 1588 764 ,
1622 701 1712 763 qui
1753 700 1886 755 nihil
1929 715 2182 769 umquam

601 789 724 844 boui
765 799 1020 859 praestare
1062 791 1338 856 voluerat,
1378 791 1690 846 immutatus
1728 800 1983 860 repente,
2015 791 2182 852 illius.

598 894 719 948 qua:
755 879 1004 949 rogabat,
1051 879 1414 936 misericordia
1457 889 1758 936 commotus
1782 889 1899 944 est,
1927 888 2184 951 quantum

600 970 872 1026 fclicitatis
909 987 940 1026 e
975 972 1110 1028 caelo
1149 972 1204 1027 in
1244 988 1342 1028 nos
1382 974 1627 1044 precibus
1669 974 2023 1028 redundabit?
2047 972 2188 1028 San-

600 1070 805 1114 ctarum
842 1061 1005 1131 igitur
1035 1065 1398 1132 precationum
1428 1065 1594 1121 robur
1619 1081 1683 1120 ac
1705 1067 1811 1119 vim
1833 1065 2006 1135 quivis
2031 1064 2189 1121 facile

603 1161 807 1219 cernet,
837 1153 927 1223 qui
957 1165 1153 1224 quanta
1178 1155 1437 1210 bonorum
1465 1157 1620 1226 copia
1641 1156 1830 1212 diebus
1858 1164 2018 1228 atque
2043 1156 2190 1212 boris

603 1243 830 1312 singulis
863 1245 1106 1300 fruantur
1151 1248 1182 1300 ii
1213 1287 1231 1314 ,
1278 1249 1367 1318 qui
1398 1263 1456 1303 se
1484 1263 1820 1318 quocumque
1858 1258 2098 1317 tempore
2122 1249 2190 1304 ad

608 1332 701 1388 Dei
728 1333 1188 1405 pedcsahjiciunt,
1217 1339 1655 1394 consideraverit.
1687 1339 1819 1407 Quis
1843 1341 1985 1394 enim
2015 1340 2188 1394 lucem

605 1425 755 1486 solis,
789 1425 924 1479 luna:
949 1467 964 1486 ,
1001 1438 1160 1496 atque
1200 1428 1475 1484 stellarum
1509 1470 1525 1494 ,
1553 1429 1671 1482 θεειί
1705 1430 2142 1499 temperationem
2173 1471 2189 1498 ,

605 1515 748 1568 varia
774 1516 1013 1571 ciborum
1036 1533 1232 1587 genera
1256 1561 1270 1581 ,
1301 1519 1542 1585 divitias,
1575 1521 1756 1582 vitam,
1790 1521 2189 1577 innumerabilia

610 1608 744 1664 bona
773 1611 1020 1665 omnibus
1043 1611 1366 1678 hominibus,
1388 1623 1443 1668 et
1472 1614 1652 1682 probis
1670 1623 1724 1667 et
1750 1612 2004 1682 improbis
2033 1629 2062 1668 a
2089 1613 2196 1669 Deo

613 1715 767 1771 a-que
788 1701 904 1755 dari
923 1711 978 1756 et
1003 1701 1265 1772 impertiri
1299 1720 1402 1757 non
1433 1704 1610 1769 videt,
1641 1704 1802 1772 idque
1843 1717 2059 1774 propter
2079 1707 2196 1759 exi-

615 1792 776 1846 miam
796 1808 946 1847 suam
973 1794 1025 1848 in
1053 1810 1152 1849 nos
1175 1795 1589 1866 benignitatem?
1613 1797 1764 1865 Quod
1792 1798 1836 1851 si
1864 1813 1959 1852 eos
1985 1799 2076 1868 qui
2099 1801 2197 1853 mi-

617 1883 761 1936 nime
790 1893 978 1952 rogant
1002 1895 1093 1940 aut
1122 1895 1324 1954 petunt,
1358 1888 1427 1942 ita
1453 1889 1736 1944 miseratur
1756 1889 1809 1944 in
1837 1890 1952 1945 dies
1977 1907 2040 1946 ac
2069 1894 2196 1947 reli-

614 1973 688 2026 cit
711 2012 727 2038 ,
767 1975 979 2043 quantis
1005 1975 1158 2030 bonis
1185 1992 1278 2031 eos
1301 1977 1398 2031 frui
1426 1994 1522 2048 par
1540 1991 1621 2032 est
1643 2020 1660 2045 ,
1686 1982 1774 2049 qui
1801 1980 1852 2034 in
1878 1981 2126 2051 precibus
2147 1991 2202 2036 et

616 2065 1076 2123 obsecrationibus
1103 2080 1313 2125 mtatem
1341 2082 1503 2141 agunt
1528 2073 1551 2126 ἲ
1591 2072 1707 2128 Jam
1733 2089 1861 2129 vero
1889 2083 1944 2129 et
1969 2086 2200 2144 quantus

616 2157 878 2226 justorum
929 2161 1160 2215 virorum
1209 2163 1277 2216 sit
1323 2179 1618 2228 numerus,
1663 2167 1856 2236 quibus
1899 2168 2049 2222 licuit
2099 2169 2203 2238 piis

624 2249 868 2318 precibus
887 2261 1092 2317 gentes,
1120 2253 1302 2318 urbes,
1333 2263 1594 2309 terrarum
1625 2257 1808 2312 orbem
1834 2272 2154 2314 conservare
2182 2301 2199 2325 ,

619 2339 770 2394 vobis
817 2342 1030 2398 tandem
1075 2343 1396 2414 aperiamus.
1429 2347 1495 2401 Et
1531 2347 1742 2417 quidem
1789 2349 1856 2404 de
1901 2349 2206 2420 precatione

617 2448 740 2488 cum
761 2437 953 2504 agitur,
975 2435 1042 2492 de
1069 2438 1233 2492 Paulo
1247 2439 1474 2508 primum
1499 2441 1761 2511 agendum
1789 2452 1900 2508 est;
1923 2443 1991 2497 de
2016 2443 2202 2510 Paulo,

620 2524 833 2595 inquam
869 2569 884 2592 ,
919 2528 1006 2581 illo
1034 2569 1048 2588 ,
1079 2530 1166 2598 qui
1201 2531 1249 2583 in
1284 2531 1393 2584 Deo
1422 2531 1648 2586 colendo
1673 2547 1737 2587 ac
1766 2533 2032 2601 precando
2053 2551 2204 2588 num-

622 2631 780 2684 quam
811 2616 1231 2688 defatigabatur;
1273 2622 1540 2676 communi
1571 2633 1720 2691 patre
1744 2632 1800 2679 et
1827 2625 2064 2695 principe
2087 2641 2206 2680 ser-

621 2721 809 2759 vorum
853 2706 1072 2762 Christi.
1128 2708 1218 2765 lllc
1272 2712 1430 2781 igitur
1475 2715 1706 2768 universi
1755 2724 2017 2771 terrarum
2064 2718 2210 2772 orbis

622 2805 804 2851 custos
841 2798 1070 2852 assiduis
1117 2801 1358 2868 precibus
1401 2818 1590 2859 omnes
1623 2814 1810 2875 gentes
1849 2815 2048 2862 tutatus
2084 2821 2165 2863 εει.
2192 2849 2208 2874 ,

627 2887 781 2942 nobis
810 2903 1022 2959 semper
1058 2891 1273 2946 dicens:
1303 2891 1584 2963 Propterea
1610 2897 1758 2965 ﬂecto
1797 2914 1963 2968 genua
1998 2916 2112 2953 mea
2141 2901 2210 2954 ad

628 2977 836 3032 Patrem
857 2979 1062 3034 Domini
1104 2984 1263 3036 nostri
1283 2983 1409 3039 Jesu
1446 2985 1663 3052 Christi,
1691 2987 1827 3043 unde
1846 2990 2010 3044 omnis
2034 3001 2207 3058 pater-

625 3069 759 3123 nitas
799 3071 852 3123 in
893 3071 1016 3125 calo
1051 3084 1096 3126 et
1135 3074 1186 3126 in
1230 3085 1364 3128 terra
1404 3079 1739 3143 nominatur;
1775 3089 1830 3133 ut
1865 3081 1947 3136 det
1974 3083 2110 3135 vobis
2131 3099 2214 3136 se-

626 3160 850 3214 cundum
875 3161 1078 3218 divitias
1104 3167 1284 3235 gratia:
1317 3182 1426 3220 sua:
1457 3207 1471 3230 ,
1512 3177 1566 3220 ut
1607 3170 1786 3224 virtute
1817 3171 2210 3226 corroboremini

626 3267 716 3318 per
739 3251 989 3320 Spiritum
1012 3259 1122 3324 ejus
1149 3257 1202 3310 in
1223 3258 1446 3313 interiori
1482 3262 1684 3315 homine
1714 3303 1729 3328 ,
1775 3274 1827 3316 ut
1857 3262 2086 3318 Christus
2120 3282 2214 3335 per

628 3340 783 3408 ﬁdem
813 3343 866 3396 in
906 3345 1142 3400 cordibus
1167 3350 1340 3402 vestris
1359 3350 1602 3406 inhabitet
1629 3351 1844 3426 (Ephes.
1873 3355 1927 3410 3.
1959 3357 2026 3410 Μ
2045 3385 2075 3397 -
2097 3357 2212 3426 l7).

633 3430 792 3488 Vides
819 3435 995 3504 igitur,
1019 3449 1271 3506 quantum
1295 3442 1485 3496 virium
1513 3442 1704 3500 habeat
1728 3456 1889 3516 atque
1915 3463 2205 3503 nervorum

638 3526 878 3592 precatio
913 3538 967 3581 et
996 3529 1336 3586 obsecratio?
1364 3533 1584 3604 Templa
1626 3536 1826 3592 Christi
1864 3539 2108 3594 homines
2133 3540 2218 3594 ef-

634 3614 775 3670 licit:
797 3628 958 3690 atque
982 3629 1040 3674 ut
1062 3637 1194 3677 auro
1217 3633 1271 3677 et
1295 3625 1553 3692 lapidibus
1569 3630 2042 3695 praestantissimis,
2072 3647 2216 3685 mar-

630 3708 974 3778 moribusquo
1000 3711 1192 3767 domus
1220 3715 1378 3784 regiae
1403 3725 1670 3782 constant,
1698 3720 1776 3775 sic
1800 3721 1996 3790 templa
2017 3722 2215 3778 Citriin

634 3803 1045 3866 precationibus.
1077 3804 1143 3860 Ut
1172 3807 1396 3875 habitet,
1429 3809 1619 3880 inquit,
1647 3811 1876 3867 Christus
1901 3815 1953 3868 in
1982 3815 2216 3870 cordibus

633 3892 824 3944 vestris.
851 3894 981 3958 Qua:
1012 3897 1183 3965 major
1200 3902 1516 3968 precationis
1534 3904 1650 3958 laus
1675 3919 1794 3958 esse
1820 3905 2028 3975 possit,
2056 3923 2215 3976 quam

633 3981 773 4048 quod
823 3982 1021 4040 Christi
1070 3991 1266 4060 templa
1297 4006 1363 4047 ex
1398 4007 1462 4048 ca
1491 3991 1604 4048 ﬁeri
1631 3995 1881 4050 soleant?
1908 3997 2075 4062 Quem
2109 4012 2213 4050 non

635 4074 852 4142 capiunt
875 4079 1116 4135 cmlcstes
1141 4082 1296 4138 orbes
1324 4123 1340 4149 ,
1371 4084 1413 4138 is
1445 4086 1497 4140 in
1522 4086 1758 4142 animum
1783 4129 1797 4151 ,
1826 4091 1915 4158 qui
1947 4090 2000 4142 in
2029 4103 2215 4158 preca-

636 4167 780 4222 tione
809 4169 968 4224 vitam
992 4171 1180 4239 ducat,
1227 4176 1538 4244 ingreditur.
1565 4178 1759 4234 (Italum
1784 4193 1858 4234 est
1882 4181 2007 4233 mihi
2031 4180 2173 4234 sedes
2195 4220 2212 4246 ,

638 4258 825 4328 inquit,
856 4270 991 4316 terra
1026 4279 1139 4317 vero
1177 4267 1448 4321 scabellum
1499 4269 1683 4339 pedum
1721 4287 1966 4325 meorum.
2002 4272 2216 4337 Qualem

634 4347 838 4402 domum
868 4350 1181 4418 azdi/icabitis
1212 4358 1336 4409 mihi
1360 4398 1374 4422 ,
1405 4359 1476 4412 ait
1509 4360 1762 4415 Dominus
1789 4404 1805 4428 ,
1837 4363 1915 4416 vel
1937 4364 2050 4426 quis
2075 4363 2217 4416 locus

636 4443 1121 4495 commemorationis
1159 4449 1316 4512 mete(
1344 4445 1473 4501 lsai.
1515 4447 1604 4503 66.
1645 4451 1668 4503 1
1705 4449 1766 4517 Η
1795 4453 1956 4521 Atqui
1999 4452 2215 4506 domttm

637 4524 831 4582 Paulus
864 4546 958 4597 per
997 4543 1210 4588 sanctas
1240 4551 1428 4607 preces
1451 4537 1677 4594 :cdilicat
1707 4542 1748 4596 ⁸.
1782 4540 1955 4597 Flcclo
1974 4585 1988 4605 ,
2016 4545 2215 4614 inquit,

637 4632 801 4686 genua
836 4637 948 4675 mea
991 4624 1060 4676 ad
1096 4623 1304 4680 Patrem
1333 4628 1539 4684 Domini
1563 4633 1723 4686 nostri
1754 4633 1880 4688 Jesu
1911 4635 2132 4704 Christi,
2166 4649 2220 4690 ut

641 4706 870 4801 Christus
897 4731 985 4783 per
1009 4717 1162 4784 [idem
1201 4720 1253 4773 in
1297 4723 1534 4779 cordibus
1554 4727 1730 4781 vestris
1756 4729 2017 4784 inhabitet.
2049 4733 2222 4801 Atque

642 4796 766 4853 hinc
797 4801 956 4858 etiam
1000 4819 1302 4866 sanctarum
1335 4817 1693 4882 precatiouum
1721 4820 1826 4872 vim
1865 4823 2090 4891 quisque
2132 4796 2224 4877 co.

639 4893 880 4952 gnoverit
901 4913 913 4949 :
934 4915 1053 4952 nam
1081 4917 1199 4956 cum
1226 4905 1364 4960 idem
1392 4905 1588 4962 Paulus
1610 4923 1822 4964 omnem
1854 4921 2112 4968 terrarum
2134 4929 2223 4969 or-

642 4979 762 5036 bem
788 5028 803 5050 ,
828 4991 979 5054 quasi
1021 4994 1250 5050 volucris
1279 4998 1455 5064 aliqua
1487 5040 1501 5062 ,
1540 5001 1840 5068 pervolarct
1860 5044 1874 5066 ,
1927 5005 1977 5057 in
2005 5020 2222 5062 carcere

639 5093 945 5137 versaretur
974 5125 989 5150 ,
1025 5084 1224 5156 ﬂagella
1257 5090 1554 5158 perferret,
1598 5102 1816 5148 catenas
1848 5107 2121 5164 gestaret,
2171 5101 2222 5152 in

641 5175 879 5232 caedibus
905 5193 969 5233 ac
1007 5180 1258 5249 periculis
1288 5184 1527 5252 viveret,
1577 5185 1848 5241 daemones
1885 5189 2176 5256 expelleret
2207 5231 2220 5249 .

645 5268 889 5324 homines
939 5284 970 5323 a
1023 5271 1247 5325 mortuis
1288 5276 1580 5341 excitaret,
1623 5277 1841 5332 morbos
1881 5291 2122 5332 curaret:
2157 5280 2223 5334 ad

646 5358 919 5416 hominum
953 5373 1128 5419 tamen
1158 5365 1380 5420 salutem
1411 5367 1596 5422 harum
1619 5385 1796 5423 rerum
1815 5370 1953 5424 nulla
1982 5373 2222 5427 conlide-

649 5447 756 5515 bat,
789 5453 880 5508 sed
912 5457 1158 5524 precibus
1187 5466 1355 5511 terras
1383 5459 1779 5514 communiebat
1804 5503 1820 5522 ,
1851 5470 1906 5515 et
1933 5471 2051 5531 post
2078 5463 2221 5517 edita

651 5547 924 5612 miracula,
952 5550 1219 5619 vitamque
1244 5551 1466 5603 mortuis
1496 5552 1813 5615 restitutam,
1837 5553 1902 5608 ad
1934 5569 2116 5622 preces
2146 5570 2223 5610 re-

650 5636 912 5700 currebat,
935 5652 1040 5692 non
1061 5655 1217 5694 secus
1243 5647 1401 5709 atque
1420 5640 1615 5696 athleta
1645 5641 1711 5698 ad
1737 5643 2050 5710 palaestram,
2074 5656 2223 5714 parta

651 5725 891 5780 victoria.
921 5727 1129 5784 Etenim
1152 5731 1274 5797 vita:
1302 5735 1526 5786 mortuis
1554 5734 1897 5789 restituenda:
1926 5777 1941 5799 ,
1972 5737 2222 5790 aliarum-

715 5815 730 5843 ¹
761 5817 839 5887 §ic
857 5816 1038 5887 legitur
1056 5821 1271 5887 insavil"
1287 5823 1491 5887 inedita
1513 5831 1677 5887 autem
1699 5825 1800 5874 sic:
1818 5823 2011 5885 Qualem
2029 5828 2224 5877 domum

626 5901 638 5912 -
654 5877 828 5928 Paulus
850 5877 1024 5929 sanctis
1043 5877 1267 5940 precibus
1279 5880 1492 5934 aediﬁcat
1517 5883 1543 5934 7

1353 401 1407 453 s.
1450 402 1730 456 JO.\.\'NIS
1770 402 2143 460 CHRYSOST.
2184 402 2509 460 AnClllEl‘.
2552 403 3078 460 CUNSTANTINOP.
3767 395 3852 453 πα

2293 531 2401 584 que
2445 531 2621 570 rerum
2667 518 2903 572 omnium
2949 519 3055 571 vim
3103 519 3338 587 precatio
3393 532 3496 573 una
3537 518 3852 588 suppeditat:

2295 607 2488 660 tnerito
2525 607 2740 676 quidem
2775 625 2788 661 :
2832 623 2993 678 quam
3035 609 3178 661 enim
3210 608 3317 662 vim
3349 610 3403 662 in
3449 610 3728 665 arboribus
3771 610 3854 664 ha-

2295 695 2427 749 bent
2453 710 2604 765 aqua:
2637 738 2652 762 ,
2680 697 2928 752 eamdem
2963 698 3017 752 in
3055 697 3156 752 hac
3176 698 3284 752 vita
3309 707 3616 753 sanctorum
3647 701 3856 755 virorum

2299 787 2653 855 precationes.
2683 787 2856 842 Noctu
2885 803 3006 842 cum
3039 789 3122 843 his
3142 790 3376 843 animum
3406 789 3600 843 Paulus
3619 789 3855 858 irrigaret,

2297 876 2640 932 dilticultat‘cs
2669 879 2822 932 facile
2848 877 3139 947 superabat
3168 918 3184 942 ,
3226 889 3279 932 et
3303 879 3471 949 plagis
3497 878 3716 934 dorsum
3747 889 3861 934 tam-

2301 985 2460 1037 quam
2487 979 2660 1023 statna
2701 972 2990 1039 praebebat.
3035 969 3109 1024 Ita
3154 971 3207 1025 in
3241 970 3548 1025 Macedonia
3591 971 3859 1026 custodiam

2301 1061 2604 1127 concussit;
2644 1061 2715 1116 ita
2756 1062 2966 1115 vincula
2999 1061 3245 1132 precibus
3272 1059 3536 1131 confregit
3580 1071 3638 1115 ut
3673 1062 3782 1126 leo;
3805 1063 3862 1116 ita

2301 1151 2535 1206 carceris
2561 1150 2841 1206 custodem
2871 1152 2940 1206 ab
2965 1166 3156 1208 errore
3183 1151 3462 1218 liberavit;
3486 1153 3555 1207 ita
3590 1152 3862 1207 daemonum

2304 1244 2641 1316 tyrannidem
2672 1243 2870 1299 delevit
2892 1255 3052 1314 atque
3071 1243 3352 1316 dissolvit(
3376 1244 3576 1299 ActJG
3603 1242 3645 1316 ).
3676 1246 3736 1298 Et
3757 1259 3865 1299 stitio

2310 1346 2434 1390 nota
2455 1346 2581 1390 sunt
2597 1351 2682 1400 ea,
2699 1352 2818 1406 quze
2835 1336 2901 1390 ad
2920 1351 3107 1391 omnes
3121 1335 3364 1391 homines
3379 1337 3586 1402 scribit,
3608 1335 3687 1389 Ad
3703 1338 3867 1390 oratio-

2305 1443 2420 1480 nem
2461 1426 2733 1480 incumbite
2759 1467 2775 1491 ,
2817 1427 3082 1496 vigilantes
3130 1428 3184 1480 in
3230 1442 3290 1480 ea
3319 1467 3334 1492 ,
3384 1427 3439 1480 in
3481 1427 3760 1495 gratiarum
3797 1441 3867 1480 ac-

2305 1521 2484 1582 tione;
2532 1519 2686 1572 simul
2731 1523 2887 1573 etiam
2933 1536 3028 1589 pro
3086 1536 3165 1573 me
3215 1529 3357 1573 orate
3379 1561 3393 1584 ,
3449 1528 3508 1573 ut
3560 1520 3685 1573 mihi
3731 1537 3867 1574 sema

2305 1609 2452 1661 detur
2476 1610 2530 1663 in
2556 1612 2814 1676 apertione
2839 1611 2942 1663 oris
2955 1610 3053 1664 mei
3067 1626 3182 1663 cum
3202 1607 3870 1678 ﬁducia,ntloquarEuttg¢~

2309 1700 2365 1754 lii
2385 1703 2674 1772 mysterium
2690 1701 2821 1772 (Col.
2841 1703 2952 1756 43.
2968 1703 3047 1773 5).
3062 1702 3198 1770 Quid
3215 1702 3318 1757 ais?
3339 1711 3541 1757 tantam
3568 1702 3720 1756 nobis
3734 1702 3868 1757 auda-

2307 1794 2445 1846 ciam
2469 1808 2654 1863 preces
2682 1793 2938 1859 tribuuttt,
2965 1804 3024 1848 ut
3054 1795 3162 1848 Deo
3176 1810 3271 1864 pro
3291 1794 3456 1848 Paulo
3479 1794 3775 1864 supplicare
3795 1809 3870 1846 au-

2310 1883 2562 1939 deamus?
2588 1885 2706 1954 quis
2737 1885 2888 1939 miles
2907 1900 3085 1953 regem
3109 1899 3206 1954 pro
3225 1899 3434 1939 summo
3448 1883 3588 1939 duce
3607 1883 3869 1938 audeatob-

2310 1976 2644 2031 secrareiAt
2678 1975 2854 2030 nullus
2879 1977 3032 2031 miles
3056 1976 3166 2046 regi
3195 1975 3265 2031 ita
3295 1991 3453 2030 carus
3477 1985 3536 2031 et
3558 1976 3754 2032 amicus
3775 1977 3867 2039 luit,

2312 2078 2372 2121 ut
2398 2067 2593 2122 Paulus
2626 2068 2768 2133 Deo;
2802 2068 2896 2122 sed
2927 2076 3102 2124 tamen
3123 2083 3307 2138 preces
3336 2077 3543 2124 tantum
3578 2068 3729 2124 nobis
3763 2067 3869 2122 affe-

2313 2168 2437 2214 runt
2457 2160 2728 2229 dignitatis
2757 2168 2817 2214 ut
2845 2159 3080 2214 divinum
3119 2160 3373 2214 auxilium
3403 2159 3576 2216 Paulo
3622 2159 3870 2229 implorare

2315 2269 2423 2308 non
2451 2253 2774 2309 dubitemus.
2805 2252 2880 2308 Ita
2907 2253 3097 2308 Petrus
3124 2253 3214 2308 ille
3251 2267 3519 2316 summus,
3549 2251 3681 2307 caelo
3722 2250 3872 2321 Splen-

2314 2345 2524 2409 didior,
2555 2359 2825 2399 carcerem
2870 2343 3055 2413 eﬂ‘ugit
3089 2345 3159 2398 ob
3197 2358 3348 2398 suam
3388 2343 3606 2414 quidem
3659 2345 3871 2397 virtutem

2315 2436 2739 2508 probitatemque
2757 2436 3167 2504 potissimum,et
3183 2437 3254 2491 ob
3271 2451 3616 2492 communem
3637 2435 3871 2491 hominum

2316 2528 2541 2582 salutem
2557 2543 2572 2592 ;
2595 2528 2787 2583 deinde
2803 2543 2930 2583 vero
2948 2527 3201 2583 Ecclesiae
3215 2528 3522 2597 deprecatio
3537 2528 3773 2584 celeriter
3787 2541 3873 2579 car-

2318 2625 2456 2675 ceris
2494 2621 2634 2674 fores
2668 2621 2895 2691 aperuit.
2933 2621 3051 2675 Non
3083 2622 3226 2675 enim
3263 2629 3463 2674 temere
3495 2619 3709 2690 scripsit
3734 2618 3872 2674 Lucas

2320 2713 2455 2783 (Act.
2472 2713 2559 2767 l2.
2574 2712 2654 2781 5),
2671 2728 2856 2781 preces
2871 2728 2967 2780 pro
2979 2713 3136 2767 Petro
3146 2711 3388 2766 assiduas
3402 2713 3470 2766 ab
3487 2712 3723 2767 Ecclesia
3738 2714 3870 2769 tussi:

2319 2803 2414 2860 sed
2437 2814 2539 2858 uta
2559 2803 2713 2858 nobis
2728 2803 3133 2874 intelligeretur,
3149 2811 3399 2873 quantam
3419 2804 3526 2858 vim
3551 2803 3768 2858 habeant
3784 2816 3872 2871 prc-

2321 2895 2560 2950 cationes
2580 2895 2634 2948 in
2649 2894 2801 2958 cselo,
2829 2905 2889 2949 ut
2909 2909 2938 2948 a
2960 2894 3207 2964 periculis
3226 2895 3442 2950 Petrum
3469 2904 3527 2950 et.
3554 2895 3760 2950 Paulum
3786 2894 3871 2948 eri-

2325 2986 2490 3055 piant,
2519 2985 2776 3041 Ecclesiae
2803 2985 3099 3050 columnas,
3126 2985 3492 3055 apostolorum
3544 2986 3806 3056 principes,
3831 2984 3870 3035 in

2322 3082 2455 3135 caelo
2490 3079 2891 3143 celeberrimos,
2921 3088 3180 3134 terrarum
3209 3078 3354 3132 orbis
3379 3079 3602 3146 mania,
3629 3090 3871 3136 commune

2325 3172 2486 3226 totius
2552 3178 2708 3224 terrae
2767 3169 3034 3238 marisque
3088 3169 3568 3238 prepugnaculum.
3628 3169 3734 3237 Age
3770 3178 3871 3218 vero

2326 3263 2572 3318 lsraelem
2603 3259 2776 3315 Moses
2801 3259 2854 3314 in
2885 3259 3039 3314 bellis
3064 3273 3168 3330 qua
3195 3259 3403 3314 ratione
3432 3258 3705 3314 servavit?
3725 3268 3870 3310 nonne

2324 3367 2472 3407 arma
2514 3349 2762 3421 quidem,
2800 3357 2856 3404 et
2895 3349 3189 3405 exercitum
3230 3347 3490 3418 discipulo
3530 3347 3757 3411 tradidit,
3783 3346 3872 3414 ipse

2323 3462 2454 3502 vero
2493 3446 2730 3502 hostium
2765 3442 3087 3499 multitudini
3133 3441 3467 3513 precationes
3507 3437 3871 3511 opposuitinos

2326 3547 2385 3593 ut
2412 3537 2649 3602 doceret,
2679 3536 2847 3590 multo
2885 3535 3140 3604 majorem
3169 3533 3221 3587 in
3251 3531 3498 3602 precibus
3538 3533 3788 3601 justorum
3809 3526 3870 3579 vi-

2327 3646 2533 3696 rorum,
2577 3644 2737 3699 quam
2765 3629 2817 3683 in
2844 3628 3028 3689 armis,
3067 3625 3327 3696 equitatu,
3356 3623 3572 3694 Opibus,
3601 3621 3756 3692 copiis
3789 3617 3868 3671 vim

2327 3721 2522 3775 inesse.
2550 3719 2836 3789 Propterea
2877 3717 3156 3772 universus
3199 3715 3359 3770 etiam
3404 3715 3689 3776 exercitus,
3715 3709 3869 3765 multa-

2326 3828 2431 3882 que
2455 3811 2728 3865 hominum
2759 3809 2925 3864 millia
2954 3810 3007 3862 in
3037 3805 3312 3878 prophetre
3344 3805 3598 3876 precibus
3643 3817 3778 3873 Spem
3802 3813 3869 3853 sa-

2327 3905 2450 3958 lutis
2479 3902 2760 3958 habebant.
2785 3900 2940 3964 Nam,
2973 3907 3224 3970 precante
3239 3896 3403 3960 Mose,
3428 3895 3602 3950 Judaei
3638 3891 3870 3948 victoriam

2327 3995 2667 4066 reportabant
2699 3992 2894 4065 (Exod.
2923 3993 3009 4048 ΓΙ.
3036 3991 3123 4047 10.
3150 3991 3262 4061 11);
3285 4005 3315 4044 a
3337 3989 3586 4059 precibus
3599 3987 3869 4043 desistente.

2327 4098 2481 4144 erant
2512 4087 2752 4142 hostibus
2774 4084 3073 4140 inferiores.
3105 4083 3214 4138 Nos
3239 4096 3449 4151 quoque
3477 4080 3521 4135 si
3555 4090 3807 4136 versemur
3829 4072 3868 4125 itt

2329 4183 2595 4254 precibus,
2627 4180 2780 4234 facile
2805 4177 3075 4231 diabolum
3123 4174 3519 4244 superabimus;
3549 4181 3606 4227 at
3633 4171 3675 4226 si
3699 4165 3872 4238 segnio-

2329 4290 2414 4330 res
2444 4275 2630 4340 simus,
2663 4273 2716 4326 in
2742 4284 2840 4325 nos
2869 4269 3075 4323 hostem
3111 4267 3408 4337 improbum
3450 4276 3770 4320 exercemus.
3795 4260 3871 4313 At-

2327 4366 2416 4436 qui
2445 4365 2617 4419 Moses
2640 4363 2894 4433 populum
2920 4375 3132 4431 quoque
3171 4358 3331 4427 impia
3370 4365 3752 4426 perpetrantem
3789 4361 3870 4403 una

2332 4457 2636 4526 precatione
2675 4452 2928 4516 servavit,
2972 4449 3316 4518 divinumque
3357 4446 3662 4514 adspeetum
3681 4451 3733 4497 et
3751 4441 3871 4494 innu-

2329 4548 2598 4603 merabilia
2627 4547 2766 4600 bona
2811 4559 2906 4614 per
2945 4555 3128 4612 preces
3166 4549 3368 4594 tantum
3409 4542 3755 4605 consequutus
3792 4535 3870 4582 est.

2331 4641 2455 4696 llaec
2480 4639 2620 4693 enim
2646 4638 2719 4694 illi
2741 4638 2899 4690 vitam
2928 4648 3138 4705 quoque
3165 4631 3466 4686 conciliavit
3486 4628 3764 4682 incolarum
3783 4615 3872 4674 cn'ii

2333 4733 2675 4804 persimilem.
2703 4727 2950 4782 Precatio
2976 4725 3111 4794 ignis
3135 4722 3241 4775 vim
3267 4719 3554 4788 superavit,
3580 4719 3752 4772 leones
3767 4708 3871 4806 edo-

2329 4828 2462 4880 muit
2489 4842 2503 4887 ;
2535 4837 2760 4892 quorum
2790 4820 3013 4873 alterum
3042 4813 3269 4879 Danieli,
3306 4814 3530 4867 alterum
3555 4809 3715 4863 tribus
3729 4813 3872 4892 pueris

2330 4890 2741 4987 contigit—(Dan.
2765 4913 2817 4968 6.
2850 4913 2938 4966 tt.
2964 4919 3077 4964 etc.
3103 4906 3181 4980 5).
3212 4907 3292 4961 Ex
3333 4905 3417 4959 his
3459 4903 3641 4974 igitur,
3671 4907 3722 4953 ut
3761 4890 3872 4947 arbi-

2335 5020 2465 5073 tror,
2506 5006 2754 5061 omnibus
2801 5012 2964 5072 patet,
3017 5013 3379 5069 quoscumque
3420 4995 3504 5049 illa
3553 4991 3872 5064 periclitantes

2331 5102 2634 5171 exceperit,
2684 5113 2778 5153 eos
2826 5096 2982 5151 facile
3036 5090 3464 5162 impendentibus
3517 5079 3872 5171 difﬁcultatibus

2334 5167 2568 5248 liberari.
2609 5191 2852 5245 Precatio
2893 5183 3079 5240 salutis
3121 5191 3206 5238 est
3245 5181 3472 5242 occasio,
3503 5167 3871 5232 immortalitatis

2331 5287 2522 5340 animus
2549 5280 2898 5343 conciliatrix,
2925 5275 3174 5331 Ecclesiae
3210 5283 3392 5326 murus
3417 5267 3750 5324 firmissimus,
3773 5269 3873 5328 pro-

2334 5373 2684 5445 pugnaculum
2733 5372 3136 5430 inconcussum;
3181 5363 3368 5419 terrori
3417 5356 3752 5445 dmmonibuS.
3793 5345 3871 5417 l’iis

2335 5438 2487 5520 nobis
2512 5463 2688 5517 saluti.
2722 5461 2848 5516 Haec
2872 5466 3113 5513 sanctum
3142 5453 3453 5524 prophetam
3481 5448 3649 5520 genuit
3677 5443 3868 5535 Samue:

2331 5560 2435 5614 lem
2467 5558 2541 5627 (ι.
2571 5555 2698 5624 Reg.
2733 5555 2786 5624 l)
2815 5570 2828 5604 :
2861 5565 2984 5605 nam
3015 5563 3136 5602 cum
3174 5547 3240 5602 ad
3263 5544 3500 5600 sobolem
3535 5551 3707 5596 natura
3743 5532 3868 5588 matri
3894 5532 3924 5552 ’

2331 5651 2723 5712 adversaretur,
2757 5642 2989 5714 precatio
3014 5650 3199 5695 exorta
3229 5649 3432 5691 natura:
3473 5634 3650 5688 vitium
3685 5629 3867 5692 repcnle

2330 5741 2580 5795 correxit.
2621 5737 2764 5792 Talis
2793 5751 2876 5789 er
2904 5732 3209 5806 precatione
3255 5730 3455 5783 fructus
3505 5722 3711 5783 exstitit,
3739 5715 3861 5806 talem

2333 5833 2636 5903 deprecatio
2674 5802 2987 5901 prophetam
3037 5822 3347 5894 procreavit.
3389 5821 3566 5888 itaque
3601 5802 3862 5870 celebrisitt
