  <div class='ocr_page' id='page_1' title='image "/cluster/home/n/w/nwhite01/storage/ocr_20150623/50:no.2:pt.2/coo.31924054869494/380.png"; bbox 0 0 4124 6446; ppageno 0'>
   <div class='ocr_carea' id='block_1_1' title="bbox 303 417 407 474">
    <p class='ocr_par' dir='ltr' id='par_1_1' title="bbox 303 417 407 474">
     <span class='ocr_line' id='line_1_1' title="bbox 303 417 407 474; baseline 0.019 -3"><span class='ocrx_word' id='word_1_1' title='bbox 303 417 407 474; x_wconf 76' lang='lat'>785</span> 
     </span>
    </p>
   </div>
   <div class='ocr_carea' id='block_1_2' title="bbox 305 529 1882 606">
    <p class='ocr_par' dir='ltr' id='par_1_2' title="bbox 305 529 1882 606">
     <span class='ocr_line' id='line_1_2' title="bbox 305 529 1882 606; baseline -0.006 -14"><span class='ocrx_word' id='word_1_2' title='bbox 305 537 432 592; x_wconf 91' lang='grc' dir='ltr'>στὸν</span> <span class='ocrx_word' id='word_1_3' title='bbox 460 533 829 601; x_wconf 80' lang='grc' dir='ltr'>ἐπιδείξασθαι</span> <span class='ocrx_word' id='word_1_4' title='bbox 857 533 1161 606; x_wconf 75' lang='grc' dir='ltr'>βουληθεὶς,</span> <span class='ocrx_word' id='word_1_5' title='bbox 1187 533 1342 602; x_wconf 81' lang='grc' dir='ltr'>ἄφνω</span> <span class='ocrx_word' id='word_1_6' title='bbox 1373 531 1760 602; x_wconf 79' lang='grc' dir='ltr'>μεταθέμενος,</span> <span class='ocrx_word' id='word_1_7' title='bbox 1782 529 1882 602; x_wconf 85' lang='grc' dir='ltr'>τὴν</span> 
     </span>
    </p>
   </div>
   <div class='ocr_carea' id='block_1_3' title="bbox 300 612 1886 690">
    <p class='ocr_par' dir='ltr' id='par_1_3' title="bbox 300 612 1886 690">
     <span class='ocr_line' id='line_1_3' title="bbox 300 612 1886 690; baseline -0.004 -17"><span class='ocrx_word' id='word_1_8' title='bbox 300 617 561 690; x_wconf 80' lang='grc' dir='ltr'>δεομένην</span> <span class='ocrx_word' id='word_1_9' title='bbox 585 615 806 688; x_wconf 77' lang='grc' dir='ltr'>ἠλέησε,</span> <span class='ocrx_word' id='word_1_10' title='bbox 842 617 1016 688; x_wconf 91' lang='grc' dir='ltr'>πόσην</span> <span class='ocrx_word' id='word_1_11' title='bbox 1043 619 1176 690; x_wconf 91' lang='grc' dir='ltr'>ήμῖν</span> <span class='ocrx_word' id='word_1_12' title='bbox 1202 615 1264 680; x_wconf 80' lang='grc' dir='ltr'>ἐξ</span> <span class='ocrx_word' id='word_1_13' title='bbox 1293 612 1524 687; x_wconf 88' lang='grc' dir='ltr'>οὐρανοῦ</span> <span class='ocrx_word' id='word_1_14' title='bbox 1559 613 1886 686; x_wconf 81' lang='grc' dir='ltr'>κηδεμονίαν</span> 
     </span>
    </p>
   </div>
   <div class='ocr_carea' id='block_1_4' title="bbox 299 698 1884 774">
    <p class='ocr_par' dir='ltr' id='par_1_4' title="bbox 299 698 1884 774">
     <span class='ocr_line' id='line_1_4' title="bbox 299 698 1884 774; baseline -0.004 -16"><span class='ocrx_word' id='word_1_15' title='bbox 299 707 356 758; x_wconf 84' lang='grc' dir='ltr'>αἱ</span> <span class='ocrx_word' id='word_1_16' title='bbox 392 702 693 774; x_wconf 74' lang='grc' dir='ltr'>προσευχαὶ</span> <span class='ocrx_word' id='word_1_17' title='bbox 726 701 1052 772; x_wconf 86' lang='grc' dir='ltr'>κομίσουσι;</span> <span class='ocrx_word' id='word_1_18' title='bbox 1087 703 1246 773; x_wconf 91' lang='grc' dir='ltr'>Γνοίη</span> <span class='ocrx_word' id='word_1_19' title='bbox 1283 702 1328 756; x_wconf 87' lang='grc' dir='ltr'>δ’</span> <span class='ocrx_word' id='word_1_20' title='bbox 1369 703 1436 760; x_wconf 77' lang='grc' dir='ltr'>ἄν</span> <span class='ocrx_word' id='word_1_21' title='bbox 1475 721 1558 766; x_wconf 91' lang='grc' dir='ltr'>τις</span> <span class='ocrx_word' id='word_1_22' title='bbox 1598 700 1696 772; x_wconf 88' lang='grc' dir='ltr'>τὴν</span> <span class='ocrx_word' id='word_1_23' title='bbox 1731 698 1884 768; x_wconf 84' lang='grc' dir='ltr'>ίσχύν</span> 
     </span>
    </p>
   </div>
   <div class='ocr_carea' id='block_1_5' title="bbox 299 779 1885 859">
    <p class='ocr_par' dir='ltr' id='par_1_5' title="bbox 299 779 1885 859">
     <span class='ocr_line' id='line_1_5' title="bbox 299 779 1885 859; baseline -0.005 -18"><span class='ocrx_word' id='word_1_24' title='bbox 299 785 409 854; x_wconf 70' lang='grc' dir='ltr'>καὶ,</span> <span class='ocrx_word' id='word_1_25' title='bbox 435 786 534 848; x_wconf 83' lang='grc' dir='ltr'>τὴν</span> <span class='ocrx_word' id='word_1_26' title='bbox 563 785 792 855; x_wconf 88' lang='grc' dir='ltr'>δύναμιν</span> <span class='ocrx_word' id='word_1_27' title='bbox 821 783 929 838; x_wconf 89' lang='grc' dir='ltr'>τῶν</span> <span class='ocrx_word' id='word_1_28' title='bbox 963 785 1134 853; x_wconf 83' lang='grc' dir='ltr'>ἁγίων</span> <span class='ocrx_word' id='word_1_29' title='bbox 1167 787 1506 859; x_wconf 78' lang='grc' dir='ltr'>προσευχῶν,</span> <span class='ocrx_word' id='word_1_30' title='bbox 1541 781 1759 838; x_wconf 84' lang='grc' dir='ltr'>σκοπῶν</span> <span class='ocrx_word' id='word_1_31' title='bbox 1788 779 1885 835; x_wconf 69' lang='grc' dir='ltr'>καὶ</span> 
     </span>
    </p>
   </div>
   <div class='ocr_carea' id='block_1_6' title="bbox 302 863 1884 940">
    <p class='ocr_par' dir='ltr' id='par_1_6' title="bbox 302 863 1884 940">
     <span class='ocr_line' id='line_1_6' title="bbox 302 863 1884 940; baseline -0.004 -18"><span class='ocrx_word' id='word_1_32' title='bbox 302 867 526 938; x_wconf 82' lang='grc' dir='ltr'>θεωρῶν</span> <span class='ocrx_word' id='word_1_33' title='bbox 548 869 688 922; x_wconf 83' lang='grc' dir='ltr'>ὅσων</span> <span class='ocrx_word' id='word_1_34' title='bbox 717 867 1091 936; x_wconf 59' lang='grc' dir='ltr'>ἀγαθῶν,καθ’</span> <span class='ocrx_word' id='word_1_35' title='bbox 1120 869 1356 940; x_wconf 80' lang='grc' dir='ltr'>ἑκάστην</span> <span class='ocrx_word' id='word_1_36' title='bbox 1381 869 1594 940; x_wconf 80' lang='grc' dir='ltr'>ἡμέραν</span> <span class='ocrx_word' id='word_1_37' title='bbox 1617 865 1711 920; x_wconf 83' lang='grc' dir='ltr'>καὶ</span> <span class='ocrx_word' id='word_1_38' title='bbox 1734 863 1884 935; x_wconf 81' lang='grc' dir='ltr'>ὥραν</span> 
     </span>
    </p>
   </div>
   <div class='ocr_carea' id='block_1_7' title="bbox 300 947 1882 1024">
    <p class='ocr_par' dir='ltr' id='par_1_7' title="bbox 300 947 1882 1024">
     <span class='ocr_line' id='line_1_7' title="bbox 300 947 1882 1024; baseline -0.004 -18"><span class='ocrx_word' id='word_1_39' title='bbox 300 952 666 1023; x_wconf 85' lang='grc' dir='ltr'>ἀπολαύουσιν</span> <span class='ocrx_word' id='word_1_40' title='bbox 697 953 747 1024; x_wconf 86' lang='grc' dir='ltr'>οί</span> <span class='ocrx_word' id='word_1_41' title='bbox 776 951 1008 1003; x_wconf 84' lang='grc' dir='ltr'>πάντοτε</span> <span class='ocrx_word' id='word_1_42' title='bbox 1036 950 1116 1021; x_wconf 85' lang='grc' dir='ltr'>τῷ</span> <span class='ocrx_word' id='word_1_43' title='bbox 1145 951 1264 1022; x_wconf 84' lang='grc' dir='ltr'>Θεῷ</span> <span class='ocrx_word' id='word_1_44' title='bbox 1299 953 1753 1024; x_wconf 87' lang='grc' dir='ltr'>προσπίπτοντες.</span> <span class='ocrx_word' id='word_1_45' title='bbox 1786 947 1882 1012; x_wconf 89' lang='grc' dir='ltr'>Τίς</span> 
     </span>
    </p>
   </div>
   <div class='ocr_carea' id='block_1_8' title="bbox 298 1031 1885 1110">
    <p class='ocr_par' dir='ltr' id='par_1_8' title="bbox 298 1031 1885 1110">
     <span class='ocr_line' id='line_1_8' title="bbox 298 1031 1885 1110; baseline -0.003 -20"><span class='ocrx_word' id='word_1_46' title='bbox 298 1036 410 1110; x_wconf 70' lang='grc' dir='ltr'>⁴γάρ</span> <span class='ocrx_word' id='word_1_47' title='bbox 441 1037 544 1089; x_wconf 92' lang='grc' dir='ltr'>οὐκ</span> <span class='ocrx_word' id='word_1_48' title='bbox 569 1031 743 1100; x_wconf 79' lang='grc' dir='ltr'>οἶδεν,</span> <span class='ocrx_word' id='word_1_49' title='bbox 779 1035 862 1088; x_wconf 68' lang='grc' dir='ltr'>ὅτι</span> <span class='ocrx_word' id='word_1_50' title='bbox 903 1035 998 1088; x_wconf 79' lang='grc' dir='ltr'>καὶ</span> <span class='ocrx_word' id='word_1_51' title='bbox 1042 1035 1136 1088; x_wconf 81' lang='grc' dir='ltr'>τοῦ</span> <span class='ocrx_word' id='word_1_52' title='bbox 1183 1035 1334 1106; x_wconf 84' lang='grc' dir='ltr'>ὴλίου</span> <span class='ocrx_word' id='word_1_53' title='bbox 1384 1038 1446 1090; x_wconf 87' lang='grc' dir='ltr'>τὸ</span> <span class='ocrx_word' id='word_1_54' title='bbox 1478 1037 1614 1106; x_wconf 74' lang='grc' dir='ltr'>φῶς,</span> <span class='ocrx_word' id='word_1_55' title='bbox 1651 1033 1885 1089; x_wconf 78' lang='grc' dir='ltr'>καὶτῶν</span> 
     </span>
    </p>
   </div>
   <div class='ocr_carea' id='block_1_9' title="bbox 299 1119 1880 1192">
    <p class='ocr_par' dir='ltr' id='par_1_9' title="bbox 299 1119 1880 1192">
     <span class='ocr_line' id='line_1_9' title="bbox 299 1119 1880 1192; baseline 0 -20"><span class='ocrx_word' id='word_1_56' title='bbox 299 1119 568 1190; x_wconf 77' lang='grc' dir='ltr'>ἀστέρων,</span> <span class='ocrx_word' id='word_1_57' title='bbox 614 1119 710 1172; x_wconf 71' lang='grc' dir='ltr'>καὶ</span> <span class='ocrx_word' id='word_1_58' title='bbox 753 1119 855 1190; x_wconf 85' lang='grc' dir='ltr'>τῆς</span> <span class='ocrx_word' id='word_1_59' title='bbox 887 1119 1138 1190; x_wconf 85' lang='grc' dir='ltr'>σελήνης,</span> <span class='ocrx_word' id='word_1_60' title='bbox 1181 1121 1276 1174; x_wconf 63' lang='grc' dir='ltr'>καὶ¹</span> <span class='ocrx_word' id='word_1_61' title='bbox 1329 1121 1508 1191; x_wconf 89' lang='grc' dir='ltr'>ἀέρων</span> <span class='ocrx_word' id='word_1_62' title='bbox 1561 1120 1880 1192; x_wconf 77' lang='grc' dir='ltr'>εὐκρασίαν,</span> 
     </span>
    </p>
   </div>
   <div class='ocr_carea' id='block_1_10' title="bbox 298 1201 1884 1276">
    <p class='ocr_par' dir='ltr' id='par_1_10' title="bbox 298 1201 1884 1276">
     <span class='ocr_line' id='line_1_10' title="bbox 298 1201 1884 1276; baseline 0.001 -21"><span class='ocrx_word' id='word_1_63' title='bbox 298 1203 397 1255; x_wconf 79' lang='grc' dir='ltr'>καὶ</span> <span class='ocrx_word' id='word_1_64' title='bbox 419 1203 625 1272; x_wconf 85' lang='grc' dir='ltr'>τροφὰς</span> <span class='ocrx_word' id='word_1_65' title='bbox 651 1201 931 1266; x_wconf 80' lang='grc' dir='ltr'>παντοίας,</span> <span class='ocrx_word' id='word_1_66' title='bbox 963 1203 1058 1257; x_wconf 74' lang='grc' dir='ltr'>καὶ</span> <span class='ocrx_word' id='word_1_67' title='bbox 1084 1203 1332 1270; x_wconf 88' lang='grc' dir='ltr'>πλοῦτον,</span> <span class='ocrx_word' id='word_1_68' title='bbox 1365 1207 1460 1259; x_wconf 77' lang='grc' dir='ltr'>καὶ</span> <span class='ocrx_word' id='word_1_69' title='bbox 1487 1205 1620 1276; x_wconf 80' lang='grc' dir='ltr'>βίον,</span> <span class='ocrx_word' id='word_1_70' title='bbox 1653 1205 1747 1258; x_wconf 76' lang='grc' dir='ltr'>καὶ</span> <span class='ocrx_word' id='word_1_71' title='bbox 1781 1222 1884 1275; x_wconf 90' lang='grc' dir='ltr'>μυ-</span> 
     </span>
    </p>
   </div>
   <div class='ocr_carea' id='block_1_11' title="bbox 303 1285 1882 1360">
    <p class='ocr_par' dir='ltr' id='par_1_11' title="bbox 303 1285 1882 1360">
     <span class='ocr_line' id='line_1_11' title="bbox 303 1285 1882 1360; baseline 0 -21"><span class='ocrx_word' id='word_1_72' title='bbox 303 1287 393 1358; x_wconf 87' lang='grc' dir='ltr'>ρία</span> <span class='ocrx_word' id='word_1_73' title='bbox 416 1285 596 1354; x_wconf 87' lang='grc' dir='ltr'>ἀγαθά</span> <span class='ocrx_word' id='word_1_74' title='bbox 625 1288 790 1340; x_wconf 85' lang='grc' dir='ltr'>πᾶσιν</span> <span class='ocrx_word' id='word_1_75' title='bbox 816 1287 1126 1358; x_wconf 87' lang='grc' dir='ltr'>ἀνθρώποις</span> <span class='ocrx_word' id='word_1_76' title='bbox 1149 1289 1351 1358; x_wconf 84' lang='grc' dir='ltr'>ὁμοίως</span> <span class='ocrx_word' id='word_1_77' title='bbox 1372 1291 1400 1341; x_wconf 99' lang='lat'>6</span> <span class='ocrx_word' id='word_1_78' title='bbox 1427 1289 1558 1352; x_wconf 85' lang='grc' dir='ltr'>Θεὸς</span> <span class='ocrx_word' id='word_1_79' title='bbox 1577 1287 1882 1360; x_wconf 74' lang='grc' dir='ltr'>χαρίζεται,</span> 
     </span>
    </p>
   </div>
   <div class='ocr_carea' id='block_1_12' title="bbox 297 1368 1886 1442">
    <p class='ocr_par' dir='ltr' id='par_1_12' title="bbox 297 1368 1886 1442">
     <span class='ocr_line' id='line_1_12' title="bbox 297 1368 1886 1442; baseline 0.001 -20"><span class='ocrx_word' id='word_1_80' title='bbox 297 1368 393 1422; x_wconf 82' lang='grc' dir='ltr'>καὶ</span> <span class='ocrx_word' id='word_1_81' title='bbox 423 1368 651 1432; x_wconf 87' lang='grc' dir='ltr'>δικαίοις</span> <span class='ocrx_word' id='word_1_82' title='bbox 685 1369 781 1423; x_wconf 76' lang='grc' dir='ltr'>καὶ</span> <span class='ocrx_word' id='word_1_83' title='bbox 805 1370 1049 1436; x_wconf 87' lang='grc' dir='ltr'>ἀσεϐέσι,</span> <span class='ocrx_word' id='word_1_84' title='bbox 1071 1371 1163 1424; x_wconf 84' lang='grc' dir='ltr'>διὰ</span> <span class='ocrx_word' id='word_1_85' title='bbox 1191 1373 1292 1442; x_wconf 89' lang='grc' dir='ltr'>τὴν</span> <span class='ocrx_word' id='word_1_86' title='bbox 1322 1372 1524 1441; x_wconf 83' lang='grc' dir='ltr'>πολλὴν</span> <span class='ocrx_word' id='word_1_87' title='bbox 1557 1371 1726 1425; x_wconf 92' lang='grc' dir='ltr'>αὐτοῦ</span> <span class='ocrx_word' id='word_1_88' title='bbox 1760 1371 1886 1440; x_wconf 85' lang='grc' dir='ltr'>φιλ-</span> 
     </span>
    </p>
   </div>
   <div class='ocr_carea' id='block_1_13' title="bbox 297 1447 1885 1528">
    <p class='ocr_par' dir='ltr' id='par_1_13' title="bbox 297 1447 1885 1528">
     <span class='ocr_line' id='line_1_13' title="bbox 297 1447 1885 1528; baseline 0.008 -22"><span class='ocrx_word' id='word_1_89' title='bbox 297 1451 638 1524; x_wconf 82' lang='grc' dir='ltr'>ανθρωπίαν,</span> <span class='ocrx_word' id='word_1_90' title='bbox 669 1447 703 1528; x_wconf 80' lang='grc' dir='ltr'>ᾖ</span> <span class='ocrx_word' id='word_1_91' title='bbox 748 1455 1016 1524; x_wconf 86' lang='grc' dir='ltr'>κέχρηται</span> <span class='ocrx_word' id='word_1_92' title='bbox 1077 1455 1215 1526; x_wconf 88' lang='grc' dir='ltr'>πρὸς</span> <span class='ocrx_word' id='word_1_93' title='bbox 1250 1457 1432 1526; x_wconf 84' lang='grc' dir='ltr'>ήμᾶς;</span> <span class='ocrx_word' id='word_1_94' title='bbox 1470 1457 1532 1508; x_wconf 84' lang='grc' dir='ltr'>Εἰ</span> <span class='ocrx_word' id='word_1_95' title='bbox 1561 1455 1617 1508; x_wconf 80' lang='grc' dir='ltr'>δὲ</span> <span class='ocrx_word' id='word_1_96' title='bbox 1651 1457 1776 1518; x_wconf 79' lang='grc' dir='ltr'>τοὺς</span> <span class='ocrx_word' id='word_1_97' title='bbox 1810 1454 1885 1526; x_wconf 85' lang='grc' dir='ltr'>μὴ</span> 
     </span>
    </p>
   </div>
   <div class='ocr_carea' id='block_1_14' title="bbox 297 1534 1886 1610">
    <p class='ocr_par' dir='ltr' id='par_1_14' title="bbox 297 1534 1886 1610">
     <span class='ocr_line' id='line_1_14' title="bbox 297 1534 1886 1610; baseline 0.001 -22"><span class='ocrx_word' id='word_1_98' title='bbox 297 1534 606 1606; x_wconf 82' lang='grc' dir='ltr'>δεομένους,</span> <span class='ocrx_word' id='word_1_99' title='bbox 641 1537 776 1607; x_wconf 89' lang='grc' dir='ltr'>μηδὲ</span> <span class='ocrx_word' id='word_1_100' title='bbox 809 1537 1114 1602; x_wconf 71' lang='grc' dir='ltr'>αἰτοῦντας,</span> <span class='ocrx_word' id='word_1_101' title='bbox 1146 1537 1318 1602; x_wconf 77' lang='grc' dir='ltr'>οὕτως</span> <span class='ocrx_word' id='word_1_102' title='bbox 1347 1537 1489 1591; x_wconf 84' lang='grc' dir='ltr'>ἐλεεῖ</span> <span class='ocrx_word' id='word_1_103' title='bbox 1521 1537 1644 1591; x_wconf 88' lang='grc' dir='ltr'>καθ’</span> <span class='ocrx_word' id='word_1_104' title='bbox 1673 1537 1886 1610; x_wconf 82' lang='grc' dir='ltr'>ἡμέραν</span> 
     </span>
    </p>
   </div>
   <div class='ocr_carea' id='block_1_15' title="bbox 297 1618 1887 1688">
    <p class='ocr_par' dir='ltr' id='par_1_15' title="bbox 297 1618 1887 1688">
     <span class='ocr_line' id='line_1_15' title="bbox 297 1618 1887 1688; baseline 0.002 -17"><span class='ocrx_word' id='word_1_105' title='bbox 297 1618 393 1671; x_wconf 80' lang='grc' dir='ltr'>καὶ</span> <span class='ocrx_word' id='word_1_106' title='bbox 452 1619 754 1684; x_wconf 80' lang='grc' dir='ltr'>ἀναπαύει,</span> <span class='ocrx_word' id='word_1_107' title='bbox 795 1619 974 1673; x_wconf 89' lang='grc' dir='ltr'>πόσων</span> <span class='ocrx_word' id='word_1_108' title='bbox 1017 1621 1163 1683; x_wconf 76' lang='grc' dir='ltr'>εἰκὸς</span> <span class='ocrx_word' id='word_1_109' title='bbox 1211 1621 1431 1688; x_wconf 85' lang='grc' dir='ltr'>ἀγαθῶν</span> <span class='ocrx_word' id='word_1_110' title='bbox 1485 1621 1887 1674; x_wconf 88' lang='grc' dir='ltr'>ἀπολαύσεσθαι</span> 
     </span>
    </p>
   </div>
   <div class='ocr_carea' id='block_1_16' title="bbox 297 1701 1885 1776">
    <p class='ocr_par' dir='ltr' id='par_1_16' title="bbox 297 1701 1885 1776">
     <span class='ocr_line' id='line_1_16' title="bbox 297 1701 1885 1776; baseline 0.001 -22"><span class='ocrx_word' id='word_1_111' title='bbox 297 1701 427 1764; x_wconf 82' lang='grc' dir='ltr'>τοὺς</span> <span class='ocrx_word' id='word_1_112' title='bbox 455 1703 512 1754; x_wconf 86' lang='grc' dir='ltr'>ἐν</span> <span class='ocrx_word' id='word_1_113' title='bbox 543 1703 732 1772; x_wconf 81' lang='grc' dir='ltr'>εὐχαῖς</span> <span class='ocrx_word' id='word_1_114' title='bbox 773 1705 870 1758; x_wconf 71' lang='grc' dir='ltr'>καὶ</span> <span class='ocrx_word' id='word_1_115' title='bbox 908 1705 1124 1776; x_wconf 85' lang='grc' dir='ltr'>δεήσεσι</span> <span class='ocrx_word' id='word_1_116' title='bbox 1159 1705 1338 1758; x_wconf 85' lang='grc' dir='ltr'>πάντα</span> <span class='ocrx_word' id='word_1_117' title='bbox 1371 1704 1462 1758; x_wconf 89' lang='grc' dir='ltr'>τὸν</span> <span class='ocrx_word' id='word_1_118' title='bbox 1498 1705 1609 1775; x_wconf 86' lang='grc' dir='ltr'>βίον</span> <span class='ocrx_word' id='word_1_119' title='bbox 1658 1704 1885 1776; x_wconf 85' lang='grc' dir='ltr'>ἐσχολα-</span> 
     </span>
    </p>
   </div>
   <div class='ocr_carea' id='block_1_17' title="bbox 298 1785 1890 1860">
    <p class='ocr_par' dir='ltr' id='par_1_17' title="bbox 298 1785 1890 1860">
     <span class='ocr_line' id='line_1_17' title="bbox 298 1785 1890 1860; baseline 0.002 -22"><span class='ocrx_word' id='word_1_120' title='bbox 298 1785 498 1852; x_wconf 83' lang='grc' dir='ltr'>κότας;</span> <span class='ocrx_word' id='word_1_121' title='bbox 537 1787 675 1858; x_wconf 84' lang='grc' dir='ltr'>Φέρε</span> <span class='ocrx_word' id='word_1_122' title='bbox 708 1787 772 1860; x_wconf 90' lang='grc' dir='ltr'>δὴ</span> <span class='ocrx_word' id='word_1_123' title='bbox 817 1791 910 1842; x_wconf 81' lang='grc' dir='ltr'>καὶ</span> <span class='ocrx_word' id='word_1_124' title='bbox 948 1790 1094 1852; x_wconf 80' lang='grc' dir='ltr'>ὅσοις</span> <span class='ocrx_word' id='word_1_125' title='bbox 1124 1789 1232 1842; x_wconf 90' lang='grc' dir='ltr'>τῶν</span> <span class='ocrx_word' id='word_1_126' title='bbox 1279 1789 1505 1842; x_wconf 83' lang='grc' dir='ltr'>δικαίων</span> <span class='ocrx_word' id='word_1_127' title='bbox 1551 1787 1759 1859; x_wconf 76' lang='grc' dir='ltr'>ὑπῆρξε</span> <span class='ocrx_word' id='word_1_128' title='bbox 1799 1787 1890 1841; x_wconf 84' lang='grc' dir='ltr'>διὰ</span> 
     </span>
    </p>
   </div>
   <div class='ocr_carea' id='block_1_18' title="bbox 299 1871 1884 1944">
    <p class='ocr_par' dir='ltr' id='par_1_18' title="bbox 299 1871 1884 1944">
     <span class='ocr_line' id='line_1_18' title="bbox 299 1871 1884 1944; baseline 0.003 -24"><span class='ocrx_word' id='word_1_129' title='bbox 299 1871 623 1940; x_wconf 86' lang='grc' dir='ltr'>προσευχῶν</span> <span class='ocrx_word' id='word_1_130' title='bbox 664 1871 836 1925; x_wconf 89' lang='grc' dir='ltr'>σῶσαι</span> <span class='ocrx_word' id='word_1_131' title='bbox 878 1873 973 1925; x_wconf 64' lang='grc' dir='ltr'>κα)⁵</span> <span class='ocrx_word' id='word_1_132' title='bbox 1004 1873 1152 1942; x_wconf 78' lang='grc' dir='ltr'>ἔθνη,</span> <span class='ocrx_word' id='word_1_133' title='bbox 1184 1873 1279 1926; x_wconf 69' lang='grc' dir='ltr'>καὶ</span> <span class='ocrx_word' id='word_1_134' title='bbox 1313 1873 1517 1938; x_wconf 85' lang='grc' dir='ltr'>πόλεις,</span> <span class='ocrx_word' id='word_1_135' title='bbox 1547 1875 1644 1927; x_wconf 77' lang='grc' dir='ltr'>καὶ</span> <span class='ocrx_word' id='word_1_136' title='bbox 1674 1874 1772 1944; x_wconf 87' lang='grc' dir='ltr'>τὴν</span> <span class='ocrx_word' id='word_1_137' title='bbox 1806 1873 1884 1924; x_wconf 88' lang='grc' dir='ltr'>οί-</span> 
     </span>
    </p>
   </div>
   <div class='ocr_carea' id='block_1_19' title="bbox 297 1953 1887 2028">
    <p class='ocr_par' dir='ltr' id='par_1_19' title="bbox 297 1953 1887 2028">
     <span class='ocr_line' id='line_1_19' title="bbox 297 1953 1887 2028; baseline 0.004 -24"><span class='ocrx_word' id='word_1_138' title='bbox 297 1953 575 2024; x_wconf 80' lang='grc' dir='ltr'>κουμέν⁶ην</span> <span class='ocrx_word' id='word_1_139' title='bbox 600 1953 840 2020; x_wconf 76' lang='grc' dir='ltr'>ἅπασαν,</span> <span class='ocrx_word' id='word_1_140' title='bbox 866 1956 1110 2024; x_wconf 74' lang='grc' dir='ltr'>εἴπωμεν</span> <span class='ocrx_word' id='word_1_141' title='bbox 1136 1959 1272 2026; x_wconf 90' lang='grc' dir='ltr'>πρὸς</span> <span class='ocrx_word' id='word_1_142' title='bbox 1295 1957 1460 2028; x_wconf 82' lang='grc' dir='ltr'>ὑμᾶς.</span> <span class='ocrx_word' id='word_1_143' title='bbox 1497 1957 1585 2008; x_wconf 88' lang='grc' dir='ltr'>Ἐν</span> <span class='ocrx_word' id='word_1_144' title='bbox 1609 1957 1666 2010; x_wconf 83' lang='grc' dir='ltr'>δὲ</span> <span class='ocrx_word' id='word_1_145' title='bbox 1700 1958 1887 2028; x_wconf 80' lang='grc' dir='ltr'>μνήμῃ</span> 
     </span>
    </p>
   </div>
   <div class='ocr_carea' id='block_1_20' title="bbox 217 2037 1889 2112">
    <p class='ocr_par' dir='ltr' id='par_1_20' title="bbox 217 2037 1889 2112">
     <span class='ocr_line' id='line_1_20' title="bbox 217 2037 1889 2112; baseline 0.004 -26"><span class='ocrx_word' id='word_1_146' title='bbox 217 2039 224 2050; x_wconf 95' lang='lat'>&#39;</span> <span class='ocrx_word' id='word_1_147' title='bbox 297 2037 614 2106; x_wconf 82' lang='grc' dir='ltr'>προσευχῆς</span> <span class='ocrx_word' id='word_1_148' title='bbox 654 2037 866 2102; x_wconf 82' lang='grc' dir='ltr'>Παῦλος</span> <span class='ocrx_word' id='word_1_149' title='bbox 911 2039 1127 2110; x_wconf 87' lang='grc' dir='ltr'>πρῶτος</span> <span class='ocrx_word' id='word_1_150' title='bbox 1155 2040 1306 2104; x_wconf 78' lang='grc' dir='ltr'>ἄξιος</span> <span class='ocrx_word' id='word_1_151' title='bbox 1351 2042 1593 2112; x_wconf 82' lang='grc' dir='ltr'>μνήμης,</span> <span class='ocrx_word' id='word_1_152' title='bbox 1623 2040 1836 2102; x_wconf 77' lang='grc' dir='ltr'>Παῦλος</span> <span class='ocrx_word' id='word_1_153' title='bbox 1860 2041 1889 2092; x_wconf 91' lang='lat'>6</span> 
     </span>
    </p>
   </div>
   <div class='ocr_carea' id='block_1_21' title="bbox 295 2119 1887 2196">
    <p class='ocr_par' dir='ltr' id='par_1_21' title="bbox 295 2119 1887 2196">
     <span class='ocr_line' id='line_1_21' title="bbox 295 2119 1887 2196; baseline 0.005 -26"><span class='ocrx_word' id='word_1_154' title='bbox 295 2119 398 2188; x_wconf 89' lang='grc' dir='ltr'>τῆς</span> <span class='ocrx_word' id='word_1_155' title='bbox 439 2119 535 2174; x_wconf 85' lang='grc' dir='ltr'>τοῦ</span> <span class='ocrx_word' id='word_1_156' title='bbox 576 2120 710 2174; x_wconf 86' lang='grc' dir='ltr'>Θεοῦ</span> <span class='ocrx_word' id='word_1_157' title='bbox 737 2122 995 2192; x_wconf 86' lang='grc' dir='ltr'>λατρείας</span> <span class='ocrx_word' id='word_1_158' title='bbox 1029 2124 1360 2196; x_wconf 87' lang='grc' dir='ltr'>ἀκόρεστος,</span> <span class='ocrx_word' id='word_1_159' title='bbox 1403 2126 1433 2177; x_wconf 91' lang='lat'>6</span> <span class='ocrx_word' id='word_1_160' title='bbox 1478 2125 1655 2186; x_wconf 88' lang='grc' dir='ltr'>κοινὸς</span> <span class='ocrx_word' id='word_1_161' title='bbox 1686 2124 1887 2196; x_wconf 87' lang='grc' dir='ltr'>πατὴρ,</span> 
     </span>
    </p>
   </div>
   <div class='ocr_carea' id='block_1_22' title="bbox 297 2201 1890 2279">
    <p class='ocr_par' dir='ltr' id='par_1_22' title="bbox 297 2201 1890 2279">
     <span class='ocr_line' id='line_1_22' title="bbox 297 2201 1890 2279; baseline 0.004 -26"><span class='ocrx_word' id='word_1_162' title='bbox 297 2201 390 2254; x_wconf 74' lang='grc' dir='ltr'>καὶ</span> <span class='ocrx_word' id='word_1_163' title='bbox 416 2201 684 2270; x_wconf 89' lang='grc' dir='ltr'>πρόγονος</span> <span class='ocrx_word' id='word_1_164' title='bbox 713 2204 820 2258; x_wconf 90' lang='grc' dir='ltr'>τῶν</span> <span class='ocrx_word' id='word_1_165' title='bbox 852 2205 1054 2260; x_wconf 89' lang='grc' dir='ltr'>δούλων</span> <span class='ocrx_word' id='word_1_166' title='bbox 1081 2207 1180 2262; x_wconf 92' lang='grc' dir='ltr'>τοῦ</span> <span class='ocrx_word' id='word_1_167' title='bbox 1210 2208 1471 2279; x_wconf 77' lang='grc' dir='ltr'>Χριστοῦ.</span> <span class='ocrx_word' id='word_1_168' title='bbox 1520 2209 1755 2270; x_wconf 82' lang='grc' dir='ltr'>Ἐκεῖνος</span> <span class='ocrx_word' id='word_1_169' title='bbox 1779 2209 1890 2260; x_wconf 88' lang='grc' dir='ltr'>τοί-</span> 
     </span>
    </p>
   </div>
   <div class='ocr_carea' id='block_1_23' title="bbox 297 2283 1889 2362">
    <p class='ocr_par' dir='ltr' id='par_1_23' title="bbox 297 2283 1889 2362">
     <span class='ocr_line' id='line_1_23' title="bbox 297 2283 1889 2362; baseline 0.005 -26"><span class='ocrx_word' id='word_1_170' title='bbox 297 2300 390 2338; x_wconf 90' lang='grc' dir='ltr'>νυν</span> <span class='ocrx_word' id='word_1_171' title='bbox 423 2287 454 2338; x_wconf 89' lang='lat'>6</span> <span class='ocrx_word' id='word_1_172' title='bbox 487 2283 661 2354; x_wconf 83' lang='grc' dir='ltr'>φύλαξ</span> <span class='ocrx_word' id='word_1_173' title='bbox 680 2287 779 2357; x_wconf 87' lang='grc' dir='ltr'>τῆς</span> <span class='ocrx_word' id='word_1_174' title='bbox 812 2290 1158 2360; x_wconf 74' lang='grc' dir='ltr'>οἰκουμένης,</span> <span class='ocrx_word' id='word_1_175' title='bbox 1193 2290 1281 2344; x_wconf 82' lang='grc' dir='ltr'>διὰ</span> <span class='ocrx_word' id='word_1_176' title='bbox 1309 2291 1638 2362; x_wconf 85' lang='grc' dir='ltr'>προσευχῆς,</span> <span class='ocrx_word' id='word_1_177' title='bbox 1675 2291 1889 2361; x_wconf 72' lang='grc' dir='ltr'>καὶτῆς</span> 
     </span>
    </p>
   </div>
   <div class='ocr_carea' id='block_1_24' title="bbox 300 2367 1890 2444">
    <p class='ocr_par' dir='ltr' id='par_1_24' title="bbox 300 2367 1890 2444">
     <span class='ocr_line' id='line_1_24' title="bbox 300 2367 1890 2444; baseline 0.006 -27"><span class='ocrx_word' id='word_1_178' title='bbox 300 2367 562 2437; x_wconf 85' lang='grc' dir='ltr'>συνεχοῦς</span> <span class='ocrx_word' id='word_1_179' title='bbox 583 2368 819 2440; x_wconf 85' lang='grc' dir='ltr'>δεήσεως</span> <span class='ocrx_word' id='word_1_180' title='bbox 852 2373 1030 2426; x_wconf 89' lang='grc' dir='ltr'>πάντα</span> <span class='ocrx_word' id='word_1_181' title='bbox 1056 2373 1123 2425; x_wconf 81' lang='grc' dir='ltr'>τὰ</span> <span class='ocrx_word' id='word_1_182' title='bbox 1151 2373 1278 2444; x_wconf 80' lang='grc' dir='ltr'>ἔθνη</span> <span class='ocrx_word' id='word_1_183' title='bbox 1311 2374 1558 2438; x_wconf 84' lang='grc' dir='ltr'>διέσωσε,</span> <span class='ocrx_word' id='word_1_184' title='bbox 1585 2375 1758 2442; x_wconf 84' lang='grc' dir='ltr'>λέγων</span> <span class='ocrx_word' id='word_1_185' title='bbox 1802 2375 1890 2426; x_wconf 77' lang='grc' dir='ltr'>ἀεὶ</span> 
     </span>
    </p>
   </div>
   <div class='ocr_carea' id='block_1_25' title="bbox 298 2449 1890 2527">
    <p class='ocr_par' dir='ltr' id='par_1_25' title="bbox 298 2449 1890 2527">
     <span class='ocr_line' id='line_1_25' title="bbox 298 2449 1890 2527; baseline 0.003 -23"><span class='ocrx_word' id='word_1_186' title='bbox 298 2449 436 2518; x_wconf 85' lang='grc' dir='ltr'>πρὸς</span> <span class='ocrx_word' id='word_1_187' title='bbox 468 2451 638 2520; x_wconf 83' lang='grc' dir='ltr'>ἡμᾶς·</span> <span class='ocrx_word' id='word_1_188' title='bbox 678 2453 900 2508; x_wconf 85' lang='grc' dir='ltr'>Τούτου</span> <span class='ocrx_word' id='word_1_189' title='bbox 930 2454 1108 2524; x_wconf 82' lang='grc' dir='ltr'>χάριν</span> <span class='ocrx_word' id='word_1_190' title='bbox 1136 2454 1381 2525; x_wconf 81' lang='grc' dir='ltr'>κάμπτω</span> <span class='ocrx_word' id='word_1_191' title='bbox 1414 2458 1486 2511; x_wconf 85' lang='grc' dir='ltr'>τὰ</span> <span class='ocrx_word' id='word_1_192' title='bbox 1519 2455 1743 2527; x_wconf 75' lang='grc' dir='ltr'>γόνατά</span> <span class='ocrx_word' id='word_1_193' title='bbox 1769 2472 1890 2524; x_wconf 83' lang='grc' dir='ltr'>μου</span> 
     </span>
    </p>
   </div>
   <div class='ocr_carea' id='block_1_26' title="bbox 297 2533 1890 2613">
    <p class='ocr_par' dir='ltr' id='par_1_26' title="bbox 297 2533 1890 2613">
     <span class='ocr_line' id='line_1_26' title="bbox 297 2533 1890 2613; baseline 0.009 -29"><span class='ocrx_word' id='word_1_194' title='bbox 297 2533 451 2602; x_wconf 85' lang='grc' dir='ltr'>πρὸς</span> <span class='ocrx_word' id='word_1_195' title='bbox 487 2535 594 2588; x_wconf 83' lang='grc' dir='ltr'>τόν</span> <span class='ocrx_word' id='word_1_196' title='bbox 625 2539 857 2606; x_wconf 80' lang='grc' dir='ltr'>Πατέρα</span> <span class='ocrx_word' id='word_1_197' title='bbox 884 2539 992 2593; x_wconf 88' lang='grc' dir='ltr'>τοῦ</span> <span class='ocrx_word' id='word_1_198' title='bbox 1030 2541 1252 2607; x_wconf 80' lang='grc' dir='ltr'>Κυρίου</span> <span class='ocrx_word' id='word_1_199' title='bbox 1295 2540 1466 2610; x_wconf 77' lang='grc' dir='ltr'>ἡμῶν</span> <span class='ocrx_word' id='word_1_200' title='bbox 1513 2542 1708 2613; x_wconf 78' lang='grc' dir='ltr'>Ἰησρῦ</span> <span class='ocrx_word' id='word_1_201' title='bbox 1758 2543 1890 2608; x_wconf 80' lang='grc' dir='ltr'>Χρι-</span> 
     </span>
    </p>
   </div>
   <div class='ocr_carea' id='block_1_27' title="bbox 298 2615 1893 2693">
    <p class='ocr_par' dir='ltr' id='par_1_27' title="bbox 298 2615 1893 2693">
     <span class='ocr_line' id='line_1_27' title="bbox 298 2615 1893 2693; baseline 0.013 -26"><span class='ocrx_word' id='word_1_202' title='bbox 298 2616 478 2680; x_wconf 87' lang='grc' dir='ltr'>στοῦ,</span> <span class='ocrx_word' id='word_1_203' title='bbox 504 2616 574 2682; x_wconf 75' lang='grc' dir='ltr'>ἐξ</span> <span class='ocrx_word' id='word_1_204' title='bbox 603 2615 674 2674; x_wconf 86' lang='grc' dir='ltr'>οὗ</span> <span class='ocrx_word' id='word_1_205' title='bbox 713 2619 884 2674; x_wconf 87' lang='grc' dir='ltr'>πᾶσα</span> <span class='ocrx_word' id='word_1_206' title='bbox 915 2623 1131 2690; x_wconf 85' lang='grc' dir='ltr'>πατριὰ</span> <span class='ocrx_word' id='word_1_207' title='bbox 1157 2623 1226 2675; x_wconf 82' lang='grc' dir='ltr'>ἐν</span> <span class='ocrx_word' id='word_1_208' title='bbox 1253 2622 1488 2690; x_wconf 78' lang='grc' dir='ltr'>οὐρανῷ</span> <span class='ocrx_word' id='word_1_209' title='bbox 1521 2623 1618 2678; x_wconf 79' lang='grc' dir='ltr'>καὶ</span> <span class='ocrx_word' id='word_1_210' title='bbox 1644 2623 1744 2677; x_wconf 77' lang='grc' dir='ltr'>ἐπὶ</span> <span class='ocrx_word' id='word_1_211' title='bbox 1777 2621 1893 2693; x_wconf 78' lang='grc' dir='ltr'>γῆς</span> 
     </span>
    </p>
   </div>
   <div class='ocr_carea' id='block_1_28' title="bbox 299 2698 1893 2774">
    <p class='ocr_par' dir='ltr' id='par_1_28' title="bbox 299 2698 1893 2774">
     <span class='ocr_line' id='line_1_28' title="bbox 299 2698 1893 2774; baseline 0.006 -22"><span class='ocrx_word' id='word_1_212' title='bbox 299 2698 676 2770; x_wconf 71' lang='grc' dir='ltr'>ὀνομάζεταιο</span> <span class='ocrx_word' id='word_1_213' title='bbox 713 2703 813 2758; x_wconf 79' lang='grc' dir='ltr'>ἵνα</span> <span class='ocrx_word' id='word_1_214' title='bbox 833 2703 954 2773; x_wconf 82' lang='grc' dir='ltr'>δῴη</span> <span class='ocrx_word' id='word_1_215' title='bbox 995 2705 1139 2774; x_wconf 85' lang='grc' dir='ltr'>ὑμῖν</span> <span class='ocrx_word' id='word_1_216' title='bbox 1163 2707 1313 2760; x_wconf 85' lang='grc' dir='ltr'>κατὰ</span> <span class='ocrx_word' id='word_1_217' title='bbox 1343 2705 1452 2760; x_wconf 74' lang='grc' dir='ltr'>τὸν</span> <span class='ocrx_word' id='word_1_218' title='bbox 1483 2708 1754 2762; x_wconf 80' lang='grc' dir='ltr'>πλοῦτον</span> <span class='ocrx_word' id='word_1_219' title='bbox 1783 2704 1893 2774; x_wconf 80' lang='grc' dir='ltr'>τῆς</span> 
     </span>
    </p>
   </div>
   <div class='ocr_carea' id='block_1_29' title="bbox 297 2781 1890 2859">
    <p class='ocr_par' dir='ltr' id='par_1_29' title="bbox 297 2781 1890 2859">
     <span class='ocr_line' id='line_1_29' title="bbox 297 2781 1890 2859; baseline 0.006 -23"><span class='ocrx_word' id='word_1_220' title='bbox 297 2781 546 2852; x_wconf 79' lang='grc' dir='ltr'>χάριτος</span> <span class='ocrx_word' id='word_1_221' title='bbox 585 2785 808 2851; x_wconf 86' lang='grc' dir='ltr'>αὑτοῦ,</span> <span class='ocrx_word' id='word_1_222' title='bbox 853 2788 1105 2858; x_wconf 78' lang='grc' dir='ltr'>δυνάμει</span> <span class='ocrx_word' id='word_1_223' title='bbox 1151 2789 1586 2859; x_wconf 77' lang='grc' dir='ltr'>κραταιωθῆναι</span> <span class='ocrx_word' id='word_1_224' title='bbox 1633 2790 1734 2845; x_wconf 86' lang='grc' dir='ltr'>διὰ</span> <span class='ocrx_word' id='word_1_225' title='bbox 1784 2790 1890 2844; x_wconf 84' lang='grc' dir='ltr'>τοῦ</span> 
     </span>
    </p>
   </div>
   <div class='ocr_carea' id='block_1_30' title="bbox 297 2869 1892 2942">
    <p class='ocr_par' dir='ltr' id='par_1_30' title="bbox 297 2869 1892 2942">
     <span class='ocr_line' id='line_1_30' title="bbox 297 2869 1892 2942; baseline 0.005 -21"><span class='ocrx_word' id='word_1_226' title='bbox 297 2869 649 2938; x_wconf 82' lang='grc' dir='ltr'>Πνεύματος</span> <span class='ocrx_word' id='word_1_227' title='bbox 681 2871 890 2935; x_wconf 81' lang='grc' dir='ltr'>αὐτοῦ,</span> <span class='ocrx_word' id='word_1_228' title='bbox 917 2874 1004 2938; x_wconf 86' lang='grc' dir='ltr'>εὶς</span> <span class='ocrx_word' id='word_1_229' title='bbox 1043 2872 1152 2926; x_wconf 86' lang='grc' dir='ltr'>τόν</span> <span class='ocrx_word' id='word_1_230' title='bbox 1178 2876 1298 2927; x_wconf 80' lang='grc' dir='ltr'>ἔσω</span> <span class='ocrx_word' id='word_1_231' title='bbox 1329 2874 1662 2942; x_wconf 78' lang='grc' dir='ltr'>ἄνθρωπον,</span> <span class='ocrx_word' id='word_1_232' title='bbox 1695 2893 1892 2930; x_wconf 83' lang='grc' dir='ltr'>κατοι-</span> 
     </span>
    </p>
   </div>
   <div class='ocr_carea' id='block_1_31' title="bbox 297 2950 1892 3032">
    <p class='ocr_par' dir='ltr' id='par_1_31' title="bbox 297 2950 1892 3032">
     <span class='ocr_line' id='line_1_31' title="bbox 297 2950 1892 3032; baseline 0.006 -27"><span class='ocrx_word' id='word_1_233' title='bbox 297 2950 492 3021; x_wconf 80' lang='grc' dir='ltr'>κῆσαι</span> <span class='ocrx_word' id='word_1_234' title='bbox 515 2955 622 3008; x_wconf 87' lang='grc' dir='ltr'>τὸν</span> <span class='ocrx_word' id='word_1_235' title='bbox 653 2957 912 3024; x_wconf 87' lang='grc' dir='ltr'>Χριστὸν</span> <span class='ocrx_word' id='word_1_236' title='bbox 939 2955 1036 3010; x_wconf 87' lang='grc' dir='ltr'>διὰ</span> <span class='ocrx_word' id='word_1_237' title='bbox 1071 2959 1332 3025; x_wconf 82' lang='grc' dir='ltr'>πίστεως</span> <span class='ocrx_word' id='word_1_238' title='bbox 1360 2959 1429 3013; x_wconf 83' lang='grc' dir='ltr'>ἐν</span> <span class='ocrx_word' id='word_1_239' title='bbox 1458 2959 1590 3026; x_wconf 84' lang='grc' dir='ltr'>ταῖς</span> <span class='ocrx_word' id='word_1_240' title='bbox 1619 2959 1892 3032; x_wconf 59' lang='grc' dir='ltr'>καρδίαμς</span> 
     </span>
    </p>
   </div>
   <div class='ocr_carea' id='block_1_32' title="bbox 301 3035 1888 3115">
    <p class='ocr_par' dir='ltr' id='par_1_32' title="bbox 301 3035 1888 3115">
     <span class='ocr_line' id='line_1_32' title="bbox 301 3035 1888 3115; baseline 0.004 -26"><span class='ocrx_word' id='word_1_241' title='bbox 301 3035 491 3106; x_wconf 82' lang='grc' dir='ltr'>ὑμῶν.</span> <span class='ocrx_word' id='word_1_242' title='bbox 550 3038 737 3110; x_wconf 79' lang='grc' dir='ltr'>Ὁρᾷς,</span> <span class='ocrx_word' id='word_1_243' title='bbox 791 3041 915 3094; x_wconf 84' lang='grc' dir='ltr'>ὅσον</span> <span class='ocrx_word' id='word_1_244' title='bbox 979 3042 1154 3113; x_wconf 87' lang='grc' dir='ltr'>ίσχύει</span> <span class='ocrx_word' id='word_1_245' title='bbox 1207 3043 1486 3115; x_wconf 83' lang='grc' dir='ltr'>προσευχὴ</span> <span class='ocrx_word' id='word_1_246' title='bbox 1541 3047 1636 3098; x_wconf 76' lang='grc' dir='ltr'>καὶ</span> <span class='ocrx_word' id='word_1_247' title='bbox 1675 3045 1888 3115; x_wconf 88' lang='grc' dir='ltr'>δέησις;</span> 
     </span>
    </p>
   </div>
   <div class='ocr_carea' id='block_1_33' title="bbox 297 3119 1894 3199">
    <p class='ocr_par' dir='ltr' id='par_1_33' title="bbox 297 3119 1894 3199">
     <span class='ocr_line' id='line_1_33' title="bbox 297 3119 1894 3199; baseline 0.004 -25"><span class='ocrx_word' id='word_1_248' title='bbox 297 3119 487 3186; x_wconf 82' lang='grc' dir='ltr'>Ναούς</span> <span class='ocrx_word' id='word_1_249' title='bbox 539 3123 780 3194; x_wconf 87' lang='grc' dir='ltr'>Χριστοῦ</span> <span class='ocrx_word' id='word_1_250' title='bbox 831 3126 960 3190; x_wconf 83' lang='grc' dir='ltr'>τούς</span> <span class='ocrx_word' id='word_1_251' title='bbox 1016 3127 1342 3199; x_wconf 86' lang='grc' dir='ltr'>ἀνθρώπους</span> <span class='ocrx_word' id='word_1_252' title='bbox 1398 3129 1692 3198; x_wconf 74' lang='grc' dir='ltr'>ἐργάζεται</span> <span class='ocrx_word' id='word_1_253' title='bbox 1717 3146 1730 3159; x_wconf 90' lang='grc'><strong>·</strong></span> <span class='ocrx_word' id='word_1_254' title='bbox 1797 3129 1894 3181; x_wconf 77' lang='grc' dir='ltr'>καὶ</span> 
     </span>
    </p>
   </div>
   <div class='ocr_carea' id='block_1_34' title="bbox 297 3201 1891 3282">
    <p class='ocr_par' dir='ltr' id='par_1_34' title="bbox 297 3201 1891 3282">
     <span class='ocr_line' id='line_1_34' title="bbox 297 3201 1891 3282; baseline 0.004 -25"><span class='ocrx_word' id='word_1_255' title='bbox 297 3201 493 3275; x_wconf 83' lang='grc' dir='ltr'>ὥσπερ</span> <span class='ocrx_word' id='word_1_256' title='bbox 528 3207 752 3276; x_wconf 89' lang='grc' dir='ltr'>χρυσὸς,</span> <span class='ocrx_word' id='word_1_257' title='bbox 783 3207 878 3261; x_wconf 75' lang='grc' dir='ltr'>καὶ</span> <span class='ocrx_word' id='word_1_258' title='bbox 903 3209 1040 3262; x_wconf 90' lang='grc' dir='ltr'>λίθοι</span> <span class='ocrx_word' id='word_1_259' title='bbox 1075 3211 1454 3281; x_wconf 78' lang='grc' dir='ltr'>πολυτίμητοι,</span> <span class='ocrx_word' id='word_1_260' title='bbox 1497 3211 1592 3264; x_wconf 79' lang='grc' dir='ltr'>καὶ</span> <span class='ocrx_word' id='word_1_261' title='bbox 1625 3211 1891 3282; x_wconf 85' lang='grc' dir='ltr'>μάρμαρα</span> 
     </span>
    </p>
   </div>
   <div class='ocr_carea' id='block_1_35' title="bbox 299 3288 1890 3366">
    <p class='ocr_par' dir='ltr' id='par_1_35' title="bbox 299 3288 1890 3366">
     <span class='ocr_line' id='line_1_35' title="bbox 299 3288 1890 3366; baseline 0.004 -25"><span class='ocrx_word' id='word_1_262' title='bbox 299 3288 518 3342; x_wconf 80' lang='grc' dir='ltr'>ποιοῦσι</span> <span class='ocrx_word' id='word_1_263' title='bbox 547 3291 674 3354; x_wconf 79' lang='grc' dir='ltr'>τοὺς</span> <span class='ocrx_word' id='word_1_264' title='bbox 713 3290 898 3356; x_wconf 76' lang='grc' dir='ltr'>οἴκους</span> <span class='ocrx_word' id='word_1_265' title='bbox 928 3292 1038 3346; x_wconf 89' lang='grc' dir='ltr'>τῶν</span> <span class='ocrx_word' id='word_1_266' title='bbox 1084 3293 1383 3364; x_wconf 86' lang='grc' dir='ltr'>βασιλέων·</span> <span class='ocrx_word' id='word_1_267' title='bbox 1427 3293 1572 3348; x_wconf 74' lang='grc' dir='ltr'>οὕτω</span> <span class='ocrx_word' id='word_1_268' title='bbox 1611 3297 1890 3366; x_wconf 86' lang='grc' dir='ltr'>προσευχὴ</span> 
     </span>
    </p>
   </div>
   <div class='ocr_carea' id='block_1_36' title="bbox 298 3373 1892 3450">
    <p class='ocr_par' dir='ltr' id='par_1_36' title="bbox 298 3373 1892 3450">
     <span class='ocr_line' id='line_1_36' title="bbox 298 3373 1892 3450; baseline 0.002 -21"><span class='ocrx_word' id='word_1_269' title='bbox 298 3374 465 3437; x_wconf 76' lang='grc' dir='ltr'>ναοὺς</span> <span class='ocrx_word' id='word_1_270' title='bbox 488 3373 584 3427; x_wconf 90' lang='grc' dir='ltr'>τοῦ</span> <span class='ocrx_word' id='word_1_271' title='bbox 618 3375 880 3447; x_wconf 86' lang='grc' dir='ltr'>Χριστοῦ.</span> <span class='ocrx_word' id='word_1_272' title='bbox 909 3377 1296 3448; x_wconf 81' lang='grc' dir='ltr'>Κατοικῆσαι,</span> <span class='ocrx_word' id='word_1_273' title='bbox 1323 3380 1474 3450; x_wconf 77' lang='grc' dir='ltr'>φησὶ,</span> <span class='ocrx_word' id='word_1_274' title='bbox 1502 3381 1608 3434; x_wconf 80' lang='grc' dir='ltr'>τὸν</span> <span class='ocrx_word' id='word_1_275' title='bbox 1631 3379 1892 3448; x_wconf 81' lang='grc' dir='ltr'>Χριστόν</span> 
     </span>
    </p>
   </div>
   <div class='ocr_carea' id='block_1_37' title="bbox 299 3455 1893 3534">
    <p class='ocr_par' dir='ltr' id='par_1_37' title="bbox 299 3455 1893 3534">
     <span class='ocr_line' id='line_1_37' title="bbox 299 3455 1893 3534; baseline 0.004 -25"><span class='ocrx_word' id='word_1_276' title='bbox 299 3455 367 3509; x_wconf 80' lang='grc' dir='ltr'>ἐν</span> <span class='ocrx_word' id='word_1_277' title='bbox 391 3457 529 3524; x_wconf 82' lang='grc' dir='ltr'>ταῖς</span> <span class='ocrx_word' id='word_1_278' title='bbox 555 3459 830 3528; x_wconf 79' lang='grc' dir='ltr'>καρδίαις</span> <span class='ocrx_word' id='word_1_279' title='bbox 855 3459 1042 3530; x_wconf 85' lang='grc' dir='ltr'>ὑμῶν.</span> <span class='ocrx_word' id='word_1_280' title='bbox 1069 3462 1136 3515; x_wconf 92' lang='grc' dir='ltr'>Τί</span> <span class='ocrx_word' id='word_1_281' title='bbox 1183 3463 1367 3533; x_wconf 74' lang='grc' dir='ltr'>μεῖζον</span> <span class='ocrx_word' id='word_1_282' title='bbox 1391 3463 1457 3516; x_wconf 83' lang='grc' dir='ltr'>ἂν</span> <span class='ocrx_word' id='word_1_283' title='bbox 1485 3462 1696 3530; x_wconf 84' lang='grc' dir='ltr'>γένοιτο</span> <span class='ocrx_word' id='word_1_284' title='bbox 1724 3480 1893 3534; x_wconf 89' lang='grc' dir='ltr'>προσ-</span> 
     </span>
    </p>
   </div>
   <div class='ocr_carea' id='block_1_38' title="bbox 300 3542 1890 3618">
    <p class='ocr_par' dir='ltr' id='par_1_38' title="bbox 300 3542 1890 3618">
     <span class='ocr_line' id='line_1_38' title="bbox 300 3542 1890 3618; baseline 0.004 -24"><span class='ocrx_word' id='word_1_285' title='bbox 300 3542 471 3614; x_wconf 86' lang='grc' dir='ltr'>ευχῆς</span> <span class='ocrx_word' id='word_1_286' title='bbox 515 3543 830 3614; x_wconf 87' lang='grc' dir='ltr'>ἐγκώμιον,</span> <span class='ocrx_word' id='word_1_287' title='bbox 875 3546 906 3617; x_wconf 81' lang='grc' dir='ltr'>ἢ</span> <span class='ocrx_word' id='word_1_288' title='bbox 959 3545 1042 3599; x_wconf 86' lang='grc' dir='ltr'>ὄτι</span> <span class='ocrx_word' id='word_1_289' title='bbox 1076 3546 1240 3610; x_wconf 85' lang='grc' dir='ltr'>ναοὺς</span> <span class='ocrx_word' id='word_1_290' title='bbox 1285 3547 1666 3618; x_wconf 76' lang='grc' dir='ltr'>ἀπεργάζεται</span> <span class='ocrx_word' id='word_1_291' title='bbox 1717 3547 1890 3614; x_wconf 83' lang='grc' dir='ltr'>Θεοῦ;</span> 
     </span>
    </p>
   </div>
   <div class='ocr_carea' id='block_1_39' title="bbox 307 3623 1892 3702">
    <p class='ocr_par' dir='ltr' id='par_1_39' title="bbox 307 3623 1892 3702">
     <span class='ocr_line' id='line_1_39' title="bbox 307 3623 1892 3702; baseline 0.002 -23"><span class='ocrx_word' id='word_1_292' title='bbox 307 3626 401 3679; x_wconf 88' lang='grc' dir='ltr'>Ὃν</span> <span class='ocrx_word' id='word_1_293' title='bbox 423 3627 488 3678; x_wconf 85' lang='grc' dir='ltr'>οὐ</span> <span class='ocrx_word' id='word_1_294' title='bbox 516 3627 788 3697; x_wconf 89' lang='grc' dir='ltr'>χωροῦσιν</span> <span class='ocrx_word' id='word_1_295' title='bbox 816 3628 1057 3699; x_wconf 77' lang='grc' dir='ltr'>οὐρανοὶ,</span> <span class='ocrx_word' id='word_1_296' title='bbox 1089 3623 1244 3694; x_wconf 74' lang='grc' dir='ltr'>οὗτος</span> <span class='ocrx_word' id='word_1_297' title='bbox 1272 3631 1352 3695; x_wconf 83' lang='grc' dir='ltr'>είς</span> <span class='ocrx_word' id='word_1_298' title='bbox 1382 3630 1560 3702; x_wconf 76' lang='grc' dir='ltr'>ψυχὴν</span> <span class='ocrx_word' id='word_1_299' title='bbox 1585 3631 1892 3702; x_wconf 73' lang='grc' dir='ltr'>εἰσέρχεται</span> 
     </span>
    </p>
   </div>
   <div class='ocr_carea' id='block_1_40' title="bbox 303 3709 1890 3787">
    <p class='ocr_par' dir='ltr' id='par_1_40' title="bbox 303 3709 1890 3787">
     <span class='ocr_line' id='line_1_40' title="bbox 303 3709 1890 3787; baseline 0.004 -26"><span class='ocrx_word' id='word_1_300' title='bbox 303 3709 488 3772; x_wconf 81' lang='grc' dir='ltr'>ζῶσαν</span> <span class='ocrx_word' id='word_1_301' title='bbox 511 3713 569 3763; x_wconf 82' lang='grc' dir='ltr'>ἐν</span> <span class='ocrx_word' id='word_1_302' title='bbox 594 3715 944 3784; x_wconf 81' lang='grc' dir='ltr'>προσευχαίς.</span> <span class='ocrx_word' id='word_1_303' title='bbox 979 3713 1031 3766; x_wconf 86' lang='lat'>&#39;0</span> <span class='ocrx_word' id='word_1_304' title='bbox 1054 3714 1311 3784; x_wconf 76' lang='grc' dir='ltr'>οὐρανός</span> <span class='ocrx_word' id='word_1_305' title='bbox 1316 3732 1420 3784; x_wconf 85' lang='grc' dir='ltr'>μοι</span> <span class='ocrx_word' id='word_1_306' title='bbox 1444 3717 1676 3784; x_wconf 65' lang='grc' dir='ltr'>θρόνος,</span> <span class='ocrx_word' id='word_1_307' title='bbox 1706 3717 1890 3787; x_wconf 77' lang='grc' dir='ltr'>φησὶν,</span> 
     </span>
    </p>
   </div>
   <div class='ocr_carea' id='block_1_41' title="bbox 303 3793 1896 3867">
    <p class='ocr_par' dir='ltr' id='par_1_41' title="bbox 303 3793 1896 3867">
     <span class='ocr_line' id='line_1_41' title="bbox 303 3793 1896 3867; baseline 0.003 -20"><span class='ocrx_word' id='word_1_308' title='bbox 303 3794 342 3860; x_wconf 76' lang='grc' dir='ltr'>ἡ</span> <span class='ocrx_word' id='word_1_309' title='bbox 375 3793 446 3848; x_wconf 88' lang='grc' dir='ltr'>δὲ</span> <span class='ocrx_word' id='word_1_310' title='bbox 481 3793 558 3862; x_wconf 68' lang='grc' dir='ltr'>γῆ</span> <span class='ocrx_word' id='word_1_311' title='bbox 591 3795 928 3850; x_wconf 79' lang='grc' dir='ltr'>ὑποπόδιον</span> <span class='ocrx_word' id='word_1_312' title='bbox 957 3795 1076 3851; x_wconf 84' lang='grc' dir='ltr'>τῶν</span> <span class='ocrx_word' id='word_1_313' title='bbox 1115 3797 1318 3851; x_wconf 83' lang='grc' dir='ltr'>ποδῶν</span> <span class='ocrx_word' id='word_1_314' title='bbox 1345 3817 1486 3867; x_wconf 86' lang='grc' dir='ltr'>μου.</span> <span class='ocrx_word' id='word_1_315' title='bbox 1513 3799 1694 3853; x_wconf 83' lang='grc' dir='ltr'>Ποῖον</span> <span class='ocrx_word' id='word_1_316' title='bbox 1725 3796 1896 3854; x_wconf 78' lang='grc' dir='ltr'>οἷκον</span> 
     </span>
    </p>
   </div>
   <div class='ocr_carea' id='block_1_42' title="bbox 305 3875 1895 3968">
    <p class='ocr_par' dir='ltr' id='par_1_42' title="bbox 305 3875 1895 3968">
     <span class='ocr_line' id='line_1_42' title="bbox 305 3875 1895 3968; baseline 0.003 -38"><span class='ocrx_word' id='word_1_317' title='bbox 305 3875 739 3968; x_wconf 68' lang='grc' dir='ltr'>οἰκοδομήσετέ</span> <span class='ocrx_word' id='word_1_318' title='bbox 759 3897 861 3948; x_wconf 80' lang='grc' dir='ltr'>μοι</span> <span class='ocrx_word' id='word_1_319' title='bbox 878 3895 899 3944; x_wconf 88' lang='grc'><strong><em>;</em></strong></span> <span class='ocrx_word' id='word_1_320' title='bbox 919 3879 1305 3968; x_wconf 23' lang='grc' dir='ltr'>λέγειᾼίίύρωβ</span> <span class='ocrx_word' id='word_1_321' title='bbox 1329 3899 1340 3911; x_wconf 92' lang='grc'><strong>·</strong></span> <span class='ocrx_word' id='word_1_322' title='bbox 1455 3883 1546 3968; x_wconf 86' lang='grc' dir='ltr'>τίς</span> <span class='ocrx_word' id='word_1_323' title='bbox 1573 3884 1757 3968; x_wconf 56' lang='grc' dir='ltr'>τόπος</span> <span class='ocrx_word' id='word_1_324' title='bbox 1787 3881 1895 3950; x_wconf 80' lang='grc' dir='ltr'>τῆς</span> 
     </span>
    </p>
   </div>
   <div class='ocr_carea' id='block_1_43' title="bbox 307 3959 1895 4034">
    <p class='ocr_par' dir='ltr' id='par_1_43' title="bbox 307 3959 1895 4034">
     <span class='ocr_line' id='line_1_43' title="bbox 307 3959 1895 4034; baseline 0.004 -21"><span class='ocrx_word' id='word_1_325' title='bbox 307 3959 740 4026; x_wconf 76' lang='grc' dir='ltr'>καταπαύσεώς</span> <span class='ocrx_word' id='word_1_326' title='bbox 768 3979 924 4032; x_wconf 72' lang='grc' dir='ltr'>μους</span> <span class='ocrx_word' id='word_1_327' title='bbox 983 3963 1122 4016; x_wconf 76' lang='grc' dir='ltr'>Ἀλλ’</span> <span class='ocrx_word' id='word_1_328' title='bbox 1161 3959 1312 4034; x_wconf 76' lang='grc' dir='ltr'>ὅμως</span> <span class='ocrx_word' id='word_1_329' title='bbox 1354 3961 1500 4018; x_wconf 83' lang='grc' dir='ltr'>οἷκον</span> <span class='ocrx_word' id='word_1_330' title='bbox 1526 3967 1554 4018; x_wconf 91' lang='lat'>6</span> <span class='ocrx_word' id='word_1_331' title='bbox 1584 3965 1794 4028; x_wconf 85' lang='grc' dir='ltr'>Παῦλος</span> <span class='ocrx_word' id='word_1_332' title='bbox 1818 3969 1895 4019; x_wconf 71' lang='lat' dir='ltr'>oi-</span> 
     </span>
    </p>
   </div>
   <div class='ocr_carea' id='block_1_44' title="bbox 311 4043 1896 4118">
    <p class='ocr_par' dir='ltr' id='par_1_44' title="bbox 311 4043 1896 4118">
     <span class='ocr_line' id='line_1_44' title="bbox 311 4043 1896 4118; baseline 0.004 -23"><span class='ocrx_word' id='word_1_333' title='bbox 311 4043 534 4114; x_wconf 88' lang='grc' dir='ltr'>κοδομεῖ</span> <span class='ocrx_word' id='word_1_334' title='bbox 550 4043 638 4097; x_wconf 82' lang='grc' dir='ltr'>διὰ</span> <span class='ocrx_word' id='word_1_335' title='bbox 653 4045 760 4097; x_wconf 88' lang='grc' dir='ltr'>τῶν</span> <span class='ocrx_word' id='word_1_336' title='bbox 783 4045 953 4114; x_wconf 86' lang='grc' dir='ltr'>ἁγίων</span> <span class='ocrx_word' id='word_1_337' title='bbox 981 4047 1154 4116; x_wconf 83' lang='grc' dir='ltr'>εὐχῶν</span> <span class='ocrx_word' id='word_1_338' title='bbox 1169 4054 1217 4102; x_wconf 77' lang='grc'>⁸.</span> <span class='ocrx_word' id='word_1_339' title='bbox 1233 4046 1282 4100; x_wconf 86' lang='grc' dir='ltr'><em>Κ</em></span> <span class='ocrx_word' id='word_1_340' title='bbox 1287 4045 1516 4116; x_wconf 79' lang='grc' dir='ltr'>άμπτω,</span> <span class='ocrx_word' id='word_1_341' title='bbox 1533 4049 1686 4118; x_wconf 78' lang='grc' dir='ltr'>φησὶ,</span> <span class='ocrx_word' id='word_1_342' title='bbox 1702 4051 1774 4100; x_wconf 82' lang='grc' dir='ltr'>τὰ</span> <span class='ocrx_word' id='word_1_343' title='bbox 1799 4049 1896 4117; x_wconf 76' lang='grc' dir='ltr'>γό-</span> 
     </span>
    </p>
   </div>
   <div class='ocr_carea' id='block_1_45' title="bbox 307 4125 1896 4200">
    <p class='ocr_par' dir='ltr' id='par_1_45' title="bbox 307 4125 1896 4200">
     <span class='ocr_line' id='line_1_45' title="bbox 307 4125 1896 4200; baseline 0.004 -23"><span class='ocrx_word' id='word_1_344' title='bbox 307 4125 462 4180; x_wconf 77' lang='grc' dir='ltr'>νατά</span> <span class='ocrx_word' id='word_1_345' title='bbox 502 4145 622 4196; x_wconf 82' lang='grc' dir='ltr'>μου</span> <span class='ocrx_word' id='word_1_346' title='bbox 675 4127 827 4196; x_wconf 84' lang='grc' dir='ltr'>πρὸς</span> <span class='ocrx_word' id='word_1_347' title='bbox 865 4129 974 4182; x_wconf 87' lang='grc' dir='ltr'>τὸν</span> <span class='ocrx_word' id='word_1_348' title='bbox 1015 4130 1250 4198; x_wconf 84' lang='grc' dir='ltr'>Πατέρα</span> <span class='ocrx_word' id='word_1_349' title='bbox 1296 4130 1404 4184; x_wconf 86' lang='grc' dir='ltr'>τοῦ</span> <span class='ocrx_word' id='word_1_350' title='bbox 1452 4132 1673 4198; x_wconf 84' lang='grc' dir='ltr'>Κυρίου</span> <span class='ocrx_word' id='word_1_351' title='bbox 1724 4130 1896 4200; x_wconf 75' lang='grc' dir='ltr'>ἡμῶν</span> 
     </span>
    </p>
   </div>
   <div class='ocr_carea' id='block_1_46' title="bbox 320 4207 1896 4283">
    <p class='ocr_par' dir='ltr' id='par_1_46' title="bbox 320 4207 1896 4283">
     <span class='ocr_line' id='line_1_46' title="bbox 320 4207 1896 4283; baseline 0.004 -21"><span class='ocrx_word' id='word_1_352' title='bbox 320 4207 518 4276; x_wconf 84' lang='grc' dir='ltr'>Ἰησοῦ</span> <span class='ocrx_word' id='word_1_353' title='bbox 539 4210 818 4280; x_wconf 86' lang='grc' dir='ltr'>Χριστοῦ,</span> <span class='ocrx_word' id='word_1_354' title='bbox 841 4213 943 4264; x_wconf 77' lang='grc' dir='ltr'>ἵνα</span> <span class='ocrx_word' id='word_1_355' title='bbox 965 4215 1296 4282; x_wconf 77' lang='grc' dir='ltr'>κατοικήσῃ</span> <span class='ocrx_word' id='word_1_356' title='bbox 1328 4217 1360 4267; x_wconf 87' lang='grc' dir='ltr'>ό</span> <span class='ocrx_word' id='word_1_357' title='bbox 1389 4214 1641 4281; x_wconf 81' lang='grc' dir='ltr'>Χριστὸς</span> <span class='ocrx_word' id='word_1_358' title='bbox 1665 4213 1762 4267; x_wconf 81' lang='grc' dir='ltr'>διὰ</span> <span class='ocrx_word' id='word_1_359' title='bbox 1785 4213 1896 4283; x_wconf 86' lang='grc' dir='ltr'>τῆς</span> 
     </span>
    </p>
   </div>
   <div class='ocr_carea' id='block_1_47' title="bbox 307 4293 1895 4369">
    <p class='ocr_par' dir='ltr' id='par_1_47' title="bbox 307 4293 1895 4369">
     <span class='ocr_line' id='line_1_47' title="bbox 307 4293 1895 4369; baseline 0.004 -26"><span class='ocrx_word' id='word_1_360' title='bbox 307 4293 566 4359; x_wconf 87' lang='grc' dir='ltr'>πίστεως</span> <span class='ocrx_word' id='word_1_361' title='bbox 589 4293 660 4348; x_wconf 87' lang='grc' dir='ltr'>ἐν</span> <span class='ocrx_word' id='word_1_362' title='bbox 690 4293 821 4361; x_wconf 78' lang='grc' dir='ltr'>ταῖς</span> <span class='ocrx_word' id='word_1_363' title='bbox 851 4294 1123 4362; x_wconf 86' lang='grc' dir='ltr'>καρδίαις</span> <span class='ocrx_word' id='word_1_364' title='bbox 1142 4296 1330 4366; x_wconf 80' lang='grc' dir='ltr'>ὑμῶν.</span> <span class='ocrx_word' id='word_1_365' title='bbox 1370 4298 1478 4350; x_wconf 71' lang='grc' dir='ltr'>Καὶ</span> <span class='ocrx_word' id='word_1_366' title='bbox 1511 4299 1618 4369; x_wconf 84' lang='grc' dir='ltr'>μὴν</span> <span class='ocrx_word' id='word_1_367' title='bbox 1643 4299 1895 4351; x_wconf 82' lang='grc' dir='ltr'>κάκεῖθεν</span> 
     </span>
    </p>
   </div>
   <div class='ocr_carea' id='block_1_48' title="bbox 312 4372 1893 4452">
    <p class='ocr_par' dir='ltr' id='par_1_48' title="bbox 312 4372 1893 4452">
     <span class='ocr_line' id='line_1_48' title="bbox 312 4372 1893 4452; baseline 0.007 -26"><span class='ocrx_word' id='word_1_368' title='bbox 312 4372 411 4428; x_wconf 82' lang='grc' dir='ltr'>ῐδοι</span> <span class='ocrx_word' id='word_1_369' title='bbox 447 4393 535 4440; x_wconf 89' lang='grc' dir='ltr'>τις</span> <span class='ocrx_word' id='word_1_370' title='bbox 563 4377 630 4430; x_wconf 83' lang='grc' dir='ltr'>ἂν</span> <span class='ocrx_word' id='word_1_371' title='bbox 658 4378 758 4448; x_wconf 87' lang='grc' dir='ltr'>τὴν</span> <span class='ocrx_word' id='word_1_372' title='bbox 791 4377 1021 4449; x_wconf 83' lang='grc' dir='ltr'>δύναμιν</span> <span class='ocrx_word' id='word_1_373' title='bbox 1052 4379 1162 4433; x_wconf 90' lang='grc' dir='ltr'>τῶν</span> <span class='ocrx_word' id='word_1_374' title='bbox 1190 4381 1362 4449; x_wconf 82' lang='grc' dir='ltr'>ἁγίων</span> <span class='ocrx_word' id='word_1_375' title='bbox 1391 4380 1586 4450; x_wconf 85' lang='grc' dir='ltr'>εὐχῶν,</span> <span class='ocrx_word' id='word_1_376' title='bbox 1624 4380 1772 4452; x_wconf 83' lang='grc'>[7881</span> <span class='ocrx_word' id='word_1_377' title='bbox 1813 4383 1893 4438; x_wconf 80' lang='grc' dir='ltr'>ὅτι</span> 
     </span>
    </p>
   </div>
   <div class='ocr_carea' id='block_1_49' title="bbox 310 4465 1894 4542">
    <p class='ocr_par' dir='ltr' id='par_1_49' title="bbox 310 4465 1894 4542">
     <span class='ocr_line' id='line_1_49' title="bbox 310 4465 1894 4542; baseline 0.004 -24"><span class='ocrx_word' id='word_1_378' title='bbox 310 4465 522 4530; x_wconf 85' lang='grc' dir='ltr'>Παῦλος</span> <span class='ocrx_word' id='word_1_379' title='bbox 555 4469 584 4519; x_wconf 94' lang='lat'>6</span> <span class='ocrx_word' id='word_1_380' title='bbox 615 4467 706 4521; x_wconf 82' lang='grc' dir='ltr'>διὰ</span> <span class='ocrx_word' id='word_1_381' title='bbox 735 4469 916 4539; x_wconf 80' lang='grc' dir='ltr'>πάσης</span> <span class='ocrx_word' id='word_1_382' title='bbox 947 4468 1047 4538; x_wconf 89' lang='grc' dir='ltr'>τῆς</span> <span class='ocrx_word' id='word_1_383' title='bbox 1079 4471 1407 4540; x_wconf 82' lang='grc' dir='ltr'>οἰκουμένης</span> <span class='ocrx_word' id='word_1_384' title='bbox 1437 4470 1626 4542; x_wconf 81' lang='grc' dir='ltr'>ὥσπερ</span> <span class='ocrx_word' id='word_1_385' title='bbox 1656 4472 1894 4525; x_wconf 87' lang='grc' dir='ltr'>ὑπόπτε-</span> 
     </span>
    </p>
   </div>
   <div class='ocr_carea' id='block_1_50' title="bbox 309 4550 1895 4625">
    <p class='ocr_par' dir='ltr' id='par_1_50' title="bbox 309 4550 1895 4625">
     <span class='ocr_line' id='line_1_50' title="bbox 309 4550 1895 4625; baseline 0.005 -24"><span class='ocrx_word' id='word_1_386' title='bbox 309 4563 402 4619; x_wconf 78' lang='grc' dir='ltr'>ρος</span> <span class='ocrx_word' id='word_1_387' title='bbox 432 4550 674 4620; x_wconf 87' lang='grc' dir='ltr'>τρέχων,</span> <span class='ocrx_word' id='word_1_388' title='bbox 707 4551 801 4604; x_wconf 75' lang='grc' dir='ltr'>καὶ</span> <span class='ocrx_word' id='word_1_389' title='bbox 844 4550 1218 4622; x_wconf 84' lang='grc' dir='ltr'>δεσμωτήριον</span> <span class='ocrx_word' id='word_1_390' title='bbox 1246 4553 1440 4616; x_wconf 73' lang='grc' dir='ltr'>οἰκῶν,</span> <span class='ocrx_word' id='word_1_391' title='bbox 1479 4555 1572 4609; x_wconf 75' lang='grc' dir='ltr'>καὶ</span> <span class='ocrx_word' id='word_1_392' title='bbox 1623 4555 1895 4625; x_wconf 87' lang='grc' dir='ltr'>μάστιγας</span> 
     </span>
    </p>
   </div>
   <div class='ocr_carea' id='block_1_51' title="bbox 311 4633 1895 4710">
    <p class='ocr_par' dir='ltr' id='par_1_51' title="bbox 311 4633 1895 4710">
     <span class='ocr_line' id='line_1_51' title="bbox 311 4633 1895 4710; baseline 0.006 -26"><span class='ocrx_word' id='word_1_393' title='bbox 311 4633 617 4704; x_wconf 87' lang='grc' dir='ltr'>ὑπομένων,</span> <span class='ocrx_word' id='word_1_394' title='bbox 647 4635 740 4689; x_wconf 79' lang='grc' dir='ltr'>καὶ</span> <span class='ocrx_word' id='word_1_395' title='bbox 769 4636 950 4707; x_wconf 85' lang='grc' dir='ltr'>φορῶν</span> <span class='ocrx_word' id='word_1_396' title='bbox 975 4634 1186 4699; x_wconf 81' lang='grc' dir='ltr'>ἀλυσιν,</span> <span class='ocrx_word' id='word_1_397' title='bbox 1222 4638 1317 4690; x_wconf 76' lang='grc' dir='ltr'>καὶ</span> <span class='ocrx_word' id='word_1_398' title='bbox 1351 4637 1460 4703; x_wconf 81' lang='grc' dir='ltr'>ζῶν</span> <span class='ocrx_word' id='word_1_399' title='bbox 1483 4641 1542 4692; x_wconf 80' lang='grc' dir='ltr'>ἐν</span> <span class='ocrx_word' id='word_1_400' title='bbox 1571 4641 1764 4710; x_wconf 83' lang='grc' dir='ltr'>αἵματι</span> <span class='ocrx_word' id='word_1_401' title='bbox 1799 4641 1895 4694; x_wconf 73' lang='grc' dir='ltr'>καὶ</span> 
     </span>
    </p>
   </div>
   <div class='ocr_carea' id='block_1_52' title="bbox 309 4717 1894 4794">
    <p class='ocr_par' dir='ltr' id='par_1_52' title="bbox 309 4717 1894 4794">
     <span class='ocr_line' id='line_1_52' title="bbox 309 4717 1894 4794; baseline 0.005 -24"><span class='ocrx_word' id='word_1_402' title='bbox 309 4717 599 4784; x_wconf 80' lang='grc' dir='ltr'>κινδύνοις,</span> <span class='ocrx_word' id='word_1_403' title='bbox 624 4718 720 4772; x_wconf 59' lang='grc' dir='ltr'>καὶ⁷</span> <span class='ocrx_word' id='word_1_404' title='bbox 751 4719 1010 4790; x_wconf 89' lang='grc' dir='ltr'>δαίμονας</span> <span class='ocrx_word' id='word_1_405' title='bbox 1045 4719 1314 4786; x_wconf 88' lang='grc' dir='ltr'>ἐλαύνων,</span> <span class='ocrx_word' id='word_1_406' title='bbox 1361 4723 1457 4776; x_wconf 73' lang='grc' dir='ltr'>καὶ</span> <span class='ocrx_word' id='word_1_407' title='bbox 1487 4726 1714 4794; x_wconf 79' lang='grc' dir='ltr'>νεκροὺς</span> <span class='ocrx_word' id='word_1_408' title='bbox 1749 4725 1894 4792; x_wconf 75' lang='grc' dir='ltr'>ἐγεί‹</span> 
     </span>
    </p>
   </div>
   <div class='ocr_carea' id='block_1_53' title="bbox 314 4801 1892 4880">
    <p class='ocr_par' dir='ltr' id='par_1_53' title="bbox 314 4801 1892 4880">
     <span class='ocr_line' id='line_1_53' title="bbox 314 4801 1892 4880; baseline 0.008 -29"><span class='ocrx_word' id='word_1_409' title='bbox 314 4815 422 4870; x_wconf 80' lang='grc' dir='ltr'>ρων</span> <span class='ocrx_word' id='word_1_410' title='bbox 447 4841 461 4864; x_wconf 94' lang='grc'>,</span> <span class='ocrx_word' id='word_1_411' title='bbox 492 4802 582 4854; x_wconf 78' lang='grc' dir='ltr'>καὶ</span> <span class='ocrx_word' id='word_1_412' title='bbox 617 4801 803 4856; x_wconf 89' lang='grc' dir='ltr'>παύων</span> <span class='ocrx_word' id='word_1_413' title='bbox 831 4805 1258 4876; x_wconf 77' lang='grc' dir='ltr'>ἀρρωστήματα,</span> <span class='ocrx_word' id='word_1_414' title='bbox 1291 4804 1465 4858; x_wconf 78' lang='grc' dir='ltr'>οὐδενὶ</span> <span class='ocrx_word' id='word_1_415' title='bbox 1489 4807 1692 4860; x_wconf 88' lang='grc' dir='ltr'>τούτων</span> <span class='ocrx_word' id='word_1_416' title='bbox 1727 4808 1892 4880; x_wconf 45' lang='grc' dir='ltr'>ἐνθάρέ</span> 
     </span>
    </p>
   </div>
   <div class='ocr_carea' id='block_1_54' title="bbox 312 4887 1895 4964">
    <p class='ocr_par' dir='ltr' id='par_1_54' title="bbox 312 4887 1895 4964">
     <span class='ocr_line' id='line_1_54' title="bbox 312 4887 1895 4964; baseline 0.006 -27"><span class='ocrx_word' id='word_1_417' title='bbox 312 4887 479 4955; x_wconf 79' lang='grc' dir='ltr'>ρησεν</span> <span class='ocrx_word' id='word_1_418' title='bbox 505 4888 584 4950; x_wconf 83' lang='grc' dir='ltr'>εἰς</span> <span class='ocrx_word' id='word_1_419' title='bbox 616 4887 888 4958; x_wconf 88' lang='grc' dir='ltr'>σωτηρίαν</span> <span class='ocrx_word' id='word_1_420' title='bbox 919 4887 1025 4940; x_wconf 90' lang='grc' dir='ltr'>τῶν</span> <span class='ocrx_word' id='word_1_421' title='bbox 1054 4888 1381 4960; x_wconf 87' lang='grc' dir='ltr'>ἀνθρώπων,</span> <span class='ocrx_word' id='word_1_422' title='bbox 1414 4889 1548 4944; x_wconf 78' lang='grc' dir='ltr'>ἀλλὰ</span> <span class='ocrx_word' id='word_1_423' title='bbox 1573 4895 1688 4956; x_wconf 83' lang='grc' dir='ltr'>ταῖς</span> <span class='ocrx_word' id='word_1_424' title='bbox 1725 4911 1895 4964; x_wconf 83' lang='grc' dir='ltr'>προσ-</span> 
     </span>
    </p>
   </div>
   <div class='ocr_carea' id='block_1_55' title="bbox 309 4969 1894 5045">
    <p class='ocr_par' dir='ltr' id='par_1_55' title="bbox 309 4969 1894 5045">
     <span class='ocr_line' id='line_1_55' title="bbox 309 4969 1894 5045; baseline 0.008 -27"><span class='ocrx_word' id='word_1_425' title='bbox 309 4970 500 5037; x_wconf 89' lang='grc' dir='ltr'>ευχαίς</span> <span class='ocrx_word' id='word_1_426' title='bbox 528 4969 761 5040; x_wconf 73' lang='grc' dir='ltr'>ἐτείχισε</span> <span class='ocrx_word' id='word_1_427' title='bbox 793 4970 1024 5041; x_wconf 84' lang='grc' dir='ltr'>τὴν-γῆν</span> <span class='ocrx_word' id='word_1_428' title='bbox 1058 4972 1109 5037; x_wconf 72' lang='lat' dir='ltr'>b,</span> <span class='ocrx_word' id='word_1_429' title='bbox 1154 4973 1250 5025; x_wconf 73' lang='grc' dir='ltr'>καὶ</span> <span class='ocrx_word' id='word_1_430' title='bbox 1281 4972 1421 5043; x_wconf 85' lang='grc' dir='ltr'>μετά</span> <span class='ocrx_word' id='word_1_431' title='bbox 1443 4973 1514 5026; x_wconf 83' lang='grc' dir='ltr'>τὰ</span> <span class='ocrx_word' id='word_1_432' title='bbox 1552 4979 1754 5045; x_wconf 84' lang='grc' dir='ltr'>σημεῖα</span> <span class='ocrx_word' id='word_1_433' title='bbox 1798 4979 1894 5030; x_wconf 77' lang='grc' dir='ltr'>καὶ</span> 
     </span>
    </p>
   </div>
   <div class='ocr_carea' id='block_1_56' title="bbox 308 5053 1894 5133">
    <p class='ocr_par' dir='ltr' id='par_1_56' title="bbox 308 5053 1894 5133">
     <span class='ocr_line' id='line_1_56' title="bbox 308 5053 1894 5133; baseline 0.008 -31"><span class='ocrx_word' id='word_1_434' title='bbox 308 5053 408 5118; x_wconf 84' lang='grc' dir='ltr'>τὴν</span> <span class='ocrx_word' id='word_1_435' title='bbox 433 5053 541 5106; x_wconf 88' lang='grc' dir='ltr'>τῶν</span> <span class='ocrx_word' id='word_1_436' title='bbox 571 5053 780 5126; x_wconf 82' lang='grc' dir='ltr'>νεκρῶν</span> <span class='ocrx_word' id='word_1_437' title='bbox 810 5056 1126 5120; x_wconf 87' lang='grc' dir='ltr'>ἀνάστασιν,</span> <span class='ocrx_word' id='word_1_438' title='bbox 1161 5059 1253 5110; x_wconf 76' lang='grc' dir='ltr'>ἐπὶ</span> <span class='ocrx_word' id='word_1_439' title='bbox 1274 5057 1372 5122; x_wconf 83' lang='grc' dir='ltr'>τὰς</span> <span class='ocrx_word' id='word_1_440' title='bbox 1403 5061 1710 5130; x_wconf 72' lang='grc' dir='ltr'>προσευχὰς</span> <span class='ocrx_word' id='word_1_441' title='bbox 1743 5062 1894 5133; x_wconf 82' lang='grc' dir='ltr'>ἔτρε-</span> 
     </span>
    </p>
   </div>
   <div class='ocr_carea' id='block_1_57' title="bbox 311 5137 1892 5214">
    <p class='ocr_par' dir='ltr' id='par_1_57' title="bbox 311 5137 1892 5214">
     <span class='ocr_line' id='line_1_57' title="bbox 311 5137 1892 5214; baseline 0.009 -27"><span class='ocrx_word' id='word_1_442' title='bbox 311 5151 434 5205; x_wconf 85' lang='grc' dir='ltr'>χεν,</span> <span class='ocrx_word' id='word_1_443' title='bbox 487 5137 675 5210; x_wconf 84' lang='grc' dir='ltr'>ὥσπερ</span> <span class='ocrx_word' id='word_1_444' title='bbox 712 5156 798 5205; x_wconf 82' lang='grc' dir='ltr'>τις</span> <span class='ocrx_word' id='word_1_445' title='bbox 835 5140 1074 5212; x_wconf 84' lang='grc' dir='ltr'>ἀθλητὴς</span> <span class='ocrx_word' id='word_1_446' title='bbox 1110 5143 1203 5194; x_wconf 74' lang='grc' dir='ltr'>ἐπὶ</span> <span class='ocrx_word' id='word_1_447' title='bbox 1249 5142 1587 5214; x_wconf 84' lang='grc' dir='ltr'>παλαίστραν</span> <span class='ocrx_word' id='word_1_448' title='bbox 1627 5145 1735 5198; x_wconf 80' lang='grc' dir='ltr'>ἀπὸ</span> <span class='ocrx_word' id='word_1_449' title='bbox 1773 5165 1892 5200; x_wconf 89' lang='grc' dir='ltr'>στε-</span> 
     </span>
    </p>
   </div>
   <div class='ocr_carea' id='block_1_58' title="bbox 313 5218 1890 5298">
    <p class='ocr_par' dir='ltr' id='par_1_58' title="bbox 313 5218 1890 5298">
     <span class='ocr_line' id='line_1_58' title="bbox 313 5218 1890 5298; baseline 0.008 -28"><span class='ocrx_word' id='word_1_450' title='bbox 313 5218 504 5285; x_wconf 79' lang='grc' dir='ltr'>φάνου.</span> <span class='ocrx_word' id='word_1_451' title='bbox 533 5221 643 5274; x_wconf 72' lang='grc' dir='ltr'>Καὶ</span> <span class='ocrx_word' id='word_1_452' title='bbox 666 5221 772 5292; x_wconf 83' lang='grc' dir='ltr'>γὰρ</span> <span class='ocrx_word' id='word_1_453' title='bbox 804 5224 899 5276; x_wconf 73' lang='grc' dir='ltr'>καὶ</span> <span class='ocrx_word' id='word_1_454' title='bbox 923 5224 1022 5294; x_wconf 85' lang='grc' dir='ltr'>τῆς</span> <span class='ocrx_word' id='word_1_455' title='bbox 1052 5225 1401 5289; x_wconf 81' lang='grc' dir='ltr'>ἀναστάσεως</span> <span class='ocrx_word' id='word_1_456' title='bbox 1423 5227 1530 5279; x_wconf 89' lang='grc' dir='ltr'>τῶν</span> <span class='ocrx_word' id='word_1_457' title='bbox 1557 5229 1766 5298; x_wconf 84' lang='grc' dir='ltr'>νεκρῶν</span> <span class='ocrx_word' id='word_1_458' title='bbox 1797 5231 1890 5284; x_wconf 71' lang='grc' dir='ltr'>καὶ</span> 
     </span>
    </p>
   </div>
   <div class='ocr_carea' id='block_1_59' title="bbox 309 5299 1892 5382">
    <p class='ocr_par' dir='ltr' id='par_1_59' title="bbox 309 5299 1892 5382">
     <span class='ocr_line' id='line_1_59' title="bbox 309 5299 1892 5382; baseline 0.009 -30"><span class='ocrx_word' id='word_1_459' title='bbox 309 5299 419 5354; x_wconf 87' lang='grc' dir='ltr'>τῶν</span> <span class='ocrx_word' id='word_1_460' title='bbox 451 5301 626 5356; x_wconf 84' lang='grc' dir='ltr'>ἄλλων</span> <span class='ocrx_word' id='word_1_461' title='bbox 657 5307 914 5359; x_wconf 79' lang='grc' dir='ltr'>ἁπάντων</span> <span class='ocrx_word' id='word_1_462' title='bbox 963 5309 993 5378; x_wconf 82' lang='grc' dir='ltr'>ἡ</span> <span class='ocrx_word' id='word_1_463' title='bbox 1043 5307 1322 5378; x_wconf 85' lang='grc' dir='ltr'>προσευχὴ</span> <span class='ocrx_word' id='word_1_464' title='bbox 1369 5311 1606 5382; x_wconf 85' lang='grc' dir='ltr'>χορηγός</span> <span class='ocrx_word' id='word_1_465' title='bbox 1631 5330 1642 5342; x_wconf 86' lang='grc'><strong>·</strong></span> <span class='ocrx_word' id='word_1_466' title='bbox 1672 5313 1768 5366; x_wconf 78' lang='grc' dir='ltr'>καὶ</span> <span class='ocrx_word' id='word_1_467' title='bbox 1812 5315 1892 5367; x_wconf 83' lang='grc' dir='ltr'>εί·-</span> 
     </span>
    </p>
   </div>
   <div class='ocr_carea' id='block_1_60' title="bbox 312 5385 1892 5469">
    <p class='ocr_par' dir='ltr' id='par_1_60' title="bbox 312 5385 1892 5469">
     <span class='ocr_line' id='line_1_60' title="bbox 312 5385 1892 5469; baseline 0.012 -33"><span class='ocrx_word' id='word_1_468' title='bbox 312 5385 488 5469; x_wconf 77' lang='grc' dir='ltr'>κότως</span> <span class='ocrx_word' id='word_1_469' title='bbox 530 5400 552 5426; x_wconf 75' lang='grc' dir='ltr'>ε</span> <span class='ocrx_word' id='word_1_470' title='bbox 579 5406 592 5420; x_wconf 75' lang='grc' dir='ltr'><strong>ο</strong></span> <span class='ocrx_word' id='word_1_471' title='bbox 629 5389 698 5460; x_wconf 81' lang='grc' dir='ltr'>ἣν</span> <span class='ocrx_word' id='word_1_472' title='bbox 757 5389 869 5461; x_wconf 85' lang='grc' dir='ltr'>γὰρ</span> <span class='ocrx_word' id='word_1_473' title='bbox 912 5391 1146 5446; x_wconf 80' lang='grc' dir='ltr'>ἐπὶτῶν</span> <span class='ocrx_word' id='word_1_474' title='bbox 1191 5393 1427 5464; x_wconf 82' lang='grc' dir='ltr'>δένδρων</span> <span class='ocrx_word' id='word_1_475' title='bbox 1469 5397 1623 5464; x_wconf 78' lang='grc' dir='ltr'>ἰσχὺν</span> <span class='ocrx_word' id='word_1_476' title='bbox 1662 5397 1776 5469; x_wconf 76' lang='grc' dir='ltr'>ἔχει</span> <span class='ocrx_word' id='word_1_477' title='bbox 1821 5401 1892 5454; x_wconf 86' lang='grc' dir='ltr'>τὰ</span> 
     </span>
    </p>
   </div>
   <div class='ocr_carea' id='block_1_61' title="bbox 310 5467 1886 5554">
    <p class='ocr_par' dir='ltr' id='par_1_61' title="bbox 310 5467 1886 5554">
     <span class='ocr_line' id='line_1_61' title="bbox 310 5467 1886 5554; baseline 0.01 -33"><span class='ocrx_word' id='word_1_478' title='bbox 310 5467 504 5554; x_wconf 49' lang='lat' dir='ltr'>gara,</span> <span class='ocrx_word' id='word_1_479' title='bbox 536 5472 740 5543; x_wconf 88' lang='grc' dir='ltr'>ταύτην</span> <span class='ocrx_word' id='word_1_480' title='bbox 771 5475 863 5526; x_wconf 73' lang='grc' dir='ltr'>ἐπὶ</span> <span class='ocrx_word' id='word_1_481' title='bbox 881 5475 974 5528; x_wconf 88' lang='grc' dir='ltr'>τοῦ</span> <span class='ocrx_word' id='word_1_482' title='bbox 1001 5477 1117 5547; x_wconf 84' lang='grc' dir='ltr'>βίου</span> <span class='ocrx_word' id='word_1_483' title='bbox 1144 5477 1252 5530; x_wconf 90' lang='grc' dir='ltr'>τῶν</span> <span class='ocrx_word' id='word_1_484' title='bbox 1283 5479 1454 5545; x_wconf 84' lang='grc' dir='ltr'>ἁγίων</span> <span class='ocrx_word' id='word_1_485' title='bbox 1483 5482 1537 5532; x_wconf 84' lang='grc' dir='ltr'>αἱ</span> <span class='ocrx_word' id='word_1_486' title='bbox 1564 5467 1886 5554; x_wconf 77' lang='grc' dir='ltr'>προσευχαί.</span> 
     </span>
    </p>
   </div>
   <div class='ocr_carea' id='block_1_62' title="bbox 316 5551 1886 5635">
    <p class='ocr_par' dir='ltr' id='par_1_62' title="bbox 316 5551 1886 5635">
     <span class='ocr_line' id='line_1_62' title="bbox 316 5551 1886 5635; baseline 0.007 -26"><span class='ocrx_word' id='word_1_487' title='bbox 316 5551 410 5606; x_wconf 82' lang='grc' dir='ltr'>Ἔν</span> <span class='ocrx_word' id='word_1_488' title='bbox 471 5557 537 5626; x_wconf 81' lang='grc' dir='ltr'>τῇ</span> <span class='ocrx_word' id='word_1_489' title='bbox 591 5555 747 5610; x_wconf 74' lang='grc' dir='ltr'>νυκτὶ</span> <span class='ocrx_word' id='word_1_490' title='bbox 793 5557 967 5631; x_wconf 84' lang='grc' dir='ltr'>ταύτῃ</span> <span class='ocrx_word' id='word_1_491' title='bbox 1022 5561 1198 5632; x_wconf 80' lang='grc' dir='ltr'>ἄρδων</span> <span class='ocrx_word' id='word_1_492' title='bbox 1231 5560 1328 5633; x_wconf 90' lang='grc' dir='ltr'>τὴν</span> <span class='ocrx_word' id='word_1_493' title='bbox 1359 5562 1536 5634; x_wconf 82' lang='grc' dir='ltr'>ψυχὴν</span> <span class='ocrx_word' id='word_1_494' title='bbox 1575 5551 1620 5618; x_wconf 19' lang='grc' dir='ltr'>ὀί</span> <span class='ocrx_word' id='word_1_495' title='bbox 1653 5551 1886 5635; x_wconf 78' lang='grc' dir='ltr'>Παῦλος,</span> 
     </span>
    </p>
   </div>
   <div class='ocr_carea' id='block_1_63' title="bbox 335 5687 1886 5764">
    <p class='ocr_par' dir='ltr' id='par_1_63' title="bbox 335 5687 1886 5764">
     <span class='ocr_line' id='line_1_63' title="bbox 335 5687 1886 5764; baseline 0.01 -27"><span class='ocrx_word' id='word_1_496' title='bbox 335 5750 347 5764; x_wconf 45' lang='grc'>,</span> <span class='ocrx_word' id='word_1_497' title='bbox 365 5687 508 5763; x_wconf 35' lang='lat' dir='ltr'>{Sic</span> <span class='ocrx_word' id='word_1_498' title='bbox 519 5706 619 5764; x_wconf 54' lang='lat' dir='ltr'>gos</span> <span class='ocrx_word' id='word_1_499' title='bbox 637 5705 667 5741; x_wconf 82' lang='grc' dir='ltr'>ε</span> <span class='ocrx_word' id='word_1_500' title='bbox 686 5693 886 5755; x_wconf 81' lang='lat' dir='ltr'>Savilio,</span> <span class='ocrx_word' id='word_1_501' title='bbox 912 5707 998 5758; x_wconf 89' lang='lat' dir='ltr'>pro</span> <span class='ocrx_word' id='word_1_502' title='bbox 1019 5707 1082 5745; x_wconf 86' lang='lat' dir='ltr'>eo</span> <span class='ocrx_word' id='word_1_503' title='bbox 1101 5697 1233 5764; x_wconf 71' lang='lat' dir='ltr'><strong>quod</strong></span> <span class='ocrx_word' id='word_1_504' title='bbox 1270 5697 1548 5760; x_wconf 75' lang='lat' dir='ltr'>legebatur,</span> <span class='ocrx_word' id='word_1_505' title='bbox 1573 5700 1708 5749; x_wconf 84' lang='grc' dir='ltr'>ποῖον</span> <span class='ocrx_word' id='word_1_506' title='bbox 1729 5703 1886 5754; x_wconf 85' lang='grc' dir='ltr'>οἶκ....</span> 
     </span>
    </p>
   </div>
   <div class='ocr_carea' id='block_1_64' title="bbox 307 5755 1141 5812">
    <p class='ocr_par' dir='ltr' id='par_1_64' title="bbox 307 5755 1141 5812">
     <span class='ocr_line' id='line_1_64' title="bbox 307 5755 1141 5812; baseline -0.001 -11"><span class='ocrx_word' id='word_1_507' title='bbox 307 5755 496 5812; x_wconf 52' lang='grc' dir='ltr'>εὐχῶπη</span> <span class='ocrx_word' id='word_1_508' title='bbox 519 5755 651 5804; x_wconf 81' lang='lat' dir='ltr'>Enrr.</span> <span class='ocrx_word' id='word_1_509' title='bbox 913 5755 928 5758; x_wconf 74' lang='grc'><strong><em>“</em></strong></span> <span class='ocrx_word' id='word_1_510' title='bbox 1120 5755 1141 5768; x_wconf 83' lang='grc'>“’</span> 
     </span>
    </p>
   </div>
   <div class='ocr_carea' id='block_1_65' title="bbox 369 5811 753 5880">
    <p class='ocr_par' dir='ltr' id='par_1_65' title="bbox 369 5811 753 5880">
     <span class='ocr_line' id='line_1_65' title="bbox 369 5811 753 5880; baseline 0 0"><span class='ocrx_word' id='word_1_511' title='bbox 369 5811 557 5880; x_wconf 48' lang='grc' dir='ltr'>ἓξρηδ-</span> <span class='ocrx_word' id='word_1_512' title='bbox 583 5819 753 5880; x_wconf 73' lang='grc' dir='ltr'>ψυχήν-</span> 
     </span>
    </p>
   </div>
   <div class='ocr_carea' id='block_1_66' title="bbox 377 5875 1760 5945">
    <p class='ocr_par' dir='ltr' id='par_1_66' title="bbox 377 5875 1760 5945">
     <span class='ocr_line' id='line_1_66' title="bbox 377 5875 1760 5945; baseline 0.009 -21"><span class='ocrx_word' id='word_1_513' title='bbox 377 5877 402 5904; x_wconf 81' lang='grc'><em>’³</em></span> <span class='ocrx_word' id='word_1_514' title='bbox 429 5875 544 5926; x_wconf 67' lang='grc' dir='ltr'>Ηιρο</span> <span class='ocrx_word' id='word_1_515' title='bbox 594 5875 758 5937; x_wconf 62' lang='grc' dir='ltr'>νρῖδιι,</span> <span class='ocrx_word' id='word_1_516' title='bbox 779 5880 860 5926; x_wconf 81' lang='grc' dir='ltr'>καὶ</span> <span class='ocrx_word' id='word_1_517' title='bbox 885 5879 1096 5936; x_wconf 79' lang='grc' dir='ltr'>εἰκότως,</span> <span class='ocrx_word' id='word_1_518' title='bbox 1121 5894 1148 5928; x_wconf 78' lang='lat' dir='ltr'><strong><em>e</em></strong></span> <span class='ocrx_word' id='word_1_519' title='bbox 1171 5875 1352 5932; x_wconf 57' lang='lat' dir='ltr'>Samio</span> <span class='ocrx_word' id='word_1_520' title='bbox 1378 5891 1596 5945; x_wconf 68' lang='lat' dir='ltr'>recepta.</span> <span class='ocrx_word' id='word_1_521' title='bbox 1624 5885 1760 5936; x_wconf 81' lang='lat' dir='ltr'>Emr.</span> 
     </span>
    </p>
   </div>
   <div class='ocr_carea' id='block_1_67' title="bbox 615 5974 1142 6043">
    <p class='ocr_par' dir='ltr' id='par_1_67' title="bbox 615 5974 1142 6043">
     <span class='ocr_line' id='line_1_67' title="bbox 615 5974 1142 6043; baseline 0.019 -10"><span class='ocrx_word' id='word_1_522' title='bbox 615 5974 883 6038; x_wconf 73' lang='lat' dir='ltr'>PATROL.</span> <span class='ocrx_word' id='word_1_523' title='bbox 919 5980 1036 6040; x_wconf 72' lang='lat' dir='ltr'>GR.</span> <span class='ocrx_word' id='word_1_524' title='bbox 1081 5983 1142 6043; x_wconf 88' lang='lat' dir='ltr'>L.</span> 
     </span>
    </p>
   </div>
   <div class='ocr_carea' id='block_1_68' title="bbox 1579 417 2240 477">
    <p class='ocr_par' dir='ltr' id='par_1_68' title="bbox 1579 417 2240 477">
     <span class='ocr_line' id='line_1_68' title="bbox 1579 417 2240 477; baseline -0.006 -2"><span class='ocrx_word' id='word_1_525' title='bbox 1579 421 1666 476; x_wconf 85' lang='lat' dir='ltr'>DE</span> <span class='ocrx_word' id='word_1_526' title='bbox 1703 417 2141 477; x_wconf 80' lang='lat' dir='ltr'>PRECATIONE</span> <span class='ocrx_word' id='word_1_527' title='bbox 2176 417 2240 472; x_wconf 81' lang='lat' dir='ltr'>ll.</span> 
     </span>
    </p>
   </div>
   <div class='ocr_carea' id='block_1_69' title="bbox 3463 419 3569 474">
    <p class='ocr_par' dir='ltr' id='par_1_69' title="bbox 3463 419 3569 474">
     <span class='ocr_line' id='line_1_69' title="bbox 3463 419 3569 474; baseline 0.019 -2"><span class='ocrx_word' id='word_1_528' title='bbox 3463 419 3569 474; x_wconf 64' lang='lat'>78$</span> 
     </span>
    </p>
   </div>
   <div class='ocr_carea' id='block_1_70' title="bbox 1990 527 3574 604">
    <p class='ocr_par' dir='ltr' id='par_1_70' title="bbox 1990 527 3574 604">
     <span class='ocr_line' id='line_1_70' title="bbox 1990 527 3574 604; baseline 0.003 -22"><span class='ocrx_word' id='word_1_529' title='bbox 1990 529 2170 583; x_wconf 90' lang='grc' dir='ltr'>πάντα</span> <span class='ocrx_word' id='word_1_530' title='bbox 2201 527 2470 600; x_wconf 84' lang='grc' dir='ltr'>ὑπέμενεν</span> <span class='ocrx_word' id='word_1_531' title='bbox 2499 531 2738 604; x_wconf 81' lang='grc' dir='ltr'>εὐχερῶς</span> <span class='ocrx_word' id='word_1_532' title='bbox 2763 531 2831 584; x_wconf 83' lang='grc' dir='ltr'>τὰ</span> <span class='ocrx_word' id='word_1_533' title='bbox 2855 530 3021 594; x_wconf 79' lang='grc' dir='ltr'>δεινὰ,</span> <span class='ocrx_word' id='word_1_534' title='bbox 3047 530 3302 602; x_wconf 85' lang='grc' dir='ltr'>παρέχων</span> <span class='ocrx_word' id='word_1_535' title='bbox 3331 531 3399 585; x_wconf 75' lang='grc' dir='ltr'>τὰ</span> <span class='ocrx_word' id='word_1_536' title='bbox 3426 533 3574 586; x_wconf 73' lang='grc' dir='ltr'>νῶτα</span> 
     </span>
    </p>
   </div>
   <div class='ocr_carea' id='block_1_71' title="bbox 1986 610 3571 688">
    <p class='ocr_par' dir='ltr' id='par_1_71' title="bbox 1986 610 3571 688">
     <span class='ocr_line' id='line_1_71' title="bbox 1986 610 3571 688; baseline 0.004 -24"><span class='ocrx_word' id='word_1_537' title='bbox 1986 613 2110 674; x_wconf 86' lang='grc' dir='ltr'>ταῖς</span> <span class='ocrx_word' id='word_1_538' title='bbox 2156 610 2392 682; x_wconf 89' lang='grc' dir='ltr'>πληγαῖς</span> <span class='ocrx_word' id='word_1_539' title='bbox 2419 612 2614 688; x_wconf 35' lang='grc' dir='ltr'>’ῶσπερ</span> <span class='ocrx_word' id='word_1_540' title='bbox 2651 615 2891 688; x_wconf 86' lang='grc' dir='ltr'>ἀνδριάς.</span> <span class='ocrx_word' id='word_1_541' title='bbox 2935 613 3125 678; x_wconf 80' lang='grc' dir='ltr'>Οὕτως</span> <span class='ocrx_word' id='word_1_542' title='bbox 3155 617 3218 668; x_wconf 85' lang='grc' dir='ltr'>ἐν</span> <span class='ocrx_word' id='word_1_543' title='bbox 3261 615 3571 688; x_wconf 73' lang='grc' dir='ltr'>Μακεδονίᾳ</span> 
     </span>
    </p>
   </div>
   <div class='ocr_carea' id='block_1_72' title="bbox 1986 678 3576 770">
    <p class='ocr_par' dir='ltr' id='par_1_72' title="bbox 1986 678 3576 770">
     <span class='ocr_line' id='line_1_72' title="bbox 1986 678 3576 770; baseline 0.003 -22"><span class='ocrx_word' id='word_1_544' title='bbox 1986 695 2046 748; x_wconf 88' lang='grc' dir='ltr'>τὸ</span> <span class='ocrx_word' id='word_1_545' title='bbox 2083 678 2455 768; x_wconf 74' lang='grc' dir='ltr'>δεσμωτήριδν</span> <span class='ocrx_word' id='word_1_546' title='bbox 2492 678 2905 753; x_wconf 70' lang='grc' dir='ltr'>ἔσεισενοούτω</span> <span class='ocrx_word' id='word_1_547' title='bbox 2949 699 3018 752; x_wconf 89' lang='grc' dir='ltr'>τά</span> <span class='ocrx_word' id='word_1_548' title='bbox 3065 699 3242 769; x_wconf 88' lang='grc' dir='ltr'>δεσμά</span> <span class='ocrx_word' id='word_1_549' title='bbox 3289 678 3576 770; x_wconf 55' lang='grc' dir='ltr'>διέρρηξεν</span> 
     </span>
    </p>
   </div>
   <div class='ocr_carea' id='block_1_73' title="bbox 1987 782 3576 858">
    <p class='ocr_par' dir='ltr' id='par_1_73' title="bbox 1987 782 3576 858">
     <span class='ocr_line' id='line_1_73' title="bbox 1987 782 3576 858; baseline 0.002 -21"><span class='ocrx_word' id='word_1_550' title='bbox 1987 782 2177 855; x_wconf 88' lang='grc' dir='ltr'>ῶσπερ</span> <span class='ocrx_word' id='word_1_551' title='bbox 2221 783 2358 838; x_wconf 91' lang='grc' dir='ltr'>λέων</span> <span class='ocrx_word' id='word_1_552' title='bbox 2393 789 2515 850; x_wconf 84' lang='grc' dir='ltr'>ταῖς</span> <span class='ocrx_word' id='word_1_553' title='bbox 2545 790 2876 858; x_wconf 82' lang='grc' dir='ltr'>προσευχαῖς</span> <span class='ocrx_word' id='word_1_554' title='bbox 2900 803 2914 816; x_wconf 80' lang='grc'><em>’</em></span> <span class='ocrx_word' id='word_1_555' title='bbox 2945 785 3088 840; x_wconf 84' lang='grc' dir='ltr'>οὐτω</span> <span class='ocrx_word' id='word_1_556' title='bbox 3113 787 3204 841; x_wconf 89' lang='grc' dir='ltr'>τὸν</span> <span class='ocrx_word' id='word_1_557' title='bbox 3231 786 3326 840; x_wconf 89' lang='grc' dir='ltr'>τοῦ</span> <span class='ocrx_word' id='word_1_558' title='bbox 3361 788 3576 858; x_wconf 79' lang='grc' dir='ltr'>δεσμω-</span> 
     </span>
    </p>
   </div>
   <div class='ocr_carea' id='block_1_74' title="bbox 1985 865 3578 942">
    <p class='ocr_par' dir='ltr' id='par_1_74' title="bbox 1985 865 3578 942">
     <span class='ocr_line' id='line_1_74' title="bbox 1985 865 3578 942; baseline 0.003 -25"><span class='ocrx_word' id='word_1_559' title='bbox 1985 865 2176 936; x_wconf 88' lang='grc' dir='ltr'>τηρίου</span> <span class='ocrx_word' id='word_1_560' title='bbox 2225 867 2441 936; x_wconf 87' lang='grc' dir='ltr'>φύλακα</span> <span class='ocrx_word' id='word_1_561' title='bbox 2495 873 2599 942; x_wconf 72' lang='grc' dir='ltr'>τῆς</span> <span class='ocrx_word' id='word_1_562' title='bbox 2633 871 2844 942; x_wconf 81' lang='grc' dir='ltr'>πλάνης</span> <span class='ocrx_word' id='word_1_563' title='bbox 2879 871 3240 942; x_wconf 65' lang='grc' dir='ltr'>¹ἐξήρπασεν·</span> <span class='ocrx_word' id='word_1_564' title='bbox 3279 871 3424 926; x_wconf 84' lang='grc' dir='ltr'>οὐτω</span> <span class='ocrx_word' id='word_1_565' title='bbox 3476 871 3578 940; x_wconf 73' lang='grc' dir='ltr'>τὴν</span> 
     </span>
    </p>
   </div>
   <div class='ocr_carea' id='block_1_75' title="bbox 1984 950 3659 1026">
    <p class='ocr_par' dir='ltr' id='par_1_75' title="bbox 1984 950 3659 1026">
     <span class='ocr_line' id='line_1_75' title="bbox 1984 950 3659 1026; baseline 0.005 -25"><span class='ocrx_word' id='word_1_566' title='bbox 1984 950 2277 1020; x_wconf 87' lang='grc' dir='ltr'>τυραννίδα</span> <span class='ocrx_word' id='word_1_567' title='bbox 2308 951 2417 1006; x_wconf 86' lang='grc' dir='ltr'>τῶν</span> <span class='ocrx_word' id='word_1_568' title='bbox 2449 953 2720 1023; x_wconf 87' lang='grc' dir='ltr'>δαιμόνων</span> <span class='ocrx_word' id='word_1_569' title='bbox 2753 955 3036 1009; x_wconf 87' lang='grc' dir='ltr'>κατέλυσε.</span> <span class='ocrx_word' id='word_1_570' title='bbox 3069 955 3180 1008; x_wconf 75' lang='grc' dir='ltr'>Καὶ</span> <span class='ocrx_word' id='word_1_571' title='bbox 3217 955 3324 1026; x_wconf 89' lang='grc' dir='ltr'>μὴν</span> <span class='ocrx_word' id='word_1_572' title='bbox 3351 955 3580 1009; x_wconf 83' lang='grc' dir='ltr'>κάκεῖνά</span> <span class='ocrx_word' id='word_1_573' title='bbox 3655 967 3659 978; x_wconf 90' lang='grc'><em>’</em></span> 
     </span>
    </p>
   </div>
   <div class='ocr_carea' id='block_1_76' title="bbox 1982 1032 3579 1110">
    <p class='ocr_par' dir='ltr' id='par_1_76' title="bbox 1982 1032 3579 1110">
     <span class='ocr_line' id='line_1_76' title="bbox 1982 1032 3579 1110; baseline 0.003 -26"><span class='ocrx_word' id='word_1_574' title='bbox 1982 1036 2051 1101; x_wconf 64' lang='grc' dir='ltr'>γε</span> <span class='ocrx_word' id='word_1_575' title='bbox 2070 1032 2249 1104; x_wconf 82' lang='grc' dir='ltr'>ίσμεν,</span> <span class='ocrx_word' id='word_1_576' title='bbox 2267 1033 2304 1088; x_wconf 80' lang='grc' dir='ltr'>ἂ</span> <span class='ocrx_word' id='word_1_577' title='bbox 2321 1035 2524 1106; x_wconf 86' lang='grc' dir='ltr'>γράφει</span> <span class='ocrx_word' id='word_1_578' title='bbox 2547 1037 2684 1108; x_wconf 86' lang='grc' dir='ltr'>πρὸς</span> <span class='ocrx_word' id='word_1_579' title='bbox 2705 1039 2912 1100; x_wconf 84' lang='grc' dir='ltr'>πάντας</span> <span class='ocrx_word' id='word_1_580' title='bbox 2929 1037 3270 1110; x_wconf 81' lang='grc' dir='ltr'>ἀνθρώπους·</span> <span class='ocrx_word' id='word_1_581' title='bbox 3297 1037 3378 1107; x_wconf 75' lang='grc' dir='ltr'>Τῇ</span> <span class='ocrx_word' id='word_1_582' title='bbox 3393 1053 3579 1104; x_wconf 83' lang='grc' dir='ltr'>προσ-</span> 
     </span>
    </p>
   </div>
   <div class='ocr_carea' id='block_1_77' title="bbox 1985 1115 3573 1190">
    <p class='ocr_par' dir='ltr' id='par_1_77' title="bbox 1985 1115 3573 1190">
     <span class='ocr_line' id='line_1_77' title="bbox 1985 1115 3573 1190; baseline -0.002 -22"><span class='ocrx_word' id='word_1_583' title='bbox 1985 1115 2140 1185; x_wconf 77' lang='grc' dir='ltr'>ευχῇ</span> <span class='ocrx_word' id='word_1_584' title='bbox 2197 1119 2723 1186; x_wconf 82' lang='grc' dir='ltr'>προσκαρτερεῖτε,</span> <span class='ocrx_word' id='word_1_585' title='bbox 2785 1119 3221 1190; x_wconf 69' lang='grc' dir='ltr'>γρηγοροῦντες</span> <span class='ocrx_word' id='word_1_586' title='bbox 3277 1121 3348 1173; x_wconf 78' lang='grc' dir='ltr'>ἐν</span> <span class='ocrx_word' id='word_1_587' title='bbox 3388 1120 3573 1188; x_wconf 66' lang='grc' dir='ltr'><em>αὐτῇ,</em></span> 
     </span>
    </p>
   </div>
   <div class='ocr_carea' id='block_1_78' title="bbox 1985 1199 3574 1272">
    <p class='ocr_par' dir='ltr' id='par_1_78' title="bbox 1985 1199 3574 1272">
     <span class='ocr_line' id='line_1_78' title="bbox 1985 1199 3574 1272; baseline 0.003 -20"><span class='ocrx_word' id='word_1_588' title='bbox 1985 1199 2056 1252; x_wconf 79' lang='grc' dir='ltr'>ἐν</span> <span class='ocrx_word' id='word_1_589' title='bbox 2080 1201 2450 1269; x_wconf 84' lang='grc' dir='ltr'>εὐχαριστίᾳ,</span> <span class='ocrx_word' id='word_1_590' title='bbox 2475 1204 2952 1272; x_wconf 82' lang='grc' dir='ltr'>προσευχόμενοι</span> <span class='ocrx_word' id='word_1_591' title='bbox 2977 1203 3099 1272; x_wconf 81' lang='grc' dir='ltr'>ἅμα</span> <span class='ocrx_word' id='word_1_592' title='bbox 3125 1203 3222 1256; x_wconf 85' lang='grc' dir='ltr'>καὶ</span> <span class='ocrx_word' id='word_1_593' title='bbox 3251 1203 3385 1272; x_wconf 75' lang='grc' dir='ltr'>περὶ</span> <span class='ocrx_word' id='word_1_594' title='bbox 3406 1203 3574 1272; x_wconf 77' lang='grc' dir='ltr'>ἐμοῦ,</span> 
     </span>
    </p>
   </div>
   <div class='ocr_carea' id='block_1_79' title="bbox 1985 1281 3576 1356">
    <p class='ocr_par' dir='ltr' id='par_1_79' title="bbox 1985 1281 3576 1356">
     <span class='ocr_line' id='line_1_79' title="bbox 1985 1281 3576 1356; baseline 0.003 -21"><span class='ocrx_word' id='word_1_595' title='bbox 1985 1281 2088 1336; x_wconf 78' lang='grc' dir='ltr'>ἵνα</span> <span class='ocrx_word' id='word_1_596' title='bbox 2113 1301 2217 1352; x_wconf 84' lang='grc' dir='ltr'>μοι</span> <span class='ocrx_word' id='word_1_597' title='bbox 2253 1284 2402 1354; x_wconf 81' lang='grc' dir='ltr'>δοθῇ</span> <span class='ocrx_word' id='word_1_598' title='bbox 2427 1287 2611 1356; x_wconf 67' lang='grc' dir='ltr'>λόγος</span> <span class='ocrx_word' id='word_1_599' title='bbox 2637 1287 2708 1340; x_wconf 81' lang='grc' dir='ltr'>ἐν</span> <span class='ocrx_word' id='word_1_600' title='bbox 2733 1286 2961 1352; x_wconf 78' lang='grc' dir='ltr'>ἀνοίξει</span> <span class='ocrx_word' id='word_1_601' title='bbox 2992 1286 3098 1340; x_wconf 84' lang='grc' dir='ltr'>τοῦ</span> <span class='ocrx_word' id='word_1_602' title='bbox 3140 1287 3438 1355; x_wconf 84' lang='grc' dir='ltr'>στόματός</span> <span class='ocrx_word' id='word_1_603' title='bbox 3455 1303 3576 1354; x_wconf 79' lang='grc' dir='ltr'>μου</span> 
     </span>
    </p>
   </div>
   <div class='ocr_carea' id='block_1_80' title="bbox 1987 1366 3579 1440">
    <p class='ocr_par' dir='ltr' id='par_1_80' title="bbox 1987 1366 3579 1440">
     <span class='ocr_line' id='line_1_80' title="bbox 1987 1366 3579 1440; baseline 0.003 -21"><span class='ocrx_word' id='word_1_604' title='bbox 1987 1366 2058 1420; x_wconf 83' lang='grc' dir='ltr'>ἐν</span> <span class='ocrx_word' id='word_1_605' title='bbox 2081 1369 2406 1436; x_wconf 74' lang='grc' dir='ltr'>παρρησίᾳ,</span> <span class='ocrx_word' id='word_1_606' title='bbox 2443 1369 2711 1437; x_wconf 79' lang='grc' dir='ltr'>λαλῆσαι</span> <span class='ocrx_word' id='word_1_607' title='bbox 2735 1370 2800 1423; x_wconf 88' lang='grc' dir='ltr'>τὸ</span> <span class='ocrx_word' id='word_1_608' title='bbox 2816 1369 3157 1440; x_wconf 78' lang='grc' dir='ltr'>μυστήριον</span> <span class='ocrx_word' id='word_1_609' title='bbox 3176 1369 3282 1423; x_wconf 85' lang='grc' dir='ltr'>τοῦ</span> <span class='ocrx_word' id='word_1_610' title='bbox 3321 1372 3579 1438; x_wconf 74' lang='grc' dir='ltr'>Εὐάγγε-</span> 
     </span>
    </p>
   </div>
   <div class='ocr_carea' id='block_1_81' title="bbox 1986 1451 3578 1524">
    <p class='ocr_par' dir='ltr' id='par_1_81' title="bbox 1986 1451 3578 1524">
     <span class='ocr_line' id='line_1_81' title="bbox 1986 1451 3578 1524; baseline 0.001 -21"><span class='ocrx_word' id='word_1_611' title='bbox 1986 1451 2148 1504; x_wconf 72' lang='grc' dir='ltr'>λίου.</span> <span class='ocrx_word' id='word_1_612' title='bbox 2181 1451 2246 1502; x_wconf 89' lang='grc' dir='ltr'>Τί</span> <span class='ocrx_word' id='word_1_613' title='bbox 2274 1451 2483 1520; x_wconf 87' lang='grc' dir='ltr'>λέγεις;</span> <span class='ocrx_word' id='word_1_614' title='bbox 2515 1453 2786 1524; x_wconf 87' lang='grc' dir='ltr'>τοσαύτην</span> <span class='ocrx_word' id='word_1_615' title='bbox 2818 1455 2950 1523; x_wconf 84' lang='grc' dir='ltr'>ἡμῖν</span> <span class='ocrx_word' id='word_1_616' title='bbox 2985 1453 3299 1524; x_wconf 72' lang='grc' dir='ltr'>παρρησίαν</span> <span class='ocrx_word' id='word_1_617' title='bbox 3323 1453 3376 1504; x_wconf 84' lang='grc' dir='ltr'>αἱ</span> <span class='ocrx_word' id='word_1_618' title='bbox 3409 1469 3578 1523; x_wconf 79' lang='grc' dir='ltr'>προσ⁴</span> 
     </span>
    </p>
   </div>
   <div class='ocr_carea' id='block_1_82' title="bbox 1989 1533 3575 1606">
    <p class='ocr_par' dir='ltr' id='par_1_82' title="bbox 1989 1533 3575 1606">
     <span class='ocr_line' id='line_1_82' title="bbox 1989 1533 3575 1606; baseline 0 -21"><span class='ocrx_word' id='word_1_619' title='bbox 1989 1533 2146 1602; x_wconf 80' lang='grc' dir='ltr'>ευχαὶ</span> <span class='ocrx_word' id='word_1_620' title='bbox 2179 1533 2450 1602; x_wconf 90' lang='grc' dir='ltr'>διδόασιν,</span> <span class='ocrx_word' id='word_1_621' title='bbox 2481 1536 2556 1598; x_wconf 84' lang='grc' dir='ltr'>ὡς</span> <span class='ocrx_word' id='word_1_622' title='bbox 2605 1537 2745 1606; x_wconf 77' lang='grc' dir='ltr'>ὑπὲρ</span> <span class='ocrx_word' id='word_1_623' title='bbox 2803 1535 3018 1588; x_wconf 86' lang='grc' dir='ltr'>Παύλου</span> <span class='ocrx_word' id='word_1_624' title='bbox 3063 1535 3270 1606; x_wconf 80' lang='grc' dir='ltr'>τολμᾷν</span> <span class='ocrx_word' id='word_1_625' title='bbox 3318 1535 3408 1587; x_wconf 86' lang='grc' dir='ltr'>τὸν</span> <span class='ocrx_word' id='word_1_626' title='bbox 3443 1535 3575 1587; x_wconf 84' lang='grc' dir='ltr'>Θεὸν</span> 
     </span>
    </p>
   </div>
   <div class='ocr_carea' id='block_1_83' title="bbox 1991 1617 3576 1691">
    <p class='ocr_par' dir='ltr' id='par_1_83' title="bbox 1991 1617 3576 1691">
     <span class='ocr_line' id='line_1_83' title="bbox 1991 1617 3576 1691; baseline -0.001 -21"><span class='ocrx_word' id='word_1_627' title='bbox 1991 1617 2288 1685; x_wconf 86' lang='grc' dir='ltr'>ίκετεύειν;</span> <span class='ocrx_word' id='word_1_628' title='bbox 2322 1620 2404 1684; x_wconf 90' lang='grc' dir='ltr'>τίς</span> <span class='ocrx_word' id='word_1_629' title='bbox 2443 1621 2620 1690; x_wconf 86' lang='grc' dir='ltr'>τολμᾷ</span> <span class='ocrx_word' id='word_1_630' title='bbox 2659 1617 2998 1691; x_wconf 84' lang='grc' dir='ltr'>στρατιώτης</span> <span class='ocrx_word' id='word_1_631' title='bbox 3031 1619 3170 1689; x_wconf 78' lang='grc' dir='ltr'>ὑπὲρ</span> <span class='ocrx_word' id='word_1_632' title='bbox 3202 1619 3296 1672; x_wconf 90' lang='grc' dir='ltr'>τοῦ</span> <span class='ocrx_word' id='word_1_633' title='bbox 3339 1618 3576 1690; x_wconf 87' lang='grc' dir='ltr'>μεγάλου</span> 
     </span>
    </p>
   </div>
   <div class='ocr_carea' id='block_1_84' title="bbox 1993 1702 3577 1776">
    <p class='ocr_par' dir='ltr' id='par_1_84' title="bbox 1993 1702 3577 1776">
     <span class='ocr_line' id='line_1_84' title="bbox 1993 1702 3577 1776; baseline -0.001 -22"><span class='ocrx_word' id='word_1_634' title='bbox 1993 1702 2302 1774; x_wconf 84' lang='grc' dir='ltr'>στρατηγοῦ</span> <span class='ocrx_word' id='word_1_635' title='bbox 2339 1704 2431 1756; x_wconf 89' lang='grc' dir='ltr'>τὸν</span> <span class='ocrx_word' id='word_1_636' title='bbox 2477 1703 2700 1774; x_wconf 77' lang='grc' dir='ltr'>βασιλέα</span> <span class='ocrx_word' id='word_1_637' title='bbox 2747 1703 3122 1776; x_wconf 85' lang='grc' dir='ltr'>παρακαλεῖν;</span> <span class='ocrx_word' id='word_1_638' title='bbox 3159 1702 3348 1756; x_wconf 81' lang='grc' dir='ltr'>Καίτοι</span> <span class='ocrx_word' id='word_1_639' title='bbox 3384 1719 3447 1770; x_wconf 91' lang='grc' dir='ltr'>γε</span> <span class='ocrx_word' id='word_1_640' title='bbox 3487 1703 3577 1754; x_wconf 81' lang='grc' dir='ltr'>ού-</span> 
     </span>
    </p>
   </div>
   <div class='ocr_carea' id='block_1_85' title="bbox 1988 1785 3578 1860">
    <p class='ocr_par' dir='ltr' id='par_1_85' title="bbox 1988 1785 3578 1860">
     <span class='ocr_line' id='line_1_85' title="bbox 1988 1785 3578 1860; baseline -0.001 -21"><span class='ocrx_word' id='word_1_641' title='bbox 1988 1785 2100 1849; x_wconf 82' lang='grc' dir='ltr'>δεὶς</span> <span class='ocrx_word' id='word_1_642' title='bbox 2125 1786 2267 1840; x_wconf 70' lang='grc' dir='ltr'>οὕτω</span> <span class='ocrx_word' id='word_1_643' title='bbox 2292 1789 2598 1859; x_wconf 83' lang='grc' dir='ltr'>στρατηγὸς</span> <span class='ocrx_word' id='word_1_644' title='bbox 2628 1788 2705 1860; x_wconf 85' lang='grc' dir='ltr'>τῷ</span> <span class='ocrx_word' id='word_1_645' title='bbox 2731 1788 2939 1858; x_wconf 80' lang='grc' dir='ltr'>βασιλεί</span> <span class='ocrx_word' id='word_1_646' title='bbox 2967 1789 3140 1858; x_wconf 83' lang='grc' dir='ltr'>φίλος,</span> <span class='ocrx_word' id='word_1_647' title='bbox 3172 1787 3246 1850; x_wconf 85' lang='grc' dir='ltr'>ὡς</span> <span class='ocrx_word' id='word_1_648' title='bbox 3270 1787 3478 1849; x_wconf 79' lang='grc' dir='ltr'>Παῦλος</span> <span class='ocrx_word' id='word_1_649' title='bbox 3499 1787 3578 1856; x_wconf 83' lang='grc' dir='ltr'>τῷ</span> 
     </span>
    </p>
   </div>
   <div class='ocr_carea' id='block_1_86' title="bbox 1989 1868 3578 1944">
    <p class='ocr_par' dir='ltr' id='par_1_86' title="bbox 1989 1868 3578 1944">
     <span class='ocr_line' id='line_1_86' title="bbox 1989 1868 3578 1944; baseline 0 -22"><span class='ocrx_word' id='word_1_650' title='bbox 1989 1868 2138 1938; x_wconf 77' lang='grc' dir='ltr'>Θεῴ’</span> <span class='ocrx_word' id='word_1_651' title='bbox 2171 1870 2287 1924; x_wconf 81' lang='grc' dir='ltr'>ἀλλ’</span> <span class='ocrx_word' id='word_1_652' title='bbox 2313 1873 2461 1942; x_wconf 85' lang='grc' dir='ltr'>ὅμως</span> <span class='ocrx_word' id='word_1_653' title='bbox 2492 1874 2570 1935; x_wconf 90' lang='grc' dir='ltr'>εἰς</span> <span class='ocrx_word' id='word_1_654' title='bbox 2598 1872 2868 1944; x_wconf 81' lang='grc' dir='ltr'>τοσαύτην</span> <span class='ocrx_word' id='word_1_655' title='bbox 2893 1872 3118 1941; x_wconf 83' lang='grc' dir='ltr'>ἄγουσιν</span> <span class='ocrx_word' id='word_1_656' title='bbox 3145 1872 3292 1942; x_wconf 78' lang='grc' dir='ltr'>ἡμᾶς</span> <span class='ocrx_word' id='word_1_657' title='bbox 3323 1872 3378 1922; x_wconf 84' lang='grc' dir='ltr'>αἱ</span> <span class='ocrx_word' id='word_1_658' title='bbox 3407 1888 3578 1941; x_wconf 84' lang='grc' dir='ltr'>προσ-</span> 
     </span>
    </p>
   </div>
   <div class='ocr_carea' id='block_1_87' title="bbox 1991 1946 3580 2026">
    <p class='ocr_par' dir='ltr' id='par_1_87' title="bbox 1991 1946 3580 2026">
     <span class='ocr_line' id='line_1_87' title="bbox 1991 1946 3580 2026; baseline 0.003 -24"><span class='ocrx_word' id='word_1_659' title='bbox 1991 1946 2148 2020; x_wconf 75' lang='grc' dir='ltr'>ευχαὶ</span> <span class='ocrx_word' id='word_1_660' title='bbox 2188 1953 2370 2024; x_wconf 87' lang='grc' dir='ltr'>τιμὴν,</span> <span class='ocrx_word' id='word_1_661' title='bbox 2399 1955 2474 2016; x_wconf 89' lang='grc' dir='ltr'>ώς</span> <span class='ocrx_word' id='word_1_662' title='bbox 2519 1955 2658 2024; x_wconf 85' lang='grc' dir='ltr'>ὑπὲρ</span> <span class='ocrx_word' id='word_1_663' title='bbox 2698 1955 2910 2008; x_wconf 86' lang='grc' dir='ltr'>Παύλου</span> <span class='ocrx_word' id='word_1_664' title='bbox 2949 1955 3154 2026; x_wconf 83' lang='grc' dir='ltr'>τολμᾷν</span> <span class='ocrx_word' id='word_1_665' title='bbox 3183 1954 3276 2008; x_wconf 83' lang='grc' dir='ltr'>τὸν</span> <span class='ocrx_word' id='word_1_666' title='bbox 3301 1955 3434 2008; x_wconf 82' lang='grc' dir='ltr'>Θεὸν</span> <span class='ocrx_word' id='word_1_667' title='bbox 3469 1956 3580 2006; x_wconf 81' lang='grc' dir='ltr'>ἰκε-</span> 
     </span>
    </p>
   </div>
   <div class='ocr_carea' id='block_1_88' title="bbox 1989 2035 3576 2111">
    <p class='ocr_par' dir='ltr' id='par_1_88' title="bbox 1989 2035 3576 2111">
     <span class='ocr_line' id='line_1_88' title="bbox 1989 2035 3576 2111; baseline 0.001 -25"><span class='ocrx_word' id='word_1_668' title='bbox 1989 2035 2188 2091; x_wconf 86' lang='grc' dir='ltr'>τεύειν.</span> <span class='ocrx_word' id='word_1_669' title='bbox 2233 2037 2390 2090; x_wconf 74' lang='grc' dir='ltr'>Οὕτω</span> <span class='ocrx_word' id='word_1_670' title='bbox 2433 2039 2528 2091; x_wconf 76' lang='grc' dir='ltr'>καὶ</span> <span class='ocrx_word' id='word_1_671' title='bbox 2574 2040 2782 2111; x_wconf 89' lang='grc' dir='ltr'>Πέτρος</span> <span class='ocrx_word' id='word_1_672' title='bbox 2812 2042 2840 2092; x_wconf 87' lang='lat'>6</span> <span class='ocrx_word' id='word_1_673' title='bbox 2886 2041 3079 2110; x_wconf 85' lang='grc' dir='ltr'>μέγας,</span> <span class='ocrx_word' id='word_1_674' title='bbox 3123 2039 3152 2090; x_wconf 87' lang='lat'>6</span> <span class='ocrx_word' id='word_1_675' title='bbox 3198 2037 3292 2090; x_wconf 91' lang='grc' dir='ltr'>τοῦ</span> <span class='ocrx_word' id='word_1_676' title='bbox 3345 2035 3576 2108; x_wconf 82' lang='grc' dir='ltr'>οὐρανοῦ</span> 
     </span>
    </p>
   </div>
   <div class='ocr_carea' id='block_1_89' title="bbox 1991 2118 3580 2194">
    <p class='ocr_par' dir='ltr' id='par_1_89' title="bbox 1991 2118 3580 2194">
     <span class='ocr_line' id='line_1_89' title="bbox 1991 2118 3580 2194; baseline 0.001 -24"><span class='ocrx_word' id='word_1_677' title='bbox 1991 2118 2389 2190; x_wconf 87' lang='grc' dir='ltr'>λαμπρότερος,</span> <span class='ocrx_word' id='word_1_678' title='bbox 2421 2121 2482 2172; x_wconf 86' lang='grc' dir='ltr'>τὸ</span> <span class='ocrx_word' id='word_1_679' title='bbox 2520 2121 2894 2194; x_wconf 87' lang='grc' dir='ltr'>δεσμωτήριον</span> <span class='ocrx_word' id='word_1_680' title='bbox 2923 2123 3168 2191; x_wconf 86' lang='grc' dir='ltr'>διέφυγε,</span> <span class='ocrx_word' id='word_1_681' title='bbox 3213 2121 3446 2191; x_wconf 85' lang='grc' dir='ltr'>μάλιστα</span> <span class='ocrx_word' id='word_1_682' title='bbox 3483 2120 3580 2190; x_wconf 82' lang='grc' dir='ltr'>μὲν</span> 
     </span>
    </p>
   </div>
   <div class='ocr_carea' id='block_1_90' title="bbox 1989 2201 3581 2277">
    <p class='ocr_par' dir='ltr' id='par_1_90' title="bbox 1989 2201 3581 2277">
     <span class='ocr_line' id='line_1_90' title="bbox 1989 2201 3581 2277; baseline 0.004 -24"><span class='ocrx_word' id='word_1_683' title='bbox 1989 2201 2078 2254; x_wconf 77' lang='grc' dir='ltr'>διὰ</span> <span class='ocrx_word' id='word_1_684' title='bbox 2115 2202 2212 2273; x_wconf 86' lang='grc' dir='ltr'>τὴν</span> <span class='ocrx_word' id='word_1_685' title='bbox 2244 2205 2451 2258; x_wconf 87' lang='grc' dir='ltr'>οἰκείαν</span> <span class='ocrx_word' id='word_1_686' title='bbox 2481 2205 2704 2277; x_wconf 85' lang='grc' dir='ltr'>ἀρετὴν,</span> <span class='ocrx_word' id='word_1_687' title='bbox 2745 2206 2840 2258; x_wconf 76' lang='grc' dir='ltr'>καὶ</span> <span class='ocrx_word' id='word_1_688' title='bbox 2865 2205 2966 2276; x_wconf 88' lang='grc' dir='ltr'>τὴν</span> <span class='ocrx_word' id='word_1_689' title='bbox 3000 2205 3188 2275; x_wconf 86' lang='grc' dir='ltr'>κοινὴν</span> <span class='ocrx_word' id='word_1_690' title='bbox 3228 2203 3337 2256; x_wconf 90' lang='grc' dir='ltr'>τῶν</span> <span class='ocrx_word' id='word_1_691' title='bbox 3369 2202 3581 2272; x_wconf 80' lang='grc' dir='ltr'>ἀνθρώ-</span> 
     </span>
    </p>
   </div>
   <div class='ocr_carea' id='block_1_91' title="bbox 1992 2287 3581 2361">
    <p class='ocr_par' dir='ltr' id='par_1_91' title="bbox 1992 2287 3581 2361">
     <span class='ocr_line' id='line_1_91' title="bbox 1992 2287 3581 2361; baseline 0 -23"><span class='ocrx_word' id='word_1_692' title='bbox 1992 2304 2109 2339; x_wconf 90' lang='grc' dir='ltr'>πων</span> <span class='ocrx_word' id='word_1_693' title='bbox 2151 2289 2446 2356; x_wconf 84' lang='grc' dir='ltr'>σωτηρίαν,</span> <span class='ocrx_word' id='word_1_694' title='bbox 2482 2289 2674 2343; x_wconf 76' lang='grc' dir='ltr'>ἔπειτα</span> <span class='ocrx_word' id='word_1_695' title='bbox 2723 2290 2906 2361; x_wconf 87' lang='grc' dir='ltr'>μέντοι</span> <span class='ocrx_word' id='word_1_696' title='bbox 2954 2289 3050 2343; x_wconf 73' lang='grc' dir='ltr'>καὶ</span> <span class='ocrx_word' id='word_1_697' title='bbox 3091 2291 3124 2360; x_wconf 88' lang='grc' dir='ltr'>ή</span> <span class='ocrx_word' id='word_1_698' title='bbox 3163 2287 3440 2359; x_wconf 84' lang='grc' dir='ltr'>προσευχὴ</span> <span class='ocrx_word' id='word_1_699' title='bbox 3483 2287 3581 2356; x_wconf 84' lang='grc' dir='ltr'>τῆς</span> 
     </span>
    </p>
   </div>
   <div class='ocr_carea' id='block_1_92' title="bbox 2003 2368 3582 2444">
    <p class='ocr_par' dir='ltr' id='par_1_92' title="bbox 2003 2368 3582 2444">
     <span class='ocr_line' id='line_1_92' title="bbox 2003 2368 3582 2444; baseline 0 -23"><span class='ocrx_word' id='word_1_700' title='bbox 2003 2368 2334 2440; x_wconf 85' lang='grc' dir='ltr'>Ἐκκλησίας</span> <span class='ocrx_word' id='word_1_701' title='bbox 2367 2372 2762 2444; x_wconf 86' lang='grc' dir='ltr'>κεκλεισμένας</span> <span class='ocrx_word' id='word_1_702' title='bbox 2802 2372 2898 2426; x_wconf 91' lang='grc' dir='ltr'>τοῦ</span> <span class='ocrx_word' id='word_1_703' title='bbox 2929 2371 3310 2443; x_wconf 87' lang='grc' dir='ltr'>δεσμωτηρίου</span> <span class='ocrx_word' id='word_1_704' title='bbox 3344 2370 3444 2432; x_wconf 75' lang='grc' dir='ltr'>τὰς</span> <span class='ocrx_word' id='word_1_705' title='bbox 3489 2369 3582 2421; x_wconf 87' lang='grc' dir='ltr'>θύ-</span> 
     </span>
    </p>
   </div>
   <div class='ocr_carea' id='block_1_93' title="bbox 1993 2455 3582 2530">
    <p class='ocr_par' dir='ltr' id='par_1_93' title="bbox 1993 2455 3582 2530">
     <span class='ocr_line' id='line_1_93' title="bbox 1993 2455 3582 2530; baseline -0.001 -23"><span class='ocrx_word' id='word_1_706' title='bbox 1993 2469 2094 2522; x_wconf 88' lang='grc' dir='ltr'>ρας</span> <span class='ocrx_word' id='word_1_707' title='bbox 2139 2455 2345 2524; x_wconf 82' lang='grc' dir='ltr'>ταχέως</span> <span class='ocrx_word' id='word_1_708' title='bbox 2378 2457 2632 2526; x_wconf 83' lang='grc' dir='ltr'>ἀνέῳξεν.</span> <span class='ocrx_word' id='word_1_709' title='bbox 2675 2458 2750 2511; x_wconf 91' lang='grc' dir='ltr'>Οὐ</span> <span class='ocrx_word' id='word_1_710' title='bbox 2798 2457 2906 2530; x_wconf 84' lang='grc' dir='ltr'>γὰρ</span> <span class='ocrx_word' id='word_1_711' title='bbox 2951 2457 3077 2527; x_wconf 83' lang='grc' dir='ltr'>εἰκῆ</span> <span class='ocrx_word' id='word_1_712' title='bbox 3118 2455 3500 2529; x_wconf 70' lang='grc' dir='ltr'>προσέγραψεν</span> <span class='ocrx_word' id='word_1_713' title='bbox 3553 2455 3582 2506; x_wconf 87' lang='grc' dir='ltr'>ὁ</span> 
     </span>
    </p>
   </div>
   <div class='ocr_carea' id='block_1_94' title="bbox 1990 2537 3580 2612">
    <p class='ocr_par' dir='ltr' id='par_1_94' title="bbox 1990 2537 3580 2612">
     <span class='ocr_line' id='line_1_94' title="bbox 1990 2537 3580 2612; baseline 0.002 -23"><span class='ocrx_word' id='word_1_714' title='bbox 1990 2538 2226 2601; x_wconf 80' lang='grc' dir='ltr'>Λουκᾶς,</span> <span class='ocrx_word' id='word_1_715' title='bbox 2257 2539 2338 2591; x_wconf 83' lang='grc' dir='ltr'>ὃτι</span> <span class='ocrx_word' id='word_1_716' title='bbox 2368 2541 2654 2612; x_wconf 87' lang='grc' dir='ltr'>Προσευχὴ</span> <span class='ocrx_word' id='word_1_717' title='bbox 2687 2541 2744 2594; x_wconf 86' lang='grc' dir='ltr'>δὲ</span> <span class='ocrx_word' id='word_1_718' title='bbox 2779 2537 2848 2610; x_wconf 85' lang='grc' dir='ltr'>ἦν</span> <span class='ocrx_word' id='word_1_719' title='bbox 2883 2541 3112 2611; x_wconf 78' lang='grc' dir='ltr'>ὲκτενὴς</span> <span class='ocrx_word' id='word_1_720' title='bbox 3151 2541 3280 2612; x_wconf 81' lang='grc' dir='ltr'>ὅλης</span> <span class='ocrx_word' id='word_1_721' title='bbox 3311 2541 3412 2610; x_wconf 85' lang='grc' dir='ltr'>τῆς</span> <span class='ocrx_word' id='word_1_722' title='bbox 3454 2539 3580 2592; x_wconf 86' lang='grc' dir='ltr'>Ἑκ-</span> 
     </span>
    </p>
   </div>
   <div class='ocr_carea' id='block_1_95' title="bbox 1989 2619 3578 2695">
    <p class='ocr_par' dir='ltr' id='par_1_95' title="bbox 1989 2619 3578 2695">
     <span class='ocr_line' id='line_1_95' title="bbox 1989 2619 3578 2695; baseline 0.003 -23"><span class='ocrx_word' id='word_1_723' title='bbox 1989 2619 2218 2691; x_wconf 87' lang='grc' dir='ltr'>κλησίας</span> <span class='ocrx_word' id='word_1_724' title='bbox 2247 2621 2389 2692; x_wconf 83' lang='grc' dir='ltr'>ὑπὲρ</span> <span class='ocrx_word' id='word_1_725' title='bbox 2417 2623 2511 2676; x_wconf 88' lang='grc' dir='ltr'>τοῦ</span> <span class='ocrx_word' id='word_1_726' title='bbox 2547 2623 2778 2695; x_wconf 85' lang='grc' dir='ltr'>Πέτρου,</span> <span class='ocrx_word' id='word_1_727' title='bbox 2819 2623 2934 2676; x_wconf 84' lang='grc' dir='ltr'>ἀλλ’</span> <span class='ocrx_word' id='word_1_728' title='bbox 2971 2623 3058 2676; x_wconf 84' lang='grc' dir='ltr'>ἵνα</span> <span class='ocrx_word' id='word_1_729' title='bbox 3104 2623 3366 2694; x_wconf 81' lang='grc' dir='ltr'>μάθωμεν</span> <span class='ocrx_word' id='word_1_730' title='bbox 3395 2625 3578 2692; x_wconf 81' lang='grc' dir='ltr'>ἡμεῖς,</span> 
     </span>
    </p>
   </div>
   <div class='ocr_carea' id='block_1_96' title="bbox 1989 2703 3584 2778">
    <p class='ocr_par' dir='ltr' id='par_1_96' title="bbox 1989 2703 3584 2778">
     <span class='ocr_line' id='line_1_96' title="bbox 1989 2703 3584 2778; baseline 0.001 -24"><span class='ocrx_word' id='word_1_731' title='bbox 1989 2703 2122 2773; x_wconf 83' lang='grc' dir='ltr'>ὅσην</span> <span class='ocrx_word' id='word_1_732' title='bbox 2165 2705 2318 2774; x_wconf 80' lang='grc' dir='ltr'>ἰσχὺν</span> <span class='ocrx_word' id='word_1_733' title='bbox 2355 2707 2412 2756; x_wconf 83' lang='grc' dir='ltr'>ἐν</span> <span class='ocrx_word' id='word_1_734' title='bbox 2445 2707 2695 2778; x_wconf 83' lang='grc' dir='ltr'>οὐρανοῖς</span> <span class='ocrx_word' id='word_1_735' title='bbox 2741 2708 2796 2760; x_wconf 86' lang='grc' dir='ltr'>αί</span> <span class='ocrx_word' id='word_1_736' title='bbox 2825 2707 3125 2778; x_wconf 76' lang='grc' dir='ltr'>προσευχαὶ</span> <span class='ocrx_word' id='word_1_737' title='bbox 3155 2706 3474 2774; x_wconf 87' lang='grc' dir='ltr'>κέκτηνται,</span> <span class='ocrx_word' id='word_1_738' title='bbox 3506 2704 3584 2767; x_wconf 84' lang='grc' dir='ltr'>ὡς</span> 
     </span>
    </p>
   </div>
   <div class='ocr_carea' id='block_1_97' title="bbox 1991 2786 3583 2860">
    <p class='ocr_par' dir='ltr' id='par_1_97' title="bbox 1991 2786 3583 2860">
     <span class='ocr_line' id='line_1_97' title="bbox 1991 2786 3583 2860; baseline 0.001 -22"><span class='ocrx_word' id='word_1_739' title='bbox 1991 2786 2202 2840; x_wconf 86' lang='grc' dir='ltr'>Παῦλον</span> <span class='ocrx_word' id='word_1_740' title='bbox 2229 2788 2322 2841; x_wconf 70' lang='grc' dir='ltr'>καὶ</span> <span class='ocrx_word' id='word_1_741' title='bbox 2357 2789 2562 2860; x_wconf 83' lang='grc' dir='ltr'>Πέτρον</span> <span class='ocrx_word' id='word_1_742' title='bbox 2589 2789 2851 2844; x_wconf 85' lang='grc' dir='ltr'>κινδύνων</span> <span class='ocrx_word' id='word_1_743' title='bbox 2882 2791 3268 2852; x_wconf 81' lang='grc' dir='ltr'>ἀπαλλάττειν,</span> <span class='ocrx_word' id='word_1_744' title='bbox 3299 2791 3424 2852; x_wconf 76' lang='grc' dir='ltr'>τούς</span> <span class='ocrx_word' id='word_1_745' title='bbox 3457 2788 3583 2841; x_wconf 92' lang='grc' dir='ltr'>στύ-</span> 
     </span>
    </p>
   </div>
   <div class='ocr_carea' id='block_1_98' title="bbox 1989 2869 3581 2944">
    <p class='ocr_par' dir='ltr' id='par_1_98' title="bbox 1989 2869 3581 2944">
     <span class='ocr_line' id='line_1_98' title="bbox 1989 2869 3581 2944; baseline 0.001 -23"><span class='ocrx_word' id='word_1_746' title='bbox 1989 2869 2114 2934; x_wconf 82' lang='grc' dir='ltr'>λους</span> <span class='ocrx_word' id='word_1_747' title='bbox 2148 2871 2246 2942; x_wconf 86' lang='grc' dir='ltr'>τῆς</span> <span class='ocrx_word' id='word_1_748' title='bbox 2289 2871 2650 2942; x_wconf 88' lang='grc' dir='ltr'>Ἑκκλησίας,</span> <span class='ocrx_word' id='word_1_749' title='bbox 2683 2875 2808 2937; x_wconf 82' lang='grc' dir='ltr'>τούς</span> <span class='ocrx_word' id='word_1_750' title='bbox 2839 2872 3174 2944; x_wconf 74' lang='grc' dir='ltr'>κορυφαίους</span> <span class='ocrx_word' id='word_1_751' title='bbox 3203 2871 3311 2925; x_wconf 87' lang='grc' dir='ltr'>τῶν</span> <span class='ocrx_word' id='word_1_752' title='bbox 3343 2872 3581 2924; x_wconf 84' lang='grc' dir='ltr'>ἀποστό-</span> 
     </span>
    </p>
   </div>
   <div class='ocr_carea' id='block_1_99' title="bbox 1989 2952 3585 3030">
    <p class='ocr_par' dir='ltr' id='par_1_99' title="bbox 1989 2952 3585 3030">
     <span class='ocr_line' id='line_1_99' title="bbox 1989 2952 3585 3030; baseline 0.001 -23"><span class='ocrx_word' id='word_1_753' title='bbox 1989 2952 2114 3014; x_wconf 80' lang='grc' dir='ltr'>λων,</span> <span class='ocrx_word' id='word_1_754' title='bbox 2147 2957 2274 3019; x_wconf 80' lang='grc' dir='ltr'>τοὺς</span> <span class='ocrx_word' id='word_1_755' title='bbox 2309 2957 2671 3028; x_wconf 84' lang='grc' dir='ltr'>περιϐοήτους</span> <span class='ocrx_word' id='word_1_756' title='bbox 2711 2959 2768 3011; x_wconf 86' lang='grc' dir='ltr'>ἐν</span> <span class='ocrx_word' id='word_1_757' title='bbox 2808 2957 3044 3030; x_wconf 82' lang='grc' dir='ltr'>οὐρανῷ,</span> <span class='ocrx_word' id='word_1_758' title='bbox 3077 2957 3136 3010; x_wconf 88' lang='grc' dir='ltr'>τὸ</span> <span class='ocrx_word' id='word_1_759' title='bbox 3169 2959 3348 3028; x_wconf 84' lang='grc' dir='ltr'>τεῖχος</span> <span class='ocrx_word' id='word_1_760' title='bbox 3377 2956 3476 3025; x_wconf 89' lang='grc' dir='ltr'>τῆς</span> <span class='ocrx_word' id='word_1_761' title='bbox 3506 2956 3585 3008; x_wconf 81' lang='grc' dir='ltr'>οἰ-</span> 
     </span>
    </p>
   </div>
   <div class='ocr_carea' id='block_1_100' title="bbox 1991 3037 3583 3112">
    <p class='ocr_par' dir='ltr' id='par_1_100' title="bbox 1991 3037 3583 3112">
     <span class='ocr_line' id='line_1_100' title="bbox 1991 3037 3583 3112; baseline 0 -22"><span class='ocrx_word' id='word_1_762' title='bbox 1991 3037 2286 3109; x_wconf 86' lang='grc' dir='ltr'>κουμένης,</span> <span class='ocrx_word' id='word_1_763' title='bbox 2313 3039 2373 3092; x_wconf 91' lang='grc' dir='ltr'>τὸ</span> <span class='ocrx_word' id='word_1_764' title='bbox 2399 3040 2578 3092; x_wconf 86' lang='grc' dir='ltr'>κοινὸν</span> <span class='ocrx_word' id='word_1_765' title='bbox 2609 3041 2982 3112; x_wconf 74' lang='grc' dir='ltr'>φυλακτήριον</span> <span class='ocrx_word' id='word_1_766' title='bbox 3017 3040 3198 3108; x_wconf 86' lang='grc' dir='ltr'>πάσης</span> <span class='ocrx_word' id='word_1_767' title='bbox 3227 3041 3330 3108; x_wconf 84' lang='grc' dir='ltr'>γῆς</span> <span class='ocrx_word' id='word_1_768' title='bbox 3365 3039 3459 3092; x_wconf 77' lang='grc' dir='ltr'>καὶ</span> <span class='ocrx_word' id='word_1_769' title='bbox 3487 3037 3583 3091; x_wconf 86' lang='grc' dir='ltr'>θα-</span> 
     </span>
    </p>
   </div>
   <div class='ocr_carea' id='block_1_101' title="bbox 1989 3118 3584 3194">
    <p class='ocr_par' dir='ltr' id='par_1_101' title="bbox 1989 3118 3584 3194">
     <span class='ocr_line' id='line_1_101' title="bbox 1989 3118 3584 3194; baseline 0.002 -24"><span class='ocrx_word' id='word_1_770' title='bbox 1989 3118 2210 3188; x_wconf 87' lang='grc' dir='ltr'>λάττης.</span> <span class='ocrx_word' id='word_1_771' title='bbox 2244 3122 2379 3174; x_wconf 83' lang='grc' dir='ltr'>Είπέ</span> <span class='ocrx_word' id='word_1_772' title='bbox 2417 3139 2528 3192; x_wconf 90' lang='grc' dir='ltr'>μοι,</span> <span class='ocrx_word' id='word_1_773' title='bbox 2561 3122 2679 3186; x_wconf 88' lang='grc' dir='ltr'>πῶς</span> <span class='ocrx_word' id='word_1_774' title='bbox 2718 3125 2746 3176; x_wconf 87' lang='grc' dir='ltr'>ό</span> <span class='ocrx_word' id='word_1_775' title='bbox 2779 3123 2980 3193; x_wconf 79' lang='grc' dir='ltr'>Μωσῆς</span> <span class='ocrx_word' id='word_1_776' title='bbox 3020 3123 3114 3175; x_wconf 88' lang='grc' dir='ltr'>τὸν</span> <span class='ocrx_word' id='word_1_777' title='bbox 3157 3121 3372 3194; x_wconf 87' lang='grc' dir='ltr'>Ἰσραὴλ</span> <span class='ocrx_word' id='word_1_778' title='bbox 3399 3123 3456 3174; x_wconf 87' lang='grc' dir='ltr'>ἐν</span> <span class='ocrx_word' id='word_1_779' title='bbox 3485 3139 3584 3174; x_wconf 86' lang='grc' dir='ltr'>πο-</span> 
     </span>
    </p>
   </div>
   <div class='ocr_carea' id='block_1_102' title="bbox 1990 3200 3582 3276">
    <p class='ocr_par' dir='ltr' id='par_1_102' title="bbox 1990 3200 3582 3276">
     <span class='ocr_line' id='line_1_102' title="bbox 1990 3200 3582 3276; baseline 0.003 -24"><span class='ocrx_word' id='word_1_780' title='bbox 1990 3200 2176 3271; x_wconf 84' lang='grc' dir='ltr'>λέμοις</span> <span class='ocrx_word' id='word_1_781' title='bbox 2212 3202 2506 3270; x_wconf 89' lang='grc' dir='ltr'>διέσωσεν;</span> <span class='ocrx_word' id='word_1_782' title='bbox 2542 3205 2602 3258; x_wconf 93' lang='grc' dir='ltr'>οὐ</span> <span class='ocrx_word' id='word_1_783' title='bbox 2639 3205 2708 3258; x_wconf 82' lang='grc' dir='ltr'>τὰ</span> <span class='ocrx_word' id='word_1_784' title='bbox 2741 3206 2838 3276; x_wconf 83' lang='grc' dir='ltr'>μὲν</span> <span class='ocrx_word' id='word_1_785' title='bbox 2863 3205 3006 3259; x_wconf 85' lang='grc' dir='ltr'>ὅπλα</span> <span class='ocrx_word' id='word_1_786' title='bbox 3039 3205 3132 3258; x_wconf 76' lang='grc' dir='ltr'>καὶ</span> <span class='ocrx_word' id='word_1_787' title='bbox 3181 3204 3280 3276; x_wconf 87' lang='grc' dir='ltr'>τὴν</span> <span class='ocrx_word' id='word_1_788' title='bbox 3321 3205 3582 3275; x_wconf 82' lang='grc' dir='ltr'>στρατιὰν</span> 
     </span>
    </p>
   </div>
   <div class='ocr_carea' id='block_1_103' title="bbox 1989 3283 3582 3360">
    <p class='ocr_par' dir='ltr' id='par_1_103' title="bbox 1989 3283 3582 3360">
     <span class='ocr_line' id='line_1_103' title="bbox 1989 3283 3582 3360; baseline 0.002 -24"><span class='ocrx_word' id='word_1_789' title='bbox 1989 3283 2068 3355; x_wconf 82' lang='grc' dir='ltr'>τῷ</span> <span class='ocrx_word' id='word_1_790' title='bbox 2095 3285 2311 3358; x_wconf 84' lang='grc' dir='ltr'>μαθητῇ</span> <span class='ocrx_word' id='word_1_791' title='bbox 2340 3287 2682 3360; x_wconf 88' lang='grc' dir='ltr'>παρέδωκεν,</span> <span class='ocrx_word' id='word_1_792' title='bbox 2715 3290 2877 3352; x_wconf 88' lang='grc' dir='ltr'>αὐτὸς</span> <span class='ocrx_word' id='word_1_793' title='bbox 2899 3289 2956 3341; x_wconf 86' lang='grc' dir='ltr'>δὲ</span> <span class='ocrx_word' id='word_1_794' title='bbox 2975 3289 3074 3352; x_wconf 80' lang='grc' dir='ltr'>τὰς</span> <span class='ocrx_word' id='word_1_795' title='bbox 3096 3288 3262 3358; x_wconf 86' lang='grc' dir='ltr'>εὐχάς</span> <span class='ocrx_word' id='word_1_796' title='bbox 3286 3288 3582 3358; x_wconf 84' lang='grc' dir='ltr'>ἀντέστησε</span> 
     </span>
    </p>
   </div>
   <div class='ocr_carea' id='block_1_104' title="bbox 1991 3367 3584 3444">
    <p class='ocr_par' dir='ltr' id='par_1_104' title="bbox 1991 3367 3584 3444">
     <span class='ocr_line' id='line_1_104' title="bbox 1991 3367 3584 3444; baseline 0.002 -23"><span class='ocrx_word' id='word_1_797' title='bbox 1991 3367 2070 3440; x_wconf 84' lang='grc' dir='ltr'>τῷ</span> <span class='ocrx_word' id='word_1_798' title='bbox 2107 3369 2301 3440; x_wconf 82' lang='grc' dir='ltr'>πλήθει</span> <span class='ocrx_word' id='word_1_799' title='bbox 2331 3371 2440 3424; x_wconf 89' lang='grc' dir='ltr'>τῶν</span> <span class='ocrx_word' id='word_1_800' title='bbox 2471 3373 2815 3438; x_wconf 88' lang='grc' dir='ltr'>ἀντιπάλων;</span> <span class='ocrx_word' id='word_1_801' title='bbox 2855 3371 3123 3426; x_wconf 85' lang='grc' dir='ltr'>διδάσκων</span> <span class='ocrx_word' id='word_1_802' title='bbox 3161 3373 3332 3444; x_wconf 84' lang='grc' dir='ltr'>ήμᾶς,</span> <span class='ocrx_word' id='word_1_803' title='bbox 3365 3371 3447 3425; x_wconf 88' lang='grc' dir='ltr'>ὃτι</span> <span class='ocrx_word' id='word_1_804' title='bbox 3485 3371 3584 3424; x_wconf 78' lang='grc' dir='ltr'>καὶ</span> 
     </span>
    </p>
   </div>
   <div class='ocr_carea' id='block_1_105' title="bbox 1992 3451 3584 3528">
    <p class='ocr_par' dir='ltr' id='par_1_105' title="bbox 1992 3451 3584 3528">
     <span class='ocr_line' id='line_1_105' title="bbox 1992 3451 3584 3528; baseline 0.001 -24"><span class='ocrx_word' id='word_1_805' title='bbox 1992 3451 2193 3517; x_wconf 79' lang='grc' dir='ltr'>ὅπλων,</span> <span class='ocrx_word' id='word_1_806' title='bbox 2221 3454 2314 3508; x_wconf 75' lang='grc' dir='ltr'>καὶ</span> <span class='ocrx_word' id='word_1_807' title='bbox 2340 3455 2543 3523; x_wconf 81' lang='grc' dir='ltr'>ἵππων,</span> <span class='ocrx_word' id='word_1_808' title='bbox 2576 3455 2670 3510; x_wconf 77' lang='grc' dir='ltr'>καὶ</span> <span class='ocrx_word' id='word_1_809' title='bbox 2700 3456 3000 3528; x_wconf 84' lang='grc' dir='ltr'>χρημάτων</span> <span class='ocrx_word' id='word_1_810' title='bbox 3021 3499 3036 3523; x_wconf 91' lang='grc'>,</span> <span class='ocrx_word' id='word_1_811' title='bbox 3074 3456 3168 3508; x_wconf 73' lang='grc' dir='ltr'>καὶ</span> <span class='ocrx_word' id='word_1_812' title='bbox 3204 3455 3584 3527; x_wconf 81' lang='grc' dir='ltr'>στρατοπέδων</span> 
     </span>
    </p>
   </div>
   <div class='ocr_carea' id='block_1_106' title="bbox 1993 3537 3585 3612">
    <p class='ocr_par' dir='ltr' id='par_1_106' title="bbox 1993 3537 3585 3612">
     <span class='ocr_line' id='line_1_106' title="bbox 1993 3537 3585 3612; baseline 0.002 -21"><span class='ocrx_word' id='word_1_813' title='bbox 1993 3537 2174 3609; x_wconf 86' lang='grc' dir='ltr'>πολλῷ</span> <span class='ocrx_word' id='word_1_814' title='bbox 2202 3537 2428 3609; x_wconf 80' lang='grc' dir='ltr'>μείζονα</span> <span class='ocrx_word' id='word_1_815' title='bbox 2451 3539 2680 3611; x_wconf 84' lang='grc' dir='ltr'>δύναμιν</span> <span class='ocrx_word' id='word_1_816' title='bbox 2707 3542 2922 3611; x_wconf 79' lang='grc' dir='ltr'>ἔχουσιν</span> <span class='ocrx_word' id='word_1_817' title='bbox 2948 3543 3005 3594; x_wconf 87' lang='grc' dir='ltr'>αἱ</span> <span class='ocrx_word' id='word_1_818' title='bbox 3035 3542 3338 3612; x_wconf 79' lang='grc' dir='ltr'>προσευχαὶ</span> <span class='ocrx_word' id='word_1_819' title='bbox 3367 3539 3475 3593; x_wconf 87' lang='grc' dir='ltr'>τῶν</span> <span class='ocrx_word' id='word_1_820' title='bbox 3503 3541 3585 3594; x_wconf 79' lang='grc' dir='ltr'>δι-</span> 
     </span>
    </p>
   </div>
   <div class='ocr_carea' id='block_1_107' title="bbox 1993 3620 3585 3695">
    <p class='ocr_par' dir='ltr' id='par_1_107' title="bbox 1993 3620 3585 3695">
     <span class='ocr_line' id='line_1_107' title="bbox 1993 3620 3585 3695; baseline 0 -21"><span class='ocrx_word' id='word_1_821' title='bbox 1993 3620 2182 3676; x_wconf 87' lang='grc' dir='ltr'>καίων.</span> <span class='ocrx_word' id='word_1_822' title='bbox 2214 3622 2314 3675; x_wconf 89' lang='grc' dir='ltr'>Διά</span> <span class='ocrx_word' id='word_1_823' title='bbox 2343 3623 2502 3678; x_wconf 88' lang='grc' dir='ltr'>τοῦτο</span> <span class='ocrx_word' id='word_1_824' title='bbox 2536 3626 2629 3677; x_wconf 80' lang='grc' dir='ltr'>καὶ</span> <span class='ocrx_word' id='word_1_825' title='bbox 2660 3627 2767 3688; x_wconf 82' lang='grc' dir='ltr'>πᾶς</span> <span class='ocrx_word' id='word_1_826' title='bbox 2791 3627 2820 3678; x_wconf 87' lang='lat'>6</span> <span class='ocrx_word' id='word_1_827' title='bbox 2848 3626 3098 3695; x_wconf 85' lang='grc' dir='ltr'>στρατὸς,</span> <span class='ocrx_word' id='word_1_828' title='bbox 3137 3625 3234 3677; x_wconf 68' lang='grc' dir='ltr'>καὶ</span> <span class='ocrx_word' id='word_1_829' title='bbox 3260 3623 3451 3676; x_wconf 75' lang='grc' dir='ltr'>πολλαὶ</span> <span class='ocrx_word' id='word_1_830' title='bbox 3482 3641 3585 3694; x_wconf 87' lang='grc' dir='ltr'>μυ-</span> 
     </span>
    </p>
   </div>
   <div class='ocr_carea' id='block_1_108' title="bbox 1999 3704 3583 3779">
    <p class='ocr_par' dir='ltr' id='par_1_108' title="bbox 1999 3704 3583 3779">
     <span class='ocr_line' id='line_1_108' title="bbox 1999 3704 3583 3779; baseline -0.001 -23"><span class='ocrx_word' id='word_1_831' title='bbox 1999 3704 2199 3774; x_wconf 84' lang='grc' dir='ltr'>ριάδες,</span> <span class='ocrx_word' id='word_1_832' title='bbox 2231 3707 2290 3758; x_wconf 85' lang='grc' dir='ltr'>ἐν</span> <span class='ocrx_word' id='word_1_833' title='bbox 2318 3709 2383 3778; x_wconf 85' lang='grc' dir='ltr'>τῇ</span> <span class='ocrx_word' id='word_1_834' title='bbox 2409 3710 2686 3778; x_wconf 80' lang='grc' dir='ltr'>προσευχῇ</span> <span class='ocrx_word' id='word_1_835' title='bbox 2711 3707 2806 3760; x_wconf 85' lang='grc' dir='ltr'>τοῦ</span> <span class='ocrx_word' id='word_1_836' title='bbox 2837 3711 3117 3779; x_wconf 77' lang='grc' dir='ltr'>προφήτου</span> <span class='ocrx_word' id='word_1_837' title='bbox 3141 3707 3240 3777; x_wconf 70' lang='grc' dir='ltr'>τὴν</span> <span class='ocrx_word' id='word_1_838' title='bbox 3266 3705 3458 3759; x_wconf 71' lang='grc' dir='ltr'>ἐλπίδα</span> <span class='ocrx_word' id='word_1_839' title='bbox 3485 3707 3583 3775; x_wconf 74' lang='grc' dir='ltr'>τῆς</span> 
     </span>
    </p>
   </div>
   <div class='ocr_carea' id='block_1_109' title="bbox 1996 3787 3583 3863">
    <p class='ocr_par' dir='ltr' id='par_1_109' title="bbox 1996 3787 3583 3863">
     <span class='ocr_line' id='line_1_109' title="bbox 1996 3787 3583 3863; baseline 0.001 -23"><span class='ocrx_word' id='word_1_840' title='bbox 1996 3789 2271 3860; x_wconf 88' lang='grc' dir='ltr'>σωτηρίας</span> <span class='ocrx_word' id='word_1_841' title='bbox 2319 3787 2496 3862; x_wconf 71' lang='grc' dir='ltr'>εἶχονο</span> <span class='ocrx_word' id='word_1_842' title='bbox 2533 3793 2972 3863; x_wconf 82' lang='grc' dir='ltr'>προσευχομένου</span> <span class='ocrx_word' id='word_1_843' title='bbox 3017 3792 3116 3862; x_wconf 89' lang='grc' dir='ltr'>μὲν</span> <span class='ocrx_word' id='word_1_844' title='bbox 3155 3792 3265 3862; x_wconf 83' lang='grc' dir='ltr'>γὰρ</span> <span class='ocrx_word' id='word_1_845' title='bbox 3312 3789 3406 3844; x_wconf 89' lang='grc' dir='ltr'>τοῦ</span> <span class='ocrx_word' id='word_1_846' title='bbox 3451 3791 3583 3844; x_wconf 84' lang='grc' dir='ltr'>Μω-</span> 
     </span>
    </p>
   </div>
   <div class='ocr_carea' id='block_1_110' title="bbox 1997 3873 3582 3946">
    <p class='ocr_par' dir='ltr' id='par_1_110' title="bbox 1997 3873 3582 3946">
     <span class='ocr_line' id='line_1_110' title="bbox 1997 3873 3582 3946; baseline 0.003 -22"><span class='ocrx_word' id='word_1_847' title='bbox 1997 3875 2154 3937; x_wconf 83' lang='grc' dir='ltr'>σέως,</span> <span class='ocrx_word' id='word_1_848' title='bbox 2189 3873 2455 3946; x_wconf 74' lang='grc' dir='ltr'>ἐκράτουν</span> <span class='ocrx_word' id='word_1_849' title='bbox 2497 3876 2778 3939; x_wconf 85' lang='grc' dir='ltr'>Ἰουδαῖοι,</span> <span class='ocrx_word' id='word_1_850' title='bbox 2809 3875 3161 3946; x_wconf 80' lang='grc' dir='ltr'>πεπαυμένου</span> <span class='ocrx_word' id='word_1_851' title='bbox 3203 3875 3257 3928; x_wconf 79' lang='grc' dir='ltr'>δὲ</span> <span class='ocrx_word' id='word_1_852' title='bbox 3283 3875 3380 3945; x_wconf 84' lang='grc' dir='ltr'>τῆς</span> <span class='ocrx_word' id='word_1_853' title='bbox 3410 3891 3582 3944; x_wconf 78' lang='grc' dir='ltr'>προσ-</span> 
     </span>
    </p>
   </div>
   <div class='ocr_carea' id='block_1_111' title="bbox 1996 3955 3584 4030">
    <p class='ocr_par' dir='ltr' id='par_1_111' title="bbox 1996 3955 3584 4030">
     <span class='ocr_line' id='line_1_111' title="bbox 1996 3955 3584 4030; baseline 0 -20"><span class='ocrx_word' id='word_1_854' title='bbox 1996 3957 2184 4026; x_wconf 79' lang='grc' dir='ltr'>εὐχῆς,</span> <span class='ocrx_word' id='word_1_855' title='bbox 2228 3956 2446 4012; x_wconf 77' lang='grc' dir='ltr'>ἔλαττον</span> <span class='ocrx_word' id='word_1_856' title='bbox 2485 3955 2628 4030; x_wconf 70' lang='grc' dir='ltr'>εἶχον</span> <span class='ocrx_word' id='word_1_857' title='bbox 2665 3959 2774 4012; x_wconf 87' lang='grc' dir='ltr'>τῶν</span> <span class='ocrx_word' id='word_1_858' title='bbox 2817 3959 3150 4014; x_wconf 84' lang='grc' dir='ltr'>ἀντιπάλων.</span> <span class='ocrx_word' id='word_1_859' title='bbox 3191 3958 3348 4012; x_wconf 85' lang='grc' dir='ltr'>Οῦτω</span> <span class='ocrx_word' id='word_1_860' title='bbox 3381 3958 3444 4029; x_wconf 91' lang='grc' dir='ltr'>δὴ</span> <span class='ocrx_word' id='word_1_861' title='bbox 3491 3958 3584 4012; x_wconf 74' lang='grc' dir='ltr'>καὶ</span> 
     </span>
    </p>
   </div>
   <div class='ocr_carea' id='block_1_112' title="bbox 1996 4041 3586 4116">
    <p class='ocr_par' dir='ltr' id='par_1_112' title="bbox 1996 4041 3586 4116">
     <span class='ocr_line' id='line_1_112' title="bbox 1996 4041 3586 4116; baseline 0.002 -25"><span class='ocrx_word' id='word_1_862' title='bbox 1996 4041 2160 4110; x_wconf 84' lang='grc' dir='ltr'>ἡμεῖς</span> <span class='ocrx_word' id='word_1_863' title='bbox 2192 4043 2613 4112; x_wconf 81' lang='grc' dir='ltr'>προσευχόμενοι</span> <span class='ocrx_word' id='word_1_864' title='bbox 2655 4045 2772 4114; x_wconf 83' lang='grc' dir='ltr'>μὲν,</span> <span class='ocrx_word' id='word_1_865' title='bbox 2803 4043 3002 4116; x_wconf 70' lang='grc' dir='ltr'>ῥαδίως</span> <span class='ocrx_word' id='word_1_866' title='bbox 3040 4042 3134 4097; x_wconf 86' lang='grc' dir='ltr'>τοῦ</span> <span class='ocrx_word' id='word_1_867' title='bbox 3170 4042 3416 4096; x_wconf 83' lang='grc' dir='ltr'>διαϐόλου</span> <span class='ocrx_word' id='word_1_868' title='bbox 3449 4059 3586 4113; x_wconf 84' lang='grc' dir='ltr'>κρα-</span> 
     </span>
    </p>
   </div>
   <div class='ocr_carea' id='block_1_113' title="bbox 1996 4125 3584 4198">
    <p class='ocr_par' dir='ltr' id='par_1_113' title="bbox 1996 4125 3584 4198">
     <span class='ocr_line' id='line_1_113' title="bbox 1996 4125 3584 4198; baseline 0.003 -22"><span class='ocrx_word' id='word_1_869' title='bbox 1996 4127 2256 4196; x_wconf 84' lang='grc' dir='ltr'>τήσομεν,</span> <span class='ocrx_word' id='word_1_870' title='bbox 2280 4127 2648 4197; x_wconf 72' lang='grc' dir='ltr'>ῥᾳθυμοῦντες</span> <span class='ocrx_word' id='word_1_871' title='bbox 2671 4127 2746 4192; x_wconf 87' lang='grc' dir='ltr'>δὲ,</span> <span class='ocrx_word' id='word_1_872' title='bbox 2772 4127 2893 4180; x_wconf 83' lang='grc' dir='ltr'>καθ’</span> <span class='ocrx_word' id='word_1_873' title='bbox 2919 4128 3126 4180; x_wconf 77' lang='grc' dir='ltr'>ἑαυτῶν</span> <span class='ocrx_word' id='word_1_874' title='bbox 3147 4126 3424 4198; x_wconf 88' lang='grc' dir='ltr'>ἀσκοῦμεν</span> <span class='ocrx_word' id='word_1_875' title='bbox 3440 4125 3467 4166; x_wconf 74' lang='grc' dir='ltr'><strong><em>ἀ</em></strong></span> <span class='ocrx_word' id='word_1_876' title='bbox 3490 4127 3584 4180; x_wconf 88' lang='grc' dir='ltr'>τὸν</span> 
     </span>
    </p>
   </div>
   <div class='ocr_carea' id='block_1_114' title="bbox 1999 4208 3584 4282">
    <p class='ocr_par' dir='ltr' id='par_1_114' title="bbox 1999 4208 3584 4282">
     <span class='ocr_line' id='line_1_114' title="bbox 1999 4208 3584 4282; baseline 0.002 -22"><span class='ocrx_word' id='word_1_877' title='bbox 1999 4208 2262 4280; x_wconf 87' lang='grc' dir='ltr'>Πονηρόν.</span> <span class='ocrx_word' id='word_1_878' title='bbox 2305 4211 2412 4262; x_wconf 77' lang='grc' dir='ltr'>Καὶ</span> <span class='ocrx_word' id='word_1_879' title='bbox 2452 4211 2560 4281; x_wconf 85' lang='grc' dir='ltr'>μὴν</span> <span class='ocrx_word' id='word_1_880' title='bbox 2607 4211 2702 4263; x_wconf 74' lang='grc' dir='ltr'>καὶ</span> <span class='ocrx_word' id='word_1_881' title='bbox 2743 4211 2834 4263; x_wconf 85' lang='grc' dir='ltr'>τὸν</span> <span class='ocrx_word' id='word_1_882' title='bbox 2875 4211 3005 4264; x_wconf 89' lang='grc' dir='ltr'>λαὸν</span> <span class='ocrx_word' id='word_1_883' title='bbox 3060 4211 3441 4282; x_wconf 75' lang='grc' dir='ltr'>ἀσεϐήσαντα,</span> <span class='ocrx_word' id='word_1_884' title='bbox 3495 4209 3584 4263; x_wconf 75' lang='grc' dir='ltr'>διὰ</span> 
     </span>
    </p>
   </div>
   <div class='ocr_carea' id='block_1_115' title="bbox 2001 4301 3582 4374">
    <p class='ocr_par' dir='ltr' id='par_1_115' title="bbox 2001 4301 3582 4374">
     <span class='ocr_line' id='line_1_115' title="bbox 2001 4301 3582 4374; baseline -0.001 -19"><span class='ocrx_word' id='word_1_885' title='bbox 2001 4303 2312 4373; x_wconf 74' lang='grc' dir='ltr'>προσευχῆς</span> <span class='ocrx_word' id='word_1_886' title='bbox 2363 4303 2530 4374; x_wconf 84' lang='grc' dir='ltr'>μόνης</span> <span class='ocrx_word' id='word_1_887' title='bbox 2576 4303 2801 4356; x_wconf 77' lang='grc' dir='ltr'>διέσωσε</span> <span class='ocrx_word' id='word_1_888' title='bbox 2837 4303 3075 4373; x_wconf 73' lang='grc' dir='ltr'>Μωσῆς,</span> <span class='ocrx_word' id='word_1_889' title='bbox 3122 4305 3216 4357; x_wconf 75' lang='grc' dir='ltr'>καὶ</span> <span class='ocrx_word' id='word_1_890' title='bbox 3263 4303 3374 4355; x_wconf 87' lang='grc' dir='ltr'>τῶν</span> <span class='ocrx_word' id='word_1_891' title='bbox 3419 4301 3582 4355; x_wconf 86' lang='grc' dir='ltr'>θείων</span> 
     </span>
    </p>
   </div>
   <div class='ocr_carea' id='block_1_116' title="bbox 1997 4385 3579 4456">
    <p class='ocr_par' dir='ltr' id='par_1_116' title="bbox 1997 4385 3579 4456">
     <span class='ocr_line' id='line_1_116' title="bbox 1997 4385 3579 4456; baseline 0.001 -17"><span class='ocrx_word' id='word_1_892' title='bbox 1997 4387 2174 4455; x_wconf 71' lang='grc' dir='ltr'>ὄψεων</span> <span class='ocrx_word' id='word_1_893' title='bbox 2210 4386 2301 4440; x_wconf 61' lang='grc' dir='ltr'>καὶ¹</span> <span class='ocrx_word' id='word_1_894' title='bbox 2338 4386 2548 4456; x_wconf 88' lang='grc' dir='ltr'>μυρίων</span> <span class='ocrx_word' id='word_1_895' title='bbox 2576 4386 2796 4454; x_wconf 84' lang='grc' dir='ltr'>ἀγαθῶν</span> <span class='ocrx_word' id='word_1_896' title='bbox 2824 4385 2910 4439; x_wconf 74' lang='grc' dir='ltr'>διὰ</span> <span class='ocrx_word' id='word_1_897' title='bbox 2950 4386 3152 4456; x_wconf 81' lang='grc' dir='ltr'>ταύτης</span> <span class='ocrx_word' id='word_1_898' title='bbox 3189 4387 3350 4456; x_wconf 77' lang='grc' dir='ltr'>ἔτυχε</span> <span class='ocrx_word' id='word_1_899' title='bbox 3389 4385 3579 4456; x_wconf 82' lang='grc' dir='ltr'>μόνης.</span> 
     </span>
    </p>
   </div>
   <div class='ocr_carea' id='block_1_117' title="bbox 1997 4469 3582 4540">
    <p class='ocr_par' dir='ltr' id='par_1_117' title="bbox 1997 4469 3582 4540">
     <span class='ocr_line' id='line_1_117' title="bbox 1997 4469 3582 4540; baseline 0 -18"><span class='ocrx_word' id='word_1_900' title='bbox 1997 4469 2149 4539; x_wconf 76' lang='grc' dir='ltr'>Αὕτη</span> <span class='ocrx_word' id='word_1_901' title='bbox 2201 4471 2310 4540; x_wconf 73' lang='grc' dir='ltr'>γὰρ</span> <span class='ocrx_word' id='word_1_902' title='bbox 2363 4469 2514 4540; x_wconf 71' lang='lat'>[789]</span> <span class='ocrx_word' id='word_1_903' title='bbox 2565 4470 2712 4538; x_wconf 78' lang='grc' dir='ltr'>αὐτῷ</span> <span class='ocrx_word' id='word_1_904' title='bbox 2759 4473 2854 4523; x_wconf 73' lang='grc' dir='ltr'>καὶ</span> <span class='ocrx_word' id='word_1_905' title='bbox 2899 4471 2991 4523; x_wconf 91' lang='grc' dir='ltr'>τὸν</span> <span class='ocrx_word' id='word_1_906' title='bbox 3033 4470 3146 4540; x_wconf 81' lang='grc' dir='ltr'>βίον</span> <span class='ocrx_word' id='word_1_907' title='bbox 3199 4469 3582 4540; x_wconf 75' lang='grc' dir='ltr'>παραπλήσιον</span> 
     </span>
    </p>
   </div>
   <div class='ocr_carea' id='block_1_118' title="bbox 1997 4553 3582 4624">
    <p class='ocr_par' dir='ltr' id='par_1_118' title="bbox 1997 4553 3582 4624">
     <span class='ocr_line' id='line_1_118' title="bbox 1997 4553 3582 4624; baseline -0.001 -18"><span class='ocrx_word' id='word_1_908' title='bbox 1997 4555 2222 4622; x_wconf 81' lang='grc' dir='ltr'>ἐποίησε</span> <span class='ocrx_word' id='word_1_909' title='bbox 2271 4557 2384 4616; x_wconf 85' lang='grc' dir='ltr'>τοῖς</span> <span class='ocrx_word' id='word_1_910' title='bbox 2413 4554 2619 4606; x_wconf 72' lang='grc' dir='ltr'>οἰκοῦσι</span> <span class='ocrx_word' id='word_1_911' title='bbox 2658 4554 2748 4606; x_wconf 87' lang='grc' dir='ltr'>τὸν</span> <span class='ocrx_word' id='word_1_912' title='bbox 2781 4555 3030 4624; x_wconf 85' lang='grc' dir='ltr'>οὐρανόν.</span> <span class='ocrx_word' id='word_1_913' title='bbox 3081 4553 3366 4624; x_wconf 87' lang='grc' dir='ltr'>Προσευχὴ</span> <span class='ocrx_word' id='word_1_914' title='bbox 3409 4553 3582 4622; x_wconf 58' lang='grc' dir='ltr'>πυρὶς</span> 
     </span>
    </p>
   </div>
   <div class='ocr_carea' id='block_1_119' title="bbox 1996 4635 3582 4706">
    <p class='ocr_par' dir='ltr' id='par_1_119' title="bbox 1996 4635 3582 4706">
     <span class='ocr_line' id='line_1_119' title="bbox 1996 4635 3582 4706; baseline -0.001 -17"><span class='ocrx_word' id='word_1_915' title='bbox 1996 4636 2226 4706; x_wconf 73' lang='grc' dir='ltr'>δύναμιν</span> <span class='ocrx_word' id='word_1_916' title='bbox 2273 4635 2488 4705; x_wconf 65' lang='grc' dir='ltr'>ἤλεγξε,</span> <span class='ocrx_word' id='word_1_917' title='bbox 2529 4638 2623 4689; x_wconf 73' lang='grc' dir='ltr'>καὶ</span> <span class='ocrx_word' id='word_1_918' title='bbox 2669 4635 2888 4698; x_wconf 84' lang='grc' dir='ltr'>λέοντας</span> <span class='ocrx_word' id='word_1_919' title='bbox 2931 4635 3217 4706; x_wconf 83' lang='grc' dir='ltr'>ἡμέρωσε·</span> <span class='ocrx_word' id='word_1_920' title='bbox 3250 4635 3312 4688; x_wconf 85' lang='grc' dir='ltr'>τὸ</span> <span class='ocrx_word' id='word_1_921' title='bbox 3355 4635 3454 4705; x_wconf 83' lang='grc' dir='ltr'>μὲν</span> <span class='ocrx_word' id='word_1_922' title='bbox 3489 4637 3582 4688; x_wconf 71' lang='grc' dir='ltr'>ἐπὶ</span> 
     </span>
    </p>
   </div>
   <div class='ocr_carea' id='block_1_120' title="bbox 1996 4717 3575 4791">
    <p class='ocr_par' dir='ltr' id='par_1_120' title="bbox 1996 4717 3575 4791">
     <span class='ocr_line' id='line_1_120' title="bbox 1996 4717 3575 4791; baseline 0 -19"><span class='ocrx_word' id='word_1_923' title='bbox 1996 4719 2089 4772; x_wconf 90' lang='grc' dir='ltr'>τοῦ</span> <span class='ocrx_word' id='word_1_924' title='bbox 2111 4718 2330 4790; x_wconf 80' lang='grc' dir='ltr'>Δανιὴλ,</span> <span class='ocrx_word' id='word_1_925' title='bbox 2353 4720 2414 4770; x_wconf 86' lang='grc' dir='ltr'>τὸ</span> <span class='ocrx_word' id='word_1_926' title='bbox 2437 4717 2494 4770; x_wconf 84' lang='grc' dir='ltr'>δὲ</span> <span class='ocrx_word' id='word_1_927' title='bbox 2522 4720 2614 4770; x_wconf 76' lang='grc' dir='ltr'>ἐπὶ</span> <span class='ocrx_word' id='word_1_928' title='bbox 2641 4719 2749 4772; x_wconf 83' lang='grc' dir='ltr'>τῶν</span> <span class='ocrx_word' id='word_1_929' title='bbox 2777 4717 2942 4790; x_wconf 90' lang='grc' dir='ltr'>τριῶν</span> <span class='ocrx_word' id='word_1_930' title='bbox 2965 4717 3318 4791; x_wconf 83' lang='grc' dir='ltr'>ἐργασαμένη</span> <span class='ocrx_word' id='word_1_931' title='bbox 3351 4718 3575 4772; x_wconf 77' lang='grc' dir='ltr'>παίδων.</span> 
     </span>
    </p>
   </div>
   <div class='ocr_carea' id='block_1_121' title="bbox 1995 4797 3582 4873">
    <p class='ocr_par' dir='ltr' id='par_1_121' title="bbox 1995 4797 3582 4873">
     <span class='ocr_line' id='line_1_121' title="bbox 1995 4797 3582 4873; baseline -0.003 -17"><span class='ocrx_word' id='word_1_932' title='bbox 1995 4805 2073 4856; x_wconf 89' lang='grc' dir='ltr'>Δι’</span> <span class='ocrx_word' id='word_1_933' title='bbox 2107 4797 2200 4868; x_wconf 83' lang='grc' dir='ltr'>ὧν,</span> <span class='ocrx_word' id='word_1_934' title='bbox 2237 4799 2410 4873; x_wconf 77' lang='grc' dir='ltr'>οἶμαι,</span> <span class='ocrx_word' id='word_1_935' title='bbox 2443 4803 2538 4854; x_wconf 69' lang='grc' dir='ltr'>καὶ</span> <span class='ocrx_word' id='word_1_936' title='bbox 2565 4801 2721 4873; x_wconf 79' lang='grc' dir='ltr'>δῆλον</span> <span class='ocrx_word' id='word_1_937' title='bbox 2751 4802 3049 4873; x_wconf 87' lang='grc' dir='ltr'>πεποίηκεν</span> <span class='ocrx_word' id='word_1_938' title='bbox 3081 4801 3304 4866; x_wconf 74' lang='grc' dir='ltr'>ἅπασιν,</span> <span class='ocrx_word' id='word_1_939' title='bbox 3334 4803 3416 4855; x_wconf 80' lang='grc' dir='ltr'>ὅτι</span> <span class='ocrx_word' id='word_1_940' title='bbox 3444 4802 3582 4856; x_wconf 82' lang='grc' dir='ltr'>πάν-</span> 
     </span>
    </p>
   </div>
   <div class='ocr_carea' id='block_1_122' title="bbox 1995 4885 3576 4959">
    <p class='ocr_par' dir='ltr' id='par_1_122' title="bbox 1995 4885 3576 4959">
     <span class='ocr_line' id='line_1_122' title="bbox 1995 4885 3576 4959; baseline -0.001 -19"><span class='ocrx_word' id='word_1_941' title='bbox 1995 4907 2116 4952; x_wconf 86' lang='grc' dir='ltr'>τας,</span> <span class='ocrx_word' id='word_1_942' title='bbox 2143 4889 2298 4950; x_wconf 83' lang='grc' dir='ltr'>ὅσους</span> <span class='ocrx_word' id='word_1_943' title='bbox 2324 4887 2390 4940; x_wconf 84' lang='grc' dir='ltr'>ἂν</span> <span class='ocrx_word' id='word_1_944' title='bbox 2429 4886 2568 4958; x_wconf 84' lang='grc' dir='ltr'>λάϐῃ</span> <span class='ocrx_word' id='word_1_945' title='bbox 2609 4885 3043 4953; x_wconf 88' lang='grc' dir='ltr'>κινδυνεύοντας,</span> <span class='ocrx_word' id='word_1_946' title='bbox 3099 4887 3301 4959; x_wconf 77' lang='grc' dir='ltr'>ῥᾳδίως</span> <span class='ocrx_word' id='word_1_947' title='bbox 3333 4886 3576 4958; x_wconf 75' lang='grc' dir='ltr'>ἐξαρπά-</span> 
     </span>
    </p>
   </div>
   <div class='ocr_carea' id='block_1_123' title="bbox 1995 4969 3576 5042">
    <p class='ocr_par' dir='ltr' id='par_1_123' title="bbox 1995 4969 3576 5042">
     <span class='ocr_line' id='line_1_123' title="bbox 1995 4969 3576 5042; baseline -0.002 -17"><span class='ocrx_word' id='word_1_948' title='bbox 1995 4971 2079 5037; x_wconf 78' lang='grc' dir='ltr'>ζει</span> <span class='ocrx_word' id='word_1_949' title='bbox 2115 4971 2226 5025; x_wconf 85' lang='grc' dir='ltr'>τῶν</span> <span class='ocrx_word' id='word_1_950' title='bbox 2280 4969 2679 5040; x_wconf 84' lang='grc' dir='ltr'>ἐπηρτημένων</span> <span class='ocrx_word' id='word_1_951' title='bbox 2721 4969 2930 5024; x_wconf 90' lang='grc' dir='ltr'>δεινῶν.</span> <span class='ocrx_word' id='word_1_952' title='bbox 2981 4969 3268 5042; x_wconf 90' lang='grc' dir='ltr'>Προσευχὴ</span> <span class='ocrx_word' id='word_1_953' title='bbox 3305 4971 3576 5042; x_wconf 67' lang='grc' dir='ltr'>σωτηρίαι,</span> 
     </span>
    </p>
   </div>
   <div class='ocr_carea' id='block_1_124' title="bbox 1993 5053 3581 5128">
    <p class='ocr_par' dir='ltr' id='par_1_124' title="bbox 1993 5053 3581 5128">
     <span class='ocr_line' id='line_1_124' title="bbox 1993 5053 3581 5128; baseline -0.003 -18"><span class='ocrx_word' id='word_1_954' title='bbox 1993 5057 2249 5127; x_wconf 78' lang='grc' dir='ltr'>ἀφορμὴ,</span> <span class='ocrx_word' id='word_1_955' title='bbox 2283 5055 2582 5118; x_wconf 87' lang='grc' dir='ltr'>ἀθανασίας</span> <span class='ocrx_word' id='word_1_956' title='bbox 2621 5053 2882 5127; x_wconf 81' lang='grc' dir='ltr'>πρόξενος</span> <span class='ocrx_word' id='word_1_957' title='bbox 2913 5053 3093 5126; x_wconf 80' lang='grc' dir='ltr'>ψυχῆς</span> <span class='ocrx_word' id='word_1_958' title='bbox 3115 5066 3162 5124; x_wconf 76' lang='grc' dir='ltr'>θ,</span> <span class='ocrx_word' id='word_1_959' title='bbox 3195 5057 3296 5128; x_wconf 89' lang='grc' dir='ltr'>τῆς</span> <span class='ocrx_word' id='word_1_960' title='bbox 3349 5055 3581 5125; x_wconf 72' lang='grc' dir='ltr'>Ἐκκληο</span> 
     </span>
    </p>
   </div>
   <div class='ocr_carea' id='block_1_125' title="bbox 1995 5137 3578 5210">
    <p class='ocr_par' dir='ltr' id='par_1_125' title="bbox 1995 5137 3578 5210">
     <span class='ocr_line' id='line_1_125' title="bbox 1995 5137 3578 5210; baseline -0.004 -16"><span class='ocrx_word' id='word_1_961' title='bbox 1995 5140 2115 5202; x_wconf 91' lang='grc' dir='ltr'>σίας</span> <span class='ocrx_word' id='word_1_962' title='bbox 2139 5142 2319 5209; x_wconf 82' lang='grc' dir='ltr'>τεῖχος</span> <span class='ocrx_word' id='word_1_963' title='bbox 2345 5137 2606 5210; x_wconf 74' lang='grc' dir='ltr'>ἀρῤαγὲς,</span> <span class='ocrx_word' id='word_1_964' title='bbox 2633 5137 3001 5208; x_wconf 76' lang='grc' dir='ltr'>φυλακτήριον</span> <span class='ocrx_word' id='word_1_965' title='bbox 3039 5139 3312 5203; x_wconf 80' lang='grc' dir='ltr'>ἄσειστον,</span> <span class='ocrx_word' id='word_1_966' title='bbox 3349 5138 3578 5207; x_wconf 75' lang='grc' dir='ltr'>φοϐερὸν</span> 
     </span>
    </p>
   </div>
   <div class='ocr_carea' id='block_1_126' title="bbox 1995 5221 3574 5294">
    <p class='ocr_par' dir='ltr' id='par_1_126' title="bbox 1995 5221 3574 5294">
     <span class='ocr_line' id='line_1_126' title="bbox 1995 5221 3574 5294; baseline -0.001 -19"><span class='ocrx_word' id='word_1_967' title='bbox 1995 5223 2094 5294; x_wconf 86' lang='grc' dir='ltr'>μὲν</span> <span class='ocrx_word' id='word_1_968' title='bbox 2121 5225 2234 5285; x_wconf 83' lang='grc' dir='ltr'>τοῖς</span> <span class='ocrx_word' id='word_1_969' title='bbox 2269 5221 2511 5294; x_wconf 89' lang='grc' dir='ltr'>δαίμοσι,</span> <span class='ocrx_word' id='word_1_970' title='bbox 2549 5222 2817 5292; x_wconf 84' lang='grc' dir='ltr'>σωτήριον</span> <span class='ocrx_word' id='word_1_971' title='bbox 2861 5222 2918 5274; x_wconf 78' lang='grc' dir='ltr'>δὲ</span> <span class='ocrx_word' id='word_1_972' title='bbox 2959 5225 3070 5286; x_wconf 87' lang='grc' dir='ltr'>τοῖς</span> <span class='ocrx_word' id='word_1_973' title='bbox 3105 5222 3386 5276; x_wconf 83' lang='grc' dir='ltr'>εὐσεϐέσιν</span> <span class='ocrx_word' id='word_1_974' title='bbox 3421 5223 3574 5292; x_wconf 78' lang='grc' dir='ltr'>ἡμῖν.</span> 
     </span>
    </p>
   </div>
   <div class='ocr_carea' id='block_1_127' title="bbox 1994 5304 3572 5376">
    <p class='ocr_par' dir='ltr' id='par_1_127' title="bbox 1994 5304 3572 5376">
     <span class='ocr_line' id='line_1_127' title="bbox 1994 5304 3572 5376; baseline 0 -18"><span class='ocrx_word' id='word_1_975' title='bbox 1994 5304 2145 5376; x_wconf 76' lang='grc' dir='ltr'>Αὕτη</span> <span class='ocrx_word' id='word_1_976' title='bbox 2178 5305 2269 5358; x_wconf 88' lang='grc' dir='ltr'>τὸν</span> <span class='ocrx_word' id='word_1_977' title='bbox 2313 5307 2468 5373; x_wconf 75' lang='grc' dir='ltr'>ἅγιον</span> <span class='ocrx_word' id='word_1_978' title='bbox 2507 5307 2792 5376; x_wconf 80' lang='grc' dir='ltr'>προφήτην</span> <span class='ocrx_word' id='word_1_979' title='bbox 2827 5305 2920 5359; x_wconf 88' lang='grc' dir='ltr'>τὸν</span> <span class='ocrx_word' id='word_1_980' title='bbox 2961 5305 3214 5376; x_wconf 79' lang='grc' dir='ltr'>Σαμουὴλ</span> <span class='ocrx_word' id='word_1_981' title='bbox 3250 5305 3538 5376; x_wconf 83' lang='grc' dir='ltr'>ἐγέννησεν</span> <span class='ocrx_word' id='word_1_982' title='bbox 3560 5322 3572 5334; x_wconf 93' lang='grc'><strong>·</strong></span> 
     </span>
    </p>
   </div>
   <div class='ocr_carea' id='block_1_128' title="bbox 1993 5387 3578 5460">
    <p class='ocr_par' dir='ltr' id='par_1_128' title="bbox 1993 5387 3578 5460">
     <span class='ocr_line' id='line_1_128' title="bbox 1993 5387 3578 5460; baseline -0.002 -18"><span class='ocrx_word' id='word_1_983' title='bbox 1993 5388 2182 5458; x_wconf 85' lang='grc' dir='ltr'>ἐπειδὴ</span> <span class='ocrx_word' id='word_1_984' title='bbox 2218 5387 2327 5459; x_wconf 85' lang='grc' dir='ltr'>γὰρ</span> <span class='ocrx_word' id='word_1_985' title='bbox 2375 5391 2410 5460; x_wconf 87' lang='grc' dir='ltr'>ή</span> <span class='ocrx_word' id='word_1_986' title='bbox 2451 5389 2611 5457; x_wconf 83' lang='grc' dir='ltr'>φύσις</span> <span class='ocrx_word' id='word_1_987' title='bbox 2649 5389 2966 5458; x_wconf 74' lang='grc' dir='ltr'>ἠναντιοῦτο</span> <span class='ocrx_word' id='word_1_988' title='bbox 3013 5391 3078 5460; x_wconf 79' lang='grc' dir='ltr'>τῇ</span> <span class='ocrx_word' id='word_1_989' title='bbox 3125 5389 3292 5460; x_wconf 74' lang='grc' dir='ltr'>μητρὶ</span> <span class='ocrx_word' id='word_1_990' title='bbox 3330 5389 3466 5460; x_wconf 83' lang='grc' dir='ltr'>πρὸς</span> <span class='ocrx_word' id='word_1_991' title='bbox 3493 5406 3578 5456; x_wconf 88' lang='grc' dir='ltr'>γο-</span> 
     </span>
    </p>
   </div>
   <div class='ocr_carea' id='block_1_129' title="bbox 1991 5471 3575 5545">
    <p class='ocr_par' dir='ltr' id='par_1_129' title="bbox 1991 5471 3575 5545">
     <span class='ocr_line' id='line_1_129' title="bbox 1991 5471 3575 5545; baseline 0.008 -23"><span class='ocrx_word' id='word_1_992' title='bbox 1991 5474 2107 5538; x_wconf 79' lang='grc' dir='ltr'>νὰς,</span> <span class='ocrx_word' id='word_1_993' title='bbox 2139 5475 2172 5543; x_wconf 87' lang='grc' dir='ltr'>ή</span> <span class='ocrx_word' id='word_1_994' title='bbox 2207 5473 2483 5545; x_wconf 82' lang='grc' dir='ltr'>προσευχὴ</span> <span class='ocrx_word' id='word_1_995' title='bbox 2505 5475 2742 5542; x_wconf 72' lang='grc' dir='ltr'>φανεῖσα</span> <span class='ocrx_word' id='word_1_996' title='bbox 2756 5474 2965 5544; x_wconf 90' lang='grc' dir='ltr'>ταχέως</span> <span class='ocrx_word' id='word_1_997' title='bbox 2990 5471 3352 5542; x_wconf 84' lang='grc' dir='ltr'>ἐπανώρθωσε</span> <span class='ocrx_word' id='word_1_998' title='bbox 3381 5473 3442 5525; x_wconf 89' lang='grc' dir='ltr'>τὸ</span> <span class='ocrx_word' id='word_1_999' title='bbox 3473 5473 3575 5543; x_wconf 75' lang='grc' dir='ltr'>τῆς</span> 
     </span>
    </p>
   </div>
   <div class='ocr_carea' id='block_1_130' title="bbox 1993 5556 3576 5628">
    <p class='ocr_par' dir='ltr' id='par_1_130' title="bbox 1993 5556 3576 5628">
     <span class='ocr_line' id='line_1_130' title="bbox 1993 5556 3576 5628; baseline 0 -18"><span class='ocrx_word' id='word_1_1000' title='bbox 1993 5557 2209 5627; x_wconf 88' lang='grc' dir='ltr'>φύσεως</span> <span class='ocrx_word' id='word_1_1001' title='bbox 2246 5557 2556 5626; x_wconf 86' lang='grc' dir='ltr'>ἐλάττωμα.</span> <span class='ocrx_word' id='word_1_1002' title='bbox 2592 5556 2848 5620; x_wconf 88' lang='grc' dir='ltr'>Τοιοῦτος</span> <span class='ocrx_word' id='word_1_1003' title='bbox 2892 5556 2994 5626; x_wconf 90' lang='grc' dir='ltr'>τῆς</span> <span class='ocrx_word' id='word_1_1004' title='bbox 3028 5556 3336 5626; x_wconf 88' lang='grc' dir='ltr'>προσευχῆς</span> <span class='ocrx_word' id='word_1_1005' title='bbox 3370 5557 3398 5608; x_wconf 87' lang='grc' dir='ltr'>ό</span> <span class='ocrx_word' id='word_1_1006' title='bbox 3444 5574 3576 5628; x_wconf 86' lang='grc' dir='ltr'>καρ-</span> 
     </span>
    </p>
   </div>
   <div class='ocr_carea' id='block_1_131' title="bbox 1993 5641 3574 5712">
    <p class='ocr_par' dir='ltr' id='par_1_131' title="bbox 1993 5641 3574 5712">
     <span class='ocr_line' id='line_1_131' title="bbox 1993 5641 3574 5712; baseline 0.001 -17"><span class='ocrx_word' id='word_1_1007' title='bbox 1993 5641 2113 5708; x_wconf 74' lang='grc' dir='ltr'>πὸς,</span> <span class='ocrx_word' id='word_1_1008' title='bbox 2151 5641 2389 5695; x_wconf 86' lang='grc' dir='ltr'>τοιοῦτον</span> <span class='ocrx_word' id='word_1_1009' title='bbox 2430 5642 2788 5712; x_wconf 81' lang='grc' dir='ltr'>ἐφύτευσενή</span> <span class='ocrx_word' id='word_1_1010' title='bbox 2825 5641 3102 5712; x_wconf 86' lang='grc' dir='ltr'>προσευχὴ</span> <span class='ocrx_word' id='word_1_1011' title='bbox 3145 5641 3446 5711; x_wconf 76' lang='grc' dir='ltr'>προφήτην.</span> <span class='ocrx_word' id='word_1_1012' title='bbox 3494 5641 3574 5698; x_wconf 87' lang='grc' dir='ltr'>Δι’</span> 
     </span>
    </p>
   </div>
   <div class='ocr_carea' id='block_1_132' title="bbox 2054 5767 2892 5830">
    <p class='ocr_par' dir='ltr' id='par_1_132' title="bbox 2054 5767 2892 5830">
     <span class='ocr_line' id='line_1_132' title="bbox 2054 5767 2892 5830; baseline -0.002 -12"><span class='ocrx_word' id='word_1_1013' title='bbox 2054 5769 2081 5809; x_wconf 73' lang='lat' dir='ltr'><strong>d</strong></span> <span class='ocrx_word' id='word_1_1014' title='bbox 2101 5768 2236 5818; x_wconf 72' lang='lat' dir='ltr'><strong>Colb:</strong></span> <span class='ocrx_word' id='word_1_1015' title='bbox 2257 5769 2362 5817; x_wconf 86' lang='grc' dir='ltr'>καθ’</span> <span class='ocrx_word' id='word_1_1016' title='bbox 2386 5769 2566 5830; x_wconf 72' lang='grc' dir='ltr'>ἑαυτῶν</span> <span class='ocrx_word' id='word_1_1017' title='bbox 2589 5767 2892 5830; x_wconf 84' lang='grc' dir='ltr'>διεγείρομεν.</span> 
     </span>
    </p>
   </div>
   <div class='ocr_carea' id='block_1_133' title="bbox 2059 5829 3011 5894">
    <p class='ocr_par' dir='ltr' id='par_1_133' title="bbox 2059 5829 3011 5894">
     <span class='ocr_line' id='line_1_133' title="bbox 2059 5829 3011 5894; baseline 0.002 -16"><span class='ocrx_word' id='word_1_1018' title='bbox 2059 5834 2082 5860; x_wconf 72' lang='grc' dir='ltr'>θ</span> <span class='ocrx_word' id='word_1_1019' title='bbox 2107 5831 2279 5894; x_wconf 74' lang='grc' dir='ltr'>Ψυχῆς</span> <span class='ocrx_word' id='word_1_1020' title='bbox 2297 5831 2442 5880; x_wconf 70' lang='lat' dir='ltr'>deest</span> <span class='ocrx_word' id='word_1_1021' title='bbox 2465 5829 2514 5878; x_wconf 87' lang='lat' dir='ltr'><strong>in</strong></span> <span class='ocrx_word' id='word_1_1022' title='bbox 2544 5829 2680 5880; x_wconf 73' lang='lat' dir='ltr'>Colb;</span> <span class='ocrx_word' id='word_1_1023' title='bbox 2711 5829 2763 5880; x_wconf 68' lang='grc' dir='ltr'>ει</span> <span class='ocrx_word' id='word_1_1024' title='bbox 2787 5829 2834 5880; x_wconf 79' lang='grc' dir='ltr'>ιιι</span> <span class='ocrx_word' id='word_1_1025' title='bbox 2859 5831 3011 5882; x_wconf 66' lang='grc' dir='ltr'>δαινὶι.</span> 
     </span>
    </p>
   </div>
  </div>
