4124 6486
361 470 463 527 783

351 587 480 641 εωιο
508 585 722 641 Samuel
743 584 914 646 factus
936 598 1039 657 est,
1067 603 1188 644 cum
1216 590 1529 660 angelorum
1550 600 1793 646 naturam
1820 591 1947 647 imi-

353 680 515 736 tando
535 696 696 752 supra
718 683 982 739 humanas
996 684 1137 740 vires
1153 685 1501 755 expresserit.
1517 684 1763 756 Oportuit
1776 684 1944 755 enim,

350 772 561 842 opinor,
594 784 652 844 ut
675 773 741 839 is,
765 782 1035 846 tamquam
1060 776 1206 846 Spica
1232 776 1475 846 quaedam
1502 778 1826 848 precationis
1853 793 1950 833 ex-

352 862 589 930 sisteret,
616 865 828 919 emteris
852 873 1047 922 virtute
1092 881 1409 936 morumque
1454 867 1758 939 integritate
1805 882 1951 938 prm-

349 955 604 1021 stantior;
648 971 822 1027 eoque
864 959 1067 1014 sanctis
1109 958 1439 1025 hominibus,
1468 961 1558 1031 qui
1600 960 1749 1016 illum
1791 969 1951 1017 aetate

351 1059 762 1118 mmorant,
793 1051 1046 1121 superior
1081 1062 1246 1119 esset,
1278 1068 1383 1125 quo
1410 1054 1579 1123 magis
1602 1053 1653 1107 in
1682 1052 1951 1125 segetibus

349 1140 596 1208 qumdam
623 1140 908 1196 uberrima:
932 1142 1093 1214 spica:
1124 1152 1282 1215 atque
1306 1144 1582 1215 altissima“:
1608 1146 1784 1201 solent
1812 1145 1953 1202 inter

350 1241 576 1287 caeteras
601 1234 858 1289 eminere.
890 1234 1001 1290 [lac
1029 1236 1196 1293 David
1245 1247 1323 1293 tot
1364 1253 1429 1293 ac
1461 1248 1604 1295 tanta
1649 1239 1787 1295 bella
1827 1253 1953 1310 pro-

353 1322 606 1391 pulsavit,
634 1338 739 1379 non
765 1340 1037 1381 armorum
1063 1330 1321 1400 strepitu,
1355 1344 1460 1384 non
1499 1330 1773 1386 hastarum
1817 1345 1950 1387 con-

350 1414 520 1482 flictu,
550 1432 658 1472 non
702 1418 889 1474 stricto
928 1419 1125 1491 gladio,
1171 1423 1265 1478 sed
1305 1425 1672 1494 precationum
1700 1424 1954 1494 praesidio

352 1510 756 1567 communitus:
790 1510 889 1567 hac
933 1510 1192 1569 Ezechias
1235 1514 1517 1570 Persarum
1552 1516 1953 1573 multitudinem

352 1600 599 1655 celeriter
642 1611 801 1657 verttt
835 1603 890 1657 in
910 1601 1087 1674 fugam
1109 1606 1188 1674 (4.
1216 1604 1345 1672 Reg.
1374 1603 1486 1679 l8).
1518 1606 1583 1662 Et
1609 1606 1684 1661 illi
1730 1607 1946 1677 quidem

352 1688 422 1744 ad
451 1690 740 1745 evertenda
786 1692 984 1748 mtenia
1008 1693 1285 1750 machinas
1312 1695 1659 1764 adhibebant,
1688 1697 1803 1768 ipse
1831 1712 1957 1753 vero

354 1783 607 1852 precibus
662 1787 861 1841 mmnia
901 1787 1176 1842 muniebat
1220 1806 1235 1843 :
1283 1788 1462 1860 itaque
1508 1790 1830 1845 exstinctum
1871 1800 1955 1846 est

356 1874 560 1930 bellum
606 1876 934 1946 precatione,
958 1893 1064 1933 non
1104 1879 1290 1946 armis,
1337 1894 1444 1934 non
1492 1881 1635 1935 tuhre
1682 1881 1954 1951 clangore,

360 1969 601 2023 exercitu
646 1970 1081 2039 conquiescente,
1111 1981 1249 2026 terra
1295 1971 1554 2044 sanguine
1582 1988 1686 2027 non
1716 1988 1954 2044 aSpersa,

357 2060 603 2117 hostibus
630 2076 732 2116 una
758 2063 1061 2132 precatione
1078 2065 1398 2133 perterritis.
1435 2065 1679 2121 Precatio
1694 2065 1960 2122 Ninivitas

326 2152 520 2208 .etiam
562 2154 933 2219 conservavit,
960 2168 993 2209 e
1019 2154 1153 2211 creto
1198 2157 1518 2212 concitatam
1570 2159 1700 2212 iram
1740 2168 1959 2227 repente

355 2243 585 2309 sedavit,
627 2243 969 2313 depravatam
995 2246 1207 2302 vivendi
1252 2248 1515 2304 rationem
1555 2250 1732 2304 subito
1780 2265 1959 2305 corre-

355 2336 459 2391 xit.
512 2335 741 2391 Tantum
791 2338 934 2393 enim
981 2340 1215 2407 precatio
1262 2341 1428 2407 valet,
1471 2350 1668 2395 utrum
1712 2341 1955 2409 turpissi-

384 2488 3313 2521 mm

1209 476 1276 534 IN
1311 478 1688 538 ORACULUM
1726 480 2099 541 ZACIIARIA'I
2139 487 2528 559 REDDITUM,
2567 491 2719 550 ETC.

3548 503 3651 556 706

2057 613 2199 654 mam
2244 608 2301 657 et
2339 602 2788 673 improbissimum
2833 607 2997 664 vitam
3037 605 3292 667 Ninivitte
3334 611 3653 684 duxissent,

2057 703 2121 746 ea
2159 699 2341 750 tamen
2386 696 2441 750 in
2474 696 2745 754 civitatem
2793 699 3033 772 ingressa
3063 708 3242 758 omnia
3262 708 3604 760 commutarit
3632 726 3646 761 :

2061 785 2469 854 temperantiam
2492 826 2512 856 ,
2547 787 2806 857 justitiam
2828 831 2845 858 ,
2891 792 3178 847 amicitiam
3203 833 3222 861 ,
3269 795 3613 850 concordiam
3635 837 3653 860 .

2056 884 2365 949 pauperum
2397 880 2809 950 providentiam,
2855 886 3142 957 omniaque
3185 886 3326 943 bona
3368 887 3528 943 simul
3569 903 3655 943 at-

2061 967 2261 1024 tulerit.
2289 969 2423 1027 Nam
2452 973 2900 1043 quemadmodum
2937 977 3120 1046 regina
3158 977 3420 1048 quaepiam
3468 978 3656 1035 urbem

2061 1060 2298 1131 ingressa
2321 1103 2340 1131 ,
2394 1078 2584 1120 omnes
2623 1065 2677 1121 in
2720 1081 2839 1122 eam
2877 1066 3078 1122 divitiae
3117 1068 3391 1124 confluant
3436 1084 3660 1125 necesse

2062 1160 2146 1207 est
2186 1169 2201 1207 :
2246 1153 2327 1209 sic
2370 1155 2461 1211 ubi
2507 1158 2743 1228 precatio
2783 1157 2835 1212 in
2883 1159 3121 1213 animum
3180 1160 3348 1215 semel
3410 1160 3656 1223 intrarit,

2062 1244 2289 1301 virtutes
2332 1261 2451 1301 eam
2492 1262 2682 1304 omnes
2722 1251 3070 1305 comitantur.
3119 1248 3274 1318 Quod
3314 1250 3458 1306 enim
3494 1259 3578 1305 est
3606 1250 3656 1304 in

2063 1333 2256 1392 domus
2279 1336 2504 1393 aedilleio
2539 1338 2960 1407 fundamentum,
2986 1336 3039 1396 id
3060 1349 3142 1396 est
3167 1343 3219 1395 in
3242 1342 3425 1397 animo
3467 1356 3657 1410 preca-

2065 1427 2159 1482 tio.
2192 1427 2374 1499 itaque
2400 1444 2499 1484 nos
2523 1443 2712 1486 omnes
2740 1429 2840 1486 hac
2880 1432 3132 1501 primum,
3158 1441 3428 1504 tamquam
3455 1431 3573 1488 basi
3598 1446 3663 1485 ac

2065 1520 2430 1586 fundamento,
2459 1523 2511 1577 in
2537 1525 2717 1578 animo
2741 1526 3019 1593 collocata,
3041 1537 3262 1583 strenue
3288 1535 3504 1597 oportet
3526 1525 3663 1581 tedi-

2066 1616 2248 1682 llcare,
2269 1617 2696 1685 temperantiam,
2716 1618 3198 1683 mansuetudinem,
3217 1618 3501 1689 justitiam,
3527 1634 3661 1687 pau-

2067 1721 2254 1776 perum
2304 1707 2715 1777 providentiam,
2745 1707 3050 1779 Christique
3085 1708 3231 1779 leges
3262 1709 3665 1763 univvrsas'im-

2069 1812 2268 1868 ponere
2294 1798 2375 1870 (a)
2401 1798 2485 1872 [ut
2512 1808 2586 1866 et,
2626 1801 2778 1868 juxta
2800 1814 2893 1855 eas
2918 1800 3159 1855 moribus
3204 1801 3479 1865 institutis,
3522 1800 3664 1853 bona

2067 1890 2300 1945 caelestia
2348 1892 2707 1959 obtineamus,
2757 1893 2925 1963 gratia
2970 1901 3025 1948 et
3068 1893 3433 1949 mtsericordia
3458 1892 3667 1947 Domini

2069 1983 2240 2038 nostri
2281 1982 2409 2039 Iesu
2447 1983 2711 2057 Christi],
2757 1999 2854 2055 per
2899 2000 3058 2055 quem
3098 1996 3154 2040 et
3212 2000 3336 2041 cum
3376 2000 3483 2056 quo
3524 1984 3667 2039 Patri

2068 2088 2190 2128 cum
2229 2084 2415 2130 sancto
2462 2075 2662 2145 Spiritu
2706 2076 2873 2146 gloria
2900 2084 2956 2132 et
2982 2076 3288 2148 imperium,
3335 2091 3432 2147 per
3474 2076 3667 2131 secula

2070 2167 2411 2222 smculorum.
2441 2168 2632 2223 Amen.

2139 2346 2215 2412 (ιι)
2248 2356 2362 2408 Qua:
2385 2348 2574 2398 uncinis
2593 2345 2885 2397 clauduntur
2906 2357 2936 2395 e
2953 2344 3126 2396 Savllio
3140 2346 3368 2397 restituta
3386 2352 3517 2395 sunt.

3381 2500 3591 2509 αρ’-...ο

3390 2515 3407 2520 ο
3436 2513 3630 2524 ...Α-μισ...

1591 2586 2401 2837 SPU_RIA.

1074 2915 1149 2975 ΙΝ
1202 2914 1616 2977 HOMILIAM
1641 2915 1738 2976 DE
1763 2917 1975 2978 ORAC

2083 2920 2146 2979 ,Ο
2175 2920 2604 2981 ZACHARLE
2637 2922 2683 2980 Β
2698 2923 3018 2983 EDDITO.

386 3013 760 3092 anjoluerem
798 3015 1034 3092 humana
1052 3017 1231 3092 forma
1258 3017 1582 3092 prtettitam‘i
1603 3017 1691 3072 Ita
1730 3028 1943 3092 postea__
1967 3020 2223 3092 loquutus
2250 3030 2327 3073 est
2371 3020 2572 3076 Hatnil.
2604 3022 2669 3076 de
2722 3021 3018 3077 Publicano
3046 3033 3095 3078 et
3144 3022 3443 3086 Pharisaeo,
3471 3024 3658 3092 θηρίον

384 3082 878 3165 ἁνθρωπέμορφον.
907 3084 1061 3165 Quod
1087 3082 1426 3165 autem-dixit
1454 3082 1762 3165 ppuloante
1793 3082 2417 3165 sterilemipeperisse,ut
2445 3094 2705 3165 peperisse
2722 3096 2864 3165 virgo
2898 3095 3171 3165 credatur,
3205 3097 3280 3148 sic
3302 3082 3503 3165 quoque
3528 3082 3659 3165 'Cre—

420 3170 574 3207 ortus

706 3170 889 3227 saeuus
911 3155 1180 3227 eleganter
1204 3158 1420 3227 scripsit
1453 3157 1691 3211 Homilia
1719 3160 1777 3211 in
1817 3158 1956 3211 diem
1984 3155 2184 3212 Christi
2212 3155 2463 3224 natalem,
2508 3155 2616 3215 etc.
2648 3155 2824 3227 Quod'
2848 3174 3028 3216 autem
3083 3155 3165 3217 ait»
3186 3164 3252 3218 de
3305 3155 3659 3218 resarciendo

404 3238 512 3277 oco
538 3224 647 3304 illo
664 3223 967 3304 ἀςροὸάςεην
995 3223 1210 3304 Epopea
1234 3223 1727 3304 ἀηφλρωπόμορφργ,
1759 3244 1823 3304 εξ
1846 3243 1957 3304 uno

2083 3230 2157 3298 gio
2180 3228 2379 3304 Codice
2413 3223 2795 3293 confirmatur,
2817 3233 2912 3302 qui
2936 3233 3095 3287 habet
3122 3232 3427 3304 dispoédrcqv
3452 3233 3660 3304 δρομέα

384 3293 595 3380 πτηνὸν
624 3293 1114 3378 ἀνῼρωπόξιὸρεξὸγζ
1150 3293 1415 3379 liontilias
1454 3293 1762 3380 porroillas
1793 3298 1975 3352 Latina

2083 3293 2187 3367 inte
2221 3299 2406 3380 Grmce
2448 3317 2553 3354 non
2598 3293 2850 3380 exstant;
2876 3318 3106 3380 qumque
3132 3293 3510 3380 Chrysosiomi
3553 3293 3659 3356 no-

386 3379 515 3457 nreu
546 3369 662 3421 sive
694 3369 819 3457 jure
856 3369 973 3420 sive
1014 3369 1214 3436 injuria
1241 3369 1659 3433 circumferunt,
1701 3369 1757 3423 in
1796 3369 2152 3438 sequentibus
2190 3371 2353 3424 tomis
2382 3384 2483 3425 suo
2521 3381 2787 3440 quantum
2816 3369 2907 3426 fas
2944 3369 3049 3427 erit
3094 3373 3212 3428 loco
3234 3369 3473 3429 edendas
3501 3387 3658 3426 ettra-

384 3434 851 3573 lu[iit‘iirprctatio
886 3503 1079 3559 Latina
1119 3517 1202 3561 est
1233 3505 1525 3562 Frontonis
1550 3505 1754 3562 Dncmi.

774 3768 837 3811 IN
881 3768 1226 3811 eumeum
1270 3767 1606 3812 uenarum
1652 3767 2010 3823 REDDtTUM,
2057 3768 2137 3810 ετ
2180 3767 2243 3809 ιιι
2290 3765 2779 3811 coscsntoxnat
2827 3764 3132 3808 ELlSABET
3177 3745 3290 3825 (a).

446 3871 593 3943 Nihil
627 3871 919 3943 Dominicis
946 3872 1150 3943 legibus
1189 3886 1295 3926 non
1327 3870 1623 3941 subjectum
1645 3880 1729 3927 est
1756 3888 1769 3926 :
1794 3872 1974 3925 omnia

369 3942 645 4014 siquidem
714 3941 904 3997 divino
988 3941 1257 4013 praecepto
1331 3943 1529 3997 cedunt
1585 3951 1640 3997 et
1720 3944 1980 4014 serviunt.

376 4014 707 4083 Praeceptum
742 4015 923 4084 enim,
980 4014 1171 4082 inquit,
1220 4014 1404 4084 posuit,
1462 4022 1509 4067 et
1559 4029 1662 4067 non
1711 4013 1985 4084 praeteribit

374 4082 572 4157 (Paul.
596 4085 718 4137 H8.
754 4082 811 4156 6)
844 4103 857 4138 :
890 4085 978 4154 qui
1010 4086 1152 4139 enim
1186 4082 1450 4157 principio
1490 4082 1768 4138 constituit
1801 4084 1984 4157 omnia

376 4154 574 4220 verho,
603 4162 779 4223 potest
792 4154 857 4209 et
884 4170 1075 4210 rursus
1112 4170 1274 4225 opera
1302 4154 1662 4224 ﬁgmentaque
1691 4169 1785 4209 sua
1816 4154 1986 4209 verbo

378 4234 771 4281 transmutare.
820 4226 963 4280 Dixit
988 4226 1115 4280 olim
1142 4234 1201 4280 ut
1244 4227 1400 4295 aquis
1427 4226 1640 4295 penitus
1664 4240 1858 4281 carens
1886 4239 1988 4295 pe-

380 4310 470 4352 tra
517 4296 716 4365 irrigua
762 4296 948 4361 ﬁeret;
977 4296 1067 4366 illa
1114 4311 1243 4352 vero
1285 4294 1463 4351 subito
1490 4294 1681 4350 fluvios
1720 4294 1983 4366 aquarum

377 4375 595 4423 eructat
626 4366 819 4438 (Exod.
855 4368 969 4433 17).
1005 4365 1262 4422 Percussit
1290 4367 1433 4422 enim
1472 4376 1704 4438 petram,
1730 4365 1797 4438 et;
1820 4368 1989 4438 fluxe-

377 4446 507 4493 runt
533 4435 697 4507 aqum,
739 4447 786 4490 et
811 4437 1030 4508 ﬂumina
1057 4438 1431 4492 inundaverant
1458 4435 1629 4506 (Psal.
1656 4436 1746 4492 77.
1772 4435 1904 4508 20),:
1930 4445 1987 4491 ct

459 4518 544 4562 tra
572 4523 693 4577 qum
723 4507 872 4577 prius
910 4508 1058 4563 arida
1092 4517 1209 4564 erat
1241 4517 1296 4563 et
1323 4522 1520 4578 expers
1542 4523 1824 4576 aquarum,
1848 4507 1989 4578 fons

459 4524 544 4562 tra
572 4524 693 4577 qum
723 4524 872 4577 prtus
910 4524 1058 4563 artua
1092 4524 1209 4564 erat
1241 4524 1296 4563 et
1323 4524 1520 4578 expers
1542 4524 1824 4576 aquarum,
1868 4524 1987 4562 IOIIS

380 4524 673 4651 agminum
722 4587 792 4651 et
814 4594 1072 4651 aquarum
1101 4588 1272 4634 mater
1298 4588 1381 4651 est
1422 4580 1557 4651 facta
1585 4579 1737 4650 (lsai.
1768 4579 1859 4634 55.
1890 4576 1944 4651 7)
1971 4595 1987 4633 :

385 4648 527 4705 nihil
555 4650 754 4717 quippe
783 4648 1150 4717 infecundum,
1195 4666 1318 4705 cum
1359 4648 1736 4706 fecunditatem
1764 4648 1993 4720 imperat

387 4720 595 4775 Deus‘.
628 4720 730 4787 Qui
760 4728 870 4775 tum
917 4721 1076 4789 igitur
1105 4720 1442 4775 infecundam
1475 4729 1680 4791 petram
1726 4721 1993 4776 convertit

388 4794 448 4845 in
478 4800 750 4860 stagnum,
786 4806 938 4862 nunc
961 4806 1174 4862 quoque
1220 4792 1461 4862 sterilem
1507 4791 1831 4862 Elisahetam
1876 4805 1993 4860 pro-

386 4859 714 4915 creatricem
742 4859 1030 4917 liberorum
1060 4859 1286 4917 matrem
1316 4861 1429 4915 fieri
1456 4862 1638 4929 jussit,
1666 4871 1722 4917 et
1747 4859 1994 4916 infecun-

388 4932 520 4987 tiam
546 4930 785 4986 reddidit
814 4932 1119 4998 fecundam,
1142 4942 1197 4989 et
1221 4940 1499 4988 senectute
1519 4930 1816 4988 confectam
1840 4932 1994 5003 quasi

388 5015 593 5074 recens
620 5012 841 5071 nuptam
875 5004 1128 5071 puellam.
1176 5006 1293 5072 Quo
1324 5012 1566 5074 tempore
1593 5004 1661 5058 ad
1687 5004 1995 5074 sepulcrum

393 5072 715 5141 urgebatttr,
754 5087 820 5126 eo
844 5081 1091 5143 tempore
1121 5076 1187 5129 ad
1226 5072 1540 5145 pariendum
1568 5072 1995 5143 diSpOnehatur:

390 5158 506 5213 quo
535 5151 779 5215 tempore
814 5153 1092 5199 senectute
1133 5160 1328 5215 corpus
1361 5154 1720 5211 cmarcuerat,
1768 5160 1834 5199 ρο
1861 5153 1999 5199 tem-

396 5227 532 5283 pore
571 5213 711 5267 Deus
737 5221 946 5268 uterum
971 5214 1089 5282 ejus
1113 5213 1393 5270 renovavit
1418 5232 1433 5271 :
1461 5216 1533 5269 ita
1560 5216 1701 5283 quod
1728 5216 1818 5270 illa
1853 5225 1995 5269 tem-

396 5283 549 5352 poris
580 5283 773 5355 injuria
804 5285 1077 5349 amiserat,
1126 5285 1387 5342 beneﬁcio
1414 5284 1722 5340 Conditoris
1750 5286 1956 5355 recepit
1983 5300 2000 5351 ;

394 5354 629 5439 etquod
664 5355 1286 5439 juventnsdperdiderat,
1318 5371 1349 5410 a
1397 5367 1676 5439 senectute
1718 5354 2003 5439 repeteba-

396 5432 492 5477 tur
521 5440 555 5496 :_
566 5422 784 5496 quando
803 5422 971 5479 morti
988 5424 1098 5495 jam
1124 5428 1299 5482 vicina
1325 5437 1462 5492 erat,
1492 5435 1622 5482 tunc
1651 5422 1803 5496 pueri
1830 5437 2004 5481 mater

397 5493 812 5568 x'lil‘elhbawl';
841 5503 898 5551 et
918 5493 1044 5568 Quae
1069 5502 1204 5568 aviae
1248 5508 1457 5567 tempus
1483 5493 1827 5568 supergressa
1857 5506 2000 5562 erat,

402 5562 478 5616 ad
510 5573 810 5619 maternam
850 5562 1266 5622 sollicitudinem
1295 5562 1564 5623 devoluta
1582 5562 1673 5622 est
1691 5585 1705 5621 :
1737 5568 1996 5623 infantem

398 5633 475 5709 in_
487 5634 625 5709 ulnis
651 5635 1065 5709 gestabat,_quce
1094 5639 1332 5709 scipione
1368 5653 1481 5709 prie
1526 5639 1691 5694 nimia
1719 5644 2007 5695 senectute

399 5700 477 5757 ad
510 5700 779 5761 incessum
820 5700 1138 5778 indigebat:
1168 5700 1582 5782 primogenitum
1621 5724 1757 5765 anus
1801 5724 2001 5780 puern-

475 5860 492 5892 ί
514 5868 596 5935 ita
617 5868 735 5935 Reg.
762 5860 828 5914 At
849 5862 992 5935 Edim
1023 5861 1149 5935 nihil
1167 5864 1295 5935 enim
1314 5863 1484 5917 inutile
1506 5872 1590 5917 aut
1616 5866 1929 5931 infecundum
1954 5864 2006 5917 in

388 5921 480 5972 eis
497 5934 605 5983 eum
627 5937 659 5973 a
686 5921 783 5975 beo
800 5921 1026 5977 orditutta
1038 5934 1171 5983 sum,
1198 5929 1359 5978 minus
1377 5935 1537 5979 recte.

475 5985 547 6045 (a)
580 5983 759 6036 Coilata
781 6000 890 6061 cum
913 5989 1055 6038 Codd.
1076 5997 1225 6052 ηυδε.
1254 5989 1373 6040 1852
1395 5998 1448 6041 et
1467 5990 1605 6042 2345.

2086 3872 2195 3926 lum
2228 3871 2490 3927 tractabat
2528 3889 2542 3926 :
2572 3870 2877 3942 sterilisque
2904 3879 3101 3940 praeter
3139 3869 3447 3942 opinionem
3483 3882 3546 3924 ac
3572 3872 3680 3942 mi-

2089 3944 2332 3998 rabiliter
2370 3942 2573 4013 genuit,
2604 3954 2665 3997 ttt
2711 3941 2910 4013 praeter
2946 3947 3191 3995 naturam
3221 3941 3504 4013 peperisse
3531 3941 3683 4013 virgo

2088 4010 2691 4082 credaturIUtrumque
2713 4010 2917 4068 'novutn
2944 4021 3028 4066 est
3065 4019 3122 4065 et
3164 4010 3447 4082 mirabile:
3483 4012 3682 4065 sterilis

2087 4086 2231 4141 enim
2261 4095 2318 4140 et
2338 4085 2489 4154 virgo
2510 4080 2889 4154 inexspectata:
2913 4093 3037 4154 sunt
3064 4090 3283 4137 matres.
3309 4080 3684 4154 Hujusautem

2088 4165 2275 4225 partus
2304 4151 2569 4210 mirabilis
2599 4151 2879 4209 Zachariae
2904 4153 3249 4225 senimissus
3281 4151 3562 4225 estindex
3595 4167 3682 4225 ar-

2087 4222 2381 4296 cltangelns
2413 4225 2631 4282 Gabriel
2656 4234 2930 4296 gietstans
2957 4239 2985 4277 a
3016 4223 3223 4278 dextris
3249 4222 3433 4296 altaris
3460 4222 3684 4296 incensi,

2088 4293 2336 4367 apparuit
2383 4297 2457 4351 illi
2488 4313 2502 4349 :
2536 4296 2604 4351 Et
2647 4295 2949 4361 Zacharias,
2998 4295 3192 4367 inquit,
3226 4293 3455 4367 turbatus
3476 4302 3588 4367 Aest_
3607 4295 3688 4367 pi-

2087 4362 2247 4433 dens;
2287 4378 2334 4422 et
2380 4369 2530 4422 timor
2573 4368 2720 4420 irruit
2765 4383 2917 4435 super
2959 4362 3081 4420 eum
3122 4363 3275 4433 (Luc.
3335 4365 3384 4418 i.
3432 4364 3520 4418 Η.
3570 4362 3684 4435 l2).

2087 4438 2233 4493 Viuit
2260 4454 2490 4509 namque
2511 4438 2653 4509 quod
2686 4451 2973 4509 numquam
2993 4435 3231 4509 Aviderat,‘
3256 4435 3433 4509 ignem
3464 4435 3686 4509 loquen-

2088 4518 2218 4575 tem,
2246 4505 2621 4579 incorporeum
2652 4505 2961 4579 hominem,
2992 4505 3381 4579 intractabilem
3414 4506 3647 4579 speciem
3671 4546 3687 4568 ,

2088 4576 2449 4651 Spectaculum
2471 4580 2602 4634 nulli
2627 4578 3032 4643 conferendum,
3051 4576 3222 4651 visum
3245 4576 3687 4651 incomparabile.

2091 4647 2188 4721 per
2214 4667 2392 4707 aerem
2435 4652 2775 4721 incedentem
2812 4661 3108 4721 cursorem,
3138 4647 3409 4721 volucrem
3461 4647 3692 4701 humana

2090 4716 2364 4793 praeditam
2406 4722 2621 4793 forma;
2646 4729 2701 4775 et
2733 4718 2989 4793 Turbatus
3016 4726 3090 4793 est
3112 4717 3306 4793 videns.
3345 4716 3486 4793 Cum
3511 4727 3692 4793 autem

2091 4787 2211 4848 eum
2256 4795 2519 4849 turbatum
2544 4792 2751 4846 videret
2778 4789 3020 4860 angelus,
3040 4787 3290 4856 jucundis
3320 4787 3595 4856 promissis
3625 4790 3694 4841 ti-

2092 4880 2295 4920 morem
2321 4866 2465 4936 fugat
2496 4880 2510 4916 :
2542 4863 2626 4918 Ne
2651 4859 3154 4936 timeas,ZacItaria,
3185 4860 3427 4936 quoniam
3447 4860 3689 4936 exaudita

2092 4945 2165 4989 est
2189 4929 2476 5005 deprecatio
2508 4944 2595 4988 tua
2622 4942 2707 4988 :et
2751 4948 2884 5005 uxor
2925 4940 3012 5005 tua
3054 4929 3282 4984 Elisabet
3310 4930 3473 5005 pariet
3514 4930 3604 5005 tibi
3628 4931 3691 4997 ,6-

2094 4999 2318 5071 liump'et
2346 5005 2545 5061 vocabis
2574 5020 2755 5059 nomen
2793 5003 2908 5075 ejus
2926 4999 3182 5075 Joannem
3205 5018 3225 5058 .'
3250 5009 3298 5075 et
3328 5002 3424 5054 erit.
3448 5001 3691 5075 gaudium

2094 5077 2183 5131 tibi
2211 5070 2256 5131 et
2280 5077 2554 5132 exsultatio
2581 5092 2600 5130 :
2619 5086 2667 5129 et
2693 5070 2841 5128 multi
2865 5074 2918 5127 in
2948 5072 3209 5126 nativitate
3243 5073 3355 5142 ejus
3381 5070 3695 5142 gaudebunt.

2098 5147 2182 5201 Ne
2197 5148 2390 5210 timeas,
2434 5147 2686 5219 Zacharia
2706 5143 2853 5219 (Luc.
2875 5144 3046 5219 1.15.
3066 5144 3154 5219 14)
3183 5159 3324 5198 :non
3357 5153 3414 5197 ut
3444 5142 3691 5219 timgreut

2098 5220 2350 5274 incutiam
2373 5220 2515 5281 veni.
2539 5218 2631 5274 sed
2649 5211 2827 5287 ga'ndii
2853 5213 2948 5287 tibi
2978 5211 3252 5287 nuntiatur
3281 5211 3511 5287 accessi.
3531 5211 3695 5281 Cujus

2097 5290 2314 5344 tandem
2340 5290 2557 5358 gaudii?
2590 5281 2734 5358 Umor
2763 5297 2851 5341 tua
2874 5284 3100 5358 Elisabet
3128 5285 3289 5357 pariet
3319 5281 3694 5358 tibi_ﬁliuut,_rt

2096 5362 2299 5434 pocabis
2328 5352 2523 5434 nomen
2540 5362 2649 5434 ejus
2673 5357 2929 5434 Joannem
2953 5372 2973 5434 ς
3003 5356 3088 5411 hic
3120 5352 3386 5434 tamquam
3415 5352 3601 5407 lucifer
3629 5352 3695 5434 il-

2099 5432 2338 5486 luccscet
2365 5426 2586 5496 mundo',
2616 5440 2670 5486 et
2708 5428 3021 5499 ignorantim
3047 5427 3297 5482 tenebras
3332 5435 3554 5499 evocato
3582 5426 3695 5477 sole

2096 5502 2315 5573 justititc
2359 5502 2639 5573 dissipabit
2671 5520 2683 5555 :
2713 5496 2813 5568 Qui
2838 5499 2980 5553 enim
3023 5506 3135 5573 post
3174 5513 3255 5551 me
3281 5496 3448 5573 venit,
3474 5505 3590 5548 ante
3619 5512 3697 5573 me

2101 5566 2281 5645 'factus
2303 5583 2411 5640 est;
2442 5566 2589 5645 cujus
2617 5566 2852 5645 ego—uati
2892 5566 3032 5645 sum;
3055 5570 3236 5645 dignus
3274 5574 3331 5645 ιιι
3369 5566 3564 5621 solvam
3587 5569 3698 5645 ejtts

2096 5629 2369 5715 corrigiam
2390 5629 2757 5715 ὀαιὲεαηιὲῖιιζ
2774 5641 2963 5715 (Μαι-ρ.
3001 5629 3257 5715 μᾶλὲι
3297 5629 3692 5715 ipseprtccf'det

2101 5715 2156 5769 in
2197 5709 2381 5783 spiritu
2402 5723 2450 5770 et
2489 5716 2671 5770 virtute
2710 5709 2844 5768 Elite
2877 5710 3027 5780 (Luc.
3065 5709 3124 5769 ἐξ
3158 5711 3270 5782 £7).
3300 5709 3532 5783 Spiritus
3570 5709 3698 5783 Elia:

2104 5778 2361 5841 habitavit
2388 5787 2548 5840 etiam
2577 5796 2630 5841 et
2652 5788 2703 5840 in
2733 5778 2976 5840 Joanne:
3006 5778 3442 5853 Spiritus'quippe
3463 5778 3697 5853 prophe-

2106 5865 2278 5927 tarmn
2325 5858 2599 5927 prophetis
2649 5854 2881 5927 subjecti
2920 5850 3083 5920 sunt;
3139 5850 3301 5927 atque
3347 5854 3408 5927 in
3449 5850 3695 5927 omnibus

2104 5926 2273 5983 ferme
2299 5918 2559 5984 Joannem
2594 5928 2720 5982 Elite
2744 5918 2973 5981 similem
2997 5918 3316 5981 invenimus.
3354 5923 3446 5996 ille
3471 5918 3692 5996 degebat

2106 5999 2158 6052 in
2204 5999 2495 6067 montibus,
2532 5999 2615 6055 hic
2665 6000 2718 6054 in
2747 5999 2960 6054 deserto
2988 5998 3296 6054 versabatur
3324 6012 3337 6050 :
3365 5994 3513 6048 illum
3546 5994 3690 6044 corvi
