4124 6446
292 377 396 432 789

290 490 410 541 [iliis
440 486 596 540 Israel
621 486 863 551 diceret,
889 483 954 538 In
980 501 1146 538 mense
1172 484 1411 550 septimo,
1440 485 1495 538 in
1511 484 1705 537 decima
1725 500 1868 538 men-

287 561 357 611 sis
377 599 392 621 ,
427 558 689 609 humiliate
714 557 911 609 animus
939 567 1128 609 vestras
1167 554 1348 626 (Leuit.
1381 556 1466 626 lli.
1494 555 1588 624 29)
1624 573 1638 608 :
1671 554 1772 609 hoc
1803 554 1871 610 de

285 627 618 696 St-etmpegia
642 627 839 681 dictum
870 635 952 680 est
985 644 999 680 :
1030 636 1138 679 tum
1168 625 1309 680 enim
1339 625 1391 679 in
1434 625 1756 695 Scenopcgia
1786 640 1873 680 se-

287 700 388 751 mel
421 699 470 750 in
502 712 643 750 anno
670 696 814 751 solus
842 697 1075 766 pontifex
1101 737 1116 757 ,
1161 705 1223 750 ut
1247 697 1540 766 incensum
1593 696 1866 762 adoleret,

262 769 338 834 ,iu
382 776 561 821 sancta
610 765 916 821 sanctorum
963 768 1210 821 intrabat.
1244 765 1299 820 ln
1342 766 1438 821 hac
1463 780 1589 835 ergo
1612 766 1869 822 solemni-

288 849 395 892 tate
422 839 771 907 Scenopegia:
799 836 1089 893 Zacharias
1112 838 1380 907 ingressus
1406 836 1554 891 estin
1584 836 1771 891 ordine
1794 838 1870 892 vi-

283 911 363 962 cis
393 924 530 970 sate,
581 916 638 962 ut
674 910 947 962 incensum
1004 919 1227 976 poneret
1273 924 1289 961 :
1334 907 1579 976 viditque
1623 908 1870 976 angelum

286 988 513 1033 stantem
543 994 572 1031 a
597 977 801 1032 dextris
828 975 1018 1032 altaris
1052 978 1287 1043 incensi;
1322 975 1388 1030 Et
1433 975 1715 1031 Zacharias
1757 988 1869 1030 tur-

286 1051 430 1102 batus
459 1058 529 1102 est
557 1049 730 1102 uidens
762 1064 779 1101 :
807 1057 854 1101 et
883 1049 1033 1101 timor
1059 1049 1205 1100 irruit
1242 1064 1390 1117 super
1423 1064 1557 1101 eum.
1592 1048 1673 1101 Ait
1702 1057 1868 1102 autent

285 1121 354 1171 ad
380 1136 488 1171 eum
516 1119 723 1189 angelus
744 1133 763 1172 :
796 1117 849 1171 N
852 1136 879 1173 e
894 1119 1069 1173 timeas
1086 1159 1101 1183 ,
1124 1118 1381 1189 Zacltaria
1396 1136 1413 1181 ;
1442 1119 1680 1189 quoniam
1709 1134 1865 1172 exau-

287 1191 392 1242 dita
420 1199 492 1243 est
531 1187 816 1259 deprecatio
840 1198 926 1243 tua
953 1206 968 1244 :
996 1199 1041 1242 et
1064 1198 1308 1259 emortua
1336 1187 1561 1243 Elisobet
1584 1189 1744 1259 pariet
1781 1189 1868 1243 tibi

285 1261 483 1328 ﬁlium,
527 1269 570 1313 et
596 1257 795 1331 siccabis
823 1276 1005 1331 nomen
1042 1261 1157 1331 ejus
1193 1257 1445 1314 Joannem
1474 1274 1493 1312 :
1538 1257 1591 1331 et:
1626 1260 1719 1313 erit
1744 1276 1870 1331 gau-

285 1332 426 1382 dium
452 1331 541 1383 tibi
559 1340 606 1383 et
631 1329 921 1392 exsultatio,
949 1340 997 1385 et
1016 1329 1162 1383 multi
1186 1331 1237 1383 in
1265 1331 1522 1383 nativitate
1546 1330 1655 1399 ejus
1679 1330 1870 1400 gaude-

287 1403 409 1453 bunt
441 1415 460 1451 :
489 1401 581 1453 erit
601 1401 733 1454 enim
756 1417 969 1470 magnus
988 1416 1158 1454 coram
1187 1400 1443 1470 Domino;
1465 1410 1511 1453 et
1541 1401 1711 1454 uinum
1735 1415 1779 1454 et
1801 1402 1872 1455 si-

282 1487 450 1524 ceram
477 1487 578 1523 non
604 1470 730 1524 bibet
753 1513 767 1535 ,
791 1469 1063 1538 et’Spiritu
1091 1480 1265 1524 sancto
1290 1469 1562 1540 replebitur
1589 1470 1756 1523 adhuc
1807 1488 1869 1526 ex

282 1553 424 1594 utero
451 1542 629 1595 matris
658 1557 783 1595 sum.
820 1540 888 1594 Et
913 1545 1021 1609 ipse
1059 1542 1304 1610 prwcedet
1334 1542 1388 1594 in
1407 1541 1589 1610 spiritu
1617 1551 1663 1595 et
1690 1543 1870 1595 uirtute

282 1610 448 1677 Elite,
471 1620 527 1664 ut
547 1621 798 1665 convertat
825 1613 981 1665 corda
1007 1621 1206 1682 patrum
1233 1611 1478 1682 inﬁlios,
1510 1621 1555 1664 et
1581 1612 1868 1682 incredulos

281 1684 349 1734 ad
388 1682 710 1753 prudentiam
739 1680 1245 1753 justoruméparare
1281 1680 1502 1736 Domino
1529 1681 1728 1753 plebem
1751 1700 1866 1751 per-

283 1756 467 1822 fectam
497 1750 649 1824 (Luc.
682 1750 971 1822 £1247).
1008 1750 1193 1824 Vidisti
1245 1753 1563 1824 promissum
1591 1751 1732 1824 quod
1752 1750 1865 1806 vir-

282 1821 450 1876 tutem
483 1821 843 1891 propheticam
870 1821 1114 1877 excedit?
1138 1822 1262 1877 llmc
1293 1822 1564 1892 prophetia
1596 1821 1868 1877 Zachariae

281 1893 513 1961 linguam
541 1895 705 1948 vinxit
743 1902 797 1947 et
822 1893 1020 1948 solvit:
1054 1893 1221 1947 vinxit
1241 1896 1419 1960 enim,
1466 1909 1586 1948 cum
1633 1896 1868 1947 cretlilus

281 1979 386 2017 non
435 1972 579 2017 esset
610 1972 821 2035 partes;
870 1965 1031 2017 solvit
1059 1973 1235 2035 autem
1284 1964 1461 2035 illam,
1513 1980 1632 2018 cum
1690 1976 1868 2033 partus

279 2035 573 2088 evenisset.
613 2033 656 2088 0
704 2050 816 2089 rem
862 2033 1266 2088 admirabilem!
1323 2034 1556 2089 Joannes
1599 2049 1662 2089 ex
1716 2046 1868 2089 utero

277 2104 643 2169 evmgelista,
686 2120 751 2159 ex
799 2117 985 2159 ventre
1030 2104 1404 2159 miraculorum
1448 2106 1636 2167 editor,
1671 2104 1867 2159 deserti

277 2176 549 2239 alumnus,
569 2185 623 2228 ct
645 2176 955 2245 angelorum
974 2175 1370 2230 contubernalis
1393 2192 1407 2239 ;
1431 2176 1520 2245 qtti
1550 2186 1667 2244 post
1697 2176 1865 2244 legem

279 2261 420 2299 unus
448 2255 531 2299 est
551 2261 615 2299 ex
652 2246 921 2314 prophetis
944 2287 960 2311 ,
985 2245 1249 2300 secundus
1279 2246 1422 2299 Elias
1441 2287 1456 2312 ,
1482 2255 1536 2300 et
1560 2246 1869 2301 verissimus

278 2331 494 2385 praeco;
525 2317 614 2385 qui
645 2318 874 2383 Spiritus
902 2317 1017 2370 zelo
1047 2331 1282 2386 errorem
1316 2316 1472 2386 longe
1496 2316 1659 2385 abigit
1685 2357 1699 2380 ,
1734 2332 1868 2385 pra:—

278 2383 469 2458 cursor
495 2383 556 2439 et
577 2387 808 2455 Baptista
843 2404 855 2438 :
884 2387 972 2455 qui
1012 2383 1549 2458 dicit,_Pwniten_tiam
1571 2383 1745 2458 agites
1773 2403 1868 2454 ap-

340 2457 636 2527 opiuquauit
663 2458 794 2511 enim
835 2474 1045 2528 regnum
1090 2456 1329 2511 ca'lorum
1385 2456 1619 2526 (Ματιήί
1644 2457 1696 2512 1.
1731 2459 1783 2515 5.
1807 2458 1863 2528 );

322 2528 554 2581 achartae
585 2529 752 2591 lilius,
780 2537 834 2581 et
884 2527 1079 2582 sterilis
1122 2542 1340 2596 germen
1361 2568 1376 2591 ,
1408 2542 1483 2598 ac_
1518 2530 1697 2598 p0pult
1742 2543 1867 2597 pre-

277 2612 398 2651 cum
444 2612 578 2666 0pus
607 2598 896 2663 perlectum
931 2615 944 2651 :
975 2592 1236 2667 genuinus
1265 2592 1605 2667 pceuiteiit'ite'
1628 2592 1865 2667 promul-

276 2677 454 2737 gator,
487 2684 549 2721 ac
582 2669 815 2722 lidclium
846 2669 1220 2738 pmnitentium
1236 2669 1666 2723 etconlitentium
1684 2678 1867 2738 patro-

277 2753 407 2799 nus;
445 2738 577 2806 legis
603 2739 903 2807 plenitudo,
928 2748 982 2792 et
1005 2739 1187 2807 gratiae
1207 2739 1310 2793 dux
1329 2754 1393 2793 ac
1417 2740 1687 2808 princeps,
1711 2749 1869 2808 atque

278 2808 586 2863 Judatorum
619 2810 902 2876 impietatis
941 2809 1316 2877 reprehensor,
1348 2809 1638 2865 celestium
1683 2810 1869 2866 dcere-

280 2886 457 2933 t-2rum
484 2885 737 2940 sancitur,
766 2890 821 2935 et
850 2878 1167 2935 delictorum
1217 2881 1394 2949 populi
1441 2880 1603 2949 judex
1630 2881 1865 2935 ineorru-

279 2960 435 3018 ptus;
482 2951 569 3019 qui
600 2965 664 3004 ex
694 2951 861 3022 sterili
890 2950 1135 3022 et_eli‘eta
1182 2960 1376 3022 praeter
1399 2966 1548 3019 spem
1591 2959 1745 3020 partu
1788 2961 1871 3007 est

280 3021 489 3083 editus,
519 3029 569 3074 et
597 3022 783 3089 gratiae
807 3020 1068 3075 beneﬁcio
1096 3020 1290 3078 Christi
1336 3022 1534 3089 ipsius,
1567 3023 1655 3090 qui
1677 3037 1866 3091 aquam

278 3091 465 3144 eduxit
488 3106 520 3145 e
547 3101 715 3159 petra,
743 3106 956 3160 sponsze
976 3091 1266 3155 deductor;
1290 3093 1383 3161 qui
1410 3091 1654 3149 Jordanis
1670 3090 1867 3147 ﬂuenta

276 3163 427 3233 quasi
476 3161 627 3215 item
656 3162 853 3230 injecto
881 3162 1052 3230 regit,
1085 3172 1139 3218 et
1174 3163 1503 3233 purgationis
1531 3170 1866 3230 peccatorum

279 3232 608 3295 moderator,
660 3232 1216 3303 incomprehensibilis
1260 3233 1496 3303 mysterii
1531 3234 1782 3299 prscScius
1805 3249 1869 3287 ac

281 3303 613 3369 pramuntius
636 3344 651 3367 ,
694 3312 747 3356 et
773 3302 1032 3372 adventus
1058 3304 1202 3372 ejus,
1227 3302 1500 3372 qui’videri
1533 3317 1638 3357 non
1672 3314 1865 3372 potest,

279 3376 541 3441 propheta
570 3389 584 3425 :
623 3373 708 3426 hic
735 3381 816 3427 cst
842 3371 1098 3429 Joannes,
1118 3374 1209 3428 ille
1238 3371 1326 3442 qui
1358 3373 1631 3427 Zacharim
1674 3371 1731 3427 in
1773 3391 1865 3427 ex-

279 3452 452 3499 trema
482 3451 755 3513 senectute
783 3445 1102 3509 constituto,
1139 3455 1294 3513 prout
1322 3442 1494 3499 fuerat
1521 3446 1863 3511 promissum,

277 3524 356 3566 est
376 3524 557 3567 natus.
587 3511 631 3567 Ο
659 3513 968 3585 miraculum
991 3515 1005 3569 ι
1036 3511 1161 3570 ecce
1180 3515 1322 3569 enim
1345 3515 1598 3585 operibus
1622 3514 1749 3583 ipsis
1774 3530 1871 3583 ap-

280 3598 510 3655 paruere
567 3584 910 3653 comprobata
972 3601 1092 3655 qua:
1133 3584 1533 3654 gestibussuis
1594 3585 1868 3640 exsultans

276 3653 512 3709 Joannes
538 3655 589 3710 in
621 3665 772 3708 utero
796 3653 1167 3710 subindicavit.
1194 3656 1335 3711 Vidit
1357 3656 1584 3711 mundus
1610 3655 1862 3720 Iustitiam,

278 3740 437 3793 quain
474 3725 525 3779 in
561 3725 734 3797 vulva
782 3740 1081 3797 priccnrsor
1109 3726 1332 3795 pedibus
1374 3727 1655 3797 expressit.
1697 3727 1866 3791 Quem

279 3810 403 3850 vero
438 3811 533 3863 nos
560 3795 818 3851 honorem
839 3796 986 3861 justo
1016 3799 1088 3851 illi
1117 3795 1472 3865 rependemus
1492 3838 1506 3859 ,
1540 3797 1866 3851 admirandis

239 3926 243 3931 η
279 3866 393 3937 ejus
442 3876 585 3921 recte
630 3865 781 3921 lactis
826 3867 1062 3936 undique
1107 3868 1480 3923 circumsessi?
1529 3867 1869 3937 Evangelizat

279 3936 421 3990 enim
450 3937 574 3991 dum
602 3945 752 3991 utero
790 3948 1064 4007 gestatur;
1097 3938 1207 3992 edit
1245 3940 1498 3993 miracula
1537 3938 1660 3992 dum
1692 3936 1864 3993 itaSri-

282 4014 399 4072 tur;
439 4022 751 4076 progressus
778 4009 901 4064 facit
929 4009 1054 4063 dum
1088 4008 1139 4062 in
1162 4010 1388 4063 desertis
1409 4009 1654 4078 religiose
1683 4012 1868 4064 vivens

281 4089 594 4147 exercetur;
628 4092 912 4146 provectus
958 4080 1157 4147 Spiritu
1199 4082 1467 4142 nutritor;
1498 4080 1702 4134 medius
1731 4081 1868 4135 inter

282 4145 450 4215 legem
495 4155 559 4220 et
605 4145 831 4220 gratiam
881 4145 1197 4215 intercedit;
1253 4151 1569 4219 baptismum
1617 4152 1869 4220 praedicat

280 4218 648 4291 putuitentiae;
681 4218 958 4291 Dominum
987 4218 1358 4275 advenientem
1387 4218 1654 4291 baptizat';
1688 4221 1865 4274 Trini-

283 4291 403 4341 tatis
456 4287 679 4361 gloriam
729 4290 871 4344 videt
925 4290 1235 4360 baptizans,
1290 4299 1344 4345 et
1391 4287 1574 4359 gratia:
1630 4292 1869 4361 perlubet

283 4359 643 4431 testimonium
690 4361 741 4414 in
792 4359 1049 4427 veritate;
1103 4363 1338 4416 clamans
1386 4363 1531 4415 illum
1585 4359 1869 4431 a‘prophe-

287 4430 353 4482 tis
386 4430 797 4501 pramnntiatum
826 4431 1056 4496 indicat,
1087 4444 1140 4487 et
1165 4434 1443 4487 Dominum
1475 4430 1653 4501 seipse
1682 4432 1867 4487 fortio-

282 4514 392 4573 rem
417 4514 479 4553 ac
506 4500 819 4573 validiorem
837 4501 1154 4573 conﬁtetur;
1187 4505 1285 4557 vim
1317 4502 1503 4557 ducem
1532 4504 1598 4557 iis
1631 4505 1719 4573 qui
1744 4520 1866 4557 cre-

281 4569 413 4642 dunt
451 4585 510 4642 se
538 4571 770 4639 prtebet,
799 4580 857 4626 ut
892 4572 959 4626 ad
985 4587 1106 4627 eum
1155 4574 1498 4642 perveniant,
1530 4569 1662 4627 dum'
1687 4575 1867 4628 turbas

283 4641 429 4694 utilia
452 4640 651 4713 docet;
684 4642 994 4710 publicanos
1021 4640 1182 4698 etiam
1217 4644 1304 4713 qui
1357 4646 1687 4713 baptizantur
1714 4660 1865 4698 com-

283 4711 600 4784 monel'acit;
622 4713 971 4784 reprehendit
995 4722 1049 4768 et
1070 4711 1246 4784 legem
1263 4711 1551 4770 violantem
1575 4715 1861 4783 Herodem,

282 4794 345 4833 ac
368 4782 581 4855 domum
613 4782 770 4855 linem
798 4785 1019 4838 sortitur
1047 4782 1152 4855 quo
1178 4785 1242 4842 ad
1283 4786 1660 4841 beatitudinem
1697 4786 1865 4854 ipsam

284 4852 610 4925 provehitur.
645 4854 845 4919 Quibus
876 4852 1078 4925 itaque
1101 4855 1246 4910 illum
1295 4857 1631 4912 sermonibus
1674 4852 1867 4912 ell‘ere—

283 4924 554 4995 mus?qua
573 4923 748 4995 lingua
771 4925 837 4979 ad
859 4923 982 4980 haec
989 4928 1164 4987 omnia
1183 4926 1602 4983 commendanda
1625 4930 1867 4982 utemur?

281 4992 628 5068 quidltorum
656 4992 1182 5068 'prgetermittemus?
1225 5009 1314 5052 aut
1352 4997 1476 5068 quid
1500 4997 1713 5052 tandem
1746 5014 1869 5067 pro-

284 5062 423 5139 loqui
445 5064 513 5119 de
535 5065 649 5119 istis
673 5062 1011 5139 valebimus?
1062 5068 1304 5139 Magnum
1358 5062 1499 5123 enim
1526 5062 1760 5123 laudum'
1785 5080 1867 5125 est

283 5135 527 5210 pelagus,
567 5152 755 5205 magna
801 5147 945 5192 recte
970 5135 1230 5195 factorum
1262 5140 1378 5210 ejus
1407 5140 1730 5210 amplitudo;
1784 5142 1866 5193 vel

283 5204 428 5273 solus
456 5205 568 5273 ipse
597 5204 776 5262 rerum
805 5217 1028 5261 conatus
1058 5204 1360 5265 laudatores
1391 5204 1564 5265 reddit
1590 5211 1862 5265 attonitos.

289 5272 486 5351 verum
503 5276 742 5351 prodeat
762 5294 903 5333 nunc
931 5294 1141 5349 quoque
1162 5280 1448 5335 Zacharias
1470 5280 1597 5351 justi
1626 5291 1793 5350 pater,
1823 5282 1867 5334 is

281 5346 368 5418 qui
396 5355 450 5398 et
468 5347 684 5418 silentio
712 5346 993 5403 damnatus
1013 5346 1127 5418 est,
1146 5360 1201 5406 et
1226 5366 1409 5407 vocem
1436 5346 1822 5406 rursus—emisit
1849 5370 1863 5406 :

284 5415 367 5491 ille
393 5416 543 5471 nobis
570 5434 656 5472 res
684 5432 808 5474 suas
836 5415 1174 5491 apertissime
1221 5421 1550 5488 declarabit,
1595 5422 1865 5491 quentodo

282 5483 527 5562 loquutus
578 5497 694 5562 est_
724 5483 1072 5560 cum-lingua
1120 5504 1265 5549 esset
1310 5483 1545 5558 vincta,'
1593 5483 1864 5562 quomodo

281 5553 513 5635 Joannes
550 5559 807 5635 nascitur,
837 5568 891 5614 et
920 5553 1181 5616 sententia
1210 5564 1277 5616 ab
1300 5553 1511 5633 angelo-
1542 5553 1745 5633 prolata
1772 5580 1860 5618 re-

281 5627 557 5700 scinditur;
574 5630 843 5699 quomodo
871 5645 1024 5700 paena
1053 5627 1453 5699 removeturfet
1481 5627 1683 5689 curatio
1712 5636 1863 5689 adhi-

281 5693 712 5776 lietur_.___Et_énim
767 5693 1092 5776 evangelista
1138 5693 1411 5759 Zacltariie
1467 5713 1626 5775 atque
1668 5706 1861 5776 uxoris

279 5767 393 5846 eius
420 5767 702 5846 Elisabetze
724 5767 1159 5846 compendiosam
1197 5767 1625 5845 praedicationem
1664 5775 1716 5830 in
1743 5792 1858 5830 me-

274 5837 415 5893 dium
468 5839 727 5912 attinens,
757 5837 982 5914 primum
1028 5837 1212 5901 eorum
1256 5846 1467 5904 nomina
1509 5855 1565 5903 et
1610 5855 1851 5903 naturam

934 371 1002 426 IN
1040 371 1319 428 LAUDEM
1359 370 1847 429 CONCEPTIONIS
1884 374 1940 430 S.

1982 373 2263 431 JOANNIS
2304 370 2682 439 BAPTISTIE,
2728 370 2877 426 ETC.
3457 373 3573 430 790‘

1984 502 2047 540 ac
2079 486 2387 555 dignitatem
2417 485 2678 554 signiﬁcat
2707 503 2734 555 :7
2763 484 2954 540 deinde
2991 500 3120 540 vero
3148 490 3564 543 conversationis

1980 554 2496 611 commendationem
2524 571 2587 610 ac
2610 554 2841 623 justitias'
2876 565 3131 626 Impurum
3160 559 3443 626 preponiti,
3484 560 3563 614 si-

1980 629 2193 696 mulque
2222 628 2415 681 silentii
2459 627 2854 681 damnationem
2904 625 3138 689 iudicat,
3165 625 3351 695 utque
3402 625 3563 683 fuerit

1979 696 2171 767 lingua:
2203 713 2327 769 usus
2362 698 2636 769 re5titulus
2665 696 2925 769 declarat.
2953 700 3021 750 At
3048 697 3419 769 exindeverha
3450 699 3561 769 ipsa

1977 766 2276 838 evangelica
2316 768 2472 821 velim
2502 768 2685 822 audias
2717 784 2729 818 :
2778 766 2841 819 Et
2884 783 2983 821 non
3029 776 3136 821 erat
3177 767 3280 821 illis
3307 766 3562 835 [ilium—eo

1976 837 2134 908 quod
2164 848 2289 893 esset
2334 837 2560 892 Elisabct
2585 838 2788 908 sterilis.
2821 847 2868 890 et
2919 838 3064 891 umbo
3107 839 3462 905 processissent
3509 839 3561 890 in

1977 907 2150 962 diebus
2173 911 2278 963 suis
2314 908 2464 978 (Luc.
2490 909 2541 963 l.
2579 909 2658 978 7).
2712 907 2829 962 J::m
2872 924 2999 961 vero
3026 923 3131 961 non
3162 909 3372 962 illorum
3403 910 3564 962 modo

1977 981 2308 1034 sterilitatem
2356 979 2644 1033 liberorum
2690 979 2918 1041 intueor,
2961 979 3054 1032 sed
3102 988 3157 1032 et
3205 979 3420 1045 antiqua
3468 978 3557 1033 illa

1975 1054 2178 1115 species
2223 1051 2490 1119 justorum
2537 1049 2716 1103 animo
2757 1063 2875 1103 meo
2910 1048 3244 1112 obversatur,
3289 1049 3555 1103 Abraham

1975 1119 2189 1189 inquam
2223 1118 2278 1176 et
2304 1121 2490 1185 Sarro;
2521 1120 2787 1188 simulque
2814 1119 3105 1188 parientem
3138 1118 3358 1174 alteram
3401 1121 3560 1173 steri-

1975 1190 2174 1244 litatem
2225 1192 2620 1256 animadverto,
2649 1199 2700 1244 et
2727 1191 2910 1261 gratia:
2945 1206 3047 1258 ope
3072 1204 3384 1261 concessam
3423 1189 3556 1261 lihe-

1977 1277 2158 1315 rorum
2207 1261 2619 1323 fecunditatem,
2661 1259 2957 1315 satiatura:
2989 1260 3295 1313 inusitatum
3325 1259 3383 1312 in
3426 1259 3559 1312 lilio-

1975 1347 2091 1385 rum
2121 1331 2488 1399 procreatioue
2530 1331 2838 1400 mysterium
2866 1347 2879 1382 :
2915 1330 3033 1384 talis
3080 1331 3220 1383 enim
3250 1338 3307 1384 et
3336 1331 3559 1398 promis-

1975 1401 2143 1456 sionis
2186 1401 2342 1468 hujus
2363 1408 2445 1456 est
2487 1402 2695 1454 modus.
2739 1401 2990 1468 Apparuit
3027 1410 3199 1470 autem
3233 1400 3314 1470 illi
3352 1401 3571 1470 angelus.

1975 1471 2183 1526 Domini
2212 1483 2349 1526 stans
2390 1470 2633 1525 adextris
2671 1471 2848 1523 altaris
2900 1471 3106 1524 incensi.
3159 1469 3224 1522 Et
3271 1468 3569 1523 Zacharias:

1975 1544 2204 1597 turbatus
2239 1552 2309 1595 est
2336 1542 2507 1596 videns
2536 1556 2554 1594 :
2579 1552 2622 1594 et
2655 1543 2802 1610 (inter
2820 1541 2970 1593 irruit
3001 1556 3155 1610 super
3179 1556 3313 1593 eum.
3352 1539 3437 1592 Ait
3463 1558 3554 1592 uu-

1975 1622 2073 1667 tem
2099 1615 2165 1664 ml
2200 1614 2344 1668 illum
2372 1612 2583 1682 angelus
2604 1651 2617 1673 ,
2660 1608 2742 1663 Ne
2776 1608 3239 1682 timeas,ZucImr_ia
3263 1625 3281 1671 ;
3307 1611 3574 1682 quoniam

1973 1684 2215 1737 exaudita
2243 1692 2315 1737 est
2341 1680 2628 1752 deprecatio
2658 1690 2765 1746 tua,
2795 1689 2840 1734 et
2881 1695 3008 1752 ungor
3041 1690 3128 1734 tua
3152 1680 3372 1752 Elisabet
3397 1684 3558 1748 pariet

1974 1755 2062 1830 tibi
2085 1755 2278 1830 ﬁlium,
2291 1764 2337 1807 et
2358 1748 2556 1807 vocabis
2580 1767 2757 1830 nomen
2781 1753 2889 1830 ejus
2914 1748 3168 1830 Joannem
3197 1749 3357 1830 (Ibid.
3389 1765 3435 1803 υ.
3468 1753 3569 1804 Η-

1976 1824 2086 1891 15).
2116 1825 2374 1879 Praeclara
2417 1837 2548 1877 sane
2588 1822 2958 1890 promissionis
2989 1822 3256 1889 possessio
3307 1830 3399 1891 est
3441 1835 3556 1874 ma-

1972 1889 2136 1963 gnum
2166 1894 2388 1949 visionis
2431 1889 2664 1957 donum,
2708 1906 2834 1963 vere
2871 1891 3221 1963 Abrahamaaa
3271 1889 3556 1963 gloriatio:

1976 1961 2034 2019 ut
2086 1965 2229 2020 enim
2261 1964 2337 2018 illi
2376 1963 2522 2019 Suras
2565 1962 2877 2031 conceptio,
2924 1962 3002 2016 sic
3043 1969 3098 2015 et
3139 1962 3224 2016 isti
3276 1961 3561 2031 Elisabeta:

1970 2036 2259 2105 graviditas
2305 2032 2653 2105 prmtiuutiata
2684 2030 2785 2105 εει.
2833 2031 3299 2105 Verumtequalis
3341 2030 3558 2105 quidem

1971 2101 2177 2175 estipsa
2196 2101 2490 2175 praedictio,
2514 2112 2569 2158 at
2586 2118 2689 2175 non
2713 2104 2837 2175 item
2865 2101 3099 2175 conditio
3120 2116 3297 2175 rerum
3319 2102 3558 2175 aequalis.

1971 2172 2102 2235 Nam
2134 2172 2255 2231 cum
2287 2174 2594 2230 Abrahamo
2619 2173 2751 2228 nihil
2781 2188 2847 2228 ex
2876 2173 3278 2227 denuntiatimte
3308 2172 3431 2225 mali
3460 2172 3555 2227 ob-

1971 2247 2213 2311 venerit,
2254 2246 2540 2301 Zacharias
2568 2254 2753 2299 contra
2794 2251 2973 2297 mutus
2999 2250 3120 2312 post
3167 2241 3378 2297 felicem
3412 2242 3559 2296 illum

1973 2319 2214 2372 nttutium
2244 2316 2529 2380 invenitur,
2556 2324 2739 2384 utpote
2759 2314 2845 2383 qui
2878 2314 2980 2368 title
3003 2314 3165 2382 digno
3185 2313 3377 2384 angelo
3401 2312 3558 2367 [idem

1975 2404 2079 2440 non
2115 2387 2377 2452 habuerit,
2408 2395 2462 2440 et
2487 2383 2858 2441 taciturnitatis
2887 2384 3041 2438 fuerit
3067 2398 3219 2453 poena
3250 2383 3554 2446 mulctatus,

1971 2458 2114 2512 Dixit
2144 2461 2320 2522 cnim,
2346 2457 2547 2524 inquit,
2582 2455 2862 2510 Zacharias
2898 2455 2966 2507 ad
2991 2456 3257 2524 angelum,
3295 2453 3441 2508 Unde
3468 2454 3561 2505 hoc

1971 2529 2162 2583 scium?
2186 2544 2275 2598 ego
2300 2529 2432 2598 enim
2465 2543 2578 2582 sum
2603 2542 2754 2598 senes;
2773 2567 2787 2590 ,
2816 2533 2890 2598 et
2912 2541 3041 2579 uxor
3070 2541 3181 2578 mea
3223 2525 3488 2598 processit_
3506 2524 3561 2576 in

1974 2600 2150 2653 diebus
2170 2594 2275 2670 suis
2299 2597 2458 2670 (Ibid.
2496 2613 2541 2650 υ.
2574 2597 2697 2670 18)ἒ
2713 2594 2979 2670 Quid_hoc
3000 2636 3016 2661 ,
3044 2609 3260 2670 qumso,
3289 2603 3384 2670 est
3403 2635 3416 2658 ,
3460 2594 3561 2648 Dn-

1975 2670 2153 2724 mine?
2181 2666 2317 2723 dum
2339 2684 2437 2737 ego
2465 2666 2652 2735 preces
2674 2667 2783 2722 Deo
2799 2666 2967 2720 ollero
2986 2708 3002 2730 ,
3031 2666 3156 2720 dum
3182 2667 3388 2737 veniam
3414 2673 3558 2737 pcto,

1975 2752 2028 2793 ut
2052 2741 2143 2794 toti
2169 2735 2461 2809 populo—Sil.
2491 2740 2677 2809 volens
2703 2752 2765 2792 ac
2795 2737 3105 2809 propitius,
3134 2735 3373 2809 Διιι-νήιιὶ
3442 2735 3561 2789 feli-

1972 2827 2087 2865 cem
2132 2806 2273 2865 hunc
2299 2809 2540 2863 nuntium
2566 2808 2755 2873 aliers,
2790 2806 2902 2861 lore
2934 2817 2990 2861 ut
3019 2806 3149 2860 mihi
3182 2806 3321 2860 lilius
3368 2820 3558 2860 nasca-

1975 2882 2094 2934 tur?
2124 2880 2287 2948 Atqui
2318 2882 2420 2935 hoc
2447 2879 2557 2933 tieri
2588 2877 2736 2933 nullo
2766 2877 2940 2948 modo
2973 2885 3164 2948 potest.
3197 2877 3329 2931 Nam
3359 2886 3414 2931 et
3443 2891 3571 2930 mea

1972 2950 2088 3006 haec
2115 2947 2364 3006 senectus
2399 2950 2603 3003 inﬁrma
2630 2957 2746 3016 est,
2775 2956 2829 3002 et
2857 2947 3138 3002 imbecillis
3176 2956 3362 3001 natura
3388 2963 3403 3012 ;
3435 2962 3562 3001 con-

1967 3023 2062 3092 jus
2089 3030 2266 3077 autem
2297 3037 2414 3076 mea
2444 3019 2723 3092 infecunda
2741 3018 3008 3092 _qua~dam_
3024 3027 3106 3092 est
3132 3030 3321 3072 cautes
3346 3034 3360 3071 :
3395 3033 3561 3092 ecqua

1974 3088 2185 3147 tandem
2254 3093 2459 3146 ratione
2512 3090 2563 3144 id
2636 3090 2754 3145 ﬁeri
2802 3088 3012 3157 queat?
3064 3088 3439 3142 Verumtamen
3478 3089 3555 3139 si-

1973 3164 2218 3232 quidem,
2254 3170 2311 3217 ut
2334 3162 2500 3222 dicis,
2531 3160 2670 3213 {ilius
2709 3159 2844 3232 mihi
2890 3166 3156 3232 nascetur,
3192 3175 3321 3232 nam
3350 3158 3561 3211 tandem

1972 3228 2036 3287 ex
2067 3234 2160 3288 illo
2186 3228 2540 3287 commoditas
2565 3228 2760 3299 populo
2796 3229 3204 3298 importabitur?
3232 3228 3365 3282 Tum
3394 3245 3560 3295 ange-

1975 3303 2085 3361 lus:
2127 3304 2365 3371 Magnam
2410 3316 2537 3357 vero
2585 3302 2675 3355 ille
2717 3300 2912 3369 populo
2958 3300 3269 3367 cunctisque
3315 3302 3562 3368 gentibus

1973 3375 2194 3429 salutem
2224 3373 2409 3428 :tlferet
2443 3392 2455 3426 :
2500 3386 2687 3426 omnes
2710 3377 2850 3425 enim
2878 3371 2944 3424 ab
2973 3386 3155 3423 errore
3188 3371 3299 3438 ipse
3339 3385 3559 3423 revoca-

1972 3443 2082 3504 bit.
2112 3445 2404 3512 salutisque
2427 3447 2564 3496 viam
2611 3440 2924 3512 monstrabit
2944 3481 2958 3501 ,
2985 3449 3145 3512 atque
3169 3440 3434 3512 mediator
3469 3442 3558 3493 llei

1974 3527 2028 3569 et
2056 3511 2328 3569 hominum
2361 3513 2482 3577 ﬁet;
2512 3513 2710 3568 etenim
2733 3511 2993 3565 Prwccdrt
3021 3511 3070 3563 in
3097 3511 3276 3580 spiritu
3300 3527 3360 3562 ac
3382 3511 3561 3563 virtute

1976 3585 2173 3650 Heliae,
2201 3595 2247 3639 et
2283 3585 2532 3655 propheta
2556 3580 3123 3655 _Altissimi_uocubitur
3169 3580 3330 3655 (Ibid.
3352 3597 3424 3655 __v.
3471 3581 3558 3634 l7.

1972 3669 2016 3707 et
2045 3658 2155 3726 7U).
2210 3650 2779 3726 Istegpraacedetante
2828 3651 3017 3706 faciem
3068 3650 3299 3726 Donatini,
3334 3650 3557 3726 dicens,

1972 3721 2291 3796 Eccc'agnus
2312 3721 2409 3778 Dei
2429 3766 2443 3789 ,
2470 3725 2554 3793 qui
2586 3724 2717 3777 tollit
2740 3733 2947 3793 peccata
2976 3721 3153 3796 mundi
3173 3721 3350 3796 (Joon.
3379 3721 3557 3796 1.29}.

2041 3796 2095 3850 2.
2130 3792 2414 3851 Z'acharias
2436 3804 2614 3849 autem
2643 3792 2826 3850 contra
2855 3792 3186 3862 re5p0ttdens
3212 3794 3276 3846 ad
3308 3794 3560 3863 angelum

1972 3867 2103 3921 dixit
2138 3887 2152 3922 :
2187 3866 2335 3922 Unde
2360 3866 2454 3919 hoc
2477 3864 2677 3921 sciam?
2702 3865 2834 3919 Tum
2861 3878 2987 3918 vero
3012 3865 3231 3932 angelus
3257 3878 3277 3917 ξ
3310 3864 3561 3932 Quando-

1971 3939 2188 4008 quidem
2241 3949 2422 4007 partus
2465 3937 2673 4008 signum
2724 3945 2780 3991 et
2816 3934 3331 4008 iudiciumquairis,
3388 3950 3562 4003 neque

1972 4005 2104 4065 meis
2129 4005 2305 4063 verbis
2329 4008 2488 4063 tidem
2519 4005 2774 4073 adhibes,
2803 4007 2985 4075 accipe
3032 4005 3221 4074 pignus
3264 4021 3513 4060 securum
3544 4022 3557 4058 :

1974 4080 2084 4150 Ego
2113 4096 2224 4150 sunt
2253 4078 2492 4142 Gabriel,
2519 4078 2614 4150 qui
2625 4076 2772 4150 adsto
2802 4087 2918 4150 ante
2944 4075 3143 4150 Deum,
3165 4085 3208 4129 et
3237 4077 3418 4150 missus
3442 4092 3557 4130 sum

1971 4146 2109 4220 loqui
2136 4149 2204 4203 ad
2246 4161 2294 4205 te
2316 4191 2330 4216 ,
2358 4159 2404 4220 et
2443 4146 2550 4203 han:
2580 4148 2666 4202 tibi
2694 4148 3055 4220 euangelizare.
3087 4146 3336 4220 Eccereris
3365 4157 3557 4209 tacens,

1972 4166 2107 4220 toqut
2136 4166 2203 4203 aa
2246 4166 2294 4205 te
2316 4191 2330 4216 ,
2358 4166 2404 4204 et
2443 4166 2550 4203 nare
2580 4166 2665 4202 mn
2694 4166 3055 4271 euatbqeuzare.
3087 4166 3218 4200 nece
3237 4166 3336 4201 eris
3365 4166 3557 4209 tacens,

1972 4232 2018 4274 et
2048 4238 2149 4274 non
2174 4221 2360 4291 poteris
2379 4219 2515 4288 loqui
2530 4219 2770 4291 (usquein
2837 4221 2930 4271 ient
2953 4234 3052 4289 quo
3074 4217 3179 4291 lucc
3200 4219 3327 4291 ﬁant
3350 4232 3368 4270 :
3389 4233 3481 4286 pro
3500 4232 3561 4291 eo

1970 4293 2104 4362 quod
2143 4288 2245 4346 non
2281 4290 2537 4362 credidisti
2577 4288 2754 4362 verbis
2776 4294 2933 4362 meis,
2962 4288 3075 4358 qua:
3119 4288 3455 4362 implebantur
3504 4288 3559 4362 in

1971 4358 2192 4432 tempore
2214 4378 2306 4416 suo
2340 4360 2490 4433 (an.
2523 4362 2576 4416 1.
2613 4360 2699 4414 19.
2727 4358 3341 4433 20).“Siueremi5sione
3385 4365 3440 4411 et
3474 4359 3560 4433 _ri-

1969 4428 2087 4502 gida
2117 4444 2199 4487 est
2225 4434 2307 4497 ei,
2347 4428 2435 4502 qui
2464 4428 2969 4502 deliquerat,’illata
3003 4429 3130 4502 haec
3164 4429 3360 4502 mulcta
3404 4467 3420 4494 ,
3443 4428 3562 4502 sine

1970 4498 2225 4559 dilatione
2267 4498 2529 4557 acerbitas
2557 4498 2656 4555 ista
2695 4500 2958 4571 supplicii.
3000 4498 3120 4571 Non
3163 4500 3307 4571 enim
3337 4499 3557 4557 omnino

1971 4575 2251 4643 oportebat
2276 4574 2467 4643 angelo
2510 4573 2667 4626 ﬁdem
2696 4569 2813 4625 non"
2828 4570 3011 4643 haberi
3032 4611 3047 4635 ,
3071 4584 3177 4643 non
3221 4569 3390 4622 altare
3415 4583 3559 4643 con-

1974 4638 2263 4715 témptibile
2305 4638 2423 4702 duci
2450 4685 2465 4710 ,
2493 4659 2593 4698 nec
2638 4653 2845 4715 tempus
2894 4640 3096 4715 incensi
3132 4648 3342 4715 tempus
3378 4638 3561 4715 _dcc_e-_

1957 4709 2167 4786 ptio—uis
2196 4709 2487 4770 arbitrari:
2525 4730 2644 4786 nam
2678 4709 2949 4786 inecnsnm
2980 4709 3212 4786 :ulolcnti
3238 4710 3460 4786 angelus
3483 4712 3559 4764 illi

1971 4781 2234 4856 apparuit.
2277 4787 2391 4840 Non
2414 4784 2725 4840 recordatus
2750 4791 2830 4836 est
2861 4781 3096 4856 historia:
3129 4782 3354 4836 Abrahae
3384 4798 3398 4835 :
3434 4796 3555 4856 nam

1973 4851 2082 4911 tum
2112 4872 2323 4927 quoque
2367 4856 2564 4927 sterilis
2592 4862 2646 4909 et
2683 4860 2931 4927 senectus
2978 4852 3175 4907 liberos
3221 4851 3556 4927 procreavit;

1970 4922 2223 4996 omnique
2238 4922 2317 4982 ἐχ
2339 4935 2489 4997 parte
2516 4926 2599 4979 his
2619 4940 2735 4997 qua:
2759 4922 3077 4997 dictaerant
3093 4964 3107 4987 ,
3132 4924 3412 4997 conciliata
3439 4933 3558 4997 erat

1973 4994 2289 5063 iidem—cum
2318 4994 2437 5052 talis
2479 4996 2754 5066 cujusdam
2788 4994 2951 5063 prolis
2995 4994 3556 5066 generationisrmira-

1968 5072 2143 5140 culum
2175 5065 2556 5140 praecessisset.
2585 5066 2938 5140 Quamobrem
2973 5066 3206 5140 angelus
3251 5065 3317 5119 ad
3346 5065 3515 5140 _illu_m
3538 5106 3553 5127 ,

1972 5139 2110 5204 Eris,
2137 5134 2329 5209 inquit,
2355 5148 2542 5202 tacens,
2574 5149 2732 5190 etnon
2753 5135 2938 5209 poteris
2965 5134 3128 5209 loqui,
3157 5152 3326 5209 usque
3339 5135 3390 5209 in
3423 5135 3555 5209 diem

1969 5227 2067 5278 quo
2107 5206 2227 5283 luto"
2242 5211 2368 5279 ﬁant
2392 5225 2412 5283 ξ
2439 5227 2528 5283 pro
2556 5225 2613 5262 eo
2643 5207 2776 5277 quod
2801 5222 2901 5283 non
2936 5206 3194 5283 credidisti
3224 5206 3381 5259 verbis
3407 5206 3579 5283 meis.‘

1970 5276 2355 5350 Osupplic’ium
2403 5276 2717 5349 benignum,
2764 5276 2904 5347 quod
2943 5276 3333 5350 correctionem
3381 5276 3557 5345 potius

1968 5347 2255 5420 operatur!
2287 5353 2459 5423 Ipsam
2489 5347 2629 5405 enim
2649 5363 2847 5423 vocem
2869 5389 2882 5412 ,
2914 5364 3034 5416 qua:
3070 5347 3399 5423 deliquerat,
3433 5359 3550 5398 mo-

1968 5417 2544 5497 dcratioremjangelus
2572 5419 2764 5474 reddit.
2801 5417 3048 5489 Egressus
3074 5419 3220 5497 enim
3272 5432 3370 5469 non
3410 5425 3553 5497 pate-

1968 5504 2047 5547 rat
2069 5494 2207 5563 loqui
2245 5494 2313 5551 ad
2340 5486 2487 5556 ilics,
2515 5501 2561 5548 et
2589 5486 2924 5563 cognouerunt
2950 5488 3093 5563 quod
3112 5487 3347 5541 visionem
3393 5486 3553 5563 uidis-

1966 5575 2037 5618 set
2066 5557 2371 5634 itutetnplo:
2400 5572 2447 5617 ct
2472 5564 2580 5634 ipse
2618 5557 2725 5614 erat
2761 5562 2977 5634 innuens
3016 5559 3147 5620 illis,
3197 5568 3241 5611 et
3271 5557 3550 5634 permansit

1966 5647 2132 5689 mutus
2177 5627 2279 5703 (Ιὸ.
2309 5651 2358 5690 υ.
2400 5627 2515 5704 2η.
2563 5634 2725 5686 Recte
2773 5629 3054 5704 siquidem
3087 5637 3140 5682 et
3171 5627 3549 5704 permansisse

1965 5700 2192 5776 scripsit
2210 5700 2562 5776 evangelista;
2603 5700 2931 5776 eaSpectavit
2971 5700 3112 5776 enim
3140 5700 3408 5761 silentium
3449 5715 3544 5751 vo-

1964 5768 2090 5831 cem'
2108 5786 2263 5847 partu
2306 5768 2599 5847 edendam,
2632 5771 2927 5847 Zacharias
2969 5768 3267 5847 Joannem,
3322 5784 3544 5838 put-tum

1967 5840 2156 5903 seuei.
2183 5848 2227 5904 Ο
2255 5862 2366 5903 rem
2395 5843 2790 5900 admirandam!
2820 5840 3039 5898 verbum
3068 5840 3346 5906 adventat,
3370 5852 3420 5895 ct
3449 5854 3547 5893 vos
