4124 6482
335 392 451 455 ’293

332 529 648 569 sermonem
687 515 914 569 contulit
946 530 1191 584 serpens.
1224 514 1290 570 In
1320 531 1522 577 mense,
1551 516 1759 581 inquit,
1791 523 1931 571 sexto

334 586 527 638 missus
552 595 626 655 est
649 586 857 655 angelus
883 576 1143 640 Gabriel'a
1165 586 1271 640 Deo
1295 585 1365 639 ad
1385 576 1934 655 virginem'desponsa-

332 666 449 708 mm
469 655 575 727 viro
607 653 776 727 (Luc.
802 658 852 711 i.
878 657 950 712 26
973 657 1012 724 ).
1043 656 1236 712 Missus
1266 664 1350 710 est
1390 653 1640 727 Gabriel,
1682 653 1751 708 ιιι
1774 657 1935 711 totius

334 725 529 780 mundi
574 725 799 781 salutem
840 727 1130 792 indicaret;
1174 727 1369 782 missus
1425 736 1509 780 est
1555 726 1792 791 Gabriel,
1841 728 1930 794 qui

332 797 558 851 Adamo
581 798 1028 861 subscriptionem
1062 797 1423 852 revocatiouis
1452 795 1693 861 ferebat;
1740 797 1935 852 missus

330 878 422 920 est
450 867 664 923 Gabriel
693 867 760 922 ad
783 865 1076 938 Virginem,
1105 879 1160 922 ut
1185 867 1462 938 muliebris
1482 883 1641 921 sexus
1662 865 1933 922 infamiam

332 939 391 991 in
415 940 670 992 honorem
692 937 1092 1003 transniutaret;
1109 939 1303 993 missus
1316 947 1397 993 est
1413 937 1646 1003 Gabriel,
1664 946 1720 992 ut
1735 952 1934 1007 sponso

333 1023 479 1076 puro
504 1008 725 1078 dignum
754 1009 1043 1063 thalamum
1085 1018 1441 1078 praepararet,
1471 1010 1667 1063 missus
1711 1019 1795 1064 est
1829 1009 1934 1064 Gav

334 1078 499 1140 bt'icl,
514 1089 571 1132 ιιι
585 1079 822 1134 Creatori
837 1090 1133 1134 creaturam
1145 1079 1513 1147 deeponsaret;
1529 1080 1723 1133 missus
1738 1088 1819 1133 est
1831 1080 1939 1133 Ga-

335 1148 485 1220 briel
498 1148 564 1220 ad
591 1150 883 1205 animatum
914 1151 1057 1220 regis
1085 1151 1396 1219 angelorum
1422 1150 1704 1219 palatium;
1726 1151 1936 1220 missus

334 1216 659 1291 estGabriel
688 1220 756 1275 ad
779 1216 1068 1291 Virginem,
1086 1216 1462 1290 desponsatam
1485 1220 1696 1289 quidem
1709 1219 1930 1291 Ioseph,

335 1289 442 1360 sed
456 1290 550 1345 Dei
561 1290 703 1345 Filio
717 1289 1062 1356 reservatam;
1084 1289 1277 1345 misSus
1291 1300 1371 1345 est
1389 1292 1734 1360 incorporeus
1748 1289 1934 1346 servus

336 1359 413 1414 ad
459 1361 830 1417 intemeratum
870 1363 1180 1433 Virginem;
1230 1362 1425 1433 missus
1477 1359 1562 1417 est
1610 1363 1864 1417 immunis
1903 1379 1934 1417 ιι

338 1440 569 1503 peccato
595 1433 662 1487 ad
687 1448 806 1488 eam
836 1448 954 1503 quae
980 1432 1339 1503 corruptionis
1364 1433 1539 1486 omnis
1569 1448 1760 1500 expers
1779 1445 1893 1487 erat
1916 1450 1931 1498 ;

339 1501 510 1558 missa
556 1513 639 1558 est
686 1501 903 1558 lucertia
953 1513 1010 1559 ut
1069 1504 1234 1558 solem
1285 1502 1507 1573 justitice
1542 1503 1935 1573 denuntiaret;

340 1572 509 1627 missa
536 1582 619 1628 est
656 1588 846 1627 aurora
897 1585 1168 1644 tamquam
1201 1572 1501 1644 praecursor
1539 1572 1671 1627 lucis
1696 1573 1932 1640 diurnm;

341 1644 547 1698 missus
583 1654 665 1699 est
709 1643 928 1700 Gabriel
957 1643 1048 1714 qui
1087 1643 1412 1714 significaret
1431 1659 1576 1708 eum,
1620 1645 1706 1714 qui
1751 1648 1834 1698 eSt
1881 1647 1933 1699 in

340 1714 470 1785 sinu
496 1715 684 1777 Patris,
711 1715 847 1769 ulnis
875 1731 1087 1785 quoque
1117 1715 1372 1785 maternis
1389 1715 1618 1784 gestari;
1640 1715 1834 1768 missus
1855 1725 1938 1771 est

339 1784 567 1840 Gabriel
594 1786 681 1854 qui
715 1784 1139 1849 lttdicaret,’eum
1165 1784 1326 1853 quiin
1351 1785 1545 1839 throno
1565 1786 1735 1848 sedet,
1769 1786 1934 1840 etiam

341 1856 398 1907 in
428 1856 680 1923 Spelunca
726 1856 937 1925 jacere;
968 1857 1162 1910 missus
1189 1866 1271 1910 est
1305 1855 1490 1925 miles,
1536 1855 1625 1923 qui
1670 1865 1934 1910 secretum

341 1929 495 1994 regis
522 1928 857 1995 prnpalaret;
888 1935 1154 1982 secretum
1188 1924 1478 1996 quod-fide
1520 1925 1788 1993 innotuit,
1830 1944 1934 1981 non

343 1997 664 2051 curiositate
696 1997 1109 2067 pervestigatum
1133 2008 1248 2061 est;
1278 2006 1544 2052 secretum
1571 1996 1931 2063 adorandum,

342 2083 459 2120 non
484 2077 682 2121 statera
700 2069 1040 2137 pendendum
1063 2085 1077 2131 ;
1101 2077 1367 2121 secretum
1396 2068 1537 2137 quod
1563 2067 1825 2137 theologia
1854 2085 1939 2122 re-

340 2138 578 2201 velatur,
603 2152 709 2192 non
736 2140 1114 2208 invi-stigatur:
1137 2147 1402 2192 secretum
1421 2137 1561 2208 quod
1589 2140 1933 2201 confitemur.

344 2223 457 2262 non
492 2209 765 2263 metimur.
817 2208 879 2263 In
907 2207 1076 2262 mense
1100 2218 1240 2263 sexto
1284 2207 1468 2262 missus
1506 2219 1580 2263 est
1621 2207 1824 2263 Gabriel
1870 2211 1939 2263 ad

340 2280 613 2350 virginem.
659 2280 832 2346 Quem
874 2279 1088 2333 tandem
1125 2288 1333 2333 sextum
1379 2294 1618 2334 mensem
1665 2279 1938 2334 dicit?Ex

341 2367 459 2419 quo
481 2350 684 2405 scilicet
711 2350 922 2405 felicem
965 2350 1112 2403 illum
1158 2350 1404 2404 nuntium
1445 2351 1682 2405 Elisabct
1709 2352 1935 2418 accepit,

342 2436 411 2491 ex
447 2435 557 2490 quo
609 2420 870 2477 Joannem
907 2419 1170 2491 concepit.
1220 2419 1371 2491 Unde
1406 2420 1457 2475 id
1502 2436 1664 2491 porro
1693 2425 1940 2476 constat?

345 2490 737 2561 lnterpretetnr
757 2492 869 2557 ipse
882 2490 1252 2561 archangelus,
1266 2490 1356 2560 qui
1379 2491 1460 2545 his
1474 2490 1650 2545 verbis
1671 2491 1937 2561 Virginem

342 2560 716 2631 compellavit.
738 2561 889 2626 Ecce,
913 2560 1105 2631 inquit,
1134 2560 1361 2615 Elisabet
1385 2571 1599 2632 cognata
1627 2571 1733 2625 tua,
1765 2560 1811 2615 et
1828 2563 1942 2631 ipsa

340 2632 577 2701 concepit
592 2634 784 2703 ﬁlium,
812 2641 859 2686 et
872 2633 966 2703 ihic
978 2634 1177 2703 mensis
1192 2640 1361 2685 sextus
1384 2642 1456 2686 est
1483 2633 1580 2695 illi,
1604 2648 1716 2703 quae
1734 2642 1942 2687 vocatur

342 2700 535 2756 sterilis
556 2700 718 2771 (Ibid.
744 2720 792 2757 υ.
822 2702 936 2773 56).
966 2702 1142 2756 Mense
1170 2710 1329 2755 sexto.
1380 2703 1574 2757 Sextus
1615 2700 1819 2757 mensis
1857 2714 1941 2758 est

345 2774 724 2843 conceptionis
766 2773 1028 2828 Joannis:
1058 2773 1294 2841 oportuit
1333 2774 1474 2828 enim
1518 2785 1576 2827 ut
1614 2773 1943 2843 praieederet

345 2845 533 2914 miles,
562 2845 799 2912 oportuit
825 2853 885 2899 ut
921 2851 1283 2914 anteverteret
1310 2845 1566 2914 _satelles,
1609 2846 1844 2913 oportuit
1885 2856 1941 2899 ut

318 2912 882 2984 ’viam'prtepararet
935 2912 1198 2969 Dominici
1258 2912 1520 2984 adventus
1575 2912 1938 2970 denuntiatur.

346 2982 705 3040 Mense—sexto
743 2987 924 3040 missus
963 2994 1038 3040 est
1086 2985 1296 3056 angelus
1329 2982 1549 3056 Gabriel
1592 2985 1659 3039 ad
1700 2986 1942 3056 virginem

344 3057 712 3128 desponsatam
737 3058 844 3128 piro
874 3057 922 3128 (Ι
931 3057 1034 3110 bid.
1061 3072 1109 3110 υ.
1133 3055 1225 3128 26,
1255 3053 1385 3128 27);
1417 3053 1814 3126 deSponsatatti,
1835 3072 1941 3111 non

343 3127 652 3193 copulatam
672 3144 687 3190 ;
716 3125 1090 3197 desponsatam
1100 3125 1338 3197 quidem,
1353 3141 1535 3197 verum
1551 3139 1938 3182 conservatam.

345 3201 462 3251 (Zur
476 3213 604 3253 vero
629 3194 1004 3266 chponsatam
1025 3197 1048 3250 ?
1069 3194 1147 3251 Ne
1173 3194 1312 3251 forte
1339 3196 1497 3250 citius
1531 3197 1765 3251 disceret
1804 3199 1942 3251 latro

348 3270 689 3340 mysterium.
739 3269 972 3324 Noverat
1008 3267 1206 3340 quippe
1233 3266 1404 3340 malus
1434 3268 1524 3322 ille
1553 3283 1647 3337 per
1684 3268 1939 3337 virginem

348 3338 635 3393 venturum
666 3354 843 3408 regem
876 3360 888 3395 ε
920 3354 1042 3393 nam
1069 3348 1123 3391 et
1163 3338 1277 3408 ipse
1306 3338 1454 3392 Isaiae
1480 3353 1638 3408 voces
1659 3340 1900 3392 audierat
1925 3357 1938 3392 :

351 3410 489 3465 Ecce
508 3411 646 3481 virgo
665 3407 932 3481 concipiet,
960 3418 1009 3464 et
1036 3408 1196 3481 pariet
1224 3408 1388 3481 ﬁlium
1421 3408 1439 3479 (
1465 3407 1593 3462 Isai.
1625 3410 1677 3462 7.
1710 3411 1776 3463 li
1803 3413 1853 3477 );
1888 3419 1942 3464 et

348 3481 560 3549 singula
586 3479 820 3535 fortasse
844 3479 1185 3546 observabat,
1208 3495 1326 3549 qua:
1353 3480 1421 3535 de
1448 3481 1655 3549 virgine
1689 3481 1940 3548 praedicta

348 3561 532 3617 erant,
558 3561 614 3606 ut
642 3567 765 3607 cum
786 3552 1066 3621 adimpleri
1094 3550 1407 3621 mysterium
1455 3551 1826 3616 intellexisset,
1856 3551 1942 3606 itt-

349 3632 590 3678 struerct
635 3624 1051 3677 accusationem.
1114 3621 1402 3691 Propterea
1446 3622 1699 3675 Dominus
1722 3637 1816 3691 per
1843 3621 1939 3678 de-

349 3702 665 3763 sponsatam
698 3695 842 3748 venit
866 3709 880 3749 :
912 3708 1030 3763 qua:
1050 3692 1192 3748 enim
1223 3693 1542 3759 desionsata
1563 3701 1668 3763 est,
1690 3692 1943 3763 deinceps

350 3762 702 3834 oppignnrata
725 3776 827 3820 est.
854 3762 1029 3818 Ménse
1051 3774 1190 3818 sexto
1213 3764 1392 3816 missus
1414 3774 1486 3815 est
1513 3762 1721 3834 angelus
1743 3762 1946 3834 Gabriel

352 3835 424 3888 ad
456 3835 695 3906 uirginem
719 3836 1074 3906 desponsatam
1096 3834 1549 3906 uiro,cui_nomen
1569 3833 1762 3904 Joseplt
1787 3833 1939 3906 (Luc.

354 3909 407 3961 l.
445 3903 680 3976 26.27).
712 3907 851 3960 Audi
880 3905 1033 3976 Hquid
1078 3905 1147 3976 de
1196 3905 1314 3959 viro
1340 3903 1464 3976 hoc,
1518 3904 1694 3973 deque
1739 3903 1945 3975 virgine

353 3974 791 4047 propheta’dicat
824 3997 837 4032 :
868 3974 1084 4029 Dabitur
1125 3974 1251 4029 liber
1286 3975 1575 4047 obsignatas
1607 3977 1720 4047 uiro
1769 3974 1946 4047 scienti

256 4112 261 4115 τ
352 4044 530 4101 literas
556 4050 573 4116 (
603 4044 734 4100 Isai.
763 4047 855 4102 29.
881 4048 939 4101 ll
974 4047 1017 4118 ).
1049 4046 1179 4118 Quis
1206 4048 1307 4100 iste
1332 4045 1466 4118 liber
1502 4045 1812 4118 obsignatas
1844 4046 1945 4102 nisi

351 4118 580 4188 omnino
610 4118 948 4173 immaculata
975 4116 1169 4188 virgo?
1205 4133 1235 4172 a
1276 4116 1469 4188 quibus
1504 4116 1758 4188 dabitur?
1782 4116 1828 4171 A
1855 4132 1941 4188 sa-

353 4187 668 4243 cerdotibus
698 4190 919 4244 scilicet.
945 4186 1168 4243 Cuinatn
1202 4189 1371 4241 vero?
1409 4186 1609 4257 Joseph
1651 4186 1821 4241 fabro.
1847 4187 1946 4244 Hic

353 4268 442 4312 est
469 4258 557 4312 ille
586 4258 807 4329 Joseph,
840 4260 928 4329 qui
967 4258 1205 4314 honestis
1245 4268 1370 4312 ante
1396 4260 1592 4327 nuptiis
1629 4258 1946 4326 conjunctus

354 4330 553 4400 fuerat,
580 4330 882 4400 libero~que
930 4340 1263 4398 susceperat,
1312 4343 1532 4383 uxorem
1579 4330 1861 4395 amiserat,
1890 4341 1946 4384 et

358 4415 429 4454 ex
457 4399 548 4470 illo
576 4410 816 4469 tempore
845 4416 965 4455 cum
998 4415 1188 4470 magna
1219 4401 1482 4456 castitatis
1531 4400 1685 4454 laude
1715 4403 1942 4467 vixerat,

358 4470 411 4523 in
442 4469 724 4540 disciplina
755 4480 811 4525 et
837 4469 1177 4541 correptione
1225 4471 1434 4526 Domini
1478 4471 1675 4526 liberos
1712 4472 1947 4527 educans

357 4552 412 4594 et
444 4541 727 4612 instituens
757 4540 853 4612 (α).
882 4540 1112 4611 Ideoque
1164 4557 1391 4612 pergens
1438 4543 1712 4611 apustolus
1752 4543 1947 4597 ltaulns

358 4622 415 4664 ut
435 4611 783 4682 Evangelinm
801 4613 1130 4680 praedicaret,
1159 4625 1212 4667 et
1233 4611 1352 4667 cum
1386 4629 1546 4667 unum
1569 4628 1631 4666 ex
1661 4613 1742 4665 his
1766 4612 1947 4666 liberis

357 4682 692 4749 offendisset,
721 4683 934 4752 scripsit
979 4684 1163 4739 dicens
1194 4698 1206 4732 :
1237 4684 1409 4737 Alium
1450 4699 1565 4737 vero
1602 4688 1947 4750 apostolorum

359 4754 464 4825 vidi
488 4754 759 4817 neminem,
791 4756 888 4807 nisi
928 4753 1178 4825 Iacobum
1222 4758 1428 4825 fratrem
1470 4754 1679 4807 Domini
1706 4756 1723 4821 (
1747 4752 1863 4808 Gal.
1892 4754 1942 4807 1.

360 4822 476 4893 19),
509 4840 616 4879 non
643 4833 699 4880 ut
726 4839 792 4879 ex
821 4825 1025 4895 virgine
1050 4822 1235 4890 Maria,
1266 4825 1358 4881 sed
1381 4841 1448 4881 ex
1467 4825 1664 4894 Joseph
1687 4827 1946 4893 genitum.

360 4897 495 4948 Cum
528 4896 687 4966 igitur
729 4894 1036 4951 sacerdotes
1062 4909 1183 4949 cum
1231 4894 1466 4966 Josepho
1487 4937 1502 4961 ,
1549 4907 1608 4949 ut
1643 4909 1764 4950 cum
1798 4906 1949 4950 casto

362 4967 500 5030 viro,
530 4965 749 5019 Mariam
772 4967 1199 5035 conjunxissent,
1222 4982 1338 5021 eam
1369 4967 1442 5021 illi
1469 4966 1944 5029 commendarunt,

363 5044 740 5105 exspectantes
768 5052 1049 5107 quensque
1078 5039 1381 5106 nuptiarum
1406 5048 1612 5105 tempus
1633 5036 1946 5101 adveniret;

365 5110 532 5175 ipsam
561 5117 739 5162 autem
772 5107 859 5177 ille
884 5108 1149 5177 accipiens
1176 5109 1425 5163 intactam
1454 5108 1711 5176 virginem
1727 5122 1949 5162 conser-

368 5188 583 5249 vatur-us
608 5186 742 5231 erat.
774 5176 828 5231 Id
858 5176 1009 5249 quod
1031 5178 1197 5233 multo
1225 5188 1349 5234 ante
1379 5179 1632 5249 propheta
1666 5179 1946 5247 prmdixit:

367 5245 582 5318 Dabitur
613 5248 737 5302 liber
762 5245 1051 5318 obsignatas
1077 5249 1183 5302 t-iro
1211 5245 1390 5303 scienti
1406 5245 1595 5314 literas,
1624 5245 1723 5303 huc
1737 5259 1838 5310 est,
1862 5249 1951 5317 qni

362 5314 471 5383 jam
497 5319 697 5388 nuptiis
712 5314 988 5388 copulatus
1013 5322 1101 5386 sit,
1133 5331 1186 5374 et
1200 5319 1361 5383 dicet,
1378 5319 1493 5374 Non
1521 5333 1735 5390 possum
1754 5314 1950 5390 legere.

368 5392 543 5460 Quare
565 5405 693 5445 vero
721 5406 826 5444 non
859 5398 1032 5459 poles,
1060 5390 1300 5459 Joseph?
1330 5391 1443 5445 Non
1475 5406 1691 5458 possunt
1711 5431 1726 5455 ,
1758 5390 1949 5460 inquit,

372 5457 547 5528 legere
577 5477 591 5515 :
624 5457 932 5530 obsignatus
973 5464 1114 5517 enim
1159 5457 1240 5517 est
1277 5461 1431 5516 liber.
1464 5457 1560 5517 Cui
1606 5457 1954 5516 reservainr?

371 5530 617 5602 (hnnium
653 5547 836 5586 rerum
871 5531 1047 5602 opifici
1083 5531 1437 5587 habitaculum
1477 5541 1801 5602 reservatur.
1844 5530 1956 5602 (Sed

373 5601 437 5652 ad
467 5616 582 5656 rem
602 5600 1091 5658 mdeanmsJSczto
1125 5619 1294 5658 meme
1326 5604 1507 5659 missus
1545 5611 1616 5657 est
1644 5600 1850 5656 Gabriel
1889 5600 1957 5655 ad

374 5672 614 5745 uirginem
638 5688 658 5727 :
683 5671 823 5727 haud
870 5673 1088 5729 dubium
1104 5674 1260 5745 quin
1288 5673 1371 5729 his
1399 5673 1634 5744 acceptis
1669 5672 1953 5745 mandetis.

376 5744 596 5811 Adesto,
644 5746 835 5816 inquit,
884 5759 917 5800 ο
963 5742 1187 5816 angelo,
1238 5742 1591 5800 formidabilis
1644 5742 1959 5798 administer

426 5835 509 5903 _(a)
540 5844 694 5903 Putat,
712 5846 767 5888 ut
790 5837 945 5897 rides,
962 5838 1041 5891 hic
1060 5839 1364 5891 concinnatur
1399 5836 1661 5902 Josephum
1683 5834 1866 5888 liberos
1890 5848 1956 5887 ex

376 5896 749 5965 animum
774 5896 948 5956 uxore.

1450 399 1514 455 IN
1552 400 2157 460 ANNUNTIATlONEM
2198 403 2255 457 Β.
2305 400 2621 459 ιίιιαιΝιε.

3516 408 3623 462 ’ΠΗ

2043 526 2161 571 esto
2184 516 2454 587 mysterii;
2481 524 2693 572 secreto
2712 515 2973 572 miraculo
2997 514 3257 572 famulare
3275 559 3291 582 ,
3319 525 3379 573 ut
3401 518 3469 576 ad
3509 534 3626 586 per-

2043 587 2449 655 vcstigationem
2493 588 2707 653 Adami,
2743 588 2834 658 qui
2884 588 3174 655 aberravit,
3219 590 3563 656 descendam,
3595 607 3625 647 a

2041 660 2177 729 meis
2201 658 2493 729 compellor
2516 658 2965 729 miserationibus.
2996 659 3277 716 Peccatum
3305 661 3449 716 enim
3477 678 3623 729 eum,

2041 727 2131 791 qui
2176 727 2240 781 ad
2282 727 2565 797 imaginem
2615 743 2788 784 meam
2844 728 3154 784 efformatus
3192 740 3326 795 erat,
3358 727 3625 788 exoletum

2041 797 2293 869 reddidit,
2343 813 2690 868 mearumque
2737 814 2991 854 manuum
3045 800 3313 869 opificium
3360 802 3625 869 pntridum

2041 867 2123 941 eff.
2144 869 2235 930 cit.
2261 867 2620 923 inobscuravit
2636 867 3095 941 pulchritudinem
3128 886 3286 941 quam
3313 867 3623 940 eil‘ormavi;

2042 937 2198 1009 lupus
2224 954 2398 993 meum
2429 954 2591 1009 pecus
2618 940 2923 1009 depascitur
2944 983 2960 1007 ,
2992 937 3260 995 desertum
3290 952 3373 996 est
3397 937 3628 996 domici-

2042 1008 2170 1080 lium
2195 1009 2441 1079 paradisi.
2471 1008 2701 1080 Lignnm’
2728 1012 2849 1064 vitae
2887 1027 2917 1064 a
2958 1011 3137 1080 gladio
3177 1014 3423 1066 flammeo
3446 1022 3627 1067 custo-

2041 1078 2210 1142 ditur,
2251 1090 2307 1135 et
2349 1080 2499 1136 locus
2525 1078 2836 1143 deliciarum
2871 1078 3114 1137 occlusus
3144 1092 3245 1136 est.
3292 1082 3503 1136 Miseret
3542 1100 3628 1139 me

2041 1148 2317 1222 illius,qui
2338 1161 2691 1221 oppugnatur,
2728 1163 2782 1206 et
2810 1151 3018 1208 hostem
3039 1152 3492 1222 comprehendere
3517 1166 3626 1209 sta-

2043 1221 2139 1273 tui.
2168 1221 2258 1275 Sic
2280 1229 2459 1275 tamen
2488 1223 2538 1277 id
2575 1222 2788 1289 faciam,
2818 1233 2874 1276 ut
2897 1238 3083 1277 omnes
3108 1221 3360 1278 cailornm
3404 1225 3626 1278 virtutes

2043 1290 2237 1356 lateat;
2263 1292 2354 1345 tibi
2379 1293 2467 1345 uni
2500 1293 2602 1348 hoc
2636 1293 2799 1348 credo
2827 1303 3093 1349 secretum
3128 1312 3141 1346 ε
3174 1292 3511 1362 proficiscere
3557 1295 3623 1348 ad

2039 1362 2324 1432 virginem,
2354 1362 2439 1433 abi
2486 1363 2553 1417 ad
2597 1363 2882 1417 animatum
2925 1365 3214 1425 civitatem.
3248 1364 3317 1418 de
3360 1380 3462 1433 qtta
3488 1365 3623 1418 dixit

2042 1431 2299 1503 propheta
2335 1452 2349 1486 :
2384 1431 2617 1487 Gloriosa
2644 1434 2776 1486 dicta
2801 1443 2917 1488 sunt
2944 1435 3007 1488 de
3037 1444 3104 1499 te,
3130 1435 3304 1488 civitas
3325 1431 3419 1488 Dei
3448 1433 3623 1501 (Psal.

2040 1502 2129 1557 86.
2146 1502 2235 1573 ’5).
2265 1503 2364 1558 Abi
2391 1503 2458 1558 ad
2496 1503 2800 1573 paradisum
2848 1519 3025 1558 meum
3066 1504 3274 1559 ratione
3325 1506 3625 1572 praeditum,

2040 1573 2126 1627 abi
2150 1575 2214 1628 ad
2257 1581 2463 1644 portam
2492 1574 2844 1638 orientalem;
2870 1574 2954 1628 abi
2985 1575 3434 1629 adhahitaculum
3454 1574 3628 1630 Verbo

2040 1653 2164 1699 tneo
2206 1645 2567 1714 dignum;abi
2600 1645 2665 1701 ad
2700 1645 2927 1699 alterum
2977 1645 3027 1697 in
3087 1647 3241 1700 terris
3292 1644 3501 1709 caelum,
3542 1645 3628 1700 alii

2041 1714 2108 1768 ad
2154 1714 2349 1769 tmbem
2401 1715 2612 1776 levem,
2668 1716 2882 1783 meique
2942 1715 3202 1770 adventus
3260 1717 3485 1770 imbrem
3554 1717 3628 1769 illi

2042 1785 2307 1855 significa.
2344 1784 2511 1855 Perge
2547 1785 2612 1839 ad
2658 1785 3018 1840 sanctuarium
3063 1786 3191 1839 mihi
3234 1796 3626 1854 praeparatum;

2046 1871 2205 1926 perge
2247 1854 2314 1909 ad
2362 1854 2739 1910 incarnationis
2789 1871 2923 1910 mete
2965 1856 3291 1927 thalamum;
3344 1873 3504 1927 perge
3559 1859 3624 1910 ad

2043 1927 2281 1996 nuptiale
2316 1928 2620 1981 cubiculum
2650 1941 2783 1981 mea?
2808 1926 3101 1981 secundum
3144 1941 3358 1980 carnem
3384 1926 3631 1980 nativita-

2046 1998 2112 2050 tis
2163 2015 2177 2049 :
2237 1997 2456 2060 loquere
2498 1998 2565 2051 ad
2612 2011 2771 2051 aures
2834 1997 3106 2050 rationalis
3153 2012 3331 2057 art-re,
3391 2013 3627 2067 pra'parzt

2044 2068 2172 2121 mihi
2221 2067 2432 2121 auditus
2483 2068 2819 2136 ingressum;
2851 2067 2945 2121 sed
2987 2082 3206 2123 cavene
3248 2067 3468 2136 virginis
3517 2070 3632 2121 ani-

2044 2153 2188 2191 mum
2252 2139 2546 2207 perculeris
2601 2149 2693 2191 aut
2746 2136 3140 2208 perturbaveris
3186 2155 3201 2191 :
3261 2138 3500 2193 modeste
3554 2139 3628 2192 illi

2046 2209 2348 2263 sanctuario
2404 2216 2456 2263 te
2524 2209 2689 2273 siste,
2748 2207 2993 2277 primam
3057 2207 3131 2260 illi
3183 2222 3397 2277 voce-si
3433 2208 3630 2277 laetitia:

2046 2277 2240 2342 funde;
2293 2290 2345 2332 ιιι
2393 2280 2557 2333 dicito
2604 2276 2780 2332 Marini
2809 2297 2819 2329 ι
2849 2279 2951 2331 Ave
2987 2277 3149 2347 gratia
3192 2278 3340 2347 plena
3381 2276 3546 2349 (Luc.
3575 2282 3625 2333 1.

2043 2349 2136 2420 28)
2157 2390 2172 2415 ,
2202 2358 2262 2403 ιιι
2305 2365 2404 2420 ego
2433 2351 2689 2405 miserear
2716 2349 2862 2414 Evre,
2893 2349 3148 2420 aerumnis
3173 2363 3238 2403 ac
3263 2349 3414 2402 malis
3440 2363 3630 2420 cmun-

2044 2419 2185 2473 latin.
2220 2420 2345 2491 llaec
2374 2436 2496 2475 cum
2525 2419 2813 2474 audivisset
2842 2419 3081 2491 angelus,
3131 2420 3229 2484 sic,
3262 2430 3325 2491 ut
3361 2419 3630 2491 conjicere

2046 2499 2147 2557 cst,
2170 2490 2307 2560 apud
2338 2506 2397 2545 se
2426 2491 2837 2546 ratiocinabatur
2862 2508 2873 2541 :
2904 2490 3026 2543 Mira
3051 2505 3180 2543 sane
3205 2505 3291 2544 res
3317 2490 3413 2544 ista
3437 2532 3450 2552 ,
3509 2506 3627 2543 ver-

2045 2560 2171 2632 bum
2196 2562 2297 2632 hoc
2323 2572 2558 2615 mentem
2584 2561 2817 2632 cujusvis
2847 2560 3055 2632 excedit
3079 2577 3093 2612 :
3122 2560 3211 2629 qui
3239 2560 3524 2632 Glterubitn
3545 2571 3628 2613 est

2048 2631 2175 2701 ipsis
2203 2631 2573 2697 formidabilis,
2599 2630 2754 2702 quem
2783 2630 3063 2700 Seraphim
3091 2631 3331 2684 contueri
3373 2646 3476 2702 noti
3508 2645 3630 2698 pos-

2047 2711 2191 2767 sunt,
2209 2718 2366 2772 quem
2392 2718 2582 2757 omnes
2605 2701 2859 2772 angelicze
2908 2702 3135 2772 virtutes
3150 2771 3157 2772 γ
3174 2701 3630 2772 comprehendere

2047 2771 2354 2843 nequeunt,
2403 2773 2615 2843 qualem
2660 2771 3008 2842 congressum
3055 2771 3379 2843 pollicetur?
3417 2771 3627 2843 Puella;

2045 2841 2158 2898 stite
2184 2844 2349 2914 ipsius
2378 2841 2619 2913 persona:
2647 2841 2980 2914 praisfentiam
3026 2842 3320 2914 denuntiat,
3348 2841 3432 2914 vel
3455 2842 3628 2914 potius

2047 2912 2345 2984 ingressum
2368 2912 2714 2983 perattditutn
2763 2913 2837 2967 illi
2884 2913 3184 2983 promittit:
3215 2922 3269 2967 et
3304 2912 3402 2984 qui
3455 2912 3625 2965 Evam

2046 2983 2445 3052 condemnavit,
2476 2984 2541 3038 ad
2572 2985 2689 3053 ejus
2734 2984 2907 3038 filiam.
2952 2983 3405 3037 cohonestandattt
3457 2997 3624 3050 usque

2046 3056 2182 3109 adeo
2210 3056 2484 3110 incitatur.
2513 3057 2781 3124 Prtepara,
2812 3054 3003 3124 inquit,
3051 3055 3181 3124 mihi
3208 3054 3502 3124 iugrrssum
3534 3068 3630 3104 au-

2046 3125 2217 3192 ditus;
2248 3125 2344 3181 sed
2399 3123 2653 3193 numquid
2684 3135 2869 3179 venter
2890 3123 3488 3192 incomprehensibilem
3536 3138 3629 3191 po-

2050 3195 2659 3265 testcomprehendere?
2709 3197 2843 3249 Vere
2892 3195 3224 3265 tremendum
3280 3194 3385 3265 hoc
3434 3206 3630 3264 mySte-

2048 3267 2207 3321 rium.
2234 3264 2357 3321 nec
2381 3281 2500 3319 cum
2529 3265 2667 3334 apud
2698 3280 2756 3319 se
2783 3265 3044 3334 cogitaret
3068 3264 3289 3334 angelus
3313 3304 3327 3329 ,
3375 3264 3627 3334 Dominus

2046 3337 2113 3391 ad
2146 3340 2315 3404 ipsum
2337 3338 2409 3390 ait
2433 3354 2448 3391 :
2477 3333 2611 3406 Quid
2640 3333 2946 3406 percelleris
2973 3350 3039 3389 ac
3083 3333 3427 3406 perturbat-is,
3460 3349 3492 3388 o
3520 3333 3628 3389 Ga-

2047 3408 2216 3463 briel?
2245 3422 2422 3462 nonne
2451 3405 2588 3460 haud
2616 3404 2689 3459 iia
2710 3405 2965 3476 pridema
2988 3421 3074 3459 me
3099 3405 3163 3458 ad
3197 3404 3508 3460 Zaclmriattt
3535 3422 3625 3457 sa-

2047 3479 2320 3533 cerdotem
2347 3477 2540 3533 missus
2566 3477 2668 3533 es?
2695 3475 2870 3531 nonne
2900 3475 2975 3530 illi
3007 3477 3212 3529 felicem
3239 3475 3479 3531 nuntium
3532 3490 3627 3530 tta—

2050 3548 2267 3604 tivitatis
2294 3548 2516 3603 Joannis
2534 3548 2790 3603 attulisti?
2821 3562 2998 3601 nonne
3023 3546 3286 3600 sacerdoti
3331 3546 3486 3599 fidem
3533 3545 3628 3600 lta-

2050 3620 2176 3675 berc
2202 3619 2468 3675 recusanti
2485 3617 2680 3675 silentii
2707 3632 2916 3686 pt'enam
2941 3616 3222 3671 indixisti?
3249 3631 3425 3671 nonne
3442 3632 3625 3672 senem

2048 3692 2195 3746 vocis
2224 3691 2519 3759 privatione
2558 3689 2862 3743 damnasti?
2911 3702 3092 3741 nonne
3122 3696 3176 3741 tu
3225 3687 3579 3757 pronuntiasti
3612 3727 3626 3754 ,

2050 3761 2162 3831 Ego
2190 3777 2316 3815 vero
2346 3760 2700 3815 confirmavi?
2742 3772 2920 3814 nonne
2970 3759 3429 3831 anttuntiationem
3482 3766 3624 3813 tuam

2049 3829 2183 3902 opus
2204 3833 2375 3901 ipsum
2402 3831 2655 3886 continuo
2676 3836 3063 3902 consequutum
3089 3829 3222 3902 est?
3276 3842 3453 3902 nonne
3474 3898 3483 3902 _
3503 3844 3631 3902 con.

2050 3898 2193 3972 cepit
2212 3898 2451 3957 sterilis?
2477 3915 2656 3956 nonne
2682 3909 2865 3955 uterus
2890 3900 3165 3955 θῦεάὶιίιῖ
3189 3914 3366 3954 nonne
3396 3898 3622 3953 infirmi-

2052 3982 2134 4027 tas
2163 3973 2457 4028 sterilitatis
2507 3972 2808 4027 abscessit?
2853 3986 3034 4026 nonne
3071 3978 3275 4025 naturae
3315 3980 3496 4028 torpor
3535 3985 3630 4023 au.

2050 4043 2215 4114 fugit?
2241 4058 2421 4098 nonne
2436 4042 2704 4114 segetibus
2725 4057 2785 4114 ea
2810 4056 2955 4114 nunc
2975 4042 3227 4114 abundat,
3254 4056 3374 4114 quae
3394 4040 3632 4114 frugibus

2051 4111 2263 4186 penitus
2302 4123 2460 4168 antea
2508 4111 2774 4186 carebat?
2809 4111 3321 4186 Ntun__impossibile
3361 4111 3500 4186 apud
3545 4128 3632 4186 me

2050 4181 2360 4240 Creatorem
2383 4194 2465 4239 est
2485 4199 2645 4238 omne
2665 4183 2886 4241 verbum
2916 4181 3025 4252 (Ib.
3067 4181 3118 4238 it.
3175 4182 3309 4251 57)?
3353 4181 3634 4248 Quomodo

2051 4271 2181 4326 ergo
2203 4265 2257 4312 te
2281 4255 2540 4309 dubitatio
2562 4255 2750 4326 invasit
2773 4253 2797 4307 ?
2822 4253 2958 4326 Quid
3007 4269 3134 4323 ergo
3180 4267 3364 4306 rursus
3412 4254 3633 4320 angelus

2051 4323 2299 4381 ad'hacc?
2329 4327 2570 4390 Domine,
2598 4325 2791 4394 inquit,
2840 4323 3081 4379 defectus
3135 4334 3338 4378 natura:
3386 4337 3577 4394 sanare
3608 4363 3623 4388 ,

2053 4400 2361 4453 morborum
2441 4392 2807 4465 tempestatem
2885 4395 3115 4458 sedare,
3175 4392 3634 4465 inortiticaiionem

2053 4467 2415 4523 membrorum
2433 4469 2499 4521 ad
2519 4462 2728 4521 vitalem
2749 4480 3001 4520 revocare
3018 4467 3287 4526 virtutem,
3307 4465 3411 4517 vim
3439 4462 3636 4519 liberos

2054 4539 2293 4609 pariendi
2321 4539 2588 4607 imperare
2641 4545 2864 4609 natura),
2894 4536 3226 4591 sterilitatem
3279 4535 3329 4587 in
3368 4532 3640 4609 membris

2050 4603 2159 4680 jam
2188 4603 2415 4680 exoletis
2438 4608 2646 4675 tollere,
2675 4608 2929 4675 stipulam
2950 4616 3225 4660 senecmte
3257 4603 3634 4680 conlectam)"

2053 4673 2280 4734 formam
2306 4673 2706 4734 ltcrbescetttem
2738 4673 3096 4731 transmittare
3121 4715 3137 4741 ,
3198 4675 3443 4728 tellurem
3495 4673 3636 4727 infe-

2053 4753 2281 4806 cundam
2315 4750 2490 4804 statim
2516 4749 2742 4803 reddere
2792 4746 3182 4816 manipulorum
3227 4746 3481 4816 feracem,
3505 4759 3640 4813 opus

2053 4833 2139 4876 est
2189 4836 2221 4876 a
2264 4832 2351 4874 tua
2385 4820 2621 4890 potentia
2672 4819 2741 4873 de
2784 4815 2951 4873 more
2981 4815 3293 4890 perfectum.
3344 4815 3517 4869 Testis
3560 4824 3644 4871 est

2055 4893 2238 4959 Sarra,
2266 4901 2321 4949 et
2348 4888 2469 4960 post
2496 4906 2614 4944 eam
2636 4890 2895 4960 Rebecca,
2920 4898 2976 4943 et
3005 4902 3189 4942 rursus
3207 4888 3356 4941 Anna
3379 4902 3508 4960 qtne
3528 4903 3645 4960 una.

2056 4964 2196 5018 lesto
2222 4957 2521 5018 sterilitatis
2552 4961 2740 5021 morbo
2768 4959 3097 5022 laborarunt,
3133 4967 3188 5012 et
3217 4973 3245 5010 ιι
3275 4971 3326 5012 ιε
3355 4966 3478 5013 sunt
3499 4957 3548 5010 in
3575 4957 3642 5009 li-

2056 5035 2318 5090 bertatem
2346 5032 2647 5086 vindicatae.
2698 5029 2964 5099 Virginem
2993 5045 3119 5084 vero
3160 5029 3309 5085 nullo
3355 5029 3450 5084 viri
3492 5043 3642 5082 usam

2057 5120 2347 5173 congressu
2368 5103 2682 5176 peperisse,
2724 5100 2932 5176 legibus
2961 5111 3178 5176 natur-3e
3215 5100 3502 5176 sublimius
3538 5106 3644 5156 est,

2058 5178 2129 5230 At
2153 5168 2312 5231 ctiam
2345 5168 2491 5227 tunin
2524 5171 2716 5242 puella:
2741 5168 3024 5225 adventum
3054 5171 3344 5240 polliceris.
3379 5168 3505 5222 (Sa-li
3534 5179 3643 5229 ter-

2062 5262 2242 5315 ra-que
2267 5254 2317 5300 te
2341 5244 2471 5299 fines
2500 5243 2891 5315 non_capiunt:
2918 5257 3025 5313 quo
3051 5253 3202 5315 pacto
3225 5247 3437 5315 ergowte
3464 5250 3649 5315 uterus

2060 5309 2234 5386 capiet
2258 5316 2527 5384 virgineus
2543 5309 2735 5386 i'i‘um
2763 5312 2829 5368 ad
2856 5309 2976 5386 enin
3011 5309 3265 5386 Dominus
3294 5328 3317 5386 :_
3342 5309 3647 5386 Quomodo,

2063 5380 2254 5456 inquit,
2286 5380 2373 5440 me
2397 5380 2547 5455 cepit
2566 5384 2838 5439 Abraham
2872 5384 3269 5456 ittberttacuium
3367 5380 3463 5456 Qui
3493 5395 3648 5456 ange-

2062 5450 2151 5513 lus
2164 5450 2482 5525 respondit}
2514 5456 2723 5524 Quippe
2749 5452 2890 5525 quod
2919 5452 3347 5525 pelagnslzaliuit
3375 5450 3651 5520 ltospitali~

2066 5530 2208 5584 tatis.
2247 5522 2447 5583 Deinde
2475 5522 2782 5589 considera,
2805 5522 3048 5591 Domine,
3082 5522 3188 5577 illic
3219 5524 3363 5576 visus
3410 5536 3470 5576 es
3495 5535 3523 5574 ιι
3557 5537 3649 5589 pa-

2067 5598 2297 5654 triarcha
2320 5600 2372 5652 in
2396 5598 2736 5652 tabernaculo
2758 5595 2908 5666 juxta
2933 5594 3072 5666 viam
3098 5593 3290 5663 posito,
3312 5604 3363 5666 et
3386 5603 3652 5666 perirans-

2066 5671 2153 5726 isti
2186 5671 2298 5741 qui,
2319 5670 2499 5741 omnia
2517 5662 2775 5741 comples;
2803 5665 3084 5734 Quomodo
3100 5662 3294 5741 autem
3307 5738 3311 5741 ν
3327 5662 3473 5741 feret
3487 5662 3651 5741 hilaria

2066 5730 2243 5811 ignem
2269 5739 2595 5812 divinitatis}
2640 5730 2890 5794 Thronits
2941 5747 3063 5812 imis
3106 5734 3408 5812 incenditur
3447 5730 3653 5812 fulgore

2068 5801 2413 5882 cbllustratus
2428 5857 2442 5882 ,
2465 5823 2518 5865 et
2538 5809 2766 5882 ferrete
2791 5807 2982 5882 poterit
3008 5804 3237 5882 flammis
3259 5805 3421 5859 illa‘sa
3451 5801 3653 5882 virgo?

2073 5884 2210 5940 Sane
2240 5871 2514 5955 quidemsi
2537 5880 2672 5936 laesit
2697 5871 2835 5953 ignis
2858 5876 3049 5939 rubum
3095 5878 3150 5941 in
3192 5875 3443 5943 deserto,
3495 5871 3650 5928 lazdet
