4124 6472
332 384 435 438 8ιό

337 498 499 553 hodie
548 497 858 553 voluntaria
898 505 1136 565 suscepit
1184 498 1475 562 mandata.
1520 500 1680 553 hodie
1714 500 1919 558 excidit

335 569 616 639 paradiso,
651 569 812 623 hodie
841 585 1034 622 rursus
1062 570 1406 624 introductus
1435 581 1538 624 est.
1569 569 1614 623 0
1643 572 1786 625 diem
1817 588 1917 627 va-

330 641 507 694 riant!
536 655 570 694 0
595 640 906 694 luctuosum
924 650 977 693 ct
999 641 1146 694 luctu
1172 655 1402 694 vacuum
1426 644 1438 694 !
1463 658 1497 692 o
1519 658 1677 695 mane
1698 642 1916 710 quidem

330 711 611 766 tristitiam
639 710 953 765 all‘ercntem
973 750 987 773 ,
1015 726 1238 777 vespere
1261 720 1440 766 autem
1465 712 1861 767 cxhilamntcm
1896 731 1912 768 :

329 782 411 836 vel
432 782 636 851 potius,
654 797 688 835 o
708 782 800 849 qui
820 796 984 850 quam
1006 782 1171 834 multa
1191 782 1422 851 sanavit!
1445 780 1639 851 Magno
1654 798 1774 838 meo
1790 800 1914 839 cum

325 850 521 906 dolore
543 851 718 907 fateor
740 851 912 914 vobis,
929 867 1052 905 cum
1074 850 1206 905 mihi
1228 862 1435 907 vett-res
1455 850 1753 908 occurrunt
1771 855 1917 909 cala-

327 924 546 977 mitates
576 941 589 977 :
618 922 886 976 Adamum
918 921 1147 976 audiens
1177 931 1398 990 paterna
1425 922 1590 977 domo
1620 925 1912 990 excidisse,

327 992 605 1063 horninem
620 993 856 1062 paradisi
873 993 1046 1046 civem
1068 992 1274 1058 absque
1289 992 1623 1063 agricultura
1646 996 1914 1051 nutritum

326 1061 520 1127 fuisse,
539 1061 745 1132 alisque
766 1063 946 1132 pluvia
963 1063 1017 1116 in
1036 1063 1247 1117 deliciis
1270 1061 1570 1128 versatum,
1592 1064 1725 1118 nilnl
1749 1066 1917 1121 sudo-

325 1134 501 1196 rilms,
534 1143 628 1186 aut
656 1134 833 1201 ligone
857 1143 954 1187 aut
978 1133 1257 1189 laboribus
1285 1144 1379 1189 aut
1409 1134 1820 1201 l'atigationibus
1845 1136 1912 1192 ad

322 1206 491 1259 vitam
514 1205 930 1259 sustentamlam
962 1218 1101 1271 Opus
1130 1204 1202 1258 illi
1239 1203 1429 1269 luisse,
1464 1206 1756 1261 arboribus
1781 1222 1915 1274 gau—

319 1275 540 1329 dentem
570 1290 787 1343 seraper
810 1274 1152 1337 ﬂorentibus,
1175 1289 1204 1328 a
1224 1273 1448 1329 ﬂoribus
1472 1276 1525 1328 in
1546 1276 1708 1332 llorcs
1731 1273 1915 1333 trans-

318 1354 564 1411 euntem,
595 1361 626 1399 a
658 1345 928 1401 fructibus
961 1346 1026 1399 ad
1059 1345 1272 1400 fructus
1306 1345 1719 1413 transilientem,
1748 1363 1911 1402 usum

321 1416 583 1471 halmisse
601 1416 996 1484 cupiditatibus
1017 1418 1431 1485 obsequentem,
1451 1431 1593 1485 saepe
1609 1429 1790 1472 autem
1815 1434 1913 1472 ne-

318 1486 551 1543 scivissc
566 1489 652 1540 cui
676 1487 1023 1554 potissimum
1049 1502 1244 1556 manus
1264 1487 1511 1555 injiceret
1532 1502 1642 1555 prae
1664 1488 1911 1557 pulchri-

318 1560 513 1613 tudine
555 1573 746 1611 eornm
786 1572 909 1626 quae
946 1572 1069 1610 sese
1117 1557 1420 1611 otl'erebant
1465 1576 1478 1611 :
1530 1572 1912 1627 saepenumero

315 1638 528 1683 tantam
559 1628 872 1681 felicitatem
892 1627 1106 1691 dellcvi,
1127 1642 1251 1681 cum
1275 1642 1400 1681 eum
1431 1636 1507 1682 tot
1529 1628 1689 1683 bonis
1718 1643 1912 1684 cerne-

317 1717 436 1753 rem
469 1699 769 1753 excidisse:
798 1699 1109 1753 communis
1135 1698 1339 1768 quippe
1367 1709 1482 1753 erat
1517 1699 1827 1761 calamitas,
1857 1707 1912 1754 ct

315 1786 444 1838 qure
480 1778 649 1823 totum
694 1784 867 1835 genus
901 1767 1507 1839 mistruutattingcbat.
1547 1767 1744 1824 Postea
1780 1785 1911 1824 vero

316 1856 489 1911 quam
516 1839 568 1911 in
599 1840 886 1911 Evangelia
917 1838 1103 1911 incidi,
1130 1850 1183 1894 et
1205 1838 1492 1894 hancmilri
1522 1840 1666 1911 diem
1696 1841 1911 1911 Specia-

323 1912 423 1966 tim
459 1910 632 1979 delegi
665 1912 859 1978 (sexta
894 1910 1039 1963 cium
1073 1918 1191 1964 erat
1219 1919 1273 1964 ct
1309 1911 1420 1974 illa,
1454 1919 1507 1964 et
1543 1910 1702 1980 ham)
1732 1910 1752 1964 ξ
1792 1920 1908 1966 tum

314 1996 540 2036 nrnncm
562 1981 731 2049 abjeci
752 1981 1052 2042 tristitiam,
1071 1988 1125 2035 et
1144 1995 1399 2035 sermone
1422 1981 1667 2035 lzetitiam
1694 1997 1804 2050 prrc
1824 1997 1911 2037 me

319 2054 423 2107 tuli
451 2068 465 2117 ;
491 2051 571 2106 sic
599 2051 741 2119 apud
770 2068 855 2106 me
877 2051 1118 2121 cogitare
1142 2051 1382 2120 coepi..ct
1409 2051 1552 2120 apud
1579 2066 1676 2107 vos
1703 2051 1854 2107 eﬂ'ari
1890 2070 1905 2107 :

311 2123 440 2178 Jain
466 2122 623 2176 dolor
643 2122 927 2178 abscessit.
953 2121 1196 2184 tristitia,
1213 2123 1449 2192 gemitus
1475 2129 1698 2192 rvctera
1723 2131 1757 2177 ιι
1772 2138 1905 2177 ans-

312 2196 526 2254 ierunt,
562 2208 688 2246 ecce
725 2208 860 2246 nova
899 2192 1038 2249 facta
1075 2191 1440 2247 suntomnia.
1474 2191 1609 2245 Nam
1642 2196 1909 2262 querna-l-

312 2265 544 2317 modum
578 2264 773 2316 medici
802 2264 1025 2316 vulnera
1050 2280 1079 2315 a
1110 2263 1457 2331 serpentibus
1484 2263 1654 2321 illata.
1680 2278 1744 2317 ex
1774 2263 1908 2332 ipsis

312 2336 554 2389 tttutuati
573 2334 833 2396 remedia,
854 2348 1050 2388 sanare
1069 2334 1283 2397 solent;
1307 2345 1326 2387 t
1344 2336 1456 2402 ipsa
1481 2334 1655 2387 morbi
1677 2334 1909 2389 materia

307 2406 387 2459 ad
411 2409 659 2458 morbum
681 2403 1072 2475 proﬂigandam
1091 2415 1317 2459 utuntur
1338 2404 1439 2475 :ita
1456 2403 1704 2458 Salvator
1724 2414 1911 2459 noster

307 2476 578 2530 omnibus
607 2478 874 2528 malorum
900 2474 1284 2529 occasionibus
1309 2474 1375 2528 ad
1404 2476 1604 2529 bonum
1640 2491 1771 2529 usus
1797 2485 1905 2539 est,

303 2562 565 2600 amarum
599 2545 650 2598 in
684 2546 845 2600 dulce
880 2547 1171 2610 coavertit,
1208 2545 1422 2599 l'ellenm
1456 2547 1522 2600 ad
1558 2546 1905 2599 curationem

304 2617 587 2696 traduxit,
620 2617 811 2696 mortis
829 2616 1125 2696 stimulum
1157 2617 1421 2696 adversus
1455 2616 1629 2696 ipsam
1658 2615 1903 2696 retorsit,

305 2689 446 2750 ligni
470 2702 667 2741 noxam
689 2690 741 2740 in
765 2686 994 2740 salutem
1015 2689 1413 2745 transmutavit.
1436 2686 1578 2741 diem
1602 2686 1909 2755 assumpsit

301 2773 440 2827 qua:
470 2757 731 2829 murulum
759 2761 1083 2829 perculerat,
1117 2766 1303 2829 ctupro
1337 2758 1428 2810 illa
1458 2758 1602 2829 diem
1638 2757 1897 2829 reddidit,

299 2826 439 2896 tina:
478 2826 741 2881 mundum
764 2826 1117 2881 exhilaravit.
1160 2826 1289 2880 Mihi
1331 2842 1456 2880 vero
1489 2828 1595 2880 noli
1650 2826 1909 2892 credere,

300 2898 406 2951 sed
425 2898 598 2951 oculis
618 2899 723 2951 tuis
747 2916 760 2951 :
783 2899 928 2951 hunc
945 2897 1156 2951 intuere
1175 2908 1526 2959 conventum,
1546 2907 1600 2951 et
1619 2901 1940 2952 nobiscum-

299 2969 646 3037 conteudere
670 2967 881 3023 desine.
906 2966 1141 3037 Diesest
1158 2971 1340 3037 crucis
1361 3008 1376 3033 ,
1398 2977 1451 3022 et
1471 2969 1909 3037 gaudentiusom-

322 3051 449 3101 nes,
471 3044 522 3088 ct
545 3034 850 3105 jrjurramus
873 3050 903 3089 a
926 3035 1100 3098 malis,
1126 3043 1180 3090 et
1208 3035 1323 3102 puri
1344 3033 1538 3105 sumus
1560 3033 1912 3105 inmunibus,

264 3146 269 3151 .
325 3106 384 3158 in
414 3103 789 3166 interiorilms,
821 3105 873 3159 in
915 3105 1287 3159 exterioribus.
1332 3104 1458 3159 [huc
1495 3112 1579 3159 est
1613 3103 1912 3159 festivitatis

326 3177 498 3241 ratio,
533 3177 619 3231 hic
645 3176 847 3230 laetitia:
876 3176 1084 3230 modus.
1120 3175 1285 3231 Parva
1327 3176 1446 3229 dico
1488 3175 1696 3229 virtutis
1738 3175 1914 3230 crucis

324 3247 587 3301 miracula
638 3265 651 3301 :
708 3248 915 3301 intuere
960 3257 1126 3300 totum
1177 3247 1362 3300 orbem
1410 3256 1703 3311 terrarum,
1752 3260 1913 3314 quam

323 3317 482 3371 niulti
509 3318 624 3389 pagi
651 3360 665 3383 ,
697 3334 855 3387 quam
899 3317 1080 3371 lilUiltB
1121 3316 1279 3371 urbes
1304 3358 1319 3383 ,
1352 3331 1512 3389 quam
1553 3316 1718 3389 multa
1755 3316 1912 3382 loca,

322 3386 976 3456 quam'multaz'uationes
1000 3429 1015 3453 ,
1049 3403 1207 3457 quam
1258 3387 1440 3443 multa:
1482 3386 1668 3440 insula:
1691 3426 1706 3451 ,
1751 3401 1912 3456 quam

323 3460 495 3512 tnrdta
531 3460 780 3524 llmnina,
810 3474 967 3529 quam
997 3460 1161 3513 multa
1190 3459 1375 3521 litora.
1407 3474 1566 3528 quam
1596 3458 1777 3513 multa:
1806 3459 1915 3514 sint

321 3542 515 3598 gentes
558 3540 612 3585 et
643 3530 884 3596 taruilize,
912 3539 966 3585 et
995 3530 1188 3601 linguae
1219 3530 1564 3601 barbarorum
1601 3546 1614 3582 :
1647 3529 1701 3582 ni
1726 3544 1915 3601 onines

320 3612 548 3672 propter
590 3618 805 3656 crucem
845 3599 1122 3670 jejunani,
1155 3601 1273 3668 ejus
1314 3600 1506 3672 virtute
1534 3614 1664 3654 suos
1691 3599 1915 3655 atl‘ectus

323 3670 725 3741 crucrtigentes,
744 3673 1043 3742 multisque
1074 3687 1178 3726 nux
1199 3670 1512 3742 absolvitur,
1535 3685 1711 3741 neque
1737 3680 1913 3742 tamen

315 3742 507 3812 jr-juuii
533 3744 681 3796 labor
706 3741 1017 3797 absolvitur.
1044 3742 1196 3797 Nunc
1222 3742 1381 3796 etiam
1410 3741 1535 3812 quid
1564 3741 1916 3798 convenimus

318 3815 391 3866 ad
420 3813 975 3883 audiendumaliquid
1004 3815 1072 3870 de
1098 3828 1292 3879 crure,
1323 3822 1373 3867 et
1407 3812 1688 3867 ecclesiam
1720 3811 1911 3881 imple-

321 3900 464 3948 ntus,
498 3900 701 3955 nosque
733 3885 957 3955 invicem
987 3886 1269 3947 trudimus,
1290 3884 1564 3955 sudantes,
1585 3884 1911 3955 laborantes,

318 3965 376 4009 ct
401 3952 819 4024 quideurcoram
845 3954 1113 4025 judicibus
1142 3970 1287 4022 same
1314 3954 1365 4008 in
1396 3954 1563 4023 prima
1593 3952 1721 4009 sede
1748 3952 1914 4025 collos

319 4023 427 4079 cati
455 4069 469 4089 ,
501 4041 682 4080 coram
724 4023 859 4081 Jesu
898 4041 1024 4080 vero
1069 4027 1302 4081 libenter
1346 4029 1506 4079 etiam
1534 4033 1738 4078 stantes
1759 4066 1774 4085 .
1807 4023 1912 4079 nisi

320 4097 466 4164 quod
496 4097 744 4151 Christus
785 4095 932 4151 stetit
960 4108 1190 4167 propter
1217 4111 1315 4151 nos
1334 4137 1349 4158 ,
1384 4107 1440 4150 ut
1469 4095 1686 4167 malitia:
1712 4094 1911 4167 ﬂuenta

321 4168 574 4223 sisteret?
603 4167 739 4234 Quid
769 4168 927 4237 igitur
956 4165 1117 4223 hodie
1152 4170 1345 4221 iactum
1374 4166 1490 4221 cst?
1520 4182 1626 4220 non
1657 4167 1798 4220 enim
1830 4165 1917 4220 fas

321 4251 405 4292 est
434 4246 529 4291 nos
556 4254 687 4293 aure
711 4240 871 4293 surda
900 4237 1056 4307 hujus
1076 4238 1181 4292 dici
1202 4238 1455 4292 rniracnla
1482 4237 1774 4306 pranerire.
1797 4238 1912 4290 Lux

323 4319 438 4361 erat
466 4310 750 4377 deinceps,
782 4312 1062 4380 ipsumque
1098 4309 1392 4364 diluculum
1418 4349 1433 4380 ,
1467 4317 1521 4362 et
1557 4307 1913 4380 introducitur

329 4383 522 4453 vinctis
567 4379 915 4453 tutantibusirr
935 4381 1241 4453 prmtorium
1266 4379 1452 4453 _Pilati.
1492 4379 1711 4453 Quibus
1726 4380 1909 4453 niani:

324 4451 455 4503 has?
477 4452 605 4518 Qua:
623 4466 795 4505 cruces
814 4448 1095 4519 sanabant,
1123 4451 1344 4506 claudos
1366 4452 1643 4505 curabant.
1672 4448 1738 4503 Et
1757 4449 1908 4519 digiti

322 4523 551 4575 vinculis
576 4522 1063 4591 obstringebantur,
1091 4523 1185 4590 qui
1211 4522 1493 4590 palpebras
1513 4520 1864 4576 eii‘ormarunt
1891 4541 1906 4575 :

319 4605 376 4645 et
407 4593 494 4661 qui
528 4590 1067 4655 naturamicura'bat,
1107 4591 1488 4663 colligabatur,
1528 4607 1595 4646 ne
1635 4593 1909 4663 proprium

318 4679 518 4718 nninns
544 4666 760 4732 exsequi
796 4672 993 4733 posset.
1022 4663 1146 4717 llasc
1174 4661 1384 4733 merces
1418 4663 1660 4717 Domino.
1690 4661 1909 4732 Ligatus

318 4746 405 4788 est
431 4735 517 4801 qni
543 4734 666 4804 ligat
693 4731 865 4804 aquas
893 4733 945 4788 in
973 4733 1207 4789 nubibus
1237 4731 1356 4804 (Job
1379 4733 1475 4804 26.
1506 4734 1597 4799 8),
1628 4734 1716 4803 qui
1749 4731 1910 4788 Solvit

320 4807 531 4875 vinctos
559 4802 608 4857 in
639 4802 969 4875 fortitudine,
999 4806 1088 4873 qui
1110 4802 1332 4875 captivis
1358 4802 1725 4875 dimissionem
1750 4804 1909 4875 largi-

322 4886 412 4931 tur
443 4874 610 4946 (l’wl.
635 4875 725 4929 67.
750 4877 801 4939 7;
829 4874 956 4930 lsai.
983 4876 1071 4930 (il.
1102 4874 1187 4945 i);
1207 4875 1403 4946 ligatus
1427 4884 1509 4929 est
1532 4875 1622 4944 qui
1649 4874 1907 4931 Lazarum

316 4946 483 5002 solvit
505 4962 534 4999 a
561 4947 784 5001 vinculis
812 4948 996 5001 mortis
1023 4966 1036 5002 :
1062 4957 1360 5015 pertractus
1379 4947 1548 4999 estad
1575 4946 1904 5015 prmtorium,

316 5034 483 5086 qttctn
525 5017 669 5071 tnille
697 5019 870 5087 angeli
915 5029 1180 5085 tamquam
1225 5018 1511 5085 stipatores
1548 5030 1611 5070 ac
1649 5017 1908 5072 satellites

318 5098 640 5157 sequuntur.
674 5086 893 5143 Adstitit
919 5103 1099 5143 coram
1131 5089 1298 5143 Pilato
1324 5086 1369 5142 is
1398 5087 1551 5156 cujus
1575 5088 1800 5141 thronus
1826 5098 1911 5143 est

320 5162 517 5212 ctutum
550 5176 563 5211 :
602 5168 656 5212 et
701 5168 879 5214 tentus
925 5159 1234 5214 trahebatur
1275 5174 1307 5213 a
1354 5159 1614 5213 creaturis
1652 5169 1905 5225 creator,

322 5232 497 5297 npitcx
529 5230 595 5282 ab
624 5230 858 5298 opiticio,
881 5242 1066 5283 auctor
1093 5231 1161 5284 ab
1181 5246 1370 5300 Opere.
1400 5228 1537 5296 Quid
1563 5244 1700 5300 ergo
1721 5238 1907 5297 postea

321 5303 521 5355 factum
549 5301 660 5353 cst?
704 5300 770 5353 Et
803 5301 901 5371 ipsi
945 5317 1045 5353 non
1088 5299 1386 5355 introierunt
1416 5302 1467 5353 in
1499 5299 1791 5370 prwtorinm
1811 5340 1828 5365 ,
1857 5311 1909 5352 at

314 5382 421 5421 non
489 5371 988 5433 contaminarentur,
1042 5372 1131 5425 sed
1180 5383 1235 5424 ut
1279 5371 1645 5424 manducarent
1697 5373 1906 5439 pascha.

318 5441 505 5510 (Joan.
538 5442 624 5496 18.
649 5442 763 5511 28).
798 5440 842 5496 Ο
874 5444 1142 5512 ingentem
1180 5443 1548 5512 iuiquitataml
1580 5440 1784 5512 caedem
1828 5442 1909 5495 in-

315 5512 537 5583 jttslilitl:
561 5510 866 5582 perpetrauit
884 5554 899 5576 ,
922 5510 1048 5567 etin
1072 5510 1384 5583 praetorium
1408 5510 1612 5582 ingredi
1636 5524 1905 5575 recusant,

319 5594 577 5637 caventes
621 5600 687 5636 uc
731 5585 1202 5651 contaminemur,
1256 5585 1355 5653 qui,
1393 5583 1504 5651 jam
1560 5584 1908 5637 contaminati

318 5662 481 5716 sunt,
520 5668 674 5707 Ovem
713 5670 814 5709 ove
855 5654 1203 5710 redimi-mes.
1247 5655 1512 5712 Judicium
1543 5654 1721 5723 itaque
1746 5654 1910 5708 subiit

319 5733 493 5778 totius
519 5724 663 5778 orbis
694 5735 954 5779 terrarum
993 5725 1151 5793 judex
1193 5745 1205 5780 :
1250 5726 1525 5795 expositus
1556 5725 1656 5778 fuit
1689 5726 1909 5779 testibus

319 5798 411 5856 qui
445 5795 740 5849 animarum
770 5796 920 5849 testis
949 5807 1029 5850 est
1057 5815 1070 5850 :
1097 5809 1148 5851 et
1178 5799 1266 5865 qui
1293 5796 1564 5861 condidit,
1591 5795 1860 5864 jadicatur
1891 5812 1905 5850 :

318 5872 482 5932 atque
504 5865 748 5921 homines
770 5867 984 5934 quidem
1001 5867 1261 5933 judicium
1284 5877 1601 5923 exercentes
1623 5866 1903 5920 sedebant.

1346 371 1415 426 ΙΝ
1451 372 1724 429 ‘SANCTA
1777 374 1863 431 ΕΤ
1902 376 2137 433 ΜᾹΗΝᾹ
2183 379 2607 438 PARASCEVE.

3508 387 3612 445 8H

2039 489 2178 569 licus
2196 501 2374 547 autem
2403 495 2598 569 staliat,
2630 504 2685 550 et
2707 506 2856 569 stans
2884 498 3092 563 δὶινῑρειι,
3120 500 3270 569 juxta
3296 502 3617 558 vestibulum

2035 560 2319 640 hominum
2364 565 2621 640 adstans,
2664 568 2957 640 ctrlestium
3000 560 3260 623 'lioniinus
3306 571 3615 640 januarum.

2035 632 2397 713 Interrogabat
2428 636 2667 713 Pilatus,
2712 635 2848 693 forte
2870 640 3169 713 humanior
3198 632 3356 712 quain
3388 642 3569 713 Judaei
3600 662 3615 697 τ

2029 704 2156 779 quid
2187 703 2324 760 forte
2349 706 2505 779 dico?
2534 706 2639 761 Res
2669 719 2833 779 gesta:
2868 709 2918 763 id
2949 726 3131 764 verum
3159 703 3610 779 crimprnbahnnt.

2033 776 2197 838 Quam
2246 777 2613 831 accusatione»:
2663 777 2856 844 a/fcrtis
2901 782 3141 835 adversus
3187 776 3439 835 hominem
3482 786 3617 839 hunc

2029 844 2209 925 (facit:
2238 846 2327 901 18.
2365 846 2519 925 29ηΔ
2538 848 2656 925 quis
2709 850 2872 903 Deum
2895 861 3093 925 potest
3122 853 3422 925 accusare?
3450 870 3617 923 cogor

2029 916 2288 994 siquidem
2332 934 2396 971 ex
2444 918 2599 973 Pilati
2639 916 3038 994 personalnqui
3069 940 3083 976 :
3109 922 3267 994 Jesus
3293 925 3492 994 quippe
3518 916 3611 979 ’ἱει-

2030 985 2217 1051 ccbat,
2248 1004 2352 1063 non
2393 995 2531 1057 quod
2560 985 2753 1063 Arei-bis
2797 985 3059 1063 indigeret
3098 985 3363 1061 Verbum,
3391 985 3499 1050 's'ed
3547 1013 3614 1051 ne

2030 1057 2381 1124 responsione
2431 1059 2604 1114 crucis
2650 1057 2930 1116 coronam'
2958 1064 3294 1119 dissolveret.
3348 1057 3435 1119 ⁷Αιι
3483 1081 3614 1121 vero

2032 1129 2396 1206 tuossessioncs
2434 1131 2774 1206 concupivit,
2815 1133 2915 1206 qui
2950 1134 3077 1206 nihil
3118 1135 3392 1204 possidet?
3421 1136 3612 1191 domos

2029 1196 2263 1275 alienas,
2304 1200 2393 1269 qni
2430 1196 2720 1275 ntnnqitam
2761 1196 2942 1275 habuit
2971 1204 3062 1259 ubi
3099 1196 3259 1275 caput
3288 1206 3612 1261 reclinaret?

2031 1269 2316 1350 pecunias,
2340 1271 2453 1350 "qui
2500 1269 2752 1350 proprios
2787 1274 3075 1350 discipulos
3112 1269 3385 1350 usquead
3419 1293 3608 1350 zonam

2028 1338 2291 1394 nudavit?
2334 1338 2466 1395 Cum
2504 1338 2622 1396 non
2669 1342 2888 1399 haberet
2926 1338 3141 1400 asinum
3169 1338 3207 1405 .’
3231 1347 3463 1401 alienum
3508 1348 3608 1402 sibi

2025 1411 2393 1477 comparavit,
2425 1419 2482 1465 ut
2529 1413 2719 1467 vestris
2761 1415 2942 1469 liberis
2984 1417 3342 1472 bcncdiceret.
3382 1418 3607 1472 Causam

2025 1476 2212 1558 auerte
2236 1523 2259 1558 ,_
2282 1482 2497 1558 ﬁngite,
2522 1482 2667 1550 juste
2702 1498 2734 1537 e
2770 1486 2947 1558 medio
2986 1487 3173 1558 tollite.
3204 1488 3611 1558 Responderunt

2027 1550 2133 1628 ipsi
2161 1550 2330 1605 Judaei
2364 1550 2391 1607 Ξ
2420 1552 2482 1608 Si
2499 1569 2612 1628 non
2636 1563 2764 1628 esset
2785 1554 3184 1628 Itic_titalcfactor
3204 1599 3220 1623 ,
3251 1550 3352 1612 non
3390 1559 3480 1612 tibi
3505 1569 3611 1613 tra-

2025 1621 2325 1698 didissemus
2350 1639 2463 1698 eum
2491 1623 2679 1698 (Joan;
2704 1627 2790 1698 μς.
2824 1626 2934 1698 50).
2961 1621 3144 1698 Magna
3172 1621 3350 1682 rerum
3386 1630 3606 1684 demon-

2023 1692 2253 1770 Stratio,
2292 1692 2565 1749 indetinita
2603 1692 2937 1770 declaration
2972 1692 3389 1770 dicviﬂagitium,
3435 1715 3610 1770 neque

2024 1776 2121 1835 per
2138 1762 2394 1835 ambages
2423 1765 2677 1834 protrahe
2715 1766 3037 1822 auditorem.
3083 1762 3221 1823 Dixit
3255 1770 3333 1823 eis
3360 1762 3560 1823 Pilatu's
3591 1790 3605 1825 :

2024 1832 2254 1910 ᾼςςξηὶιε
2276 1832 2542 1910 citeriori
2567 1844 2613 1889 et
2640 1838 2917 1910 secnrtdum
2945 1841 3107 1910 legem
3142 1850 3356 1893 vestram
3378 1840 3611 1910 judicatc

2022 1900 2200 2028 (Ibid.
2230 1920 2283 1957 v.
2311 1907 2373 1961 51
2397 1905 2435 1976 ).
2475 1905 2683 1975 Equus
2704 1907 2867 1976 judex
2905 1900 3181 1978 rejiciebat
3209 1925 3346 1964 onus
3371 1900 3422 1964 in
3450 1923 3611 1979 caput

2059 1974 2329 2028 admorunt
2365 1995 2376 2028 :
2410 1992 2504 2028 vos
2527 1976 2752 2028 aet-inite
2789 1979 3007 2028 sceleris
3049 1981 3384 2028 narticinem-
3422 1982 3610 2028 Dicunt

2059 1974 2329 2051 admorunt
2361 1974 2504 2051 avos
2527 1974 2752 2051 accipite
2789 1974 3007 2051 sceleris
3048 1981 3384 2051 participem.
3421 1974 3610 2036 Dicunt

2021 2045 2072 2099 ei
2101 2044 2270 2123 Judaei
2300 2064 2314 2100 :
2350 2046 2514 2123 obis
2539 2044 2657 2123 noni
2679 2044 3098 2123 liqetinterﬁcei'e
3122 2044 3440 2123 quamquam.
3467 2056 3610 2117 ρυωσ

2025 2116 2185 2172 modo
2210 2133 2338 2191 ergo
2362 2117 2549 2173 Isaiam
2578 2120 2917 2174 interfecistis
2934 2116 2957 2175 εδ
2977 2116 3245 2191 quomodo
3270 2116 3605 2188 Zachariam,

2022 2187 2291 2262 quo.r_:_ndo
2342 2205 2776 2262 unumquemque
2821 2206 2890 2246 ex
2942 2187 3262 2262 prophetis?
3320 2193 3609 2247 Enimvero

2023 2273 2129 2332 non
2164 2258 2287 2314 licet
2313 2260 2465 2315 vobis
2493 2258 2794 2317 interﬁcere
2814 2302 2829 2321 .
2861 2258 2967 2316 non
2996 2258 3116 2332 quia
3147 2278 3253 2316 non
3290 2263 3448 2316 vultis
3469 2306 3483 2327 ,
3512 2266 3605 2318 sed

2021 2329 2142 2402 quia
2176 2346 2279 2383 non
2309 2331 2530 2400 potestis
2579 2350 2592 2385 :
2628 2332 2738 2400 jam
2777 2333 2918 2386 enim
2961 2329 3115 2388 erant
3157 2334 3247 2388 tali
3288 2342 3548 2402 potestate
3576 2353 3605 2387 a

1976 2468 1979 2471 λ
2020 2398 2279 2474 Βιξιῃειηίε
2303 2398 2514 2474 privati.
2542 2398 2647 2458 ι.εὴ
2672 2417 2801 2473 ergo
2818 2404 2927 2472 jam
2951 2406 3121 2458 soluta
3144 2413 3247 2467 est,
3274 2398 3324 2457 iit
3353 2405 3606 2474 operibus

2021 2470 2234 2537 quidem
2261 2474 2431 2526 otiosa
2459 2511 2475 2538 ,
2504 2473 2554 2526 in
2584 2470 2883 2528 atramento
2907 2485 3086 2529 autem
3116 2470 3418 2530 consistens
3448 2493 3459 2527 :
3485 2490 3604 2529 eam

2020 2555 2152 2613 vero
2188 2542 2348 2613 solvit
2391 2544 2479 2613 qui
2525 2544 2803 2613 Colligatus
2841 2555 2922 2600 est
2957 2544 3133 2601 Jesus.
3177 2545 3311 2600 Ttnn
3344 2545 3545 2600 Pilatus
3590 2562 3603 2596 :

2022 2610 2135 2682 ligo
2165 2610 2589 2687 nullam‘invenio
2626 2610 2679 2687 in
2709 2631 2767 2669 eo
2787 2632 2993 2687 causam
3023 2616 3197 2687 (Jonn.
3233 2616 3313 2671 18.
3353 2616 3464 2685 58).
3489 2616 3604 2670 Non

2022 2692 2078 2735 tn
2104 2692 2326 2749 tantum,
2358 2684 2545 2751 Pilato,
2572 2686 2666 2741 sed
2701 2701 2871 2755 neque
2905 2684 3095 2753 Judaei,
3126 2703 3299 2755 neque
3327 2684 3476 2745 arei.
3508 2702 3604 2739 ue-

2020 2769 2123 2822 que
2145 2755 2374 2827 mortui,
2407 2770 2579 2825 neque
2603 2756 2683 2810 sul
2706 2797 2721 2818 ,
2753 2773 2925 2827 neque
2954 2758 3105 2823 luna,
3142 2773 3313 2827 neque
3336 2758 3562 2811 ninndus
3588 2799 3602 2818 .

2020 2839 2193 2899 neque
2235 2826 2364 2894 justi
2396 2842 2599 2899 omnes
2636 2826 2911 2899 propheta:
2934 2869 2948 2893 ,
2980 2835 3036 2882 et
3080 2826 3343 2899 martyres
3369 2871 3382 2891 ,
3433 2845 3604 2897 neque

2022 2894 2278 2969 propheta
2321 2896 2407 2969 qui
2438 2896 2567 2969 dicit
2607 2894 2764 2963 {Qui
2806 2910 3063 2967 peccatum
3106 2894 3406 2969 nonffecit,
3451 2894 3606 2969 nerine

2019 2965 2343 3040 iuventuscst
2374 2966 2523 3021 dolus
2553 2968 2604 3040 in
2635 2984 2722 3040 ore
2747 2965 2853 3038 ejus
2880 2969 3034 3034 (luti.
3062 2970 3150 3040 55.
3180 2965 3261 3040 9):
3288 2968 3487 3023 Omnes
3516 2967 3603 3021 I’r.

2022 3034 2129 3089 Ι..ιο
2167 3038 2528 3107 sum-agantur
2573 3039 2623 3092 in
2672 3034 2814 3107 justa
2863 3039 3126 3094 sententia
3172 3034 3388 3094 ferenda
3441 3057 3453 3092 ε
3505 3040 3605 3092 soli

2019 3108 2368 3162 adversantur
2395 3107 2586 3173 Judaei,
2614 3124 2733 3164 cum
2757 3110 2990 3164 clamore
3015 3121 3347 3173 accusantes,
3380 3116 3436 3163 ct
3464 3111 3605 3162 vrri-

2021 3185 2183 3248 tatem
2244 3179 2588 3233 inobscurare
2654 3179 2881 3233 tumultu
2937 3180 3307 3244 ctuttendunt,
3367 3180 3606 3248 illudque

2022 3247 2398 3321 Isaiaedictum
2428 3251 2747 3321 continuant
2777 3268 2789 3304 :
2819 3249 3120 3321 Exspcctari
3141 3262 3192 3304 ut
3221 3254 3404 3321 facet-et
3432 3247 3601 3321 nam»,

2018 3328 2064 3373 et
2094 3319 2210 3390 fecit
2238 3320 2453 3391 spirws;
2479 3330 2526 3374 et
2564 3337 2667 3374 non
2698 3318 2988 3388 justitiam,
3031 3321 3120 3374 sed
3152 3318 3425 3375 clanwrrm
3450 3318 3601 3391 (lani.

2018 3391 2072 3445 5.
2096 3389 2150 3445 2.
2185 3403 2239 3445 ct
2267 3389 2346 3460 7).
2381 3391 2512 3444 Dum
2540 3399 2856 3460 gererentur
2885 3392 2982 3447 ista
3005 3434 3020 3458 ,
3068 3391 3269 3446 Pilatus
3310 3389 3485 3459 neque
3523 3391 3603 3445 di-

2018 3476 2143 3515 cere
2173 3476 2345 3531 ncque
2374 3461 2560 3516 audire
2588 3461 2658 3515 ob
2699 3460 2980 3516 confusum
3027 3464 3309 3517 tumultum
3352 3472 3601 3530 poterat,

2019 3547 2210 3602 resque
2241 3532 2306 3587 ad
2337 3532 2657 3586 seditionem
2689 3533 2960 3601 vergebat.
2996 3534 3137 3587 Misit
3162 3533 3302 3587 enim
3331 3533 3397 3585 ad
3428 3532 3601 3602 ip~um

2020 3618 2154 3658 ll.\0l'
2181 3603 2331 3671 ejus.
2362 3603 2572 3674 egregia
2600 3603 2900 3674 auxiliatrix
2921 3645 2936 3671 ,
2965 3620 3084 3674 quae
3116 3604 3287 3658 virum
3312 3617 3604 3674 [imperan-

2022 3684 2125 3745 tem
2155 3672 2431 3738 retineret,
2462 3672 2648 3729 dicens
2678 3691 2691 3726 :
2718 3673 2811 3728 Nil
2833 3673 2922 3728 tibi
2949 3672 2996 3728 et
3014 3676 3157 3745 justo
3177 3674 3255 3726 illi
3275 3672 3487 3744 (Matth.
3507 3672 3599 3727 27.

2020 3744 2109 3815 i9)
2153 3762 2167 3798 :
2209 3745 2254 3799 si
2298 3745 2512 3814 quidem
2545 3745 2717 3813 possis
2744 3790 2761 3811 ,
2798 3744 3129 3800 salvum’i'ac
3174 3744 3359 3807 illtun;
3389 3744 3447 3815 si
3472 3759 3609 3797 vero

2018 3813 2253 3885 nequeas
2276 3856 2291 3877 ,
2322 3816 2470 3869 salva
2515 3816 2852 3885 temetipsum
2886 3834 2901 3870 :
2934 3824 3137 3870 teritum
3181 3832 3285 3869 non
3328 3813 3604 3884 proferens

2018 3884 2149 3942 illud
2181 3886 2394 3941 Davidis
2419 3884 2709 3955 eloquium
2735 3904 2750 3940 :
2783 3884 2869 3940 Ne
2904 3887 3088 3956 perdas
3116 3902 3233 3940 cum
3272 3885 3441 3954 impiis
3469 3885 3601 3956 Anni-

2017 3974 2153 4028 mam
2181 3967 2319 4028 tuam
2339 3999 2354 4020 ,
2384 3966 2431 4011 et
2458 3953 2570 4028 cuin
2596 3957 2717 4010 viris
2752 3953 3060 4028 tangninnm
3084 3959 3237 4011 vitam
3265 3953 3404 4009 tuam
3427 3953 3600 4026 (Psal.

2015 4027 2106 4083 25.
2129 4028 2208 4093 9).
2248 4027 2396 4081 Nihil
2433 4027 2523 4081 tibi
2558 4037 2607 4080 et
2621 4028 2765 4098 justo
2793 4027 2870 4081 illi
2910 4044 2930 4081 :
2968 4030 3129 4098 multa
3154 4028 3285 4080 enim
3316 4043 3465 4098 passa
3490 4043 3601 4079 sum

2017 4100 2167 4170 Itodie
2188 4116 2284 4170 per
2311 4099 2562 4152 somnium
2588 4097 2793 4170 prapter
2812 4114 2925 4170 eum
2950 4097 3160 4170 (Matth.
3184 4098 3274 4151 ‘27.
3306 4097 3418 4170 i9).
3453 4097 3602 4150 Alter

2015 4169 2252 4238 Joseph,
2296 4185 2391 4238 per
2430 4169 2691 4223 insomnia
2740 4168 3019 4224 veritatem
3063 4169 3265 4234 cernit,
3294 4168 3599 4223 Judworum

2014 4238 2339 4301 clamoribus
2380 4240 2749 4311 testimonium?
2769 4255 2926 4295 suum
2951 4241 3171 4311 opponit
3206 4257 3219 4293 :
3251 4238 3603 4311 cmtveniebat

2015 4312 2158 4366 enim
2184 4353 2200 4377 ,
2243 4320 2300 4366 ut
2339 4311 2439 4380 ipsi
2467 4326 2493 4362 a
2522 4309 2840 4365 mulieribus
2874 4309 3281 4381 superarentur.
3329 4310 3463 4381 Vicit
3507 4325 3602 4362 eos

2017 4383 2205 4438 ltahab
2246 4378 2504 4437 meretrix
2554 4399 2566 4435 :
2618 4381 2743 4435 vicit
2785 4395 2879 4436 eos
2921 4378 3042 4451 qua:
3087 4382 3359 4451 sanguinis
3400 4378 3617 4433 ﬂuxum"

2018 4454 2316 4523 patiebatur
2351 4471 2364 4505 :
2394 4454 2518 4507 vicit
2547 4452 2848 4523 Chanantca
2874 4494 2889 4516 ,
2929 4462 2984 4508 ct
3015 4469 3155 4508 nunc
3197 4467 3380 4506 rursus
3410 4451 3602 4523 mulier

2015 4520 2204 4579 contra
2236 4526 2376 4579 illos.
2412 4524 2465 4578 in
2495 4524 2770 4593 angustias
2801 4520 3113 4592 rediguntur
3142 4542 3155 4576 :
3180 4523 3505 4590 respondent
3527 4520 3601 4573 illi

2011 4595 2183 4650 διιόωί
2205 4612 2227 4648 ιΑ
2241 4593 2353 4649 Nec
2374 4594 2531 4666 legent
2555 4594 2814 4656 habemus.
2833 4604 2878 4647 ct
2898 4594 3176 4666 secundum»
3195 4594 3365 4666 legent
3379 4601 3604 4666 nostram

2014 4668 2155 4720 debet
2186 4667 2309 4720 mori
2343 4663 2635 4738 (Μωρέ-19.
2681 4666 2759 4738 7),
2783 4666 2952 4738 Quam
2996 4679 3124 4738 vero
3166 4663 3379 4738 legem;
3412 4663 3605 4738 quibus

2013 4732 2798 4793 dictionibus'stabilitam?an
2831 4734 2970 4789 forte
3009 4734 3075 4788 iis
3103 4748 3220 4804 qua:
3256 4732 3418 4791 hodie
3451 4732 3604 4786 lectio

2013 4809 2181 4864 sunt?
2211 4807 2492 4877 Tamquam
2515 4807 2620 4860 ovis
2641 4806 2707 4858 ad
2727 4807 3030 4860 occisionem
3056 4803 3237 4858 ductus
3265 4814 3337 4858 est
3364 4820 3382 4857 :
3403 4813 3449 4856 et
3474 4803 3603 4877 sicut

2012 4896 2174 4951 agnus
2203 4875 2373 4951 coram
2400 4878 2643 4951 tondente
2663 4892 2717 4930 se
2743 4876 3105 4951 obmutescam,
3129 4877 3201 4931 sic
3230 4890 3329 4928 non
3352 4875 3513 4951 aperit
3548 4890 3603 4925 us

2012 4945 2159 5006 situm
2195 4964 2214 5002 :
2246 4950 2307 5002 ab
2336 4948 2682 5019 iniquitatibus
2720 4948 2897 5017 pOpuli
2928 4949 3023 5001 mei
3049 4947 3229 5001 ductus
3271 4955 3342 5019 est
3370 4945 3437 4998 ad
3464 4960 3601 5019 mor-

2014 5032 2110 5075 tem
2140 5019 2294 5091 (Iani.
2322 5017 2490 5074 55.7.
2513 5019 2591 5090 8).
2623 5019 2728 5091 llas
2752 5033 2851 5089 ego
2872 5019 3082 5091 reperio
3106 5031 3265 5072 voces
3293 5017 3395 5091 illis
3425 5017 3601 5077 utiles,

2012 5089 2554 5161 alibi‘nequaquam,
2605 5090 2744 5144 unde
2785 5097 2995 5144 constet
3030 5089 3153 5161 jure
3196 5090 3435 5161 occisum
3482 5101 3603 5161 esse

2014 5162 2221 5217 Jesum.
2267 5156 2547 5232 ingressus
2592 5170 2675 5215 est
2716 5156 3045 5229 prmtorium'
3070 5160 3268 5232 Pilatus
3315 5156 3603 5232 iracundae

2013 5233 2209 5288 cedens
2234 5228 2564 5296 Judicorum,
2596 5228 2940 5300 exstinguere
2967 5231 3298 5285 contendens
3336 5228 3601 5300 ﬂammam

2016 5304 2410 5359 inexstinctam.
2444 5302 2720 5371 Ingressus
2742 5299 2825 5356 εει
2846 5343 2860 5366 ,
2893 5311 2947 5357 et
2975 5316 3224 5371 egressus
3250 5308 3367 5366 est,
3400 5299 3481 5371 v_el
3510 5313 3590 5367 pn-

2017 5376 2120 5430 tius
2148 5375 2323 5444 ignem
2346 5368 2607 5430 accendit.
2640 5373 2788 5428 Exiit
2811 5373 2953 5444 etaim
2983 5368 3392 5444 secumlrahcns
3419 5368 3605 5444 Jesum

2015 5439 2328 5502 coronatum
2354 5462 2368 5498 :
2399 5445 2541 5513 quod
2569 5443 2930 5514 Spectaculum
2961 5453 3155 5514 praeter
3174 5442 3385 5496 illormn
3413 5439 3602 5493 volun-

2014 5526 2175 5573 tatcm
2216 5512 2465 5586 apparuit
2512 5533 2525 5569 :
2565 5512 2691 5570 dum
2727 5515 2845 5586 illis
2889 5514 3099 5586 hostem
3132 5512 3246 5586 jam
3286 5520 3604 5586 coronatum

2014 5582 2390 5657 ostenditLjam
2418 5587 2696 5649 victorem,
2717 5585 2826 5654 jam
2850 5585 2997 5656 regio
3022 5585 3203 5657 habitu
3225 5582 3602 5657 convestitum.

2014 5658 2146 5713 Nam
2169 5651 2298 5712 illud
2320 5657 2535 5728 quidem
2561 5651 2867 5728 ignominiaa
2896 5651 3053 5710 causa
3084 5654 3262 5717 ﬁebat,
3287 5652 3380 5728 sed
3404 5651 3607 5728 nativa}

2017 5740 2194 5783 t:unen
2227 5722 2385 5798 regia:
2420 5722 2693 5798 dignitatis
2736 5727 3121 5780 subobscurum
3167 5733 3283 5798 erat
3328 5722 3602 5776 indicium.

2018 5800 2087 5855 Ut
2115 5794 2573 5853 autem'viderunt
2609 5812 2755 5861 eum,
2785 5812 2943 5866 quem
2975 5812 3118 5862 saepe
3146 5794 3409 5866 viderant,
3441 5809 3625 5866 quem.

2016 5885 2306 5942 numquam
2350 5870 2629 5938 viderant,
2672 5864 2829 5938 quem
2867 5883 3081 5937 semper
3124 5866 3366 5920 videntes
3400 5864 3595 5918 initam-
