4124 6464
353 413 457 472 81⁸1

354 530 553 585 ctenim
579 533 810 581 vestrum
835 522 1114 579 Dominum
1138 521 1268 577 estis
1289 520 1496 575 imitati.
1529 518 1728 574 Nautas
1752 515 1937 585 appel-

355 598 520 653 labo?
546 598 680 652 tales
709 597 850 650 enim
878 595 1039 660 estis,
1067 607 1188 647 cum
1229 593 1597 661 experimento
1644 590 1936 661 ipsopro:

353 669 544 724 cellam
571 667 824 721 ﬂuctuum
854 657 1178 719 sustineatis.
1203 657 1604 717 Gubernatores
1622 657 1716 713 vos
1736 657 1940 713 dicam?

354 740 554 792 etenim
593 738 740 792 estis.
781 737 932 791 Sicut
969 734 1324 804 peritissimus
1359 732 1705 802 gubernator,
1723 730 1825 804 Aqui
1870 727 1937 781 ad

353 810 565 863 clavum
613 807 805 862 sedens
852 801 985 859 artis
1030 805 1216 872 peritia
1254 801 1627 873 tempestatem
1653 801 1854 865 evitat,
1884 806 1941 853 et

352 879 677 933 incolumem
717 884 982 932 servatam
1022 890 1209 928 navem
1253 872 1318 927 ad
1359 872 1696 942 tranquillum
1731 878 1937 940 portum

354 950 572 1004 deducit
597 965 613 1003 :
644 948 722 1003 sic
745 958 799 1002 et
826 961 921 1001 vos
949 946 1099 1000 estis.
1130 944 1237 999 Sed
1277 953 1329 997 et
1369 943 1664 1011 discipulos
1708 957 1803 994 vos
1829 956 1926 992 vo-

355 1019 533 1075 cabo?
561 1018 893 1090 paratienim
927 1017 1057 1090 estis
1078 1015 1144 1069 ad
1170 1015 1545 1090 obedientiam.
1570 1015 1639 1067 At
1658 1012 1941 1090 magistros

356 1104 455 1144 vos
483 1081 696 1144 dicam?
727 1089 931 1142 Rursus
972 1086 1166 1152 dicam,
1200 1085 1377 1140 ESliS:
1409 1085 1572 1138 totius
1611 1083 1754 1138 enim
1798 1081 1943 1134 orbis

357 1160 597 1230 magistri
630 1160 822 1230 fuistis.
855 1157 991 1223 Quid
1015 1172 1144 1225 ergo
1171 1155 1449 1230 dicemus?
1480 1154 1645 1208 Hodie
1665 1153 1817 1208 vobis
1846 1166 1940 1220 ap-

359 1226 561 1300 ponere
587 1228 915 1299 spiritualem
948 1242 1185 1300 mensam
1230 1226 1354 1280 volo
1377 1266 1405 1300 ,Α
1433 1242 1555 1294 qua:
1605 1238 1710 1278 non
1749 1235 1944 1291 corpus

360 1297 554 1366 reiicit,
600 1297 695 1357 sed
742 1300 985 1370 Spiritum
1030 1297 1313 1370 conﬁrmat
1346 1312 1359 1349 :
1395 1297 1680 1370 imo_ve_ro,
1722 1309 1844 1370 qua:
1891 1303 1945 1346 et

357 1364 556 1440 corpus
599 1364 805 1434 reiicit,
855 1377 909 1424 et
957 1368 1188 1440 animam
1213 1376 1447 1440 purgat.
1491 1366 1636 1421 Talis
1679 1364 1820 1420 enim
1863 1373 1947 1418 est

361 1438 545 1496 mensa
574 1440 884 1511 spirituaiis,
916 1454 1022 1493 non
1052 1438 1187 1511 sicut
1209 1438 1299 1491 illa
1324 1439 1630 1511 gulosorum
1651 1476 1667 1502 ,
1695 1451 1813 1511 quae
1853 1450 1941 1486 sa-

363 1506 787 1581 tietatem'parit.
813 1510 1002 1565 Sermo
1028 1509 1248 1581 quippe
1266 1506 1553 1581 spiritualis
1585 1514 1696 1570 est,
1747 1506 1943 1581 bonum

356 1583 613 1637 emittens
632 1576 856 1637 odorem
878 1581 896 1611 ⁸
927 1599 940 1634 :
973 1576 1131 1649 quem
1161 1578 1250 1649 qui
1283 1576 1499 1633 revocat
1523 1578 1576 1631 in
1607 1576 1943 1649 memoriam,

361 1654 656 1707 nonaliter
685 1661 846 1720 atque
883 1651 928 1703 is
983 1647 1070 1718 qui
1125 1647 1449 1719 unguentum
1491 1647 1759 1720 comedit,
1810 1647 1944 1720 011οἶ

359 1739 475 1779 rem
516 1714 794 1785 suavitatis
835 1714 1078 1786 eructat,
1126 1729 1181 1773 et
1200 1714 1331 1772 'non
1375 1720 1545 1773 solum
1590 1717 1756 1773 odore
1799 1714 1947 1770 sumi

361 1796 597 1864 seipsum
618 1802 846 1864 recreat,
867 1790 959 1845 sed
978 1801 1037 1845 et
1063 1791 1333 1864 proximos
1354 1790 1452 1864 sibi
1474 1786 1834 1864 suaveolentia
1858 1802 1949 1864 re-

363 1857 491 1934 plet.
517 1862 808 1926 Attendite,
833 1857 1022 1932 quaeso
1046 1878 1061 1915 :
1083 1860 1310 1934 verbum
1335 1860 1476 1914 enim
1511 1858 1755 1934 proferre
1784 1857 1942 1934 volo;

361 1929 486 1989 nam
517 1942 642 1989 sunt
672 1929 886 2003 quidam
919 1947 981 1985 ex
1012 1930 1400 2003 urinatoribus,
1437 1931 1528 2000 qui
1572 1944 1631 1984 se
1668 1944 1699 1985 e
1737 1929 1857 2001 navi
1896 1929 1947 1980 in

362 2020 513 2060 mare
538 1997 828 2074 dejici'unt,
859 2012 914 2057 ut
940 2000 1259 2070 profundum
1303 1997 1645 2074 percu'rraut,
1676 1997 1743 2054 et
1766 2008 1948 2053 extra-

364 2075 496 2131 hant
526 2071 868 2144 margaritam
901 2091 914 2126 :
943 2087 1042 2127 nos
1071 2086 1199 2125 vero
1230 2071 1382 2125 navis
1407 2072 1526 2144 ioco
1562 2080 1716 2144 vetus
1755 2084 1817 2124 ac
1854 2084 1951 2122 no-

363 2160 486 2200 vum
505 2141 902 2199 Testamentum
926 2144 1202 2207 habentes,
1224 2157 1319 2211 pro
1332 2141 1693 2211 gubernaculo
1712 2154 1947 2204 erucem,

362 2231 464 2285 pro
489 2216 849 2286 gubernatore
877 2214 1168 2278 Christum,
1199 2212 1317 2267 loco
1345 2222 1570 2286 proreta:
1599 2212 1831 2286 Patrem,
1854 2224 1951 2279 pro

361 2283 616 2369 ieph'yro.
641 2286 895 2369 Spiritum
944 2283 1518 2369 sanctumquprotvelo
1559 2283 1785 2369 gratiam
1800 2321 1831 2364 τ,
1853 2295 1952 2363 pro

362 2352 543 2411 nautis
564 2352 871 2425 discipulos,
908 2369 1003 2424 pro
1031 2353 1337 2425 vectoribus
1362 2352 1670 2422 prophetas,
1697 2352 1950 2425 projicia-

362 2441 485 2482 mus
522 2424 732 2481 nosmet
761 2426 905 2494 ipsos
933 2425 1002 2479 de
1038 2424 1157 2478 navi
1190 2424 1241 2476 in
1272 2425 1489 2492 pelagus
1527 2424 1910 2478 sententiarum
1931 2462 1946 2486 ,

363 2513 472 2551 non
501 2507 558 2551 ut
588 2493 925 2568 margaritam
946 2536 959 2560 ,
992 2495 1086 2568 sed
1114 2503 1171 2548 ut
1197 2493 1339 2568 quod
1385 2494 1665 2561 margarita
1702 2501 1785 2548 est
1826 2507 1950 2563 pre-

365 2568 589 2632 tiosius,
622 2565 983 2621 extrahamus.
1020 2566 1209 2619 Parate
1227 2567 1436 2635 animos
1466 2577 1707 2635 vestros,
1734 2578 1947 2635 qtneso,

362 2646 420 2693 et
446 2646 551 2692 tota
581 2637 873 2691 intentione
894 2637 1105 2700 mentis,
1129 2650 1250 2705 qua:
1275 2634 1542 2705 dicuntur,
1566 2634 1786 2690 audite:
1816 2634 1953 2688 sicut

362 2709 508 2762 enim
535 2718 659 2762 ante
688 2707 818 2774 dixi,
849 2707 1130 2776 margarita
1152 2704 1443 2774 pretiosius
1467 2705 1718 2776 quiddam
1740 2721 1804 2758 ex
1829 2719 1953 2774 pro-

360 2778 533 2833 fundo
549 2779 930 2832 sententiarum
951 2775 1068 2832 sum
1090 2782 1442 2846 extracturos.
1469 2775 1545 2830 Ne
1571 2776 1728 2846 igitur
1747 2785 1954 2846 vosmet

362 2850 666 2918 negligatis,
696 2862 803 2918 nec,
826 2848 1100 2901 brutorum
1130 2845 1298 2899 instar
1320 2860 1413 2918 vos
1438 2847 1636 2916 geratis
1656 2862 1670 2898 :
1694 2845 1950 2916 scriptum

362 2917 457 2976 est
477 2917 616 2974 enim
649 2935 662 2973 :
696 2917 872 2972 Nolite
911 2918 1105 2971 mittere
1144 2917 1450 2985 margaritas
1494 2928 1614 2971 ante
1656 2931 1837 2985 porcos
1861 2957 1876 2981 ,
1906 2923 1955 2970 et

364 2991 519 3044 nolite
549 2990 794 3058 projicere
820 2998 998 3042 saneta
1030 2986 1237 3058 canibus
1262 2984 1477 3058 (Matth.
1507 2988 1556 3042 7.
1590 2984 1667 3056 6).
1698 2984 1829 3041 Cum
1857 3002 1951 3040 au-

364 3071 473 3115 tem
506 3057 695 3130 porcos
721 3060 900 3123 audis,
930 3074 1036 3113 non
1067 3057 1133 3130 de
1163 3057 1334 3112 brutis
1374 3058 1694 3130 animalibus
1713 3058 1955 3130 testimes

361 3132 470 3186 dici
493 3127 519 3195 ;'
551 3141 607 3185 et
651 3144 813 3185 mites
852 3144 972 3183 cum
1004 3128 1192 3193 audis,
1224 3142 1329 3183 non
1356 3127 1424 3181 de
1450 3130 1671 3182 canibus
1713 3127 1827 3180 istis
1849 3127 1954 3181 dici

365 3210 542 3272 putes.
576 3201 776 3255 Porcos
804 3199 958 3272 enim
975 3208 1127 3252 vocat
1163 3212 1257 3272 eos
1294 3198 1390 3272 _qui
1429 3198 1710 3272 luxuriose
1735 3197 1953 3272 vivunt'2

362 3265 529 3327 canes
550 3278 703 3324 vocat
729 3285 840 3331 eos,
871 3269 962 3338 qui
988 3277 1190 3322 temere
1214 3268 1267 3321 in
1293 3265 1570 3338 Dominum
1600 3266 1747 3338 rabie
1769 3265 1955 3337 perciti

364 3343 789 3398 insurrexerunt.
820 3336 1000 3394 Facite
1039 3353 1167 3407 ergo
1207 3351 1300 3389 vos
1339 3336 1528 3402 dignos
1565 3337 1631 3392 ad
1661 3338 1960 3406 suscipien-

364 3414 492 3468 dam
536 3412 872 3481 margaritam
912 3424 1070 3480 quam
1119 3409 1270 3461 vobis
1316 3407 1474 3462 hodie
1512 3422 1631 3481 sum
1661 3407 1954 3481 oblaturus.

364 3481 643 3553 Siquidem
657 3478 1064 3553 'agricolzc'non
1097 3481 1361 3553 incassum
1390 3478 1821 3553 sem_inant,_nisi
1864 3478 1961 3532 bo-

367 3548 467 3609 ves
494 3553 641 3623 prius
665 3548 953 3620 junxerunt,
983 3558 1295 3623 atat-atrum
1325 3549 1604 3623 duxerint,
1633 3548 1816 3617 Spinas
1842 3562 1961 3623 ora-

367 3619 635 3686 dicai-int,
669 3619 852 3678 ’sulcos
892 3620 1277 3689 praeciderint;
1320 3631 1373 3673 et
1410 3619 1488 3673 sic
1513 3620 1728 3675 demum
1756 3619 1959 3672 semina

369 3704 534 3749 terra:
576 3695 953 3772 committunt,
995 3701 1050 3772 et
1094 3706 1214 3747 cum
1248 3690 1607 3772 descenderit
1631 3689 1858 3772 .pluvia,
1897 3690 1957 3772 in

372 3775 532 3820 teme
577 3763 781 3818 viscera
815 3779 878 3818 ea
922 3762 1160 3826 deterat;
1209 3769 1264 3815 et
1306 3777 1427 3814 mox
1459 3771 1600 3814 terra
1630 3759 1694 3815 iis
1721 3759 1962 3829 exceptis

368 3836 575 3904 spicam
617 3834 876 3903 producit.
913 3832 1289 3904 Verumtamen
1334 3832 1422 3884 illa
1464 3831 1668 3904 semina
1712 3829 1958 3904 hyemem

370 3900 709 3974 exspectant,
738 3914 793 3959 et
818 3911 1058 3958 asstatem
1087 3914 1144 3958 et
1170 3900 1395 3974 imbrem
1423 3901 1691 3974 Ctl‘lt‘SlCln
1710 3939 1724 3963 ,
1754 3900 1807 3954 et
1830 3900 1963 3955 solis

373 3971 574 4040 radios,
603 3985 658 4029 et
686 3975 877 4029 messis
907 3983 1149 4043 tempus,
1181 3982 1235 4027 et
1259 3973 1345 4026 illa
1377 3981 1505 4026 tunc
1530 3971 1583 4025 in
1612 3972 1805 4026 horrea
1833 3986 1963 4025 con-

375 4045 616 4099 vehunt:
644 4055 697 4098 at
721 4060 822 4115 ego
847 4060 951 4099 non
981 4044 1227 4115 hyemetn
1247 4082 1262 4105 ,
1294 4057 1397 4096 non
1427 4050 1667 4115 mstatem
1690 4082 1705 4106 ,
1737 4056 1835 4115 nec
1875 4055 1963 4094 ηις

372 4116 497 4171 dios
523 4116 652 4170 solis
674 4110 947 4183 exspecto,
973 4110 1079 4169 non
1105 4114 1365 4174 imbrem;
1394 4128 1566 4182 neque
1591 4112 1683 4167 b0\
1696 4127 1755 4167 es
1772 4110 1960 4181 jungo,

374 4201 551 4255 neque
574 4193 808 4256 aratrum
833 4184 970 4240 duco
990 4225 1004 4247 ,
1034 4199 1206 4256 neque
1234 4184 1409 4238 sulcos
1434 4183 1755 4256 proscinde,
1790 4195 1965 4252 neque

373 4254 561 4323 Spinas
601 4255 773 4311 evello
797 4273 811 4313 :
835 4256 1095 4325 siquidem
1120 4254 1298 4310 hodie
1338 4255 1580 4317 semino,
1610 4254 1769 4308 hodie
1796 4261 1960 4325 meto.

373 4327 496 4383 Non
525 4330 668 4382 enim
712 4323 1149 4382 excolo—rationis
1182 4335 1456 4395 expertem
1489 4333 1683 4379 terram
1709 4364 1724 4386 ,
1753 4323 1846 4377 sed
1872 4338 1963 4395 ra-_

378 4398 527 4452 tione
573 4397 849 4468 prarditam
893 4407 1123 4461 terram;
1156 4393 1262 4451 non
1300 4411 1489 4452 sensus
1532 4403 1843 4468 expertem,
1869 4393 1964 4447 sed

376 4481 544 4523 sensu
573 4464 886 4533 imuditum;
933 4483 1038 4522 non
1082 4468 1257 4522 anima
1304 4464 1615 4529 carentem,
1638 4465 1731 4519 sed
1758 4464 1965 4517 anima-

380 4547 512 4593 tam.
546 4535 611 4592 Et
639 4538 758 4592 felix
787 4538 1058 4608 egoquod
1093 4537 1211 4592 talis
1238 4547 1395 4593 terrae
1425 4552 1544 4591 sum
1575 4535 1806 4608 agricola
1833 4548 1967 4589 con-

379 4610 599 4664 stitutus
623 4626 638 4661 :
668 4617 792 4662 tunc
819 4605 961 4663 enim
988 4609 1174 4663 beatus
1201 4624 1340 4671 sutn,
1366 4622 1486 4661 cum
1519 4607 1570 4661 in
1596 4605 1754 4661 aures
1781 4605 1968 4675 loquor

379 4693 568 4735 eorum
607 4678 696 4748 qui
754 4678 997 4748 audiunt.
1048 4679 1116 4733 Et
1168 4678 1357 4734 iterum
1400 4676 1531 4748 dicit
1569 4693 1583 4730 :
1621 4675 1969 4731 lnobedieatia

380 4758 594 4821 mortem
620 4747 856 4821 operatur
881 4747 1067 4821 (E_ccli.
1097 4748 1306 4821 12)
1328 4749 1428 4817 (a).
1452 4747 1643 4821 Beatus
1666 4748 1824 4821 igitur
1842 4759 1963 4821 ego,

385 4820 525 4875 beati
551 4829 607 4874 et
628 4815 747 4873 vos.
774 4815 905 4873 Nam
930 4818 1089 4875 Jesus
1112 4819 1165 4873 in
1186 4815 1476 4890 smgéno
1493 4817 1621 4872 dicit
1645 4815 1710 4872 ad
1737 4815 1970 4890 discipu-

385 4890 467 4944 los
492 4903 616 4944 suos
642 4907 656 4943 :
680 4890 825 4942 Beati
850 4890 997 4955 estis,
1043 4890 1089 4944 ei
1128 4886 1406 4943 sermonem
1446 4904 1609 4940 meum
1657 4886 1970 4941 servaveritis

408 4959 567 5014 Joan.
588 4960 642 5014 8.
670 4960 759 5015 50.
782 4960 898 5027 51).
928 4959 1203 5015 Attendite
1242 4958 1428 5027 igitur,
1476 4966 1530 5011 et
1569 4958 1791 5027 arrectis
1823 4957 1968 5010 auri-

425 5047 507 5095 us,
539 5044 659 5099 qua:
682 5026 951 5096 dit-mitur,
983 5031 1230 5099 excipite.
1260 5026 1390 5084 Volo
1411 5027 1553 5099 enim
1574 5026 1801 5099 quadam
1823 5041 1971 5080 com-

388 5097 663 5170 paratione
688 5100 839 5155 vobis
859 5142 874 5165 ,
906 5101 1031 5169 quid
1072 5097 1143 5155 sit
1173 5100 1311 5154 Deus
1354 5097 1656 5170 ostendere.
1685 5098 1972 5166 Fingamus

386 5168 530 5223 enim
563 5170 727 5224 Demn
756 5172 903 5238 quasi
926 5168 1203 5225 hominem
1234 5171 1285 5225 in
1316 5170 1536 5238 scopulo
1564 5168 1837 5224 sedentem
1862 5207 1876 5229 ,
1918 5176 1974 5221 et

387 5240 580 5294 exinde
608 5242 1019 5310 prospicientem
1045 5242 1095 5294 in
1126 5241 1429 5294 universum
1460 5254 1626 5310 mare,
1657 5248 1712 5293 et
1733 5252 1894 5310 naves
1921 5238 1971 5291 in

388 5325 456 5364 eo
485 5308 842 5381 transeuntes,
873 5309 1015 5381 quod
1040 5311 1111 5365 ob
1139 5320 1416 5381 ventorum
1445 5309 1747 5381 violentiam
1783 5308 1975 5381 [luctus

390 5379 589 5434 excitet
614 5395 678 5434 ac
703 5377 965 5449 procellas
989 5398 1002 5433 :
1033 5381 1128 5435 sed
1157 5379 1510 5449 peritissimus
1533 5379 1857 5449 gubernator
1868 5377 1978 5449 ali-

390 5465 511 5520 quis
535 5447 864 5505 contendens
890 5466 1014 5507 cum
1043 5447 1313 5518 ﬂuetibus,
1338 5449 1514 5505 navim
1539 5447 1607 5507 ad
1636 5447 1976 5517 tranquillum

392 5646 616 5761 degat.
601 5644 701 5695 duo
724 5646 875 5708 Regii.
908 5652 961 5697 In
1002 5645 1140 5696 adito
1166 5645 1296 5708 haec,
1318 5644 1493 5696 bonum
1521 5641 1739 5695 eminens
1759 5641 1977 5704 odorem,

395 5764 535 5880 miSa)
565 5775 699 5842 Hunc
740 5764 900 5818 leam
921 5780 1020 5818 non
1041 5768 1226 5833 reperi.
1253 5774 1425 5820 Locum
1449 5768 1616 5821 videas
1638 5766 1753 5817 huic
1771 5766 1891 5819 satis
1912 5766 1979 5819 si-

485 5842 584 5880 ent.
605 5844 654 5879 Ill
678 5836 819 5879 neut.
843 5830 892 5880 8.
916 5827 998 5880 20.

485 5827 584 5892 ent,
604 5831 654 5879 iu
678 5836 819 5879 neut.
843 5830 892 5880 8.
916 5827 998 5880 20.

1389 405 1456 463 IN
1495 398 1987 461 VENERABILEM
2025 396 2310 459 CRUCEM
2349 402 2608 462 SERMO.

3540 417 3644 472 818

2048 525 2261 598 portum
2281 517 2551 598 deducere
2573 519 2774 598 studet,
2802 521 2942 598 quod
2971 525 3266 598 serotinum
3308 535 3519 598 tempus
3548 550 3645 588 eos

2048 597 2255 665 urgeat,
2280 591 2472 645 timens
2494 606 2562 645 ne
2584 592 2720 645 forte
2741 593 3004 661 navigium
3033 597 3189 649 mulis
3210 591 3484 665 obruatur,
3520 616 3646 656 cum

2049 660 2169 738 aliae
2213 675 2376 715 naves
2422 676 2682 738 prospero
2726 660 2886 738 cursu
2945 674 3142 718 rectam
3195 667 3332 722 viam
3387 660 3646 738 teneant,

2047 731 2168 786 alite
2210 733 2738 803 ventorumrimpetu
2781 734 3192 803 sulnnergantur
3235 747 3289 793 et
3338 731 3644 797 dissolvm;

2051 809 2173 880 tur,
2221 801 2350 856 dum
2397 802 2613 880 quidam
2671 801 3023 865 moriuntur,—
3057 807 3273 880 quidam
3328 813 3647 880 superstites

2052 871 2180 944 fiunt
2206 913 2220 938 ,
2253 871 2536 944 etimisero
2563 882 2776 929 temone
2817 871 3322 944 correpto'evadtmt
3350 920 3365 944 ,
3396 871 3647 939 ﬂuctibus

2051 941 2364 997 decumanis
2405 944 2456 996 in
2487 953 2683 1021 terram
2711 946 2865 1014 ejecti
2890 986 2905 1009 ,
2934 941 2989 1001 et
3020 948 3249 1021 aliorum
3271 941 3495 1020 corpora
3533 953 3644 1021 jam

2054 1022 2383 1095 mortuorum
2413 1015 2644 1084 projecta
2675 1017 3143 1095 cernuntttr._lla:c
3166 1030 3342 1072 autem
3370 1015 3460 1092 qui
3493 1015 3645 1080 sedet

2055 1084 2108 1154 in
2127 1084 2348 1152 secpulo
2373 1095 2688 1140 contuetur:
2723 1085 2807 1141 hic
2837 1103 2966 1142 vero
2996 1087 3136 1141 Deus
3166 1100 3282 1154 est,
3313 1084 3404 1151 et:
3437 1106 3487 1146 nt
3517 1104 3645 1150 ante

2051 1152 2181 1235 dixi,
2212 1153 2325 1235 huic
2359 1154 2412 1208 in
2461 1156 2705 1235 oratione
2744 1157 2861 1235 [icta
2903 1173 3159 1235 propono.
3208 1152 3436 1235 Quando
3460 1175 3640 1220 autem

2051 1222 2236 1279 dixero
2268 1225 2434 1279 Deum
2459 1227 2733 1281 sedentem
2766 1228 2818 1281 in
2845 1222 3092 1288 excelsis.
3135 1222 3251 1284 noli
3263 1232 3570 1289 existimare
3590 1236 3643 1291 in

2051 1295 2280 1376 excelsis
2306 1304 2507 1350 tantum
2521 1311 2648 1376 esse
2678 1298 2823 1376 illum
2845 1339 2861 1363 ,
2893 1297 2987 1353 sed
3016 1301 3174 1353 etiam
3208 1301 3437 1371 ubique:
3472 1320 3647 1376 neque

2051 1366 2195 1441 enim
2237 1365 2475 1441 locorum
2501 1367 2747 1441 distantia
2770 1379 3056 1441 separatur
3082 1411 3097 1433 ,
3142 1385 3264 1425 cum
3307 1365 3418 1441 ipse
3445 1365 3647 1430 sibi'sit

2055 1434 2225 1514 meus,
2256 1442 2313 1514 et
2342 1437 2454 1514 ipse
2474 1438 2650 1491 omnia
2666 1434 2874 1508 capiat,
2904 1440 3034 1494 nihil
3062 1451 3237 1495 autem
3267 1434 3416 1497 illum
3448 1448 3643 1514 capiat.

2053 1504 2189 1572 Quid
2217 1504 2371 1561 enim,
2391 1504 2758 1583 incorpoream
2788 1519 3034 1583 naturam
3058 1525 3258 1583 capere
3300 1523 3478 1583 potest
3500 1504 3646 1580 ,Iex-

2053 1585 2258 1646 portem
2278 1577 2522 1651 materia:
2544 1578 2980 1651 ,_interminatam
3010 1621 3024 1642 ,
3056 1577 3474 1651 investigabilem
3500 1577 3515 1650 ζ
3545 1602 3645 1639 ex~

2056 1657 2259 1720 portem
2278 1647 2543 1720 interitus,
2565 1649 2917 1720 immortalem
2943 1658 2998 1705 et
3026 1647 3647 1720 incomprehensibilem?

2054 1715 2144 1790 Sic
2171 1719 2314 1772 enim
2359 1718 2499 1786 apud
2550 1719 2664 1787 pios
2704 1720 2989 1790 concipere
3027 1715 3235 1790 oportet
3286 1724 3470 1778 Deum.
3522 1728 3648 1782 llaec

2054 1788 2196 1842 enim
2223 1796 2305 1842 est
2333 1803 2457 1858 spes
2478 1797 2680 1855 nostra,
2711 1788 3133 1861 sicut'srripttim
3155 1801 3268 1846 est:
3304 1794 3429 1847 Hinc
3453 1807 3525 1851 est
3546 1799 3647 1850 vita

2053 1868 2244 1936 interna
2274 1898 2297 1936 ι
2317 1867 2372 1912 ut
2404 1870 2707 1936 cognoscant
2735 1869 2782 1936 te
2797 1860 2995 1936 solum"
3006 1877 3186 1936 rerum
3201 1862 3398 1936 _l)eum,
3429 1875 3474 1918 et
3502 1883 3649 1936 quem

2055 1928 2236 1982 misisti
2260 1927 2726 2012 lesunt_'Christum
2749 1929 2935 2012 ileon.
2969 1932 3163 2012 l7._5).
3197 1934 3252 2012 In
3272 1927 3646 2012 hoc—capitulo

2055 2013 2153 2053 nos
2172 2000 2570 2077 reprehendunt
2595 2000 2855 2077 haeretici,
2887 2012 2942 2057 et
2969 2012 3025 2056 ut
3052 2000 3284 2072 imperiti
3303 2017 3448 2077 sunt,
3466 2000 3650 2077 legunt

2055 2078 2244 2142 etnon
2276 2070 2597 2142 intelligunt.
2628 2071 2902 2127 Christum
2930 2088 3060 2127 vero
3077 2070 3198 2127 cum
3226 2074 3401 2141 audis,
3436 2070 3546 2131 non
3560 2098 3648 2132 so-

2055 2138 2331 2213 iummodo
2361 2138 2524 2213 Deum
2553 2151 2707 2210 putes
2728 2183 2744 2206 ,
2787 2157 2960 2213 neque
2982 2143 3151 2198 solam
3193 2138 3646 2213 dislierieitionem

2056 2210 2110 2282 in
2140 2224 2322 2277 carne,
2348 2212 2442 2266 sed
2477 2222 2763 2282 utrumque
2791 2210 2948 2267 simul
2980 2255 2995 2278 ,
3039 2222 3095 2268 et
3119 2210 3290 2268 Deum
3327 2210 3650 2273 Verbumet

2054 2280 2510 2353 dispensationem
2530 2283 2580 2336 in
2596 2280 2779 2338 carne.
2811 2282 3086 2353 Siquidem
3108 2285 3362 2339 csuriisse
3376 2284 3646 2342 Christum

2055 2352 2210 2434 seio,
2241 2362 2297 2407 et
2320 2353 2434 2434 scio
2463 2353 2729 2434 Christum
2749 2353 2828 2434 de
2840 2354 3072 2434 quinque
3100 2355 3325 2434 panibus
3348 2364 3404 2409 et
3439 2357 3650 2413 duobus

2057 2422 2290 2545 piscibus
2315 2425 2539 2479 satiasse
2556 2425 2790 2494 quinque
2812 2422 3087 2479 heminam
3101 2422 3300 2495 ‘millia,
3314 2437 3512 2496 ptmter
3533 2442 3653 2482 muo

2078 2507 2220 2545 teres
2247 2502 2301 2545 et
2323 2495 2601 2545 parvulos:
2629 2496 2743 2545 scio
2771 2495 3041 2545 Christum
3067 2495 3210 2545 sitim
3243 2510 3455 2545 nassum
3485 2512 3606 2545 esse.
3632 2542 3644 2545 _

2078 2495 2220 2565 ieres
2247 2502 2301 2565 et
2323 2495 2601 2563 parvulos:
2629 2496 2743 2550 scio
2771 2495 3041 2549 Christum
3067 2495 3210 2549 sitim
3243 2495 3455 2565 passum
3485 2512 3606 2553 esse
3631 2542 3646 2563 ,

2056 2571 2112 2618 et
2130 2564 2244 2618 scio
2273 2564 2543 2621 Christum
2570 2581 2761 2635 aquam
2783 2566 2834 2619 in
2859 2566 3039 2620 vinum
3068 2576 3335 2623 mutasse:
3361 2571 3474 2623 scio
3495 2568 3654 2623 Chri-

2055 2642 2197 2708 stum
2223 2635 2519 2708 navigasse,
2553 2644 2609 2692 et
2635 2638 2749 2691 seio
2776 2635 3045 2690 Christum
3075 2651 3238 2706 super
3261 2652 3426 2708 aquas
3457 2640 3616 2693 amlm
3634 2671 3648 2679 -

2057 2703 2235 2759 lasse:
2265 2703 2380 2760 seio
2405 2706 2675 2762 Christum
2701 2721 2822 2762 esse
2850 2716 3117 2761 mortuum
3136 2703 3158 2767 ,’
3177 2717 3231 2760 et
3248 2703 3360 2761 scio
3380 2709 3649 2764 Christum

2058 2783 2301 2845 mortuos
2325 2777 2613 2832 suscitasse
2639 2794 2653 2831 :
2682 2778 2795 2831 scio
2823 2777 3096 2831 Christum
3142 2777 3313 2832 Pilato
3333 2780 3605 2834 adstitisse
3631 2823 3649 2845 ,

2058 2854 2114 2900 et
2139 2846 2252 2900 seio
2272 2844 2544 2901 Christum
2572 2849 2638 2902 ad
2660 2848 2833 2902 Patris
2861 2849 3140 2902 dexteram
3162 2850 3473 2904 consedisse
3496 2868 3512 2904 :
3538 2844 3651 2905 seio

2057 2915 2329 2988 Christum
2356 2932 2387 2970 a
2410 2917 2610 2972 Judzeis
2639 2918 2811 2988 sputis
2837 2915 3005 2973 fuisse
3032 2932 3382 2988 conspersum
3415 2961 3430 2986 ,
3459 2930 3514 2974 et
3539 2923 3653 2976 seio

2057 2986 2330 3060 Christum
2354 2990 2424 3044 ab
2451 2988 2655 3060 angelis
2669 2986 2892 3043 adorari
2913 3006 2927 3042 :
2954 2997 3011 3042 et
3028 2988 3130 3043 hoc
3148 2986 3362 3060 quidem
3392 2990 3460 3045 ad
3481 2991 3654 3046 deita-
3710 2988 3713 2991 ’

2061 3066 2168 3112 tem
2194 3056 2371 3112 refero
2389 3098 2406 3124 ,
2451 3056 2576 3113 illud
2605 3074 2733 3130 vero
2757 3061 2976 3128 assigno
3000 3056 3336 3114 humanitati.
3366 3061 3653 3130 Propterea

2061 3143 2291 3198 namque
2320 3139 2604 3198 utrumque
2643 3128 2874 3182 diximus
2899 3169 2914 3193 ,
2942 3130 3195 3197 quoniam
3228 3131 3342 3185 scio
3379 3128 3654 3188 Chrismm

2059 3198 2127 3252 de
2156 3196 2541 3268 hlaria‘natum,
2567 3211 2624 3253 et
2646 3198 2759 3254 scio
2788 3196 3078 3263 Christum,
3109 3199 3199 3268 qui
3227 3209 3311 3255 est
3334 3209 3457 3256 ante
3485 3214 3656 3258 saacu—

2061 3269 2131 3323 la.
2164 3266 2536 3339 Gloriticemus
2562 3282 2692 3339 ergo
2725 3269 2995 3325 Christum
3023 3266 3206 3326 .lesum
3255 3286 3465 3326 murum
3508 3273 3660 3329 inex-

2065 3337 2886 3411 pugnabilem,fundamentum,
2913 3342 3056 3411 quod
3089 3355 3249 3411 supra
3279 3352 3481 3411 petram
3528 3344 3652 3398 fun-

2060 3410 2243 3485 datum
2282 3417 2386 3464 est.
2418 3410 2571 3485 Dicit
2605 3410 2741 3485 ipse_
2748 3410 2945 3485 Petro,
2986 3410 3062 3466 Tu
3099 3427 3151 3464 es
3181 3410 3366 3467 Petrus
3386 3454 3402 3481 ,
3432 3423 3478 3467 et
3504 3430 3658 3485 super

2063 3481 2195 3535 hanc
2214 3487 2405 3554 petram
2418 3481 2695 3554 redi/ica”
2715 3480 3007 3554 Ecclesium
3025 3498 3209 3554 meam,
3241 3491 3289 3537 et
3308 3492 3469 3554 porta:
3496 3480 3651 3552 inferi

2062 3567 2165 3606 non
2191 3550 2532 3620 prmatebunt
2558 3552 2798 3622 adversus
2817 3553 3168 3622 eantwatth.
3201 3554 3287 3608 16.
3308 3550 3431 3619 ⁷18).
3456 3550 3658 3609 Simili—

2066 3631 2150 3678 ter
2170 3630 2349 3675 autem
2376 3630 2432 3676 et
2464 3622 2657 3676 Paulus
2683 3621 2816 3677 dicit
2835 3663 2851 3687 ,
2898 3620 3313 3678 Fundamentum
3337 3625 3483 3679 aliud
3505 3641 3652 3679 nemo

2065 3702 2229 3764 potest
2248 3708 2459 3764 ponere,
2492 3703 2675 3764 prieter
2697 3693 2754 3746 id
2774 3693 2913 3764 quod
2940 3695 3154 3762 positum
3185 3704 3279 3760 est,
3310 3695 3448 3762 quod
3465 3705 3539 3750 est
3563 3697 3656 3749 Je-

2064 3760 2153 3818 sue
2167 3762 2399 3818 Christus
2424 3762 2445 3833 (
2476 3760 2681 3835 μοστ.
2714 3764 2766 3835 5.
2787 3760 2866 3835 fil
2906 3760 2948 3831 )J
2986 3764 3134 3835 Rogo
3162 3780 3293 3835 ergo
3321 3760 3418 3819 vos
3447 3774 3507 3821 ut
3531 3782 3655 3822 cum

2065 3834 2211 3888 omni
2237 3833 2646 3889 mansuetudine
2676 3833 2831 3888 nobis
2860 3843 3046 3890 mutuo
3073 3833 3424 3890 attendamus.
3448 3836 3580 3891 Nam
3605 3839 3655 3891 in

2067 3905 2166 3959 hac
2193 3904 2409 3973 quidem
2433 3905 2549 3976 vita;
2571 3919 2695 3959 esca
2732 3913 2786 3957 et
2806 3913 2933 3975 potu
2961 3946 2976 3971 ,
3023 3914 3079 3959 et
3113 3907 3272 3960 variis
3297 3908 3659 3976 voluptatibus

2068 3974 2486 4046 inescamur:in
2530 3974 2706 4029 l‘utura
2745 3989 2873 4046 vero
2906 3976 3164 4046 judieimn
3208 3986 3265 4030 et
3309 3974 3650 4046 supplicium.

2065 4046 2144 4101 Ne
2171 4044 2329 4115 igitur
2352 4044 2526 4098 locum
2560 4045 2752 4100 demus
2776 4045 3008 4100 diabolo.
3053 4044 3176 4101 Non
3219 4047 3354 4101 enim
3376 4044 3468 4101 est
3514 4049 3659 4102 nobis

2067 4115 2355 4171 colluctatio
2382 4116 2623 4171 adversus
2648 4132 2852 4170 carnem
2877 4126 2924 4169 et
2948 4118 3270 4187 sanguinem,
3296 4118 3386 4172 sed
3409 4117 3656 4172 adversus

2068 4188 2400 4258 principatus,
2435 4187 2673 4242 adversus
2698 4195 3000 4258 potestates,
3032 4190 3272 4243 adversus
3298 4188 3477 4241 mundi
3492 4199 3657 4242 recto-

2070 4255 2155 4314 res
2180 4255 2496 4312 tenebrarum
2515 4258 2690 4312 siccati
2704 4255 3177 4330 hujusjEpliesaﬁ.
3202 4258 3311 4330 12).
3330 4258 3661 4330 Studeamus

2068 4331 2233 4400 igitur
2258 4336 2512 4383 aeternam
2553 4342 2764 4400 ptenam
2810 4327 3066 4397 eﬂ'ugere.
3096 4328 3213 4384 Non
3255 4327 3398 4400 enim
3444 4343 3657 4400 pinnam

2068 4399 2519 4465 constituitDeus,
2545 4408 2600 4453 ut
2633 4399 2686 4453 in
2713 4413 2831 4453 eam
2854 4400 3158 4464 mittamur;
3192 4399 3285 4454 sed
3308 4406 3365 4452 ut
3393 4399 3517 4453 tein
3540 4412 3658 4453 eam

2070 4471 2377 4540 prolapsum
2415 4470 2640 4539 eripiat:
2665 4469 2824 4524 talem
2852 4469 2995 4540 enim
3031 4470 3350 4540 clementem
3397 4469 3659 4523 habemus

2073 4538 2240 4596 Deum
2271 4580 2287 4606 ,
2334 4557 2398 4596 ac
2427 4538 2850 4595 misericordem.
2880 4538 3218 4611 Testiiicatur
3237 4555 3467 4611 namque
3494 4541 3660 4595 David

2071 4612 2275 4675 dicens,
2314 4611 2450 4665 Deus
2467 4611 2636 4681 judea:
2650 4612 2844 4681 justus,
2873 4618 2922 4663 et
2936 4609 3124 4681 fortis,
3160 4617 3208 4662 et
3227 4609 3425 4680 patieris
3442 4651 3457 4675 ,
3485 4619 3532 4663 et
3556 4628 3659 4665 non

2072 4685 2223 4754 infert
2248 4682 2379 4735 iram
2404 4679 2493 4754 per
2517 4679 2742 4754 singulos
2761 4679 2886 4735 dies.
2920 4679 3041 4734 Nisi
3058 4679 3285 4754 conversi
3311 4681 3525 4751 fueritis,
3548 4683 3664 4751 glu-

2072 4750 2212 4809 dium
2235 4768 2384 4806 suum
2405 4750 2670 4806 ὐἱὸν-αὔξω
2696 4766 2874 4804 arcum
2903 4766 3051 4805 suum
3085 4750 3293 4821 tetendit
3314 4750 3337 4819 ,
3379 4760 3426 4804 et
3465 4750 3664 4821 paravit

2074 4824 2240 4889 illum,
2271 4833 2317 4877 et
2336 4824 2388 4876 in
2411 4839 2469 4877 eo
2497 4822 2692 4891 paravit
2712 4822 3039 4892 vasagmortis
3065 4821 3086 4892 (
3112 4818 3260 4892 Peat.
3285 4818 3337 4874 7.
3368 4821 3436 4875 12
3465 4818 3504 4890 ).
3534 4822 3659 4878 llrrc

2073 4895 2199 4950 dicit
2230 4896 2387 4960 Deus,
2423 4890 2527 4947 non
2558 4901 2615 4945 ut
2630 4906 2729 4947 nos
2753 4890 2980 4960 judicet,
3005 4890 3099 4947 sed
3127 4905 3195 4946 ne
3224 4891 3437 4947 desides
3463 4892 3652 4946 simus.

2074 4966 2131 5023 Si
2148 4964 2290 5021 enim
2317 4979 2415 5019 nos
2444 4963 2669 5034 perdere
2700 4962 2955 5034 voluisset
2982 5002 3011 5034 ,Α
3032 4979 3143 5034 rion
3173 4964 3356 5034 utique
3380 4965 3653 5034 proprimn

2077 5052 2174 5108 pro
2202 5035 2352 5091 nobis
2381 5031 2691 5108 sanguinem
2725 5031 2965 5089 fudisset.
2995 5031 3218 5108 Mortem
3248 5031 3406 5105 igitur
3429 5031 3577 5099 obiit,
3610 5043 3668 5087 ut

2079 5103 2131 5163 ie
2161 5103 2559 5162 immortalitate
2583 5103 2846 5159 donaret:
2876 5104 3082 5170 esuriit,
3116 5113 3176 5159 ut
3201 5114 3251 5159 te
3269 5103 3365 5160 sua
3387 5119 3548 5158 carne
3575 5120 3666 5158 sa-

2080 5178 2231 5232 tiaret
2263 5193 2278 5233 :
2307 5177 2470 5231 sitivit
2491 5216 2507 5239 ,
2541 5183 2598 5228 ut
2626 5186 2677 5229 te
2698 5174 2914 5246 proprio
2934 5175 3458 5246 sanguinepotaret:
3486 5173 3541 5246 _in
3567 5175 3750 5246 ita-1‘

2076 5250 2128 5303 vi
2154 5247 2417 5312 consedit,
2446 5255 2504 5302 ut
2530 5255 2582 5300 te
2605 5240 2765 5314 supra
2798 5240 3088 5300 Cherubin)
3110 5240 3436 5301 collocaret:
3486 5240 3668 5311 baptio

2078 5325 2418 5385 zatusest,ut
2448 5326 2499 5371 te
2519 5315 2878 5372 illuminaret:
2909 5317 3078 5385 alapis
3097 5330 3268 5370 caesus
3287 5324 3408 5379 est,
3435 5322 3493 5367 ut
3523 5323 3574 5367 te
3605 5317 3659 5366 in

2084 5384 2385 5445 libertatem
2432 5386 2770 5443 vindicaret:
2802 5386 2970 5442 viator
3002 5384 3180 5441 iactus
3208 5395 3292 5439 est
3311 5425 3326 5448 ,
3360 5394 3415 5438 ut
3443 5392 3496 5438 te
3521 5384 3672 5440 omni

2083 5461 2267 5515 labore
2295 5458 2547 5513 liberaret
2569 5475 2584 5514 :
2609 5457 2896 5527 navigavit,
2928 5467 2985 5510 ut
3012 5456 3336 5527 tibimetum
3369 5454 3667 5527 eximeret:

2081 5530 2351 5593 dormivit,
2381 5538 2438 5583 ut
2463 5544 2676 5584 omnem
2698 5525 2811 5583 a‘te
2833 5542 3018 5581 curam
3045 5525 3313 5596 abigeret:
3348 5539 3418 5581 ex
3439 5526 3664 5596 muliere

2081 5601 2300 5671 prodiit,
2329 5608 2388 5654 ut
2413 5596 2850 5671 transgressionis
2874 5597 3000 5651 Ev:e
3027 5596 3078 5650 in
3110 5594 3357 5671 paradiso
3382 5594 3670 5671 miserere-

2085 5663 2211 5726 tur:
2241 5663 2403 5725 homo
2429 5663 2724 5739 appeilatus
2752 5675 2837 5722 est
2861 5705 2879 5733 ,
2921 5676 2980 5739 ut
3006 5667 3252 5739 tchdeum
3284 5675 3500 5739 vocaret
3523 5663 3664 5739 :_Fi_-

2087 5741 2190 5796 lius
2215 5739 2448 5796 hominis
2465 5733 2647 5794 dictus
2672 5745 2774 5804 est,
2806 5745 2867 5791 ut
2891 5745 2944 5792 te
2969 5736 3021 5790 in
3048 5734 3213 5791 tilium
3235 5735 3518 5799 adoptaret
3545 5733 3667 5804 Dei;

2088 5811 2297 5884 accepit
2325 5825 2445 5883 qua:
2475 5818 2656 5865 nostra
2675 5815 2850 5893 erant,
2882 5815 2936 5864 et
2970 5806 3119 5861 dedit
3159 5807 3311 5862 nobis
3332 5821 3468 5863 sua:
3494 5803 3668 5861 oravit
