  <div class='ocr_page' id='page_1' title='image "/cluster/home/n/w/nwhite01/storage/ocr_20150623/50/pst.000005712496/012.png"; bbox 0 0 4206 6308; ppageno 0'>
   <div class='ocr_carea' id='block_1_1' title="bbox 412 1042 3418 1155">
    <p class='ocr_par' dir='ltr' id='par_1_1' title="bbox 412 1042 3418 1155">
     <span class='ocr_line' id='line_1_1' title="bbox 412 1042 3418 1155; baseline -0.008 2"><span class='ocrx_word' id='word_1_1' title='bbox 412 1067 535 1155; x_wconf 82' lang='lat' dir='ltr'><strong>IN</strong></span> <span class='ocrx_word' id='word_1_2' title='bbox 605 1054 1232 1155; x_wconf 77' lang='lat' dir='ltr'><strong>HOMILIAM</strong></span> <span class='ocrx_word' id='word_1_3' title='bbox 1293 1054 1440 1141; x_wconf 81' lang='lat' dir='ltr'><strong>DE</strong></span> <span class='ocrx_word' id='word_1_4' title='bbox 1533 1044 2543 1140; x_wconf 77' lang='lat' dir='ltr'><strong>RESURRECTIONE</strong></span> <span class='ocrx_word' id='word_1_5' title='bbox 2636 1042 3418 1138; x_wconf 79' lang='lat' dir='ltr'><strong>MORTUORUM</strong></span> 
     </span>
    </p>
   </div>
   <div class='ocr_carea' id='block_1_2' title="bbox 1511 1542 2304 1670">
    <p class='ocr_par' dir='ltr' id='par_1_2' title="bbox 1511 1542 2304 1670">
     <span class='ocr_line' id='line_1_2' title="bbox 1511 1542 2304 1670; baseline -0.006 -3"><span class='ocrx_word' id='word_1_6' title='bbox 1511 1542 2304 1670; x_wconf 85' lang='lat' dir='ltr'><strong>MONITUM.</strong></span> 
     </span>
    </p>
   </div>
   <div class='ocr_carea' id='block_1_3' title="bbox 338 2407 1857 2483">
    <p class='ocr_par' dir='ltr' id='par_1_3' title="bbox 338 2407 1857 2483">
     <span class='ocr_line' id='line_1_3' title="bbox 338 2407 1857 2483; baseline -0.007 -14"><span class='ocrx_word' id='word_1_7' title='bbox 338 2413 460 2482; x_wconf 82' lang='lat' dir='ltr'><strong>Quo</strong></span> <span class='ocrx_word' id='word_1_8' title='bbox 493 2421 743 2483; x_wconf 81' lang='lat' dir='ltr'><strong>tempore</strong></span> <span class='ocrx_word' id='word_1_9' title='bbox 768 2410 912 2465; x_wconf 86' lang='lat' dir='ltr'><strong>hanc</strong></span> <span class='ocrx_word' id='word_1_10' title='bbox 942 2408 1196 2464; x_wconf 77' lang='lat' dir='ltr'><strong>habuerit</strong></span> <span class='ocrx_word' id='word_1_11' title='bbox 1218 2408 1499 2464; x_wconf 85' lang='lat' dir='ltr'><strong>homiliam</strong></span> <span class='ocrx_word' id='word_1_12' title='bbox 1524 2407 1857 2478; x_wconf 85' lang='lat' dir='ltr'><strong>Chrysosto-</strong></span> 
     </span>
    </p>
   </div>
   <div class='ocr_carea' id='block_1_4' title="bbox 273 2511 1860 2587">
    <p class='ocr_par' dir='ltr' id='par_1_4' title="bbox 273 2511 1860 2587">
     <span class='ocr_line' id='line_1_4' title="bbox 273 2511 1860 2587; baseline -0.004 -16"><span class='ocrx_word' id='word_1_13' title='bbox 273 2534 417 2579; x_wconf 83' lang='lat' dir='ltr'><strong>mus.</strong></span> <span class='ocrx_word' id='word_1_14' title='bbox 449 2517 569 2587; x_wconf 83' lang='lat' dir='ltr'><strong>ipse</strong></span> <span class='ocrx_word' id='word_1_15' title='bbox 599 2533 627 2570; x_wconf 86' lang='lat' dir='ltr'><strong>a</strong></span> <span class='ocrx_word' id='word_1_16' title='bbox 663 2514 938 2586; x_wconf 84' lang='lat' dir='ltr'><strong>principio</strong></span> <span class='ocrx_word' id='word_1_17' title='bbox 980 2528 1079 2567; x_wconf 90' lang='lat' dir='ltr'><strong>nec</strong></span> <span class='ocrx_word' id='word_1_18' title='bbox 1105 2513 1337 2567; x_wconf 84' lang='lat' dir='ltr'><strong>obscure</strong></span> <span class='ocrx_word' id='word_1_19' title='bbox 1377 2511 1581 2565; x_wconf 83' lang='lat' dir='ltr'><strong>indicat</strong></span> <span class='ocrx_word' id='word_1_20' title='bbox 1612 2511 1697 2565; x_wconf 89' lang='lat' dir='ltr'><strong>his</strong></span> <span class='ocrx_word' id='word_1_21' title='bbox 1739 2525 1860 2564; x_wconf 76' lang='lat' dir='ltr'><strong>ver-</strong></span> 
     </span>
    </p>
   </div>
   <div class='ocr_carea' id='block_1_5' title="bbox 269 2617 1858 2695">
    <p class='ocr_par' dir='ltr' id='par_1_5' title="bbox 269 2617 1858 2695">
     <span class='ocr_line' id='line_1_5' title="bbox 269 2617 1858 2695; baseline -0.006 -16"><span class='ocrx_word' id='word_1_22' title='bbox 269 2627 369 2688; x_wconf 83' lang='lat' dir='ltr'><strong>nis,</strong></span> <span class='ocrx_word' id='word_1_23' title='bbox 406 2625 548 2695; x_wconf 69' lang='grc' dir='ltr'>Περὶ</span> <span class='ocrx_word' id='word_1_24' title='bbox 583 2625 867 2695; x_wconf 76' lang='grc' dir='ltr'><strong>δογμάτων</strong></span> <span class='ocrx_word' id='word_1_25' title='bbox 894 2622 1021 2692; x_wconf 72' lang='grc' dir='ltr'>ὑμῖν</span> <span class='ocrx_word' id='word_1_26' title='bbox 1046 2621 1353 2693; x_wconf 72' lang='grc' dir='ltr'>ἔμπροσθεν</span> <span class='ocrx_word' id='word_1_27' title='bbox 1379 2621 1730 2691; x_wconf 76' lang='grc' dir='ltr'><strong>διελέχθημεν</strong></span> <span class='ocrx_word' id='word_1_28' title='bbox 1764 2617 1858 2671; x_wconf 73' lang='grc' dir='ltr'>καὶ</span> 
     </span>
    </p>
   </div>
   <div class='ocr_carea' id='block_1_6' title="bbox 264 2722 1858 2801">
    <p class='ocr_par' dir='ltr' id='par_1_6' title="bbox 264 2722 1858 2801">
     <span class='ocr_line' id='line_1_6' title="bbox 264 2722 1858 2801; baseline -0.004 -18"><span class='ocrx_word' id='word_1_29' title='bbox 264 2730 361 2799; x_wconf 78' lang='grc' dir='ltr'><strong>τῆς</strong></span> <span class='ocrx_word' id='word_1_30' title='bbox 393 2729 490 2783; x_wconf 74' lang='grc' dir='ltr'><strong>τοῦ</strong></span> <span class='ocrx_word' id='word_1_31' title='bbox 519 2728 844 2801; x_wconf 76' lang='grc' dir='ltr'>μονογενοῦς</span> <span class='ocrx_word' id='word_1_32' title='bbox 872 2728 1003 2779; x_wconf 81' lang='grc' dir='ltr'><strong>Υἰοῦ</strong></span> <span class='ocrx_word' id='word_1_33' title='bbox 1040 2727 1133 2778; x_wconf 73' lang='grc' dir='ltr'><strong>τοῦ</strong></span> <span class='ocrx_word' id='word_1_34' title='bbox 1175 2724 1310 2778; x_wconf 71' lang='grc' dir='ltr'>Θεοῦ</span> <span class='ocrx_word' id='word_1_35' title='bbox 1354 2726 1534 2797; x_wconf 72' lang='grc' dir='ltr'><strong>δόξης,</strong></span> <span class='ocrx_word' id='word_1_36' title='bbox 1571 2722 1858 2791; x_wconf 76' lang='grc' dir='ltr'><strong>ἐπιστομι-</strong></span> 
     </span>
    </p>
   </div>
   <div class='ocr_carea' id='block_1_7' title="bbox 265 2828 1857 2903">
    <p class='ocr_par' dir='ltr' id='par_1_7' title="bbox 265 2828 1857 2903">
     <span class='ocr_line' id='line_1_7' title="bbox 265 2828 1857 2903; baseline -0.001 -15"><span class='ocrx_word' id='word_1_37' title='bbox 265 2838 451 2899; x_wconf 53' lang='lat' dir='ltr'><strong>gout-:5;</strong></span> <span class='ocrx_word' id='word_1_38' title='bbox 480 2836 613 2898; x_wconf 69' lang='grc' dir='ltr'>τοὺς</span> <span class='ocrx_word' id='word_1_39' title='bbox 648 2831 1048 2903; x_wconf 74' lang='grc' dir='ltr'><strong>καθαιροῦντας</strong></span> <span class='ocrx_word' id='word_1_40' title='bbox 1090 2828 1255 2885; x_wconf 72' lang='grc' dir='ltr'>αὐτοῦ</span> <span class='ocrx_word' id='word_1_41' title='bbox 1299 2830 1398 2899; x_wconf 79' lang='grc' dir='ltr'>τὴν</span> <span class='ocrx_word' id='word_1_42' title='bbox 1429 2830 1607 2896; x_wconf 73' lang='grc' dir='ltr'>ἀξίαν,</span> <span class='ocrx_word' id='word_1_43' title='bbox 1635 2833 1731 2885; x_wconf 67' lang='grc' dir='ltr'><strong>καὶ</strong></span> <span class='ocrx_word' id='word_1_44' title='bbox 1762 2832 1857 2887; x_wconf 77' lang='grc' dir='ltr'><strong>τοῦ</strong></span> 
     </span>
    </p>
   </div>
   <div class='ocr_carea' id='block_1_8' title="bbox 261 2933 1860 3009">
    <p class='ocr_par' dir='ltr' id='par_1_8' title="bbox 261 2933 1860 3009">
     <span class='ocr_line' id='line_1_8' title="bbox 261 2933 1860 3009; baseline 0 -19"><span class='ocrx_word' id='word_1_45' title='bbox 261 2938 663 3009; x_wconf 76' lang='grc' dir='ltr'>γεγεννηκότος</span> <span class='ocrx_word' id='word_1_46' title='bbox 694 2936 859 2990; x_wconf 81' lang='grc' dir='ltr'>αὐτὸν</span> <span class='ocrx_word' id='word_1_47' title='bbox 896 2933 1336 3005; x_wconf 66' lang='grc' dir='ltr'><strong>ἀλλπριοῦντας,</strong></span> <span class='ocrx_word' id='word_1_48' title='bbox 1389 2936 1460 2990; x_wconf 86' lang='lat' dir='ltr'><strong>De</strong></span> <span class='ocrx_word' id='word_1_49' title='bbox 1508 2936 1632 3005; x_wconf 74' lang='lat' dir='ltr'><strong>ﬁdei</strong></span> <span class='ocrx_word' id='word_1_50' title='bbox 1665 2945 1860 2990; x_wconf 81' lang='lat' dir='ltr'><strong>nostra:</strong></span> 
     </span>
    </p>
   </div>
   <div class='ocr_carea' id='block_1_9' title="bbox 259 3039 1860 3113">
    <p class='ocr_par' dir='ltr' id='par_1_9' title="bbox 259 3039 1860 3113">
     <span class='ocr_line' id='line_1_9' title="bbox 259 3039 1860 3113; baseline -0.002 -16"><span class='ocrx_word' id='word_1_51' title='bbox 259 3044 633 3113; x_wconf 73' lang='lat' dir='ltr'><strong>dogmatibus,</strong></span> <span class='ocrx_word' id='word_1_52' title='bbox 664 3041 829 3112; x_wconf 81' lang='lat' dir='ltr'><strong><em>deque</em></strong></span> <span class='ocrx_word' id='word_1_53' title='bbox 859 3041 1031 3112; x_wconf 78' lang='lat' dir='ltr'><strong>gloria</strong></span> <span class='ocrx_word' id='word_1_54' title='bbox 1062 3041 1321 3110; x_wconf 80' lang='lat' dir='ltr'><strong>unigeniti</strong></span> <span class='ocrx_word' id='word_1_55' title='bbox 1361 3039 1493 3094; x_wconf 81' lang='lat' dir='ltr'><strong><em>Filii</em></strong></span> <span class='ocrx_word' id='word_1_56' title='bbox 1526 3040 1624 3093; x_wconf 84' lang='lat' dir='ltr'><strong>Dei</strong></span> <span class='ocrx_word' id='word_1_57' title='bbox 1652 3041 1860 3109; x_wconf 84' lang='lat' dir='ltr'><strong>pridem</strong></span> 
     </span>
    </p>
   </div>
   <div class='ocr_carea' id='block_1_10' title="bbox 261 3145 1859 3215">
    <p class='ocr_par' dir='ltr' id='par_1_10' title="bbox 261 3145 1859 3215">
     <span class='ocr_line' id='line_1_10' title="bbox 261 3145 1859 3215; baseline 0.001 -18"><span class='ocrx_word' id='word_1_58' title='bbox 261 3149 403 3215; x_wconf 79' lang='lat' dir='ltr'><strong>apud</strong></span> <span class='ocrx_word' id='word_1_59' title='bbox 434 3164 528 3202; x_wconf 77' lang='lat' dir='ltr'><strong>vos</strong></span> <span class='ocrx_word' id='word_1_60' title='bbox 575 3146 949 3210; x_wconf 74' lang='lat' dir='ltr'><strong>disseruimus,</strong></span> <span class='ocrx_word' id='word_1_61' title='bbox 1018 3146 1321 3199; x_wconf 74' lang='lat' dir='ltr'><strong>obturantes</strong></span> <span class='ocrx_word' id='word_1_62' title='bbox 1379 3161 1559 3198; x_wconf 83' lang='lat' dir='ltr'><strong>eorum</strong></span> <span class='ocrx_word' id='word_1_63' title='bbox 1591 3161 1703 3211; x_wconf 70' lang='lat' dir='ltr'><strong>ora,</strong></span> <span class='ocrx_word' id='word_1_64' title='bbox 1768 3145 1859 3215; x_wconf 80' lang='lat' dir='ltr'><strong>qui</strong></span> 
     </span>
    </p>
   </div>
   <div class='ocr_carea' id='block_1_11' title="bbox 260 3252 1859 3324">
    <p class='ocr_par' dir='ltr' id='par_1_11' title="bbox 260 3252 1859 3324">
     <span class='ocr_line' id='line_1_11' title="bbox 260 3252 1859 3324; baseline 0 -17"><span class='ocrx_word' id='word_1_65' title='bbox 260 3256 489 3324; x_wconf 80' lang='lat' dir='ltr'><strong>gloriam</strong></span> <span class='ocrx_word' id='word_1_66' title='bbox 525 3252 615 3305; x_wconf 82' lang='lat' dir='ltr'><strong>illi</strong></span> <span class='ocrx_word' id='word_1_67' title='bbox 646 3252 971 3305; x_wconf 79' lang='lat' dir='ltr'><strong>detrahunt:</strong></span> <span class='ocrx_word' id='word_1_68' title='bbox 1033 3261 1081 3306; x_wconf 80' lang='lat' dir='ltr'><strong>et</strong></span> <span class='ocrx_word' id='word_1_69' title='bbox 1112 3269 1145 3306; x_wconf 91' lang='lat' dir='ltr'><strong>a</strong></span> <span class='ocrx_word' id='word_1_70' title='bbox 1182 3252 1415 3323; x_wconf 77' lang='lat' dir='ltr'><strong>genitore</strong></span> <span class='ocrx_word' id='word_1_71' title='bbox 1481 3268 1576 3305; x_wconf 81' lang='lat' dir='ltr'><strong>suo</strong></span> <span class='ocrx_word' id='word_1_72' title='bbox 1626 3252 1859 3307; x_wconf 85' lang='lat' dir='ltr'><strong>alienum</strong></span> 
     </span>
    </p>
   </div>
   <div class='ocr_carea' id='block_1_12' title="bbox 261 3354 1857 3430">
    <p class='ocr_par' dir='ltr' id='par_1_12' title="bbox 261 3354 1857 3430">
     <span class='ocr_line' id='line_1_12' title="bbox 261 3354 1857 3430; baseline 0.004 -23"><span class='ocrx_word' id='word_1_73' title='bbox 261 3358 470 3409; x_wconf 74' lang='lat' dir='ltr'><strong>dicunt.</strong></span> <span class='ocrx_word' id='word_1_74' title='bbox 516 3356 833 3412; x_wconf 86' lang='lat' dir='ltr'><strong>Concioues</strong></span> <span class='ocrx_word' id='word_1_75' title='bbox 857 3373 987 3411; x_wconf 78' lang='lat' dir='ltr'><strong>vero</strong></span> <span class='ocrx_word' id='word_1_76' title='bbox 1016 3354 1169 3428; x_wconf 53' lang='lat'><strong>[$22]</strong></span> <span class='ocrx_word' id='word_1_77' title='bbox 1201 3365 1391 3412; x_wconf 84' lang='lat' dir='ltr'><strong>contra</strong></span> <span class='ocrx_word' id='word_1_78' title='bbox 1414 3355 1735 3422; x_wconf 72' lang='lat' dir='ltr'><strong>Anomazos,</strong></span> <span class='ocrx_word' id='word_1_79' title='bbox 1762 3358 1857 3430; x_wconf 89' lang='lat' dir='ltr'><strong>qui</strong></span> 
     </span>
    </p>
   </div>
   <div class='ocr_carea' id='block_1_13' title="bbox 261 3457 1863 3530">
    <p class='ocr_par' dir='ltr' id='par_1_13' title="bbox 261 3457 1863 3530">
     <span class='ocr_line' id='line_1_13' title="bbox 261 3457 1863 3530; baseline 0.006 -20"><span class='ocrx_word' id='word_1_80' title='bbox 261 3461 494 3530; x_wconf 77' lang='lat' dir='ltr'><strong>gloriam</strong></span> <span class='ocrx_word' id='word_1_81' title='bbox 552 3457 833 3530; x_wconf 73' lang='lat' dir='ltr'><strong>Unigeniti</strong></span> <span class='ocrx_word' id='word_1_82' title='bbox 870 3460 1195 3517; x_wconf 74' lang='lat' dir='ltr'><strong>labefactare</strong></span> <span class='ocrx_word' id='word_1_83' title='bbox 1232 3477 1364 3517; x_wconf 88' lang='lat' dir='ltr'><strong>cura</strong></span> <span class='ocrx_word' id='word_1_84' title='bbox 1379 3462 1536 3529; x_wconf 84' lang='lat' dir='ltr'><strong>bant,</strong></span> <span class='ocrx_word' id='word_1_85' title='bbox 1585 3463 1675 3518; x_wconf 84' lang='lat' dir='ltr'><strong>hic</strong></span> <span class='ocrx_word' id='word_1_86' title='bbox 1707 3479 1863 3519; x_wconf 89' lang='lat' dir='ltr'><strong>com-</strong></span> 
     </span>
    </p>
   </div>
   <div class='ocr_carea' id='block_1_14' title="bbox 265 3567 1862 3634">
    <p class='ocr_par' dir='ltr' id='par_1_14' title="bbox 265 3567 1862 3634">
     <span class='ocr_line' id='line_1_14' title="bbox 265 3567 1862 3634; baseline 0.004 -16"><span class='ocrx_word' id='word_1_87' title='bbox 265 3577 565 3629; x_wconf 85' lang='lat' dir='ltr'><strong>memorat,</strong></span> <span class='ocrx_word' id='word_1_88' title='bbox 600 3580 741 3634; x_wconf 88' lang='lat' dir='ltr'><strong>quas</strong></span> <span class='ocrx_word' id='word_1_89' title='bbox 771 3568 993 3621; x_wconf 85' lang='lat' dir='ltr'><strong>ineunte</strong></span> <span class='ocrx_word' id='word_1_90' title='bbox 1026 3582 1172 3622; x_wconf 87' lang='lat' dir='ltr'><strong>anno</strong></span> <span class='ocrx_word' id='word_1_91' title='bbox 1228 3567 1334 3623; x_wconf 72' lang='lat'><strong>586</strong></span> <span class='ocrx_word' id='word_1_92' title='bbox 1388 3569 1644 3632; x_wconf 86' lang='lat' dir='ltr'><strong>absolvit.</strong></span> <span class='ocrx_word' id='word_1_93' title='bbox 1714 3577 1773 3624; x_wconf 93' lang='lat' dir='ltr'><strong>ut</strong></span> <span class='ocrx_word' id='word_1_94' title='bbox 1807 3570 1862 3626; x_wconf 89' lang='lat' dir='ltr'><strong>in</strong></span> 
     </span>
    </p>
   </div>
   <div class='ocr_carea' id='block_1_15' title="bbox 264 3660 1865 3743">
    <p class='ocr_par' dir='ltr' id='par_1_15' title="bbox 264 3660 1865 3743">
     <span class='ocr_line' id='line_1_15' title="bbox 264 3660 1865 3743; baseline 0.004 -20"><span class='ocrx_word' id='word_1_95' title='bbox 264 3669 471 3724; x_wconf 71' lang='lat' dir='ltr'><strong>Moiiito</strong></span> <span class='ocrx_word' id='word_1_96' title='bbox 498 3669 572 3724; x_wconf 85' lang='lat' dir='ltr'><strong>ad</strong></span> <span class='ocrx_word' id='word_1_97' title='bbox 608 3670 829 3725; x_wconf 85' lang='lat' dir='ltr'><strong>easdem</strong></span> <span class='ocrx_word' id='word_1_98' title='bbox 857 3660 1229 3742; x_wconf 69' lang='lat' dir='ltr'><strong>probavimus.</strong></span> <span class='ocrx_word' id='word_1_99' title='bbox 1278 3670 1412 3727; x_wconf 85' lang='lat' dir='ltr'><strong>Hinc</strong></span> <span class='ocrx_word' id='word_1_100' title='bbox 1445 3688 1578 3728; x_wconf 85' lang='lat' dir='ltr'><strong>vero</strong></span> <span class='ocrx_word' id='word_1_101' title='bbox 1611 3673 1865 3743; x_wconf 72' lang='lat' dir='ltr'><strong>arguitur</strong></span> 
     </span>
    </p>
   </div>
   <div class='ocr_carea' id='block_1_16' title="bbox 261 3771 1859 3849">
    <p class='ocr_par' dir='ltr' id='par_1_16' title="bbox 261 3771 1859 3849">
     <span class='ocr_line' id='line_1_16' title="bbox 261 3771 1859 3849; baseline 0.005 -22"><span class='ocrx_word' id='word_1_102' title='bbox 261 3771 405 3829; x_wconf 80' lang='lat' dir='ltr'><strong>hanc</strong></span> <span class='ocrx_word' id='word_1_103' title='bbox 427 3773 722 3828; x_wconf 80' lang='lat' dir='ltr'><strong>homiliatn</strong></span> <span class='ocrx_word' id='word_1_104' title='bbox 747 3774 851 3827; x_wconf 84' lang='lat' dir='ltr'><strong>sub</strong></span> <span class='ocrx_word' id='word_1_105' title='bbox 875 3775 1096 3830; x_wconf 86' lang='lat' dir='ltr'><strong>initium</strong></span> <span class='ocrx_word' id='word_1_106' title='bbox 1122 3775 1252 3830; x_wconf 85' lang='lat' dir='ltr'><strong>anni</strong></span> <span class='ocrx_word' id='word_1_107' title='bbox 1269 3777 1371 3832; x_wconf 81' lang='lat'><strong>587</strong></span> <span class='ocrx_word' id='word_1_108' title='bbox 1393 3777 1637 3833; x_wconf 75' lang='lat' dir='ltr'><strong>habitam</strong></span> <span class='ocrx_word' id='word_1_109' title='bbox 1665 3778 1859 3849; x_wconf 81' lang='lat' dir='ltr'><strong>fuisse,</strong></span> 
     </span>
    </p>
   </div>
   <div class='ocr_carea' id='block_1_17' title="bbox 256 3877 1849 3955">
    <p class='ocr_par' dir='ltr' id='par_1_17' title="bbox 256 3877 1849 3955">
     <span class='ocr_line' id='line_1_17' title="bbox 256 3877 1849 3955; baseline 0.007 -26"><span class='ocrx_word' id='word_1_110' title='bbox 256 3890 312 3931; x_wconf 89' lang='lat' dir='ltr'><strong>et</strong></span> <span class='ocrx_word' id='word_1_111' title='bbox 343 3880 595 3950; x_wconf 76' lang='lat' dir='ltr'><strong>quidem</strong></span> <span class='ocrx_word' id='word_1_112' title='bbox 620 3886 747 3934; x_wconf 88' lang='lat' dir='ltr'><strong>ante</strong></span> <span class='ocrx_word' id='word_1_113' title='bbox 772 3877 1264 3951; x_wconf 75' lang='lat' dir='ltr'><strong>Quadragcsimam</strong></span> <span class='ocrx_word' id='word_1_114' title='bbox 1304 3883 1455 3939; x_wconf 89' lang='lat' dir='ltr'><strong>illius</strong></span> <span class='ocrx_word' id='word_1_115' title='bbox 1496 3886 1646 3952; x_wconf 86' lang='lat' dir='ltr'><strong>anni,</strong></span> <span class='ocrx_word' id='word_1_116' title='bbox 1684 3900 1849 3955; x_wconf 86' lang='lat' dir='ltr'><strong>quam</strong></span> 
     </span>
    </p>
   </div>
   <div class='ocr_carea' id='block_1_18' title="bbox 550 5817 1094 5887">
    <p class='ocr_par' dir='ltr' id='par_1_18' title="bbox 550 5817 1094 5887">
     <span class='ocr_line' id='line_1_18' title="bbox 550 5817 1094 5887; baseline 0.009 -11"><span class='ocrx_word' id='word_1_117' title='bbox 550 5822 819 5876; x_wconf 69' lang='lat' dir='ltr'><strong>i’n‘uor.</strong></span> <span class='ocrx_word' id='word_1_118' title='bbox 877 5817 991 5877; x_wconf 72' lang='lat' dir='ltr'><strong>(in.</strong></span> <span class='ocrx_word' id='word_1_119' title='bbox 1035 5825 1094 5887; x_wconf 82' lang='lat' dir='ltr'><strong>l..</strong></span> 
     </span>
    </p>
   </div>
   <div class='ocr_carea' id='block_1_19' title="bbox 1966 2405 3556 2476">
    <p class='ocr_par' dir='ltr' id='par_1_19' title="bbox 1966 2405 3556 2476">
     <span class='ocr_line' id='line_1_19' title="bbox 1966 2405 3556 2476; baseline 0.001 -17"><span class='ocrx_word' id='word_1_120' title='bbox 1966 2414 2136 2460; x_wconf 87' lang='lat' dir='ltr'><strong>totam</strong></span> <span class='ocrx_word' id='word_1_121' title='bbox 2173 2405 2225 2459; x_wconf 89' lang='lat' dir='ltr'><strong>in</strong></span> <span class='ocrx_word' id='word_1_122' title='bbox 2266 2405 2617 2476; x_wconf 79' lang='lat' dir='ltr'><strong>deplorandis</strong></span> <span class='ocrx_word' id='word_1_123' title='bbox 2666 2407 3133 2460; x_wconf 83' lang='lat' dir='ltr'><strong>Antiochenorum</strong></span> <span class='ocrx_word' id='word_1_124' title='bbox 3175 2417 3298 2475; x_wconf 81' lang='lat' dir='ltr'><strong>post</strong></span> <span class='ocrx_word' id='word_1_125' title='bbox 3334 2421 3556 2462; x_wconf 71' lang='lat' dir='ltr'><strong>eversas</strong></span> 
     </span>
    </p>
   </div>
   <div class='ocr_carea' id='block_1_20' title="bbox 1970 2509 3553 2581">
    <p class='ocr_par' dir='ltr' id='par_1_20' title="bbox 1970 2509 3553 2581">
     <span class='ocr_line' id='line_1_20' title="bbox 1970 2509 3553 2581; baseline 0 -17"><span class='ocrx_word' id='word_1_126' title='bbox 1970 2519 2179 2565; x_wconf 82' lang='lat' dir='ltr'><strong>statuas</strong></span> <span class='ocrx_word' id='word_1_127' title='bbox 2210 2511 2619 2567; x_wconf 79' lang='lat' dir='ltr'><strong>calamitatibus</strong></span> <span class='ocrx_word' id='word_1_128' title='bbox 2670 2509 3033 2581; x_wconf 84' lang='lat' dir='ltr'><strong>consumpsit.</strong></span> <span class='ocrx_word' id='word_1_129' title='bbox 3097 2510 3231 2565; x_wconf 76' lang='lat' dir='ltr'><strong>Vide</strong></span> <span class='ocrx_word' id='word_1_130' title='bbox 3287 2509 3553 2566; x_wconf 75' lang='lat' dir='ltr'><strong>Monitum</strong></span> 
     </span>
    </p>
   </div>
   <div class='ocr_carea' id='block_1_21' title="bbox 1966 2614 3314 2686">
    <p class='ocr_par' dir='ltr' id='par_1_21' title="bbox 1966 2614 3314 2686">
     <span class='ocr_line' id='line_1_21' title="bbox 1966 2614 3314 2686; baseline 0.001 -18"><span class='ocrx_word' id='word_1_131' title='bbox 1966 2616 2031 2668; x_wconf 85' lang='lat' dir='ltr'><strong>ad</strong></span> <span class='ocrx_word' id='word_1_132' title='bbox 2062 2615 2314 2667; x_wconf 71' lang='lat' dir='ltr'><strong>ltouiilias</strong></span> <span class='ocrx_word' id='word_1_133' title='bbox 2349 2614 2467 2670; x_wconf 85' lang='lat' dir='ltr'><strong>illas</strong></span> <span class='ocrx_word' id='word_1_134' title='bbox 2506 2615 2559 2668; x_wconf 92' lang='lat' dir='ltr'><strong>in</strong></span> <span class='ocrx_word' id='word_1_135' title='bbox 2597 2615 2827 2686; x_wconf 78' lang='lat' dir='ltr'><strong>hujusce</strong></span> <span class='ocrx_word' id='word_1_136' title='bbox 2863 2616 2993 2670; x_wconf 88' lang='lat' dir='ltr'><strong>tomi</strong></span> <span class='ocrx_word' id='word_1_137' title='bbox 3028 2614 3314 2684; x_wconf 81' lang='lat' dir='ltr'><strong>principio.</strong></span> 
     </span>
    </p>
   </div>
   <div class='ocr_carea' id='block_1_22' title="bbox 2042 2719 3557 2801">
    <p class='ocr_par' dir='ltr' id='par_1_22' title="bbox 2042 2719 3557 2793">
     <span class='ocr_line' id='line_1_22' title="bbox 2042 2719 3557 2793; baseline 0.003 -20"><span class='ocrx_word' id='word_1_138' title='bbox 2042 2719 2282 2791; x_wconf 80' lang='lat' dir='ltr'><strong>Hujusce</strong></span> <span class='ocrx_word' id='word_1_139' title='bbox 2310 2736 2473 2790; x_wconf 89' lang='lat' dir='ltr'><strong>porro</strong></span> <span class='ocrx_word' id='word_1_140' title='bbox 2506 2722 2792 2779; x_wconf 64' lang='lat' dir='ltr'><strong>conc-iouis</strong></span> <span class='ocrx_word' id='word_1_141' title='bbox 2832 2734 3216 2793; x_wconf 78' lang='lat' dir='ltr'><strong>argumentum</strong></span> <span class='ocrx_word' id='word_1_142' title='bbox 3248 2722 3301 2777; x_wconf 92' lang='lat' dir='ltr'><strong>in</strong></span> <span class='ocrx_word' id='word_1_143' title='bbox 3329 2722 3557 2777; x_wconf 76' lang='lat' dir='ltr'><strong>exordio</strong></span> 
     </span>
    </p>
   </div>
   <div class='ocr_carea' id='block_1_23' title="bbox 1965 2825 3557 2898">
    <p class='ocr_par' dir='ltr' id='par_1_23' title="bbox 1965 2825 3557 2898">
     <span class='ocr_line' id='line_1_23' title="bbox 1965 2825 3557 2898; baseline -0.001 -17"><span class='ocrx_word' id='word_1_144' title='bbox 1965 2827 2158 2881; x_wconf 85' lang='lat' dir='ltr'><strong>statuit</strong></span> <span class='ocrx_word' id='word_1_145' title='bbox 2193 2826 2250 2879; x_wconf 91' lang='lat' dir='ltr'><strong>S.</strong></span> <span class='ocrx_word' id='word_1_146' title='bbox 2289 2825 2509 2882; x_wconf 87' lang='lat' dir='ltr'><strong><em>Doctor.</em></strong></span> <span class='ocrx_word' id='word_1_147' title='bbox 2562 2828 2759 2898; x_wconf 81' lang='lat' dir='ltr'><strong>Agitur</strong></span> <span class='ocrx_word' id='word_1_148' title='bbox 2804 2829 2871 2883; x_wconf 90' lang='lat' dir='ltr'><strong>de</strong></span> <span class='ocrx_word' id='word_1_149' title='bbox 2928 2826 3354 2884; x_wconf 81' lang='lat' dir='ltr'><strong>Rcsurrcclione</strong></span> <span class='ocrx_word' id='word_1_150' title='bbox 3409 2842 3557 2881; x_wconf 66' lang='lat' dir='ltr'><strong>mor-</strong></span> 
     </span>
    </p>
   </div>
   <div class='ocr_carea' id='block_1_24' title="bbox 1967 2921 3615 3003">
    <p class='ocr_par' dir='ltr' id='par_1_24' title="bbox 1967 2921 3615 3003">
     <span class='ocr_line' id='line_1_24' title="bbox 1967 2921 3615 3003; baseline 0.001 -19"><span class='ocrx_word' id='word_1_151' title='bbox 1967 2940 2211 2996; x_wconf 87' lang='lat' dir='ltr'><strong>tuorum,</strong></span> <span class='ocrx_word' id='word_1_152' title='bbox 2256 2921 2414 3002; x_wconf 80' lang='lat' dir='ltr'><strong>cujus</strong></span> <span class='ocrx_word' id='word_1_153' title='bbox 2455 2934 2658 2987; x_wconf 78' lang='lat' dir='ltr'><strong>veritas</strong></span> <span class='ocrx_word' id='word_1_154' title='bbox 2700 2934 2907 3003; x_wconf 88' lang='lat' dir='ltr'><strong>passim</strong></span> <span class='ocrx_word' id='word_1_155' title='bbox 2940 2933 3249 2989; x_wconf 88' lang='lat' dir='ltr'><strong>asseritur:</strong></span> <span class='ocrx_word' id='word_1_156' title='bbox 3299 2933 3365 2987; x_wconf 87' lang='lat' dir='ltr'><strong>de</strong></span> <span class='ocrx_word' id='word_1_157' title='bbox 3399 2934 3557 2988; x_wconf 86' lang='lat' dir='ltr'><strong>insti-</strong></span> <span class='ocrx_word' id='word_1_158' title='bbox 3598 2998 3615 3003; x_wconf 24' lang='grc' dir='ltr'><em>ί</em></span> 
     </span>
    </p>
   </div>
   <div class='ocr_carea' id='block_1_25' title="bbox 1972 3037 3556 3111">
    <p class='ocr_par' dir='ltr' id='par_1_25' title="bbox 1972 3037 3556 3111">
     <span class='ocr_line' id='line_1_25' title="bbox 1972 3037 3556 3111; baseline 0.003 -21"><span class='ocrx_word' id='word_1_159' title='bbox 1972 3038 2170 3090; x_wconf 88' lang='lat' dir='ltr'><strong>tuenda</strong></span> <span class='ocrx_word' id='word_1_160' title='bbox 2242 3037 2546 3092; x_wconf 74' lang='lat' dir='ltr'><strong>secundum</strong></span> <span class='ocrx_word' id='word_1_161' title='bbox 2605 3038 2774 3093; x_wconf 84' lang='lat' dir='ltr'><strong>Deum</strong></span> <span class='ocrx_word' id='word_1_162' title='bbox 2808 3039 2953 3095; x_wconf 78' lang='lat' dir='ltr'><strong>vita:</strong></span> <span class='ocrx_word' id='word_1_163' title='bbox 2993 3040 3060 3095; x_wconf 89' lang='lat' dir='ltr'><strong>de</strong></span> <span class='ocrx_word' id='word_1_164' title='bbox 3114 3040 3380 3095; x_wconf 83' lang='lat' dir='ltr'><strong>adeundis</strong></span> <span class='ocrx_word' id='word_1_165' title='bbox 3428 3055 3556 3111; x_wconf 84' lang='lat' dir='ltr'><strong>per-</strong></span> 
     </span>
    </p>
   </div>
   <div class='ocr_carea' id='block_1_26' title="bbox 1966 3142 3554 3213">
    <p class='ocr_par' dir='ltr' id='par_1_26' title="bbox 1966 3142 3554 3213">
     <span class='ocr_line' id='line_1_26' title="bbox 1966 3142 3554 3213; baseline 0.002 -17"><span class='ocrx_word' id='word_1_166' title='bbox 1966 3156 2135 3212; x_wconf 83' lang='lat' dir='ltr'><strong>pensa</strong></span> <span class='ocrx_word' id='word_1_167' title='bbox 2164 3142 2373 3212; x_wconf 73' lang='lat' dir='ltr'><strong>przcmii</strong></span> <span class='ocrx_word' id='word_1_168' title='bbox 2413 3143 2791 3213; x_wconf 79' lang='lat' dir='ltr'><strong>magnitudine</strong></span> <span class='ocrx_word' id='word_1_169' title='bbox 2842 3143 3125 3200; x_wconf 84' lang='lat' dir='ltr'><strong>laboribus</strong></span> <span class='ocrx_word' id='word_1_170' title='bbox 3158 3165 3169 3200; x_wconf 91' lang='lat'><strong>:</strong></span> <span class='ocrx_word' id='word_1_171' title='bbox 3233 3146 3554 3199; x_wconf 88' lang='lat' dir='ltr'><strong>nonnullam</strong></span> 
     </span>
    </p>
   </div>
   <div class='ocr_carea' id='block_1_27' title="bbox 1971 3250 3557 3319">
    <p class='ocr_par' dir='ltr' id='par_1_27' title="bbox 1971 3250 3557 3319">
     <span class='ocr_line' id='line_1_27' title="bbox 1971 3250 3557 3319; baseline 0.004 -16"><span class='ocrx_word' id='word_1_172' title='bbox 1971 3250 2241 3304; x_wconf 85' lang='lat' dir='ltr'><strong>bonorum</strong></span> <span class='ocrx_word' id='word_1_173' title='bbox 2268 3265 2495 3319; x_wconf 82' lang='lat' dir='ltr'><strong>Operum</strong></span> <span class='ocrx_word' id='word_1_174' title='bbox 2534 3252 2842 3308; x_wconf 81' lang='lat' dir='ltr'><strong>mercedem</strong></span> <span class='ocrx_word' id='word_1_175' title='bbox 2873 3254 3038 3309; x_wconf 87' lang='lat' dir='ltr'><strong>etiam</strong></span> <span class='ocrx_word' id='word_1_176' title='bbox 3073 3254 3128 3308; x_wconf 92' lang='lat' dir='ltr'><strong>in</strong></span> <span class='ocrx_word' id='word_1_177' title='bbox 3169 3254 3274 3309; x_wconf 82' lang='lat' dir='ltr'><strong>hac</strong></span> <span class='ocrx_word' id='word_1_178' title='bbox 3316 3255 3425 3310; x_wconf 73' lang='lat' dir='ltr'><strong>vita</strong></span> <span class='ocrx_word' id='word_1_179' title='bbox 3460 3255 3557 3309; x_wconf 90' lang='lat' dir='ltr'><strong>tri-</strong></span> 
     </span>
    </p>
   </div>
   <div class='ocr_carea' id='block_1_28' title="bbox 1965 3354 3552 3428">
    <p class='ocr_par' dir='ltr' id='par_1_28' title="bbox 1965 3354 3552 3428">
     <span class='ocr_line' id='line_1_28' title="bbox 1965 3354 3552 3428; baseline 0.003 -17"><span class='ocrx_word' id='word_1_180' title='bbox 1965 3357 2089 3423; x_wconf 71' lang='lat' dir='ltr'><strong>bui,</strong></span> <span class='ocrx_word' id='word_1_181' title='bbox 2124 3354 2281 3410; x_wconf 84' lang='lat' dir='ltr'><strong>Pauli</strong></span> <span class='ocrx_word' id='word_1_182' title='bbox 2315 3358 2567 3427; x_wconf 78' lang='lat' dir='ltr'><strong>exemplo</strong></span> <span class='ocrx_word' id='word_1_183' title='bbox 2627 3357 3040 3428; x_wconf 83' lang='lat' dir='ltr'><strong>comprobatur.</strong></span> <span class='ocrx_word' id='word_1_184' title='bbox 3068 3360 3353 3415; x_wconf 69' lang='lat' dir='ltr'><strong>Maniclmi</strong></span> <span class='ocrx_word' id='word_1_185' title='bbox 3388 3362 3552 3416; x_wconf 87' lang='lat' dir='ltr'><strong>etiam</strong></span> 
     </span>
    </p>
   </div>
   <div class='ocr_carea' id='block_1_29' title="bbox 1966 3462 3556 3537">
    <p class='ocr_par' dir='ltr' id='par_1_29' title="bbox 1966 3462 3556 3537">
     <span class='ocr_line' id='line_1_29' title="bbox 1966 3462 3556 3537; baseline 0.004 -20"><span class='ocrx_word' id='word_1_186' title='bbox 1966 3463 2145 3517; x_wconf 89' lang='lat' dir='ltr'><strong>obiter</strong></span> <span class='ocrx_word' id='word_1_187' title='bbox 2175 3462 2551 3529; x_wconf 81' lang='lat' dir='ltr'><strong>confutantur,</strong></span> <span class='ocrx_word' id='word_1_188' title='bbox 2585 3465 2680 3536; x_wconf 88' lang='lat' dir='ltr'><strong>qui</strong></span> <span class='ocrx_word' id='word_1_189' title='bbox 2712 3480 2943 3537; x_wconf 85' lang='lat' dir='ltr'><strong>corpora</strong></span> <span class='ocrx_word' id='word_1_190' title='bbox 2977 3476 3033 3523; x_wconf 90' lang='lat' dir='ltr'><strong>et</strong></span> <span class='ocrx_word' id='word_1_191' title='bbox 3062 3477 3312 3523; x_wconf 86' lang='lat' dir='ltr'><strong>naturam</strong></span> <span class='ocrx_word' id='word_1_192' title='bbox 3356 3470 3556 3524; x_wconf 85' lang='lat' dir='ltr'><strong>huma-</strong></span> 
     </span>
    </p>
   </div>
   <div class='ocr_carea' id='block_1_30' title="bbox 1967 3569 3164 3637">
    <p class='ocr_par' dir='ltr' id='par_1_30' title="bbox 1967 3569 3164 3637">
     <span class='ocr_line' id='line_1_30' title="bbox 1967 3569 3164 3637; baseline 0.004 -17"><span class='ocrx_word' id='word_1_193' title='bbox 1967 3582 2094 3621; x_wconf 85' lang='lat' dir='ltr'><strong>nam</strong></span> <span class='ocrx_word' id='word_1_194' title='bbox 2132 3583 2227 3637; x_wconf 86' lang='lat' dir='ltr'><strong>per</strong></span> <span class='ocrx_word' id='word_1_195' title='bbox 2255 3583 2314 3623; x_wconf 88' lang='lat' dir='ltr'><strong>se</strong></span> <span class='ocrx_word' id='word_1_196' title='bbox 2356 3569 2554 3623; x_wconf 88' lang='lat' dir='ltr'><strong>malam</strong></span> <span class='ocrx_word' id='word_1_197' title='bbox 2587 3584 2711 3625; x_wconf 89' lang='lat' dir='ltr'><strong>esse</strong></span> <span class='ocrx_word' id='word_1_198' title='bbox 2740 3570 3164 3625; x_wconf 82' lang='lat' dir='ltr'><strong>mentiebantur.</strong></span> 
     </span>
    </p>
   </div>
   <div class='ocr_carea' id='block_1_31' title="bbox 2041 3672 3556 3746">
    <p class='ocr_par' dir='ltr' id='par_1_31' title="bbox 2041 3672 3556 3746">
     <span class='ocr_line' id='line_1_31' title="bbox 2041 3672 3556 3746; baseline 0.004 -20"><span class='ocrx_word' id='word_1_199' title='bbox 2041 3672 2554 3742; x_wconf 86' lang='lat' dir='ltr'><strong>lnterpretationem</strong></span> <span class='ocrx_word' id='word_1_200' title='bbox 2607 3674 2801 3730; x_wconf 84' lang='lat' dir='ltr'><strong>incerti</strong></span> <span class='ocrx_word' id='word_1_201' title='bbox 2850 3676 3139 3746; x_wconf 83' lang='lat' dir='ltr'><strong>cujusdam</strong></span> <span class='ocrx_word' id='word_1_202' title='bbox 3193 3676 3319 3742; x_wconf 86' lang='lat' dir='ltr'><strong>viri,</strong></span> <span class='ocrx_word' id='word_1_203' title='bbox 3372 3678 3556 3735; x_wconf 85' lang='lat' dir='ltr'><strong>multis</strong></span> 
     </span>
    </p>
   </div>
   <div class='ocr_carea' id='block_1_32' title="bbox 1969 3775 3553 3851">
    <p class='ocr_par' dir='ltr' id='par_1_32' title="bbox 1969 3775 3553 3851">
     <span class='ocr_line' id='line_1_32' title="bbox 1969 3775 3553 3851; baseline 0.004 -20"><span class='ocrx_word' id='word_1_204' title='bbox 1969 3775 2025 3831; x_wconf 92' lang='lat' dir='ltr'><strong>in</strong></span> <span class='ocrx_word' id='word_1_205' title='bbox 2091 3776 2232 3832; x_wconf 87' lang='lat' dir='ltr'><strong>locis</strong></span> <span class='ocrx_word' id='word_1_206' title='bbox 2272 3779 2625 3850; x_wconf 78' lang='lat' dir='ltr'><strong>castigatam,</strong></span> <span class='ocrx_word' id='word_1_207' title='bbox 2677 3794 2708 3834; x_wconf 67' lang='grc' dir='ltr'>ο</span> <span class='ocrx_word' id='word_1_208' title='bbox 2750 3780 2974 3851; x_wconf 76' lang='lat' dir='ltr'><strong>regione</strong></span> <span class='ocrx_word' id='word_1_209' title='bbox 3034 3780 3208 3837; x_wconf 76' lang='lat' dir='ltr'><strong>Grazei</strong></span> <span class='ocrx_word' id='word_1_210' title='bbox 3262 3789 3553 3837; x_wconf 74' lang='lat' dir='ltr'><strong>contextus</strong></span> 
     </span>
    </p>
   </div>
   <div class='ocr_carea' id='block_1_33' title="bbox 1969 3880 2263 3937">
    <p class='ocr_par' dir='ltr' id='par_1_33' title="bbox 1969 3880 2263 3937">
     <span class='ocr_line' id='line_1_33' title="bbox 1969 3880 2263 3937; baseline -0.003 -1"><span class='ocrx_word' id='word_1_211' title='bbox 1969 3880 2263 3937; x_wconf 84' lang='lat' dir='ltr'><strong>edidimus.</strong></span> 
     </span>
    </p>
   </div>
  </div>
