4206 6318
196 425 289 480 ιιῖ
321 434 400 479 ter

1193 419 1281 474 DF.
1321 412 1905 473 RESURRECTIONE
1947 407 2329 467 MOKTUORE
2344 406 2412 460 Μ.

202 645 3421 694 MM“...

1669 1425 1882 1505 ,ΒΕ

791 1771 846 1794 η

2690 853 2742 893 1..

611 1959 1928 2096 RESURRECTIONE
2026 1952 3048 2084 MORTUORUM

1538 2555 2114 2661 HOMILIA.

294 4098 347 4151 l.
389 4095 572 4151 Futuri
615 4093 807 4165 ,ἱειάὶάὶ
851 4101 1017 4148 metu;
1065 4092 1137 4146 ad
1191 4093 1355 4146 vitam
1412 4090 1796 4145 instituendam

200 4211 390 4271 Juvat.
421 4229 490 4239 —
525 4199 600 4252 De
631 4199 753 4254 ﬁdei
784 4207 985 4252 nostra!
1024 4197 1384 4266 dogmatibus.
1416 4195 1592 4264 deque
1623 4192 1794 4264 gloria

213 4304 487 4374 unigeniti
529 4303 644 4357 Filii
693 4302 788 4356 Dei
844 4301 1053 4369 pridem
1085 4301 1228 4369 apud
1263 4316 1361 4354 vos
1411 4300 1794 4363 disseruimus,

214 4409 542 4463 obturantes
570 4407 946 4463 hmreticoruui
1003 4422 1116 4470 ora,
1154 4406 1247 4475 qui
1303 4405 1525 4476 gloriam
1571 4406 1648 4459 illi
1700 4406 1800 4460 de-

217 4514 474 4575 trahunt,
507 4520 560 4566 et
596 4527 624 4565 a
655 4511 913 4566 Genitore
957 4527 1056 4565 suo
1107 4510 1254 4563 illum
1288 4510 1523 4565 alienum
1566 4510 1754 4565 dicunt
1783 4529 1797 4564 :

218 4616 391 4672 hodie
425 4616 491 4670 de
521 4617 783 4678 moribus,
824 4616 1000 4683 deque
1052 4615 1159 4668 vita
1213 4615 1544 4671 instituenda
1590 4631 1802 4671 sermo-

219 4739 354 4778 nem
383 4723 437 4776 in
468 4722 703 4776 medium
728 4721 923 4776 afferre
955 4731 1010 4776 et
1040 4722 1093 4774 in
1119 4737 1316 4792 genere
1360 4723 1653 4778 admonere
1704 4724 1802 4778 de-

216 4827 519 4883 crevimus.
574 4827 682 4880 Imo
750 4841 931 4880 sermo
991 4841 1103 4881 non
1172 4828 1389 4881 moralis
1443 4828 1647 4895 solum,
1709 4833 1802 4886 sed

219 4933 396 4987 etiam
448 4931 780 5000 dogmaticus
827 4931 930 4983 erit
961 4943 978 4982 τ
1007 4937 1227 4996 paratus
1262 4930 1408 4984 enim
1456 4947 1598 4996 sum,
1643 4944 1703 4987 ut
1739 4935 1805 4989 ad

221 5037 514 5090 materiam
557 5034 625 5089 de
654 5034 1048 5088 resurrectione
1087 5034 1433 5088 descendam.
1488 5035 1642 5102 Quod
1679 5053 1807 5091 sane

221 5149 612 5210 argumentum
650 5141 857 5192 varium
910 5147 994 5192 est
1043 5128 1410 5207 et'copiosum
1441 5157 1452 5191 :
1490 5155 1612 5193 nam
1647 5148 1702 5192 et
1754 5142 1807 5194 in

218 5246 313 5312 iis,
348 5262 473 5316 qua:
508 5245 630 5300 ﬁdei
659 5255 810 5308 sunt,
852 5260 952 5300 nos
1001 5243 1200 5315 dirigit,
1250 5254 1304 5298 et
1350 5245 1516 5299 vitam
1567 5259 1808 5301 nostram

217 5348 534 5418 componit.
574 5357 629 5403 et
680 5349 917 5403 divinam
973 5348 1372 5418 providentiam
1432 5351 1500 5404 ab
1555 5352 1811 5406 omnibus

213 5454 715 5517 calumniatoribus
772 5454 1033 5508 vindicat.
1063 5452 1128 5507 Et
1177 5455 1630 5523 quemadmodum
1687 5474 1809 5512 cum

217 5575 339 5614 non
389 5558 657 5620 creditur,
705 5557 872 5611 vitam
924 5567 1164 5612 nostram
1205 5560 1494 5623 subvertit,
1550 5563 1813 5632 malisque

215 5664 507 5718 sexcentis
537 5662 745 5730 implet,
779 5677 995 5716 sursum
1039 5663 1402 5735 deorsumque
1443 5666 1599 5720 factis
1639 5670 1813 5722 omni-

1900 4085 2004 4142 bus
2029 4104 2042 4141 :
2072 4087 2144 4143 ita
2169 4103 2291 4143 cum
2319 4087 2579 4155 creditur,
2617 4088 3014 4159 providentiam
3044 4089 3231 4147 multis
3251 4090 3476 4147 rationi-

1900 4193 2004 4248 bus
2025 4193 2278 4258 adstruit,
2295 4201 2350 4248 et
2373 4209 2475 4248 nos
2496 4193 2562 4248 ad
2578 4193 2890 4264 diligentem
2909 4195 3126 4250 virtutis
3149 4211 3334 4251 curam
3357 4212 3480 4266 pro-

1904 4306 2108 4360 movet,
2142 4298 2270 4351 vitia
2304 4313 2500 4368 magno
2544 4298 2727 4352 studio
2757 4298 2997 4368 expellit,
3035 4300 3214 4354 omnia
3247 4302 3483 4371 denique

1903 4401 2295 4470 tranquillitate
2319 4402 2558 4472 complet
2596 4418 2658 4456 ac
2689 4418 2841 4472 pace.
2876 4404 3112 4470 Etenim,
3141 4415 3201 4459 ut
3227 4407 3374 4459 nulla
3407 4407 3478 4459 illi

1902 4507 2126 4563 virtutis
2157 4523 2286 4561 cura
2311 4516 2415 4570 est,
2440 4507 2532 4576 qui
2573 4509 3033 4563 resurrectionem
3055 4525 3163 4564 non
3181 4521 3484 4580 exspectat.

1903 4612 2105 4683 quique
2148 4613 2323 4668 credit
2366 4627 2426 4666 se
2463 4629 2572 4667 non
2623 4614 2958 4669 redditurum
3003 4615 3270 4671 rationem
3313 4616 3381 4670 de
3420 4616 3486 4669 iis

1905 4736 2024 4790 quae
2038 4718 2128 4773 hic
2143 4729 2399 4789 operatus
2420 4728 2523 4785 est,
2543 4720 2637 4774 sed
2655 4720 2909 4789 opinatur
2929 4737 3016 4775 res
3039 4730 3252 4776 nostras
3276 4730 3485 4776 tantum

1907 4823 2049 4877 inter
2063 4833 2324 4893 angustos
2341 4824 2625 4893 praesentis
2636 4825 2760 4878 vitze
2779 4824 2979 4880 limites
2997 4826 3286 4890 contineri,
3308 4841 3485 4896 neque

1908 4930 2048 4984 ultra
2085 4944 2143 4983 se
2167 4930 2464 4984 extendere
2492 4947 2504 4982 :
2532 4929 2806 4999 quomodo
2852 4931 3000 4987 enim
3028 4930 3245 4986 virtutis
3279 4931 3383 4985 ulla
3438 4933 3487 4984 ei

1908 5050 2036 5088 cura
2065 5043 2228 5096 esset,
2264 5035 2353 5104 qui
2388 5035 2592 5089 nullam
2618 5035 2864 5090 laborum
2917 5037 3332 5092 retributionem
3384 5038 3489 5092 sibi

1914 5139 2206 5209 repositam
2238 5140 2552 5210 exspectat?
2572 5156 2750 5210 neque
2771 5157 2997 5210 peccare
3019 5142 3251 5207 desinet,
3285 5152 3341 5196 et
3365 5158 3491 5197 cum

1914 5245 2047 5297 nihil
2076 5245 2459 5314 suppliciorum
2490 5245 2776 5300 imminere
2800 5245 2914 5300 suis
2939 5247 3080 5301 male
3101 5247 3237 5300 actis
3267 5241 3453 5301 credat
3476 5265 3489 5310 ;

1913 5352 2180 5420 permittit
2197 5367 2314 5406 sese
2335 5351 2493 5406 foedis
2507 5353 2993 5423 concupiscentiis,
3012 5363 3066 5408 et
3085 5354 3136 5408 in
3155 5354 3362 5409 nullum
3378 5370 3491 5409 non

1913 5458 2170 5527 peccandi
2190 5474 2360 5528 genus
2381 5459 2507 5512 ruit.
2529 5457 2603 5512 Ita
2625 5467 2678 5512 et
2696 5459 2786 5528 qui
2809 5459 2907 5514 sibi
2934 5461 3226 5530 persuadet
3243 5460 3491 5514 futurum

1915 5564 2204 5633 aliquando
2229 5564 2514 5632 judicium,
2547 5576 2602 5617 et
2631 5576 2756 5620 ante
2799 5565 2986 5618 oculos
3023 5565 3211 5620 statuit
3245 5564 3489 5619 terribile

1917 5668 2047 5722 illud
2082 5669 2334 5734 tribunal,
2372 5679 2424 5723 et
2469 5669 2878 5724 indeclinabiies
2908 5670 3369 5739 expostulationes
3392 5708 3405 5733 ,
3441 5679 3496 5722 et
