4206 6318
705 375 807 429 ita
1330 438 1340 447 ,

697 484 1048 539 tnevitabilem
1093 483 1407 537 sententiam
1446 501 1458 537 :
1491 485 1532 537 is
1570 482 1738 535 modis
1769 480 2013 534 omnibus
2048 477 2266 532 conabi-

698 586 800 639 tur,
831 584 887 627 ut
929 574 1137 629 studeat
1166 574 1526 640 tetnpcrantizu
1569 582 1623 625 et
1670 570 1900 638 arquitati
1945 579 2103 638 atque
2152 568 2269 621 aliis

698 665 994 730 virtutibus,
1025 672 1078 717 et
1122 663 1335 733 cll‘ugiat
1382 661 1858 731 intemperantiam,
1920 660 2266 713 temeritatem

696 754 975 822 omniaque
1019 753 1119 808 alia
1163 754 1329 807 vitia;
1363 752 1553 844 bigae
1603 750 1793 821 poterit
1841 765 2026 818 magna
2074 749 2269 801 virtute

697 845 950 914 repellere
981 859 1093 911 eos,
1144 845 1229 913 qui
1279 839 1511 897 divinam
1557 841 1941 895 calumniantur
1986 839 2268 909 providen-

695 937 839 989 tiam.

770 1024 1090 1078 Providentia
1114 1023 1208 1077 Dei
1229 1024 1531 1095 defenditur.
1591 1052 1658 1061 —-
1711 1020 1916 1074 Etenim
1971 1035 2096 1073 vero
2147 1034 2270 1072 sum

696 1117 956 1180 nonnulli,
986 1117 1073 1186 qui
1101 1116 1189 1168 ubi
1216 1115 1446 1170 viderint
1484 1122 1757 1166 mansuete
1784 1121 1835 1165 et
1864 1120 2007 1164 caste
2035 1120 2087 1163 et
2127 1109 2269 1177 juste

695 1210 930 1261 viventes
961 1207 1233 1260 tnodestiis
1272 1216 1324 1260 et
1370 1204 1648 1261 Caluntttiis
1697 1204 1884 1272 pretni,
1914 1204 1998 1255 vix
2023 1216 2268 1255 necessa—

696 1301 827 1352 rium
876 1300 1068 1351 victum
1121 1297 1349 1362 habere,
1382 1313 1522 1367 Stl'pc
1563 1297 1719 1349 etiam
1775 1295 1959 1347 morbo
2010 1294 2164 1361 longo
2216 1302 2269 1345 ct

694 1391 837 1458 gravi
863 1390 1162 1443 valetudine
1188 1376 1464 1451 macerari,
1495 1395 1547 1441 et
1574 1388 1625 1439 in
1653 1401 1855 1439 summa
1876 1427 1888 1447 ,
1916 1385 2059 1438 omni
2088 1398 2269 1436 carere

692 1483 963 1544 subsidio;
1008 1492 1059 1536 et
1098 1497 1128 1535 e
1169 1481 1381 1535 diverso
1406 1482 1673 1534 maleficos
1694 1488 1745 1532 ct
1777 1478 2003 1547 pollutus
2031 1477 2269 1529 homines

695 1574 951 1641 planeque
976 1572 1260 1642 flagitiosos
1289 1571 1511 1625 affluere
1546 1571 1740 1624 divitiis
1761 1611 1775 1635 ,
1808 1569 2064 1635 deliciari,
2091 1566 2270 1619 nitidis

689 1665 926 1719 vestibus
956 1665 1180 1731 amiciri,
1210 1664 1621 1717 domesticorum
1646 1678 1833 1732 agmen
1872 1671 1985 1729 post
2007 1675 2062 1715 se
2092 1658 2268 1712 trahe-

690 1770 769 1823 re,
794 1758 844 1809 itt
869 1756 1213 1810 admiratione
1241 1769 1379 1821 esse,
1423 1756 1758 1824 magistratus
1800 1770 1981 1824 gerere
2006 1794 2017 1813 .
2052 1752 2268 1805 mulam

698 1849 834 1915 apud
889 1847 1262 1915 Imperatorem
1315 1846 1556 1898 lidueiam
1605 1844 1821 1907 habere,
1873 1859 1992 1895 mox
2037 1840 2267 1894 divinam

694 1947 916 2006 arguunt
944 1937 1345 2006 providentiam,
1381 1946 1434 1989 et
1462 1935 1644 1989 dicunt
1680 1952 1690 1985 :
1728 1933 1949 1988 Ubinam
1983 1932 2269 1999 providen-

690 2028 763 2080 tia
790 2028 911 2080 illa?
936 2036 1025 2079 aut
1056 2026 1361 2094 ubijustum
1385 2026 1640 2094 judicium
1663 2026 1684 2075 Υ
1707 2024 1914 2077 sobrius
1942 2035 1988 2075 ct
2018 2026 2269 2075 innocens

693 2117 831 2170 male
862 2118 1041 2183 habet,
1072 2117 1430 2185 intemperans
1461 2126 1513 2168 ct
1557 2125 1833 2183 corruptus
1872 2113 2093 2167 feliciter
2118 2115 2224 2181 agit
2253 2132 2265 2163 :

691 2217 742 2261 et
770 2207 856 2261 hic
885 2207 1094 2277 quidem
1116 2206 1454 2261 admirationi
1475 2214 1576 2269 est,
1608 2206 1692 2259 ille
1722 2223 1846 2258 vero
1880 2205 2104 2259 ludibrio
2138 2222 2150 2257 :
2185 2204 2270 2256 hic

690 2300 848 2354 variis
875 2300 1063 2353 fruitur
1088 2299 1291 2353 deliciis
1311 2341 1325 2363 ,
1355 2299 1441 2352 ille
1470 2310 1645 2355 autem
1676 2298 1829 2366 ineps
1868 2298 2121 2352 extremis
2154 2312 2270 2365 pes—

696 2388 971 2443 sumdatur
997 2389 1364 2443 incommodis.
1405 2387 1537 2441 Tum
1584 2388 1739 2457 igitur
1766 2390 1841 2448 is,
1876 2388 1961 2454 qui
1991 2386 2055 2440 de
2086 2386 2269 2439 futuris

689 2479 910 2539 dubitat.
958 2480 1395 2533 οοηιίερεοοιεειι
1438 2480 1527 2548 qni
1583 2480 1650 2533 de
1706 2480 2096 2533 resurrectione
2136 2478 2269 2531 bene

688 2570 948 2635 senserit,
976 2579 1029 2621 et
1061 2568 1328 2637 sapienter
1353 2568 1620 2637 disputare
1653 2570 1855 2622 novetit
1878 2610 1892 2633 ,
1924 2568 2073 2621 facile
2118 2568 2270 2636 quid-

688 2660 812 2728 quid
843 2659 893 2712 id
929 2670 1009 2713 est
1037 2660 1377 2728 blaSphemia:
1403 2660 1597 2723 diluet,
1622 2669 1675 2714 ct
1710 2661 1813 2713 illis
1839 2671 1941 2713 tam
1968 2659 2268 2713 stomacha—

688 2750 865 2805 bunde
893 2751 1278 2821 disputantibus
1305 2751 1444 2806 dicet
1476 2769 1491 2805 :
1525 2753 1854 2821 Coutpescite
1898 2754 2126 2821 tinguant
2173 2768 2265 2806 ve-

688 2852 875 2907 stram,
925 2852 977 2895 ct
1026 2842 1281 2897 adversus
1336 2842 1523 2909 Deum,
1576 2845 1664 2912 qui
1710 2858 1806 2898 vos
1858 2844 2000 2909 fecit,
2045 2860 2162 2898 eam
2201 2858 2267 2898 ne

686 2930 1029 2988 exacuerilis.
1070 2934 1184 2988 Non
1228 2934 1369 2988 enim
1416 2949 1501 2988 res
1531 2945 1723 2988 nostra:
1752 2935 1801 2987 in
1834 2935 1931 2987 hac
1962 2935 2131 2988 solum
2162 2936 2267 2987 vita

692 3028 905 3091 durant,
934 3028 1024 3082 sed
1050 3027 1361 3083 festinamus
1390 3026 1454 3081 ad
1486 3026 1643 3081 vitam
1683 3027 1842 3080 aliaat
1874 3028 2038 3081 multo
2067 3028 2267 3096 longio-

690 3121 978 3186 rent,~Jttto
1018 3121 1176 3175 finem
1225 3121 1444 3175 minimc
1487 3112 1797 3183 habentem;
1839 3130 1893 3173 et
1930 3119 1998 3174 ibi
2053 3121 2268 3173 omnino

690 3228 888 3282 pauper
912 3214 1039 3279 iste,
1066 3214 1152 3283 qui
1178 3212 1321 3282 juste
1353 3212 1505 3276 vivit,
1536 3210 1773 3264 laborum
1822 3225 2035 3263 suorum
2065 3226 2271 3265 mercc-

690 3306 810 3359 dem
838 3314 1150 3375 accepturus
1170 3316 1251 3359 est
1278 3320 1290 3357 :
1321 3305 1681 3372 intemperans
1709 3312 1884 3355 autem
1913 3313 1967 3356 et
1995 3302 2268 3357 maleficus

688 3394 903 3449 malitia:
930 3410 1042 3450 sum
1071 3394 1371 3463 illicitzeque
1396 3392 1677 3461 voluptatis
1704 3392 1922 3445 daturus
1952 3402 2034 3446 est
2058 3408 2263 3462 poenas.

688 3486 917 3542 Proinde
946 3502 1051 3541 non
1069 3502 1100 3541 a
1125 3486 1475 3557 praesentibus
1504 3485 1674 3539 solum
1701 3484 1768 3539 de
1787 3484 1961 3537 divina
1982 3486 2266 3554 providen-

689 3578 760 3630 tia
783 3570 1099 3631 seatentiam
1131 3576 1381 3641 feramus,
1416 3575 1509 3630 sed
1533 3576 1737 3630 etiama
1769 3575 1958 3630 futuris
1992 3591 2005 3627 :
2036 3592 2281 3644 praesen-

688 3667 757 3719 tia
782 3674 1051 3720 certamen
1081 3666 1346 3736 quoddam
1377 3676 1518 3733 sunt,
1571 3675 1623 3719 et
1661 3666 1890 3731 labores,
1922 3647 1975 3720 et
2002 3668 2264 3733 stadium;

690 3754 863 3808 futura
890 3770 1017 3809 vero
1067 3756 1304 3824 praemia,
1349 3771 1581 3821 curuum,
1628 3765 1682 3810 et
1720 3756 1919 3810 hra‘via.
1959 3759 2106 3811 Sicut
2141 3773 2267 3826 ergo

687 3847 901 3900 athleta:
929 3846 979 3899 iu
1009 3845 1235 3912 theatro,
1263 3854 1317 3900 et
1351 3847 1401 3899 in
1431 3846 1623 3900 sudore
1642 3887 1657 3912 ,
1694 3857 1747 3900 et
1778 3850 2024 3915 pulvere,
2056 3857 2108 3901 et
2136 3858 2267 3900 msttt

687 3936 873 4001 multo,
906 3945 959 3990 et
992 3936 1264 3991 laboribus
1304 3946 1357 3991 et
1386 3937 1637 3991 mrunmis
1680 3937 2013 4006 pugnandum
2045 3948 2126 3992 est
2158 3954 2171 3989 :
2199 3938 2267 3991 ita

687 4034 743 4081 et
760 4025 962 4094 justum
994 4025 1080 4079 hic
1110 4024 1271 4078 multa
1300 4026 1563 4079 sustinere
1588 4034 1815 4093 oportet,
1844 4034 1899 4079 et
1924 4025 2061 4079 ferre
2090 4027 2266 4080 omnia

689 4117 935 4183 viriliter,
960 4116 1218 4185 siquidem
1246 4115 1526 4185 praeclaras
1549 4115 1655 4169 illic
1675 4125 1988 4183 accepturus
2017 4125 2096 4170 est
2116 4131 2271 4170 coro-

681 4223 809 4263 .nas.
852 4207 917 4261 Et
964 4206 1153 4261 sisunt
1183 4207 1441 4272 nonnulli,
1479 4220 1612 4275 quos
1663 4207 1934 4275 perturbat
1987 4205 2268 4275 impiorum

694 4298 916 4353 t'elicitas
939 4340 953 4363 ,
987 4297 1040 4351 hi
1070 4312 1247 4352 secum
1276 4299 1622 4367 perpendant,
1652 4296 1793 4367 quod
1821 4298 2268 4366 quemadmodum

691 4398 747 4442 et
766 4388 1018 4453 latrones,
1065 4396 1121 4443 et
1150 4387 1513 4457 sepulcrorum
1557 4385 1858 4454 elfossorcs,
1883 4397 1936 4442 et
1965 4388 2266 4455 homicidae,

688 4490 744 4533 et
768 4480 949 4548 pirata:
978 4480 1279 4549 priusquam
1299 4478 1363 4532 ad
1385 4476 1616 4547 iudicem
1643 4478 1914 4533 trahantur
1933 4521 1947 4545 ,
1968 4480 2156 4541 multis
2177 4481 2271 4535 dc-

694 4570 829 4624 liciis
856 4569 1101 4623 fruuntur
1126 4610 1141 4635 ,
1174 4578 1227 4623 et
1254 4584 1320 4622 ex
1353 4569 1522 4623 aliena
1553 4568 1853 4622 calamitate
1891 4584 2039 4623 suam
2070 4572 2266 4625 consti-

686 4667 903 4715 tuentes
922 4660 1333 4726 abundantiam,
1366 4658 1679 4728 injustisque
1708 4660 1899 4728 Opibus
1925 4660 2265 4730 locupletati,

694 4750 930 4821 quotidie
954 4749 1315 4816 iuebriantur;
1348 4750 1435 4804 ubi
1487 4760 1663 4805 autem
1705 4750 1898 4819 jttdieis
1952 4755 2268 4806 sententiam

695 4843 973 4910 subibunt,
1004 4844 1249 4898 omnium
1279 4843 1487 4898 illorum
1541 4845 1686 4899 luent
1740 4859 1949 4914 pmuam
1980 4861 1994 4899 :
2022 4848 2089 4901 ita
2118 4858 2170 4901 et
2198 4847 2271 4901 illi

693 4934 782 5003 qui
799 4944 970 4987 scorta
993 4942 1316 5001 mercantur,
1340 4944 1393 4989 et
1413 4933 1735 5005 Sybariticas
1750 4951 1957 4991 mensas
1982 4939 2269 5005 instruunt,

696 5032 752 5078 et
774 5024 1054 5093 supercilia
1080 5026 1369 5094 surrigunt,
1398 5036 1451 5080 et
1474 5025 1611 5079 fastu
1639 5026 1689 5080 in
1716 5025 1832 5081 foro
1851 5028 1987 5095 pleni
2012 5043 2273 5099 pauperes

602 5154 613 5162 ε
699 5117 1041 5187 Opprimunt;
1072 5118 1279 5187 quando
1301 5119 1600 5188 unigenitus
1629 5120 1720 5172 Dei
1749 5119 1912 5174 Filius
1958 5121 2129 5175 aderit
2153 5137 2270 5175 cum

696 5209 897 5277 angelis
921 5210 1029 5262 suis
1048 5247 1064 5274 ,
1092 5218 1147 5263 et
1180 5208 1372 5263 sedens
1406 5225 1567 5277 super
1598 5208 1842 5265 thronum
1872 5212 2016 5265 illtuu
2037 5254 2051 5278 ,
2090 5213 2271 5266 orbem

701 5310 962 5354 terrarum
1003 5299 1054 5352 in
1103 5300 1335 5354 medium
1387 5300 1666 5355 adduxerit
1701 5318 1713 5354 :
1748 5311 1871 5356 tunc
1897 5304 2020 5357 nudi
2050 5314 2103 5359 et
2131 5307 2274 5359 ωηιιί

700 5406 797 5445 suo
820 5392 1103 5461 splendore
1129 5391 1365 5447 destituti
1392 5394 1741 5461 adducentur,
1772 5404 1824 5449 ct
1849 5396 2049 5449 nulltnn
2078 5396 2158 5451 vel
2185 5396 2277 5451 ad-

699 5493 979 5547 vocatum,
1012 5483 1094 5538 vel
1137 5493 1413 5553 patronum
1457 5484 1713 5540 habentes
1740 5527 1754 5549 ,
1787 5486 1986 5556 absque
2031 5489 2180 5542 venia
2225 5490 2276 5543 itt

692 5573 885 5643 igneos
905 5572 1090 5629 ﬂuvios
1110 5576 1469 5646 projicientur.
1496 5578 1828 5649 Quapropter
1848 5596 2017 5651 neque
2035 5580 2132 5637 ltos
2154 5584 2280 5638 bea-

700 5678 785 5723 ιω
813 5666 1013 5723 dixeris
1038 5669 1105 5722 ob
1136 5678 1423 5739 pse-sentes
1449 5669 1667 5724 delicias
1686 5713 1700 5735 ,
1734 5672 1826 5725 sed
1860 5674 2032 5741 petius
2060 5674 2197 5731 delle
2227 5684 2280 5730 et

702 5757 919 5827 deplora
946 5758 1013 5812 ob
1043 5758 1214 5814 futura
1244 5759 1504 5833 supplicia
1529 5779 1546 5827 ;
1577 5778 1746 5833 neque
1768 5762 1971 5833 justum
2002 5767 2145 5821 illum
2177 5767 2277 5822 uti-

1446 370 1503 427 S.
1544 366 1814 426 J().-\.\'N§S
1841 362 2310 421 CiiltYSOSTUMI
2352 360 2668 418 AltClliliP.
2711 363 3246 420 CONSTANTINOP.

3853 366 3955 418 4‘20

2380 492 2557 529 serum
2588 476 2968 531 existimaveris
2995 478 3063 531 ob
3090 487 3402 547 prassenlem
3431 486 3791 547 paupertatem
3818 521 3834 544 ,
3864 484 3953 534 sed

2375 583 2471 638 pro
2504 570 2656 622 beato
2688 570 2821 621 habe
2848 570 2916 622 ob
2944 571 3327 638 subsequentes
3357 570 3616 624 bonorum
3645 570 3874 637 divitias,
3902 585 3953 627 ct

2375 660 2426 712 in
2455 670 2544 714 tuo
2570 662 2746 713 animo
2769 676 3064 714 sermonem
3089 662 3227 713 hunc
3250 661 3316 716 de
3338 664 3725 717 resurrectione
3748 664 3949 716 radices
4006 654 4011 655 ί

2373 766 2531 817 agt-re
2557 768 2682 804 cura
2715 770 2726 802 :
2759 762 2813 802 ιιι
2843 751 2884 803 si
2917 752 3084 805 bonus
3111 752 3276 806 fueris
3305 762 3359 805 et
3398 753 3656 819 tenteris,
3690 754 3955 820 probatior

2373 843 2584 903 evadas,
2615 842 2973 912 majoremque
3004 843 3328 899 alacritatem
3358 859 3451 914 per
3478 859 3626 915 spem
3656 845 3952 898 futurorum

2373 935 2600 1002 accipias
2627 954 2637 987 :
2663 938 2743 987 sin
2774 937 2939 988 malus
2964 978 2977 999 ,
3011 951 3040 989 a
3072 936 3270 989 malitia
3298 937 3524 991 desistas
3549 978 3562 1001 ,
3592 946 3647 991 et
3674 938 3954 991 continen-

2374 1026 2475 1077 tior
2501 1024 2595 1078 fias
2623 1026 2690 1079 ob
2719 1026 2958 1081 timorem
2991 1026 3146 1081 futuri
3174 1028 3434 1098 supplicii.

2442 1116 2495 1169 2.
2532 1116 2729 1171 Idcirco
2756 1128 2806 1172 et
2840 1119 3033 1173 l‘anlus
3057 1120 3124 1174 de
3152 1120 3538 1175 resurrectione
3562 1120 3711 1173 nobis
3731 1120 3956 1175 subinde

2372 1206 2531 1260 verba
2564 1206 2705 1273 facit,
2735 1208 3182 1276 quemadmodum
3213 1219 3265 1263 ct
3298 1210 3454 1264 hodie
3484 1211 3757 1265 audivistis
3783 1212 3952 1280 ipsum

2363 1299 2685 1352 clamantem
2707 1341 2721 1363 ,
2753 1308 2808 1353 ct
2832 1299 3094 1354 dicentem
3128 1319 3138 1353 :
3169 1301 3369 1355 Scimus
3395 1303 3523 1354 enim
3554 1301 3689 1370 quod
3721 1303 3765 1355 si
3804 1312 3955 1376 terre;

2371 1399 2471 1443 stre
2503 1401 2727 1444 nostrum
2764 1392 3070 1446 domicilium
3106 1393 3415 1446 tabernaculi
3443 1395 3593 1459 Imjus
3628 1393 3949 1455 dissolvatur,

2372 1480 2573 1533 domum
2600 1498 2661 1533 ea:
2688 1480 2792 1534 Deo
2815 1482 3051 1535 habemus
3087 1499 3187 1535 non
3216 1488 3558 1554 mrum/"actam
3577 1526 3590 1550 ,
3620 1496 3875 1548 mter-nam,
3902 1486 3956 1535 in

2371 1574 2505 1626 aclis
2529 1572 2603 1642 (Ξ.
2630 1573 2743 1625 Cor.
2770 1574 2821 1627 5.
2847 1574 2921 1643 l).
2956 1572 3064 1626 lmo
3092 1574 3248 1627 altius
3276 1589 3575 1628 sermonem
3604 1575 3877 1639 ducamus,
3901 1584 3955 1628 ct

2372 1663 2646 1718 videamus
2691 1664 2956 1732 quomodo
3007 1664 3057 1719 in
3104 1679 3405 1721 sermonem
3450 1665 3518 1719 de
3567 1667 3955 1721 resurrectione

2374 1753 2636 1808 inciderit.
2666 1755 2842 1823 Neque
2870 1755 3009 1808 enim
3042 1755 3352 1823 simpliciter
3381 1772 3550 1823 neque
3579 1756 3793 1811 int-tuito
3820 1759 3955 1813 hanc

2373 1844 2524 1896 nobis
2553 1844 2746 1898 afferre
2776 1844 2911 1898 solet
2937 1845 3231 1899 doctrinam
3267 1866 3279 1900 :
3309 1846 3399 1900 sed
3431 1848 3551 1915 quia
3583 1847 3737 1899 simul
3765 1848 3955 1902 docere

2373 1938 2483 1989 vult
2511 1953 2626 2005 qua:
2653 1937 2823 1989 futura
2870 1949 2989 1991 sunt
3023 1980 3036 2003 ,
3070 1949 3124 1992 ct
3152 1939 3377 1993 athletas
3406 1940 3614 2008 pietatis
3640 1940 3956 1993 conﬁrmarat

2373 2028 2567 2081 studet.
2595 2028 2743 2081 Nune
2774 2028 2981 2096 quidem
3012 2029 3177 2097 gratia
3212 2030 3304 2083 Dei
3332 2030 3495 2082 multa
3530 2046 3658 2098 pace
3688 2029 3910 2083 fruimur
3938 2047 3950 2079 :

2372 2123 2566 2176 etenim
2617 2123 2966 2190 Imperatores
3011 2126 3151 2191 piatn‘
3191 2123 3499 2192 religionem
3548 2133 3819 2177 sectantur
3845 2165 3859 2187 ,
3898 2134 3953 2176 et

2376 2215 2640 2282 principes
2660 2216 2928 2268 veritatem
2950 2224 3294 2283 agnoverunt,
3319 2226 3369 2269 et
3395 2216 3593 2283 populi,
3618 2226 3669 2268 ct
3693 2216 3951 2277 civitates,

2373 2320 2419 2361 et
2444 2320 2627 2377 gentes
2652 2309 2917 2361 erroribus
2941 2308 3168 2371 liberati,
3193 2308 3460 2362 Christum
3483 2323 3670 2361 omnes
3690 2310 3910 2362 adorant
3938 2325 3951 2359 :

2374 2408 2496 2451 tunc
2538 2409 2713 2453 autem
2765 2400 2815 2451 itt
2856 2400 3115 2468 principio
3158 2400 3548 2468 prtedicationis
3574 2441 3587 2463 ,
3626 2416 3745 2453 cum
3788 2415 3956 2468 nuper

2373 2490 2579 2557 pictatis
2618 2490 2816 2543 semina
2856 2492 2993 2558 jacla
3035 2498 3211 2543 essent
3237 2532 3249 2553 ,
3284 2506 3529 2559 magnum
3572 2491 3811 2559 [molium
3842 2501 3957 2544 erat

2373 2582 2751 2652 multiplexque
2793 2599 2854 2636 ac
2894 2585 3118 2636 varium.
3172 2584 3299 2639 Nam
3332 2584 3596 2652 principes
3624 2594 3677 2637 et
3715 2599 3865 2653 rcges
3900 2594 3957 2638 et

2370 2671 2645 2726 domestici
2678 2685 2727 2727 et
2773 2677 2981 2743 Cognati
3014 2685 3063 2729 et
3095 2690 3280 2729 omnes
3316 2675 3694 2744 impugnabant
3725 2678 3901 2729 lideles
3939 2696 3952 2729 :

2372 2774 2425 2816 et
2451 2774 2778 2834 repugnante
2825 2775 3006 2818 natura
3062 2766 3172 2833 ipsa
3219 2766 3413 2819 bellum
3457 2766 3743 2819 oriebatur.
3798 2767 3956 2820 l'ater

2372 2859 2513 2911 enim
2544 2858 2705 2910 tilium
2736 2858 2975 2912 tradebat
2996 2872 3157 2925 smpe,
3183 2867 3236 2911 et
3267 2858 3424 2911 tiliam
3453 2868 3639 2918 mater,
3666 2870 3717 2911 et
3742 2874 3952 2911 servum

2370 2947 2553 3002 herus.
2604 2948 2781 3018 Neque
2814 2949 2954 3003 enim
2997 2949 3234 3001 civitates
3271 2950 3395 3003 sola:
3420 2990 3434 3013 ,
3469 2965 3639 3019 neque
3672 2950 3911 3018 regiones
3940 2985 3971 3011 ,-

2372 3036 2463 3091 sed
2500 3048 2553 3091 et
2586 3036 2776 3091 domus
2809 3053 3199 3107 nonnumquam
3235 3038 3285 3091 in
3319 3038 3519 3107 seipSaS
3559 3049 3716 3092 secta:
3755 3050 3903 3093 erant
3939 3082 3954 3103 ,

2372 3138 2591 3201 eratque
2624 3131 2875 3185 tumultus
2896 3173 2909 3195 ,
2938 3132 3026 3201 qui
3064 3116 3186 3183 tunc
3224 3130 3474 3185 smviebat
3501 3174 3515 3195 ,
3544 3133 3771 3186 atrocior
3797 3148 3958 3201 quam

2373 3221 2676 3274 intestinum
2704 3223 2926 3291 quodvis
2956 3221 3174 3275 bellum.
3208 3221 3335 3274 Nam
3368 3221 3643 3277 facultates
3670 3224 3956 3291 rapieban-

2372 3321 2475 3377 tur,
2506 3312 2722 3366 libertas
2747 3311 3082 3367 auferebatur
3102 3353 3115 3374 ,
3148 3321 3201 3365 et
3227 3313 3345 3365 vitae
3372 3312 3665 3380 periculum
3704 3314 3957 3367 immine-

2372 3405 2457 3457 bat
2485 3446 2499 3469 ,
2533 3419 2636 3456 non
2665 3404 2803 3472 quod
2832 3403 3040 3457 barbari
3073 3404 3123 3456 in
3157 3418 3253 3457 nos
3286 3404 3639 3457 incursionem
3670 3403 3903 3458 facerent
3937 3447 3953 3463 .

2371 3496 2463 3548 sed
2504 3497 2591 3563 qui
2623 3495 2934 3547 videbantur
2959 3494 3114 3547 nobis
3142 3510 3368 3563 pra'esse
3394 3505 3444 3549 et
3474 3496 3770 3558 dominari,
3804 3495 3962 3564 pejus

2371 3600 2493 3654 erga
2539 3585 2778 3637 subditus
2804 3626 2818 3649 ,
2850 3600 3006 3653 quam
3048 3585 3332 3639 bellatores
3371 3600 3557 3638 omnes
3582 3584 3750 3638 aﬂecti
3781 3600 3955 3639 erant.

2372 3677 2436 3729 Et
2464 3676 2564 3727 hoc
2594 3676 2827 3728 declarat
2852 3676 3066 3739 Paulus,
3097 3690 3159 3729 ac
3185 3675 3349 3729 dicit:
3376 3674 3537 3728 Grave
3564 3685 3813 3729 certamen
3840 3694 3960 3743 pas-

2376 3769 2573 3818 sionum
2618 3766 2920 3819 sustinuistis
2962 3782 2980 3819 :
3009 3777 3054 3818 et
3096 3766 3146 3817 in
3174 3768 3331 3825 altera
3370 3767 3567 3830 quidem
3597 3766 3877 3834 opprobriis
3908 3778 3963 3818 rt

2373 3858 2774 3909 tribulatioaibus
2809 3857 3149 3925 spectaculum
3177 3856 3296 3925 {acti
3320 3872 3337 3909 :
3359 3859 3409 3909 in
3439 3858 3597 3909 altera
3635 3866 3799 3910 autent
3834 3860 3962 3910 socii

2332 4009 2343 4019 .
2378 3948 2545 4001 taliter
2572 3950 2968 4001 conversantium
2998 3947 3178 4014 effecti.
3215 3948 3351 4001 Nam
3373 3959 3417 4001 et
3441 3949 3651 4001 vinariis
3679 3951 3797 4003 utris
3821 3966 3966 4000 cam-

2377 4039 2767 4107 patt'cbamiui,ct
2779 4039 3105 4107 direptionem
3124 4039 3421 4107 facultatum
3434 4048 3705 4092 vestrarum
3718 4056 3827 4092 cum
3840 4056 3965 4109 gau-

2376 4129 2461 4181 dio
2487 4128 2669 4182 tulistis
2691 4127 2873 4199 (Ilebr.
2901 4130 2985 4184 10.
3007 4129 3221 4198 ’.ΒΞ-⁸54).
3251 4130 3330 4183 Ad
3358 4129 3571 4184 Galatas
3595 4138 3767 4184 autem
3792 4130 3919 4183 dicit
3945 4147 3961 4184 :

2382 4217 2543 4271 Tanta
2572 4220 2707 4287 passi
2731 4220 2850 4272 estis
2876 4224 3083 4289 frustra,
3106 4221 3149 4273 si
3180 4222 3329 4274 modo
3351 4230 3394 4273 et
3421 4224 3609 4291 frustra
3637 4218 3776 4291 (Gul.
3801 4222 3852 4275 3.
3876 4222 3964 4287 ι).

2375 4307 2937 4365 Thessalonicensibus
2966 4325 3176 4380 quoque
3201 4351 3216 4371 ,
3245 4322 3298 4365 et
3326 4310 3753 4380 Philippensibus
3777 4354 3792 4379 ,
3823 4321 3877 4366 et
3904 4314 3964 4367 in

2374 4415 2570 4470 genere
2593 4403 2859 4469 omnibus,
2885 4404 3078 4458 Paulus
3103 4402 3364 4467 scribens,
3393 4403 3557 4457 multa
3585 4402 3844 4472 ejusmodi
3874 4417 3962 4459 te-

2375 4502 2564 4549 statur.
2608 4494 2791 4564 Neque
2822 4494 2923 4549 hoc
2952 4495 3124 4549 solum
3156 4502 3271 4549 erat
3297 4510 3456 4564 grave
3478 4534 3494 4560 ,
3520 4493 3661 4564 quod
3689 4494 3817 4549 foris
3851 4494 3967 4548 fre-

2375 4600 2543 4655 quens
2581 4586 2777 4640 bcllutn
2809 4585 3091 4655 gerebatur
3115 4627 3129 4651 ,
3161 4594 3213 4640 et
3240 4584 3588 4651 continuum;
3616 4585 3709 4641 sed
3738 4584 3876 4655 quod
3907 4594 3970 4641 et

2377 4678 2516 4732 inter
2555 4676 2737 4733 fideles
2768 4677 2912 4747 ipsos
2938 4685 3123 4731 exorta
3158 4678 3371 4731 fuerunt
3400 4676 3649 4730 nonnulla
3680 4675 3927 4730 scandala
3948 4716 3968 4741 ,

2377 4777 2430 4822 et
2458 4768 2594 4835 lites,
2622 4775 2678 4821 et
2701 4766 3087 4829 contentiones,
3116 4777 3169 4820 et
3196 4766 3560 4821 a-mulationes
3589 4786 3603 4820 :
3629 4782 3745 4835 qu:e
3770 4777 3820 4821 et
3848 4767 3969 4834 ipsa

2378 4858 2681 4912 manifestat
2707 4858 2898 4911 Paulus
2925 4858 3107 4913 dicens
3137 4875 3149 4909 :
3183 4856 3333 4912 Foris
3355 4874 3556 4927 pugua',
3590 4858 3723 4911 intus
3761 4858 3971 4911 timores

2381 4949 2453 5017 (9..
2479 4948 2593 5001 Cor.
2622 4949 2673 5001 7.
2701 4948 2780 5019 ὅ).
2813 4947 3005 5002 Verum
3039 4948 3177 5001 istud
3208 4948 3377 5015 ipsum
3412 4948 3609 5001 bellum
3636 4947 3803 5001 multo
3822 4956 3971 5001 atro-

2381 5041 2493 5096 cius
2523 5053 2635 5096 erat
2665 5052 2718 5095 et
2756 5041 2980 5095 subditis
3009 5053 3063 5096 et
3092 5041 3508 5109 prteceptoribus
3541 5057 3553 5093 :
3587 5039 3825 5108 profecto
3857 5054 3970 5094 non

2380 5141 2584 5186 tantum
2608 5132 2940 5185 inimicorum
2969 5131 3187 5185 insidias
3207 5130 3522 5185 formidabat
3552 5130 3769 5196 Paulus,
3792 5144 3971 5200 quan-

2385 5232 2494 5276 tum
2519 5223 2857 5287 domesticas,
2879 5231 2933 5276 et
2952 5237 3067 5292 qua:
3091 5221 3225 5275 intra
3251 5220 3543 5275 Eeelesiam
3564 5220 3971 5291 contingebant,

2386 5315 2565 5369 ruinas
2593 5325 2646 5369 et
2676 5315 3144 5393 transgressiones.
3190 5314 3321 5369 Nam
3347 5330 3467 5369 cum
3498 5314 3636 5384 apud
3666 5312 3976 5369 Corinthios

2384 5417 2645 5463 scortattts
2670 5420 2811 5463 esset
2836 5408 3050 5480 quidam
3082 5408 3155 5477 (l.
3180 5407 3298 5463 Cor.
3327 5408 3380 5463 5.
3410 5417 3454 5460 et
3477 5407 3532 5460 2.
3560 5405 3675 5462 Cor.
3705 5405 3791 5477 2),
3822 5407 3976 5460 omni

2388 5511 2628 5572 tempore
2658 5503 2803 5556 illum
2832 5502 3018 5573 lugens
3042 5502 3433 5571 perseverabat,
3465 5501 3536 5556 ita
3558 5511 3615 5554 ut
3646 5501 3846 5555 viscera
3871 5511 3974 5555 sua

2395 5593 2764 5663 ‘lisrumperet,
2793 5604 2847 5650 et
2874 5610 3054 5648 amare
3079 5594 3318 5663 cjularet.

2459 5683 2760 5739 Christiana!
2786 5685 2899 5739 cite
2923 5685 3182 5753 perfectio.
3202 5714 3273 5724 —
3298 5683 3429 5739 Erat
3470 5692 3525 5739 et
3562 5682 3773 5739 tertium
3804 5697 3977 5752 genus

2393 5774 2657 5844 quoddam
2690 5791 2795 5831 non
2825 5777 3001 5832 minus
3024 5776 3388 5831 molestiarum
3408 5817 3423 5842 ,
3451 5789 3608 5845 quam
3637 5774 3836 5830 dictum
3864 5784 3977 5839 est,
