4206 6308
268 437 355 491 tet
1331 431 1419 486 ne
1458 421 2027 485 RESUiiRECTlO-NE
2067 411 2517 481 .‘ilORTUOitUM.

266 547 505 602 fidelibus
523 547 775 615 aifercns,
793 547 902 618 ipsa
928 547 1128 602 scilicet
1151 561 1326 601 rerum
1354 555 1562 610 natura,
1593 561 1710 612 qua:
1742 540 1829 594 fro-

264 651 483 709 qucmes
507 640 718 694 labores
736 649 789 693 et
805 638 1025 692 sudores
1042 637 1305 707 exigebat.
1325 636 1502 706 Neque
1524 635 1664 690 enim
1686 634 1853 689 facilis

269 740 317 784 ct
374 730 510 786 levis
562 738 680 784 erat
730 730 842 796 via,
900 729 963 782 ad
1012 745 1169 797 quam
1237 728 1357 782 illos
1406 727 1672 781 ducebam
1722 739 1852 793 apo-

266 821 380 874 stoli
415 839 429 874 ;
459 819 552 874 sed
582 835 770 892 aspera
797 831 851 875 et
880 819 1183 890 inexpedita
1212 860 1226 882 ,
1260 835 1378 888 quae
1407 819 1640 872 animam
1672 817 1850 886 requi-

267 914 409 966 rebat
450 913 719 976 sobriam,
767 923 823 968 et
862 914 1109 983 vigilem,
1151 929 1204 966 et.
1243 914 1476 981 undique
1519 911 1849 980 diligentem.

267 1005 553 1072 Propterea
582 1014 635 1059 et
663 1004 906 1059 Christus
933 1015 1210 1074 angustam
1243 1014 1296 1059 et
1319 1013 1521 1059 arctam
1557 1007 1724 1074 ipsam
1755 1017 1852 1057 vo-

264 1097 421 1150 cavit.
452 1096 636 1166 Neque
663 1097 805 1150 enim
838 1097 1016 1150 vivere
1047 1097 1270 1150 licenter
1301 1107 1355 1151 et
1376 1097 1578 1164 absque
1605 1107 1745 1168 metu
1777 1095 1855 1150 fas

267 1197 373 1240 erat
391 1227 417 1253 ,.
435 1189 571 1241 sicut
593 1188 732 1257 apud
757 1180 944 1256 gentes
971 1188 1022 1241 in
1052 1187 1376 1256 turpitudine
1397 1198 1445 1242 et
1474 1188 1733 1244 ebrietate
1756 1230 1769 1250 .
1801 1198 1856 1242 et

267 1278 620 1346 inclinatione,
654 1289 707 1334 et
727 1279 961 1342 deliciis,
991 1288 1045 1333 et
1076 1279 1201 1333 luxu
1229 1297 1241 1335 :
1267 1280 1360 1333 sed
1392 1280 1669 1347 Oportebat
1691 1280 1852 1334 etiam

268 1359 475 1423 frenare
503 1369 825 1424 iracundiam
846 1411 860 1435 ,
886 1379 942 1424 et
963 1371 1226 1439 imperare
1257 1370 1454 1425 illicita:
1474 1370 1856 1438 concupiscen-

267 1463 343 1515 tia:
367 1503 382 1524 ,
409 1470 466 1515 et
491 1461 766 1530 despicere
787 1477 916 1530 opes
942 1504 957 1528 ,
988 1471 1040 1516 et
1061 1463 1375 1517 conculcare
1395 1462 1615 1530 gloriam
1638 1502 1654 1526 ,
1683 1470 1737 1515 et
1762 1477 1851 1514 su-

266 1555 522 1620 periorem
554 1567 672 1606 esse
703 1552 895 1606 invidia
926 1563 980 1606 et
1001 1552 1184 1605 livore.
1217 1551 1346 1617 Qua:
1377 1551 1585 1621 qualem
1616 1551 1851 1605 laborem

268 1644 574 1711 requirunt,
616 1645 796 1698 sciunt
835 1644 900 1708 ii,
933 1643 1019 1712 qui
1058 1659 1178 1697 cum
1208 1643 1313 1704 illis
1354 1642 1590 1712 quotidie
1624 1650 1851 1697 certant.

263 1733 392 1801 Quid
420 1734 566 1787 enim
587 1776 601 1799 ,
632 1733 740 1801 die,
759 1737 887 1794 ὀι-υ.
917 1733 1157 1788 infestius
1192 1734 1368 1787 illicita
1398 1727 1851 1804 concupiscentia,

264 1840 374 1890 qua:
404 1823 570 1877 veluti
603 1823 818 1878 rabidus
856 1824 1004 1878 canis
1043 1825 1093 1877 in
1135 1837 1232 1877 nos
1275 1823 1530 1878 continuo
1558 1823 1754 1888 insilit,
1799 1834 1854 1878 et

262 1917 498 1984 quotidie
528 1931 625 1969 nos
651 1916 936 1982 obturbat,
960 1923 1119 1984 atque
1145 1915 1441 1983 adeolopus
1469 1907 1626 1970 habet
1657 1929 1846 1984 perpe-

265 2016 348 2058 tuo
375 2005 614 2074 vigilanti
640 2006 859 2058 anima?
900 2004 1016 2059 Jam
1044 2005 1171 2074 quid
1199 2005 1434 2060 amarius
1463 2005 1582 2058 ira?
1608 2005 1737 2058 Nam
1763 2005 1852 2074 ju-

261 2100 496 2149 cundum
523 2095 738 2164 quidem
762 2104 849 2150 est
874 2093 1054 2151 ulcisci
1083 2110 1239 2156 eum,
1269 2094 1358 2163 qui
1384 2109 1481 2146 nos
1510 2094 1697 2164 injuria
1726 2093 1854 2148 aﬂ'e-

263 2187 364 2252 cit,
397 2195 452 2239 at
488 2187 590 2241 hoc
619 2201 726 2240 non
755 2185 968 2239 licebat.
1000 2184 1136 2253 Quid
1173 2184 1332 2250 dico,
1370 2198 1475 2239 non
1517 2186 1732 2240 licuisse
1775 2187 1852 2240 ui-

259 2275 422 2329 ciscii
473 2275 584 2329 imo
610 2275 893 2345 oportebat
920 2283 976 2330 et
1015 2275 1465 2331 eontristantibus.
1495 2272 1849 2342 benefacere,

259 2375 311 2420 et
338 2366 664 2420 scommatis-
684 2365 1196 2421 nosincessantibus
1217 2365 1566 2431 benedicere,
1597 2374 1650 2420 et
1681 2381 1747 2421 ne
1774 2367 1856 2420 ui-

260 2457 365 2511 lum
393 2456 614 2528 quidem
648 2463 896 2528 umquam
919 2472 1158 2512 amarum
1180 2457 1398 2512 verbum
1430 2457 1690 2528 proferre.
1715 2458 1853 2526 Quin

258 2558 312 2602 ct
338 2548 726 2602 continentiam
758 2563 864 2602 non
890 2548 944 2603 in
970 2548 1100 2602 solis
1119 2548 1369 2617 operibus
1389 2588 1404 2612 ,
1439 2547 1533 2602 sed
1564 2558 1618 2602 et
1647 2549 1850 2618 cogita-

258 2641 399 2695 tione
425 2641 547 2710 ipsa
578 2648 879 2695 monstrare
898 2648 1129 2709 oportet.
1157 2638 1271 2693 Non
1298 2640 1439 2693 etaim
1469 2640 1640 2694 solum
1670 2639 1737 2694 ab
1768 2640 1850 2694 in-

255 2729 605 2785 continentiae
635 2745 831 2800 opere,
863 2731 956 2786 sed
987 2739 1041 2786 et
1061 2746 1090 2784 a
1121 2731 1209 2784 tali
1233 2740 1448 2800 aspectu
1478 2730 1851 2788 abstinendum

253 2831 332 2878 est
355 2864 370 2889 ,
395 2839 576 2893 neque
602 2839 667 2878 cs
695 2823 927 2879 formoso
948 2823 1229 2878 mulierum
1252 2835 1471 2892 aspectu
1494 2825 1736 2896 voluptas
1761 2840 1854 2881 ao-

254 2916 505 2987 cipicnda
535 2933 550 2970 :
579 2932 702 2970 nam
729 2927 782 2970 et
817 2916 892 2971 'ob
923 2915 1080 2970 talem
1125 2916 1628 2985 contemplationem
1669 2926 1850 2971 extre-

254 3022 395 3061 mum
424 3007 753 3076 supplicium
781 3007 1065 3078 irrogatur.
1089 3003 1221 3061 Cum
1251 3007 1408 3076 igitur
1429 3017 1482 3060 et
1505 3015 1707 3061 tantum
1738 3005 1850 3063 bei-

255 3097 362 3150 ium
393 3097 463 3152 ab
498 3097 600 3163 iis,
645 3112 764 3167 qua:
791 3096 956 3163 foris,
1001 3106 1054 3152 ct
1094 3105 1272 3151 tantus
1316 3097 1474 3151 timor
1503 3098 1568 3151 ab
1597 3097 1692 3166 iis,
1733 3112 1852 3166 quc

253 3186 392 3242 intus
415 3205 430 3242 :
457 3201 686 3257 magnus
716 3201 925 3256 quoque
949 3195 1064 3241 erat
1087 3185 1238 3242 labor
1267 3187 1318 3241 in
1340 3185 1654 3242 exercendis
1685 3187 1854 3242 virtu-

250 3279 411 3332 tibus.
446 3279 677 3335 Accedit
694 3289 872 3333 autem
899 3288 952 3332 et
971 3286 1238 3349 quartum‘.
1263 3277 1392 3333 Nam
1417 3279 1675 3348 inexperti
1697 3289 1852 3334 erant

250 3370 568 3426 certaminis
600 3371 766 3435 tanti,
796 3369 936 3438 quod
962 3368 1274 3424 certandum
1300 3378 1414 3425 erat
1444 3388 1458 3425 :
1491 3385 1666 3440 neque
1707 3371 1851 3426 enim

247 3462 478 3529 apostoli
509 3476 642 3528 eos,
679 3463 768 3531 qui
807 3477 836 3516 a
867 3461 1295 3533 progenitoribus
1333 3462 1442 3516 suis
1475 3463 1726 3531 pietatem
1754 3478 1849 3518 ex-

247 3561 543 3623 ceperant,
594 3551 916 3606 erudieados
954 3551 1128 3607 sortiti
1169 3560 1332 3617 sunt,
1373 3550 1466 3606 sed
1507 3551 1758 3608 educatos
1798 3553 1850 3607 in

248 3644 474 3698 mollitie
497 3654 555 3699 et
579 3644 819 3710 deliciis,
862 3653 918 3698 et
953 3643 1248 3709 ebrietate,
1291 3654 1347 3700 et
1388 3643 1754 3713 lurpitudine,
1797 3655 1852 3700 et

248 3732 687 3802 intemperantia.
721 3732 902 3802 Neque
927 3731 1029 3787 hoc
1053 3732 1198 3802 parvi
1221 3733 1477 3787 momenti
1506 3742 1642 3800 erat,
1665 3743 1719 3788 ut
1742 3733 1847 3788 dif-

248 3821 438 3878 ﬁcilius
471 3821 794 3878 redderetur
815 3833 1085 3878 certamen
1105 3865 1121 3890 ,
1147 3824 1288 3893 quod
1310 3838 1428 3878 eam
1455 3824 1846 3895 phii050pbiam

246 3928 421 3982 neque
442 3913 731 3983 superiora
754 3921 1012 3983 tempora,
1039 3929 1214 3983 neque
1239 3924 1489 3984 parentes
1513 3914 1809 3987 docuerant
1833 3936 1845 3971 :

243 4002 338 4057 sed
385 4015 517 4059 tunc
559 4006 793 4074 primum
833 4004 900 4058 ad
945 4003 1245 4075 huiusmodi
1284 4005 1576 4062 certamina
1622 4007 1851 4064 instrue—

244 4092 462 4149 bantur.

318 4206 372 4260 3.
401 4206 542 4260 Cum
578 4203 743 4276 igitur
773 4216 914 4262 tanta
944 4215 1070 4263 tunc
1095 4219 1234 4264 esset
1261 4211 1498 4266 certandi
1532 4211 1848 4281 difficultas,

241 4296 470 4363 Paulus,
505 4310 567 4354 ut
595 4299 864 4355 solaretur
888 4303 1202 4356 certantium
1236 4303 1469 4358 laborem
1492 4346 1507 4369 ,
1535 4305 1760 4361 subinde
1783 4306 1850 4361 de

240 4393 652 4446 resurrectione
680 4405 982 4448 sermonem
1012 4393 1259 4448 movebat
1289 4413 1301 4448 :
1335 4404 1389 4450 et
1416 4411 1519 4449 non
1550 4395 1648 4449 hac
1673 4399 1846 4451 solum

239 4480 640 4536 adhortabatur
690 4484 920 4537 athletas
950 4523 964 4549 ,
1025 4485 1118 4539 scd
1166 4494 1220 4538 et
1267 4500 1484 4540 suarum
1541 4490 1847 4556 passionum

237 4575 594 4630 enarratione
631 4594 646 4630 :
674 4589 843 4646 eaque
870 4577 936 4632 de
964 4589 1120 4631 causa
1149 4587 1431 4648 antequam
1462 4580 1513 4634 in
1544 4595 1845 4636 sermonem

246 4662 313 4717 de
339 4664 751 4720 resurrectione
781 4666 1009 4731 incidat,
1039 4682 1161 4722 suas
1191 4670 1468 4737 passiones
1497 4673 1743 4739 exponit,
1772 4672 1848 4727 sic

235 4751 463 4808 dicens:
500 4753 575 4808 In
621 4753 849 4810 omnibus
894 4758 1188 4826 premimur,
1234 4769 1289 4812 at
1341 4777 1441 4813 non
1486 4763 1626 4814 anxii
1677 4764 1849 4816 reddi-

235 4859 347 4897 οων
370 4862 390 4900 :
419 4845 729 4900 laboramus
749 4888 764 4914 ,
793 4857 845 4900 at
887 4864 986 4901 non
1016 4849 1331 4904 destituimur
1362 4867 1381 4905 :
1411 4858 1847 4922 persequutionem

234 4937 492 5003 patimur,
529 4947 586 4991 at
625 4953 736 4990 non
766 4938 818 4992 in
859 4939 1220 4995 ca'dcserimur
1249 4958 1268 4997 :
1299 4944 1596 5013 dtjicimur,
1646 4955 1698 4999 at
1746 4964 1846 5001 non

236 5031 455 5093 perimus
481 5030 499 5061 ⁸
535 5027 751 5098 (2‘Cor.
781 5031 832 5085 ι.
858 5035 910 5087 8.
939 5031 1015 5105 9).
1058 5033 1260 5101 Quibus
1286 5036 1464 5090 verbis
1510 5020 1846 5107 quotidianus

233 5132 431 5177 mortes
461 5122 760 5192 designat,
790 5138 854 5179 eo
884 5125 1023 5194 quod
1059 5127 1212 5196 quasi
1247 5128 1463 5182 animati
1494 5132 1686 5185 mortui
1714 5147 1848 5202 quo-

224 5205 356 5267 "tidie
380 5215 451 5269 ad
483 5224 729 5269 mortem
755 5201 1115 5272 tradebantur
1141 5235 1156 5274 :
1184 5232 1304 5273 cum
1332 5233 1462 5290 ergo
1495 5219 1607 5274 lucc
1643 5201 1846 5293 inﬂige-

232 5316 414 5359 rentur
436 5347 454 5371 ,
502 5305 643 5360 hinc
682 5320 986 5360 sermonem
1021 5306 1164 5361 hunc
1198 5307 1265 5362 de
1296 5310 1687 5366 resurrectione
1732 5328 1847 5366 mo-

230 5405 321 5462 vit.
352 5381 637 5451 Credimus
670 5397 804 5449 enim
825 5438 840 5463 ,
874 5398 980 5464 ait,
1012 5400 1149 5467 quod
1183 5399 1225 5453 is
1252 5401 1338 5470 qui
1367 5403 1626 5454 suscitavit
1662 5403 1840 5458 Domi-

234 5504 350 5542 nutu
377 5499 623 5544 nostrum
655 5486 838 5542 Jesum
863 5489 1117 5544 Christum
1135 5531 1151 5556 ,
1174 5501 1220 5545 et
1245 5507 1344 5546 nos
1366 5509 1456 5562 per
1477 5479 1651 5546 Jesum
1678 5497 1844 5547 susci-

235 5577 352 5633 tebit
370 5619 387 5643 ,
410 5588 458 5635 et
489 5579 764 5633 vobiscum
785 5579 1048 5634 constituet
1078 5596 1097 5633 :
1126 5590 1390 5652 propterea
1420 5583 1566 5638 malis
1593 5600 1692 5638 non
1723 5601 1840 5639 suc-

226 5755 497 5877 ”;apiolb"
533 5765 762 5820 pronior,
799 5764 850 5808 et
883 5757 960 5808 sic
972 5758 1122 5809 totius
1142 5761 1406 5823 sequentia
1425 5759 1658 5824 pbraseos
1680 5760 1728 5810 in
1743 5762 1841 5813 sia-

3445 421 3549 474 423

1965 539 2246 592 cumbimus
2268 581 2284 603 ,
2331 541 2602 592 maximam
2632 539 2682 591 in
2715 537 3068 592 certaminibus
3096 537 3219 606 ipsis
3247 535 3548 588 consolatio-

1967 643 2080 681 nem
2093 627 2356 695 habentes,
2371 646 2509 698 spem
2527 629 2828 697 futurorum
2842 629 2897 698 (‘2
2910 628 3033 684 Cor.
3049 629 3101 682 4.
3121 630 3202 684 lt.
3226 630 3335 700 ω).
3354 631 3417 684 Et
3431 647 3538 686 non

1966 717 2101 772 dixit
2126 718 2191 772 ad
2230 720 2375 790 ipsos
2402 722 2626 789 Propter
2653 721 2797 790 quod
2831 735 2898 774 ne
2926 721 3294 775 succumbatis
3333 723 3493 776 malis
3523 739 3538 777 :

1959 813 2051 868 sed
2081 813 2206 884 quid
2244 813 2360 869 ait}.
2388 811 2606 883 Propter
2645 813 2781 883 quc'l
2823 830 2925 868 non
2965 815 3339 869 succumbimus
3378 817 3547 872 malis.

1963 904 2117 957 Decia
2127 913 2206 958 rat
2227 918 2284 959 se
2303 919 2515 974 quoque
2537 905 2589 958 in
2617 905 2887 960 continuis
2903 904 3386 961 conﬂictationibus
3407 921 3545 961 esse.

1961 995 2250 1050 Enimvero
2273 998 2323 1050 in
2345 996 2634 1068 Oiympicis
2661 997 3038 1052 certaminibus
3057 998 3257 1053 athleta
3287 999 3422 1053 intra
3445 1011 3544 1054 snt-

1960 1085 2104 1138 dium
2136 1095 2341 1153 certat,
2389 1087 2642 1156 magister.
2679 1098 2856 1142 autem
2887 1088 3016 1152 ludi
3061 1088 3196 1144 foris
3228 1090 3515 1145 considens
3539 1131 3554 1154 ,

1960 1177 2306 1231 sermonibus
2341 1176 2494 1232 all‘ert
2541 1178 2833 1245 auxilium,
2882 1188 3209 1250 .atenusque
3256 1189 3553 1237 certantem

1963 1265 2238 1320 dumtaxat
2261 1267 2445 1336 juvat,
2477 1278 2738 1337 quatenus
2772 1270 3246 1327 acclamationibus
3285 1287 3553 1330 sermoni-

1960 1357 2165 1428 busque
2191 1350 2330 1414 valet
2355 1378 2367 1412 :
2397 1375 2570 1430 neque
2590 1361 2730 1425 enim
2756 1361 2859 1416 ulla
2879 1361 2928 1418 ei
2950 1363 3063 1432 lege
3084 1364 3408 1434 permittitur
3428 1379 3553 1436 pro-

1961 1450 2080 1518 pius
2107 1453 2360 1505 assiStcre
2380 1461 2433 1505 et
2453 1452 2696 1508 manibus
2723 1454 2868 1508 illum
2894 1454 3168 1524 adjuvare.
3195 1458 3262 1511 At
3287 1472 3442 1514 secus
3466 1474 3553 1514 res

1963 1542 2159 1597 habent
2200 1544 2503 1613 iit-pietatis
2539 1547 2941 1602 certaminibus.
2993 1547 3136 1603 idem
3182 1550 3327 1605 enim
3375 1560 3459 1606 est
3501 1561 3556 1609 et

1961 1634 2158 1688 athleta
2199 1645 2252 1689 et
2296 1638 2551 1705 magister
2587 1637 2695 1691 ludi
2728 1655 2741 1691 :
2771 1647 2826 1694 et
2867 1639 3067 1696 idcirco
3097 1657 3215 1696 non
3244 1651 3392 1697 extra
3439 1653 3552 1704 sta-

1959 1723 2107 1777 dium
2143 1725 2296 1780 sedet
2327 1743 2341 1779 :
2371 1727 2464 1781 sed
2493 1728 2759 1798 ingressus
2786 1730 2854 1784 ad
2877 1733 3172 1786 certamina
3197 1733 3310 1802 ipsa
3334 1775 3348 1798 ,
3375 1721 3564 1790 firmati

1960 1816 2286 1886 compugiles
2311 1857 2326 1883 ,
2356 1818 2540 1873 dicens
2571 1837 2583 1872 :
2618 1818 2839 1889 Propter
2860 1822 2996 1892 quod
3021 1824 3170 1878 matis
3198 1841 3297 1878 non
3322 1841 3554 1880 succum-

1964 1907 2148 1962 bimus.
2183 1909 2248 1963 Et
2279 1925 2385 1964 non
2426 1911 2606 1978 dixit,
2653 1912 2878 1984 Propter
2913 1916 3054 1985 quod
3095 1917 3252 1972 malis
3293 1932 3398 1972 non
3427 1933 3550 1974 suc-

1958 1998 2185 2062 cumbo,
2234 2000 2365 2067 sed,
2407 2000 2564 2056 Malis
2604 2019 2706 2057 non
2738 2004 3385 2063 succumbimus-laudibus
3411 2009 3555 2079 ipsos

1959 2090 2165 2158 erigere
2196 2092 2402 2148 volens.
2431 2093 2537 2148 Sed
2557 2097 2783 2164 quamvis
2809 2097 2966 2151 ltomo‘
2991 2110 3160 2154 noster
3187 2112 3422 2157 externus
3445 2121 3556 2159 cor-

1960 2191 2228 2250 rumpatur
2251 2221 2266 2246 ,
2309 2191 2475 2237 tamen
2514 2185 2744 2241 internus
2784 2197 3055 2242 renovatur
3094 2191 3146 2245 in
3187 2193 3294 2247 dies
3329 2194 3557 2265 singulos

1961 2269 2186 2341 (Ibid.).
2228 2272 2373 2352 .Vide
2425 2286 2624 2346 quanta
2688 2279 2758 2332 sit
2799 2277 3044 2349 Apostoli
3106 2283 3407 2352 prudentia.
3442 2287 3558 2342 Ad-

1959 2362 2165 2440 monuit
2200 2363 2429 2433 primum
2473 2381 2567 2422 eos
2593 2366 2660 2422 ab
2685 2367 3066 2426 afflictionibus
3095 2388 3227 2442 quas
3266 2373 3510 2431 ferebant
3538 2420 3553 2445 ,

1957 2448 2142 2507 dicens
2174 2469 2188 2505 :
2221 2451 2286 2508 In
2315 2455 2547 2511 omnibus
2572 2459 2848 2527 premimur
2873 2505 2890 2527 ,
2916 2473 2968 2515 at
2992 2479 3094 2517 non
3122 2465 3265 2518 anxii
3290 2466 3554 2521 reddimur

1959 2539 2065 2611 (Ib.
2087 2559 2115 2596 υ
2135 2544 2232 2616 .8).
2252 2546 2542 2602 Admonuit
2560 2550 2682 2605 item
2706 2567 2737 2605 a
2762 2554 3155 2611 resurrectione
3181 2556 3329 2622 Jesu,
3347 2558 3555 2627 dicens,

1959 2630 2101 2687 Nam
2124 2636 2212 2705 qui
2233 2638 2489 2692 suscitavit
2511 2639 2689 2695 Iesum
2709 2684 2726 2708 ,
2749 2651 2795 2697 et
2825 2661 2917 2698 nos
2942 2646 3200 2700 suscitabit
3225 2645 3329 2718 (Ib.
3439 2651 3555 2721 Ν).

2030 2725 2203 2782 Etiam
2241 2730 2294 2785 in
2320 2729 2415 2784 hac
2443 2734 2544 2785 vita
2569 2750 2757 2788 merces
2787 2735 3031 2790 bonorum
3057 2753 3269 2810 operum,
3292 2740 3555 2796 tribuitur.

1955 2846 2029 2858 —
2052 2817 2204 2874 Nunc
2243 2820 2401 2874 aliam
2434 2823 2720 2893 quamdam
2764 2825 3083 2894 adhortandi
3116 2830 3377 2886 rationem
3406 2831 3557 2886 indu-

1955 2908 2049 2965 cit.
2097 2908 2538 2983 Quandoquidem
2585 2917 2729 2970 enim
2780 2919 3028 2975 homines
3073 2921 3314 2992 plerique
3362 2924 3556 2993 pusillo

1957 2999 2136 3055 animo
2162 3012 2322 3069 sunt,
2352 3013 2406 3058 ct
2432 3004 2659 3071 iniirmi,
2693 3022 2757 3061 ac
2798 3009 3018 3078 miseri,
3050 3027 3114 3066 ac
3158 3012 3283 3068 licet
3308 3029 3546 3072 resurre-

1955 3091 2190 3147 ctionem
2221 3095 2360 3149 docti
2395 3097 2722 3188 negligentes
2749 3110 2895 3168 sunt,
2919 3111 2981 3156 et
2997 3101 3357 3174 obitemporis
3381 3106 3550 3179 longi-

1959 3183 2196 3238 tudinem
2221 3187 2471 3241 vaciiiant
2492 3183 2571 3244 ‘ac
2612 3191 2897 3246 recidunt:
2926 3192 3048 3248 ideo
3076 3195 3237 3250 aliam
3275 3197 3382 3251 illis
3422 3209 3550 3257 ante

1955 3276 2400 3332 resurrectionem
2421 3282 3019 3339 constituitmercedem
3040 3300 3103 3340 ac
3127 3288 3552 3346 retributionem.

1957 3365 2295 3438 ELqua-nam
2321 3371 2403 3425 illa
2418 3372 2448 3426 ἓ
2463 3371 2686 3429 Tametsi
2701 3385 2943 3431 externus
2964 3379 3302 3436 homo-noster
3321 3399 3553 3455 corrum-

1958 3460 2096 3528 pitur
2113 3502 2128 3525 ,
2156 3461 2382 3517 internus
2398 3474 2572 3518 tamen
2599 3466 2868 3521 innovatur
2894 3470 3327 3544 indieuingutos
3362 3474 3467 3546 (Ib.
3497 3494 3549 3532 ο.

1960 3543 2070 3614 16).
2101 3545 2391 3601 Externum
2421 3547 2689 3604 hominem
2718 3566 2911 3622 corpus
2931 3595 2945 3619 ,
2982 3555 3248 3610 internum
3271 3599 3288 3624 ,
3315 3543 3549 3615 animum

1959 3645 2134 3690 vocat.
2177 3636 2327 3704 Quod
2365 3648 2543 3694 autem
2585 3640 2714 3696 dicit
2753 3643 3056 3712 hujnsmodi
3099 3655 3183 3700 est
3215 3663 3228 3700 :
3264 3657 3553 3719 antequam

1957 3741 2337 3800 resurgamus,
2384 3739 2439 3783 et
2484 3738 2768 3800 antequam
2820 3732 3062 3790 fruamur
3110 3737 3276 3806 gloria
3331 3739 3547 3806 futura,

1957 3816 2117 3870 etiam
2165 3832 2270 3872 non
2317 3833 2477 3888 parva
2522 3820 2608 3876 hic
2650 3822 2892 3878 laborum
2941 3827 3304 3882 remuneratio
3346 3830 3543 3898 datur,

1955 3919 2078 3962 cum
2109 3907 2248 3963 inter
2276 3910 2550 3979 angustias
2593 3911 2734 3981 ipsas
2773 3912 2950 3967 anima
2994 3927 3175 3971 nostra
3217 3917 3430 3986 junior,
3463 3936 3553 3976 sa-

1957 3999 2186 4068 pientior
2212 4008 2267 4055 et
2287 4002 2455 4071 magis
2486 4003 2569 4072 pia
2599 4004 2812 4071 evadit,
2844 4005 3047 4076 majore
3076 4008 3243 4076 pollet
3272 4011 3549 4080 patientia,

1957 4101 2011 4147 ct
2052 4091 2241 4147 fortior
2279 4104 2438 4164 atque
2482 4097 2817 4152 constantior
2844 4100 3100 4168 persistit.
3130 4101 3261 4155 Nam
3299 4103 3436 4159 sicut
3471 4105 3548 4172 ii,

1955 4185 2042 4255 qui
2074 4187 2125 4239 in
2155 4188 2418 4257 corporali
2447 4191 2740 4246 certamine
2767 4201 3034 4262 pugnanti,
3059 4202 3184 4250 ante
3208 4211 3464 4252 coronam
3483 4208 3552 4254 .ot

1957 4277 2194 4332 bravium
2244 4281 2294 4332 in
2345 4282 2732 4338 exercitatione
2777 4293 2828 4338 et
2869 4285 3550 4359 palatstra-ipsmmagnam

1958 4371 2229 4442 accipiunt
2259 4373 2561 4428 mercedem
2585 4416 2600 4440 ,
2643 4392 2708 4429 eo
2737 4376 2878 4445 quod
2920 4392 3144 4448 corpora
3186 4395 3279 4434 sua
3313 4380 3548 4437 firmiora

1956 4473 2010 4518 et
2063 4463 2322 4518 validiora
2374 4467 2723 4521 exercitando
2779 4469 3021 4535 faciunt,
3073 4478 3129 4525 et
3182 4470 3546 4529 infirmitatem

1957 4568 2171 4609 omnem
2217 4554 2478 4625 effugiunt
2513 4575 2524 4611 :
2559 4559 2626 4611 ita
2655 4568 2707 4612 ct
2750 4574 2849 4612 nos
2876 4560 3091 4618 virtutis
3129 4573 3402 4618 certamen
3436 4581 3553 4620 cer-

1959 4653 2131 4700 tantes
2157 4687 2169 4710 ,
2219 4648 2528 4717 priusquam
2570 4650 2840 4717 aperiatur
2864 4651 3051 4706 caelum
3075 4695 3090 4719 ,
3121 4655 3428 4725 priusquam
3464 4655 3551 4711 Fi-

1956 4733 2058 4788 lius
2087 4734 2178 4788 Dei
2205 4736 2359 4800 adsit,
2396 4737 2702 4808 priusquam
2735 4740 3114 4796 retributiones
3151 4745 3303 4799 nobis
3331 4745 3549 4812 dentur,

1956 4841 2200 4896 magnam
2233 4829 2536 4885 mercedem
2579 4832 2870 4901 accipimus
2895 4875 2908 4896 .
2957 4850 3023 4889 eo
3066 4837 3207 4905 quod
3244 4839 3420 4894 anima
3467 4857 3554 4894 sa-

1957 4917 2171 4988 pientia:
2203 4918 2295 4971 ﬁat
2322 4921 2607 4974 amantior.
2642 4921 2848 4977 Etenim
2887 4925 2974 4995 qui
3008 4941 3156 4982 mare
3195 4930 3507 4998 navigarunt
3535 4973 3548 4998 ,

1954 5021 2008 5064 et
2027 4999 2335 5066 innumeras
2363 5013 2630 5082 procellas
2657 5016 2918 5081 tulerunt,
2947 5026 3001 5073 et
3026 5020 3222 5076 multas
3255 5031 3548 5094 tempesta-

1956 5107 2035 5155 tcs
2067 5103 2306 5172 perpessi
2349 5113 2509 5172 sunt,
2551 5117 2754 5161 etcum
2798 5109 2976 5164 multis
3004 5111 3190 5167 bestiis
3229 5123 3504 5170 certarunt
3531 5160 3544 5180 ,
3585 5173 3590 5178 ,

1953 5201 2076 5248 ante
2089 5209 2318 5249 mercem
2340 5196 2505 5265 ipsam
2526 5215 2629 5252 non
2655 5215 2872 5269 parvum
2889 5218 2918 5255 c
2940 5217 3099 5270 parva
3121 5209 3547 5276 peregrinatione

1954 5285 2052 5339 ista
2107 5298 2381 5357 reportant
2434 5290 2674 5358 lucrum,
2722 5282 2994 5350 confidure
3037 5299 3246 5354 scilicet
3303 5310 3356 5355 et
3400 5319 3548 5358 mare

1954 5384 2215 5442 temnere,
2245 5394 2308 5433 ac
2331 5380 2614 5450 intrepide,
2649 5385 2755 5437 imo
2781 5399 2902 5447 cum
2931 5387 3204 5457 voluptate
3231 5396 3546 5446 transmari-

1953 5485 2049 5524 nas
2087 5470 2206 5525 illas
2235 5487 2393 5542 agere
2435 5475 2934 5544 peregrinationes:
2971 5480 3040 5533 ita
3083 5490 3135 5534 et
3179 5482 3266 5548 qui
3311 5473 3361 5536 in
3404 5500 3542 5551 pnu-

1950 5561 2088 5616 senti
2129 5562 2231 5616 vita
2262 5573 2477 5632 propter
2505 5564 2776 5620 Christum
2820 5568 3014 5622 multas
3055 5569 3154 5624 fert
3183 5571 3498 5628 alﬂictiones
3524 5616 3539 5639 ,

1951 5655 2222 5725 multaque
2249 5657 2424 5724 gravia
2456 5658 2670 5724 patitur,
2702 5658 3014 5714 ctiam-ante
3045 5677 3262 5730 regnum
3287 5664 3538 5719 c:ciorum

1949 5760 2203 5815 magnam
2224 5746 2366 5800 illam
2396 5747 2805 5804 retributionem
2828 5751 3129 5819 assequitur
3159 5769 3172 5805 :
3201 5750 3324 5805 dum
3349 5767 3540 5822 magna

1954 5836 2041 5893 hic
2070 5840 2267 5909 potitur
2297 5838 2510 5910 ﬁducia,
2542 5840 2882 5913 animamque
2903 5856 3052 5898 suam
3081 5843 3148 5899 ita
3172 5843 3438 5900 excelsam
3471 5847 3537 5903 oi—
