4206 6308
705 402 813 457 425

701 514 809 569 ticit
834 552 849 578 ,
881 520 934 567 ut
961 509 1179 581 posthac
1220 509 1392 578 gravia
1421 508 1597 561 omnia
1625 506 1772 576 quasi
1811 522 1841 559 υ
1868 502 2078 558 sublimi
2118 501 2263 556 deri-

703 605 843 659 deat.

772 692 929 746 Pauli
954 706 1137 745 merces
1158 698 1272 743 ante
1296 689 1718 744 resurrectionem.
1741 716 1815 727 —
1837 686 1907 744 Ut
1928 696 2102 740 autem
2123 684 2265 754 quod

698 784 945 847 dicimus,
974 781 1145 836 adhuc
1189 780 1519 834 manifestius
1566 788 1789 849 pateat,
1848 778 2092 846 exemplo
2138 776 2267 831 illud

700 875 971 930 declarare
997 872 1259 926 volumus.
1294 872 1487 926 Paulus
1514 872 1620 935 ille,
1651 873 1933 926 exantlatis
1974 870 2267 924 innumeris

702 965 874 1029 malis,
904 977 1078 1017 nonne
1108 962 1339 1031 insignes
1366 962 1741 1016 retributiones
1764 961 1967 1035 accepit
1995 974 2114 1013 cum
2140 959 2266 1012 ιηθί-

698 1054 850 1109 deret
895 1062 1164 1123 tyrannos,
1209 1066 1331 1104 cum
1384 1050 1692 1104 furibundos
1735 1049 1953 1119 populos
2004 1048 2264 1113 incitaret,

697 1163 818 1202 cum
863 1161 1049 1201 omnes
1094 1160 1280 1215 poenas
1324 1153 1707 1207 contemneret,
1764 1145 2163 1237 impavidusque
2213 1152 2267 1197 et

700 1237 1049 1307 imperculsus
1083 1244 1322 1290 maneret
1359 1243 1541 1289 contra
1586 1235 1803 1299 bestias,
1833 1235 2016 1289 contra
2044 1237 2262 1301 ferrum,

698 1331 749 1381 in
775 1328 931 1392 mari,
956 1328 1007 1380 in
1038 1327 1358 1395 praecipitiis,
1384 1327 1433 1379 in
1459 1324 1822 1391 seditionibus,
1852 1326 1902 1377 in
1925 1325 2146 1388 insidiis,
2174 1324 2265 1378 de-

622 1398 635 1417 "
700 1418 858 1488 uique
887 1418 941 1471 in
969 1416 1121 1471 malis
1154 1414 1436 1470 erunibus?
1466 1414 1600 1484 Quid
1631 1414 1753 1468 lmie
1779 1413 2008 1468 conferri
2059 1414 2267 1483 potest?

699 1509 985 1564 Enimvero
1033 1509 1297 1563 hominem
1340 1522 1444 1561 non
1487 1508 1849 1571 exercitatum,
1880 1516 1933 1561 et
1974 1506 2102 1561 nihil
2143 1506 2266 1559 mali

700 1611 974 1670 expertum
1002 1601 1085 1655 vel
1111 1599 1245 1655 levia
1283 1614 1505 1669 quaeque
1537 1600 1746 1667 turbare
1786 1600 1995 1653 solent:
2024 1600 2131 1653 imo
2160 1612 2265 1652 non

700 1691 870 1744 solum
901 1706 986 1745 res
1023 1692 1171 1760 ipsae,
1202 1689 1295 1744 sed
1321 1698 1375 1743 et
1404 1689 1548 1744 leves
1582 1690 2023 1758 exspectationes,
2060 1699 2115 1743 et
2139 1688 2263 1758 quid

698 1782 817 1836 dico
844 1780 988 1835 leves
1015 1781 1471 1850 exspectationes?
1498 1782 1657 1835 etiam
1680 1795 1854 1835 rerum
1887 1780 2084 1835 umbra:
2114 1782 2264 1849 pavi-

700 1871 825 1925 dum
854 1870 1082 1926 reddunt
1107 1880 1162 1925 et
1182 1879 1501 1939 perterrent.
1533 1870 1728 1925 Verum
1755 1870 1842 1939 qui
1868 1870 2187 1924 exercitatus
2214 1871 2264 1923 in

696 1970 965 2016 certamen
998 1961 1305 2030 ingreditur,
1351 1975 1414 2014 ac
1460 1960 1623 2014 multa
1664 1968 1789 2015 ante
1817 1960 1951 2013 mala
1984 1975 2266 2029 perpessus

702 2063 804 2117 cst,
834 2053 878 2108 is
907 2054 1152 2108 erunibus
1178 2060 1361 2124 postea
1389 2052 1631 2121 superior
1657 2052 1816 2117 tit,et,
1848 2062 2118 2119 tamquam
2142 2067 2289 2119 gra-~

701 2146 847 2201 culos
870 2147 1204 2210 crocitantes,
1249 2158 1344 2198 eos
1367 2145 1457 2212 qui
1485 2144 1769 2208 minantur,
1808 2143 2117 2197 contemnit.
2149 2142 2265 2195 Non

697 2248 859 2303 parva
894 2244 1074 2289 autem
1104 2244 1185 2288 est
1214 2234 1329 2287 haec
1357 2248 1576 2299 corona,
1620 2247 1791 2302 neque
1815 2233 2005 2302 exigua
2037 2248 2260 2296 merces,

696 2326 837 2394 quod
866 2326 1011 2380 illum
1038 2325 1169 2383 nihil
1204 2325 1553 2379 humanarum
1592 2341 1772 2380 rerum
1813 2340 2027 2379 movere
2056 2325 2217 2394 possit
2250 2343 2263 2378 :

699 2430 820 2468 nam
847 2429 965 2483 quae
994 2414 1109 2467 aliis
1142 2410 1375 2468 multum
1423 2414 1748 2468 formidanda
1780 2415 2041 2479 videntur,
2074 2415 2139 2468 ab
2168 2415 2267 2469 hoc

697 2504 847 2557 facile
877 2513 1288 2557 contemnuntur
1314 2521 1328 2556 :
1360 2514 1413 2557 ct
1445 2515 1658 2574 propter
1685 2521 1801 2573 quae
1840 2506 1926 2557 alii
1954 2514 2184 2559 tremunt
2213 2515 2266 2559 et

695 2601 840 2645 metu
879 2593 1276 2661 obstupescunt,
1318 2608 1379 2647 ea
1419 2594 1636 2646 multum
1678 2594 1815 2647 ridet
1850 2596 1982 2664 ipse,
2026 2595 2145 2664 quia
2174 2611 2265 2663 per

695 2683 1041 2737 excellentem
1080 2676 1383 2751 patientiam
1423 2685 1777 2753 angelicorum
1806 2687 2057 2739 virtutum
2088 2685 2262 2754 philo-

694 2774 933 2841 sophiam
964 2787 1045 2827 est
1082 2774 1325 2843 adeptus.
1370 2775 1425 2829 Si
1466 2777 1606 2829 enim
1646 2791 1836 2845 corpus
1878 2786 2022 2831 recte
2050 2778 2262 2831 beatum

694 2864 938 2929 dicimus,
986 2865 1123 2933 quod
1156 2874 1328 2934 potest
1364 2867 1563 2936 absque
1602 2867 1800 2921 offensa
1832 2867 1969 2922 ferre
2000 2867 2180 2937 frigus,
2210 2876 2263 2922 et

693 2953 945 3019 calorem,
979 2962 1032 3007 et
1061 2955 1272 3020 famem,
1313 2967 1365 3009 et
1411 2956 1664 3024 inepiam,
1694 2967 1748 3018 et
1778 2959 1872 3010 viae
1901 2958 2256 3024 difficultates,

694 3056 1060 3110 turumnasque
1111 3044 1242 3097 alias
1289 3060 1303 3096 :
1347 3055 1544 3114 quanto
1592 3047 1756 3115 magis
1807 3047 2012 3099 beatam
2066 3062 2260 3103 vocare

692 3140 903 3199 oportet
954 3132 1182 3186 animam
1238 3150 1355 3203 qua:
1419 3136 1640 3189 viriliter
1690 3151 1753 3190 ac
1808 3136 2012 3191 fortiter
2074 3153 2260 3193 omnes

691 3220 926 3273 omnium
966 3220 1329 3276 molestiarum
1376 3219 1511 3277 ferre
1550 3224 1811 3289 incursus,
1863 3236 1916 3281 et
1956 3242 2047 3293 per
2086 3229 2261 3282 omnia

692 3327 911 3368 servare
951 3329 1044 3367 cor
1081 3330 1232 3368 suum
1277 3316 1404 3371 nulli
1434 3318 1673 3371 servituti
1718 3318 2003 3372 obnoxium
2048 3320 2259 3387 potest?

694 3400 854 3457 Plane
898 3402 985 3456 hic
1025 3405 1189 3472 magis
1237 3420 1328 3459 rex
1365 3415 1466 3472 est,
1512 3422 1669 3475 quam
1709 3407 1809 3476 ipsi
1849 3423 2016 3479 reges.
2060 3409 2257 3478 Regem

689 3491 830 3544 enim
856 3492 1135 3558 satellites,
1164 3494 1375 3556 milites,
1425 3496 1579 3549 amici
1621 3504 1674 3551 et
1703 3496 1898 3551 inimici
1947 3514 2087 3553 nunc
2132 3499 2259 3553 iusi-

688 3583 906 3647 diando,
935 3600 1073 3637 nunc
1099 3593 1282 3657 aperte
1308 3586 1410 3639 vim
1438 3585 1677 3642 faciendo
1703 3578 1971 3644 offendere
1998 3603 2255 3659 possunt:

689 3674 813 3729 huic
856 3682 1059 3739 autem,
1100 3675 1183 3728 cui
1227 3676 1435 3733 animus
1474 3679 1681 3746 qualem
1726 3695 1866 3733 nunc
1910 3680 2038 3746 dixi,
2086 3697 2257 3751 neque

689 3778 800 3827 rex,
836 3779 1006 3834 neque
1034 3765 1274 3833 stipator,
1308 3783 1479 3836 neque
1510 3768 1801 3835 familiaris,
1831 3786 2001 3840 neque
2031 3773 2249 3839 amicus,

688 3870 863 3924 neque
902 3856 1166 3946 hinniens,
1195 3873 1361 3927 neque
1388 3860 1628 3916 diabolus
1665 3863 1777 3931 ipse
1792 3860 1975 3931 "aliqua
2017 3880 2079 3919 ex
2107 3875 2255 3933 parte

687 3948 880 4015 peterit
906 3949 1247 4014 nocerefuai
1287 3951 1425 4004 enim
1452 3963 1649 4020 posset,
1682 3969 1801 4007 cum
1837 3955 1880 4007 is
1908 3957 2049 4008 omni
2080 3957 2287 4011 studiot

687 4039 739 4092 in
772 4038 873 4091 hoc
902 4036 1187 4105 incumbat,
1221 4056 1286 4096 ne
1314 4041 1452 4102 initer
1475 4044 1609 4099 mala
1638 4052 1926 4112 computet,
1955 4060 2074 4114 quas
2099 4046 2255 4115 vulgo

688 4130 821 4182 mala
851 4128 1037 4184 haberi
1063 4131 1271 4185 solent?

758 4220 809 4270 4.
854 4219 994 4272 Talis
1024 4229 1137 4274 crat
1167 4220 1349 4276 beatus
1379 4222 1590 4289 Pauhts,
1618 4235 1777 4293 atque
1802 4236 2077 4294 propterea
2107 4227 2250 4282 dice.

684 4307 773 4360 ltat
804 4326 815 4358 :
843 4308 969 4372 Quis
1011 4326 1100 4362 nos
1136 4312 1381 4378 separabit
1407 4330 1438 4363 α
1477 4316 1683 4366 caritate
1719 4312 1943 4368 Christi?
1976 4318 2249 4381 tribulatio,

683 4398 760 4449 ecl
788 4399 1038 4467 angustia,
1071 4401 1143 4451 vel
1168 4402 1499 4468 perscquutio,
1530 4405 1609 4455 vel
1631 4407 1806 4472 fames,
1833 4405 1910 4457 vel
1934 4405 2153 4469 nuditas,
2179 4408 2254 4460 uel

682 4488 901 4556 gladius,
942 4490 1014 4540 vel
1045 4491 1358 4555 periculum?
1385 4491 1527 4545 Sicut
1552 4494 1791 4562 scriptum
1833 4506 1904 4548 est
1927 4512 1945 4548 :
1969 4494 2101 4560 Quia
2128 4514 2249 4566 pro-

682 4587 791 4643 pter
828 4586 874 4629 te
915 4588 1071 4630 morte
1111 4580 1401 4647 con/icimur
1446 4592 1549 4633 tota
1594 4584 1692 4647 die,
1740 4587 1956 4653 reputati
1992 4604 2163 4641 sumus
2198 4598 2250 4641 ut

681 4686 791 4721 ore:
820 4672 1169 4723 "iactationis:
1195 4673 1281 4723 sed
1331 4674 1382 4726 in
1412 4674 1513 4727 illis
1538 4676 1764 4729 omnibus
1790 4681 1980 4747 egregio
2009 4682 2248 4734 vincimus

680 4769 881 4826 propter
902 4776 1031 4822 eum,
1058 4762 1143 4831 qui
1170 4779 1259 4816 nos
1290 4763 1460 4817 dilexit
1492 4764 1662 4835 (Rom.
1693 4767 1747 4821 8.
1777 4768 1865 4823 55.
1890 4770 2072 4835 56.57;
2099 4771 2244 4827 Psal.

676 4849 883 4917 45,22).
904 4850 1043 4904 istud
1063 4853 1229 4911 etiam
1241 4853 1339 4908 hoc
1361 4855 1476 4909 loco
1495 4854 1765 4911 insinuans
1782 4858 2249 4916 dicebat1Taniclsi

677 4949 907 4993 externus
936 4942 1083 4995 homo
1112 4954 1277 4997 noster
1313 4948 1669 5015 corrumpitur,
1716 4951 1940 5004 internus
1971 4962 2136 5008 tamen
2168 4972 2247 5008 re-

676 5038 884 5082 novatur
912 5032 963 5083 in
993 5031 1096 5085 dies
1132 5033 1356 5102 singulos
1395 5035 1472 5106 (2.
1507 5037 1622 5090 Cor.
1653 5040 1705 5093 4.
1734 5039 1846 5109 16).
1879 5038 2143 5096 infirmum
2189 5046 2247 5103 fit

675 5134 887 5188 corpus,
914 5122 1006 5183 ait.
1036 5123 1137 5177 sed-
1158 5125 1379 5179 validior
1405 5136 1459 5182 et
1487 5131 1748 5196 potentior
1776 5133 2005 5197 animus,
2034 5136 2160 5203 quin
2193 5146 2245 5190 et

676 5210 844 5263 multo
872 5211 1095 5266 alacrior
1125 5223 1178 5268 et
1216 5216 1419 5284 agilior.
1461 5218 1526 5271 Et
1562 5221 1701 5274 sicut
1737 5222 1911 5287 miles,
1954 5226 1996 5279 si
2027 5228 2243 5294 gestarit

675 5314 817 5354 arma
840 5315 960 5355 sese
985 5305 1276 5372 gravantia,
1303 5307 1427 5362 licet
1446 5309 1731 5369 admodum
1760 5323 2005 5369 strenuus
2025 5318 2089 5369 sit
2110 5328 2163 5371 et
2188 5320 2238 5371 in

676 5391 855 5445 militia
911 5394 1257 5462 exercitatus,
1311 5414 1417 5452 non
1474 5410 1556 5455 est
1602 5405 1795 5456 terrori
1840 5404 2096 5469 hostibus,
2152 5409 2239 5476 qui

678 5484 842 5538 sciunt
870 5495 1155 5541 armatura:
1180 5492 1488 5557 gravitatem
1518 5494 1708 5562 pedum
1734 5496 1998 5551 velocitati
2040 5509 2094 5552 et
2120 5499 2238 5553 bel—

677 5575 810 5628 .andi
835 5578 948 5630 usui
990 5578 1178 5633 obesse
1204 5599 1217 5633 :
1245 5581 1335 5643 sin
1372 5583 1505 5637 levia
1553 5572 1817 5657 acceperil
1843 5598 1894 5643 et
1922 5591 2236 5655 traetabilia,

675 5669 802 5721 sicut
827 5669 937 5723 avis
963 5671 1132 5739 aliqua
1163 5673 1380 5727 obvium
1410 5690 1468 5730 se
1495 5676 1627 5732 feret
1654 5678 1916 5734 hostibus.
1951 5681 2036 5736 Sic
2067 5692 2119 5736 et
2147 5683 2235 5751 qui

671 5770 878 5813 :arncm
919 5776 1070 5823 suam
1096 5779 1206 5824 non
1226 5766 1483 5823 ebrietate
1513 5787 1684 5839 neque
1715 5773 2036 5845 indulgentia
2066 5792 2235 5847 neque

1396 398 1450 454 s.
1490 394 1762 453 JOANNlS
1797 368 2265 475 ennvsosroiu
2302 388 2616 446 ARCHIEP.
2655 387 3185 445 CONSTANTINOP.

3832 386 3933 442 ιιὲνι

2375 499 2583 553 deliciis
2611 500 2936 563 incrassarit,
2982 499 3073 552 sed
3095 498 3330 567 jejuniis,
3378 508 3431 553 et
3471 499 3718 569 precibus
3743 500 3943 555 diutur-

2374 606 2547 661 naque
2575 591 2918 645 afﬂictiouum
2950 591 3227 645 tolerantia
3255 591 3506 645 leviorem
3554 600 3607 646 et
3652 594 3943 647 tenuiorem
3990 592 3993 597 ’

2374 680 2611 735 elfecerit
2640 699 2653 732 :
2708 680 2844 734 sicut
2867 680 3092 733 volucris
3118 680 3293 748 aliqua
3322 696 3549 749 superne
3577 682 3847 747 devolans,
3876 690 3947 737 ita

2372 773 2549 827 valido
2590 772 2791 841 impetu
2819 772 2869 825 in
2900 773 3184 841 phalanges
3214 773 3515 826 darmonum
3561 775 3734 837 irruit,
3769 784 3823 829 et
3850 776 3949 828 ad-

2374 866 2636 919 versarias
2679 865 2896 919 virtutes
2941 864 3094 918 facile
3133 866 3331 918 invadit
3372 867 3579 936 sibique
3616 869 3847 937 subjicit.
3891 870 3949 925 ln

2371 974 2515 1012 nunc
2545 958 2757 1011 modum
2801 966 2855 1011 et
2894 957 3089 1011 Paulus
3118 960 3297 1012 multis
3336 959 3561 1013 affectus
3598 961 3784 1029 plagis,
3817 973 3869 1015 et
3896 963 3950 1015 in

2373 1048 2579 1104 vincula
2622 1050 2914 1118 conjectus,
2983 1060 3037 1104 et
3088 1051 3274 1119 ligneis
3325 1052 3533 1105 vinctus
3563 1052 3949 1121 compedibus,

2371 1157 2566 1212 corpus
2589 1145 2800 1214 quidem
2844 1144 3028 1199 habuit
3064 1145 3216 1199 valde
3255 1144 3540 1207 infirmum,
3576 1145 3952 1218 laboribusque

2371 1245 2749 1300 emaceratum,
2772 1236 3000 1288 animam
3029 1250 3155 1289 vero
3183 1236 3372 1289 fortem
3398 1244 3451 1288 et
3474 1236 3719 1289 invictam
3750 1254 3764 1289 :
3793 1249 3951 1306 atque

2372 1323 2505 1376 adeo
2537 1323 2687 1378 fortis
2713 1334 2827 1379 erat
2848 1327 3076 1391 vinctus,
3104 1337 3159 1379 ut
3185 1325 3249 1378 ad
3280 1326 3444 1378 solam
3472 1325 3588 1393 ejus
3616 1341 3798 1381 vocem
3831 1329 3951 1382 fun-

2371 1415 2614 1471 damenta
2641 1418 2873 1471 carceris
2900 1425 3381 1481 commoverentur,
3432 1426 3484 1470 et
3514 1417 3745 1471 solutum
3770 1434 3951 1473 came.

2371 1507 2444 1559 ris
2470 1507 2742 1561 custodem
2770 1510 3001 1562 vinctum
3032 1508 3096 1561 ad
3120 1509 3283 1579 pedes
3327 1523 3451 1562 suos
3487 1509 3793 1574 adduceret,
3828 1527 3953 1581 ape.

2372 1596 2705 1665 rirenturque
2729 1598 2907 1666 janure
2934 1598 3148 1652 clausae.
3179 1599 3356 1668 Itaque
3382 1598 3521 1653 haud
3554 1613 3771 1667 parvam
3798 1602 3952 1655 nobis

2371 1691 2785 1745 consolationem
2819 1690 3013 1745 Paulus
3056 1690 3319 1753 exhibuit,
3362 1706 3586 1759 eamque
3622 1692 3780 1744 etiam
3826 1702 3953 1747 ante

2371 1780 2837 1845 resurrectionem,
2872 1795 3061 1848 nempe
3098 1779 3238 1849 quod
3283 1780 3662 1834 tentationibus
3703 1780 3951 1835 meliores

2371 1878 2424 1921 ct
2474 1870 2825 1938 sapientiores
2879 1869 3167 1924 reddantur
3207 1888 3220 1922 ε
3268 1869 3467 1923 idcirco
3515 1868 3696 1923 dicit:
3738 1870 3952 1939 Afﬂictis

2372 1959 2660 2026 patientiam
2684 1968 2942 2027 operatur,
2974 1961 3215 2029 patientia
3245 1959 3606 2029 probationem,
3642 1968 3686 2010 et
3722 1960 3951 2029 probatio

2369 2066 2529 2119 spem,
2551 2068 2661 2117 spes
2688 2066 2801 2103 vero
2826 2067 2924 2103 non
2956 2049 3223 2119 confundit
3272 2049 3447 2117 (Rom.
3480 2050 3533 2104 5.
3563 2050 3616 2102 ι.
3647 2050 3725 2118 5).
3767 2049 3832 2102 Et
3856 2050 3951 2105 ite-

2370 2157 2484 2195 rum
2534 2142 2667 2194 alius
2723 2142 2934 2209 quidam
2960 2141 3131 2195 dicit:
3170 2140 3258 2193 Vir
3302 2142 3386 2209 qui
3434 2158 3532 2193 non
3576 2150 3816 2207 tentatur,
3849 2158 3953 2195 non

2369 2239 2440 2284 est
2470 2232 2708 2299 probatus
2736 2247 2754 2283 :
2784 2240 2829 2284 et
2854 2233 2938 2301 qui
2962 2249 3063 2285 non
3108 2241 3180 2284 est
3201 2232 3456 2300 probatus,
3485 2232 3676 2285 nullius
3708 2233 3848 2302 pensi
3880 2249 3953 2286 est

2375 2319 2559 2391 (Ercli.
2605 2321 2692 2374 54.
2737 2320 2843 2390 ll).
2896 2322 2963 2374 Et
3000 2323 3067 2374 ita
3110 2337 3214 2374 non
3252 2337 3434 2390 parum
3478 2322 3630 2375 nobis
3671 2322 3953 2377 conferunt

2369 2410 2687 2465 aftlictiones
2709 2423 2833 2466 ante
2861 2415 3326 2475 resurrectionem,
3355 2429 3474 2466 cum
3498 2414 3670 2465 anima
3701 2413 3951 2467 reddatur

2370 2501 2640 2568 probatior
2664 2504 2938 2571 patientia,
2966 2514 3022 2559 et
3064 2504 3407 2575 intelligentia
3431 2506 3765 2573 priestantior
3802 2515 3855 2559 et
3883 2508 3953 2559 ab

2366 2592 2512 2645 omni
2554 2594 2718 2649 libera
2769 2594 3071 2649 formidine.
3123 2594 3191 2648 Et
3245 2595 3443 2649 idcirco
3489 2596 3615 2649 dicit
3647 2614 3659 2648 :
3689 2595 3858 2649 Etiam
3903 2600 3955 2652 si

2368 2692 2601 2736 externus
2628 2695 2794 2737 noster
2824 2686 2971 2737 homo
3011 2695 3380 2753 corrumpatur,
3415 2686 3642 2739 internus
3672 2696 3836 2740 tamen
3863 2705 3949 2741 re-

2368 2784 2581 2827 nouatur
2622 2775 2675 2827 in
2720 2775 2826 2830 dies
2866 2776 3090 2845 singulos
3134 2776 3207 2844 (2.
3257 2775 3375 2829 Cor.
3419 2778 3473 2829 4.
3509 2776 3616 2847 l6).
3673 2778 3955 2843 Quomodo

2365 2879 2568 2933 quaeso,
2594 2866 2922 2919 renovatur?
2946 2866 3215 2935 Effugatur
3235 2867 3375 2920 enim
3404 2868 3577 2920 omnis
3602 2867 3955 2938 cﬂ‘eminatio,

2367 2956 2776 3024 exstinguuntur
2815 2956 3260 3025 concupiscentiae
3308 2956 3573 3021 absurdre,
3619 2966 3671 3013 et
3705 2958 3950 3021 avaritia,

2366 3053 2420 3099 et
2468 3046 2636 3098 inanis
2668 3046 2855 3115 gloria,
2905 3056 2959 3099 et
3002 3047 3053 3099 in
3098 3061 3302 3099 summa
3343 3046 3719 3099 interimuntur
3758 3063 3950 3103 euntes

2367 3136 2484 3189 alite
2523 3138 2675 3189 make
2708 3152 3075 3205 perversaque
3118 3137 3487 3206 cogitationes.
3518 3136 3583 3191 Ut
3611 3152 3737 3205 ergo
3766 3138 3951 3195 anima

2365 3229 2587 3297 ignavia:
2614 3230 2976 3299 socordimque
3007 3228 3179 3282 dedita
3203 3227 3355 3283 facile
3379 3228 3676 3297 hujusmodi
3699 3229 3953 3283 affectio-

2363 3320 2520 3373 nibus
2545 3327 2626 3372 est
2654 3319 2880 3371 obnoxia
2911 3338 2924 3370 :
2958 3320 3027 3371 ita
3056 3319 3097 3371 si
3130 3318 3399 3371 continuis
3428 3328 3509 3372 est
3551 3319 3803 3386 implicita
3849 3334 3950 3387 pro

2364 3413 2558 3481 pietate
2594 3412 2989 3475 certaminibus,
3042 3427 3146 3464 non
3180 3422 3379 3464 tantum
3428 3409 3588 3463 habet
3626 3411 3739 3474 otii,
3788 3419 3845 3463 ut
3875 3412 3957 3466 de

2364 3501 2447 3555 his
2480 3501 2562 3555 vel
2608 3503 2805 3570 cogitet
2854 3501 3159 3569 aliquando,
3217 3500 3357 3555 curis
3386 3500 3631 3553 videlicet
3676 3501 3845 3567 ipsam
3878 3503 3956 3556 ab

2363 3591 2446 3646 his
2484 3591 2730 3645 omnibus
2763 3592 2829 3645 ad
2874 3592 3137 3661 palaestras
3179 3590 3351 3644 studia
3395 3592 3758 3644 avocantibus.
3813 3590 3955 3645 Pro—

2362 3690 2543 3748 pterea
2575 3682 2802 3745 dicebat,
2838 3680 3119 3734 lnnouatur
3161 3682 3213 3733 in
3253 3681 3359 3733 dies
3389 3682 3632 3749 singulos.
3668 3681 3856 3733 Postea
3884 3692 3956 3740 ut

2360 3771 2535 3827 denuo
2578 3774 2779 3827 soletur
2804 3774 3009 3827 animas
3034 3773 3274 3828 dolentes
3304 3773 3357 3825 in
3400 3774 3555 3826 malis
3586 3772 3777 3841 quibus
3806 3774 3953 3828 affli-

2360 3871 2588 3929 guntur,
2644 3872 2695 3916 et
2746 3863 3107 3931 philosophari
3154 3864 3455 3916 nescientes
3495 3877 3591 3931 spe
3641 3862 3957 3921 futurorum

2360 3953 2545 4021 erigat,
2572 3954 2647 4007 sic
2671 3954 2797 4007 dicit
2830 3973 2841 4006 :
2877 3955 3001 4020 Qua:
3026 3955 3156 4006 enim
3187 3970 3316 4005 nunc
3334 3953 3453 4006 levis
3476 3962 3547 4005 est
3574 3953 3792 4022 aﬂlictio,
3819 3955 3952 4009 mire

2359 4060 2513 4111 supra
2561 4045 2765 4096 modum
2822 4055 3061 4095 aeternum
3114 4044 3287 4111 gloria:
3342 4049 3540 4107 pondus
3602 4054 3838 4111 aperatur
3888 4046 3951 4099 in

2360 4133 2519 4197 nobis,
2550 4134 2667 4195 dum
2689 4151 2791 4186 non
2813 4144 3092 4202 spectamus
3118 4151 3178 4184 ea
3196 4150 3304 4199 qua:
3329 4133 3571 4197 videntur,
3599 4134 3684 4185 sed
3710 4148 3821 4200 quia
3838 4151 3956 4187 non

2360 4225 2609 4279 videntur.
2669 4223 2805 4277 Nam
2845 4240 2957 4294 qua:
2995 4225 3245 4285 videntur,
3297 4224 3594 4291 lernporalia
3639 4233 3801 4275 sunt:
3826 4240 3953 4295 quin

2358 4330 2472 4366 vero
2510 4332 2608 4367 non
2650 4316 2896 4379 videntur,
2943 4326 3126 4369 (eterna
3173 4314 3249 4387 (9..
3277 4314 3393 4368 Cor.
3420 4315 3473 4366 4.
3514 4314 3599 4366 l7.
3627 4314 3736 4379 l8).
3772 4314 3947 4377 Quasi

2358 4404 2598 4459 diceret:
2627 4406 2855 4459 Plurima
2888 4407 3043 4474 igitur
3078 4414 3131 4457 et
3160 4407 3208 4456 in
3254 4404 3351 4457 hac
3391 4405 3495 4456 vita
3533 4401 3749 4455 afﬂictio
3780 4404 3949 4460 nobis

2355 4493 2493 4549 bona
2522 4495 2747 4561 confert,
2778 4511 2968 4563 nempe
2990 4495 3128 4565 quod
3157 4493 3390 4547 animam
3436 4502 3668 4545 nostram
3710 4494 3946 4559 sapien-

2358 4584 2542 4638 tiorem
2570 4586 3070 4654 prudentioremque
3107 4584 3281 4645 faciat,
3329 4584 3604 4636 innumera
3636 4598 3851 4650 quoque
3879 4593 3947 4639 et

2354 4676 2523 4731 futura
2579 4676 2717 4730 bona
2764 4677 3014 4729 conciliat
3054 4693 3065 4726 :
3102 4690 3204 4728 non
3252 4690 3313 4728 ea
3368 4689 3485 4743 quae
3543 4672 3811 4725 Lili'ertbus
3865 4690 3948 4737 ex

2354 4782 2506 4835 aequo
2552 4768 2935 4836 rependuntur,
2988 4766 3081 4820 scd
3127 4766 3382 4833 ampliora
3431 4764 3809 4819 certaminibus
3837 4765 3948 4819 de-

2352 4847 2543 4913 bentur
2584 4867 2691 4912 tam
2739 4858 3031 4913 secundum
3060 4857 3392 4926 qualitatem,
3427 4870 3584 4925 quam
3634 4855 3949 4914 secundum

2350 4951 2717 5023 quantitatem.
2763 4952 2830 5005 Et
2868 4951 3025 5003 ambo
3051 4947 3147 5003 iSta
3178 4947 3483 5023 declarans,
3506 4962 3625 4999 cum
3658 4948 3944 5013 magnitu-

2348 5042 2472 5095 dine
2502 5042 2853 5111 periculorum
2894 5040 3258 5095 excellentiam
3304 5038 3640 5107 praemiorum
3692 5037 3940 5103 confert,

2353 5145 2400 5189 et
2451 5136 2672 5203 opponit
2714 5135 3028 5189 brevitatem
3083 5131 3387 5196 aeternitati,
3435 5128 3635 5185 levitati
3693 5127 3949 5197 pondus,

2347 5225 2617 5283 afﬂictioni
2659 5226 2901 5296 gloriam.
2948 5224 3177 5278 Afﬂictio
3224 5224 3405 5289 enim,
3460 5222 3563 5287 ait,
3614 5222 3946 5289 temporalis

2346 5326 2426 5370 est
2470 5326 2523 5370 et
2565 5318 2728 5381 levis;
2762 5316 3042 5371 delectatio
3084 5325 3279 5379 autem,
3316 5316 3421 5368 imo
3447 5329 3555 5367 non
3583 5311 3735 5378 dixit,
3779 5310 3946 5367 dele-

2344 5412 2527 5478 ctatio,
2563 5411 2655 5466 sed
2682 5411 2865 5481 gloria,
2898 5425 3014 5477 quas
3043 5408 3395 5462 delectatione
3422 5406 3587 5461 multo
3618 5414 3700 5458 est
3729 5404 3943 5471 major,

2344 5511 2562 5567 (eterna,
2590 5511 2644 5555 ct
2686 5503 2933 5555 continua
2957 5540 2971 5565 ,
3005 5509 3058 5554 et
3104 5515 3289 5568 magna
3322 5516 3335 5551 :
3371 5496 3576 5567 pondus
3614 5505 3787 5548 autem
3838 5494 3953 5553 hic.

2347 5611 2451 5651 non
2502 5610 2859 5649 rerumnosum
2904 5602 2958 5647 et
3002 5607 3307 5656 onerosum,
3350 5590 3442 5645 sed
3487 5587 3821 5657 magnificum
3871 5602 3937 5644 ut

2344 5687 2635 5756 pretiosum
2680 5683 2878 5753 aliquid
2929 5691 3085 5737 vocat
3126 5681 3327 5751 vulgari
3367 5677 3775 5744 consuetudine,
3816 5694 3941 5745 qua

2345 5778 2575 5848 pretiosa
2597 5775 2849 5847 gravioris
2876 5789 2994 5829 csse
3021 5772 3268 5843 ponderis
3296 5771 3474 5827 dicere
3505 5769 3756 5826 solemus.
3788 5768 3953 5831 litua,
