4206 6308
710 369 814 426 425

707 483 818 538 λεῖν
847 478 1118 534 είὼθασιν.
1155 478 1318 552 Ὅταν
1351 474 1444 532 οὖν
1483 479 1608 550 εἴπῃ
1654 480 1816 552 βάρος
1837 481 2019 548 δόξης,
2053 480 2280 551 μέγεθος

708 567 864 636 δόξης
893 564 1059 629 λέγει.
1092 562 1182 631 Μὴ
1213 549 1394 614 τοίνυν
1421 563 1581 616 τοῦτο
1618 549 2065 634 μόνον²λογίζουξ
2085 566 2270 633 φησὶν,

707 651 789 703 δτι
831 645 1066 717 μαστίζῃ
1105 646 1199 696 καὶ
1246 644 1464 714 ἐλαύνῃ.
1501 645 1638 699 ἀλλά
1678 649 1771 700 καὶ
1819 649 1942 709 τοὺς
1978 647 2275 713 στεφάνους

709 729 799 783 καὶ
833 728 933 790 τὰς
977 726 1233 796 ἀμοιϐάς,
1265 728 1349 779 ὅτι
1381 727 1559 796 πολλῷ
1596 729 1813 798 μείζους
1847 729 1939 780 καὶ
1968 727 2280 797 λαμ-ιτρότε⁹

711 832 801 885 ραι
844 813 955 865 τῶν
1001 812 1286 880 παρόντων
1338 813 1568 873 ἐκεῖναι,
1606 814 1701 866 καὶ
1741 813 1892 873 τέλος
1919 812 2019 864 ούκ
2046 812 2278 879 ἔχουσιν,

706 896 829 949 οὐδὲ
863 895 1054 963 πέρας.
1101 892 1258 945 Ἀλλά
1283 891 1476 957 ταῦτα,
1507 895 1690 962 φησὶν,
1717 896 1773 945 ἐν
1796 893 1982 962 πείρα,
2019 895 2201 944 ἐκεῖνα
2225 892 2282 943 δέ

709 979 765 1031 ἐν
792 977 970 1030 ἐλπίσι
993 993 1005 1005 ·
1035 975 1319 1028 καὶταῦτα
1352 977 1449 1043 μὲν
1476 976 1704 1045 φανερὰ,
1734 977 1915 1027 ἐκεῖνα
1937 974 1991 1024 δὲ
2008 973 2068 1025 οὐ
2100 973 2284 1042 φαίνε-

707 1058 936 1124 ται,ἀλλ“
953 1059 1196 1128 ἐκκρεμῆ
1216 1059 1306 1110 καὶ
1328 1059 1575 1129 μετέωρά
1597 1060 1752 1111 εἰσινο
1769 1057 1882 1109 ἀλλ’
1900 1059 1948 1110 εί
1968 1057 2060 1109 καὶ
2077 1056 2279 1126 ἀφανῆ,

708 1143 844 1206 ἀλλά
863 1140 967 1194 τῶν
989 1141 1328 1210 φαινομένων
1367 1141 1481 1194 ἐστὶ
1519 1139 1891 1211 φανερώτερα.
1923 1139 1987 1190 Τί
2008 1139 2150 1208 λέγω
2178 1157 2283 1206 φα-

709 1222 1015 1295 νερώτερα;
1045 1224 1258 1276 Ἐκεῖνα
1269 1224 1490 1276 δύνασαι
1511 1224 1709 1293 μᾶλλον
1726 1226 1878 1293 όρᾷν,
1899 1223 2134 1293 ἦταῦτα.
2149 1222 2286 1274 Ταῦ-

707 1323 776 1359 τα
800 1307 895 1376 μέν
913 1306 1018 1377 γὰρ
1049 1308 1396 1377 παρέρχεται,
1431 1307 1610 1358 ἐκεῖνα
1633 1306 1687 1358 δὲ
1707 1307 1877 1375 μένει.
1907 1306 1996 1376 Διὸ
2018 1307 2280 1374 ἐπήγαγε,

709 1390 885 1458 λέγων
906 1406 918 1419 ·
937 1389 1032 1457 Μὴ
1054 1390 1439 1443 σκοπούντων
1457 1388 1624 1457 ἡμῶν
1634 1389 2094 1456 τὰῂβλεπόμενα,
2125 1389 2284 1442 ἀλλὰ

711 1473 784 1526 τὰ
813 1473 898 1542 μὴ
925 1475 1274 1540 βλεπόμενα
1297 1491 1307 1501 ·
1333 1471 1403 1524 τὰ
1426 1472 1532 1540 γὰρ
1553 1473 1904 1542 βλεπόμενα
1930 1474 2280 1541 πρόσκαιρα,

710 1553 784 1608 τὰ
803 1555 961 1624 δὲμὴ
969 1555 1204 1622 ﬁxed-td;
1213 1570 1317 1607 ενα
1343 1553 1566 1609 ultima.

780 1699 841 1749 ε’.
877 1694 938 1745 El
965 1693 1020 1745 δὲ
1041 1693 1234 1760 λέγοις·
1259 1694 1366 1746 Καὶ
1394 1692 1506 1755 πῶς
1531 1693 1826 1764 δυνήσομαι
1859 1695 1923 1747 τὰ
1959 1694 2138 1763 ἀφανῆ
2167 1693 2284 1763 βλέ-

712 1792 854 1841 πειν,
884 1774 952 1828 τά
983 1775 1039 1828 δὲ
1067 1775 1310 1846 παρόντα
1344 1776 1417 1846 μὴ
1453 1776 1706 1845 βλέπειν;
1741 1778 1848 1841 ἀπὸ
1877 1778 1984 1829 τῶν
2016 1776 2284 1846 βιωτικῶν

714 1875 773 1911 σε
802 1860 881 1921 είς
910 1858 1109 1927 ταύτην
1133 1859 1420 1925 ἐναγαγεῖν
1450 1859 1777 1928 πειράσομαι
1805 1859 1900 1929 τὴν
1923 1861 2123 1912 πίστιν.
2149 1859 2284 1912 Οὐδὲ

712 1940 820 2010 γάρ
857 1940 965 1992 τῶν
1001 1943 1056 1993 ἐν
1106 1941 1182 2010 τῷ
1217 1941 1407 2010 κόσμῳ
1465 1942 1805 2012 πραγμάτων
1851 1941 1960 1994 τῶν
2008 1943 2285 2012 ἐπικήρων

712 2023 918 2076 τούτων
949 2022 1144 2090 ἅψαιτό
1164 2040 1246 2084 τις
1277 2022 1342 2074 ἂν
1377 2023 1594 2093 ῥαδίως,
1633 2023 1707 2093 μὴ
1734 2024 1802 2076 τὰ
1833 2025 2012 2094 ἀφανῆ
2041 2025 2145 2094 πρὸ
2178 2024 2285 2077 τῶν

713 2106 962 2176 φανερῶν
991 2107 1133 2159 ίδών.
1159 2103 1282 2158 Οἴόν
1306 2125 1358 2159 τι
1381 2107 1539 2174 λέγω·
1560 2107 1866 2178 Ὀἒμπορος
1897 2109 2156 2176 ὑπομένει
2189 2108 2285 2177 μὲν

712 2189 985 2258 χειμῶνας
1033 2188 1259 2252 πολλοὺς
1302 2190 1394 2240 καὶ
1441 2189 1696 2258 κυμάτων
1743 2190 2145 2252 ἐπαναστάσεις
2193 2190 2285 2241 καὶ

712 2272 949 2340 ναυάγια
963 2261 1059 2324 καὶ
1092 2271 1293 2342 μυρίας
1317 2271 1621 2334 δυσκολίας,
1644 2271 1905 2324 ἀπολαύει
1927 2271 2092 2324 δὲκαὶ
2121 2272 2283 2323 πλού-

711 2371 805 2406 του
858 2352 998 2424 μετά
1031 2355 1158 2416 τοὺς
1200 2351 1495 2422 χειμῶνας,
1531 2355 1596 2405 τά
1638 2354 1833 2423 φορτία
1888 2353 2282 2421 διατιθέμενος,

714 2439 809 2491 καὶ
837 2436 1036 2507 πολλὴν
1073 2432 1440 2506 ἐργαζόμενος
1471 2437 1871 2507 πραγματείαν.
1928 2438 2065 2488 Ἀλλ’
2099 2440 2146 2488 οἱ
2189 2439 2286 2507 μὲν

713 2518 979 2590 χειμῶνες
1012 2520 1370 2589 πρότεροι,τά
1398 2521 1453 2572 δὲ
1485 2522 1676 2588 φορτία
1705 2520 1933 2590 ὕστερα’
1965 2521 2054 2572 καὶ
2086 2521 2154 2571 τά
2185 2521 2285 2589 μὲν

714 2601 923 2673 πελάγη
959 2603 1053 2654 καὶ
1090 2601 1155 2653 τὰ
1178 2601 1398 2670 κύματα
1423 2602 1667 2670 φαίνεται
1703 2602 1972 2666 ἐξελθόντι
2000 2599 2091 2653 τοῦ
2126 2603 2282 2670 λιμέ-

713 2701 823 2747 νος,
862 2687 894 2755 ἡ
931 2685 1168 2755 ἐμπορία
1191 2685 1246 2736 δὲ
1276 2686 1336 2736 οὐ
1370 2685 1650 2752 φαίνεται·
1688 2687 1744 2737 ἐν
1789 2685 1968 2738 ἐλπίσι
2002 2684 2111 2754 γάρ
2141 2687 2286 2738 ἐστιν

715 2766 815 2821 ἔτι.
863 2765 999 2819 Ἀλλ’
1031 2767 1178 2836 ὅμως
1204 2766 1267 2820 ἂν
1304 2768 1379 2836 μὴ
1410 2767 1544 2836 πρὸς
1587 2768 1800 2838 ἐκείνην
1833 2767 1916 2840 ἴδῃ
1953 2767 2164 2837 πρῶτον
2188 2767 2288 2837 τὴν

713 2849 894 2919 ἀφανῆ
929 2850 1022 2900 καὶ
1054 2845 1128 2919 μὴ
1162 2849 1457 2918 παροῦσαν,
1498 2849 1630 2919 μηδέ
1662 2850 1719 2902 ἐν
1748 2850 1934 2920 χερσὶν
1977 2847 2144 2910 ὦσαν,
2172 2847 2286 2902 ἀλλ’

714 2935 773 2984 ἐν
809 2932 1037 2996 ἐλπίσιν,
1073 2933 1170 2985 οὐκ
1201 2931 1265 2984 ἂν
1297 2932 1494 3001 ἅψαιτο
1520 2931 1722 2985 τούτων
1757 2932 1866 2984 τῶν
1894 2932 2174 3002 παρόντων
2196 2932 2289 2984 καὶ

715 3015 1073 3084 φαινομένων.
1111 3014 1265 3066 Οὓτω
1296 3015 1389 3067 καὶ
1439 3013 1683 3085 γεωργὸς
1714 3013 1966 3082 ζεύγνυσι
2015 3013 2163 3084 βόας.
2195 3016 2289 3068 καὶ

714 3097 944 3169 ἄροτρον
983 3097 1150 3162 ἕλκει,
1201 3099 1295 3150 καὶ
1340 3097 1558 3167 βαθεῖαν
1592 3096 1813 3152 αὕλακα
1852 3097 2165 3167 ἀνατέμνει,
2198 3097 2290 3150 καὶ

717 3179 1008 3249 σπέρματα
1041 3179 1388 3240 καταϐάλλει,
1427 3181 1520 3232 καὶ
1551 3180 1619 3232 τά
1659 3179 1785 3232 ὄντα
1815 3178 2026 3232 ᾶπαντα
2053 3178 2286 3250 δαπανᾷ,

716 3262 812 3315 καὶ
841 3263 1049 3333 κρυμὸν
1072 3264 1170 3316 καὶ
1195 3263 1368 3330 πάγον
1398 3262 1490 3315 καὶ
1513 3262 1750 3333 ὄμϐρους
1774 3263 1864 3314 καὶ
1890 3262 2082 3332 ἐτέρας
2103 3263 2290 3333 ἀνέχε-

716 3361 806 3396 ται
847 3345 1220 3414 ταλαιπωρίας
1257 3345 1477 3408 πολλὰς,
1509 3345 1603 3397 καὶ
1628 3345 1765 3414 μετά
1796 3345 1887 3398 τὸν
1916 3345 2076 3398 πόνον
2103 3345 2292 3399 τοῦτον

717 3427 989 3497 προσδοκᾷ
1024 3427 1280 3499 κομῶντα
1318 3422 1546 3495 ὄψεσθαι
1573 3429 1641 3497 τά
1681 3426 1826 3497 λήῖα,
1871 3428 1966 3480 καὶ
1997 3427 2290 3499 πεπληρω-

722 3510 892 3578 μένην
922 3509 1020 3578 τὴν
1047 3497 1245 3563 ἅλωνα.
1288 3509 1451 3579 Ὁρᾷς
1491 3509 1606 3571 πῶς
1651 3511 1743 3561 καὶ
1767 3508 2000 3562 ἐνταῦθα
2029 3497 2292 3582 πρότερος

717 3593 746 3644 6
782 3593 961 3654 πόνος,
982 3592 1075 3644 καὶ
1102 3590 1237 3661 μετά
1266 3590 1436 3644 ταῦτα
1472 3593 1499 3644 6
1532 3589 1720 3661 μισθός
1741 3607 1755 3621 θ
1791 3591 1885 3643 καὶ
1909 3593 1936 3642 6
1969 3592 2067 3660 μὲν
2103 3592 2294 3662 μισθὸς

717 3673 930 3741 ἄδηλος,
971 3675 998 3724 6
1022 3673 1076 3725 δὲ
1113 3673 1271 3735 πόνος
1294 3673 1450 3743 δῆλος
1488 3675 1585 3728 καὶ
1627 3674 1855 3743 φανερός
1875 3690 1889 3704 ·
1919 3675 2167 3736 κάκεῖνος
2193 3675 2293 3744 μὲν

718 3758 777 3808 ἐν
803 3756 1035 3819 ἐλπίσιν,
1062 3748 1215 3819 οὗτος
1241 3756 1298 3808 δέ
1323 3757 1379 3809 ἐν
1400 3749 1617 3828 χέρσίν;
1663 3756 1802 3809 Ἀλλ’
1836 3757 1984 3826 ὅμως
2017 3759 2110 3810 καὶ
2137 3752 2292 3823 οὗτος

718 3838 785 3891 ἂν
821 3838 895 3908 μὴ
921 3838 1180 3909 πρότερον
1207 3839 1341 3909 πρὸς
1364 3841 1567 3891 ἐκεῖνον
1595 3839 1678 3909 ἴδῃ
1706 3839 1796 3892 τὸν
1822 3839 2014 3910 ἄδηλον
2034 3838 2121 3893 καὶ
2147 3841 2293 3909 ἀφα-

720 3923 784 3992 νῆ
832 3926 923 3975 καὶ
973 3923 1046 3992 μὴ
1098 3922 1423 3992 βλεπόμενον
1453 3924 1564 3984 τοῖς
1587 3922 1883 3992 ὀφθαλμοῖς
1915 3923 2008 3976 τοῦ
2045 3922 2294 3994 σώματος

726 4005 934 4074 μισθὸν,
959 4005 1017 4057 οὐ
1049 4005 1206 4074 μόνον
1227 4005 1287 4056 ού
1328 4003 1506 4067 ζεύξει
1533 4002 1680 4072 βόας,
1717 4005 1838 4057 οὐδὲ
1867 4005 2094 4076 ἄροτρον
2127 4004 2293 4070 ἕλξει,

721 4088 840 4140 οὐδὲ
899 4087 1190 4158 σπέρματα
1237 4086 1563 4150 καταϐαλεῖ,
1599 4087 1713 4140 ἀλλ’
1767 4087 1887 4141 ούδέ
1941 4088 2295 4159 κινηθήσεται

726 4171 934 4224 οκοθεν
980 4171 1117 4241 πρὸς
1164 4171 1263 4241 τὴν
1313 4171 1574 4242 ἐργασίαν
1628 4169 1831 4239 ταύτην
1870 4172 2019 4224 ποτέ.
2049 4171 2173 4236 Πῶς
2203 4170 2297 4226 οὖν

720 4255 920 4308 ἄτοπον
953 4257 1046 4306 ἐπὶ
1094 4254 1191 4324 μὲν
1220 4253 1327 4306 τῶν
1367 4253 1637 4323 βιωτικῶν
1681 4255 2028 4324 πραγμάτων
2057 4254 2164 4326 πρὸ
2189 4255 2296 4308 τῶν

725 4337 878 4408 μ’ὀθ]
925 4337 1175 4409 φανερῶν
1205 4336 1273 4389 τά
1301 4336 1482 4405 ἀφανῆ
1524 4335 1761 4405 βλέπειν,
1804 4338 1898 4389 καὶ
1927 4337 2030 4408 πρὸ
2067 4339 2176 4391 τῶν
2209 4355 2297 4408 μι-

728 4417 870 4470 σθῶν
900 4417 1190 4486 ὑπομένειν
1218 4418 1343 4481 τοὺς
1373 4418 1586 4480 πόνους,
1609 4417 1702 4470 καὶ
1735 4417 1999 4487 πρότερον
2022 4417 2090 4471 τὰ
2110 4419 2298 4489 δυσχε-

725 4502 796 4574 ρῆ
831 4502 1006 4556 πάντα
1036 4501 1318 4570 φέροντας,
1345 4502 1466 4553 τότε
1482 4499 1624 4563 τάἐξ
1653 4499 1831 4552 αὐτῶν
1852 4501 2139 4570 ἀναμένειν
2161 4520 2296 4575 χρη-

726 4588 848 4649 στά,
873 4586 966 4639 καὶ
995 4589 1114 4650 ταῖς
1131 4586 1238 4638 τῶν
1271 4584 1490 4654 ἀφανῶν
1517 4585 1697 4638 ἐλπίσι
1722 4587 2191 4658 προτρεπομένους
2208 4587 2298 4641 οὓ-

721 4687 830 4733 τως
848 4669 1114 4722 ἀπτεσθαι
1130 4668 1237 4722 τῶν
1263 4669 1511 4740 φανερῶν
1526 4683 1542 4698 ·
1575 4671 1666 4722 ἐπὶ
1686 4669 1743 4740 δέ
1761 4669 1852 4722 τοῦ
1874 4669 2006 4723 Θεοῦ
2030 4672 2299 4736 διστάζειν

727 4754 822 4804 καὶ
865 4750 1250 4821 ἀμφιϐάλλειν,
1281 4750 1376 4804 καὶ
1423 4750 1529 4821 πρὸ
1576 4749 1685 4804 τῶν
1711 4752 1885 4805 πόνων
1917 4753 2172 4806 ἀπαιτεῖν
2202 4753 2299 4817 τὰς

727 4834 979 4904 ἀμοιϐὰς.
1018 4836 1113 4886 καὶ
1140 4832 1400 4902 γεωργῶν
1432 4833 1526 4886 καὶ
1556 4834 1770 4886 ναυτῶν
1805 4836 2300 4908 μικροψυχοτέρους

726 4917 1052 4985 φαίνεσθαι;
1087 4917 1159 4968 Οὐ
1193 4916 1302 4987 γὰρ
1341 4915 1403 4981 δὴ
1444 4916 1602 4985 μόνον
1644 4915 1786 4969 κατὰ
1810 4917 1966 4970 τοῦτο
1997 4919 2176 4972 αὐτῶν
2199 4936 2301 4987 φα-

728 4999 964 5068 νούμεθα
1005 4999 1237 5068 χείρους,
1269 4999 1626 5068 ἀσχάλλοντες
1658 4999 1795 5071 πρὸς
1828 5000 1888 5052 τὸ
1923 5001 2133 5070 μέλλον,
2165 5001 2302 5071 ἀλλά

731 5085 822 5136 καὶ
847 5084 968 5136 καθ’
999 5083 1183 5153 ἕτερον
1199 5083 1298 5135 οὐκ
1327 5083 1545 5136 ἔλαττον
1570 5070 1784 5137 τούτου.
1844 5084 1999 5140 Ποῖον
2021 5084 2082 5156 δὴ
2110 5070 2299 5149 τοῦ-ξος

733 5167 853 5220 Ὀτι
883 5168 1078 5219 ἐκεῖνοι
1109 5166 1206 5236 μὲν
1240 5166 1358 5219 οὐδὲ
1399 5167 1528 5238 περὶ
1559 5166 1651 5219 τοῦ
1685 5167 1871 5229 τέλους
1901 5167 2122 5239 θαρρεῖν
2156 5171 2303 5240 έχον-

730 5265 821 5310 τες
850 5248 1087 5312 πάντως,
1117 5249 1237 5302 ούδέ
1263 5249 1403 5301 οὕτω
1424 5250 1531 5302 τῶν
1558 5251 1734 5304 πόνων
1761 5252 2083 5320 ἀφίστανται
2108 5271 2121 5284 ο
2158 5259 2220 5308 σὺ
2246 5255 2301 5308 δὲ

730 5333 1042 5398 ἀξιόπιστον
1072 5331 1180 5384 τῶν
1211 5332 1488 5400 στεφάνων
1523 5332 1660 5402 ἔχων
1690 5334 1982 5405 ἐγγυητὴν,
2013 5337 2132 5390 οὐδὲ
2162 5338 2303 5392 οὕτω

735 5418 874 5485 μιμῇ
907 5415 1270 5487 τὴνέκείνων
1311 5415 1626 5486 καρτερίαν.
1688 5416 1745 5469 Ὀ
1793 5419 1888 5486 μὲν
1931 5419 2038 5490 γάρ
2059 5423 2304 5490 γεωργὸς

735 5498 994 5560 πολλάκις
1025 5497 1161 5568 μετά
1189 5497 1250 5550 τὸ
1275 5499 1343 5551 τὰ
1375 5500 1659 5570 σπέρματα
1697 5501 2043 5568 καταϐαλεῖν,
2081 5506 2174 5558 καὶ
2212 5507 2301 5559 θε-

735 5578 1004 5661 ραπεύσαι
1047 5579 1146 5650 τὴν
1183 5581 1305 5650 γῆν,
1349 5581 1441 5633 καὶ
1489 5583 1743 5651 κομῶντα
1790 5585 1858 5636 τά
1895 5585 2018 5655 λήῖα
2071 5587 2215 5653 ίδτῖν,
2267 5588 2300 5661 ἢ

735 5659 997 5733 χαλάζης,
1028 5663 1060 5731 ἢ
1094 5663 1368 5734 ἐρυσίϐης,
1405 5665 1437 5734 ἢ
1477 5667 1718 5737 ἀκρίδὸς.
1751 5667 1784 5738 ἢ
1834 5667 1996 5738 ἄλλης
2027 5671 2168 5736 τινὸς
2195 5659 2305 5727 τοιέ

737 5743 908 5814 αὐτης
940 5743 1320 5816 ὲπενεχθείστις
1352 5746 1582 5820 πληγῆς.
1613 5750 1833 5817 ἐξέπεσε
1864 5752 1961 5822 τῆς
1994 5755 2098 5808 τῶν
2135 5756 2304 5811 πόνων

1413 369 1466 419 S.
1507 365 1792 420 JOANNIS
1822 360 2310 421 CHRYSOSTOMI
2351 367 2667 426 ARCIIIEP.
2710 372 3252 459 CONSTANTINO‘P.
3848 373 3926 432 ΑΞ

2387 483 2644 553 ἀμοιϐῆς,
2707 486 2798 539 καὶ
2851 485 2989 555 μετὰ
3045 485 3169 546 τους
3222 483 3446 546 πολλοὺς
3493 483 3718 555 ἱδρῶτας
3772 490 3958 548 κεναῖς

2386 570 2565 623 οἴκαδε
2608 571 2932 640 ὑποστρέφει
2963 573 3136 643 χερσί.
3184 572 3348 624 Καὶὸ
3389 572 3624 642 ἔμπορος
3662 573 3718 627 δέ
3770 574 3950 633 πάλι-ι,

2391 660 2528 727 μετὰ
2570 661 2632 712 τὸ
2683 660 2992 729 διαδραμεῖν
3049 660 3182 712 πολὺ
3230 658 3461 727 πέλαγος
3520 661 3953 732 πεπληρωμένην

2388 745 2535 813 ἄγων
2567 747 2664 818 τὴν
2690 746 2909 810 ὁλκάδα,
2941 747 3076 817 πρὸς
3106 747 3235 800 αὐτὸ
3261 747 3518 811 πολλάκις
3561 750 3621 800 τὸ
3659 751 3824 817 στόμα
3851 743 3950 798 τοῦ

2387 832 2604 903 λιμένος
2636 834 2981 904 ἐμπεσόντων
3011 833 3224 903 ἀνέμων
3252 835 3496 903 σκοπέλῳ
3537 838 3643 888 τινὶ
3679 831 3955 904 προσαρά-

2389 919 2504 985 ξας.
2539 919 2690 989 μόλις
2733 919 2921 988 ἐξῆλθε
2966 920 3026 972 τὸ
3075 921 3234 988 σῶμα
3274 920 3542 983 διασώσας
3571 919 3787 990 γυμνός.
3840 918 3956 971 Καὶ

2390 1008 2480 1058 ἐπὶ
2524 1006 2740 1058 πάντων
2787 1006 2970 1070 ἁπλῶς
3001 1007 3109 1058 τῶν
3157 1007 3420 1075 βιωτικῶν
3462 1007 3656 1066 πολλάς
3693 1004 3955 1067 πολλάκις

2389 1093 2525 1159 πρὺς
2557 1091 2633 1161 τῷ
2660 1092 2802 1145 τέλει
2839 1093 3122 1162 συμφοράς
3148 1093 3399 1156 τοιαύτας
3433 1091 3742 1164 συμϐαίνειν
3770 1091 3945 1153 εἰκός.

2401 1179 2523 1231 Ἐπὶ
2551 1180 2605 1232 δὲ
2635 1179 2741 1232 τῶν
2769 1178 2994 1246 ἀγώνων
3025 1180 3130 1233 τῶν
3165 1180 3271 1232 σῶν
3304 1181 3403 1233 οὐκ
3436 1180 3547 1232 ἔστι
3591 1177 3748 1230 τοῦτο
3767 1194 3780 1208 ·
3820 1178 3958 1230 ἀλλὰ

2389 1266 2600 1336 ἀνάγκη
2625 1267 2948 1329 πάντωςτὸιι
2973 1265 3402 1335 ἀγωνισάμενον,
3425 1267 3512 1318 τὸν
3539 1265 3834 1335 σπείραντα
3853 1265 3958 1331 τὴν

2388 1353 2694 1415 εὐσέϐειαν,
2728 1353 2823 1405 καὶ
2848 1352 3072 1414 πολλοὺς
3103 1352 3393 1419 ἐνεγκόντα
3426 1353 3638 1414 πόνους,
3680 1353 3958 1420 ἐπιτυχεῖν

2389 1442 2480 1494 τοῦ
2504 1441 2707 1504 τέλους.
2743 1442 2818 1493 Οὐ
2845 1441 2953 1511 γάρ
2983 1441 3158 1510 ἀέρων
3187 1440 3539 1511 ἀνωμαλίαις,
3566 1440 3685 1492 ούδέ
3710 1441 3958 1509 πνευμά-
3989 1505 3994 1508 _

2389 1547 2493 1581 των
2525 1531 2728 1599 ῥύμαις
2758 1527 2864 1580 τῶν
2907 1528 3081 1581 πόνων
3109 1527 3310 1580 τούτων
3338 1530 3430 1591 τάς
3460 1527 3692 1597 ἀμοὶϐἀς
3735 1528 3965 1598 ἐπέτρε-

2387 1613 2487 1682 ψεν
2515 1617 2542 1666 6
2580 1614 2736 1676 Θεόςε
2774 1613 2886 1666 ἀλλ’
2913 1617 2969 1665 ἐν
2990 1615 3100 1677 τοῖς
3126 1614 3374 1684 οὐρανοῖς
3404 1615 3741 1675 ἀπόκεινται,
3771 1615 3827 1668 ἐν
3847 1616 3965 1676 τοῖς

2387 1701 2608 1765 ἀσύλοις
2636 1701 2948 1771 θησαυροῖς.
2979 1700 3077 1753 Διά
3111 1700 3270 1753 τοῦτο
3303 1702 3393 1754 καὶ
3419 1702 3447 1753 6
3489 1701 3694 1765 Παῦλος
3733 1701 3918 1769 ἐλεγεν
3946 1717 3961 1730 ο

2403 1789 2471 1842 ’τι
2497 1789 2701 1855 θλῖψις
2722 1788 3037 1856 ὑπομονὴν
3073 1787 3498 1857 κατεργάζεται.
3528 1790 3567 1856 ἡ
3595 1788 3664 1842 δὲ
3685 1790 3963 1858 ὑπομονὴ

2391 1875 2664 1944 δοκιμὴν,
2718 1877 2755 1943 ἡ
2797 1875 2864 1928 δὲ
2893 1874 3108 1943 δοκιμὴ
3166 1875 3404 1938 ἐλπίδα,
3458 1876 3495 1942 ἡ
3546 1876 3614 1929 δὲ
3660 1877 3836 1941 ἐλπίς
3890 1878 3966 1931 οὐ

2391 1965 2794 2031 καταισχύνει.
2844 1963 2934 2033 Μὴ
2982 1961 3159 2014 τοίνυν
3199 1963 3358 2034 εἴπῃς
3396 1964 3476 2016 ὅτι
3520 1963 3792 2033 ἀφανῆτά
3838 1966 3970 2034 μέλ-

2389 2053 2579 2104 λονταο
2621 2053 2670 2103 εί
2702 2053 2808 2120 γὰρ
2839 2050 3155 2119 βουληθείης
3192 2051 3328 2118 μετὰ
3360 2051 3644 2119 ἀκριϐείας
3689 2051 3969 2118 ἐξετάσαι,

2390 2137 2497 2191 τῶν
2549 2140 2606 2189 ἐν
2653 2138 2837 2207 χερσίν
2878 2140 2995 2191 ἐστι
3040 2139 3171 2193 πολὺ
3221 2139 3597 2208 φανερώτερα.
3643 2139 3754 2191 Καὶ
3810 2138 3972 2191 τοῦτο

2391 2224 2523 2277 αὐτὸ
2576 2224 2735 2278 πάλιν
2785 2225 3188 2292 ἐνδεικνύμενος
3232 2227 3364 2296 ἡμῖν
3407 2225 3434 2276 ὁ
3463 2225 3688 2288 Παῦλος,
3745 2225 3820 2279 Τὰ
3848 2225 3974 2294 μὲν·

2390 2310 2593 2364 αἰώνια
2630 2309 2801 2374 καλεῖ,
2839 2312 2908 2364 τὰ
2946 2311 3014 2365 δὲ
3041 2311 3392 2379 πρόσκαιρα,
3425 2311 3500 2381 τῷ
3539 2310 3858 2382 προσκαίρῳ
3908 2311 3973 2363 τὸ

2391 2397 2629 2468 φθαρτὸν
2659 2396 2838 2450 αὐτῶν
2876 2397 3066 2467 δηλῶν.
3094 2399 3227 2468 Πρὶν
3255 2399 3286 2468 ἢ
3328 2398 3434 2468 γὰρ
3465 2399 3700 2468 φανῆναι
3732 2399 3972 2466 ἀφίπτα-

2390 2503 2511 2550 ται,
2572 2486 2666 2539 καὶ
2721 2486 3010 2556 ἀποτρέχει
3039 2480 3191 2556 πρὶν’
3213 2485 3520 2555 ἐπιστῆναι,
3555 2486 3648 2538 καὶ
3677 2483 3973 2556 ὸξύρῤοποι

2395 2574 2492 2643 μέν
2545 2572 2722 2626 αὑτῶν
2775 2576 2829 2626 αἱ
2892 2574 3206 2643 μεταϐολαὶ,
3278 2576 3502 2637 ἄπιστος
3549 2574 3606 2626 δὲ
3658 2575 3697 2643 ἦ
3753 2573 3969 2643 κτῆσις.

2392 2661 2561 2715 Τοῦτο
2589 2665 2682 2716 καὶ
2718 2664 2807 2715 ἐπὶ
2838 2663 3064 2717 πλούτου
3089 2665 3184 2718 καὶ
3213 2664 3368 2734 δόξης
3390 2667 3482 2717 καὶ
3507 2662 3848 2725 δυναστείας,
3874 2665 3975 2717 καὶ

2392 2750 2486 2801 ἐπὶ
2533 2750 2628 2821 τῆς
2679 2750 2786 2802 τῶν
2836 2749 3105 2819 σωμάτων
3157 2749 3489 2821 εὐμορφίας,
3530 2749 3687 2802 τοῦτο
3743 2749 3835 2802 καὶ
3879 2749 3982 2803 ἐπὶ

2396 2838 2586 2910 ῥώμης
2613 2839 2707 2892 καὶ
2727 2841 2818 2892 ἐπὶ
2842 2840 2950 2893 τῶν
2974 2839 3149 2893 ἀλλων
3184 2841 3368 2903 ἁπλῶς
3401 2839 3508 2892 τῶν
3541 2837 3806 2909 βιωτικῶν
3835 2855 3977 2908 συμο

2394 2926 2576 2978 ϐαῖνον
2613 2926 2711 2979 ῐδοι
2741 2942 2822 2988 τις
2853 2928 2938 2980 ἀν.
2980 2930 3080 2979 Διά
3110 2926 3270 2980 τοῦτο
3295 2928 3392 2980 καὶ
3435 2930 3463 2980 6
3492 2928 3775 2998 προφήτης
3821 2943 3980 2994 κωμ-

2393 3014 2545 3083 ῳδῶν
2572 3014 2698 3078 τοὺς
2730 3015 3049 3085 τρυφῶντας
3070 3015 3162 3069 καὶ
3189 3016 3314 3085 περὶ
3333 3016 3587 3086 χρήματα
3617 3013 3976 3084 μαινομένους

2395 3101 2487 3154 καὶ
2525 3100 2621 3170 τὴν
2651 3100 2815 3173 ἀλλην
2842 3102 3059 3154 ἃπασαν
3094 3102 3416 3170 φαντασίαν.
3452 3102 3544 3168 Ὡς
3581 3100 3831 3165 ἑστῶτα,
3871 3117 3977 3171 φη-

2397 3188 2501 3252 σὶν,
2548 3189 2904 3257 ἐλογίσαντο
2953 3189 3158 3253 ταῦτα,
3213 3189 3310 3242 καί
3360 3191 3474 3256 οὐχ
3523 3190 3600 3254 ὡς
3649 3191 3972 3258 φεύγοντα.

2397 3276 2606 3346 Ὥσπερ
2655 3275 2765 3346 γάρ
2813 3277 2970 3338 σκιᾶς
3022 3276 3122 3328 οὐκ
3174 3276 3322 3330 ἐστιν
3373 3274 3746 3339 ἐπιλαϐέσθαι,
3800 3271 3976 3337 οὕτως

2395 3362 2514 3415 οὐδὲ
2565 3363 2671 3415 τῶν
2728 3362 2997 3432 βιωτικῶν
3047 3365 3418 3434 πραγμάτων·
3455 3363 3598 3416 ἀλλά·
3640 3363 3708 3416 τὰ
3761 3363 3859 3432 μὲν
3905 3365 3976 3433 τῇ

2396 3450 2620 3520 τελευτῇ
2678 3451 3026 3512 καταλύεται,
3063 3451 3131 3504 τά
3183 3450 3240 3503 δέ
3286 3452 3380 3504 καὶ
3422 3450 3527 3522 πρὸ
3566 3449 3666 3521 τῆς
3714 3449 3978 3520 τελευτῆς

2398 3535 2701 3606 χειμάρῤου
2740 3537 2936 3600 παντὸς
2974 3535 3435 3608 ὀξυρρεπέστερον
3473 3539 3765 3611 παραρρεῖ.
3802 3536 3884 3590 Τά
3916 3537 3977 3589 δέ

2396 3622 2661 3694 ,μέλλοντα
2707 3625 2768 3676 οὐ
2800 3623 3056 3676 τοιαῦτα·
3107 3624 3208 3676 οὐκ
3245 3619 3351 3676 οἶδε
3403 3623 3530 3694 γὰρ.
3557 3623 3875 3694 μεταϐολὴν,
3911 3625 3976 3676 οὐ

2397 3709 2609 3780 δέχεται
2628 3711 2857 3782 τροπὴν,
2897 3709 2996 3763 οὐκ
3030 3710 3317 3763 ἐπίσταται
3347 3711 3542 3781 γῆρας,
3576 3712 3673 3764 οὐκ
3709 3700 3819 3780 εχέι
3849 3713 3977 3763 τινὰ

2399 3797 2702 3862 ἀλλοίωσιν,
2734 3797 2845 3851 ἀλλ’
2872 3799 3108 3869 ἀκμάζει
3135 3797 3419 3868 διηνεκῶς,
3447 3799 3539 3851 καὶ
3570 3799 3661 3850 ἐπὶ
3680 3797 3777 3867 τῆς
3803 3798 3978 3868 αὐτῆς

2399 3884 2731 3955 εὐπρεπείας
2784 3887 2953 3955 μένει.
3009 3886 3171 3938 Ὥστε
3218 3888 3267 3938 εί
3311 3885 3392 3936 δεῖ
3436 3885 3617 3955 ἀφανῆ
3661 3887 3756 3938 καὶ
3803 3884 3977 3955 ἄδηλα

2401 3975 2573 4026 εἰπεῖν
2605 3975 2698 4027 καὶ
2727 3974 3041 4038 ἄπιστα,-τά
3067 3974 3308 4046 παρόντα
3335 3975 3416 4028 δεῖ
3439 3974 3618 4042 λέγειν
3647 3975 3974 4046 πράγματα,

2401 4061 2494 4114 καὶ
2531 4059 2604 4130 μὴ
2637 4062 3019 4132 παραμένοντα
3058 4065 3171 4125 τοῖς
3230 4062 3604 4132 κεκτημένοις,
3661 4061 3811 4134 [431]
3860 4062 3977 4114 ἀλλ’

2400 4147 2696 4218 ἀμείϐοντα
2728 4149 2852 4212 τοὺς
2889 4145 3175 4213 δεσπότας,
3205 4151 3299 4202 καὶ
3340 4149 3462 4203 καθ’
3495 4151 3732 4219 ἐκάστην
3763 4152 3978 4221 ἡμέραν

2401 4234 2508 4287 ἀπὸ
2552 4234 2742 4288 τούτου
2794 4236 2928 4305 πρὸς
2975 4235 3163 4306 ἓτερον
3219 4235 3629 4306 μεταπηδῶντα,
3679 4237 3772 4290 καὶ
3815 4238 3915 4292 πά)
3931 4257 3978 4291 ιν

2401 4323 2493 4375 ἀπ’
2545 4322 2752 4385 ἐκείνου
2790 4322 2925 4393 πρὸς
2955 4321 3132 4376 ἄλλον.
3190 4322 3374 4377 Ταῦτα
3411 4323 3477 4393 δὴ
3512 4324 3688 4377 πάντα
3731 4323 3979 4394 δηλώσας

2401 4411 2531 4480 ἡμῖν
2581 4410 2610 4461 6
2657 4408 2886 4474 Παῦλος,
2940 4409 3034 4463 καὶ
3087 4409 3178 4463 διά
3238 4409 3396 4463 τοῦτο
3445 4409 3515 4463 τὰ
3585 4411 3680 4481 μέν
3734 4412 3980 4483 παρόντα

2405 4499 2734 4569 πρόσκαιρα,
2756 4498 2822 4552 τά
2853 4500 2909 4551 δὲ
2945 4498 3205 4569 μέλλοντα
3228 4499 3418 4552 αίώνια
3451 4498 3704 4564 καλέσας,
3729 4500 3821 4553 τδν
3851 4504 3980 4572 περὶ

2402 4588 2496 4658 τῆς
2547 4590 2891 4652 ἀναστάσεως
2934 4589 3072 4641 κινεῖ
3105 4587 3280 4657 λόγον,
3310 4587 3452 4642 οὕτω
3481 4589 3654 4658 λέγων
3675 4606 3689 4620 ·
3720 4588 3979 4660 Οἴδαμεν·

2403 4676 2512 4743 γὰρ
2550 4675 2639 4728 ὅτι
2672 4675 2780 4729 ἐὰν
2817 4676 2854 4742 ἡ
2886 4675 3146 4745 ἐπίγειος
3174 4676 3342 4744 ἡμῶν
3369 4676 3528 4729 οἰκία
3560 4676 3664 4730 τοῦ
3704 4677 3983 4746 σκήνους

2404 4761 2733 4828 καταλυθῇ,
2757 4763 2951 4815 οὶκίαν
2981 4763 3050 4817 ἐκ
3085 4762 3232 4817 Θεοῦ
3255 4762 3473 4832 ἔχομεν
3502 4764 3981 4837 ἀχειροποίητον,

2405 4847 2646 4903 αἰώνιον
2668 4849 2737 4901 ὲν
2765 4848 2887 4915 τοῖς
2921 4849 3216 4917 οὐρανοῖς.

2478 5015 2706 5084 ς’.⁶’ορα
2730 5011 2890 5066 πάλιν
2915 5011 3008 5063 καὶ
3026 5009 3258 5064 ἐνταῦθα
3278 5009 3394 5074 πῶς
3415 5012 3532 5074 ταῖς
3554 5009 3760 5076 λέξεσιν
3786 5010 3983 5082 κέχρη-

2406 5113 2492 5150 ται
2520 5098 2741 5168 κυρίως,
2761 5095 2829 5149 δι’
2851 5095 3030 5147 αύτῶν
3056 5095 3164 5147 τῶν
3193 5094 3470 5164 ὀνομάτων
3497 5094 3598 5165 τὴν
3625 5093 3853 5163 δύναμιν
3879 5098 3973 5164 ἐμ-

2408 5181 2613 5249 φαίνων
2631 5179 2738 5233 τῶν
2755 5179 3058 5250 νοημάτων.
3087 5181 3158 5232 Οὐ
3181 5178 3289 5249 γὰρ
3314 5179 3500 5241 ἀπλῶς
3521 5178 3718 5247 σκῆνος
3734 5179 3793 5231 τὸ
3821 5178 3980 5250 σῶμα

2407 5263 2680 5325 ἐκάλεσεν,
2711 5262 2844 5315 ἀλλὰ
2876 5263 2936 5314 τὸ
2985 5262 3318 5333 πρόσκαιρον
3359 5262 3458 5330 τῆς
3504 5261 3784 5330 παρούσης
3831 5261 3980 5332 ζωῆς

2407 5348 2536 5416 ἡμῖν
2572 5343 2992 5414 ἐνδεικνύμενος,
3020 5347 3114 5397 καὶ
3141 5345 3238 5415 τὴν
3284 5345 3377 5398 ἐπὶ
3406 5343 3466 5398 τὸ
3505 5343 3709 5413 βέλτιον
3747 5343 3981 5413 μεταϐο-

2406 5427 2503 5498 λὴν
2531 5428 2732 5498 δηλῶν,
2772 5429 3053 5498 μονονουχὶ
3099 5427 3272 5496 λέγων
3292 5445 3304 5456 ·
3336 5426 3401 5479 Τί
3446 5423 3722 5488 στενάζεις
3753 5427 3848 5478 καὶ
3881 5424 3980 5480 δα-

2408 5509 2622 5578 κρύεις,
2672 5511 2954 5581 ἀγαπητέ,
3001 5512 3081 5563 ὅτι
3129 5511 3307 5581 τύπτῃ
3364 5511 3458 5563 καὶ
3508 5508 3707 5580 ἐλαύνῃ
3761 5509 3855 5560 καὶ
3899 5511 3982 5573 είς

2410 5595 2779 5666 δεσμωτήριον
2809 5594 3137 5664 ἐμπίπτεις;
3185 5595 3236 5648 τί
3265 5593 3483 5665 θρηνεῖς
3516 5592 3615 5656 τάς
3641 5591 3778 5644 κατά
3815 5591 3980 5663 μέρος

2407 5678 2610 5740 ταύτας
2643 5676 2934 5741 κακώσεις,
2965 5677 3196 5746 ὀφείλων
3243 5676 3344 5746 τὴν
3395 5676 3686 5745 ὁλόκληρον
3722 5673 3976 5741 δέξασθαι

2409 5761 2704 5817 κατάλυσιν
2751 5759 2844 5815 τοῦ
2892 5760 3176 5832 σώματος’
3210 5759 3408 5830 μᾶλλον
3436 5759 3492 5813 δὲ
3521 5759 3618 5829 οὐχ
3662 5757 3848 5821 ἁπλῶς
3880 5758 3974 5813 105
