4206 6318
310 414 408 469 4⁸25

307 528 462 595 igitur
491 525 640 590 dicit,
675 524 881 595 pondus
907 525 1112 596 glorize,
1144 524 1562 595 magnitudinem
1587 522 1775 594 gloria:
1809 521 1892 576 di-

307 619 391 668 cit.
424 615 502 670 Ne
525 616 626 670 hoc
667 626 900 684 reputes,
935 617 1124 686 inquit,
1155 615 1297 686 quod
1325 614 1611 684 ﬂagellaris
1632 621 1685 668 et
1709 614 1893 683 expel-

308 705 446 769 leris,
475 704 571 759 sed
603 706 778 774 p0tius
799 709 969 776 cogita
999 722 1221 761 coronas
1248 718 1294 761 et
1323 707 1721 773 retributiones,
1749 707 1891 776 quod

306 798 407 850 illa:
438 797 725 868 longiores,
760 801 989 867 majores
1012 811 1066 854 et
1095 802 1352 854 clariores
1378 800 1486 854 sint
1514 798 1887 867 prmsentihus,

303 888 611 958 nullumque
650 891 807 945 ﬁnem
854 893 1100 954 habeant,
1135 901 1225 945 aut
1267 891 1571 944 terminum.
1605 894 1675 944 At
1720 892 1885 956 enim,

303 979 493 1048 inquit,
532 979 644 1034 lucc
667 983 776 1051 jam
808 983 1130 1050 experimur,
1165 982 1249 1034 illa
1278 997 1404 1035 vero
1433 981 1484 1034 in
1523 995 1618 1048 Spe
1644 991 1766 1033 sunt
1796 995 1888 1049 po-

301 1081 398 1123 sita
430 1089 443 1123 :
477 1080 533 1124 et
563 1071 675 1125 haec
710 1072 923 1141 quidem
956 1082 1232 1140 apparent,
1276 1070 1362 1124 illa
1393 1085 1521 1124 vero
1567 1086 1672 1123 non
1717 1086 1885 1138 appa-

299 1171 436 1226 rent,
482 1163 577 1217 sed
622 1165 835 1217 excelsa
875 1163 1226 1232 sublimiaque
1270 1171 1413 1215 sunt.
1449 1161 1559 1215 lino
1599 1161 1882 1214 invisibilia

305 1252 472 1305 multo
498 1253 667 1321 magis
694 1264 970 1324 apparent,
1009 1269 1164 1322 quam
1191 1253 1434 1317 visibilis,
1467 1253 1767 1322 poterisque
1795 1253 1885 1307 illa

298 1342 464 1412 magis
491 1343 693 1410 videre,
721 1359 875 1413 quam
923 1344 1078 1398 hinc:
1125 1343 1240 1397 hmc
1284 1358 1427 1397 emm
1469 1352 1761 1408 transeunt,
1796 1342 1880 1396 illa

294 1442 470 1486 autem
521 1444 856 1503 permanent.
905 1435 1197 1503 Eapropter
1239 1431 1601 1509 addit_:Dum
1643 1450 1734 1486 nos
1781 1449 1882 1486 non

293 1532 578 1590 spectamus
604 1541 660 1577 ea
686 1541 799 1595 qua
813 1525 1063 1589 videntur,
1095 1525 1182 1578 sed
1201 1540 1316 1594 qua:
1343 1541 1442 1577 non
1473 1523 1702 1577 videntur
1725 1541 1742 1580 :
1769 1540 1882 1595 qua:

291 1617 425 1666 enim
473 1616 723 1680 videnlur,
765 1617 1061 1686 temporalia
1087 1632 1106 1668 :
1129 1633 1242 1670 ana:
1278 1633 1377 1669 non
1415 1617 1661 1682 ridentur,
1693 1627 1881 1670 aeterm

289 1716 404 1758 sunt
430 1706 507 1776 (2.
539 1707 654 1761 Cor.
685 1709 736 1762 4.
772 1707 883 1780 18).

360 1797 415 1850 5.
458 1799 528 1849 At
554 1799 596 1850 si
638 1797 861 1863 dixeris,
894 1798 1173 1867 Quomodo
1219 1814 1434 1869 possum
1464 1800 1644 1854 videre
1673 1815 1733 1853 ea
1761 1816 1879 1870 qua:

291 1901 393 1939 non
428 1884 694 1953 videntur,
722 1896 777 1944 et
804 1904 863 1941 ea
896 1905 1015 1958 qua:
1047 1892 1324 1958 prtcscntia
1352 1900 1493 1957 sunt,
1522 1907 1627 1947 non
1662 1892 1879 1946 viuere?

287 1992 316 2027 ι
343 1978 689 2033 smcularibus
717 1979 942 2047 negotiis
985 1991 1034 2034 te
1058 1981 1124 2034 ad
1152 1981 1288 2034 hanc
1318 1981 1475 2037 tidem
1505 1983 1758 2038 inducere
1786 1999 1875 2038 sa-

288 2075 484 2137 tagam.
522 2068 651 2122 Nam
684 2071 736 2123 in
778 2071 938 2124 rebus
969 2071 1123 2140 hujus
1159 2071 1341 2126 mundi
1385 2087 1542 2126 nemo
1570 2074 1748 2127 statim
1776 2075 1876 2128 ali-

285 2157 414 2224 quid
455 2159 585 2227 agit,
632 2160 733 2213 nisi
791 2161 1096 2230 priusquam
1147 2163 1322 2216 videat
1372 2163 1616 2227 visibilia,
1674 2175 1875 2232 spectet

284 2246 596 2302 invisibilia.
627 2249 806 2303 Dicam
844 2260 1020 2304 autem
1048 2253 1348 2322 exemplum
1376 2272 1389 2307 :
1419 2254 1714 2324 negotiator
1737 2258 1874 2310 mul-

287 2349 369 2393 tas
415 2338 522 2394 fert
569 2349 935 2410 tempestates,
984 2341 1235 2397 ﬂuctuum
1285 2345 1532 2410 insultus,
1579 2348 1869 2419 naufragia,

283 2429 557 2498 multaque
583 2431 684 2485 alia
717 2433 1051 2487 incommoda
1082 2452 1094 2486 :
1130 2450 1314 2489 verum
1360 2453 1465 2491 nou
1496 2438 1597 2491 nisi
1627 2454 1747 2492 cum
1775 2451 1872 2494 ne-

280 2521 632 2589 gotiationem
663 2525 988 2595 aliquamdiu
1019 2530 1337 2595 exercuerit,
1377 2539 1430 2585 et
1455 2547 1663 2586 merces
1691 2534 1874 2588 vendi-

281 2612 443 2679 derit,
494 2613 692 2669 divitiis
738 2618 902 2686 partis
949 2617 1158 2674 fruitur.
1211 2621 1276 2674 Et
1321 2623 1628 2691 prtecedunt
1656 2625 1870 2693 quidem

282 2714 645 2773 tempestates,
689 2721 983 2778 sequuntur
1009 2721 1184 2765 autem
1219 2728 1426 2768 merces
1462 2732 1474 2767 :
1507 2723 1561 2768 et
1592 2715 1732 2769 videt
1757 2719 1873 2786 qui-

276 2794 402 2847 dem
433 2790 652 2865 pelagus
692 2813 754 2853 ac
788 2798 998 2866 ﬂuctus,
1042 2817 1160 2855 cum
1209 2819 1239 2857 e
1266 2805 1418 2859 litore
1453 2807 1631 2874 solvit,
1665 2823 1871 2863 merces

276 2893 457 2938 autem
476 2902 580 2940 non
604 2887 868 2956 videntur,
900 2900 1105 2946 tantum
1131 2903 1308 2950 autem
1338 2908 1644 2964 sperantur.
1670 2902 1737 2950 At
1769 2898 1870 2953 nisi

276 2974 345 3027 ad
374 2990 494 3030 eam
525 2979 794 3047 respiciat,
827 2998 944 3050 qua:
975 2999 1078 3036 non
1125 2993 1342 3053 apparet
1369 2996 1423 3039 et
1456 2987 1780 3054 absensest,
1814 2996 1870 3042 et

277 3079 384 3117 non
416 3065 466 3118 in
497 3083 677 3134 manu,
704 3071 795 3124 sed
826 3071 877 3124 in
909 3087 1023 3140 spe,
1055 3090 1338 3143 numquam
1380 3078 1540 3130 etiam
1585 3079 1867 3147 prtesentia

274 3162 333 3204 et
357 3169 476 3223 qua:
512 3170 768 3225 apparent
794 3162 1093 3216 atlentabit.
1127 3161 1385 3218 Similiter
1409 3174 1463 3221 et
1487 3169 1716 3237 agricola
1735 3170 1864 3237 jun-

273 3245 354 3312 git
403 3246 586 3310 boves,
639 3251 799 3303 trahit
843 3262 1100 3318 aratrum,
1152 3257 1442 3324 profundos
1493 3259 1617 3314 facit
1663 3263 1863 3328 sulcos,

270 3339 584 3407 seminaque
613 3343 832 3411 spargit,
856 3353 909 3398 et
942 3347 1142 3410 omnia,
1169 3363 1289 3417 qua:
1319 3349 1418 3403 sibi
1443 3361 1586 3419 sunt,
1620 3354 1861 3422 insumit,

271 3434 330 3478 et
350 3424 566 3496 frigora,
600 3439 653 3484 ct
678 3431 892 3500 glacies,
921 3444 974 3489 et
999 3436 1214 3504 imbres,
1238 3449 1290 3493 et
1314 3440 1446 3494 alias
1471 3441 1573 3497 fert
1594 3459 1862 3501 aerumnas

275 3518 468 3571 multas
498 3533 512 3573 2
543 3522 860 3594 tandemque
896 3538 1013 3594 post
1043 3528 1253 3584 labores
1278 3543 1570 3601 exspectat,
1602 3544 1659 3590 ut
1686 3537 1863 3594 videat

270 3622 491 3678 campos
519 3612 749 3668 virentes
770 3625 825 3669 et
857 3617 1066 3685 plenam
1091 3635 1291 3674 aream.
1317 3623 1393 3677 En
1416 3635 1469 3679 et
1492 3624 1578 3680 hic
1608 3629 1754 3697 prior
1778 3640 1861 3685 est

278 3700 449 3768 labor,
516 3709 780 3773 posterior
820 3725 947 3766 vero
995 3729 1241 3768 merces:
1279 3726 1331 3771 et
1377 3733 1586 3774 merces
1632 3721 1855 3790 incerta,

275 3793 428 3848 labor
460 3812 588 3852 vero
613 3810 788 3856 certus
824 3812 876 3859 et
907 3807 1216 3861 tnanifestus
1244 3826 1258 3864 :
1290 3818 1345 3864 et
1371 3804 1457 3864 illa
1487 3813 1704 3882 quidem
1736 3823 1854 3868 tan-

269 3888 455 3941 tumin
491 3905 604 3958 8pc,
630 3893 781 3948 labor
805 3905 981 3952 autem
1010 3900 1060 3952 in
1094 3902 1357 3958 manibus.
1387 3904 1767 3963 Verumtamen
1803 3918 1855 3964 et

269 3974 390 4043 ipse
435 3979 534 4033 nisi
567 3984 791 4049 primum
833 3988 969 4041 hanc
1012 4000 1234 4058 spectet,
1280 4009 1400 4063 quae
1444 3995 1603 4050 dubia
1647 4007 1701 4052 et
1747 4014 1852 4053 non

267 4084 551 4138 apparens,
579 4083 631 4128 et
651 4080 922 4147 corporeis
948 4083 1115 4137 oculis
1141 4085 1505 4157 inconspicua.
1538 4105 1644 4144 non
1673 4092 1851 4146 solum

267 4176 376 4214 non
400 4161 584 4234 junget
607 4167 789 4234 boves,
837 4188 1010 4242 neque
1052 4187 1284 4232 aratrum
1335 4181 1528 4248 trahet,
1561 4199 1733 4254 neque
1762 4201 1851 4241 se-

266 4252 413 4304 mina
451 4265 681 4325 sparget,
731 4259 822 4313 sed
856 4277 1026 4332 neque
1067 4280 1316 4336 umquam
1359 4270 1424 4324 ad
1474 4271 1524 4326 id
1553 4252 1731 4341 ope—ris
1767 4276 1850 4331 vel

265 4342 432 4397 domo
483 4350 804 4416 egredietur.
861 4354 1140 4419 Quomodo
1193 4360 1353 4430 igitur
1407 4364 1692 4420 absurdum
1741 4384 1847 4422 non

269 4432 430 4486 fuerit
484 4435 534 4490 iu
585 4439 746 4495 rebus
796 4446 1138 4502 smcularihus
1189 4467 1295 4506 non
1348 4468 1632 4524 conspecta
1679 4461 1842 4528 prius,

261 4538 423 4589 quam
453 4540 734 4597 conSpccta
779 4549 890 4603 pne
929 4537 1098 4592 oculis
1128 4539 1347 4608 habere,
1396 4555 1446 4600 et
1479 4555 1603 4603 ante
1643 4566 1847 4605 merce-

260 4614 384 4668 dem
430 4620 689 4676 sustinere
743 4625 972 4693 labores,
1022 4639 1075 4683 ct
1123 4642 1241 4700 post
1289 4638 1591 4692 exantlatos
1638 4641 1844 4697 labores

265 4707 399 4760 bona
427 4725 491 4763 ex
522 4711 583 4764 iis
613 4717 875 4770 manantia
898 4731 1229 4790 exspectare,
1247 4733 1405 4795 atque
1428 4744 1522 4797 spe
1550 4745 1652 4784 non
1681 4747 1844 4802 appa-

263 4798 490 4852 r--ntium
517 4817 578 4855 ea
613 4820 730 4874 qua:
758 4807 1027 4892 videntur.
1046 4815 1289 4882 aggredi;
1334 4818 1386 4871 in
1428 4818 1492 4874 iis
1520 4833 1696 4876 autem
1717 4798 1842 4894 quae

259 4889 326 4941 ad
363 4890 547 4967 'Deem
599 4905 842 4964 spectant
887 4889 1151 4967 dubitare,
1204 4906 1470 4975 litesitare,
1526 4921 1579 4966 et
1619 4889 1841 4982 poscere

261 4983 559 5038 mercedem
600 4999 723 5042 ante
764 4990 998 5060 labores,
1047 5011 1271 5066 esseque
1317 5002 1479 5054 animi
1512 5003 1833 5074 alijectioris.

257 5087 416 5138 quam
448 5074 552 5129 sint
581 5080 824 5148 agricola:
852 5091 905 5135 et
939 5095 1110 5140 nauta:
1128 5075 1159 5140 ἶν’
1188 5089 1302 5143 Non
1344 5093 1486 5146 enim
1515 5095 1565 5148 in
1595 5097 1694 5150 hoc
1722 5098 1840 5153 solo

257 5161 387 5228 ipsis
417 5165 655 5222 videmur
679 5185 799 5225 esse
826 5172 1142 5243 deteriores,
1186 5183 1327 5250 quod
1355 5201 1496 5254 aegre
1539 5187 1706 5243 futura
1737 5208 1836 5247 ex-

255 5261 577 5322 spectamus,
622 5260 713 5314 sed
760 5263 917 5318 etiam
969 5267 1019 5320 in
1062 5269 1166 5324 alio
1207 5274 1438 5340 quodam
1485 5293 1590 5332 non
1631 5282 1838 5340 minore

257 5341 382 5395 illis.
424 5345 490 5398 Et
523 5350 785 5417 quodnam
813 5366 894 5409 est
922 5357 1066 5412 hoc?
1092 5360 1167 5414 llli
1197 5366 1338 5418 enim
1372 5383 1474 5421 non
1515 5372 1644 5424 satis
1673 5372 1836 5429 ﬁdere

258 5443 481 5497 possunt
510 5436 598 5492 ﬁni
627 5455 756 5505 suo;
797 5454 1030 5503 attamen
1073 5467 1170 5506 nec
1196 5453 1272 5508 sic
1301 5491 1328 5507 ..
1360 5456 1630 5516 laboribus
1659 5463 1838 5519 deter-

255 5533 443 5579 rentur
471 5546 484 5580 :
509 5542 562 5584 at
597 5542 652 5586 tu
682 5534 1044 5605 ﬁdejiissorem
1074 5558 1388 5601 coronarum
1434 5549 1596 5607 habes
1627 5555 1729 5610 fide
1753 5557 1842 5610 di-

247 5615 560 5680 gnissimum
589 5638 602 5673 :
628 5633 682 5677 et
725 5642 898 5697 neque
939 5633 1017 5686 sic
1065 5634 1287 5693 imitaris
1328 5640 1536 5696 illorum
1580 5661 1838 5714 perseve-

251 5707 497 5762 rantiam.
555 5711 761 5768 Etenim
818 5734 1211 5793 nonnumquam
1262 5730 1490 5800 agricola
1553 5748 1837 5807 postquam

246 5810 538 5859 sementem
566 5805 775 5878 jecerit,
811 5827 994 5884 agrum
1035 5818 1277 5889 coluerit,
1308 5826 1417 5896 jam
1465 5805 1703 5901 segetem
1745 5834 1831 5889 iu-

1359 411 1446 468 DE
1488 405 2060 465 RESURRECTIONE
2099 406 2548 483 MORTUORUM.

3485 419 3588 475 ιεεσ

2003 535 2243 576 crescere
2279 523 2491 590 viderit,
2527 540 2622 594 spe
2665 534 2839 581 tamen
2869 543 2930 584 ac
2959 530 3306 586 retributione
3348 534 3586 590 laborm)

2000 609 2215 676 excidit,
2239 613 2282 666 si
2307 614 2391 668 vel
2420 617 2642 684 grando,
2674 618 2754 671 vel
2777 634 2971 684 eruca),
3007 623 3089 676 vel
3115 623 3350 689 locustai,
3381 630 3461 680 vel
3483 629 3583 679 alia

1997 703 2240 770 quaedam
2273 706 2394 759 talia
2425 708 2732 772 acciderint,
2785 719 2838 764 et
2876 723 2997 782 post
3029 713 3221 769 multos
3249 716 3470 771 sudores
3497 735 3586 771 va-

1997 794 2112 843 cuis
2152 796 2394 849 manibus
2438 796 2654 852 domum
2706 803 3025 870 regreditur.
3075 805 3337 859 Mercator
3373 825 3584 878 quoque

1997 890 2116 948 post
2163 883 2372 953 longam
2427 889 2813 958 navigationem
2855 893 3056 948 ducens
3092 906 3363 950 oneratam
3407 901 3582 954 navim

1993 986 2136 1038 saepe
2173 973 2228 1026 in
2255 975 2370 1042 ipso
2402 988 2584 1046 portus
2614 982 2774 1046 ostio,
2809 982 3131 1038 irruentibus
3163 988 3353 1052 ventis,
3389 989 3583 1059 impin-

1991 1061 2067 1128 git
2105 1061 2155 1114 in
2197 1066 2495 1132 scopulum,
2526 1079 2580 1123 et
2630 1071 2715 1135 vix
2748 1073 2890 1126 nudo
2937 1089 3162 1142 corpore
3190 1079 3337 1130 salvo
3364 1081 3580 1149 egredi-

1995 1161 2099 1204 tur.
2150 1153 2220 1208 Et
2262 1157 2312 1209 in
2344 1173 2574 1226 summa,
2610 1163 2659 1215 in
2692 1166 3033 1221 smcularibus
3083 1170 3307 1237 negotiis
3333 1172 3580 1228 omnibus

1991 1256 2132 1312 saepe
2167 1248 2268 1301 sub
2299 1249 2460 1304 ﬁnem
2491 1254 2749 1321 ejusmodi
2778 1257 3102 1313 calamitates
3149 1262 3419 1316 eveniunt.
3461 1264 3580 1318 Cu:-

1993 1343 2164 1392 terum
2197 1354 2303 1394 non
2336 1343 2474 1396 idem
2509 1345 2559 1398 in
2602 1347 2707 1400 tuis
2735 1350 2996 1419 contingit
3021 1354 3434 1419 certaminibus;
3482 1356 3575 1409 sed

1989 1446 2209 1486 necesse
2257 1436 2474 1489 omnino
2515 1447 2618 1503 est,
2665 1447 2722 1492 ut
2763 1441 2851 1509 qui
2894 1445 3197 1511 certaverit,
3239 1454 3295 1499 et
3325 1447 3574 1516 pietatem

1988 1525 2350 1590 seminaverit,
2384 1529 2682 1598 multosque
2722 1530 2929 1586 labores
2967 1535 3166 1600 tulerit,
3212 1536 3371 1592 ﬁnem
3402 1541 3574 1608 ipsum

1983 1627 2320 1684 assequatur.
2357 1618 2539 1687 Neque
2565 1622 2707 1675 enim
2735 1625 2873 1686 aeris
2902 1625 3216 1697 intemperie
3242 1646 3415 1700 neque
3441 1638 3573 1715 veti-

1987 1713 2161 1760 torum
2204 1716 2518 1777 tempestate
2565 1713 2807 1768 laborum
2851 1719 3126 1774 mercedes
3169 1722 3403 1776 subverti
3447 1713 3575 1778 sinit

1986 1797 2158 1863 Deus;
2182 1799 2274 1854 sed
2298 1801 2544 1869 reposita:
2565 1811 2683 1858 sunt
2709 1805 2811 1860 ilice
2836 1807 2886 1860 in
2909 1809 3212 1869 caelestibus
3233 1821 3287 1867 et
3310 1814 3573 1884 indeprec-

1983 1887 2250 1956 dabilibus
2291 1893 2574 1948 thesauris.
2610 1895 2833 1966 Propter
2878 1900 2976 1955 hoc
3016 1911 3066 1955 et
3096 1902 3291 1957 Paulus
3315 1906 3523 1962 dicebat
3552 1927 3569 1964 :

1982 1981 2194 2051 Amictio
2215 1986 2508 2054 patientiam
2527 1999 2783 2057 operatur,
2808 1994 3048 2060 patientia
3067 1996 3427 2065 probationem,
3453 2018 3546 2070 pro

1983 2072 2116 2126 batio
2143 2091 2299 2145 spem.
2329 2093 2441 2145 spes
2461 2087 2745 2134 autemnon
2765 2082 3027 2150 confundit
3051 2085 3221 2156 (liam.
3252 2088 3304 2142 5.
3337 2092 3390 2144 4.
3419 2091 3496 2161 5).

2058 2164 2430 2235 Temporalium
2452 2170 2769 2226 incertitudo.
2799 2203 2871 2215 -—-
2893 2175 3055 2245 Igitur
3076 2193 3142 2233 ne
3167 2179 3365 2236 dixeris
3387 2183 3563 2240 futura

1981 2255 2261 2309 invisibilia
2289 2277 2301 2309 :
2326 2259 2368 2312 si
2397 2259 2538 2314 enim
2561 2273 2807 2317 accurate
2834 2267 3141 2323 examinare
3167 2269 3421 2340 volueris,
3452 2275 3568 2328 lon-

1980 2362 2045 2416 ge
2086 2349 2444 2405 manifestiora
2478 2354 2816 2423 videbuntur,
2858 2373 3012 2427 quam
3043 2360 3130 2415 illa
3179 2363 3317 2432 ipsa,
3364 2381 3484 2434 qua:
3515 2370 3568 2423 in

1981 2439 2225 2511 manibus
2258 2449 2400 2495 sunt.
2431 2443 2583 2510 Quod
2619 2445 2790 2515 ipsum
2831 2448 3026 2504 Paulus
3053 2454 3204 2507 nobis
3240 2467 3565 2525 monstrans,

1979 2528 2106 2582 dicit
2129 2547 2141 2581 :
2173 2528 2281 2583 Illa
2303 2533 2504 2599 quidem
2532 2545 2738 2599 (eterna,
2766 2537 2874 2591 lure
2899 2554 3013 2593 vero
3036 2547 3354 2613 temporalia,
3396 2551 3566 2604 uomi-

1978 2632 2046 2672 tie
2113 2621 2482 2690 temporalium
2539 2624 2813 2681 declarans
2861 2630 3012 2684 nobis
3065 2637 3564 2704 corruptibilitatem

1979 2708 2236 2776 ipsorum.
2255 2710 2385 2764 Nam
2403 2722 2684 2782 antequam
2709 2728 3018 2786 appareant.
3039 2723 3333 2794 aufugiunt,
3359 2741 3409 2783 et
3433 2745 3562 2783 avo-

1977 2798 2087 2852 lant
2108 2811 2390 2871 antequam
2413 2807 2727 2873 consistant,
2765 2813 3190 2882 mutationesque
3211 2832 3396 2872 eorum
3428 2822 3564 2877 cele-

1976 2904 2063 2944 res
2089 2901 2233 2957 sunt,
2257 2894 2457 2948 incerta
2485 2900 2766 2964 possessio.
2795 2900 2904 2955 lloc
2927 2904 2978 2955 in
3005 2903 3224 2974 divitiis,
3247 2909 3432 2978 gloria,
3465 2929 3562 2981 po-

1976 2991 2199 3052 tentatu,
2227 2988 2468 3057 corporis
2492 2989 2662 3045 forma
2698 3004 2783 3048 :et
2814 2993 2990 3049 hocin
3031 3013 3366 3072 quocumque
3391 3021 3564 3062 susce-

1976 3076 2070 3130 lari
2124 3078 2230 3132 alio
2285 3079 2426 3134 bono
2473 3084 2716 3137 contueri
2766 3085 2906 3139 licet.
2965 3087 3260 3158 Eapropter
3304 3096 3560 3165 pr0pheta

1971 3170 2370 3238 reprehendens
2415 3186 2633 3244 agentes
2680 3178 2728 3230 in
2767 3178 3012 3246 deliciis,
3047 3191 3100 3236 ct
3143 3186 3192 3236 in
3222 3185 3434 3244 divitias
3483 3193 3560 3246 rei

1970 3263 2212 3329 quamvis
2265 3265 2420 3317 aliam
2453 3283 2564 3322 rem
2597 3271 2943 3339 temporalem
2987 3274 3346 3346 insanientes,
3400 3283 3560 3350 Quasi

1967 3355 2185 3419 stantia,
2237 3355 2400 3422 dicit,
2455 3371 2754 3432 repulerunt
2791 3363 2932 3430 lucc,
2978 3383 3077 3420 non
3115 3375 3263 3438 quasi
3313 3376 3560 3444 lugt’cntia

1977 3442 2152 3514 (Amos
2173 3445 2222 3499 6.
2253 3447 2331 3516 5).
2382 3447 2512 3519 Nam
2535 3453 2669 3505 sicut
2692 3454 2929 3509 umbram
2954 3474 3110 3515 nemo
3133 3442 3556 3532 Comprehende-

1962 3533 2069 3599 rit,
2097 3535 2167 3589 ita
2194 3552 2370 3606 neque
2409 3543 2732 3610 temporales
2763 3561 2881 3612 res;
2913 3549 3005 3603 sed
3034 3567 3218 3608 eorum
3246 3556 3419 3628 aliqua
3451 3562 3556 3618 ﬁne

1965 3638 2064 3679 suo
2083 3641 2520 3686 consummantur
2539 3644 2592 3687 et
2612 3634 2994 3706 dissolvuntur,
3021 3643 3121 3696 alia
3143 3655 3266 3701 ante
3285 3649 3442 3704 ﬁnem
3467 3668 3556 3707 ve-

1964 3717 2131 3773 locius
2159 3722 2350 3789 quovis
2397 3733 2630 3780 torrente
2672 3727 2938 3784 difﬂuunt.
2992 3734 3184 3791 Futura
3228 3750 3404 3795 autem
3447 3760 3552 3800 non

1963 3819 2087 3863 sunt
2109 3813 2231 3864 talia
2256 3830 2270 3866 :
2295 3816 2643 3871 mutationem
2675 3821 3102 3889 cnim-nesciunt,
3131 3829 3550 3891 vicissitudinem

1961 3915 2068 3954 non
2099 3903 2368 3970 patiuntur
2396 3922 2409 3959 :
2442 3923 2548 3961 non
2578 3923 2638 3963 ea
2671 3921 2825 3980 urget
2853 3925 3133 3983 senectus,
3178 3921 3375 3976 nullam
3416 3926 3553 3981 alte-

1960 3993 2222 4050 rationem
2261 4001 2628 4067 experiuntur,
2663 4004 2756 4057 sed
2791 4017 3048 4076 perpetuo
3077 4011 3274 4082 vigent,
3300 4026 3354 4070 ct
3377 4018 3428 4071 in
3457 4033 3552 4074 eo-

1959 4085 2081 4140 dem
2109 4087 2304 4143 decore
2329 4103 2660 4159 permanent.
2689 4095 2868 4166 ltaque
2894 4099 2937 4153 si
2968 4115 3067 4169 qua
3100 4115 3344 4173 oporteat
3369 4107 3549 4166 dicere

1950 4177 2261 4241 invisibilia,
2285 4180 2483 4235 incerta
2505 4193 2557 4237 et
2577 4183 2822 4252 obscura,
2850 4202 2910 4242 ea
2936 4199 3058 4245 sunt
3078 4198 3360 4262 presentia
3388 4215 3401 4251 :
3423 4215 3545 4254 nam

1954 4268 2096 4337 apud
2127 4270 2460 4339 possidentes
2490 4290 2595 4329 non
2623 4288 2873 4344 manent,
2905 4281 2998 4335 sed
3025 4284 3262 4351 quotidie
3297 4289 3545 4347 dominos

1955 4370 2188 4426 mutant,
2221 4375 2274 4417 et
2303 4363 2371 4418 ab
2398 4365 2500 4420 illis
2525 4368 2589 4421 ad
2618 4371 2752 4424 alios
2782 4380 3087 4441 transeunt,
3126 4388 3180 4431 et
3221 4395 3430 4436 rursum
3474 4384 3545 4438 ab

1955 4452 2062 4507 illis
2083 4454 2146 4508 ad
2175 4455 2327 4511 alios.
2355 4458 2639 4528 Postquam
2671 4461 2782 4517 hare
2809 4468 2985 4519 omnia
3015 4468 3212 4525 Paulus
3231 4472 3542 4541 declaravit.

1955 4543 2178 4615 ideoque
2220 4552 2498 4616 prmsentia
2545 4561 2906 4625 tetnparanea,
2942 4559 3111 4616 futura
3169 4581 3297 4619 vero
3339 4580 3541 4626 aeterna

1955 4639 2194 4703 vocavit,
2220 4639 2286 4693 de
2329 4645 2719 4700 resurrectione
2744 4663 3044 4705 sermonem
3085 4655 3291 4710 orditur
3313 4657 3396 4713 his
3425 4678 3543 4717 ver-

1942 4721 2072 4780 bis:
2108 4727 2311 4785 Scimus
2367 4734 2503 4800 quod
2547 4736 2589 4787 si
2645 4742 2890 4793 terrestris
2942 4754 3112 4797 nostra
3153 4748 3330 4802 domus
3386 4753 3541 4823 hujus

1948 4823 2258 4880 tabernaculi
2326 4829 2648 4896 dissolvatur,
2722 4834 2930 4891 domum
2995 4857 3058 4893 ea:
3124 4841 3235 4896 Deo
3301 4846 3540 4904 habemus

1947 4929 2046 4968 non
2066 4923 2427 4987 manufactam,
2452 4934 2692 4985 (sternam
2714 4927 2764 4980 in
2787 4930 2921 4983 carlt's
2951 4931 3025 5001 (Ξ.
3051 4934 3166 4986 (.‘or.
3200 4935 3252 4990 5.
3280 4938 3356 5009 1).

2017 5006 2068 5061 6.
2103 5007 2235 5064 Vide
2262 5011 2448 5066 iterum
2474 5029 2631 5084 quam
2658 5020 2871 5087 proprie
2892 5025 3050 5077 etiam
3083 5026 3182 5081 hoc
3205 5006 3324 5083 loco
3349 5031 3538 5089 dictio-

1941 5098 2102 5152 nibus
2133 5110 2329 5166 utatur,
2357 5113 2412 5157 et
2453 5106 2557 5157 vim
2587 5111 2866 5165 sententiae
2913 5128 3024 5168 sua:
3062 5116 3188 5185 ipsis
3230 5123 3536 5178 nominibus

1935 5188 2196 5245 declaret.
2229 5191 2344 5247 Non
2377 5195 2516 5249 enim
2559 5198 2872 5268 simpliciter
2908 5205 3307 5264 tabernaculum
3339 5228 3534 5283 corpus

1941 5282 2170 5344 vocavit,
2199 5283 2291 5336 sed
2315 5284 2511 5341 indicat
2539 5289 2690 5343 nobis
2713 5294 2873 5347 vitam
2903 5293 3037 5351 hanc
3067 5313 3383 5367 pra'scntcm
3413 5282 3533 5360 mo-

1942 5381 2279 5426 mentaneam
2324 5390 2445 5430 esse
2465 5417 2480 5442 ,
2511 5393 2574 5432 ac
2599 5380 2834 5437 declarat
2859 5389 3128 5453 quomodo
3155 5398 3528 5452 commutanda

1938 5460 2009 5514 sit
2038 5462 2088 5515 in
2131 5463 2429 5530 meliorem,
2460 5470 2608 5538 quasi
2640 5471 2781 5527 dicat
2812 5491 2826 5527 :
2857 5474 2994 5542 Quid
3029 5479 3333 5551 ingemiscis
3361 5497 3415 5542 et
3447 5488 3527 5542 la-

1940 5556 2221 5625 crymaris,
2250 5558 2463 5627 dilecte,
2497 5564 2638 5632 quod
2669 5566 2980 5625 verberibus
3011 5574 3255 5642 pulsaris,
3288 5580 3429 5646 quod
3461 5582 3529 5638 ab

1941 5646 2213 5702 hominum
2244 5662 2386 5705 cmtu
2414 5655 2715 5724 expelleris,
2739 5661 2880 5730 quod
2906 5663 2956 5716 in
2986 5679 3255 5722 carcerem
3289 5671 3526 5728 intrude-

1939 5739 2049 5793 ris?
2077 5741 2212 5806 Quid
2267 5743 2416 5815 luges
2461 5744 2778 5805 alﬁictiones
2822 5753 2940 5808 illas
2988 5759 3366 5830 particulares,
3403 5783 3524 5822 eum

1942 5837 2227 5906 perlectam
2250 5842 2488 5911 corporis
2504 5842 2822 5901 solutionem
2845 5859 3154 5917 exspectare
3181 5852 3397 5924 debeas,
3418 5859 3526 5914 imo
