4206 6318
192 301 297 356 ‘29

192 413 394 484 patibili
435 415 532 465 hoc
571 406 886 476 corpusculo
916 403 1224 459 circumdati
1251 443 1266 467 ,
1315 402 1545 470 aequales
1575 415 1632 454 se
1667 401 1776 454 Deo

191 523 310 561 esse
337 506 438 558 sibi
470 503 565 555 visi
595 502 718 564 sint,
751 508 804 554 et
828 499 892 553 ad
921 498 1078 552 talem
1104 496 1324 566 gloriam
1352 493 1449 547 sibi
1472 491 1779 546 adscriben-

189 599 314 650 dam
345 595 510 648 multa
543 592 708 645 moliti
727 591 1002 658 sint,quos
1027 603 1128 641 non
1151 602 1215 641 ex
1243 584 1604 638 stolidioribus
1626 584 1782 635 dece-

195 689 419 756 pissent,
444 687 486 738 si
513 700 617 737 non
640 681 868 752 passioni
889 679 1324 748 corruptionique
1349 675 1636 729 obnoxium
1659 689 1780 727 cor-

193 796 290 845 pus
311 821 327 844 ,
362 759 543 846 utpote
567 787 768 830 certum
805 773 1124 828 inﬁrmitatis
1152 786 1261 825 sua:
1289 768 1560 827 indicium,
1611 767 1782 820 siirtiti

191 868 415 921 fuissent
436 867 459 920 2
479 866 610 934 Quia
636 880 763 934 ergo
781 878 976 933 corpus
996 862 1173 916 obstat
1200 860 1474 930 impietati,
1501 875 1618 928 qua:
1639 873 1755 911 sum
1770 886 1783 895 -

192 977 276 1014 ma
304 972 388 1015 est
409 960 633 1024 malitia,
662 969 713 1013 et
743 960 792 1011 in
815 957 1014 1010 sanctis
1054 955 1239 1019 efficit,
1267 963 1323 1007 ut
1358 954 1549 1006 animm
1578 950 1786 1003 fortitu-

192 1054 375 1105 dinem
415 1050 688 1104 declarent
721 1065 735 1100 :
763 1061 920 1116 quam
955 1047 1160 1100 veniam
1192 1051 1586 1112 consequentur
1612 1043 1666 1104 ii,
1695 1041 1784 1109 qui

192 1145 366 1211 ipsum
398 1151 680 1205 accuszmt,
729 1149 783 1193 et.
813 1139 1008 1192 malum
1038 1135 1305 1190 clamant?
1346 1135 1457 1188 Non
1496 1134 1635 1187 cuitu
1674 1134 1788 1185 haec

190 1221 367 1286 solum
418 1232 570 1284 nobis
614 1230 679 1284 de
726 1229 816 1283 illo
846 1228 1066 1282 dicenda
1112 1235 1430 1296 suppetunt;
1480 1224 1572 1277 sed
1626 1225 1784 1276 etiam

193 1324 335 1393 quod
368 1324 491 1377 hinc
521 1323 672 1377 nobis
721 1321 786 1374 ad
831 1321 924 1375 Dei
971 1319 1210 1373 notitiam
1244 1327 1386 1387 patet
1417 1317 1518 1369 via.
1559 1316 1613 1371 Si
1645 1316 1786 1369 enim

195 1414 481 1468 invisibilia
513 1413 630 1481 ejus
657 1426 685 1464 a
726 1410 1031 1465 conditione
1069 1409 1248 1463 mundi
1277 1408 1330 1461 in
1361 1405 1579 1461 iacturis
1609 1406 1788 1459 tonsi-

197 1503 409 1561 derata,
431 1493 844 1565 conspieiuntur
867 1495 1040 1564 (Rom.
1063 1496 1113 1548 l.
1143 1494 1234 1564 ΞΟ)
1263 1508 1318 1549 et
1344 1496 1474 1550 lides
1497 1511 1563 1550 ex
1587 1495 1775 1549 auditu

199 1603 284 1646 est
310 1591 489 1661 (Rom.
511 1589 596 1642 lt).
625 1586 733 1657 l7),
759 1586 889 1640 satis
913 1585 1282 1651 manifestum,
1303 1587 1446 1654 quod
1471 1601 1565 1655 per
1587 1589 1776 1642 oculos

201 1686 256 1738 ct
275 1697 441 1736 aures
461 1681 852 1734 manuducitur
873 1679 1077 1740 anima,
1107 1687 1163 1731 nt
1187 1688 1447 1748 agnoscat
1463 1678 1656 1741 Deum,
1682 1680 1777 1748 qui

203 1776 354 1827 illam
380 1771 527 1825 fecit.
560 1770 769 1824 Idcirco
800 1772 942 1824 istuc
976 1766 1150 1838 ipsum
1187 1770 1387 1822 Paulus
1414 1781 1558 1822 amat
1588 1780 1639 1823 ct
1663 1772 1778 1823 cla-

202 1876 335 1927 mat,
365 1864 553 1917 dicens
581 1863 725 1929 quod
752 1859 1012 1912 Nolumus
1042 1860 1174 1912 ilznd
1197 1863 1339 1923 exni,
1359 1862 1446 1912 sed
1467 1862 1777 1928 superindui

202 1960 306 2019 ipsi
331 1955 785 2009 immortalitatem
816 1954 889 2015 (9..
927 1952 1048 2005 Cor.
1084 1953 1136 2006 5.
1167 1952 1244 2020 4).

270 2045 676 2097 [resurrectionis
704 2045 883 2098 veritas
914 2045 1170 2114 probatur.
1196 2073 1263 2083 —-
1289 2044 1466 2114 Neque
1505 2061 1632 2101 vero
1662 2046 1790 2100 mihi

196 2133 329 2186 illud
363 2135 604 2202 objicias,
636 2150 741 2204 quo
769 2138 932 2205 possit
960 2137 1117 2192 modo
1145 2153 1420 2207 resurgere
1449 2154 1662 2208 corpus,
1694 2139 1787 2192 ﬁc-

195 2226 356 2294 rique
387 2216 744 2294 corruptionis
773 2227 1044 2284 immune?
1082 2229 1210 2284 Cum
1258 2230 1402 2285 enim
1434 2231 1525 2285 Dei
1559 2231 1791 2300 potentia

194 2326 481 2385 operatur,
512 2317 675 2384 illud,
724 2319 1037 2387 Quomodo,
1085 2337 1189 2376 non
1217 2332 1297 2376 est
1322 2323 1642 2378 addendum.
1686 2323 1789 2377 Sed

194 2408 328 2475 quid
357 2409 423 2463 de
457 2409 564 2463 Deo
591 2410 818 2480 loquor?
847 2412 1097 2482 Teipsum
1128 2413 1252 2468 fecit
1281 2416 1438 2480 Deus,
1469 2425 1525 2469 ut
1551 2430 1792 2470 resurre-

196 2501 394 2552 Clionis
415 2515 560 2555 esses
587 2502 785 2570 epifex,
820 2503 869 2556 id
899 2504 1039 2573 quod
1065 2515 1208 2574 patet
1231 2506 1282 2559 in
1313 2507 1624 2574 seminibus,
1657 2509 1823 2562 arti-'

199 2590 335 2654 bus,
386 2593 724 2662 materiisque
772 2596 1125 2649 metallorum.
1177 2579 1388 2650 Etenim
1434 2599 1636 2651 semina
1691 2598 1789 2652 nisi

198 2683 355 2751 prius
385 2685 676 2738 moriantur
703 2695 756 2738 et
783 2697 1094 2756 putrescant
1133 2699 1186 2742 et
1215 2703 1644 2760 corrumpantur,
1688 2707 1791 2745 non

199 2775 419 2842 pariunt
459 2777 682 2846 Spicum.
732 2777 880 2833 Sicut
919 2781 1076 2848 igitur
1120 2783 1206 2852 qui
1260 2783 1410 2837 vides
1456 2783 1526 2839 ibi
1570 2800 1793 2854 granum

197 2866 348 2932 quod
374 2870 730 2937 corrumpitur
754 2881 807 2924 et
825 2872 1150 2938 dissolvitur,
1171 2890 1274 2928 non
1297 2875 1508 2931 dubitas
1529 2878 1595 2931 de
1618 2893 1796 2933 resur-

199 2956 464 3014 rectione.
491 2958 584 3011 sed
613 2961 965 3016 certissimam
987 2962 1496 3019 demonstrationem
1516 2966 1644 3022 facis
1678 2986 1691 3022 :
1716 2979 1795 3022 et-

198 3048 352 3100 enim
375 3049 418 3100 si
441 3050 508 3100 ita
537 3061 794 3117 maneret,
819 3061 873 3105 et
895 3068 997 3106 non
1020 3065 1466 3123 corrumperetur,
1497 3059 1577 3111 vel
1601 3057 1794 3111 dissol-

199 3145 440 3202 veretur,
459 3149 657 3192 certum
682 3141 820 3210 quod
844 3159 1129 3212 numquam
1159 3158 1458 3215 resurgeret
1481 3163 1495 3199 :
1527 3149 1604 3202 sic
1625 3150 1794 3218 cogita

201 3229 262 3282 ἐι
282 3228 351 3283 de
370 3245 592 3300 corpore
615 3241 702 3287 tno
733 3250 746 3286 :
781 3249 900 3288 cum
927 3235 1074 3290 vides
1095 3240 1516 3306 corruptionem,
1545 3249 1668 3295 tunc
1697 3258 1795 3311 po-

204 3322 474 3377 tissimum
519 3325 588 3378 de
632 3327 1024 3381 resurrectione
1063 3329 1456 3399 philosolihare.
1490 3331 1621 3386 Nam
1654 3349 1797 3388 mors

202 3413 343 3466 nihil
371 3414 507 3468 aliud
536 3425 649 3482 est,
683 3433 839 3488 quam
865 3419 1017 3488 plena
1045 3422 1396 3492 corruptionis
1423 3426 1794 3494 consumptio:

205 3521 387 3574 neque
409 3508 550 3562 enim
580 3524 723 3565 mors
768 3512 1081 3581 simpliciter
1108 3529 1327 3584 corpus,
1358 3515 1453 3571 sed
1497 3520 1798 3588 corruptio-

203 3614 337 3653 nem
368 3603 605 3670 corporis
630 3603 880 3658 absumit.
910 3605 1023 3662 Hoc
1050 3609 1211 3662 etiam
1254 3611 1302 3662 in
1330 3610 1665 3665 metallorum
1690 3628 1800 3665 ma.

210 3691 366 3743 teriis
381 3690 525 3745 vides
549 3695 781 3747 evenire.
807 3693 1028 3749 Terram
1051 3699 1192 3750 enim
1214 3699 1390 3752 aureis
1414 3701 1670 3754 ramentis
1697 3701 1801 3770 ple-

208 3797 336 3836 nam
361 3784 624 3853 accipiunt
646 3786 759 3855 ejus
779 3789 910 3842 artis
937 3789 1112 3856 periti,
1140 3800 1193 3844 et
1215 3790 1266 3845 in
1290 3791 1656 3846 conﬁatorium
1681 3796 1802 3848 titil-

209 3881 392 3927 tentes
437 3874 632 3929 faciunt
673 3893 859 3931 aurum
897 3895 911 3931 :
945 3887 996 3933 et
1025 3895 1091 3935 ex
1121 3895 1281 3935 arena
1324 3883 1532 3952 aliaque
1579 3890 1801 3941 materia

209 3981 406 4034 purum
437 3968 628 4021 vitrum
655 3970 960 4025 conﬁciunt.
993 3971 1109 4026 Jam
1155 3974 1200 4027 si
1227 3982 1426 4028 tantum
1467 3987 1642 4046 potest
1669 3978 1805 4049 ignis

211 4058 316 4122 vis,
352 4071 465 4120 cur,
495 4072 695 4128 quaeso,
725 4077 830 4115 non
861 4072 909 4116 el
941 4063 1116 4117 divina
1143 4067 1348 4135 gratia?
1375 4067 1438 4120 Et
1468 4069 1586 4138 quis
1613 4072 1806 4125 mentis

209 4163 440 4215 Campos
470 4149 582 4204 ba-c
610 4152 854 4207 diceret?
899 4155 1078 4225 Cogita
1108 4160 1379 4224 quomodo
1411 4169 1462 4214 te
1486 4177 1513 4214 a
1546 4163 1807 4232 principio

214 4239 366 4304 fecit,
391 4256 487 4294 nec
515 4245 616 4296 erit
645 4245 782 4312 quod
811 4246 878 4300 de
912 4249 1302 4303 resurrectione
1332 4253 1584 4322 ambigas.
1621 4255 1807 4310 Nonne

215 4345 418 4387 terram
445 4335 668 4405 accepit,
701 4347 755 4392 et
797 4337 1088 4394 formavit?
1118 4344 1324 4397 tametsi
1355 4345 1480 4414 quid
1509 4349 1806 4415 operosius,

212 4443 283 4480 an
314 4427 530 4482 formari
552 4445 581 4482 e
604 4440 741 4485 terra
769 4447 981 4488 carnem
1008 4445 1062 4489 et
1087 4452 1267 4501 venas,
1291 4452 1341 4492 et
1369 4451 1564 4503 cutem,
1590 4451 1644 4495 et
1664 4457 1810 4510 ossa,

219 4528 276 4571 et
310 4517 495 4584 ﬁbras,
525 4529 578 4575 et
609 4537 821 4590 nervos,
853 4534 905 4578 et
935 4529 1181 4597 arterias,
1212 4541 1263 4584 et
1294 4532 1734 4598 instrumentalia,
1760 4543 1812 4587 et

217 4610 485 4678 simplicia
514 4626 767 4682 corpora,
797 4617 978 4671 oculos
1001 4660 1016 4685 ,
1047 4635 1202 4673 aures
1223 4663 1235 4683 ,
1264 4637 1418 4676 nares
1443 4665 1455 4684 ,
1482 4600 1666 4692 pedes,
1701 4642 1815 4677 ma-

220 4715 348 4765 nus,
383 4710 435 4755 et
461 4703 651 4772 cuique
691 4706 878 4761 horum
928 4718 1031 4763 tam
1069 4714 1335 4780 propriam
1373 4731 1527 4782 quam
1567 4733 1812 4770 commu-

223 4806 350 4844 nem
383 4792 487 4846 indi
519 4797 902 4866 operationem,
937 4815 1002 4854 an
1042 4805 1400 4872 eorruptibilia
1433 4807 1568 4861 facta
1600 4809 1814 4867 efﬁcere

223 4881 686 4953 incorruptibilia?
712 4891 902 4944 Annon
929 4892 1077 4946 vides
1099 4895 1365 4963 quomodo
1393 4899 1670 4954 uniformis
1701 4904 1816 4970 qui.

227 4973 351 5026 dem
371 4982 530 5041 terra,
549 4993 742 5048 corpus
757 4991 932 5036 autem
963 4985 1283 5040 multiforme.
1304 4997 1358 5042 et
1381 4981 1604 5057 varium,
1625 5009 1816 5063 nempe

229 5064 282 5117 in
317 5067 737 5146 operationibus,
765 5073 1033 5129 coloribus
1057 5117 1070 5140 ,
1113 5076 1428 5146 ﬁguratione
1448 5121 1461 5144 ,
1492 5085 1738 5137 csseutiis
1766 5095 1819 5140 et

229 5153 350 5206 aliis
375 5157 661 5212 omnibus?
684 5160 778 5215 Dic
809 5163 968 5231 igitur
994 5168 1118 5236 quid
1151 5169 1221 5224 ita
1250 5170 1318 5224 de
1357 5170 1546 5227 futuris
1575 5175 1818 5232 dubitas?

233 5247 298 5302 Et
321 5249 447 5318 quid
492 5267 624 5322 opus
659 5265 741 5310 est
778 5257 956 5314 dicere
996 5260 1063 5314 de
1110 5265 1458 5332 corporibus?
1505 5267 1816 5333 Quomodo.

232 5355 435 5410 quaeso,
462 5345 586 5398 fecit
614 5347 832 5405 virtutes
872 5352 1180 5420 immensas,
1218 5365 1420 5412 turmas
1447 5359 1689 5415 cmlestes
1720 5378 1818 5414 an-

233 5434 478 5501 gelorum
497 5446 552 5491 ct
578 5440 1040 5512 archangelorum,
1070 5449 1452 5519 superioraque
1476 5451 1554 5504 his
1585 5454 1820 5522 agmina?

237 5525 331 5580 Dic
353 5569 367 5592 ,
401 5543 529 5593 oro,
563 5531 814 5598 modum,
847 5550 951 5605 quo
983 5536 1125 5592 fecit.
1159 5539 1254 5594 llic
1295 5541 1420 5595 nihil
1473 5542 1652 5598 dicere
1681 5546 1821 5599 aliud

236 5637 455 5692 possum
481 5664 498 5691 ,
535 5641 691 5696 quam
718 5629 858 5697 quod
885 5632 998 5686 sola
1028 5634 1270 5689 voluntas
1296 5636 1362 5690 ad
1395 5636 1507 5691 hmc
1532 5638 1814 5692 suffecerit.

241 5713 450 5785 Ergone
478 5715 564 5787 qui
596 5727 674 5774 tot
717 5719 1059 5792 incorporeos
1090 5725 1334 5784 formavit
1369 5729 1663 5793 exercitus,
1716 5729 1813 5784 bo-

1231 286 1318 340 DB
1351 283 1925 340 llESURlllﬁCTIONE
1968 279 2421 338 MOIlTUORUM.

3375 282 3478 338 450

1892 399 2049 452 minis
2077 411 2273 465 corpus
2299 403 2609 462 corruptum
2636 408 2894 449 renovare
2933 393 3124 449 iterum
3146 432 3162 460 ,
3200 401 3253 448 et
3283 393 3333 446 in
3361 408 3475 446 ma—

1884 491 2057 562 jorem
2089 488 2383 559 provehere
2424 487 2732 557 dignitatem
2766 486 2988 556 nequit?
3035 487 3099 540 Et
3137 502 3257 555 quis
3295 486 3374 540 sic
3400 487 3479 538 in—

1889 593 2134 636 sensatus
2171 590 2283 645 est,
2336 580 2423 650 qui
2453 579 2519 634 de
2564 580 2646 634 his
2676 579 2901 644 dubitet,
2950 589 3002 634 et
3032 579 3477 633 resurrectione.n

1893 674 2004 729 fore
2033 675 2234 729 inﬁcias
2254 673 2375 728 eat?
2402 673 2480 726 Ad
2505 672 2637 734 hmc,
2668 672 2710 726 si
2744 687 2849 725 non
2873 671 3099 741 resurgit
3129 686 3342 740 corpus,
3373 685 3474 722 non

1892 766 2119 834 resurgit
2147 765 2346 818 homo:
2380 764 2541 817 homo
2566 763 2708 818 enim
2752 779 2855 817 non
2888 773 2968 817 est
3007 764 3180 816 anima
3217 762 3350 823 sola,
3386 760 3479 814 sed

1892 872 2084 925 corpus
2113 866 2165 910 et
2191 857 2384 909 anima.
2416 855 2471 909 Si
2500 870 2627 924 ergo
2655 856 2827 908 anima
2869 856 2978 907 sola
3024 863 3286 923 resurget,
3321 852 3483 908 dimi—

1892 946 2037 1000 dium
2061 947 2256 1000 animal
2283 955 2543 1015 resurget,
2567 955 2620 1000 et
2642 946 2710 998 ita
2743 961 2847 998 non
2872 946 3130 1014 integrmn
3158 960 3173 1007 ;
3197 945 3328 998 alias
3355 958 3484 997 vero

1892 1037 1959 1090 de
1988 1037 2162 1090 anima
2186 1050 2289 1090 non
2314 1037 2528 1106 proprie
2555 1035 2747 1090 dicitur
2765 1036 3105 1090 resurrectio.
3140 1034 3485 1089 Resurrectio

1893 1129 2034 1182 enim
2075 1128 2191 1196 ejus
2212 1137 2294 1182 est
2316 1127 2458 1198 quod
2503 1127 2729 1191 cecidit,
2761 1137 2816 1182 et
2843 1127 2982 1197 quod
3012 1127 3326 1181 dissolutmn
3349 1137 3432 1181 est
3468 1144 3480 1177 :

1893 1222 2068 1275 anima
2092 1231 2266 1274 autem
2303 1237 2408 1274 non
2439 1221 2767 1283 dissolvitur,
2809 1221 2900 1274 sed
2930 1235 3142 1289 COl'plIS.
3175 1218 3309 1286 Quid
3357 1236 3485 1286 ergo

1893 1313 1945 1368 id
1970 1323 2071 1377 est,
2100 1313 2239 1383 quod
2264 1315 2339 1368 ait
2367 1332 2378 1366 :
2409 1313 2468 1368 Si
2490 1314 2685 1382 quidem
2712 1325 2758 1367 et
2780 1315 2962 1378 induti,
2987 1330 3086 1366 non
3115 1313 3239 1365 nudi
3257 1313 3482 1366 invenia-

1894 1422 2008 1458 mur
2035 1406 2109 1474 (Ξ.
2126 1404 2242 1459 Cor.
2265 1407 2318 1461 5.
2341 1407 2394 1475 3)
2412 1407 2435 1458 ἲ
2453 1407 2857 1460 Sacramcntum
2878 1421 3126 1474 magnum
3150 1415 3202 1458 et
3221 1405 3486 1459 incﬁ'ablle

1896 1497 2048 1551 nabis
2075 1497 2141 1551 ibi
2185 1497 2547 1551 adumbratur.
2590 1498 2755 1564 Quale
2783 1507 2960 1550 autem
3007 1496 3153 1550 hoc?
3191 1496 3392 1564 Nempe
3434 1496 3484 1549 id

1895 1586 2035 1656 quod
2064 1597 2116 1640 et
2145 1588 2194 1640 in
2227 1587 2461 1655 Epistola
2490 1587 2553 1641 ad
2581 1587 2886 1642 Corinthios
2914 1587 3044 1641 dicit
3089 1605 3102 1640 :
3146 1585 3331 1641 Omnes
3368 1588 3485 1656 qui-

1895 1676 2006 1728 dem
2044 1693 2358 1744 resurgemus
2379 1718 2394 1741 ,
2434 1678 2776 1747 unusquisque
2800 1688 2966 1730 autem
2988 1678 3042 1730 in
3066 1694 3160 1730 suo
3185 1677 3362 1730 ordine
3388 1681 3403 1744 (
3427 1677 3476 1729 ί.

1895 1769 2012 1827 Cor.
2042 1771 2127 1824 15.
2162 1770 2251 1824 ‘22.
2279 1770 2406 1842 93).
2450 1770 2584 1838 Quid
2613 1780 2788 1826 autem
2817 1780 2926 1836 est,
2956 1771 3096 1840 quod
3130 1770 3214 1824 hic
3254 1769 3490 1823 dicitur?

1896 1861 2008 1916 Hoc
2035 1862 2300 1929 videlicet,
2332 1863 2473 1932 quod
2496 1862 2736 1928 Graccus,
2765 1872 2816 1918 et
2837 1862 3072 1930 Judacus,
3107 1870 3160 1915 ct
3181 1859 3489 1924 hmreticus,

1896 1963 1949 2008 et
1979 1955 2151 2008 omnis
2183 1955 2362 2018 homo,
2393 1956 2482 2024 qui
2511 1954 2652 2008 venit
2701 1955 2752 2007 in
2786 1954 2927 2009 hunc
2956 1953 3209 2008 mundum
3237 1993 3253 2019 ,
3305 1951 3357 2005 iu
3400 1951 3491 2006 illo

1895 2044 1983 2100 die
2006 2055 2245 2115 resurget
2273 2062 2285 2097 :
2320 2055 2374 2100 et
2401 2047 2500 2099 hoc
2527 2048 2697 2115 ipsum
2741 2046 3012 2108 declarat,
3041 2045 3225 2099 dicens
3256 2061 3269 2098 :
3301 2043 3490 2098 Omnes

1895 2137 2095 2207 quidem
2122 2155 2221 2191 non
2245 2138 2567 2203 dormiemns,
2617 2155 2791 2192 omnes
2813 2148 2980 2191 autem
3005 2137 3402 2200 immutabimur,
3435 2137 3490 2188 in

1899 2240 2148 2284 momento
2169 2272 2182 2296 ,
2211 2231 2262 2283 in
2289 2217 2391 2284 ictu
2412 2230 2546 2285 oculi
2569 2271 2586 2298 ,
2619 2230 2670 2283 in
2708 2231 2974 2285 novissima
3005 2230 3121 2284 tuba
3148 2230 3200 2299 (ι
3250 2227 3367 2283 Cor.
3401 2227 3489 2283 15.

1897 2323 1984 2377 51.
2018 2321 2132 2389 52).
2645 2332 2648 2333 ⁷

1969 2417 2021 2471 8.
2045 2417 2177 2484 Quia
2198 2431 2324 2486 ergo
2345 2418 2643 2471 communis
2669 2425 2752 2471 est
2775 2416 3023 2470 omnibus
3049 2413 3372 2470 resurrectio
3389 2456 3402 2478 ,
3437 2423 3493 2467 et

1899 2510 1999 2579 piis
2015 2518 2068 2564 et
2094 2509 2291 2579 impiis,
2321 2520 2374 2564 et
2401 2509 2555 2565 malis
2581 2519 2636 2564 et
2656 2510 2812 2564 bonis
2842 2508 3168 2571 hominibus,
3199 2515 3248 2560 ut
3281 2520 3350 2562 ne
3372 2505 3494 2559 ideo

1901 2611 2054 2671 putes
2085 2603 2334 2671 injustum
2359 2601 2627 2672 quoddam
2665 2601 2778 2654 ﬁeri
2812 2599 3072 2669 judicium
3100 2640 3112 2663 ,
3147 2613 3318 2667 neque
3347 2596 3494 2650 dicas

1901 2693 2039 2763 apud
2096 2703 2147 2748 te
2188 2694 2360 2763 ipsum
2393 2712 2404 2747 :
2439 2693 2702 2762 Quidnam
2734 2692 2834 2746 hoc
2881 2692 3011 2746 est?
3040 2705 3139 2761 ego
3163 2730 3178 2754 ,
3211 2690 3298 2759 qui
3326 2689 3495 2742 multo

1901 2785 2080 2839 studio
2110 2795 2161 2840 et
2191 2786 2371 2839 labore
2393 2794 2444 2839 et
2478 2785 2529 2838 in
2562 2784 2776 2838 miseria
2805 2783 2932 2847 vixi,
2965 2796 3184 2850 resurgo
3212 2825 3223 2841 .
3257 2791 3310 2834 et
3340 2780 3492 2835 Cra:-

1901 2891 2014 2940 cus,
2043 2887 2096 2931 et
2124 2878 2332 2946 impius,
2365 2886 2418 2932 ct
2449 2877 2752 2942 idololatra,
2772 2885 2824 2932 et
2846 2877 2934 2945 qui
2967 2877 3174 2943 ignorat
3197 2874 3492 2934 Christum,

1902 2970 2062 3023 etiam
2096 2970 2208 3038 ipse
2230 2970 2480 3039 resurgit,
2511 2979 2564 3023 et
2588 2969 2750 3023 simili
2782 2969 2987 3022 honore
3021 2982 3228 3021 mecum
3260 2966 3495 3020 fruitur?

1904 3072 1960 3115 ut
1984 3077 2048 3115 ne
2079 3062 2198 3115 talia
2221 3061 2406 3115 dicens
2435 3061 2793 3129 conturberis,
2815 3059 2937 3115 audi
2967 3059 3092 3130 quid
3115 3060 3278 3113 dicit:
3314 3058 3497 3128 Siqui-

1903 3152 2016 3204 dem
2045 3151 2228 3214 induti,
2253 3167 2353 3203 non
2378 3151 2503 3204 nudi
2521 3151 2835 3203 inveniamur
2854 3149 2928 3221 (2.
2953 3149 3070 3202 Cor.
3095 3150 3147 3204 5.
3179 3149 3253 3216 5).
3279 3148 3497 3217 thuo-

1904 3242 2065 3296 modo
2105 3241 2233 3295 dicit
2280 3257 2423 3308 eum,
2475 3243 2564 3311 qui
2609 3241 2824 3295 indutus
2856 3249 2938 3294 est
2966 3240 3415 3308 incorruptionem
3444 3249 3496 3294 et

1907 3335 2362 3389 immortalitatem
2385 3375 2399 3397 ,
2430 3333 2654 3387 inveniri
2699 3331 2946 3386 nudum?
2976 3331 3231 3386 Videlicet
3261 3335 3302 3384 si
3331 3330 3497 3400 gloria

1906 3428 2209 3496 privamur,
2244 3436 2298 3480 et
2337 3424 2528 3479 ﬁducia
2573 3424 2638 3478 ad
2686 3423 2850 3478 Deum
2881 3421 3238 3477 destituimur.
3286 3421 3497 3475 Etenim

1909 3528 2246 3588 peccatorum
2271 3531 2482 3586 quoque
2511 3530 2737 3584 corpora
2766 3514 3184 3583 incorruptibilia
3218 3523 3501 3581 resurgunt

1907 3619 1961 3665 et
1989 3611 2306 3665 immortalia
2346 3628 2356 3662 :
2392 3610 2484 3664 sed
2527 3609 2612 3663 hic
2639 3608 2810 3663 honor
2840 3607 3138 3661 Tomentum
3170 3616 3223 3660 ct
3251 3607 3500 3661 viaticum

1909 3704 2039 3773 ipsis
2052 3705 2155 3759 erit
2174 3703 2554 3773 suppliciorum
2571 3712 2626 3757 et
2650 3703 2862 3756 ultionis
2883 3720 2897 3754 :
2919 3701 3336 3770 incorruptibilia
3357 3701 3500 3755 enim

1910 3805 2222 3864 resurgunt,
2255 3807 2313 3848 ut
2339 3810 2552 3864 semper
2573 3803 2819 3849 urantur.
2846 3792 2980 3846 Nam
3005 3808 3124 3845 eum
3156 3792 3243 3846 ille
3275 3793 3409 3861 ignis
3437 3793 3504 3845 sit

1911 3889 2375 3958 inexstinguibilis,
2401 3902 2535 3956 opus
2557 3895 2638 3941 est
2667 3885 2768 3940 illis
2792 3883 3108 3954 corporibus
3128 3925 3142 3946 ,
3166 3899 3282 3950 qua:
3306 3892 3360 3937 et
3391 3883 3502 3952 ipsa

1911 3997 2201 4051 numquam
2224 3989 2625 4035 consumantur.
2646 3978 2946 4048 Eapropter
2966 3975 3128 4031 dicit:
3153 3977 3214 4032 Si
3235 3975 3433 4045 quidem
3457 3987 3504 4029 et

1911 4074 2099 4138 induti,
2120 4090 2218 4126 non
2242 4073 2364 4126 nudi
2390 4071 2725 4125 inveniamur.
2755 4070 2867 4123 Non
2895 4067 3042 4123 enim
3066 4067 3168 4122 hoc
3189 4068 3361 4122 solum
3386 4077 3503 4132 est,

1913 4164 2053 4234 quod
2084 4165 2356 4234 quaeritur,
2390 4173 2444 4216 ut
2485 4176 2821 4239 resurgamus
2849 4168 2904 4213 et
2931 4159 3384 4213 immortalitatem
3428 4157 3499 4211 in-

1913 4257 2140 4310 duamus
2169 4272 2187 4308 .'
2213 4255 2304 4309 sed
2333 4264 2389 4306 ut
2410 4270 2529 4308 cum
2570 4253 3021 4307 resurrexerimus
3041 4291 3056 4315 ,
3084 4250 3359 4318 indutique
3389 4247 3507 4304 fue-

1915 4351 2083 4404 rimus
2117 4349 2569 4402 immortalitatem
2597 4387 2614 4412 ,
2645 4361 2748 4399 non
2776 4343 3108 4398 inveniamur
3144 4341 3268 4395 nudi
3291 4355 3320 4394 a
3344 4341 3506 4410 gloria

1919 4443 2215 4509 tiduciaque
2245 4455 2368 4509 erga
2414 4439 2599 4502 Deum,
2633 4451 2767 4490 neve
2793 4436 2897 4504 igni
2927 4435 2997 4488 illi
3024 4433 3327 4496 tradantur;
3363 4441 3416 4486 et
3442 4432 3510 4485 ob

1918 4533 2019 4587 hoc
2043 4533 2170 4586 dicit
2201 4549 2212 4584 :
2240 4531 2298 4584 Si
2325 4530 2525 4598 quidem
2551 4539 2596 4582 et
2618 4527 2784 4580 induti
2809 4567 2824 4591 ,
2875 4541 2976 4578 non
3020 4525 3145 4578 nudi
3173 4524 3507 4577 inveniamur.

1918 4623 2044 4678 Post
2074 4623 2187 4675 lucc
2219 4622 2410 4675 iterum
2442 4619 2543 4672 ﬁde
2570 4618 2866 4688 digniorem
2890 4615 2957 4668 de
2985 4615 3380 4669 resurrectione
3401 4629 3513 4667 ser-

1919 4731 2132 4770 monem
2156 4713 2332 4769 reddit
2363 4730 2376 4765 :
2404 4721 2454 4766 ct
2486 4726 2605 4764 eum
2646 4710 2780 4762 dixit
2818 4709 3052 4761 futurum
3085 4706 3151 4761 Ut
3190 4705 3513 4759 absorbeatur

1921 4807 2135 4859 mortale
2173 4805 2266 4856 Itoc
2294 4819 2323 4854 a
2349 4803 2449 4855 vita
2475 4800 2648 4873 (Ibid.
2683 4817 2729 4852 υ.
2759 4799 2849 4868 4),
2879 4797 3080 4867 adjicit,
3116 4797 3215 4864 Qui
3236 4807 3403 4848 autent
3427 4811 3516 4847 not

1924 4898 2038 4968 fecit
2067 4897 2133 4949 ad
2157 4897 2248 4948 hoc
2275 4896 2440 4964 ipsum
2469 4892 2602 4946 Deus
2626 4890 2790 4960 (Ibid.
2822 4905 2870 4943 υ.
2896 4891 2926 4943 5
2951 4891 2968 4958 )
2997 4906 3011 4954 ;
3042 4904 3104 4942 ac
3131 4892 3172 4942 si
3196 4887 3434 4952 diceret,
3474 4889 3511 4938 Α

1925 4990 2191 5058 principio
2223 4996 2439 5056 promer
2464 4985 2565 5038 hoc
2593 4984 2864 5037 hominem
2893 4981 3158 5042 formavit,
3190 4980 3379 5048 inquit,
3409 4993 3515 5031 non

1923 5092 1982 5136 ut
2023 5091 2236 5152 pereat,
2285 5079 2378 5133 sed
2415 5088 2470 5132 ut
2511 5078 2576 5132 ad
2622 5076 3077 5145 incorruptionem
3121 5082 3324 5142 pergat.
3358 5070 3430 5124 lla
3465 5080 3518 5123 ut

1924 5175 2136 5244 quando
2159 5183 2383 5227 mortem
2411 5171 2669 5242 permisit,
2695 5171 2796 5224 hoc
2824 5171 2992 5239 ipsam
3019 5167 3242 5221 consilio
3265 5165 3493 5234 permisc

1925 5269 2025 5331 rit,
2061 5276 2120 5319 ut
2149 5265 2410 5334 supplicio
2447 5264 2759 5334 prudentior
2782 5261 2950 5315 factus
2989 5270 3042 5314 et
3086 5259 3303 5322 melior,
3349 5260 3516 5326 possis

1926 5359 2101 5412 denuo
2150 5358 2215 5411 ad
2271 5357 2725 5410 immortalitatem
2778 5353 2981 5407 reduci.
3017 5352 3209 5405 [latum
3239 5360 3396 5418 atque
3428 5349 3516 5401 lir—

1927 5468 2070 5506 mum
2102 5451 2204 5505 hoc
2230 5451 2535 5514 consilium,
2565 5458 2619 5504 et
2659 5448 2773 5502 lucc
2798 5449 3063 5501 sententia
3109 5443 3175 5496 ab
3205 5443 3354 5496 initio
3382 5443 3518 5508 apud

1927 5548 2126 5608 Deum,
2147 5554 2306 5615 atque
2331 5545 2432 5599 hac
2451 5545 2657 5600 ratione
2687 5544 2917 5613 primum
2948 5540 3216 5596 hominem
3249 5539 3517 5603 formavit,

1926 5638 2086 5706 idque
2112 5638 2289 5692 statim
2323 5637 2477 5691 nobis
2521 5652 2588 5691 ex
2632 5634 2908 5705 promniiis
2962 5633 3092 5702 ipsis
3141 5629 3516 5686 subindicavit.

1935 5731 2044 5787 Nisi
2073 5732 2211 5788 enim
2259 5729 2514 5784 voluisset
2552 5730 2618 5783 ab
2647 5729 2796 5782 initio
2824 5726 2978 5783 nobis
3003 5725 3412 5782 resurrectionis
3435 5725 3514 5792 ja-
