4206 6308
754 278 849 331 451
1320 272 1343 277 ’ί
1480 276 1536 331 S.
1579 276 1854 332 JOANNIS
1889 277 2023 331 (lilii
2040 276 2364 331 YSOSTOMI
2406 274 2720 330 AliClllEP.
2762 276 3295 361 CONSTANTINOP.

755 403 887 442 uuas
915 389 1142 456 aperire,
1177 403 1279 441 non
1324 391 1653 463 permisisset
1695 391 1914 445 Abelem
1950 394 2091 446 omni
2137 392 2329 446 virtute

754 479 1030 546 praeditum
1054 519 1070 541 ,
1118 477 1418 550 factumque
1467 480 1566 535 sibi
1600 482 1825 538 amicum
1850 523 1863 548 ,
1894 499 2011 552 qutc
2039 497 2224 551 passus
2249 492 2331 537 est

757 571 881 639 pati.
921 568 1072 624 Nune
1116 581 1292 625 autem
1338 571 1490 625 nobis
1536 581 1594 626 ut
1643 573 2063 638 demonstraret,
2092 573 2229 641 quod
2262 573 2328 626 ad

752 662 908 714 aliam
942 661 1105 714 vitam
1133 663 1440 732 pergimus,
1484 673 1538 717 et
1583 664 1726 718 aliud
1765 664 2027 734 quoddam
2075 664 2327 719 szeculum

751 754 906 821 iustis
952 754 1192 814 relictum
1243 765 1325 809 est
1355 795 1371 822 ,
1412 757 1465 811 in
1487 772 1593 826 quo
1630 773 1855 812 coronas
1877 768 1930 812 et
1956 757 2330 812 retributiones

755 844 854 897 sibi
883 846 1142 913 repositas
1181 845 1442 915 accipiant
1483 863 1496 899 :
1529 848 1790 916 permisit,
1824 856 1884 902 ut
1912 847 1957 902 is
1980 847 2068 916 qui
2101 848 2329 916 primum

754 931 838 987 hic
862 933 1005 1001 juste
1042 929 1267 1000 vixerat,
1300 935 1545 991 laborum
1567 951 1784 992 suorum
1813 938 2085 992 mercedes
2109 938 2192 991 hic
2222 952 2329 992 non

752 1025 1049 1093 acciperet,
1089 1026 1185 1080 sed
1234 1027 1359 1083 hinc
1384 1028 1589 1094 abiens,
1620 1029 1873 1083 clamaret
1895 1044 1991 1097 per
2009 1044 2070 1083 ea
2096 1044 2213 1098 quae
2244 1028 2329 1084 hic

753 1131 941 1185 passus
971 1126 1073 1185 est,
1096 1127 1151 1173 et
1175 1119 1240 1173 ad
1270 1135 1455 1175 omnes
1476 1120 1677 1175 diceret
1704 1136 1718 1173 :
1752 1121 1877 1174 Post
1905 1122 2040 1175 hanc
2066 1123 2225 1175 vitam
2248 1130 2329 1177 est

754 1206 926 1275 aliqua
966 1217 1020 1260 et
1063 1223 1266 1264 merces
1314 1217 1370 1263 et
1411 1211 1788 1264 remuneratio.
1834 1210 2122 1280 PrOpterea
2168 1212 2326 1265 etiam

753 1294 937 1350 Enoch
971 1301 1260 1366 transtulit,
1284 1312 1337 1355 et
1362 1301 1529 1355 Eliam
1556 1302 1751 1371 rapuit,
1784 1316 1881 1370 per
1899 1317 1994 1357 eos
2009 1303 2329 1359 adumbrans

752 1388 943 1455 dogma
974 1390 1398 1445 resurrectionis.
1433 1390 1642 1446 Sufﬁcit
1687 1393 1848 1461 igitur
1875 1392 1943 1447 ad
1990 1402 2329 1462 argumento-

753 1492 870 1530 rum
898 1479 1105 1547 copiam
1143 1481 1255 1534 sola
1284 1481 1574 1536 conditoris
1616 1485 1847 1556 potentia
1882 1492 1981 1538 :at
2019 1485 2063 1538 si
2103 1486 2220 1553 quis
2251 1494 2333 1540 est

752 1565 1015 1621 infirmior
1035 1610 1053 1634 ,
1091 1580 1145 1624 et
1170 1570 1327 1625 aliam
1361 1572 1577 1640 insuper
1599 1573 2105 1628 demonstrationem
2136 1576 2330 1630 habere

751 1658 880 1722 vult,
908 1669 961 1713 et
1008 1662 1197 1731 pignus
1225 1662 1415 1717 l'uturre
1444 1666 1850 1721 resurrectionis
1871 1708 1883 1729 ,
1914 1668 2071 1721 etiam
2103 1668 2328 1737 idipsum

752 1749 905 1803 nobis
926 1751 1065 1805 Deus
1094 1768 1279 1821 magna
1308 1754 1625 1809 liberalitate
1648 1763 1699 1809 et
1719 1757 1870 1826 cepia
1893 1756 2074 1821 dedit,
2100 1757 2328 1827 Spiritus

750 1842 955 1895 scilicet
1003 1843 1246 1911 gratiam.
1298 1843 1555 1910 Quocirca
1599 1860 1717 1899 cum
1767 1845 1960 1900 Paulus
2002 1846 2070 1900 de
2094 1862 2330 1902 resurre-

749 1931 925 1985 ctione
981 1932 1082 1985 lidc
1125 1933 1341 2002 dignum
1390 1950 1692 1990 sermonem
1738 1936 2011 1993 habuisset
2040 1954 2104 1993 ex
2133 1939 2329 1994 Christi

750 2022 1164 2085 resurrectione,
1196 2038 1261 2077 eo
1286 2025 1427 2092 quod
1456 2025 1595 2080 Deus
1616 2027 1731 2093 ejus
1760 2038 1944 2081 auctor
1963 2036 2124 2093 esset,
2158 2029 2327 2083 addu-

751 2109 822 2162 cit
849 2119 901 2163 et
932 2110 1034 2163 hoc
1062 2111 1260 2165 dictum
1289 2128 1302 2164 :
1329 2114 1394 2167 Et
1432 2116 1784 2170 arrhabonem
1826 2117 1977 2171 nobis
2016 2118 2193 2181 dedit,
2222 2135 2327 2175 non

749 2217 906 2268 opum
940 2218 1039 2256 nec
1069 2204 1181 2256 auri
1214 2220 1311 2259 nec
1339 2207 1564 2275 argenti,
1594 2207 1687 2261 sed
1714 2208 2072 2263 arrhabonem
2100 2210 2326 2279 Spiritus

751 2290 826 2360 (2.
858 2292 974 2347 Cor.
1010 2295 1064 2348 5.
1113 2296 1191 2362 5);
1220 2296 1449 2349 arrhabo
1489 2308 1664 2350 autent
1697 2312 1821 2367 pars
1866 2306 1947 2351 est
1969 2299 2128 2352 totius
2149 2341 2162 2363 ,
2186 2308 2238 2353 et
2262 2300 2327 2356 de

752 2392 865 2435 toto
890 2383 1042 2436 fidem
1077 2385 1218 2438 facit.
1251 2385 1380 2438 Nam
1412 2386 1548 2439 sicut
1574 2389 1625 2440 in
1652 2388 1926 2453 conviviis,
1950 2389 2037 2457 qui
2065 2391 2330 2458 acceperit

750 2474 1125 2550 arrhabonem,
1159 2474 1316 2530 fidem
1346 2477 1524 2540 habet,
1553 2486 1605 2530 et
1633 2493 1853 2532 securus
1898 2488 1981 2533 cst
2010 2479 2077 2534 de
2108 2490 2217 2535 toto
2243 2497 2330 2536 re.

751 2562 895 2628 liquo
926 2582 937 2615 :
966 2567 1033 2616 ita
1062 2573 1116 2618 et
1140 2574 1193 2617 tu
1233 2580 1355 2619 cum
1380 2568 1650 2636 acceperis
1677 2568 2028 2623 arrhabouem
2051 2613 2066 2633 ,
2098 2570 2325 2639 Spiritus

749 2654 884 2706 dona
927 2656 1174 2723 inquam,
1215 2672 1317 2710 non
1360 2659 1468 2725 jam
1508 2657 1751 2712 dubitare
1801 2660 1963 2737 debes
2008 2660 2075 2715 de
2117 2662 2326 2716 exteris

750 2744 904 2797 bonis
942 2746 1035 2799 tibi
1068 2747 1336 2814 repositis.
1366 2748 1467 2814 Qui
1496 2749 1636 2803 enim
1663 2749 1904 2803 excitasti
1941 2760 2207 2815 mortuos,
2236 2753 2323 2821 qui

749 2850 905 2888 curas
930 2851 1137 2902 cureos,
1186 2837 1457 2892 darmones
1492 2839 1740 2908 expellis,
1777 2840 2018 2910 leprosos
2069 2844 2323 2910 mundas,

751 2928 965 2981 morbos
1022 2928 1304 2993 emendas,
1364 2933 1832 3002 mortenysolvis,
1865 2942 1919 2987 et
1971 2942 2046 2986 tot
2077 2944 2327 3004 tantaque

751 3026 902 3084 potes
926 3019 1097 3073 facere
1131 3019 1183 3073 in
1208 3020 1380 3090 fragili
1403 3031 1454 3076 et
1482 3023 1691 3077 mortali
1719 3039 1941 3093 corpore
1961 3065 1976 3089 ,
2000 3042 2157 3095 quam
2185 3042 2328 3081 asse-

750 3109 932 3175 queris
955 3109 1193 3174 veniant,
1220 3111 1285 3165 de
1328 3114 1720 3167 resurrectione
1760 3114 2006 3168 dubitans
2041 3115 2064 3166 ?
2103 3116 2158 3169 Si
2183 3118 2323 3169 enim

749 3214 869 3252 cum
896 3201 1127 3254 nondum
1160 3205 1562 3258 resurrectionis
1591 3215 1796 3273 tempus
1821 3207 2055 3269 advenit,
2085 3208 2177 3261 sed
2203 3224 2324 3262 eum

750 3289 923 3344 adhuc
945 3301 1205 3360 certatur,
1239 3302 1412 3347 tantas
1439 3294 1622 3348 tribuit
1653 3296 1745 3350 tibi
1774 3311 1998 3351 coronas
2028 3297 2168 3352 Deus
2200 3314 2327 3354 :co-

751 3379 855 3445 gita
880 3391 1074 3450 quanta
1109 3383 1444 3452 prremiorum
1477 3394 1714 3455 tempore
1736 3386 1870 3440 bona
1892 3386 1981 3440 tibi
2001 3381 2220 3442 daturus
2234 3391 2321 3444 sit.

753 3468 821 3520 At
848 3470 890 3523 si
921 3468 1041 3540 quis
1063 3472 1203 3526 dicat
1223 3515 1236 3537 ,
1285 3473 1388 3528 Sed
1434 3489 1538 3527 nou
1567 3476 1807 3530 videmus
1835 3476 1947 3533 hzcc
1984 3479 2132 3547 signa
2188 3497 2325 3535 nunc

751 3562 896 3624 iieri,
946 3579 992 3614 ης
1014 3579 1117 3633 quc
1164 3566 1311 3619 nobis
1342 3577 1485 3620 tanta
1512 3568 1676 3621 virtus
1702 3570 2003 3623 concredita
2033 3579 2113 3624 est
2154 3589 2167 3625 :
2196 3571 2325 3628 illud

3910 272 4011 327 £32

2435 392 2821 460 responderint,
2856 392 2985 445 nihil
3015 393 3247 455 dilicrrc,
3275 392 3389 446 sive
3417 407 3575 452 nunc,
3602 394 3718 444 sive
3743 391 3868 444 olim
3902 400 4014 447 bzec

2436 481 2572 537 facta
2629 484 2755 536 sint.
2815 483 2941 536 Nam
2993 499 3111 552 qua:
3138 482 3283 552 prius
3307 483 3373 536 ab
3410 482 3665 551 apostolis
3692 492 3817 535 sunt
3845 483 4010 545 laeta,

2439 581 2698 626 testantur
2721 589 2814 642 per
2840 588 3054 627 omnem
3083 573 3266 627 orbem
3310 572 3587 638 Ecclesim,
3611 580 3666 626 et
3709 571 3916 641 populi,
3964 582 4015 625 et

2436 662 2680 715 civitates
2698 702 2711 725 ,
2760 672 2813 715 et
2856 671 3038 731 gentes
3060 678 3181 731 quae
3202 663 3268 715 ad
3300 662 3492 717 idiotas
3520 677 3583 716 ac
3613 663 3906 731 piscatores
3934 678 4016 714 re-

2436 761 2739 804 currerunt.
2770 751 2953 821 Neque
2982 753 3123 805 enim
3152 753 3247 805 toti
3277 752 3391 807 orbi
3434 753 3838 822 praevaluissent
3869 752 4013 807 illite-

2436 842 2558 905 rati,
2586 853 2641 896 et
2669 842 2872 909 inopes,
2897 850 2952 897 et
2976 857 3234 912 pauperes
3259 885 3273 908 ,
3303 851 3358 896 et
3381 842 3510 895 viles
3531 842 3571 906 ³,
3617 840 3721 894 nisi
3749 841 4015 896 miraculis

2436 931 2625 999 adjuti.
2642 931 2839 985 Verum
2860 948 2959 986 nec
2982 944 3034 985 tu
3055 934 3238 1002 gratiae
3258 930 3488 1000 Spiritus
3518 932 3687 985 factus
3714 945 3773 985 es
3790 946 4011 1000 expers;

2437 1020 2532 1074 sed
2576 1023 2864 1076 etiamnum
2918 1024 3082 1077 multa
3113 1032 3331 1076 manent
3367 1022 3668 1075 donationis
3704 1020 3841 1075 illius
3868 1036 4014 1091 sym-

2438 1114 2581 1180 bola,
2605 1124 2763 1185 atque
2795 1117 2876 1179 iis,
2900 1131 3017 1184 quae
3047 1125 3359 1170 enumerata
3388 1123 3546 1179 sunt,
3580 1113 3748 1166 multo
3775 1112 3976 1181 majora
3997 1154 4011 1177 ,

2435 1213 2490 1258 et
2536 1204 2702 1274 magis
2743 1204 3073 1260 admiranda.
3122 1205 3236 1258 Non
3260 1204 3401 1257 enim
3449 1202 3655 1271 :cquale
3681 1210 3795 1267 est,
3824 1216 4015 1271 corpus

2437 1304 2702 1349 mortuum
2743 1296 3003 1349 suscitare
3028 1304 3082 1349 et
3120 1282 3353 1349 animam
3379 1308 3407 1346 a
3434 1292 3669 1363 peccatis
3692 1292 3919 1345 occisam
3948 1290 4015 1343 ab

2437 1386 2658 1441 interitu
2709 1386 2976 1449 liberare,
3026 1385 3169 1455 quod
3223 1400 3322 1453 per
3368 1383 3691 1452 baptismum
3755 1380 3862 1435 ﬁt:
3906 1396 4015 1435 non

2435 1477 2641 1546 ecquale
2669 1484 2770 1539 est,
2796 1476 2996 1545 pellere
3026 1476 3271 1531 morbum
3300 1474 3479 1528 carnis
3498 1512 3513 1537 ,
3544 1481 3597 1527 et
3629 1471 3862 1540 abjicere
3882 1485 4016 1540 pon-

2436 1566 2534 1619 dus
2562 1575 2902 1635 peccatorum
2937 1582 2952 1619 :
2995 1580 3101 1620 non
3128 1573 3213 1620 est
3240 1564 3476 1635 mquale,
3522 1563 3735 1617 oculum
3756 1572 4013 1616 cacatum

2436 1659 2718 1713 restituere
2742 1699 2757 1723 ,
2789 1666 2843 1713 et
2868 1659 3103 1712 animam
3130 1658 3535 1712 obtenebratam
3576 1656 3861 1711 illustrare.
3902 1654 4015 1707 Nisi

2434 1750 2577 1802 enim
2618 1764 2760 1802 nunc
2797 1749 2957 1802 etiam
2997 1757 3137 1803 esset
3164 1746 3395 1802 arrhabo
3425 1747 3675 1819 Spiritus,
3711 1759 3884 1815 neque
3920 1745 4018 1799 ba-

2436 1840 2627 1909 ptisma
2656 1838 2951 1894 adhibitum
2975 1848 3151 1904 esset,
3183 1854 3357 1908 neque
3382 1847 3723 1907 peccatorum
3747 1836 4014 1901 remissio,

2436 1945 2607 2000 neque
2630 1929 2834 1999 justitia
2862 1938 2917 1983 et
2944 1928 3294 1985 sanctiﬁcatio
3332 1928 3470 1983 facta
3519 1936 3662 1983 esset
3733 1942 3904 1997 neque
3932 1926 4017 1979 ad-

2435 2020 2706 2089 eptionem
2731 2020 2956 2074 ﬁliorum
2987 2020 3077 2074 Dei
3105 2019 3516 2089 accepissemus,
3540 2033 3714 2088 neque
3742 2016 4015 2086 percepis-

2434 2126 2613 2167 scmus
2642 2112 2935 2181 mysteria:
2964 2127 3156 2181 corpus
3206 2112 3347 2167 enim
3394 2121 3450 2166 et
3484 2111 3704 2179 sanguis
3755 2110 4017 2180 mysticus

2434 2214 2541 2257 neu
2581 2203 2715 2257 ﬁunt
2747 2204 2946 2272 absque
2976 2202 3206 2273 Spiritus
3248 2203 3416 2271 gratia
3450 2219 3465 2256 :
3495 2216 3667 2270 neque
3706 2199 4017 2255 sacerdotes

2435 2293 2840 2358 habuissemus;
2875 2309 3046 2363 neque
3076 2295 3218 2347 enim
3249 2294 3342 2347 bas
3381 2292 3745 2359 ordinationes
3783 2292 3900 2345 sine
3929 2290 4017 2344 tali

2431 2383 2691 2438 descensu
2720 2384 2834 2438 ﬁeri
2856 2392 2940 2438 est
2970 2384 3241 2452 possibile.
3271 2382 3375 2438 Sed
3405 2383 3569 2437 multa
3593 2383 3693 2436 alia
3736 2396 4017 2451 possemus

2434 2475 2609 2531 dicere
2629 2477 2812 2544 gratia:
2839 2476 3069 2545 Spiritus
3097 2475 3360 2546 symbola.
3386 2475 3568 2545 Itaque
3603 2476 3763 2529 etiam
3806 2484 3859 2528 tu
3891 2474 4017 2541 Spi—

2432 2568 2563 2621 ritus
2588 2566 2940 2621 arrhabonem
2963 2566 3151 2631 habes,
3173 2575 3227 2622 et
3251 2577 3479 2621 mortem
3506 2567 3697 2620 animte
3721 2565 3895 2634 pellis,
3912 2579 4019 2618 ca:-

2430 2657 2750 2725 citatemque
2770 2658 3168 2725 cogitationum,
3186 2660 3413 2711 etvitam
3444 2657 3641 2711 eruisti
3666 2654 4015 2709 immundam.

2429 2745 2507 2800 Ne
2538 2747 2696 2816 igitur
2724 2746 3025 2801 dubitemus
3052 2747 3121 2801 de
3146 2747 3370 2813 futuris,
3402 2747 3699 2815 prmsertim
3740 2760 3862 2800 eum
3893 2745 4018 2798 talia

2430 2837 2794 2905 acceperimus
2841 2838 3094 2906 pignora;
3130 2836 3221 2890 sed
3267 2836 3619 2907 undequaque
3657 2835 3725 2891 de
3772 2850 4019 2890 resurre-

2432 2925 2614 2980 ctione
2666 2942 2964 2979 sermonem
3024 2926 3251 2980 solidum
3283 2926 3624 2995 colligentes,
3658 2928 3821 2980 vitam
3853 2928 4019 2980 tantis

2430 3016 2695 3086 dogmatis
2730 3018 2939 3086 dignam
2970 3018 3337 3088 exhibeamus,
3366 3026 3424 3071 ut
3460 3026 3515 3072 et
3553 3032 3904 3087 assequamur
3930 3017 4019 3071 hic

2430 3108 2566 3162 bona
2595 3109 2901 3169 immobilia,
2922 3125 3038 3177 qua:
3059 3124 3357 3164 sermonem
3376 3124 3439 3163 ac
3459 3119 3691 3163 mentem
3723 3110 4016 3163 humanam

2431 3198 2830 3264 transcendunt.
2861 3198 2990 3265 Quce
3014 3215 3111 3253 nos
3130 3215 3317 3254 omnes
3336 3201 3547 3269 assequi
3577 3201 3871 3271 contingat,
3892 3216 4018 3271 gra-

2430 3289 2503 3342 tia
2549 3298 2603 3343 et
2641 3289 2966 3360 benignitate
3010 3292 3219 3344 Domini
3270 3293 3437 3346 nostri
3478 3291 3603 3346 Jesu
3649 3289 3889 3357 Christi,
3921 3306 4019 3359 per

2429 3393 2619 3446 quem,
2675 3387 2732 3432 et
2776 3394 2894 3433 cum
2936 3395 3042 3448 quo
3094 3380 3235 3435 Patri
3264 3382 3430 3450 gloria
3474 3381 3735 3450 simulque
3787 3379 4018 3451 Spiritui

2431 3480 2617 3524 sancto
2644 3509 2658 3531 ,
2694 3470 2744 3522 in
2773 3470 2967 3523 smeula
2996 3470 3333 3525 saeculorum.
3360 3472 3550 3526 Amen.

2496 3583 2512 3613 ι
2547 3582 2701 3643 Colb.,
2722 3582 2996 3645 piscatores,
3021 3596 3124 3645 pro,
3152 3583 3284 3634 viles.

2212 4186 2567 4249 MONITUM

840 4369 1048 4429 Eodem
1090 4374 1207 4445 ipso
1235 4388 1379 4429 anno
1404 4374 1519 4430 haec
1557 4373 1749 4429 concio
1780 4370 1965 4427 habita
1996 4380 2100 4437 est,
2135 4388 2245 4443 quo
2273 4374 2512 4429 secunda
2562 4374 2651 4428 illa
2680 4374 2746 4428 de
2773 4371 2911 4430 Juda
2938 4375 3248 4444 proditore;
3284 4375 3539 4431 videlicet
3566 4376 3617 4429 in
3671 4376 3759 4431 die
3806 4377 4025 4431 Hesus»

769 4482 1023 4539 rectionts
1073 4483 1289 4540 Domini
1341 4485 1824 4557 Quadragesimam
1857 4486 2002 4540 illam
2041 4498 2430 4556 consequente,
2473 4490 2525 4543 in
2550 4505 2657 4559 qua
2698 4490 2917 4561 triginta
2953 4490 3088 4544 duas
3132 4490 3344 4559 priores
3369 4493 3421 4546 in
3453 4491 3705 4547 Genesim
3760 4491 4029 4547 homilias

771 4595 1053 4652 habuerat.
1089 4596 1289 4653 Eodem
1318 4608 1496 4653 autem
1520 4600 1639 4669 ipso
1662 4614 1809 4655 anno
1837 4610 1958 4670 post
1998 4599 2208 4657 Pascha
2242 4601 2666 4672 Chrysostomus
2692 4603 2947 4658 homilias
2979 4603 3097 4658 illas
3130 4617 3322 4658 novem
3353 4604 3561 4668 habuit,
3594 4620 3825 4675 quarum
3859 4606 4030 4675 prio-

776 4722 865 4762 res
888 4710 1130 4779 quinque
1158 4711 1212 4765 in
1272 4712 1595 4783 principium
1630 4714 1889 4769 Actorum
1925 4715 2122 4771 habita:
2152 4729 2317 4772 sunt:
2359 4718 2687 4787 posteriores
2715 4734 2843 4773 vero
2868 4730 3102 4789 quatuor
3158 4720 3231 4773 De
3266 4720 3563 4775 mutatione
3594 4720 3906 4775 nominum.
3971 4721 4031 4776 id

776 4835 955 4880 autem
994 4835 1177 4897 aperte
1211 4828 1613 4883 demonstratur
1643 4829 1697 4884 in
1725 4829 1947 4885 Monitis
1976 4831 2042 4885 ad
2071 4832 2285 4887 easdem
2340 4833 2654 4897 conciones,
2703 4834 2795 4888 ubi
2821 4833 2935 4903 ipse
2958 4833 3380 4904 Clu-ysostomus
3431 4835 3738 4891 luculentus
3769 4836 3931 4892 testis
3970 4837 4032 4891 in

766 4942 1001 4995 medium
1033 4943 1275 4999 aﬂ‘ertur.
1311 4945 1388 5000 Eo
1416 4945 1672 5001 lectorem
1707 4947 1994 5013 mittimus,
2025 4963 2233 5003 necnon
2261 4953 2323 5003 ad
2348 4951 2609 5006 Monitum
2638 4950 2891 5021 superius
2920 4950 2985 5004 ad
3024 4948 3283 5006 ilomilias
3312 4950 3379 5006 de
3410 4949 3551 5006 Juda
3588 4950 3862 5020 proditore
3888 4970 3906 5005 :
3936 4969 4036 5009 res

768 5056 895 5110 item
925 5056 1391 5131 pluribus'agetnr
1429 5064 1495 5118 ad
1525 5062 1785 5119 Homilias
1807 5064 1861 5118 in
1886 5064 2159 5123 Genesim.

837 5190 987 5247 lianc
1017 5208 1180 5262 porro
1214 5195 1527 5250 concionem
1563 5197 1644 5252 sic
1670 5208 1937 5253 memorat
1977 5199 2401 5272 Chrysostomus
2436 5202 2655 5255 bomilia
2701 5217 2716 5256 ι
2751 5203 2802 5257 in
2842 5204 3163 5275 principium
3191 5207 3471 5270 Actorum,
3516 5221 3638 5276 qua:
3664 5204 3829 5274 paulo
3883 5220 4021 5276 post

771 5299 1204 5359 Besurrcctionis
1230 5304 1373 5361 diem
1398 5306 1582 5364 habita
1616 5320 1714 5371 est,
1749 5327 1900 5369 num.
1936 5315 1970 5367 2
2002 5332 2013 5367 :
2055 5314 2179 5369 Non
2232 5327 2351 5369 sum
2380 5318 2545 5387 igitur
2567 5317 2766 5371 nmium
2791 5317 3013 5385 divitiw,
3051 5318 3141 5373 sed
3184 5318 3489 5391 illegitinms
3536 5336 3720 5374 earum
3746 5335 3876 5373 usus
3930 5334 4015 5378 cst

762 5422 984 5485 malum,
1012 5431 1060 5474 et
1085 5422 1220 5475 sicut
1254 5439 1417 5492 nuper
1446 5424 1510 5477 de
1534 5425 1782 5481 ebrietate
1811 5427 1963 5482 verba
1995 5430 2216 5497 faciens,
2250 5448 2351 5484 non
2406 5431 2585 5484 riuum
2628 5432 2965 5496 accusabam,
3026 5433 3215 5503 quippe
3244 5449 3361 5487 cum
3403 5434 3573 5488 sumis
3602 5443 3853 5489 creatura
3911 5436 4027 5491 Dei

763 5534 896 5588 bona
930 5537 1020 5599 sit,
1056 5554 1170 5605 qum
1199 5554 1316 5591 ctua
1341 5541 1633 5610 gratiarum
1665 5545 1869 5598 actione
1900 5546 2214 5615 percipitur;
2247 5549 2335 5601 scd
2364 5548 2561 5602 malum
2593 5565 2768 5617 usum,
2798 5558 2901 5605 etc.
2938 5549 3071 5617 Qua:
3100 5549 3260 5606 verba
3294 5565 3417 5606 cum
3446 5550 3548 5606 hac
3575 5549 3843 5606 concione
3869 5554 4029 5611 mire
