4206 6318
801 293 904 347 43:.
1504 294 1561 350 s.
1601 295 1881 353 JOANNIS
1912 265 2399 353 cnnvsosrom
2438 289 2754 358 ARCHIEP.
2804 297 3346 387 CONSTANTINUP.

3902 297 4003 353 63$

1851 671 2148 758 ΚΑΤΑ
2217 673 2915 764 ΜΕΘΥΟΝΤΩΝ
2939 737 2959 771 .

1066 913 1180 968 -Καί
1215 916 1302 979 εἰς
1333 912 1445 981 τὴν
1480 911 1820 967 ἀνάστασιν
1842 949 1858 976 ,
1905 911 2088 980 λόγος
2115 912 2354 980 λεχθεὶς
2383 913 2459 981 τῇ
2485 913 2620 982 ἁγίᾳ
2656 913 2755 966 καὶ
2778 912 3013 982 μεγάλῃ
3049 912 3316 984 Kvptaxii
3338 914 3443 969 τοῦ
3477 908 3711 983 Πάσχα.

868 1293 934 1338 α’.
969 1284 1301 1355 Ἀπεθέμεθα
1329 1287 1427 1356 τῆς
1459 1288 1710 1356 νηστείας
1734 1287 1796 1341 τὸ
1831 1288 2048 1358 φορτίον
2067 1329 2082 1352 ,
2110 1287 2245 1341 ἀλλά
2278 1287 2353 1358 μὴ

797 1375 1126 1446 ἀποθώμεθα
1141 1377 1237 1445 τῆς
1250 1376 1502 1445 νηστείας
1516 1377 1607 1431 τὸν
1624 1377 1852 1448 καρπόν·
1871 1377 1987 1430 ἔστι
2007 1377 2116 1448 γὰρ
2137 1379 2354 1450 φορτίον

798 1468 1093 1522 ἀποθέσθαι
1113 1468 1382 1538 νηστείας,
1396 1469 1488 1520 καὶ
1507 1469 1718 1539 καρπὸν
1734 1469 2024 1540 δρέπεσθαι
2038 1483 2065 1511 ι
2085 1470 2352 1540 νηστείας.

793 1557 1079 1629 Παρῆλθεν
1109 1558 1136 1609 6
1167 1558 1325 1620 πόνος
1351 1558 1458 1610 τῶν
1485 1559 1734 1626 ἀγώνων,
1775 1560 1911 1613 ἀλλὰ
1945 1559 2019 1632 μὴ
2048 1561 2292 1634 παρέλθῃ
2320 1562 2354 1632 ἠ

800 1647 1002 1717 σπουδὴ
1047 1647 1156 1700 τῶν
1206 1647 1672 1719 κατορθωμάτων⁹
1723 1650 1966 1718 ἀπῆλθεν
2008 1652 2050 1721 Il;
2109 1653 2352 1722 νηστεία,

797 1736 932 1790 ἀλλά
969 1738 1174 1806 μενέτω
1201 1737 1233 1807 ἠ
1275 1738 1530 1791 εὐλάϐεια
1550 1754 1564 1768 ·
1611 1739 1808 1808 μᾶλλον
1834 1739 1890 1793 δὲ
1922 1739 2040 1795 οὐδὲ
2071 1743 2104 1812 η
2134 1743 2357 1812 νηστεία

799 1825 1056 1894 ἀπῆλθεν.
1100 1825 1256 1877 Ἀλλὰ
1289 1826 1360 1894 μὴ
1387 1826 1658 1896 φοϐηθῆτε
1678 1845 1692 1858 ο
1723 1828 1880 1880 τοῦτο
1919 1828 2026 1899 γὰρ
2055 1827 2206 1883 εἷπον
2238 1833 2358 1902 οὐχὶ

799 1916 991 1986 ἑτέραν
1012 1917 1138 1984 ὑμῖν
1164 1933 1228 1982 κγ,
1265 1921 1450 1969 -·ἰσσων
1476 1917 1947 1987 Τεσσαρακοστὴν,
1975 1919 2108 1971 ἀλλὰ
2138 1919 2234 1990 τὴν
2259 1922 2357 1973 αύ-

797 2007 894 2078 τὴν
923 2008 950 2059 ὑ
961 2009 1049 2076 μίν
1084 2007 1281 2075 ἀρετὴν
1313 2006 1714 2078 καταγγέλλων.
1764 2007 2042 2078 Παρῆλθεν
2081 2011 2114 2079 η
2140 2010 2356 2080 νηστεία

798 2098 832 2164 ὴ
863 2096 1165 2166 σωματικὴ,
1206 2095 1320 2148 ἀλλ’
1347 2097 1407 2148 οὐ
1435 2096 1711 2166 παρῆλθεν
1741 2099 1773 2166 ὴ
1806 2099 2026 2167 νηστεία
2056 2101 2087 2170 ἡ
2113 2116 2357 2170 πνευμα-

797 2186 956 2254 τική·
1001 2185 1137 2253 αῦτη
1196 2184 1416 2253 βελτίων
1467 2188 1700 2255 ἐκείνης,
1754 2188 1977 2259 κάκείνη
2028 2188 2117 2241 διὰ
2156 2190 2358 2260 ταύτην

797 2275 1032 2342 ἐγένετο.
1053 2275 1297 2346 Ὠσπερ,
1346 2277 1436 2331 ὅτε
1490 2281 1808 2350 ὲνηστεύετε
1829 2323 1843 2346 ,
1901 2283 2086 2348 ελεγον
2117 2284 2242 2351 ὑμῖν
2279 2284 2359 2337 ὅτι

798 2365 912 2417 ἐστι
949 2366 1273 2435 νηστεύοντα
1309 2368 1382 2438 μὴ
1406 2370 1684 2438 νηστεύειν
1708 2372 1758 2435 b,
1793 2372 1931 2424 οὕτω
1960 2374 2053 2425 καὶ
2093 2372 2186 2424 νῦν
2218 2373 2360 2441 λέγω

799 2457 879 2508 ὅτι
911 2455 1023 2509 ἔστι
1052 2457 1125 2526 μὴ
1155 2458 1480 2526 νηστεύοντα
1505 2460 1801 2532 νηστεύειν.
1819 2463 1969 2532 Τάχα
1986 2463 2210 2532 αίνιγμα
2225 2459 2358 2515 εἶναι

797 2546 943 2598 δοκεῖ
968 2545 1027 2598 τὸ
1051 2546 1356 2615 λεγόμενον,
1385 2547 1498 2600 ἀλλ’
1528 2548 1641 2617 ἐγὼ
1673 2550 1769 2620 τὴν
1797 2549 1950 2602 λύσιν
1991 2551 2181 2618 ἐπάγω
2205 2549 2354 2620 [458]

799 2636 874 2705 τῷ
907 2637 1176 2706 ζητήματι
1205 2655 1218 2668 ο
1267 2638 1528 2700 Πῶςέστι
1560 2641 1885 2710 νηστεύοντα
1925 2639 2000 2710 μὴ
2032 2640 2309 2711 νηστεύειν
2340 2656 2355 2703 ;

800 2727 964 2778 Ὅταν
1018 2742 1101 2788 τις
1157 2725 1456 2796 βρωμάτων
1485 2728 1583 2798 μὲν
1625 2730 1918 2800 ἀπέχηται,
1950 2731 2356 2802 ἁμαρτημάτων

797 2815 855 2867 δὲ
881 2814 954 2886 μὴ
984 2816 1276 2885 ἀπέχηται.
1299 2817 1424 2881 Πῶς
1451 2819 1565 2872 ἔστι
1597 2821 1671 2890 μὴ
1697 2821 2024 2891 νηστεύοντα
2044 2822 2353 2891 νηστεύειν;

802 2907 964 2960 Ὅταν
1013 2924 1096 2969 τις
1135 2908 1343 2978 τροφῆς
1386 2910 1484 2979 μὲν
1531 2909 1798 2982 ἀπολαύῃ,
1848 2912 2119 2982 ἁμαρτίας
2167 2912 2222 2964 δὲ
2282 2912 2355 2982 μὴ

800 2995 1047 3067 γεύηται.
1083 2997 1230 3068 Αὕτη
1277 2999 1498 3068 βελτίων
1543 3001 1756 3070 ἐκείνης
1795 3003 1827 3071 ἡ
1867 3003 2103 3071 νηστεία,
2141 3001 2201 3055 ού
2234 3002 2347 3071 βελ-

797 3086 926 3139 τίων
965 3087 1021 3140 δὲ
1073 3088 1252 3158 μόνον,
1295 3090 1431 3143 ἀλλὰ
1481 3093 1574 3144 καὶ
1623 3093 1958 3165 κουφοτέρα·
2013 3096 2097 3147 ἐπ’
2144 3095 2355 3165 ἐκείνης

798 3176 898 3245 τῆς
936 3178 1184 3247 νηστείας
1214 3181 1493 3234 ἀσθένειαν
1523 3182 1912 3250 προεϐάλλοντο
1952 3185 2134 3236 πολλοὶ
2168 3201 2355 3254 σωμα-

799 3265 973 3335 τικὴν,
993 3267 1230 3336 κνησμὸν
1252 3269 1502 3336 χαλεπόν.
1523 3269 1724 3340 Ψώρας
1742 3271 2152 3342 ὲμπέπλησμαι,
2172 3275 2352 3342 φησὶν,

802 3357 1053 3410 ἀλουσίαν
1092 3359 1188 3428 οὐχ
1226 3359 1498 3428 ὑπομένω,
1534 3363 1565 3431 ἡ
1605 3362 1898 3431 ὑδροποσία
1941 3381 2007 3431 με
2027 3364 2352 3435 διαφθείρει,

801 3446 1043 3514 λαχάνων
1075 3447 1438 3522 ἀπογεύεσθαι
1489 3451 1548 3501 ού
1605 3449 1858 3519 δύναμαι.
1910 3453 2086 3505 Πολλά
2135 3454 2355 3506 τοιαῦτα

800 3536 994 3606 ἢκουον
1027 3537 1146 3589 τότε
1206 3537 1470 3604 λεγόντων
1542 3538 1752 3590 πολλῶν
1787 3556 1798 3568 ·
1855 3541 1946 3592 ἐπὶ
1980 3542 2080 3609 τῆς
2109 3544 2357 3610 νηστείας

801 3625 1000 3697 ταύτης
1034 3637 1054 3664 ε
1090 3627 1239 3679 οὐδὲν
1272 3627 1510 3681 τοιοῦτον
1547 3629 1690 3681 ἐστιν
1725 3631 1915 3684 εἰπεῖν.
1955 3631 2213 3685 Ἀπόλαυε
2237 3633 2358 3685 λου-

799 3717 964 3787 τρῶν,
1001 3717 1192 3788 μέτεχε
1217 3720 1512 3790 τραπέζης,
1557 3721 1834 3792 οίνοποσίᾳ
1873 3723 2116 3792 κέχρησο
2151 3723 2358 3794 συμμέ-

799 3825 933 3878 τρῳ,
973 3809 1076 3862 κᾶν
1101 3810 1275 3880 κρεῶν
1309 3810 1668 3877 ἀπογεύεσθαι
1707 3812 1922 3884 μέλλῃς,
1963 3815 1989 3864 6
2015 3813 2234 3866 κωλύων
2266 3816 2356 3867 ού-

799 3895 911 3956 δείς
932 3911 944 3927 ·
975 3897 1187 3949 πάντων
1211 3899 1534 3963 ἀπόλαυσον,
1568 3901 1727 3970 μόνον
1770 3903 2042 3972 ἁμαρτίας
2070 3905 2353 3974 ἀπόστηθι.

803 3979 953 4049 Εἶδες
988 3986 1102 4048 πῶς
1137 3989 1299 4039 πᾶσιν
1329 3987 1464 4058 αὕτη
1516 3990 1669 4059 ῥᾳδία
1712 3993 1745 4061 ή
1786 3994 2044 4060 νηστεία;
2088 3995 2200 4047 Οὐκ
2247 3995 2358 4048 ἔστι

804 4073 1051 4143 σώματος
1079 4074 1357 4128 ἀσθένειαν
1400 4076 1796 4145 προϐάλλεσθαι
1818 4094 1830 4107 °
1863 4080 1960 4148 τῆς
1984 4078 2158 4148 ψυχῆς
2194 4081 2359 4133 καθα-

807 4161 896 4231 ρόν
926 4165 1040 4215 ἐστι
1073 4162 1132 4214 τὸ
1156 4162 1501 4233 κατόρθωμα.
1536 4165 1689 4216 Ἔστι
1716 4167 1807 4218 καὶ
1845 4168 1918 4239 μὴ
1946 4168 2168 4220 πίνοντα
2194 4168 2353 4232 οἶνον,

807 4245 1159 4314 μεθύειν,·καὶ
1191 4246 1411 4299 πίνοντα
1461 4243 1602 4300 οἶνον
1635 4253 1928 4320 σωφρονεῖν
1953 4266 1968 4279 ·
1993 4252 2084 4304 καὶ
2107 4252 2184 4304 ὅτι
2212 4251 2355 4306 ἔστιν

802 4335 927 4387 ἀνευ
977 4338 1117 4389 οἴνου
1152 4336 1308 4413 μέθη,
1357 4339 1583 4392 ἄκουσον
1637 4339 1728 4392 τοῦ
1762 4343 2033 4411 προφήτου
2074 4343 2351 4409 λέγοντος·

806 4426 950 4481 Οὐαὶ
975 4430 1028 4479 οἱ
1047 4429 1365 4494 μεθύοντες
1395 4428 1541 4482 ἄνευ
1568 4429 1736 4482 οινου
1755 4448 1768 4460 ν
1800 4431 1892 4483 καὶ
1919 4433 2032 4495 πῶς
2066 4433 2206 4486 ἔστιν
2228 4434 2353 4487 ἄνευ

765 4503 767 4505 ί
802 4519 942 4570 οίνου
974 4516 1187 4587 μεθύειν
1208 4535 1220 4580 ;
1243 4517 1404 4571 Ὅταν
1431 4519 1490 4571 τὸ
1515 4520 1750 4588 ἄκρατον
1768 4521 1873 4573 τῶν
1897 4521 2084 4575 παθῶν
2113 4523 2185 4593 μὴ
2207 4525 2359 4594 κερά-

804 4624 902 4677 σῃς
935 4606 1146 4659 εὐσεϐεῖ
1194 4605 1454 4677 λογισμῷ.
1500 4609 1652 4661 Ἐστι
1702 4610 1796 4662 καὶ
1849 4612 2068 4664 πίνοντα
2103 4609 2243 4666 οἶνον
2285 4614 2359 4689 μῂ

807 4697 1022 4768 μεθύειν
1042 4715 1054 4728 ·
1090 4699 1183 4751 καὶ
1209 4701 1256 4750 εί
1281 4699 1354 4769 μὴ
1389 4699 1544 4751 τοῦτο
1572 4695 1658 4770 ἦν,
1694 4701 1792 4752 ούκ
1827 4701 1892 4753 ἂν
1917 4702 2071 4755 τοῦτο
2103 4705 2359 4769 ἐπέταξεν

803 4790 831 4840 6
880 4789 1087 4852 Παῦλος
1114 4788 1189 4858 τῷ
1220 4789 1468 4859 Τιμοθέῳ
1498 4791 1722 4860 γράφων
1765 4791 1964 4855 οὕτως·
2003 4795 2153 4860 Οἵγῳ
2181 4796 2361 4864 ὀλίγῳ

804 4877 925 4950 χρῶ
950 4879 1045 4932 διὰ
1072 4880 1177 4933 τὸν
1206 4879 1514 4950 στόμαχόν
1553 4896 1668 4933 σου
1716 4882 1808 4934 καὶ
1837 4883 1941 4946 τὰς
1984 4885 2217 4951 πυκνὰς
2246 4902 2360 4938 σου

804 4970 1136 5035 ἀσθενείας.
1176 4970 1327 5040 Μέθη
1368 4970 1477 5041 γὰρ
1517 4971 1667 5024 οὐδὲν
1698 4971 1882 5041 ἕτερόν
1902 4975 2046 5026 ἐστιν
2070 4974 2237 5046 ἀλλ’ἢ
2275 4976 2362 5030 έκ-

808 5075 992 5122 στασις
1007 5059 1114 5112 τῶν
1133 5060 1272 5113 κατά
1289 5060 1446 5129 φύσιν
1468 5060 1698 5130 φρενῶν,
1729 5065 2050 5133 παρατροπὴ
2069 5065 2359 5136 λογισμῶν,

806 5150 1010 5219 ἐρημία
1052 5150 1307 5215 διανοίας,
1366 5153 1523 5203 πενία
1570 5152 1853 5215 συνέσεως.
1912 5153 2092 5207 Ταῦτα
2122 5157 2176 5208 δὲ
2204 5158 2301 5226 οὐχ
2329 5159 2362 5227 ἡ

811 5242 946 5313 μέθη
989 5245 1133 5295 ποιεῖ
1165 5243 1298 5312 μόνη
1331 5244 1364 5313 η
1405 5244 1462 5309 ἐξ
1513 5245 1678 5305 οίνου,
1734 5244 1871 5298 ἀλλὰ
1922 5248 2015 5298 καὶ
2051 5248 2191 5319 μέθη
2239 5253 2270 5320 ὴ
2305 5251 2364 5315 ἐξ

807 5335 975 5405 ὀργῆς
1007 5336 1103 5387 καὶ
1128 5334 1421 5405 ἐπιθυμίας
1447 5336 1668 5390 ἀτόπου.
1711 5337 1973 5406 Καθάπερ
1994 5337 2101 5410 γὰρ
2133 5342 2362 5412 πυρετὸν

872 5481 896 5551 _'
924 5481 1042 5551 Reg.
1069 5481 1097 5527 ‘2
1122 5482 1392 5551 δρέψασθαι.

869 5540 896 5579 1³
924 5540 1040 5608 Ιιςιιζ.
1069 5551 1118 5588 et
1142 5540 1283 5608 Coisl.
1312 5545 1410 5608 ἐστι
1447 5543 1509 5603 μὴ
1550 5542 1831 5599 νηστεύοντα
1870 5546 2123 5608 νηστεύειν,
2149 5551 2227 5599 καὶ
2262 5552 2362 5602 ἔστι

813 5602 1094 5655 νηστεύοντα
1117 5605 1178 5664 μὴ
1200 5604 1449 5660 νηστεύειν.

880 5669 898 5691 ι’
934 5664 1053 5725 Heg.
1081 5664 1109 5708 2
1133 5670 1184 5711 et
1203 5664 1397 5714 Coislin.
1424 5663 1593 5720 ταύτης
1612 5669 1694 5720 τῆς
1714 5672 2039 5726 πνευματικῆς-

2457 1287 2555 1358 μὲν
2579 1289 2722 1340 ποιεί
2746 1286 3042 1357 ἀγρυπνία,
3069 1287 3214 1338 ποιεῖ
3235 1285 3292 1337 δὲ
3313 1284 3502 1350 κόπος,
3539 1287 3684 1338 ποιεῖ
3708 1285 3764 1338 δὲ
3792 1285 4016 1355 ἀθυμία,

2455 1380 2596 1431 ποιεί
2637 1377 2693 1430 δὲ
2723 1376 2894 1446 χυμὸς
2935 1375 3329 1445 διεφθαρμένος
3352 1415 3387 1449 ,ν
3413 1376 3509 1428 κού⁸
3557 1376 3809 1447 διάφορος
3851 1372 3952 1447 μὲν
3982 1379 4015 1446 ἡ

2453 1467 2724 1530 ὑπόθεσις,
2748 1467 2806 1520 ἓν
2827 1468 2882 1520 δὲ
2902 1465 2962 1520 τὸ
2990 1466 3162 1528 πάθος
3191 1467 3288 1518 καὶ
3318 1465 3378 1518 τὺ
3395 1465 3627 1536 νόσημα·
3643 1467 3784 1520 οὕτω
3801 1468 3898 1520 καὶ
3930 1469 4020 1520 ἐπὶ

2451 1557 2688 1610 τούτων·
2721 1559 2863 1610 ποιεί
2906 1556 3006 1626 μὲν
3043 1551 3184 1619 οἶνος
3218 1554 3413 1625 μέθην,
3439 1558 3587 1608 ποιεῖ
3630 1556 3688 1609 δὲ
3737 1557 4019 1628 ἐπιθυμία,

2453 1647 2598 1699 ποιεῖ
2623 1646 2680 1699 δὲ
2712 1645 2888 1716 χυμὸς
2916 1643 3328 1715 διεφθαρμένος,
3365 1644 3460 1698 καὶ
3513 1643 3766 1714 διάφορος
3828 1646 3928 1715 μὲν
3987 1648 4019 1716 ἠ

2456 1734 2725 1798 ὑπόθεσις,
2757 1735 2815 1787 ἓν
2837 1734 2894 1787 δὲ
2917 1736 2974 1787 τὸ
2992 1733 3162 1798 πάθος
3189 1735 3283 1786 καὶ
3301 1733 3364 1786 τδ
3385 1734 3619 1804 νόσημα.
3664 1735 4019 1806 ’Δπεχώμεθα

2458 1825 2627 1898 μέθης
2648 1843 2663 1858 ·
2697 1825 2758 1878 οὐ
2787 1825 2929 1893 λέγω
2961 1823 3293 1896 ἀπεχώμεθα
3324 1824 3491 1890 οῐνου,
3523 1826 3638 1880 ἀλλ’
3691 1827 4022 1897 ἀπεχώμεθα

2459 1916 2661 1986 μέθης·
2716 1918 2818 1969 ούκ
2861 1912 3002 1978 οἶνος
3054 1917 3200 1968 ποιεῖ
3250 1915 3457 1985 μέθην·
3509 1916 3712 1986 κτίσμα
3761 1918 3870 1988 γάρ
3905 1918 4021 1971 ἐστι

2455 2006 2611 2070 Θεοῦ,
2669 2005 2805 2059 Θεοῦ
2849 2005 2905 2058 δὲ
2953 2005 3161 2073 κτίσμα
3210 2004 3365 2058 οὐδὲν
3402 2007 3546 2058 ποιεῖ
3582 2005 3839 2076 πονηρὸν,
3888 2007 4023 2062 ἀλλά

2456 2096 2772 2166 προαίρεσις
2819 2094 3034 2164 πονηρά
3083 2096 3230 2146 ποιεῖ
3264 2092 3453 2162 μέθην.
3505 2095 3616 2147 Καὶ
3645 2095 3728 2147 ὅτι
3777 2094 3897 2148 ἐστι
3931 2098 4022 2147 καὶ

2457 2189 2629 2251 ἄλλως
2661 2187 2880 2259 μεθύειν
2924 2187 3046 2255 οὐχὶ
3073 2185 3200 2254 οίνῳ
3235 2184 3400 2254 μόνῳ,
3432 2185 3663 2266 ἄκουσον
3706 2186 3760 2239 τί
3802 2203 3968 2257 φησιν
3995 2188 4022 2238 6

2459 2278 2697 2342 ῐῐαῦλοςο
2722 2277 2818 2344 Μὴ
2844 2278 3222 2345 μεθύσκεσθε
3246 2275 3408 2338 οίκῳο
3437 2275 3650 2338 δεικνὺς
3671 2276 3751 2328 ὅτι
3787 2275 3899 2328 ἔστι
3931 2277 4024 2329 καὶ

2458 2368 2630 2430 άλλως
2680 2365 3074 2437 μεθύσκεσθαι’
3118 2362 3215 2428 Μὴ
3240 2364 3616 2430 μεθύσκεσθε
3650 2364 3814 2450 olm.
3855 2363 3928 2417 ἐν
3976 2357 4023 2428 ᾧ

2457 2456 2627 2509 ἐστιν
2650 2453 2897 2509 ἀσωτία.
2940 2451 3268 2521 Θαυμασίως
3304 2451 3360 2502 έν
3391 2450 3582 2522 βραχεῖ
3607 2452 3811 2521 ῥήματι
3842 2452 4023 2504 πᾶσαν

2460 2548 2558 2615 τῆς
2575 2534 2753 2616 μέθης
2775 2544 2870 2613 τὴν
2891 2541 3227 2612 κατηγορίαν
3256 2536 3398 2596 εἷπε.
3436 2542 3500 2593 Τί
3534 2543 3670 2601 ἐστι,
3713 2541 3809 2608 Μὴ
3843 2541 4025 2609 μεθύ-

2459 2637 2682 2688 σκεσθε
2719 2633 2881 2698 οϊνῳ,
2916 2633 2984 2684 ἐν
3011 2623 3058 2696 ᾦ
3101 2631 3272 2684 ἐστιν
3310 2628 3571 2690 (iacula;
3616 2627 3884 2691 Ἀσώτους
3914 2627 4025 2680 τῶν

2459 2724 2593 2777 νέων
2621 2723 2855 2785 ἐκείνους
2882 2719 3172 2791 καλοῦμεν,
3191 2720 3317 2782 τοὺς
3343 2718 3594 2790 πατρῷον
3611 2717 4027 2788 διαδεξαμένους

2459 2813 2659 2886 κλῆρον
2683 2854 2698 2878 ,
2746 2812 2840 2865 καὶ
2890 2811 3066 2864 πάντα
3115 2809 3312 2878 ἀθρόον
3368 2802 3752 2878 ὲκφοροῦντας,
3815 2809 3909 2860 καὶ
3949 2807 4027 2876 μὴ

2457 2903 2853 2973 λογιζομένους,
2895 2899 2999 2952 τίνι
3024 2899 3127 2968 χρὴ
3162 2896 3365 2960 δοῦναι,
3408 2896 3502 2950 καὶ
3525 2897 3654 2948 πότε
3677 2896 3882 2959 δοῦναι,
3907 2895 4027 2948 ἀλλ’

2457 2995 2661 3057 ἁπλῶς,
2707 2993 2798 3046 καὶ
2841 2991 3049 3060 ἱμάτια,
3097 2987 3189 3039 καὶ
3216 2985 3458 3057 χρυσίον,
3496 2986 3589 3038 καὶ
3615 2987 3896 3058 ἀργύριον,
3931 2987 4030 3040 καὶ⁵

2459 3069 2636 3136 πάντά
2663 3082 2752 3134 τὸν
2778 3079 3028 3149 πατρῷον
3057 3076 3282 3129 πλοῦτον
3306 3076 3656 3143 διανέμοντας
3705 3077 3784 3138 είς
3818 3075 4031 3145 πόρνας

2457 3176 2550 3228 καὶ
2597 3173 2842 3239 λάγνους.
2888 3166 3138 3220 Τοιοῦτόν
3165 3168 3313 3218 ἐστιν
3351 3168 3384 3234 ἡ
3419 3165 3555 3235 μέθη
3578 3165 3796 3235 ’ὥσπερ
3815 3165 4030 3218 ἄσωτον

2455 3260 2686 3314 λαϐοῦσα
2719 3260 2835 3309 νέον
2861 3256 2957 3326 τὴν
2983 3256 3220 3308 διάνοιαν
3251 3250 3401 3322 [459]
3431 3250 3536 3304 τῶν
3562 3251 3888 3321 μεθυόντων,
3930 3253 4031 3304 καὶ

2456 3349 2897 3420 αἰχμαλωτίσασα
2921 3347 3010 3397 τον
3043 3343 3322 3413 λογισμὸν,
3359 3341 3575 3394 ἅπασαν
3615 3340 3771 3411 ⁴ἡμῶν
3811 3340 3912 3411 τὴν
3937 3343 4034 3394 οὐ·

2458 3440 2575 3491 σίαν
2620 3439 2729 3491 τῶν
2761 3437 3044 3505 νοημάτων
3074 3432 3497 3501 ἀπερισκέπτως
3530 3432 3624 3484 καὶ
3659 3433 3828 3501 χωρίς
3875 3449 4034 3494 τινος

2455 3529 2734 3600 ἀκριϐείας
2761 3522 2968 3596 έκχέειν
3006 3522 3428 3592 καταναγκάζει.
3470 3523 3527 3574 '0
3554 3520 3766 3592 μεθύων
3789 3521 3889 3574 οὐκ
3916 3520 4033 3575 οἶδε

2453 3621 2504 3672 τί
2539 3621 2634 3690 μὲν
2665 3621 2836 3672 εἰπεῖν
2882 3617 3008 3688 χρὴ,
3047 3616 3100 3669 τί
3152 3615 3210 3667 δὲ
3257 3615 3503 3684 σιγῆσαι,
3564 3613 3680 3668 ἀλλ’
3736 3614 4030 3684 ἀθύρωτον

2456 3711 2617 3765 αὐτοῦ
2652 3711 2711 3762 τδ
2748 3709 2920 3778 στόμα
2965 3707 3266 3776 διηνεκῶς*
3325 3707 3519 3778 μοχλὸς
3578 3707 3677 3758 οὐκ
3727 3705 4034 3773 ἐπίκειται,

2457 3803 2574 3854 οὐδὲ
2606 3800 2743 3871 θύρα
2786 3802 2895 3862 τοῖς
2924 3799 3186 3869 χείλεσιν·
3220 3799 3248 3850 6
3278 3797 3489 3867 μεθύων
3523 3796 3623 3848 οὐκ
3649 3791 3786 3848 οἶδεν
3817 3797 4038 3848 οἰκονο-

2461 3893 2627 3964 μῆσαι
2649 3894 2770 3952 τοὺς
2798 3891 2985 3958 λόγους
3002 3889 3162 3944 αὑτοῦ
3188 3890 3244 3942 ὲν
3271 3888 3469 3960 κρίσει,
3497 3887 3595 3940 ούκ
3622 3882 3728 3938 οἶδε
3761 3886 4038 3940 διαθεῖναι

2457 3983 2546 4036 τὸν
2567 3981 2792 4034 πλοῦτον
2813 3982 2910 4050 τῆς
2934 3981 3190 4044 διανοίας,
3225 3981 3324 4032 οὐκ
3343 3976 3449 4032 οἶδε
3476 3979 3544 4031 τὰ
3576 3978 3672 4048 μὲν
3700 3978 4039 4043 ἀποθέσθαι,

2458 4074 2524 4126 τὰ
2575 4073 2630 4125 δὲ
2681 4071 2976 4134 ἀναλῶσαι,
3023 4071 3161 4125 ἀλλά
3214 4072 3387 4124 πάντα
3439 4072 3621 4122 ὲκεῖνα
3683 4069 3896 4137 δαπάνη
3937 4071 4042 4122 καὶ

2460 4165 2656 4231 ἔξοδος.
2697 4162 2974 4225 Ἐκούσιος
3005 4162 3168 4231 μανία
3216 4160 3376 4230 μέθη,
3416 4159 3669 4228 προδοσία
3697 4159 3989 4228 λογισμῶν
4027 4179 4040 4189 ·

2464 4253 2598 4323 μέθη
2640 4250 2892 4321 συμφορὰ
2917 4250 3340 4319 καταγελωμένη
3363 4248 3413 4311 δ,
3447 4248 3656 4316 νόσημα
3695 4246 4045 4317 χλευαζόμε-

2459 4361 2567 4403 νον,
2619 4342 2824 4412 δαίμων
2871 4340 3214 4412 αὐθαίρετος,
3261 4340 3354 4392 καὶ
3403 4335 3829 4408 παραφροσύνης
3862 4340 4044 4408 χαλε-

2459 4417 2696 4504 πωτέρα.

2531 4526 2595 4596 β’.
2617 4525 2799 4577 Βούλει
2817 4522 3005 4594 μαθεῖν
3031 4522 3146 4584 πῶς
3163 4523 3189 4575 6
3212 4521 3420 4591 μεθύων
3438 4520 3643 4574 καὶτοῦ
3665 4521 4049 4591 δαιμονῶντός

2459 4622 2570 4671 ἐστι
2597 4617 2787 4690 χείρων
2807 4634 2820 4682 ;
2843 4616 2944 4668 Τὸν
2972 4614 3306 4683 δαιμονῶντα
3325 4614 3518 4676 πάντες
3535 4611 3808 4681 ἐλεοῦμεν,
3837 4613 4050 4667 τοῦτον

2458 4710 2513 4763 δὲ
2544 4707 2803 4776 μισοῦμεν
2824 4723 2837 4736 ·
2874 4705 3064 4774 ἐκείνῳ
3098 4703 3487 4772 συναλγοῦμεν,
3523 4702 3693 4772 τούτῳ
3723 4705 3779 4756 δὲ
3813 4705 4052 4774 ὀργιξό-

2463 4799 2600 4870 μεθα
2630 4799 2721 4850 καὶ
2763 4796 3193 4864 ἀγανακτοῦμεν.
3230 4797 3293 4847 Τί
3336 4796 3567 4864 δήποτε;
3609 4795 3832 4863 Ἐκείνῳ
3871 4808 3897 4834 θ
3939 4797 4052 4867 μὲν

2461 4891 2709 4959 ὲπήρεια,
2773 4888 2944 4957 τούτῳ
2999 4887 3054 4938 δὲ
3111 4886 3351 4956 ῥᾳθυμία
3383 4886 3444 4937 τὸ
3478 4885 3663 4948 πάθος
3691 4885 3883 4955 ἐκείνῳ
3916 4887 4054 4942 ἐπι-

2461 4978 2622 5047 ϐουλὴ
2687 4976 2914 5047 ἐχθρῶν,
2957 4976 3128 5044 τούτῳ
3167 4975 3223 5026 δὲ
3269 4973 3529 5044 ἐπιϐουλὴ
3571 4975 3883 5043 λογισμῶνο
3950 4985 4055 5034 καὶ

2461 5069 2682 5123 τοιαῦτα
2701 5068 2899 5137 πάσχει
2964 5065 2982 5104 ί
3038 5066 3116 5134 τῷ
3145 5065 3466 5134 δαιμονῶντι
3502 5067 3531 5117 6
3562 5064 3799 5134 μεθύων,
3826 5066 4053 5137 ὁμοίως

2431 5149 2434 5152 ’
2462 5163 2834 5233 περιφέρεται,
2889 5159 3087 5227 ὁμοίως
3129 5155 3648 5226 ἐξέστηκεν,ὁμοίως
3670 5159 4053 5226 καταπίπτει,

2462 5253 2659 5323 ὁμοίως
2686 5250 2998 5319 διαστρέφει
3024 5249 3118 5310 τὰς
3145 5247 3329 5317 κόρας,
3362 5248 3562 5316 ὁμοίως
3595 5247 3814 5318 σπαίρει
3837 5252 4056 5323 κείμε-

2465 5359 2551 5405 νος
2580 5341 2669 5393 ὲπὶ
2691 5341 2786 5409 τῆς
2822 5340 2921 5408 γῆς
2951 5340 2973 5376 Β
2992 5353 3004 5366 ο
3041 5336 3214 5406 ἀφρὸν
3243 5337 3306 5388 ἐκ
3332 5335 3425 5388 τοῦ
3460 5337 3724 5405 στόματος
3750 5338 4053 5410 προΐεται,

2529 5483 2553 5520 d
2584 5482 2698 5542 Reg.
2727 5481 2756 5526 2
2789 5479 2907 5542 φορά
2926 5479 3405 5543 καταγίμΑΙὶἱλοῐηηεβ
3428 5481 3643 5543 συμφορά
3667 5497 3834 5542 καταγ.

2532 5557 2553 5581 ε
2579 5539 2773 5591 (ῖοὶἒιὶη.
2800 5539 3057 5597 τίγδήποτς
3083 5539 3272 5594 Ἐπειδὴ
3295 5539 3473 5601 ἐκείνῳ.

2534 5601 2550 5639 ί
2583 5604 2730 5652 Savil.
2755 5605 2801 5649 in
2829 5615 2976 5662 marg.
3001 5602 3060 5647 τὸ.
3083 5602 3203 5648 αὐτὰ
3228 5601 3418 5658 πάσχει.

2531 5667 2552 5703 Β
2577 5665 2772 5716 Coislin.
2803 5664 2872 5711 ἐπ’
2896 5663 3114 5724 ἐδάφους,
