4206 6318
255 282 286 338 5

292 282 326 336 '5

1141 276 1228 332 DE
1265 267 1856 334 RESURRECUONE
1898 268 1958 322 D.
2003 267 2070 325 Ν.
2109 267 2271 326 JESU
2317 266 2615 324 CHRISTI.

3367 269 3476 320 454

225 463 3468 498 MM

1206 658 1826 752 ADVERSUS
1902 653 2491 750 EBRIOSOS

371 894 449 939 ET
485 895 566 938 ne
603 890 1144 947 aesunnsc'rtone,
1197 891 1410 936 SERMO
1454 890 1725 936 manus
1778 889 1845 935 IN
1889 890 2129 936 suam
2177 890 2254 934 ET
2295 887 2509 936 suam
2553 887 2856 934 DOMINICA
2905 887 3158 933 pascua
3204 867 3314 949 (a).

267 1196 319 1249 Ι.
361 1194 476 1248 Veri
491 1196 670 1265 iejunii
687 1193 1109 1265 ratio.—Jejunii
1135 1195 1398 1249 sarcinam
1422 1194 1786 1264 deposuimus,

197 1286 289 1341 sed
322 1302 392 1340 ne
435 1286 666 1340 fructum
708 1286 897 1356 jejuuii
934 1287 1266 1355 deponamus
1295 1303 1308 1337 :
1340 1300 1622 1354 possumus
1645 1285 1788 1339 enim

195 1378 378 1447 jejuuii
407 1379 670 1433 sarcinam
701 1380 971 1448 deponere
999 1388 1052 1431 et
1095 1377 1285 1446 jejunii
1337 1377 1563 1430 fructum
1602 1375 1790 1430 decer-

199 1485 338 1538 pere.
373 1455 638 1524 Praeteriit
666 1468 816 1522 labor
835 1469 1204 1531 certaminum,
1243 1466 1333 1520 sed
1377 1482 1480 1520 non
1511 1475 1793 1534 praetereat

196 1561 431 1615 studium
464 1569 610 1614 recte
650 1560 910 1614 factorum
945 1579 959 1612 :
987 1542 1246 1630 jejunium
1289 1559 1441 1623 abiit,
1473 1559 1566 1613 sed
1607 1558 1792 1626 religio

197 1661 412 1705 inanem
442 1668 455 1704 :
489 1651 598 1705 imo
625 1665 755 1705 vero
779 1666 845 1703 ne
860 1650 1122 1720 jejunium
1147 1649 1360 1719 quidem
1387 1648 1536 1704 abiit.
1570 1648 1793 1701 Verum-

198 1757 377 1802 tamen
404 1745 571 1801 nolite
600 1747 788 1800 timere
817 1763 828 1797 :
870 1745 971 1799 hoc
997 1746 1140 1798 enim
1167 1744 1297 1808 dixi,
1343 1757 1446 1797 non
1479 1753 1536 1797 ut
1571 1743 1791 1797 alteram

196 1836 348 1891 vobis
401 1835 875 1905 Quadragesimam
927 1835 1357 1903 promulgarent,
1405 1833 1500 1888 sed
1542 1841 1599 1887 ut
1641 1832 1794 1886 vobis

198 1931 444 1984 eamdem
487 1929 736 1982 virtutem
771 1926 1142 1981 annuntiarem
1191 1943 1204 1979 :
1237 1925 1496 1994 jejunium
1538 1923 1796 1994 praeteriit

198 2017 503 2087 corporale,
536 2017 630 2072 sed
654 2016 914 2086 jejunium
943 2031 1050 2070 non
1079 2017 1336 2086 pra'leriit
1365 2015 1669 2084 spirituale:
1695 2015 1796 2068 hoc

200 2111 389 2163 melius
417 2118 501 2163 est
544 2109 652 2171 illo,
677 2118 730 2162 et
781 2108 909 2162 illud
955 2116 1172 2177 promer
1213 2107 1314 2160 hoc
1347 2118 1429 2160 est
1471 2107 1792 2163 institutum.

199 2199 680 2266 Quemadmodum,
709 2215 832 2254 cum
873 2199 1205 2268 jejunaretis,
1232 2198 1473 2253 dicebam
1504 2197 1654 2253 vobis
1681 2197 1794 2251 ﬁeri

204 2305 378 2358 posse,
409 2300 470 2344 ut
497 2291 616 2360 quis
640 2290 932 2359 jejunaudo
949 2306 1052 2344 non
1076 2291 1305 2362 jejunet,
1335 2291 1405 2342 ita
1428 2301 1482 2344 et
1508 2305 1646 2344 nunc
1673 2290 1795 2343 dico

204 2383 313 2435 ﬁeri
347 2395 525 2450 posse,
561 2391 618 2435 ut
646 2383 764 2450 quis
809 2396 915 2435 non
951 2381 1243 2450 jejunando
1290 2380 1510 2450 ieiunet.
1546 2379 1796 2448 JEnigma

204 2472 429 2525 fortasse
453 2471 657 2525 videtur
689 2472 738 2525 id
767 2472 907 2540 quod
935 2472 1137 2526 dictum
1165 2483 1267 2537 est,
1301 2485 1483 2526 verum
1521 2486 1621 2540 ego
1647 2485 1798 2539 quae-

205 2562 362 2615 stioni
407 2563 728 2617 solutionem
764 2563 1047 2631 adjuugam
1089 2568 1220 2632 :qui
1262 2562 1376 2617 ﬁeri
1408 2571 1579 2630 potest
1597 2569 1656 2615 ut
1678 2561 1798 2630 quis

199 2651 492 2720 jejunando
522 2669 627 2707 non
648 2653 852 2722 jejunet
875 2652 899 2706 ?
919 2654 1053 2708 Cum
1083 2655 1202 2722 quis
1223 2668 1251 2706 a
1272 2653 1406 2708 cibis
1426 2653 1638 2721 quidem
1671 2653 1796 2706 abs-

205 2745 354 2808 tinet,
383 2759 489 2796 non
527 2744 757 2797 abstinet
793 2753 972 2799 autem
993 2759 1020 2796 a
1050 2748 1300 2813 peccatis.
1328 2744 1426 2811 Qui
1457 2753 1632 2812 potest
1659 2742 1797 2809 fieri,

208 2845 262 2887 ut
302 2849 409 2888 non
446 2834 739 2903 jejunando
776 2836 895 2904 quis
924 2835 1169 2905 jejunet?
1206 2835 1340 2889 Cum
1385 2836 1505 2906 quis
1533 2836 1800 2890 alimentis

205 2926 422 2996 quidem
454 2927 662 2990 fruitur,
690 2937 964 2996 peceatum
996 2943 1122 2982 vero
1151 2943 1256 2981 non
1299 2936 1509 2996 gustat;
1553 2927 1652 2981 hoc
1683 2942 1798 2980 mc-

209 3018 310 3072 lius
336 3029 419 3071 est
442 3018 534 3071 illo
555 3019 837 3087 jejunium,
863 3034 1035 3088 neque
1060 3019 1250 3072 melius
1270 3028 1496 3084 tantum,
1521 3019 1615 3073 sed
1638 3019 1798 3072 etiam

207 3109 375 3161 levius
404 3126 418 3162 :
450 3108 589 3162 illius
615 3109 800 3177 jejunii
841 3119 1080 3178 tempore
1108 3109 1259 3163 multi
1285 3111 1529 3178 corporis
1559 3109 1800 3164 imbecil-

208 3200 410 3253 litatem
467 3200 870 3265 obtendebant,
917 3201 1201 3255 molestum
1261 3201 1568 3270 pruritum:
1613 3199 1801 3256 Scabie

208 3291 440 3360 repletus
465 3306 603 3357 sum,
628 3293 813 3361 inquit,
844 3292 1080 3346 illuviem
1112 3307 1214 3345 non
1257 3292 1369 3346 fero
1401 3309 1413 3345 :
1459 3307 1610 3361 aqu:e
1649 3301 1801 3360 potus

209 3398 295 3439 me
323 3392 510 3438 enecat
534 3402 547 3437 :
576 3384 720 3438 olera
747 3384 1028 3454 degustare
1067 3400 1172 3439 non
1205 3399 1441 3453 possum.
1467 3385 1630 3439 Multa
1659 3386 1804 3454 ejus-

209 3473 354 3529 modi
382 3476 470 3544 qui
513 3484 622 3528 tum
648 3475 890 3530 dicerent
914 3477 1194 3530 audiebam
1222 3477 1419 3531 multos
1454 3495 1466 3530 :
1499 3477 1564 3532 de
1597 3477 1696 3531 hoc
1719 3477 1801 3546 je-

209 3567 361 3635 junio
390 3569 406 3598 ι
439 3567 567 3621 nihil
596 3569 698 3624 tale
726 3569 830 3623 dici
877 3579 1070 3639 potest.
1113 3570 1314 3624 Fruere
1349 3571 1577 3637 balneis,
1603 3586 1803 3625 mensa:

213 3661 474 3730 particeps
502 3669 639 3725 esto,
669 3661 776 3714 vini
806 3673 954 3717 utere
999 3674 1128 3732 pntu
1169 3663 1479 3727 moderato;
1530 3664 1654 3718 licet
1703 3665 1802 3719 de-

210 3759 428 3821 gustare
455 3766 649 3807 carnes
674 3753 892 3822 pariter,
923 3765 1000 3808 est
1034 3754 1123 3822 qui
1151 3753 1427 3823 prohibeat
1453 3770 1610 3809 nemo
1642 3773 1655 3810 :
1684 3771 1803 3809 om.

215 3843 370 3897 nibus
400 3843 594 3910 fruere,
620 3854 824 3899 tantum
852 3845 1059 3900 abstine
1089 3861 1116 3898 a
1151 3854 1385 3914 peccato.
1418 3845 1580 3901 Vides
1607 3856 1663 3900 ut
1689 3862 1805 3900 om-

215 3934 370 3987 nibus
391 3932 544 3988 facile
568 3935 638 3988 sit
667 3933 769 3989 hoc
785 3935 1079 4004 jejunium?
1107 3935 1221 3990 Non
1247 3937 1488 4005 corporis
1524 3936 1804 3990 imbecilli-

216 4033 374 4080 tatem
398 4027 520 4081 lieet
536 4027 829 4082 obtendere
855 4046 867 4082 :
894 4044 1098 4082 merum
1121 4029 1406 4083 estanimte
1421 4038 1568 4084 recte
1586 4030 1801 4084 factum.

220 4119 400 4172 Potest
423 4119 578 4172 etiam
600 4120 863 4190 quispiam
891 4135 996 4174 non
1018 4120 1247 4174 bibendo
1264 4122 1442 4174 vinum
1466 4120 1643 4175 ebrius
1661 4135 1802 4190 esse,

214 4223 265 4265 et
296 4211 477 4264 vinum
505 4211 734 4266 bibendo
757 4213 966 4267 sobrius
991 4228 1131 4266 esse.
1157 4215 1329 4281 Atque
1349 4212 1659 4267 ebrietatem
1683 4229 1805 4269 esse

218 4305 419 4371 absque
447 4304 570 4356 vino
598 4303 745 4357 disce
791 4319 855 4358 ex
886 4304 1146 4372 propheta
1177 4304 1408 4369 dicente,
1448 4303 1538 4358 Vw
1573 4306 1658 4374 qui
1685 4306 1806 4358 ebrii

218 4399 334 4450 estis
361 4397 542 4466 absque
567 4398 682 4450 vino
709 4396 858 4467 (lsai.
882 4399 969 4452 28.
1005 4397 1144 4469 l),et
1175 4400 1443 4467 quomodo
1473 4399 1587 4454 ﬁeri
1631 4408 1808 4468 potest

220 4499 276 4542 ut
301 4488 500 4556 absque
530 4489 653 4542 vino
681 4490 800 4557 quis
830 4489 1154 4543 inebrietur?
1182 4489 1313 4544 Cum
1352 4491 1804 4559 perturbationum

221 4593 424 4632 merum
455 4578 700 4647 religiosa
733 4580 958 4644 ratione,
983 4580 1063 4647 pia
1096 4580 1413 4648 cogitatione
1436 4581 1654 4636 minimc
1673 4589 1809 4635 tem-

223 4667 450 4736 peraris.
480 4667 665 4722 Potest
693 4677 748 4721 et
788 4669 977 4738 aliquis
1022 4669 1254 4724 bibendo
1285 4670 1464 4723 vinum
1491 4669 1672 4726 ebrius
1702 4687 1806 4725 non

220 4774 339 4814 esse
368 4777 383 4812 :
416 4775 478 4813 ac
503 4760 554 4814 ni
583 4761 653 4812 ita
684 4769 845 4824 esset,
889 4776 992 4814 nou
1030 4761 1133 4816 hoc
1163 4761 1444 4816 Timotheo
1485 4763 1675 4817 Paulus
1703 4765 1808 4817 itu-

221 4859 480 4920 perasset,
508 4850 576 4904 ad
601 4866 722 4905 eum
753 4853 993 4906 scribens
1021 4853 1071 4906 in
1100 4853 1214 4907 haec
1243 4852 1400 4906 verba
1426 4870 1442 4908 :
1467 4853 1670 4908 Modico
1697 4857 1809 4908 vina

222 4954 359 4995 utere
384 4953 589 5012 propter
610 4943 924 4996 stomachum
954 4953 1093 4996 tuum
1122 4954 1168 4996 et
1213 4948 1490 5013 frequentes
1517 4955 1629 4999 tua:
1657 4946 1807 5014 inﬁr-

222 5035 419 5086 mitates
442 5035 516 5103 (l.
549 5033 677 5087 Tim.
713 5036 764 5091 5.
788 5034 900 5105 25).
925 5035 1064 5089 Nihil
1087 5037 1280 5106 quippe
1295 5036 1437 5091 aliud
1458 5047 1538 5092 est
1555 5039 1806 5104 ebrietas,

223 5140 379 5194 quam
412 5127 577 5180 animi
603 5127 669 5181 de
695 5128 866 5181 nativa
895 5117 1121 5183 sanitate
1147 5129 1473 5192 deturbatio,
1498 5129 1811 5199 depravatio

222 5219 712 5300 ratiocinatioqum,
740 5223 935 5275 mentis
959 5222 1199 5289 penuria,
1226 5223 1463 5276 vacuitas
1485 5222 1806 5277 intellectus.

224 5309 326 5364 Ista
357 5325 485 5362 vero
511 5325 616 5363 non
645 5310 876 5364 ebrietas
904 5310 1068 5366 efﬁcit
1095 5321 1297 5366 tantum
1337 5328 1402 5366 ex
1433 5313 1576 5378 vino,
1623 5329 1808 5368 verum

217 5399 456 5455 ebrietas
497 5401 658 5454 etiam
686 5416 752 5456 ex
791 5402 866 5456 ira
904 5410 958 5456 et
996 5403 1284 5472 cupiditate
1319 5419 1348 5458 a
1381 5405 1586 5461 ratione
1614 5405 1807 5461 aliena.

284 5603 303 5664 ε
342 5609 455 5664 Reg.
480 5602 528 5650 2.
557 5609 611 5651 et
631 5603 819 5654 Ccislin.
846 5604 1042 5662 addunt,
1065 5605 1322 5664 spirituali.

283 5663 358 5726 (α)
392 5664 569 5716 Collata
617 5680 728 5717 cuiu
770 5675 851 5717 Its.
896 5674 1012 5730 Reg.
1045 5663 1203 5731 ειξι,
1244 5672 1326 5721 ubi
1370 5671 1623 5722 admodum
1665 5685 1812 5736 rauca

1900 1195 2032 1250 Nam
2054 1193 2502 1265 quemadmodum
2526 1192 2726 1249 febrem
2756 1195 2978 1265 gignunt
3003 1194 3216 1265 vigilite,
3243 1196 3410 1266 gignit
3435 1208 3484 1251 et

1901 1286 2154 1356 fatigatio,
2185 1286 2598 1356 gignittristitia,
2623 1286 2789 1356 gignit
2808 1300 3018 1356 quoque
3040 1286 3250 1340 vitiatus
3273 1286 3484 1352 humor,

1901 1385 1955 1430 et
1978 1376 2192 1431 diversa
2221 1375 2434 1446 quidem
2459 1386 2541 1429 est
2569 1390 2749 1439 causa,
2782 1390 2885 1429 una
2909 1391 3036 1430 vero
3057 1376 3234 1444 passio
3258 1384 3311 1430 et
3330 1377 3486 1445 aegri-

1902 1468 2029 1523 tudo
2059 1483 2072 1521 :
2105 1470 2183 1524 sic
2209 1479 2264 1524 et
2296 1469 2346 1522 in
2377 1469 2493 1522 istis
2525 1456 2837 1524 ebrietatem
2867 1466 3005 1538 parit
3041 1468 3252 1537 quidem
3283 1467 3486 1527 viuum.

1901 1559 2039 1629 parit
2073 1570 2124 1614 et
2153 1559 2434 1629 cupiditas,
2475 1560 2611 1628 parit
2651 1569 2704 1612 et
2734 1557 2930 1612 humor
2958 1566 3241 1627 corruptus
3267 1573 3280 1621 ;
3322 1569 3374 1612 et
3403 1557 3487 1611 di-

1903 1666 2052 1705 versa
2083 1649 2296 1720 quidem
2339 1659 2422 1704 est
2464 1649 2704 1711 materia,
2745 1665 2847 1704 una
2887 1664 3016 1705 vero
3051 1651 3226 1718 passio
3256 1655 3312 1703 et
3334 1649 3489 1717 trgi-i-

1904 1741 2049 1794 tudo.
2079 1740 2453 1794 Abstineamus
2480 1739 2548 1793 ab
2573 1739 2830 1794 ebrietate
2863 1757 2876 1792 :
2921 1753 3027 1793 non
3058 1738 3196 1801 dico,
3227 1737 3490 1793 abstinea.

1903 1847 2022 1887 mus
2046 1846 2074 1884 a
2113 1831 2270 1897 vino,
2309 1830 2426 1897 sed,
2469 1831 2536 1884 ab
2577 1829 2836 1885 ebrietate
2860 1829 3243 1889 abstineamus.
3277 1843 3379 1882 non
3411 1829 3488 1881 vi-

1905 1939 2031 1976 num
2060 1921 2222 1977 efficit
2249 1922 2562 1977 ebrietatem
2594 1939 2605 1973 :
2636 1929 2719 1976 est
2761 1921 2902 1975 enim
2947 1920 3053 1980 Dei
3077 1931 3354 1984 creatura;
3397 1920 3489 1973 Dei

1903 2027 2065 2082 porro
2085 2020 2327 2067 creatura
2344 2011 2475 2066 nihil
2497 2012 2659 2067 efﬁcit
2683 2012 2808 2065 mali
2832 2029 2847 2066 :
2868 2012 2962 2066 sed
2991 2011 3234 2066 voluntas
3264 2011 3491 2080 maligna

1903 2103 2067 2158 efﬁcit
2099 2104 2432 2170 ebrietatem.
2464 2105 2636 2173 Atque
2678 2110 2737 2156 ut
2775 2103 2914 2157 scius
2951 2102 3104 2156 aliter
3144 2101 3303 2156 etiam
3336 2118 3494 2172 posse

1903 2197 2206 2266 quempiam
2236 2195 2440 2251 ebrium
2469 2195 2582 2250 ﬁeri
2609 2211 2712 2249 non
2740 2195 2854 2250 solo
2884 2195 3026 2259 vino,
3056 2193 3179 2248 audi
3205 2194 3328 2264 quid
3351 2193 3492 2248 dicat

1898 2292 2100 2346 Paulus
2134 2308 2147 2343 :
2183 2289 2360 2344 Nolite
2384 2290 2624 2343 inebriari
2656 2292 2770 2345 uiuo
2793 2288 3005 2359 (Epltee.
3029 2288 3082 2344 5.
3117 2287 3230 2357 18),
3255 2285 3492 2341 indicans

1905 2383 2058 2437 aliter
2101 2382 2262 2436 etiam
2303 2381 2482 2437 ebrios
2520 2396 2640 2437 esse
2686 2396 2782 2436 nos
2829 2395 3003 2450 posse.
3043 2378 3219 2433 Nolite
3255 2376 3493 2431 inebriari

1905 2477 2040 2539 vino,
2089 2474 2141 2526 in
2186 2483 2285 2540 qu'o
2324 2481 2394 2526 est
2435 2472 2640 2527 luxuria
2687 2487 2706 2525 .°
2758 2470 2984 2524 mirabili
3029 2467 3256 2538 quadam
3289 2468 3495 2521 ratione

1905 2563 2086 2633 paucis
2132 2562 2308 2617 verbis
2353 2577 2565 2616 omnem
2603 2561 2873 2615 ebrietatis
2911 2559 3303 2613 accusationem
3347 2571 3495 2610 com-

1910 2657 2094 2724 plexus
2119 2664 2218 2708 est.
2247 2654 2384 2722 Quid
2424 2662 2526 2720 est,
2563 2652 2736 2706 Nolite
2763 2651 3000 2706 inebriari
3038 2650 3174 2714 vino,
3213 2648 3266 2702 in
3294 2663 3394 2717 quo
3423 2658 3494 2700 est

1905 2748 2152 2803 luxuria?
2177 2746 2501 2802 Luxuriosos
2545 2749 2681 2800 inter
2718 2744 2941 2814 juvenes
2982 2757 3076 2798 eos
3104 2755 3375 2806 vocamus,
3405 2741 3496 2809 qui

1907 2857 2027 2898 cum
2060 2849 2329 2910 paternam
2371 2847 2694 2909 acceperunt
2739 2837 3115 2902 hereditatem,
3145 2844 3333 2890 cuncta
3363 2848 3490 2888 cou-

1908 2933 2082 2989 festim
2109 2932 2418 3002 dilapidant,
2449 2947 2548 2987 nec
2588 2929 2917 3001 perpcuduut
2946 2929 3032 2982 cui
3062 2927 3292 2982 dandum
3325 2927 3412 2990 sit,
3442 2935 3496 2981 et

1907 3026 2120 3096 quando
2148 3026 2216 3080 sit
2239 3024 2494 3090 dandum,
2521 3024 2613 3078 sed
2637 3023 2782 3076 nullo
2819 3021 3028 3077 deleCtu
3054 3030 3103 3076 et
3127 3028 3300 3075 vestes
3324 3029 3378 3073 et
3397 3033 3494 3071 au-

1908 3135 2026 3174 rum
2050 3129 2101 3172 et
2123 3127 2398 3187 argentum
2425 3129 2717 3185 omnesque
2739 3123 2988 3184 paternas
3015 3127 3145 3182 opes
3171 3114 3221 3166 in
3251 3109 3496 3165 meretri-

1907 3226 1997 3266 ces
2019 3219 2074 3266 et
2100 3210 2394 3279 impudicos
2419 3209 2763 3264 distribuunt.
2793 3207 2918 3261 Tale
2938 3206 3185 3277 quiddam
3215 3214 3298 3261 est
3322 3203 3498 3259 ebrie-

1909 3311 1989 3357 tas
2016 3320 2027 3354 :
2053 3311 2322 3370 tamquam
2334 3300 2589 3370 juvenem
2620 3299 2948 3354 luxuriosum
2979 3295 3234 3351 invadens
3264 3303 3494 3348 meuttm

1912 3394 2202 3455 ebriorum,
2233 3394 2438 3447 ratione
2468 3391 2708 3446 servituti
2731 3390 3049 3458 mancipata,
3083 3397 3290 3442 nostras
3311 3402 3498 3441 omnes

1910 3482 2074 3537 animi
2099 3497 2378 3538 sensorum
2408 3496 2541 3551 Opes
2571 3479 2957 3536 inconsiderate
2981 3495 3043 3533 ac
3069 3479 3182 3533 sine
3213 3479 3313 3532 ulla
3337 3477 3498 3531 animi

1911 3573 2202 3627 attentione
2228 3572 2369 3642 cogit
2392 3571 2685 3627 effundere.
2714 3570 2812 3637 Qui
2843 3570 3023 3624 ebrius
3043 3580 3142 3633 est,
3175 3571 3344 3624 nescit
3371 3571 3495 3638 quid

1910 3665 2193 3721 dicendum
2219 3667 2308 3732 sit,
2355 3665 2482 3735 quid
2526 3665 2840 3729 tacendum,
2890 3664 2980 3717 sed
3026 3676 3281 3733 perpetuo
3313 3673 3499 3732 patens

1890 3759 2161 3827 nullaque
2195 3759 2523 3812 obstructum
2552 3757 2710 3826 jauua
2757 3765 2838 3812 est
2881 3771 2942 3809 os
2970 3755 3085 3826 ejus
3117 3774 3130 3809 :
3186 3770 3292 3808 non
3332 3753 3499 3807 vomis

1911 3852 2182 3920 appositus
2203 3861 2284 3905 est
2302 3850 2485 3915 labris,
2517 3865 2621 3905 non
2647 3849 2828 3918 janua.
2859 3849 2956 3916 Qui
2987 3848 3165 3902 ebrius
3192 3855 3293 3911 est,
3321 3845 3500 3914 dispo-

1913 3957 2042 3997 nere
2069 3956 2344 3996 sermones
2372 3956 2499 3995 suos
2529 3942 2580 3994 in
2605 3939 2806 4009 judicio
2836 3941 3025 4005 nescit,
3066 3939 3260 3992 mentis
3289 3936 3500 3990 divitias

1912 4033 2283 4089 administrare
2300 4034 2470 4088 nescit
2495 4051 2507 4088 :
2531 4048 2636 4087 non
2658 4032 2804 4085 novit
2823 4030 2937 4086 haec
2953 4029 3162 4101 quidem
3187 4027 3496 4087 recondere,

1914 4126 2004 4179 illa
2032 4141 2159 4179 vero
2185 4123 2506 4194 expendere,
2551 4123 2645 4178 sed
2688 4123 2870 4178 omnia
2910 4123 2997 4176 illa
3041 4121 3108 4175 ad
3139 4121 3408 4190 impensas
3448 4131 3498 4173 et

1913 4217 2200 4272 effusiones
2227 4217 2594 4271 traducuntur.
2620 4214 2954 4286 Spontaneus
2981 4222 3061 4267 est
3084 4212 3232 4266 furor
3251 4212 3495 4274 ebrietas,

1916 4310 2145 4378 proditio
2201 4309 2624 4378 cogitationum;
2666 4307 2897 4363 ebrietas
2942 4306 3164 4360 ridicula
3204 4303 3496 4367 calamitas,

1916 4400 2134 4454 morbus
2163 4401 2344 4454 sannis
2373 4400 2662 4468 expositus,
2693 4398 3023 4452 voluntarius
3051 4397 3282 4463 daemon,
3316 4403 3370 4450 et
3391 4395 3498 4463 ipsa

1916 4493 2194 4547 molestior
2215 4491 2439 4547 insania.

1988 4585 2044 4638 2.
2071 4582 2343 4636 Ebrietatis
2389 4583 2650 4652 imago.—
2674 4581 2789 4634 Vin‘
2845 4589 2897 4634 tn
2930 4580 3152 4641 discere,
3203 4593 3307 4646 quo
3348 4589 3501 4645 pacto

1917 4675 2246 4729 dmmoniaco
2266 4674 2443 4728 ebrius
2475 4674 2544 4726 sit
2571 4672 2838 4726 deterior?
2864 4671 3179 4725 Miscremur
3199 4670 3312 4737 ejus
3333 4671 3422 4738 qui
3473 4687 3498 4721 ιι

1918 4766 2181 4820 όωιιιοιιίο
2215 4773 2456 4830 vexatur,
2485 4773 2537 4817 at
2559 4763 2700 4818 hunc
2729 4763 2908 4816 odisse
2954 4763 3217 4825 solemus;
3249 4762 3324 4814 illi
3370 4775 3499 4813 con-

1918 4859 2180 4924 dolemus,
2205 4859 2327 4913 huic
2356 4867 2532 4911 autem
2562 4857 2838 4912 irascimur
2877 4863 2930 4908 et
2959 4854 3312 4924 indignamur.
3363 4852 3500 4917 Quid

1921 4952 1989 5004 ita
2023 4951 2136 5020 (b)?
2163 4951 2307 5004 lllius
2336 4951 2476 5004 enim
2500 4949 2716 5003 morbus
2744 4948 2956 5018 injuria,
2984 4946 3137 5016 hujus
3178 4961 3302 5001 vero
3334 4946 3500 5015 negli-

1919 5042 2092 5111 gentia
2119 5052 2200 5096 est
2225 5042 2569 5111 appellandus
2593 5059 2608 5107 ;
2638 5043 2689 5095 in
2714 5042 2803 5096 illo
2821 5041 3024 5094 insidiae
3052 5041 3403 5106 inimicorum,
3449 5042 3499 5093 in

1921 5135 2022 5188 hoc
2049 5134 2252 5188 insidia:
2273 5134 2648 5198 consiliorum;
2678 5149 2776 5187 nec
2801 5134 2956 5186 aliter
2982 5132 3200 5187 allectus
3222 5142 3301 5186 est
3319 5133 3499 5186 ebrius

1920 5243 1981 5281 ac
2010 5227 2367 5283 daemoniaeus
2393 5244 2404 5283 :
2431 5229 2626 5296 pariter
2641 5227 3033 5295 circumagitur,
3059 5225 3252 5294 pariter
3273 5224 3338 5278 de
3365 5231 3504 5279 statu

1921 5321 2116 5375 mentis
2135 5320 2372 5390 dejectus
2397 5331 2499 5386 est,
2543 5321 2742 5389 pariter
2787 5319 3039 5384 concidit,
3072 5319 3268 5387 pariter
3321 5318 3502 5371 oeulo-

1921 5428 2039 5468 rum
2079 5413 2306 5482 pupillas
2337 5398 2680 5482 contorquet,
2725 5411 2922 5481 pariter
2945 5410 3129 5481 jaceus
3160 5411 3210 5464 in
3245 5420 3385 5465 terra
3411 5424 3502 5482 pc-

1921 5613 2210 5663 discrimina.
2232 5618 2353 5660 Item
2376 5623 2484 5659 cum
2510 5617 2625 5672 Reg.
2651 5609 2792 5670 9027,
2821 5617 2870 5661 et
2887 5621 2996 5660 cum
3018 5606 3301 5658 βοίδιίηίΜο
3319 5605 3425 5656 107.

1987 5674 2060 5738 (b)
2093 5676 2174 5725 ltic
2196 5673 2396 5724 multum
2423 5673 2569 5723 variat
2589 5681 2702 5736 tteg.
2724 5674 2772 5721 2.
