4206 6308
779 339 804 390 4
817 342 883 398 35

783 458 879 508 des
902 458 1063 523 jactat
1092 473 1103 507 :
1135 468 1372 524 Spltlttam
1399 473 1460 507 ex
1485 473 1577 508 ore
1607 455 1832 523 projicit,
1878 459 1932 504 et
1962 451 2029 503 ita
2077 448 2347 503 lmteulem

780 546 999 598 salivam
1022 544 1261 610 ell'undit,
1290 556 1446 611 atque
1474 562 1535 597 os
1562 546 1676 614 ejus
1708 542 2021 597 intolerabili
2056 540 2241 593 fin-tore
2270 552 2352 589 rc—

784 637 980 705 pletum
1012 648 1111 688 est.
1173 636 1490 704 lnjucundus
1519 637 1702 688 amicis
1732 644 1812 688 est
1851 633 1929 685 \ir
1968 628 2245 699 ejusmodi,
2274 626 2349 679 ri-

778 726 985 779 diculus
1013 726 1259 787 inimicis,
1293 726 1707 789 contemptibilis
1739 724 1967 785 laumlis,
2002 721 2149 772 uxori
2179 719 2351 785 ingra-

773 826 882 878 tns,
917 816 1161 868 omnibus
1190 816 1426 879 odiosus,
1457 816 1583 882 ipsis
1606 814 1786 867 bestiis
1816 810 2088 865 molestior
2119 825 2131 860 :
2168 807 2349 860 bestia:

776 922 1010 975 eousque
1034 908 1214 960 bibunt
1239 922 1514 975 quousque
1544 907 1641 959 fert
1666 906 1801 966 sitis,
1831 913 1883 956 et
1911 901 2249 969 cupiditatem
2278 896 2350 949 si—

778 1006 925 1048 stunt
947 996 1292 1049 necessitate:
1317 997 1401 1049 hic
1420 994 1819 1064 intemperantia
1842 991 2180 1060 cupiditatem
2200 1000 2347 1040 tran-

773 1089 918 1149 silit,
949 1097 1001 1140 et
1022 1088 1222 1140 ratione
1251 1087 1553 1140 earentibns
1582 1103 1608 1137 a
1640 1087 1841 1137 ratione
1865 1082 2087 1135 alienior
2106 1088 2342 1148 apparet.

777 1175 971 1229 Verum
996 1177 1121 1230 illud
1143 1177 1308 1230 multo
1330 1176 1711 1230 intolerabilius
1737 1186 1836 1238 est,
1862 1172 2001 1242 quod
2029 1171 2244 1224 morbus
2272 1179 2348 1222 tot

779 1269 932 1319 malis
963 1267 1282 1331 redundans,
1304 1276 1484 1336 totque
1507 1282 1685 1319 secum
1715 1266 1969 1317 invehens
1995 1262 2343 1324 calamitates,

773 1372 837 1409 ne
866 1357 1063 1410 crimen
1082 1357 1291 1426 quidem
1309 1368 1573 1419 censetur;
1594 1356 1684 1409 sed
1711 1356 1759 1408 in
1790 1354 2011 1407 divitum
2030 1352 2230 1405 mensis
2248 1350 2348 1402 bu-

770 1448 855 1515 jus
900 1449 1239 1517 turpitudinis
1268 1449 1433 1518 gratia
1466 1465 1635 1517 pugna
1662 1448 1827 1500 oritur
1849 1456 2007 1515 atque
2035 1453 2306 1498 certamen
2328 1482 2342 1506 ,

771 1548 927 1607 atque
952 1538 1089 1593 inter
1115 1555 1172 1593 se
1195 1540 1381 1608 majori
1407 1538 1582 1591 studio
1604 1537 1950 1598 contendunt,
1972 1535 2090 1603 quis
2113 1535 2344 1601 seipsmn

772 1632 938 1699 magis
962 1632 1197 1697 infamet,
1231 1633 1350 1701 quis
1397 1631 1652 1700 majorem
1698 1629 2055 1683 subsannandi
2105 1628 2344 1679 occasio-

775 1736 895 1773 nem
932 1720 1185 1787 pra-beat,
1234 1722 1353 1789 quis
1397 1734 1589 1774 nervos
1639 1718 1865 1786 amplius
1901 1716 2169 1785 infringat,
2226 1729 2377 1783 qus

768 1812 909 1865 vires
931 1814 947 1842 ⁸
975 1813 1198 1879 amplius
1224 1811 1482 1876 debilitet,
1527 1810 1645 1879 quis
1686 1823 2017 1863 communem
2064 1807 2341 1859 Dominum

770 1903 982 1969 gravius
1011 1902 1180 1955 irritet
1211 1919 1222 1954 :
1248 1917 1311 1956 ac
1362 1902 1542 1955 videre
1572 1910 1653 1955 est
1674 1900 1911 1954 stadium
1965 1908 2344 1967 certamenque

768 1989 1112 2044 diabolicum.
1142 1991 1332 2044 Ebrius
1374 1991 1598 2044 mortuis
1628 1990 1873 2043 miserior
1901 1998 1982 2042 est
2012 2006 2024 2041 :
2080 1987 2341 2056 siquidem

722 2130 725 2133 .
774 2080 864 2134 ille
891 2095 1049 2135 sensu
1075 2082 1358 2138 destitutus
1382 2091 1541 2148 jacet,
1576 2094 1745 2148 neque
1778 2078 2041 2131 bona'ulla
2074 2078 2159 2131 vel
2205 2079 2339 2129 mala

768 2179 942 2239 potest
964 2172 1195 2240 operari;
1216 2171 1299 2224 hic
1318 2186 1444 2225 vero
1466 2171 1531 2224 ad
1552 2172 1687 2224 mala
1705 2169 2041 2239 exsequenda
2066 2179 2340 2238 promptus

766 2263 1115 2327 est,etauima
1138 2261 1189 2315 in
1216 2276 1437 2331 corpore
1459 2272 1723 2331 tamquam
1743 2262 1793 2314 in
1812 2271 2157 2314 monumento
2174 2259 2341 2313 defos-

766 2366 826 2403 sa
857 2360 1123 2405 mortuum
1152 2366 1346 2421 corpus
1371 2351 1696 2407 circumfert.
1732 2352 1891 2405 Vides
1925 2362 1980 2405 ut
2006 2351 2247 2404 miserior
2274 2353 2341 2403 sit

765 2442 1115 2509 demoniaco,
1139 2452 1196 2497 ut
1224 2438 1391 2513 magis
1411 2460 1568 2513 quam
1592 2444 1788 2498 mortui
1823 2459 1983 2497 sensu
2015 2442 2340 2496 destitutus?

767 2533 884 2587 Vin‘
913 2544 965 2588 tu
994 2535 1164 2589 dicam
1194 2534 1244 2588 id
1269 2534 1409 2604 quod
1435 2535 1516 2587 his
1545 2537 1791 2588 omnibus
1819 2534 1988 2603 majus
2027 2544 2108 2587 est
2136 2543 2188 2586 et
2213 2548 2337 2601 gra-

765 2626 917 2678 viu's?
948 2625 1138 2679 Ebrius
1166 2625 1327 2679 homo
1369 2625 1421 2679 in
1470 2641 1690 2693 regnum
1718 2626 1974 2680 ccelorum
2008 2625 2204 2677 intrare
2233 2639 2336 2676 non

765 2727 938 2787 potest
964 2734 977 2769 :
1009 2718 1128 2785 quis
1156 2716 1269 2769 hmo
1296 2715 1458 2770 dicit?
1481 2717 1695 2770 Paulus.
1734 2715 1908 2769 Nolite
1952 2731 2119 2768 errare
2140 2730 2158 2766 :
2186 2730 2339 2782 neque

766 2808 1046 2872 fornicarii,
1073 2823 1228 2875 neque
1249 2808 1396 2861 idolis
1417 2809 1696 2871 servientes,
1732 2824 1890 2876 neque
1917 2807 2153 2868 adulteri,
2181 2821 2339 2872 neque

765 2899 961 2963 molles,
1004 2915 1162 2967 neque
1196 2898 1538 2951 masculorum
1588 2900 1948 2959 concubitores,
2000 2896 2156 2967 neque
2178 2898 2333 2965 fures,

765 3004 921 3057 neque
942 2989 1101 3053 avari,
1131 3004 1285 3056 neque
1305 2987 1505 3050 ebriosi,
1535 2998 1689 3058 neque
1717 2990 1967 3050 maledici,
1993 3005 2149 3057 neque
2189 3004 2338 3056 rapa-

767 3095 841 3130 ces
884 3095 1091 3148 regnum
1136 3076 1232 3130 Dei
1271 3079 1591 3145 possidebunt
1630 3078 1718 3149 (l.
1754 3078 1868 3132 Cor.
1900 3079 1951 3132 6.
1982 3079 2033 3131 9.
2082 3078 2190 3147 l0).
2225 3081 2338 3131 Λυ-

768 3170 887 3222 disti
937 3169 1147 3237 qualem
1180 3170 1231 3222 in
1263 3170 1469 3223 turbam
1516 3170 1687 3238 ipsum
1720 3170 2043 3239 conjecerit?
2066 3170 2198 3224 Cum
2237 3171 2337 3222 im-

767 3260 1003 3329 pudicis,
1054 3276 1173 3315 cum
1216 3261 1631 3327 scortatoribus,
1677 3276 1797 3314 cum
1850 3261 2164 3325 idololatris,
2213 3276 2334 3314 cum

767 3353 1018 3407 adulteris
1039 3395 1053 3417 ,
1083 3368 1202 3407 cum
1249 3340 1553 3417 maledicis,
1582 3369 1701 3408 cum
1734 3353 1926 3419 avaris,
1979 3370 2098 3408 cum
2128 3354 2334 3422 rapaci-

768 3446 883 3498 bus.
918 3444 1248 3515 Quid-ergo?
1274 3447 1415 3499 dicet
1442 3447 1649 3515 aliquis,
1686 3446 1895 3501 idemne
1940 3456 2022 3500 est
2064 3445 2245 3500 ebrius
2286 3455 2340 3499 et

768 3537 1097 3604 impudicus?
1120 3538 1258 3591 idem
1289 3538 1465 3593 ebrius
1496 3548 1549 3591 et
1576 3537 1888 3593 idololatra?
1914 3538 2029 3592 Noli
2058 3538 2186 3592 mihi
2228 3540 2340 3593 luce

770 3628 1027 3696 objicere,
1058 3628 1126 3682 mi
1154 3629 1314 3681 homo
1346 3647 1358 3682 :
1389 3630 1532 3699 leges
1557 3630 1762 3685 divinas
1784 3646 1882 3700 ego
1920 3630 2156 3692 recitavi,
2188 3646 2217 3683 a
2255 3646 2339 3685 me

768 3719 1031 3771 rationem
1054 3734 1120 3773 ne
1148 3720 1326 3789 exigas
1353 3738 1364 3771 :
1398 3719 1614 3773 Paulqu
1646 3721 1932 3791 interroga,
1969 3732 2077 3773 tum
2120 3722 2230 3789 ipse
2258 3737 2341 3774 re-

767 3811 1049 3880 spondebit
1079 3829 1090 3865 :
1122 3828 1245 3865 num
1272 3814 1411 3866 enim
1436 3828 1556 3868 cum
1580 3813 1707 3882 ipsis
1727 3822 1819 3867 aut
1860 3815 2083 3867 seorsim
2111 3814 2177 3868 ab
2212 3813 2339 3881 ipsis

770 3905 1031 3973 supplicio
1049 3905 1346 3969 addicatur,
1374 3920 1480 3959 non
1511 3920 1725 3974 possum
1748 3906 1927 3959 dicere
1963 3923 1975 3957 :
2028 3920 2187 3972 porro
2234 3920 2339 3957 non

771 3996 949 4048 minus
970 4010 1127 4064 quam
1157 3995 1509 4057 idololatram,
1536 3996 1681 4048 illum
1720 4012 1749 4047 a
1782 4010 1945 4063 regno
1988 3996 2238 4047 caelorum
2260 4009 2344 4047 ex-

770 4086 969 4147 cidere,
1005 4085 1056 4138 id
1084 4099 1211 4139 vero
1251 4086 1445 4154 Oppido
1493 4084 1842 4139 conﬁrmabo.
1872 4083 2007 4136 Cum
2039 4084 2195 4153 igitur
2243 4082 2343 4136 hoc

769 4177 821 4229 in
864 4175 1110 4229 confesso
1152 4176 1239 4241 sit,
1272 4177 1395 4244 quid
1426 4192 1455 4229 a
1486 4190 1571 4229 me
1593 4175 1845 4244 deinceps
1887 4176 2147 4228 rationem
2182 4188 2339 4241 repo-

772 4267 877 4321 scis
898 4268 963 4319 de
990 4268 1189 4335 peccati
1215 4267 1489 4320 mensura?
1513 4267 1643 4321 Cum
1666 4268 1807 4321 enim
1830 4277 1982 4320 extra
2002 4265 2142 4319 fores
2172 4280 2345 4319 rema-

770 4367 910 4421 neat,
935 4372 1054 4409 cum
1085 4373 1113 4410 a
1144 4371 1307 4426 regno
1345 4356 1573 4421 excidat,
1621 4372 1742 4410 cum
1778 4371 1969 4427 expers
2009 4356 2098 4409 liat
2135 4356 2338 4419 salutis,

768 4461 889 4499 cum
921 4446 985 4499 ad
1012 4447 1323 4515 supplicium
1346 4447 1659 4500 amandelur
1675 4456 1956 4513 a‘ternum,
1982 4446 2105 4513 quid
2134 4457 2186 4500 tu
2215 4446 2343 4499 mihi

772 4548 1105 4607 peccatorum
1134 4553 1407 4593 mensuras
1436 4548 1489 4591 et
1515 4537 1751 4592 bilances
1767 4548 1823 4593 et
1846 4540 2068 4592 trutinas
2088 4537 2295 4608 profers
2323 4538 2345 4591 2

770 4627 986 4698 Indigna
1019 4642 1234 4697 prorsus
1259 4645 1342 4682 res
1369 4638 1451 4682 est
1478 4629 1730 4694 ebrietas,
1760 4629 2113 4695 dilectissimi,
2159 4639 2211 4683 et
2240 4631 2346 4682 im-

773 4730 993 4788 portuna
1035 4718 1210 4773 valde.
1255 4718 1367 4772 Non
1400 4733 1515 4773 mea
1548 4734 1642 4773 vos
1672 4728 1873 4787 spectat
1918 4720 2089 4786 oratio
2120 4737 2132 4771 :
2165 4720 2300 4773 absit
2331 4737 2343 4773 :

773 4812 927 4880 plane
954 4811 1213 4879 siquidem
1238 4808 1399 4864 credo
1424 4822 1652 4864 vestram
1684 4812 1914 4864 animam
1939 4811 2005 4864 ab
2033 4811 2347 4881 argritndine

774 4901 871 4954 hac
901 4910 955 4955 et
1002 4903 1184 4955 morbo
1225 4918 1342 4956 esse
1390 4902 1677 4956 immunem
1711 4921 1725 4957 :
1764 4918 1826 4957 ac
1864 4912 2054 4958 vestra:
2108 4905 2348 4958 sanitatis

773 5002 1141 5060 argumentum
1172 5002 1272 5056 est,
1298 4992 1437 5062 quod
1468 4993 1550 5046 hic
1582 4994 1883 5056 versemini,
1914 4995 2055 5064 quod
2101 4996 2204 5048 huc
2232 4995 2350 5047 dili-

772 5092 960 5151 genter
1008 5086 1357 5149 conveniatis,
1412 5084 1550 5152 quod
1584 5094 1782 5139 attente
1825 5087 2089 5141 audiatis:
2145 5101 2345 5152 nemo,

774 5175 862 5243 qui
890 5175 1008 5228 vino
1038 5176 1351 5242 inebrietur,
1380 5176 1679 5230 divinorum
1701 5192 1820 5231 esse
1854 5179 2075 5247 cupidus
2110 5178 2351 5246 eloquio-

774 5281 891 5319 rum
926 5274 1117 5334 potest.
1169 5260 1341 5320 Nolite
1367 5267 1603 5320 inebriari
1629 5270 1740 5320 vino
1764 5310 1777 5332 ,
1828 5270 1877 5321 in
1908 5286 2003 5338 quo
2031 5279 2102 5322 est
2124 5271 2346 5333 luxuria,

776 5358 862 5411 sed
892 5359 1166 5427 implemini
1208 5358 1403 5424 Spiritu
1448 5358 1663 5428 (h‘phes.
1708 5360 1762 5414 5.
1806 5361 1910 5428 l8).
1964 5361 2222 5415 l'rarclara
2270 5370 2352 5416 est

776 5450 892 5503 lucc
941 5451 1207 5504 ebrietas:
1260 5451 1357 5505 hac
1409 5451 1636 5521 Spiritus
1664 5452 1877 5520 crapula
1930 5463 2069 5505 tuam
2120 5455 2350 5509 animam

779 5558 987 5611 sopora.
1022 5559 1087 5597 ne
1109 5543 1365 5598 ebrietate
1393 5558 1612 5613 soporos
1639 5561 1650 5596 :
1684 5558 1995 5614 pra‘occupa
2040 5558 2269 5600 utentem
2298 5556 2353 5600 et

820 5681 859 5725 ςι
893 5678 1100 5769 leois-lia,
1129 5688 1347 5737 utentem,
1390 5692 1491 5740 pro,
1511 5679 1635 5730 vires
1657 5690 1673 5728 :
1699 5692 1807 5743 qua:
1827 5679 1973 5731 lectio
1997 5694 2091 5731 nou
2118 5690 2191 5733 est
2214 5697 2351 5745 sper-

774 5758 949 5791 ιιο.¹ι;.;.ι.

1492 346 1546 398 S.
1588 337 1864 398 .lO.-\NN|S
1921 326 2395 388 CIIRYSOSTOMI
2437 322 2750 380 ARCIIIEP.
2791 314 3327 375 CONSTANTINOP.

3978 132 4185 180 "'ﬂ

3936 311 4041 368 ιδσ

2462 441 2831 511 cegitationes,
2851 455 2918 493 ne
2936 438 3108 491 locuut
3130 432 3409 503 impudens
3439 430 3526 484 ille
3550 426 3763 481 morbus
3786 425 4040 479 inveniat.

2460 532 2748 598 Propterea
2777 546 2880 582 non
2911 528 3063 591 dixit,
3098 524 3391 590 Participes
3430 530 3602 576 estote
3640 520 3889 587 Spiritus,
3943 516 4041 570 sed

2462 621 2751 689 lmptemini
2782 618 2979 687 Spiritu
3011 635 3027 670 :
3054 617 3117 669 ad
3151 627 3419 667 summum
3450 627 3618 680 usque
3642 620 3874 663 mentem
3904 618 4039 660 tam~

2424 780 2429 783 μ
2461 729 2621 782 quam
2646 712 2863 765 calicem
2898 710 3058 777 imple
3102 707 3325 776 Spiritu,
3375 716 3429 758 ut
3459 705 3589 771 nihil
3630 702 3881 769 deinceps
3913 702 4039 769 inji-

2457 819 2579 858 cere
2601 804 2768 871 possit
2794 801 3037 853 diabolns
3064 818 3085 861 ε,
3107 815 3211 851 non
3243 799 3385 851 enim
3417 797 3603 865 quovis
3627 795 3787 848 modo
3818 796 4036 863 partici-

2460 912 2550 964 pes
2571 912 2666 947 nos
2693 895 2802 947 tieri
2838 892 3033 960 Spiritu
3065 891 3171 958 jam
3200 899 3427 957 oportet,
3458 888 3551 943 sed
3580 888 3780 957 Spiritu
3803 889 4036 957 impleri,

2458 986 2693 1055 psalmis,
2729 983 2960 1053 hynmis,
2990 986 3211 1037 canticis
3234 983 3622 1050 spiritualibus,
3657 981 3848 1049 quibus
3874 980 4039 1033 hodie

2455 1078 2641 1144 repleti
2666 1078 2794 1129 estis
2828 1093 2841 1128 :
2874 1074 3282 1145 quapropterde
3315 1075 3660 1144 temperantia
3690 1083 3864 1126 vestra
3903 1088 4038 1126 con-

2459 1169 2584 1220 lido.
2612 1167 2906 1221 Praeclarus
2936 1176 3019 1221 est
3047 1167 3201 1220 nobis
3226 1165 3499 1219 ebrietatis
3528 1164 3666 1217 calix
3706 1182 3719 1216 :
3772 1172 3853 1216 est
3896 1164 4038 1215 calix

2453 1259 2745 1321 ebrietatis,
2774 1260 2862 1327 qui
2916 1257 3322 1326 temperantiam
3354 1255 3544 1325 gignit,
3584 1270 3690 1307 non
3722 1253 4032 1323 paralysim.

2452 1350 2706 1415 Quisnam
2739 1349 2827 1401 ille
2859 1350 3059 1416 porro?
3088 1348 3231 1401 Calix
3257 1346 3571 1415 spiritualis,
3595 1345 3729 1398 calix
3762 1344 4035 1404 salutaris,

2452 1442 2588 1494 calix
2636 1440 2947 1509 impollutus
3004 1439 3263 1493 Dominici
3320 1437 3591 1504 sanguinis
3640 1453 3652 1487 :
3707 1450 3811 1486 non
3870 1434 4035 1501 gignit

2452 1534 2763 1585 ebrietatem
2788 1531 2876 1585 ille
2902 1530 3061 1592 calix,
3098 1544 3203 1581 non
3227 1528 3515 1597 paralysim
3536 1526 3719 1595 gignit.
3748 1524 3859 1577 Non
3891 1525 4036 1576 enim

2453 1626 2599 1677 vires
2629 1624 2890 1687 dissolvit,
2916 1623 3009 1677 sed
3038 1620 3177 1675 vires
3208 1621 3437 1683 excitat,
3474 1619 3561 1672 ille
3582 1632 3777 1671 nervos
3810 1631 3915 1668 non
3952 1616 4037 1667 iu-
4081 1680 4087 1686 ’

2450 1716 2652 1784 fringit,
2682 1715 2774 1770 sed
2818 1713 3045 1767 intendit
3075 1729 3087 1765 :
3116 1710 3458 1765 sobrietatem
3486 1710 3684 1779 quippe
3722 1707 3876 1760 allert
3902 1722 3914 1770 ;
3950 1706 4037 1759 ille

2449 1806 2648 1874 angelis
2675 1805 3005 1860 venerandus
3034 1814 3138 1869 est,
3186 1802 3517 1856 tltemonibus
3574 1800 3899 1864 tremendus,
3935 1800 4036 1851 bo-

2432 1900 2680 1953 ‘Ininibus
2704 1900 2987 1966 pretiosus,
3010 1896 3235 1950 Domino
3262 1896 3526 1949 amabilis.
3552 1894 3711 1946 Vides
3739 1892 3863 1961 quid
3894 1893 4038 1945 dicat

2452 1990 2613 2042 David
2644 1989 2711 2043 de
2741 1988 3003 2056 spirituali
3030 1987 3196 2041 calice
3224 1988 3346 2049 isto,
3388 1985 3475 2055 qui
3520 1985 3823 2054 prepositus
3871 1992 3953 2037 est
3982 1984 4034 2035 in

2449 2082 2547 2135 bac
2578 2080 2805 2135 mensa?
2835 2078 3041 2132 Parasti
3064 2080 3115 2131 in
3130 2090 3395 2147 conspectu
3425 2094 3533 2131 meo
3550 2093 3773 2130 mensam
3794 2077 4037 2129 adversus

2447 2190 2547 2233 eos,
2582 2173 2665 2240 qui
2680 2170 2921 2224 tribulam
2948 2188 3026 2224 me
3052 2187 3071 2222 :
3101 2170 3431 2239 impinguasti
3456 2170 3507 2221 in
3529 2170 3639 2221 oleo
3663 2177 3811 2236 caput
3843 2183 4033 2226 meum,

2446 2276 2491 2317 et
2515 2264 2651 2317 calix
2680 2274 2795 2317 tuus
2827 2264 3079 2317 inebrians
3108 2280 3257 2330 quam
3290 2263 3568 2331 prwclarus
3615 2273 3688 2314 est
3714 2259 3887 2329 (Psal.
3936 2260 4030 2313 22.

2446 2355 2523 2423 5).
2554 2356 2760 2408 Etenim
2794 2370 2861 2409 ne
2890 2354 3074 2407 audito
3116 2354 3333 2407 nomine
3386 2352 3662 2408 ebrietatis
3704 2351 3881 2403 subito
3921 2366 4033 2404 me-

2448 2456 2648 2510 tueres,
2674 2456 2727 2499 et
2750 2445 3009 2514 ejusmodi
3043 2453 3261 2513 putares
3287 2458 3427 2507 esse,
3461 2454 3517 2495 ut
3548 2442 3916 2495 inﬁrmitatem
3951 2442 4036 2494 iu-

2444 2540 2619 2601 ducat,
2659 2539 2903 2608 adjunxit
2952 2552 3073 2592 esse
3098 2537 3483 2605 pratclarumet
3534 2535 3766 2588 ﬁrmum.
3823 2533 4033 2587 Novum

2442 2630 2717 2683 ebrietatis
2746 2644 2933 2698 genus,
2962 2627 3128 2681 robur
3158 2626 3391 2679 immittit
3420 2634 3473 2678 et
3502 2624 3734 2678 validum
3764 2623 3940 2677 reddit
3970 2637 4034 2676 ac

2444 2730 2715 2789 potentem
2750 2738 2764 2774 :
2795 2721 2989 2789 quippe
3010 2717 3148 2787 quod
3186 2733 3251 2771 ex
3283 2717 3539 2786 spirituali
3585 2726 3733 2784 petra
3764 2712 4038 2783 proﬂuxe-

2442 2813 2514 2867 rit
2541 2831 2552 2865 ε
2579 2829 2681 2867 non
2714 2822 2795 2867 est
2834 2812 3144 2881 depravatio
3192 2811 3596 2879 cogitationum,
3629 2808 3722 2861 sed
3775 2808 4030 2876 spiritua-

2442 2906 2568 2959 lium
2596 2904 2975 2973 cogitationum
3005 2902 3383 2957 accumulatio.

2518 2999 2569 3051 5.
2611 2997 2721 3051 llac
2748 2995 3005 3051 ebrietate
3047 2995 3178 3049 ebrii
3236 2996 3422 3057 simus,
3478 2993 3544 3046 ab
3570 2993 3656 3045 illa
3698 3005 3826 3045 vero
3864 2990 4033 3043 absti-

2445 3102 2682 3151 neanms,
2718 3102 2785 3140 ne
2814 3094 3127 3154 praesentem
3160 3085 3545 3138 solemnitatem
3598 3082 3860 3135 dedecore
3910 3080 4032 3133 alti-

2443 3180 2643 3232 ciamus
2670 3195 2683 3231 :
2714 3192 2817 3230 non
2839 3178 2980 3231 enim
3010 3187 3161 3229 terrae
3193 3185 3416 3239 tantum,
3446 3174 3537 3227 sed
3569 3182 3621 3226 et
3649 3172 3760 3225 creti
3780 3182 3861 3225 est
3890 3187 4038 3240 pra--

2444 3285 2567 3323 sens
2612 3269 2920 3322 solemnitas
2948 3284 2961 3330 ;
3004 3265 3162 3320 hodie
3196 3264 3444 3333 gaudium
3476 3264 3633 3317 estin
3679 3272 3839 3327 terra,
3870 3262 4033 3316 hodie

2442 3360 2693 3429 gaudium
2746 3359 2796 3411 in
2836 3358 3005 3411 czclo:
3037 3356 3081 3410 si
3123 3356 3262 3409 enim
3312 3370 3420 3408 uno
3467 3364 3745 3423 peccatore
3770 3368 4036 3407 converso

2442 3453 2691 3523 gaudium
2718 3451 2878 3505 estin
2907 3460 3046 3503 terra
3076 3458 3131 3503 et
3154 3448 3284 3502 cmlo
3340 3448 3357 3513 (
3389 3446 3516 3500 Luc.
3550 3446 3634 3499 15.
3670 3446 3811 3508 10),
3862 3446 4035 3497 ntulto

2445 3544 2614 3613 magis
2642 3552 2849 3597 extorto
2874 3542 2941 3596 de
2965 3542 3159 3595 diaboli
3194 3542 3435 3593 manibus
3467 3550 3578 3593 toto
3609 3538 3739 3591 orbe
3766 3547 4033 3591 terrarmn

2445 3636 2690 3705 gaudium
2728 3636 2832 3688 erit
2876 3634 2934 3687 in
2974 3634 3126 3687 caelo.
3159 3632 3309 3685 Nunc
3341 3632 3607 3685 exsultant
3651 3629 3843 3697 angeli,
3887 3643 4036 3681 nunc

2445 3727 2689 3780 l.rtantur
2712 3725 3036 3793 archangeli,
3069 3739 3209 3777 nunc
3235 3722 3519 3776 Cherubim
3546 3730 3599 3776 et
3617 3720 3897 3788 Serapbim
3931 3719 4037 3772 hoc

2447 3817 2719 3870 nobiscum
2762 3815 2954 3869 festum
2999 3813 3271 3868 celebrant
3299 3832 3311 3865 ;
3341 3827 3447 3865 nou
3476 3812 3593 3865 illos
3619 3809 3781 3879 pudet
3807 3824 4033 3863 conser-

2446 3920 2673 3967 vorum,
2732 3905 2827 3960 sed
2884 3905 3079 3958 nostris
3121 3903 3274 3957 bonis
3324 3903 3671 3971 gratulantur.
3721 3900 3828 3952 Etsi
3887 3902 4035 3952 enim

2448 4010 2686 4052 nostrum
2715 4009 2796 4053 est
2818 3997 2958 4066 quod
2984 4014 3013 4050 a
3046 3997 3267 4050 Domino
3294 3997 3593 4064 accepinms
3632 3994 3853 4057 donum,
3880 4008 4036 4047 eom-

2450 4091 2624 4145 nmnis
2653 4098 2737 4143 est
2763 4097 2937 4143 tamen
2968 4098 3157 4142 etcum
3198 4086 3301 4139 illis
3326 4076 3589 4154 voluptas.
3634 4083 3736 4138 Sed
3769 4083 3891 4152 quid
3934 4098 4037 4153 ego

2448 4198 2740 4238 conservos
2765 4181 3162 4235 commemoro?
3189 4180 3360 4249 ipsum
3405 4160 3680 4231 Dominum
3713 4177 3926 4228 illorum
3975 4191 4037 4228 ac

2450 4285 2690 4328 nostrum
2730 4273 3005 4327 nobiscum
3042 4271 3318 4325 celebrare
3368 4270 3557 4322 festum
3598 4283 3703 4320 non
3750 4267 3951 4335 pudet:
3986 4277 4039 4319 at

2450 4366 2572 4435 quid
2586 4381 2682 4433 ego
2698 4380 2883 4418 rursus
2901 4380 3002 4417 non
3023 4378 3142 4417 eum
3166 4361 3363 4430 pudere
3378 4361 3497 4414 dico
3513 4358 3820 4421 ?Desiderio,
3841 4358 4035 4426 inquit,

2452 4458 2727 4511 desideravi
2755 4458 2847 4509 hoc
2880 4455 3083 4510 Pascha
3130 4452 3437 4506 manducare
3462 4450 3713 4503 vobiscum
3739 4448 3758 4520 (
3783 4447 3908 4502 Luc.
3945 4449 4037 4502 9.2.

2453 4549 2521 4603 15
2548 4547 2604 4619 );
2635 4546 2773 4616 quod
2812 4548 2858 4600 si
2908 4545 3127 4599 Pascha:
3159 4544 3347 4596 festum
3396 4541 3668 4595 celebrare
3709 4537 4041 4592 desideravit

2454 4641 2765 4700 nobiscum,
2819 4638 2957 4690 haud
3006 4636 3223 4691 dubium
3274 4634 3400 4702 quin
3460 4642 3513 4687 et
3564 4631 4040 4686 Resurrectionem

2453 4748 2684 4804 quoque.
2712 4730 2935 4797 Quando
2964 4728 3119 4797 igitur
3153 4726 3325 4795 angeli
3352 4724 3602 4793 gaudent,
3632 4733 3685 4775 et
3709 4722 4044 4792 archangeli,

2453 4824 2795 4891 omniumque
2847 4820 3099 4874 Dominus
3125 4818 3417 4872 celestium
3461 4816 3713 4869 virtutum
3760 4813 4039 4867 nobiscum

2456 4914 2644 4969 festum
2693 4912 3049 4973 concelebrat,
3097 4924 3218 4980 qua:
3250 4907 3463 4962 tandem
3507 4919 3787 4976 superesse
3826 4906 4043 4959 occasio

2454 5008 2681 5061 tristitiae
2706 5004 2927 5074 potest?

2531 5095 2690 5149 Nulla
2717 5110 3044 5165 personarum
3076 5092 3330 5147 distinctio
3360 5091 3411 5143 in
3443 5088 3830 5159 participatione
3850 5086 4042 5157 Myste-

2458 5188 2931 5243 riorum.—Nullus
2963 5201 3159 5255 pauper
3188 5186 3257 5237 ob
3286 5194 3647 5253 paupertatem
3678 5182 3745 5236 sit
3775 5191 4001 5235 mwstus
4028 5198 4039 5240 ;

2462 5282 2572 5336 luce
2594 5286 2735 5335 enim
2764 5279 3047 5333 celebritas
3076 5287 3159 5331 est
3179 5277 3467 5346 spiritualis
3500 5294 3512 5328 :
3543 5276 3720 5328 nullus
3748 5273 3899 5327 dives
3921 5273 4044 5327 elle-

2461 5382 2607 5426 ratur
2635 5372 2701 5426 ob
2731 5371 2979 5432 divitias;
3011 5368 3138 5421 nihil
3192 5368 3331 5421 enim
3367 5384 3430 5421 ex
3488 5365 3722 5434 pecuniis
3770 5364 3834 5417 ad
3892 5365 4045 5433 lmjus

2460 5462 2783 5518 celebritatis
2796 5462 3113 5529 voluptatem
3131 5468 3303 5527 potest
3316 5458 3575 5513 conferre.
3598 5456 3725 5510 Nam
3742 5457 3791 5509 in
3812 5469 4047 5510 externis

2462 5554 2673 5624 quidem
2700 5562 2753 5606 et
2782 5554 3124 5607 smcnlarihus
3148 5553 3315 5619 festis,
3337 5553 3423 5605 ubi
3457 5552 3680 5604 multum
3713 5566 3943 5614 mermn,
3964 5552 4045 5603 ulu

2461 5661 2641 5702 mensa
2668 5644 2861 5699 referta
2910 5656 2962 5699 et
3004 5646 3068 5698 ad
3118 5646 3414 5698 satietatem
3442 5644 3780 5706 comessatio,
3816 5645 3907 5697 ubi
3940 5655 4046 5696 tur-

2464 5737 2647 5809 pitudo
2685 5748 2737 5791 et
2787 5738 2943 5803 risus,
2976 5737 3061 5793 ubi
3090 5738 3262 5792 oumis
3315 5752 3502 5807 potttpa
3548 5736 3781 5791 satauiea
3814 5753 3828 5788 :
3860 5734 4050 5790 merito
