4206 6318
768 437 870 492 637

770 553 1054 625 Σατανικὴ,
1086 557 1366 623 εἰκότως-ό
1398 559 1494 628 μὲν
1529 558 1696 627 πένης
1735 562 2005 633 κατηφὴς,
2033 561 2061 613 6
2087 559 2140 612 δὲ
2169 556 2330 610 πλού-

766 651 877 698 σιος
914 637 971 687 ὲν
1017 639 1356 712 φαιδρότητι’
1408 641 1459 694 τί
1483 641 1857 710 δήποτεςὊτι
1891 646 1918 696 6
1957 644 2052 713 μὲν
2080 643 2332 701 πλούσιος

761 717 952 787 δαψιλῆ
992 721 1346 789 παρατίθεται
1388 721 1684 792 τράπεζαν,
1708 726 1802 778 κα)⁵
1841 726 2037 795 μᾶλλον
2070 721 2323 778 ἀπολαύει

761 801 988 871 τρυφῆς,
1022 804 1050 855 6
1083 803 1138 856 δὲ
1184 805 1349 872 πένης
1403 805 1511 859 ἀπὸ
1549 806 1649 875 τῆς
1684 807 1872 868 πενίας
1928 807 2189 860 κωλύεται
2232 805 2336 878 τὴν

761 883 926 952 αὐτὴν
982 885 1288 955 φιλοτιμίαν
1330 886 1726 952 ἐπιδείξασθαι·
1774 888 2004 941 ἐνταῦθα
2064 889 2121 941 δὲ
2175 889 2330 941 οὐδὲν

759 967 998 1019 τοιοῦτον
1014 985 1026 997 ·
1062 969 1157 1038 μία
1185 969 1430 1033 τράπεζα
1443 971 1535 1022 καὶ
1549 969 1624 1040 τῷ
1654 971 1889 1041 πλουσίῳ
1911 973 2000 1024 καὶ
2020 971 2094 1040 τῷ
2117 971 2327 1041 πένητι,

763 1048 868 1100 κᾶν
899 1048 1148 1115 πλούσιός
1177 1068 1259 1113 τις
1281 1046 1336 1124 ᾗ,
1373 1053 1525 1105 οὐδὲν
1549 1056 1613 1122 τῇ
1631 1051 1874 1122 τραπέζῃ
1899 1054 2204 1122 προσθεῖναι
2241 1053 2329 1104 δύ-

763 1149 918 1184 ναται
939 1148 953 1162 °
993 1133 1093 1186 κᾶν
1120 1134 1306 1202 πένης,
1341 1136 1492 1188 οὐδὲν
1521 1136 1734 1189 ἔλαττον
1765 1136 1910 1207 παρά
1935 1136 2029 1205 τῆς
2059 1135 2243 1198 πενίας
2263 1134 2329 1187 τά

762 1218 860 1280 τῆς
889 1214 1165 1278 κοινωνίας
1212 1216 1538 1270 διακείσεται
1570 1234 1580 1244 ·
1625 1217 1743 1270 θεία
1770 1220 1876 1288 γάρ
1903 1221 2049 1270 ἐστιν
2081 1219 2114 1287 ἡ
2135 1217 2292 1286 χάρις
2312 1233 2326 1247 ·

765 1295 858 1345 καὶ
896 1295 948 1348 τί
978 1295 1274 1365 θαυμάζεις
1318 1301 1365 1351 εί
1397 1299 1632 1369 πλουσίῳ
1660 1301 1753 1352 καὶ
1789 1300 2007 1368 πένητι;
2043 1299 2200 1367 Αὐτῴ
2225 1298 2330 1367 γάρ

763 1377 838 1444 τῷ
864 1377 1071 1445 βασιλεῖ
1084 1379 1159 1448 τῷ
1176 1381 1234 1433 τὸ
1255 1381 1486 1450 διάδημα
1512 1381 1892 1452 περικειμένῳ,
1927 1381 2002 1451 τῷ
2022 1382 2120 1450 τὴν
2143 1381 2331 1450 ἁλουρ-

762 1459 880 1523 γίδα
910 1459 1103 1530 ἔχοντι,
1133 1461 1209 1530 τῷ
1235 1463 1333 1530 τὴν
1358 1462 1598 1526 ἐξουσίαν
1609 1464 2063 1534 ἐγκεχειρισμένῳ
2087 1463 2185 1531 τῆς
2205 1463 2325 1530 γῆς,

765 1541 955 1612 ἐκείνῳ
977 1540 1053 1611 τῷ
1079 1542 1304 1611 βασιλεῖ,
1339 1545 1432 1596 καὶ
1444 1544 1519 1614 τῷ
1564 1544 1763 1614 πτωχῷ
1789 1545 1865 1616 τῷ
1897 1546 2031 1615 πρὸς
2059 1543 2155 1613 τὴν
2178 1543 2331 1611 ὲλεη-

768 1627 1003 1697 μοσύνην
1030 1629 1370 1700 καθεζομένῳ
1393 1632 1488 1700 μία
1504 1631 1748 1702 τράπεζα
1771 1633 2070 1702 πρόκειται.
2097 1629 2330 1682 Τοιαῦτα

764 1709 831 1762 τὰ
860 1710 1008 1780 δῶρα
1029 1710 1096 1764 τά
1123 1715 1423 1766 Δεσποτικά
1441 1729 1454 1742 θ
1483 1714 1542 1766 οὐ
1570 1716 1680 1776 τοῖς
1714 1713 1986 1784 ἀξιώμασι
2008 1713 2204 1782 διαιρεῖ
2232 1710 2330 1782 τὴν

764 1793 1067 1857 κοινωνίαν,
1097 1794 1229 1848 ἀλλά
1251 1798 1316 1866 τῇ
1351 1796 1664 1865 προαιρέσει
1699 1797 1791 1848 καὶ
1819 1799 1882 1866 τῇ
1915 1796 2136 1866 διανοίᾳ.

836 1875 1055 1947 [Ὅταν
1111 1878 1218 1948 γὰρ
1252 1878 1366 1950 ἴδῃς
1427 1879 1484 1930 ὲν
1530 1880 1792 1949 ἐκκλησίᾳ
1848 1880 2054 1948 πένητα
2094 1877 2330 1947 πλουσίῳ

768 1960 1106 2028 παρεστῶτα,
1154 1960 1334 2030 ἰδιώτῃ
1368 1962 1618 2032 ἄρχοντα,
1658 1961 1848 2029 εὐτελῆ
1881 1960 1960 2030 τῷ
1991 1961 2329 2030 ὑπερέχοντι,

765 2042 853 2091 τὸν
883 2041 989 2103 ἔξω
1032 2042 1298 2112 τρέμοντα
1329 2042 1426 2112 τὴν
1471 2042 1804 2107 δυναστείαν,
1836 2042 1942 2094 ἔσω
1986 2043 2157 2105 ἀδεῶς
2195 2060 2329 2111 συμ-

767 2123 1088 2193 παρεστῶτα
1116 2126 1180 2191 τῇ
1232 2123 1536 2192 δυναστείᾳ,
1569 2124 1757 2194 νόησον
1787 2124 1838 2177 τί
1859 2127 1994 2187 ἐστι,
2024 2124 2163 2178 Τότε
2190 2139 2333 2194 συμ-

766 2203 1208 2271 ὅοσκηθήσεται
1254 2207 1441 2270 λύκος
1485 2206 1633 2273 μετὰ
1678 2205 1894 2273 ἀρνῶν.
1927 2205 2101 2258 Λύκον
2156 2207 2332 2259 τοίνυν

767 2283 974 2354 καλεῖή
1003 2286 1040 2336 Γ
1045 2286 1186 2355 ραφὴ
1213 2286 1304 2338 τὸν
1337 2286 1607 2352 πλούσιον,
1633 2288 1817 2356 ἀρνίον
1849 2288 1937 2340 τὸν
1967 2288 2195 2357 πτωχόν.
2225 2289 2332 2341 Καὶ

768 2367 929 2418 πόθεν
962 2365 1138 2429 τοῦτο,
1172 2369 1253 2420 ὅτι
1284 2370 1612 2437 Κοινωνήσει
1642 2368 1800 2432 λύκος
1823 2369 2016 2438 ἀρνίῳ,
2045 2369 2103 2422 δν
2134 2371 2332 2440 τρόπον

769 2448 1017 2511 πλούσιος
1069 2449 1204 2518 μετά
1241 2449 1490 2518 πτωχοῦ;
1537 2451 1774 2520 Πρόσεχε
1809 2452 2068 2521 ἀκριϐῶς.
2095 2453 2330 2523 Ἕστηκε

771 2531 1020 2593 πολλάκις
1046 2531 1296 2594 πλούσιος
1321 2533 1412 2599 καὶ
1430 2533 1596 2602 πένης
1611 2534 1667 2584 ὲν
1691 2533 1979 2602 ἐκκλησίᾳ·
2019 2531 2166 2604 [662]
2206 2551 2334 2587 κατ-

767 2611 958 2666 έλαϐεν
983 2616 1015 2682 ἠ
1037 2612 1152 2682 ὥρα
1168 2613 1273 2665 τῶν
1293 2613 1448 2666 θείων
1467 2615 1794 2684 μυστηρίων·
1814 2614 2092 2678 ἐξωθεῖται
2117 2617 2145 2667 ὁ
2175 2615 2334 2668 πλού-

770 2712 881 2758 σιος
906 2695 978 2757 ὡς
999 2695 1260 2765 ἀμύητος,
1296 2696 1506 2748 ἵσταται
1537 2695 1592 2748 δὲ
1620 2696 1648 2746 6
1679 2696 1843 2762 πένης
1869 2695 2015 2758 ἐντὸς
2047 2695 2152 2749 τῶν
2174 2699 2334 2767 οὐρα-

768 2777 893 2829 νίων
920 2777 1150 2845 σκηνῶν,
1178 2779 1270 2830 καὶ
1295 2777 1391 2829 οὐκ
1410 2777 1706 2844 ἀγανακτεῖ
1732 2777 1760 2828 6
1792 2776 2073 2846 πλούσιος’
2101 2773 2207 2830 οἶδε
2227 2779 2334 2845 γάρ

742 2891 744 2894 ν
770 2861 956 2912 ἑαυτὸν
979 2860 1251 2929 ἀλλότριον
1295 2860 1400 2912 τῶν
1433 2857 1608 2912 θείων
1625 2860 1958 2930 μυστηρίων.
2002 2859 2137 2911 Ἀλλ’
2168 2859 2212 2910 ὣ
2239 2860 2334 2927 τῆς

768 2943 914 3005 θείας
931 2943 1144 3012 χάριτος
1162 2943 1173 2994 ί
1193 2942 1252 2994 οὐ
1280 2941 1437 3012 μόνον
1465 2942 1721 3012 ὁμοτιμία
1735 2943 1965 3013 ὑπάρχει
1982 2945 2038 2996 έν
2051 2945 2115 3013 τῇ
2139 2943 2336 3012 ὲκκληο

770 3027 860 3096 σία
890 3027 977 3078 διὰ
1014 3027 1110 3096 τὴν
1132 3025 1224 3078 τοῦ
1241 3026 1374 3078 Θεοῦ
1392 3025 1572 3096 χάριν,
1597 3025 1730 3078 ἀλλά
1758 3027 1851 3079 καὶ
1879 3027 2040 3095 ἡνίκα
2072 3027 2333 3089 ἵστανται,

770 3108 1024 3170 πολλάκις
1051 3110 1079 3161 6
1107 3108 1274 3178 πένης
1305 3108 1394 3160 τὸν
1437 3106 1687 3161 πλούσιον
1713 3108 1980 3178 πρωτεύει
2009 3110 2064 3160 ὲν
2093 3111 2158 3178 τῇ
2186 3109 2337 3160 εὐσε⁹

770 3190 909 3260 ϐείᾳ,
944 3191 1038 3242 καὶ
1066 3190 1214 3243 οὐδὲν
1239 3189 1519 3259 ὠφέλησεν
1558 3191 1586 3241 6
1616 3189 1838 3252 πλοῦτος
1859 3189 1949 3241 τὸν
1968 3188 2154 3258 ἔχοντα
2185 3189 2338 3251 έκτὸς

771 3273 1068 3335 εὐσεϐείας,
1085 3273 1206 3325 οὐδὲ
1234 3273 1394 3326 πενία
1416 3273 1505 3325 τὸν
1529 3273 1715 3326 πιστὸν
1730 3273 2000 3344 ἐζημίωσε
2013 3271 2340 3343 παρεστῶτα

770 3355 928 3408 αὐτὸν
954 3354 1091 3425 μετά
1145 3354 1378 3426 θάρῤους
1425 3354 1502 3424 τῷ
1552 3356 1691 3424 ἁγίῳ
1743 3356 2128 3425 θυσιαστηρίῳ.
2157 3355 2339 3406 Ταῦτα

769 3439 826 3491 δὲ
859 3437 1020 3504 λέγω,
1038 3439 1328 3507 ἀγαπητοὶ,
1380 3439 1506 3508 περὶ
1551 3438 1656 3490 τῶν
1686 3439 2126 3508 κατηχουμένων,
2155 3438 2247 3491 καὶ
2277 3439 2336 3490 οὐ

777 3522 900 3590 περὶ
922 3520 1027 3572 τῶν
1049 3520 1232 3584 ἀπλῶς
1257 3521 1543 3574 πλουσίων.
1583 3521 1887 3590 Ἐννόησον,
1920 3522 2188 3590 ἀγαπητὲ,
2223 3520 2339 3585 πῶς

777 3603 1044 3672 ὑποχωρεῖ
1085 3603 1182 3670 τῆς
1236 3603 1524 3671 ἐκκλησίας
1579 3603 1860 3673 δεσπότης,
1895 3605 1986 3656 καὶ
2019 3603 2338 3674 παρεδρεύει

775 3688 883 3747 τοῖς
918 3684 1233 3754 μυστηρίοις
1265 3685 1450 3747 πιστὸς
1489 3684 1705 3755 οἰκέτης
1725 3700 1739 3714 '
1768 3687 2041 3756 ἀναχωρεῖ
2065 3685 2338 3746 δέσποινα,

780 3768 869 3820 καὶ
894 3766 1038 3836 μένει
1071 3766 1456 3836 ήθεράπαινα·
1502 3768 1828 3834 Πρόσωπον
1881 3767 1989 3837 γὰρ
2031 3767 2340 3834 ἀνθρώπου

781 3849 923 3916 Θεὸς
947 3851 1017 3904 οὑ
1043 3849 1346 3918 λαμϐάνει.
1372 3851 1484 3903 υύκ
1515 3850 1628 3902 ἐστι
1654 3850 1830 3904 τοίνυν
1851 3853 1909 3906 ὲν
1946 3854 2011 3920 τῇ
2053 3850 2344 3920 Ἐκκλησία

776 3931 958 3994 δοῦλος
995 3934 1087 3985 καὶ
1141 3931 1418 4003 ἐλεύθερος
1445 3950 1458 3965 ο
1501 3931 1617 3986 ἀλλ’
1668 3935 1873 3986 ἐκεῖνον
1925 3927 2031 3985 οἵδε
2086 3931 2267 3985 δοῦλον
2311 3934 2343 4000 ή

782 4014 968 4085 Γραφὴ
993 4015 1082 4067 τὸν
1104 4016 1168 4084 τῇ
1197 4014 1439 4085 ἁμαρτία
1473 4013 1878 4085 δεδουλωμένον.
1919 4015 1972 4067 Ὀ
2003 4014 2112 4082 γὰρ
2139 4012 2343 4076 ποιῶν,

782 4097 935 4167 φησὶ,
959 4096 1072 4162 τὴν
1102 4097 1411 4164 ἁμαρτίαν,
1434 4095 1649 4162 δοῦλός
1697 4096 1828 4149 ἐστι
1871 4095 1980 4164 τῆς
2021 4097 2307 4163 ἁμαρτίας
2329 4113 2342 4125 ο

784 4181 874 4232 καὶ
904 4180 1108 4230 ἐκεῖνον
1131 4175 1267 4230 οἶδεν
1291 4176 1572 4247 ἐλεύθερον
1615 4177 1705 4230 τὸν
1734 4177 1838 4232 ὐπὸ
1870 4178 1966 4247 τῆς
2007 4177 2154 4238 θείας
2191 4177 2346 4248 χάρι-

783 4279 872 4324 τος
887 4258 1376 4331 ἡλευθερωμένον.]

854 4343 1004 4396 Μετὰ
1027 4343 1125 4410 τῆς
1151 4341 1318 4408 αὐτῆς
1364 4341 1670 4410 παρῥησίας
1707 4339 1798 4392 καὶ
1842 4341 1870 4392 6
1921 4339 2167 4408 βασιλεὺς
2200 4341 2291 4392 καὶ
2321 4341 2350 4392 6

787 4427 949 4494 πένης
980 4425 1112 4493 πρὸς
1137 4423 1234 4494 τὴν
1269 4422 1545 4492 τράπεζαν
1572 4422 1816 4492 ἔρχονται
1841 4422 2062 4491 ταύτην,
2089 4425 2225 4491 μετά
2253 4423 2350 4491 τῆς

787 4508 952 4576 αὐτῆς
974 4507 1156 4576 τιμῆς,
1191 4505 1450 4566 πολλάκις
1483 4504 1539 4556 δὲ
1567 4505 1596 4556 6
1620 4505 1790 4574 πένης
1817 4504 1909 4556 καὶ
1941 4504 2078 4573 μετά
2111 4505 2350 4567 πλείονος

787 4589 986 4658 τιμῆςο
1020 4589 1072 4640 τί
1099 4588 1334 4658 δήποτε;
1367 4587 1485 4639 Ὀτι
1517 4588 1545 4640 6
1579 4587 1677 4658 μὲν
1715 4587 1960 4656 βασιλεὺς
1997 4586 2208 4659 μυρίοις
2252 4587 2350 4656 έμ-

790 4671 1160 4740 πεπλεγμένος
1186 4682 1209 4710 II
1244 4670 1583 4741 πράγμασιν,
1630 4668 1818 4738 ῶσπερ
1857 4668 1986 4731 ναῦς
2019 4669 2350 4738 πανταχόθεν

789 4751 1282 4826 περιρῤαντίζεται,
1339 4751 1432 4805 καὶ
1469 4750 1638 4804 πολλά
1682 4750 2066 4821 προστρίϐεται
2099 4751 2350 4822 ἁμαρτή-

794 4853 970 4890 ματα·
1007 4837 1034 4888 6
1070 4837 1124 4888 δὲ
1160 4836 1326 4904 πένης
1372 4834 1510 4904 ὑπὲρ
1544 4833 1844 4901 ἀναγκαίας
1877 4833 2172 4902 φροντίζων
2195 4833 2353 4903 μόνον

790 4919 1012 4989 τροφῆς,
1067 4919 1160 4970 καὶ
1216 4917 1307 4969 τὸν
1338 4916 1664 4986 ἀπράγμονα
1697 4916 1791 4967 καὶ
1821 4915 2039 4984 ἡσύχιον
2081 4917 2354 4986 ἐπανῃρη-

795 5002 948 5067 μένος
975 4999 1106 5069 βίον,
1131 4999 1370 5070 ηρεμῶν,
1395 4999 1580 5069 ῶσπερ
1604 5001 1659 5050 έν
1686 4999 1864 5068 λιμένι
1887 4998 2189 5068 καθήμενος
2219 4997 2354 5067 μετὰ

794 5083 991 5151 πολλῆς
1010 5083 1106 5151 τῆς
1127 5082 1419 5150 ἀσφαλείας
1434 5085 1500 5152 τῇ
1521 5082 1764 5152 τραπέζῃ
1784 5080 2159 5150 προσέρχεται.
2190 5081 2355 5133 Πάλιν

794 5168 850 5217 ὲν
879 5170 997 5228 ταῖς
1053 5167 1263 5234 ἑορταῖς
1312 5168 1429 5228 ταῖς
1461 5165 1658 5231 ἔξωθεν
1688 5169 1715 5218 6
1776 5165 1874 5233 μὲν
1921 5165 2085 5233 πένης
2124 5167 2180 5216 ὲν
2226 5181 2356 5216 κατ-

793 5249 982 5317 ηφείᾳ,
1012 5249 1040 5299 6
1070 5247 1123 5299 δὲ
1160 5247 1407 5310 πλούσιος
1436 5250 1492 5299 ἐν
1528 5248 1862 5317 φαιδρότητι,
1891 5248 1950 5299 οὐ
1989 5247 2073 5299 διὰ
2100 5248 2196 5316 τὴν
2222 5247 2352 5315 τρά-

787 5331 965 5394 ’πεζαν
992 5331 1168 5401 μόνον,
1205 5330 1338 5382 ἀλλά
1365 5333 1457 5382 καὶ
1480 5331 1565 5382 6:6
1611 5332 1677 5381 τὰ
1710 5332 1895 5398 ἱμάτια
1921 5347 1931 5358 ·
1969 5330 2102 5400 ὅπερ
2127 5332 2232 5399 γὰρ
2266 5331 2358 5382 ἐπὶ

799 5416 896 5482 τῆς
922 5414 1195 5484 τραπέζης
1230 5416 1514 5481 πάσχουσι.
1545 5415 1700 5466 τοῦτο
1748 5414 1840 5466 καὶ
1879 5414 1970 5465 ἐπὶ
1994 5413 2099 5466 τῶν
2134 5414 2360 5482 ἱματίων

801 5498 1179 5566 ὑπομένουσιν.
1215 5494 1384 5548 ’Ὅταν
1429 5498 1535 5564 γὰρ
1587 5498 1671 5568 ἴδῃ
1718 5499 1743 5548 6
1781 5497 1943 5564 πένης
1994 5497 2080 5547 τὸν
2134 5496 2360 5565 εὔπορον

804 5579 894 5631 καὶ
926 5579 1370 5648 πολυτελεστέραν
1410 5580 1862 5649 περιϐεϐλημένον
1901 5579 2105 5647 στολὴν,
2147 5580 2361 5647 πλήττε-

870 5765 889 5787 "
921 5766 1021 5822 R93
1061 5766 1086 5810 Ξ
1110 5763 1460 5822 ἐμϐεϐλημένος.
1493 5764 1670 5812 Eodem
1699 5764 1742 5808 in
1765 5763 1924 5810 mdlcc
1947 5762 2095 5808 mulla
2121 5761 2227 5807 him
2253 5762 2360 5810 inde

812 5829 953 5876 Velm
981 5830 1361 5884 inlcrserunlur,
1396 5839 1503 5884 quae
1526 5826 1645 5873 mhil
1669 5825 1844 5872 addunt
1875 5824 1930 5870 ad
1961 5825 2156 5870 serivm.

1517 445 1574 498 S.
1625 444 1909 503 JOANNIS
1945 439 2434 504 CHRYSOSTOMI
2476 446 2796 504 ARCIIIEP.
2829 447 3368 504 CONSTANTINOP.

3898 445 4005 500 638

2438 577 2548 624 ται,
2581 565 2673 616 καὶ
2716 563 2983 627 ταλανίζει
3009 562 3157 632 παρά
3187 563 3388 624 πάντας
3415 558 3622 614 ἑαυτόν.
3661 559 3804 611 Ἐντε
3821 556 3920 611 ῦθα
3946 560 4010 613 δὲ

2440 652 2534 702 καὶ
2555 651 2691 720 αῦτη
2720 653 2752 720 ή
2785 649 2956 703 ἔνδεια
2973 649 3239 719 ἀνῄρηται
3259 665 3271 679 ·
3306 647 3363 699 ἓν
3384 647 3490 716 γὰρ
3515 645 3660 717 παρά
3677 645 3838 698 πᾶσίν
3857 648 4008 698 ἐστιν

2442 737 2676 807 ίμάτιον,
2715 737 2774 789 τὸ
2794 737 3012 806 λουτρὸν
3043 737 3100 788 τὸ
3125 736 3386 804 σωτήριον
3406 751 3419 764 ο
3455 735 3627 786 Ὅσοι
3662 733 3788 802 γὰρ,
3817 731 4009 802 φησὶν,

2437 828 2522 892 εἰς
2578 825 2832 893 Χριστὸν
2885 825 3297 890 ἐϐαπτίσθητε,
3338 817 3593 891 Χριστὸν
3615 821 4009 875 ἐνεδύσασθε.

2437 913 2528 983 Μὴ
2572 913 2747 966 τοίνυν
2786 911 3232 981 καταισχύνωμεν
3282 908 3381 980 τὴν
3426 909 3620 978 ἑορτὴν
3672 901 3876 977 ταύτην
3937 911 4008 978 τῇ

2440 1001 2577 1072 μέθῃ
2594 1019 2606 1032 ’
2639 1003 2730 1053 καὶ
2748 1001 2854 1069 γάρ
2883 999 2910 1051 6
2932 999 3206 1068 Δεσπότης
3239 998 3393 1067 ἡμῶν
3410 996 3691 1060 πλουσίους
3718 996 3811 1049 καὶ⁵
3846 995 4011 1067 πένη·

2433 1107 2532 1152 τας
2555 1089 2754 1157 ὁμοίιος
2781 1087 3028 1156 ἐτίμησε,
3061 1087 3154 1138 καὶ
3184 1085 3400 1147 δούλους
3427 1083 3521 1137 καί⁵
3553 1083 3814 1146 δεσπότας
3836 1101 3848 1112 ο
3871 1083 4013 1138 ἀλλά

2437 1173 2793 1245 ἀμειψώμεθα
2835 1174 2926 1226 τὸν
2977 1172 3253 1241 Δεσπότην
3283 1170 3380 1239 τῆς
3433 1170 3559 1238 περὶ
3589 1171 3737 1238 ἡμᾶς
3761 1169 3974 1232 εὐνοίας
3993 1187 4008 1200 ·

2432 1261 2635 1332 ἀμοιϐὴ
2665 1263 2720 1315 δὲ
2749 1261 2966 1332 ἀρίστη,
2986 1259 3226 1312 πολιτεία
3257 1258 3494 1326 καθαρὰ,
3513 1258 3607 1310 καὶ
3635 1257 3779 1327 ψυχὴ
3810 1261 4013 1329 νήφοι.-

2436 1367 2522 1403 σα.
2547 1348 2693 1418 Αὕτη
2724 1350 2756 1419 ὴ
2785 1348 2943 1418 ἑορτὴ
2977 1346 3071 1399 κα)⁵
3100 1347 3132 1416 ἡ
3161 1347 3464 1420 πανήγυρις
3492 1346 3552 1396 οὐ
3581 1345 3877 1414 χρημάτων
3903 1345 4013 1396 δεῖ-

2433 1453 2540 1502 ται,
2559 1437 2675 1490 οὐδὲ
2691 1436 2950 1506 δαπάνης,
2979 1435 3112 1488 6116
3138 1432 3603 1504 προαιρέσεωςκαὶ
3625 1432 3862 1494 διανοίας
3884 1432 4013 1504 ἀρί-

2438 1541 2567 1594 στης
2584 1542 2596 1554 ³
2623 1522 2842 1575 τοιαῦτα
2867 1523 2975 1591 γὰρ
2995 1520 3228 1574 ἐνταῦθα
3250 1519 3318 1572 τὰ
3330 1518 3483 1572 ὥνια.
3513 1518 3679 1571 Οὐδὲν
3697 1519 4014 1588 σωματικὸν

2436 1611 2662 1665 ἐνταῦθα
2695 1611 2970 1671 πωλεῖται,
2994 1609 3129 1662 ἀλλά
3149 1608 3412 1678 ἀκρόασις
3441 1608 3600 1660 θείων
3623 1607 4013 1676 λογίων,εὐχα”ί

2436 1700 2714 1771 Πατέρων,
2763 1698 3000 1765 εὐλογίαι
3053 1697 3262 1765 ἱερέων,
3299 1693 3542 1764 ὁμόνοια,
3569 1693 3663 1747 καὶ
3700 1695 3887 1763 είρήνη
3913 1695 4012 1746 καὶ

2439 1786 2741 1855 συμφωνία,
2805 1783 3147 1854 πνευματικά
3205 1781 3272 1835 τὰ
3323 1780 3489 1854 δῶρα,
3544 1779 3911 1849 πνευματικὸς
3984 1780 4017 1831 6

2441 1873 2647 1942 μισθός.

2517 1987 2894 2060 Ἐορτάσωμεν
2958 1985 3056 2054 τὴν
3109 1983 3301 2055 ἑορτὴν
3350 1983 3555 2054 ταύτην
3592 1981 3690 2052 τὴν
3745 1981 4016 2052 μεγίστην

2438 2076 2533 2129 καὶ
2552 2073 2828 2144 λαμπράν,
2879 2073 2937 2124 ὲν
2968 2065 3221 2144 ᾖάνέστη
3253 2071 3281 2122 6
3302 2069 3533 2139 K69L0c'
3570 2070 3913 2137 έορτάσωμεν
3953 2067 4016 2118 δὲ

2437 2163 2605 2232 αὐτὴν
2629 2159 2866 2228 φαιδρῶς
2893 2158 3026 2228 ὁμοῦ
3060 2157 3152 2209 καὶ
3178 2155 3442 2218 θεοσεϐῶς
3460 2171 3475 2186 ⁸
3505 2155 3702 2225 ἀνέστη
3718 2154 3824 2223 γὰρ
3845 2157 3872 2206 6
3893 2153 4014 2205 Κύ-

2440 2266 2572 2320 ριος,
2601 2248 2695 2300 καὶ
2722 2247 2819 2317 τὴν
2832 2243 3156 2313 οἰκουμένην
3183 2242 3360 2312 ἑαυτῷ
3390 2242 3779 2320 συνανέστησεν
3798 2256 3811 2269 ο
3849 2238 4018 2302 αὐτὸς

2441 2339 2536 2406 μὲν
2569 2335 2786 2403 ἀνέστη,
2814 2331 2961 2404 [665]
2990 2331 3083 2384 τοῦ
3123 2329 3351 2384 θανάτου
3381 2330 3448 2382 τά
3486 2329 3659 2396 δεσμά
3692 2319 4013 2398 διαρρήξας.

2440 2425 2722 2494 Ἥμαρτεν
2758 2418 2928 2489 Ἀδὰμ
2985 2419 3076 2472 καὶ
3133 2417 3398 2471 ἀπέθανεν
3423 2433 3436 2446 ο
3476 2416 3590 2468 ἀλλ’
3627 2416 3724 2484 οὐχ
3767 2415 4016 2484 ἥμαρτεν

2437 2515 2465 2564 6
2487 2509 2734 2579 Χριστὸς,
2764 2508 2857 2559 καὶ
2888 2505 3143 2557 ἀπέθανε,
3170 2504 3367 2555 Καινὸν
3394 2503 3487 2556 καὶ
3512 2500 3809 2570 παράδοξον
3829 2498 4013 2550 τοῦτο·

2439 2598 2643 2656 ἐκεῖνος
2695 2594 2929 2662 ἥμαρτε,
2971 2591 3063 2643 καὶ
3120 2589 3410 2654 ἀπέθανεν,
3459 2579 3609 2648 οὗτος
3645 2586 3744 2654 οὐχ
3771 2585 4014 2654 ἥμαρτε,

2441 2684 2534 2737 καὶ
2571 2680 2833 2734 ἀπέθανε·
2872 2677 2959 2729 διὰ
3000 2676 3079 2741 τί;
3106 2677 3222 2729 ’Ὶνα
3246 2676 3273 2726 6
3299 2670 3557 2744 ἁμαρτὼν
3601 2672 3692 2724 καὶ
3725 2669 4017 2724 ἀποθανὼν

2439 2771 2527 2824 διά
2581 2767 2673 2822 τοῦ
2727 2767 2802 2838 μὴ
2851 2765 3184 2835 ἁμαρτόντος
3238 2762 3358 2832 μὲν,
3389 2761 3746 2822 ἀποθανόντος
3799 2759 3874 2824 δὲ,
3924 2758 4018 2810 δυ⁶

2441 2857 2575 2927 νηθῇ
2613 2854 2706 2908 τοῦ
2769 2854 2998 2906 θανάτου
3054 2852 3151 2912 τὰς
3200 2848 3368 2910 λαϐάς
3418 2847 3807 2901 ἀποδύσασθαι.
3856 2844 4018 2897 υῦτω

2441 2947 2537 2998 καὶ
2584 2943 2675 2996 ἐπὶ
2724 2942 3019 3012 χρημάτων
3064 2938 3290 3004 γίνεταιο
3335 2935 3567 3002 Ὀφείλει
3611 2951 3694 2996 τις
3730 2932 4015 2993 πολλάκις,

2441 3034 2535 3085 καὶ
2586 3031 2684 3082 οὐκ
2729 3028 2866 3097 έχων
2921 3025 3247 3079 καταϐαλεῖν
3301 3021 3587 3090 κατέχεται
3637 3022 3694 3072 ὲν
3751 3019 3973 3088 δεσμοῖς
4000 3034 4014 3048 ’

2443 3117 2597 3179 ἀλλος
2617 3115 2715 3168 οὐκ
2745 3112 2994 3180 ὀφείλων,
3033 3109 3327 3178 δυνάμενος
3372 3107 3426 3160 δὲ
3463 3105 3809 3169 καταϐαλεῖν,
3847 3121 4019 3157 κατα-

2445 3205 2574 3267 θεὶς,
2626 3201 2860 3254 ἀπέλυσε
2910 3199 3004 3250 τὸν
3057 3195 3384 3252 ὑπεύθυνον·
3442 3194 3585 3246 οῦτω
3637 3193 3729 3245 καὶ
3771 3193 3863 3245 ἐπὶ
3920 3190 4018 3243 τοῦ

2458 3290 2624 3358 Ἀδὰμ
2649 3287 2891 3356 γέγονεν’
2919 3282 3165 3350 Ὠφειλεν
3186 3285 3214 3335 6
3243 3280 3433 3348 Ἀδὰμ,
3470 3279 3748 3348 κατείχετο
3780 3277 3886 3330 61:6
3920 3275 4019 3329 τοῦ

2443 3375 2707 3438 διαϐόλου,
2763 3371 2876 3426 ἀλλ’
2905 3371 3004 3423 οὐκ
3037 3364 3146 3438 εἶχε
3199 3365 3522 3419 καταϐαλεῖν
3547 3382 3558 3393 ·
3587 3366 3686 3416 οὐκ
3723 3362 3957 3430 ὤφειλεν
3995 3364 4024 3414 6

2444 3463 2694 3534 Χριστὸς,
2733 3459 2854 3512 οὐδὲ
2887 3456 3168 3526 κατείχετο
3199 3454 3302 3506 ὑπὸ
3339 3452 3430 3504 τοῦ
3460 3450 3726 3510 διαϐόλου,
3751 3449 3864 3502 ἀλλ’
3895 3449 4024 3517 ἠδύ-

2445 3567 2572 3606 νατο
2621 3547 2930 3600 καταθεῖναι
2966 3543 3026 3595 τὸ
3074 3543 3248 3612 χρέος.
3289 3536 3481 3600 ἾΙλθε,
3509 3537 3766 3590 κατέϐαλε
3790 3536 4022 3588 θάνατον

2447 3638 2587 3706 ὐπὲρ
2611 3635 2703 3687 τοῦ
2739 3631 3100 3704 κατεχομένου
3141 3628 3244 3681 61:6
3273 3625 3364 3679 τοῦ
3399 3624 3666 3686 διαϐόλου,
3701 3623 3786 3675 ἵνα
3810 3623 4022 3675 ἐκεῖνον

2446 3723 2707 3792 ἀπολύσῃ.

2517 3841 2577 3895 δ’.
2599 3837 2746 3904 Εἶδες
2768 3839 2864 3908 τῆς
2891 3833 3231 3894 ἀναστάσεως
3253 3829 3320 3881 τά
3337 3824 3766 3896 κατορθώματα;
3789 3822 4024 3875 Διπλοῦν

2449 3927 2785 3995 ἀπεθάνομεν
2812 3924 2974 3992 ἡμεῖς
3000 3919 3245 3977 θάνατον,
3275 3911 3469 3966 οὐκοῦν
3493 3910 3688 3978 διπλῆν
3718 3909 4023 3995 προσδοκή-

2453 4030 2632 4082 σωμεν
2676 3994 2774 4080 τὴν
2823 4007 3133 4061 ἀνάστασιν.
3169 4001 3338 4060 Αὐτὸς
3368 3996 3568 4051 ἀπλοῦν
3595 3995 3832 4048 ἀπέθανε
3859 3994 4022 4048 Θάνα-

2451 4117 2569 4152 τον·
2601 4099 2686 4150 διὰ
2734 4095 2889 4149 τοῦτο
2935 4092 3028 4145 καὶ
3065 4089 3238 4158 ἁπλῆν
3272 4087 3470 4153 ἀνέστη
3508 4083 3802 4135 ἀνάστασιν
3825 4099 3838 4112 ·
3865 4082 4022 4145 πῶς;

2466 4183 2606 4252 Ἐγὼ
2629 4184 2771 4250 λέγω
2792 4195 2804 4208 ·
2851 4178 3144 4231 Ἀπέθανεν
3167 4176 3194 4226 6
3235 4171 3405 4241 Ἀδάμ
3427 4169 3521 4222 καὶ
3553 4167 3632 4237 τῷ
3663 4167 3895 4238 σώματι,
3931 4169 4026 4252 καὶ

2453 4275 2518 4342 τῇ
2541 4251 2716 4340 ψυχῇ·
2741 4266 2977 4321 ἀπέθανε
3009 4264 3101 4316 καὶ
3125 4263 3190 4330 τῇ
3235 4258 3477 4329 ἁμαρτίᾳ
3506 4257 3600 4310 καὶ
3739 4255 3898 4342 φύσει
3921 4272 3935 4284 ο
3955 4251 4027 4324 ’ῃ

2455 4341 2532 4411 ἂν
2569 4354 2754 4424 ἡμέρῃ
2782 4352 3007 4421 φάγητε
3034 4347 3151 4402 ἀπὸ
3171 4346 3278 4399 τοῦ
3308 4344 3518 4407 ξύλου,
3551 4341 3782 4406 θανάτῳ
3804 4341 4025 4394 ἀποθα-

2455 4444 2674 4498 νεῖσθε.
2736 4439 2844 4493 Καὶ
2902 4437 3006 4505 μὴν
3057 4436 3154 4486 οὐκ
3193 4432 3329 4500 αὐτῇ
3364 4432 3430 4500 τῇ
3464 4428 3647 4498 ἡμέρᾳ
3691 4426 3931 4479 ἀπέθανε
3961 4428 4025 4495 τῇ

2458 4531 2635 4600 φύσει,
2662 4526 2794 4580 ἀλλά
2837 4526 2901 4594 τῇ
2938 4520 3175 4591 ἁμαρτία
3212 4517 3481 4571 ἀπέθανεν
3527 4514 3589 4553 δ’
3628 4514 3833 4600 ἐκεῖνος
3871 4516 3900 4565 6
3934 4512 4026 4566 θά-

2457 4597 2612 4678 νατος
2647 4614 2746 4682 τῆς
2806 4610 3002 4679 ψυχῆς,
3055 4600 3206 4666 οὗτος
3251 4606 3279 4654 6
3335 4601 3560 4661 θάνατος
3602 4597 3696 4650 τοῦ
3755 4597 4023 4666 σώματος.

2460 4706 2628 4756 Ὅταν
2673 4701 2730 4753 δὲ
2791 4695 3029 4766 ἀκούσῃς
3067 4694 3149 4744 ὅτι
3198 4692 3423 4751 θάνατος
3467 4686 3667 4754 ψυχῆς,
3695 4684 3770 4754 μὴ
3800 4685 4028 4754 νομίσῃς

2457 4789 2629 4859 ψυχὴν
2660 4786 3040 4854 ἀποθνήσκειν·
3077 4781 3340 4838 ἀθάνατος
3380 4777 3486 4846 γάρ
3529 4776 3680 4859 ὲστιέ
3713 4773 3939 4859 θάνατος

2458 4853 2652 4945 φυχῆς,
2685 4853 2928 4943 ἁμαρτία
2968 4869 3060 4920 καὶ
3097 4865 3314 4922 κόλασις
3357 4861 3567 4914 αἰωνία.
3602 4858 3698 4945 Διά
3728 4853 3885 4909 τᾱῦτο
3937 4857 4029 4908 καὶ

2459 4943 2737 5033 όΧριστός
2772 4973 2926 5026 φησι,
2983 4953 3078 5020 Μὴ
3114 4949 3417 5020 φοϐηθῆτε
3467 4946 3584 5000 ἀπὸ
3613 4943 3730 4998 τῶν
3754 4945 4028 5033 ἀποκτειο

2460 5029 2686 5103 νόντων
2731 5046 2796 5099 τὸ
2848 5042 3037 5112 σῶμα,
3065 5042 3178 5106 τὴν
3207 5035 3274 5089 δὲ
3306 5034 3518 5103 ψυχὴν
3556 5033 3641 5102 μὴ
3682 5029 4031 5098 δυναμένων

2466 5136 2801 5193 ἀποκτεῖναι
2828 5152 2840 5164 ο
2867 5130 3160 5201 φοϐήθητε
3193 5126 3259 5178 δὲ
3279 5123 3519 5193 μᾶλλον
3554 5121 3660 5174 τὸν
3695 5118 4029 5186 δυνάμενον

2465 5229 2559 5280 καὶ
2584 5223 2794 5294 ψυχὴν
2845 5221 2941 5273 καὶ
2989 5216 3159 5286 σῶμα
3193 5210 3573 5268 ἀπολέσαιὲν
3603 5208 3814 5299 γεέννῃ
3836 5222 3850 5234 ·
3884 5206 3945 5256 τὸ
3975 5205 4027 5299 δέ

2463 5292 2828 5380 ἀπολλύμενον
2885 5306 3154 5374 ὑφέστηκε
3192 5301 3306 5371 μὲν,
3341 5298 3442 5362 ἔξω
3493 5296 3550 5348 δὲ
3738 5292 4025 5384 δψεως-τοῦ

2465 5378 2819 5458 ἀπολέσαντος
2837 5397 3000 5446 ἐστιν.
3021 5389 3157 5442 Ἀλλ’
3177 5389 3309 5456 ὅπερ
3327 5386 3527 5450 ἔλεγον,
3547 5383 3630 5448 ἐφ’
3647 5379 3800 5448 ἡμῶν
3815 5378 4028 5436 διπλοῦς

2465 5492 2492 5541 ὁ
2526 5488 2746 5546 θάνατος
2769 5503 2780 5515 ·
2801 5481 2995 5535 οὐκοῦν
3016 5479 3108 5531 καὶ
3131 5476 3225 5546 τὴν
3255 5476 3545 5527 ἀνάστασιν
3567 5469 3757 5536 διπλῆν
3781 5464 4026 5532 γενέσθαι

2467 5579 2565 5630 δεῖ.
2615 5575 2736 5626 Ἐπὶ
2785 5571 2877 5624 τοῦ
2934 5566 3166 5637 Χριστοῦ
3212 5563 3412 5622 ἁπλοῦς
3449 5562 3477 5612 6
3523 5560 3782 5611 Οάνατο;’
3829 5553 3886 5606 οὐ
3927 5551 4029 5620 γὰρ

2955 5752 3019 5810 ia}.
3060 5755 3113 5808 τῇ
3141 5749 3187 5795 δὲ
3217 5744 3348 5807 φύσει
3379 5743 3586 5804 ὕστερον·
3615 5735 3936 5800 χαλεπώτερον
3962 5729 4007 5777 δὲ
