4206 6308
229 399 323 454 ιὸτ

230 526 424 582 pauper
459 509 682 579 quidem
734 510 1022 577 subtristis,
1068 508 1253 564 hilaris
1296 516 1473 564 autem
1502 517 1584 564 est
1626 508 1810 564 dives:

229 605 351 675 quid
367 605 437 660 ita
461 606 486 659 ἲ
512 604 650 672 Quia
675 603 825 659 dives
846 602 1059 673 quidem
1083 601 1354 672 opiparam
1386 615 1622 656 mensam
1650 615 1816 671 appo-

233 699 322 760 nit,
370 695 690 764 deliciisque
741 694 969 764 amplius
1019 693 1254 748 fruitur:
1306 706 1505 762 pauper
1553 700 1731 746 autem
1782 707 1814 747 a

232 797 542 858 paupertate
565 787 897 857 prohibetur,
919 801 986 841 ne
1006 794 1206 840 tantam
1237 782 1684 854 magniﬁcentiam
1708 798 1817 852 prae

227 893 287 934 se
315 877 484 933 ferat:
511 879 600 932 hic
622 894 750 934 vero
780 878 910 932 nihil
940 876 1047 933 tale
1073 886 1186 932 est:
1216 891 1318 930 una
1348 874 1497 930 diviti
1517 885 1571 929 et
1598 874 1815 944 pauperi

227 985 414 1026 mensa
439 977 572 1024 est:
621 970 745 1025 licet
772 968 920 1024 dives
966 968 1038 1024 sit
1084 967 1366 1037 quispiam,
1408 965 1539 1020 nihil
1586 964 1818 1032 adjicere

226 1075 428 1114 mensa
456 1069 664 1130 potest;
692 1057 820 1114 licet
845 1073 1046 1129 pauper
1083 1058 1174 1124 sit,
1209 1056 1376 1111 nihilo
1399 1055 1652 1110 deteriori
1684 1069 1814 1108 con-

226 1152 429 1205 ditione
459 1151 532 1205 ob
562 1161 921 1220 paupertatem
951 1150 1006 1205 in
1047 1150 1113 1204 iis
1139 1165 1260 1220 qua:
1294 1147 1361 1203 ad
1388 1148 1817 1202 communionem

227 1243 520 1308 pertinent,
558 1242 696 1306 erit;
725 1240 902 1295 divina
929 1242 1072 1295 enim
1096 1250 1179 1295 est
1207 1241 1405 1310 gratia:
1439 1249 1490 1293 et
1535 1239 1661 1309 quid
1715 1239 1817 1292 mi-

225 1333 362 1387 raris
394 1331 442 1386 si
477 1332 626 1387 diviti
654 1342 708 1386 et
735 1332 992 1403 pauperi?
1023 1333 1127 1403 Ipsi
1152 1333 1294 1388 enim
1336 1331 1648 1402 Imperatori
1700 1331 1818 1384 dia-

223 1425 439 1478 demate
483 1422 733 1478 redimite
773 1464 789 1489 ,
845 1438 1079 1492 purpura
1130 1423 1446 1487 convestito,
1500 1422 1585 1477 cui
1633 1420 1818 1475 mundi

226 1513 469 1581 regimen
495 1521 580 1568 est
604 1514 972 1578 commissura,
1008 1513 1081 1567 illi
1133 1512 1466 1582 Imperatori,
1514 1521 1569 1566 ct
1599 1510 1816 1580 pauperi

223 1606 292 1658 ad
322 1605 722 1676 elcemosynam
765 1605 973 1661 sedenti
994 1620 1095 1659 una
1125 1616 1214 1660 est
1262 1618 1445 1658 mensa
1501 1605 1772 1673 proposita
1802 1619 1819 1656 :

230 1697 354 1749 talia
369 1687 504 1750 sunt.
527 1697 805 1752 Dominica
818 1696 992 1760 dona;
1020 1711 1126 1750 non
1156 1711 1254 1766 pro
1278 1697 1484 1749 ratione
1504 1693 1818 1762 dignitatum

226 1784 507 1853 distinguit
526 1785 956 1840 communicandi
977 1786 1259 1851 rationem,
1282 1783 1378 1839 sed
1400 1798 1499 1853 pro
1515 1781 1821 1838 conditione

227 1877 524 1933 voluntatis
547 1893 610 1933 ac
639 1879 853 1932 mentis.
1059 1951 1066 1956 ν

301 1969 386 2039 (a)
415 1967 436 2041 [
464 1969 598 2024 Cum
626 1970 769 2025 enim
797 1968 994 2025 videris
1021 1970 1075 2023 in
1102 1967 1329 2024 ecclesia
1354 1967 1504 2022 diviti
1534 1980 1820 2036 pauperem

229 2061 559 2125 adstantem,
578 2062 788 2130 privato
817 2061 1017 2115 homini
1044 2060 1360 2131 principem,
1389 2059 1653 2128 plebeium
1679 2056 1820 2127 opti-

227 2156 384 2216 mati,
415 2167 538 2207 eum
581 2153 673 2222 qui
717 2153 846 2207 foris
875 2153 990 2220 ejus
1019 2153 1312 2220 potentiam
1366 2150 1649 2213 tremebat,
1679 2148 1823 2202 intus

225 2244 407 2299 eidem
438 2246 690 2313 potentize
713 2244 829 2298 sine
849 2242 1133 2299 formidine
1159 2243 1432 2298 admetum
1458 2260 1473 2307 ;
1501 2243 1674 2311 cogita
1695 2241 1821 2311 quid

227 2334 301 2387 sit
322 2333 502 2388 illud:
531 2333 676 2387 Tum:
696 2349 800 2407 una
825 2343 1058 2403 pascetur
1077 2333 1230 2402 lupus
1244 2349 1357 2386 cum
1372 2333 1519 2403 agnis
1549 2330 1699 2403 (Isai.
1735 2331 1819 2386 11.

228 2427 313 2493 ti).
336 2425 546 2495 Lupum
570 2435 724 2481 vocat
745 2426 1018 2496 Scriptura
1038 2425 1276 2491 divitem,
1296 2440 1488 2496 agnum
1513 2439 1821 2495 pauperem.

227 2523 304 2572 At
324 2533 433 2588 quo
461 2529 620 2587 pacto
637 2519 1037 2593 intelligendum
1050 2518 1201 2585 illud,
1215 2518 1641 2574 Communicabit
1669 2519 1824 2588 lupus

224 2623 352 2662 cum
381 2623 544 2677 agno,
575 2609 1024 2678 quemadmodum
1052 2608 1202 2672 dives
1230 2625 1350 2663 cum
1391 2611 1660 2678 paupere?
1689 2609 1823 2664 Ani-

229 2712 383 2751 mum
411 2697 698 2766 diligenttr
725 2697 964 2753 adverte.
1011 2697 1167 2754 Stant
1209 2713 1352 2767 saepe
1377 2699 1529 2754 dives
1548 2707 1601 2753 et
1629 2714 1827 2767 pauper

226 2787 284 2841 in
331 2788 560 2842 ecclesia
602 2806 616 2842 :
657 2789 822 2842 instat
868 2787 1000 2844 hora
1052 2789 1352 2843 divinorum
1402 2789 1822 2859 mysteriorum:

225 2880 445 2948 ejicitur
465 2879 637 2947 dives,
663 2890 845 2949 utpote
869 2896 974 2935 non
997 2880 1254 2945 initiatus,
1276 2891 1479 2952 pauper
1507 2897 1639 2937 vero
1661 2883 1825 2937 intro-

228 2973 466 3026 mittitur
517 2974 568 3026 in
622 2973 855 3028 caelestia
900 2973 1274 3039 tabernacula;
1317 2990 1489 3043 neque
1525 2974 1828 3043 indignatur

226 3063 418 3126 dives;
449 3061 598 3116 novit
625 3063 768 3117 enim
796 3078 853 3118 se
878 3053 1108 3118 alienum
1126 3079 1244 3120 esse
1269 3079 1299 3119 a
1317 3065 1508 3119 divinis
1536 3066 1824 3135 mysteriis.

229 3151 341 3206 Sed
362 3191 380 3217 ,
407 3165 440 3206 ο
459 3150 692 3206 divinam
716 3153 940 3221 gratiam
973 3155 987 3207 l
1019 3168 1126 3208 non
1174 3154 1344 3207 solum
1388 3169 1454 3209 ex
1484 3154 1576 3209 Dei
1603 3170 1827 3210 munere

228 3256 331 3309 par
356 3240 570 3311 utrique
599 3241 771 3296 honor
795 3251 878 3297 est
902 3244 954 3298 in
975 3245 1197 3299 ecclesia
1218 3261 1235 3310 ;
1257 3245 1350 3299 sed
1382 3247 1540 3301 etiam
1565 3245 1828 3301 stantibus

228 3333 498 3388 ambobus
515 3348 715 3404 pauper
740 3335 887 3390 diviti
909 3337 1248 3405 anteponitur
1273 3338 1324 3391 in
1347 3338 1558 3408 pietatis
1583 3339 1825 3405 ratione;

235 3423 481 3493 nihilque
503 3434 724 3494 prosunt
746 3426 822 3479 illi
849 3425 1048 3481 divitia:
1071 3429 1187 3482 sine
1217 3428 1432 3496 pietate,
1466 3429 1596 3483 nihil
1615 3429 1828 3484 fidelem

231 3512 380 3567 laedit
397 3524 705 3583 paupertas,
735 3516 946 3586 quando
975 3531 1094 3572 cum
1123 3517 1312 3572 fiducia
1338 3519 1403 3573 ad
1430 3534 1639 3574 sacrum
1667 3535 1828 3575 acce-

234 3603 319 3657 dit
337 3604 531 3658 altare.
564 3604 690 3658 llaec
710 3614 884 3660 autem
913 3606 1053 3671 dico,
1083 3608 1368 3674 carissimi,
1401 3609 1469 3665 de
1492 3610 1832 3666 catechume—

235 3697 343 3761 nis,
367 3710 480 3750 non
505 3711 637 3751 vero
663 3697 977 3767 simpliciter
1001 3698 1070 3755 de
1094 3700 1371 3756 divitibus.
1418 3703 1826 3769 Animadverte,

231 3786 450 3852 dilecte,
483 3787 752 3856 quemodo
778 3805 843 3843 ex
890 3790 1116 3846 ecclesia
1144 3791 1362 3847 recedat
1391 3791 1657 3860 dominus,
1702 3793 1828 3849 dum

235 3876 512 3946 mysteriis
538 3877 848 3933 admovetur
873 3879 1045 3936 ﬁdelis
1083 3881 1408 3939 domesticus
1435 3901 1450 3940 :
1483 3886 1683 3940 recedit
1728 3887 1829 3941 do-

234 3970 406 4034 mina,
438 3981 493 4024 et
521 3980 700 4025 manet
723 3971 932 4026 ancilla.
967 3947 1101 4028 at»...
1137 3977 1331 4045 quippe
1358 3994 1459 4031 non
1481 3978 1663 4048 accipit
1710 3995 1828 4046 per-

231 4077 417 4114 sonam
447 4061 664 4114 hominis
689 4062 706 4132 (
729 4060 899 4117 Gatat.
928 4062 983 4117 2.
1015 4067 1104 4133 6).
1137 4064 1250 4133 Non
1275 4077 1356 4121 est
1386 4068 1564 4138 itaque
1592 4069 1645 4124 in
1663 4071 1834 4125 eccle-

233 4151 315 4202 sia
344 4163 536 4204 servus
563 4159 617 4205 et
643 4151 778 4206 liber
804 4171 815 4206 :
839 4153 934 4208 sed
955 4169 1074 4209 eum
1107 4159 1253 4210 novit
1291 4156 1561 4228 Scriptura
1594 4175 1829 4227 servum,

232 4245 326 4311 qui
358 4253 582 4312 peccato
598 4245 840 4300 subditus
863 4257 965 4302 est.
1006 4248 1139 4302 Nam
1170 4249 1268 4316 Qui
1299 4252 1420 4320 facit
1447 4262 1724 4321 peccatum,
1755 4255 1835 4308 in.

233 4335 375 4399 quit,
420 4347 593 4388 smus
637 4345 712 4390 est
739 4338 932 4404 peccati
960 4336 1156 4408 (Joan.
1179 4340 1233 4393 8.
1258 4341 1400 4410 54);
1425 4351 1480 4396 et
1518 4357 1640 4397 eum
1687 4346 1836 4400 novit

235 4424 491 4486 liberum,
514 4423 604 4493 qui
633 4440 729 4494 per
754 4426 983 4481 divinam
1012 4429 1236 4497 gratiam
1257 4429 1510 4487 liberatus
1531 4433 1658 4507 est.]

308 4513 446 4570 Cum
474 4515 661 4570 eadem
701 4517 890 4572 ﬁducia
914 4528 970 4573 et
1002 4518 1294 4585 Imperator
1315 4533 1369 4578 et
1399 4539 1600 4594 pauper
1615 4527 1680 4581 ad
1699 4527 1836 4583 hanc

240 4622 490 4662 mensam
544 4610 845 4676 accedunt,
895 4626 1014 4666 cum
1043 4614 1232 4669 eodem
1265 4616 1491 4684 honore,
1540 4621 1648 4674 imo
1674 4622 1834 4676 etiam

239 4712 493 4767 perstcpe
539 4714 658 4753 cum
701 4700 905 4755 honore
959 4718 1158 4772 pauper
1201 4707 1446 4775 ampliori
1482 4726 1494 4762 :
1539 4711 1664 4778 quid
1723 4711 1838 4766 ita?

236 4789 394 4857 Quod
422 4789 719 4860 Imperator
733 4792 947 4863 quidem
975 4799 1242 4852 sexcentis
1268 4801 1493 4869 negotiis
1537 4803 1837 4873 implicatus

239 4889 518 4951 umquam
539 4883 690 4938 navis
710 4885 941 4954 undique
962 4897 1292 4957 aspergatur,
1309 4905 1370 4944 ac
1383 4894 1544 4947 multa
1562 4895 1840 4951 contrahat

242 4983 502 5041 peccata;
555 4989 757 5044 pauper
783 4987 960 5031 autem
991 4978 1057 5034 de
1100 4983 1408 5036 necessario
1451 4993 1654 5040 tantum
1695 4987 1836 5042 victu

241 5065 534 5130 sollicitus,
559 5067 892 5134 negotiorum
913 5079 1185 5137 expertem
1217 5085 1279 5126 ac
1301 5075 1639 5143 tranquillam
1663 5089 1837 5134 trans-

243 5152 395 5218 igeus
437 5153 602 5207 vitam
623 5197 638 5219 ,
679 5152 826 5210 velut
855 5156 906 5211 in
935 5167 1090 5226 portu
1120 5162 1333 5226 sedens,
1362 5178 1482 5218 cum
1507 5167 1673 5222 multa
1695 5182 1838 5224 secu-

243 5245 405 5299 ritate
436 5245 503 5298 ad
538 5260 777 5301 mensam
799 5250 1035 5304 accedat.
1068 5251 1276 5309 Rursus
1304 5256 1355 5309 in
1382 5257 1617 5311 externis
1639 5260 1840 5314 solem-

242 5339 500 5393 nitatibus
527 5354 728 5408 pauper
766 5342 980 5409 quidem
1011 5345 1060 5398 in
1113 5361 1363 5411 mcerore,
1401 5349 1550 5404 dives
1575 5360 1754 5405 autem
1786 5353 1836 5407 in

243 5427 517 5482 hilaritate
540 5441 802 5498 versatur,
836 5449 941 5488 non
959 5434 1029 5490 ob
1051 5452 1287 5492 mensam
1315 5448 1544 5507 tantum,
1564 5443 1658 5498 sed
1680 5446 1838 5500 etiam

241 5523 313 5570 oh
337 5521 655 5575 vestimenta
680 5539 694 5573 :
723 5524 863 5592 quod
895 5527 1036 5581 enim
1066 5529 1116 5581 in
1172 5545 1355 5585 mensa
1385 5533 1488 5586 illis
1512 5537 1707 5601 evenit,
1742 5537 1841 5593 hoc

241 5618 298 5660 et
322 5609 377 5662 in
425 5610 763 5666 vestimentis
804 5617 1092 5681 patiuntur.
1123 5617 1253 5673 Cum
1287 5622 1426 5675 enim
1455 5623 1606 5694 inops
1642 5628 1838 5694 pretio-

308 5743 732 5823 tat-guarluncinis
749 5746 1050 5810 clauduntur,
1078 5749 1124 5800 iu
1150 5751 1280 5802 Edita
1298 5755 1521 5807 deerant.
1542 5769 1705 5821 exque
1724 5766 1836 5823 Reg.

238 5807 288 5852 9.
314 5805 568 5864 desumpta
594 5816 728 5856 sunt.

1189 395 1276 450 DE
1316 393 1885 451 RESURRECTIONE
1926 394 1988 449 D.
2027 392 2092 448 Ν.
2120 391 2284 450 JESU
2324 390 2616 447 CIIRISTI.

3409 388 3517 441 453

1925 507 2051 563 siori
2075 508 2328 562 amictum
2343 508 2477 561 stola
2504 505 2696 561 viderit
2716 505 3046 575 opulentum,
3073 501 3399 572 percellitur,
3431 519 3517 557 sc-

1924 614 2031 668 que
2074 613 2184 668 pra:
2226 598 2497 666 omnibus
2529 597 2793 652 infelicem
2845 596 3011 651 ducit.
3045 594 3142 650 llic
3167 609 3296 649 vero
3325 593 3514 648 et'ista

1923 691 2129 746 sublata
2160 700 2240 746 est
2270 692 2489 760 penuria
2525 708 2539 745 :
2572 705 2733 759 unum
2760 690 2903 744 enim
2952 687 3091 757 apud
3138 700 3328 740 omnes
3354 685 3518 738 vesti-

1925 793 2161 837 mentum
2192 789 2275 836 est
2322 782 2556 836 salutare
2597 780 2886 835 lavacrum.
2942 779 3258 846 Quicumque
3302 776 3435 830 enim
3464 773 3518 827 in

1924 874 2128 928 Christo
2148 873 2394 945 baptismi
2412 873 2552 936 estis,
2570 872 2824 928 Christum
2843 870 3081 923 induistis
3103 867 3298 940 (Galat.
3320 867 3374 921 3.
3396 864 3518 936 27).

1927 966 2005 1022 Ne
2051 966 2210 1037 igitur
2238 967 2496 1021 ebrietate
2538 963 2932 1019 solemnitatem
2989 960 3143 1015 istam
3196 958 3518 1013 dehoneste-

1926 1055 2306 1124 mus;etenitn
2354 1056 2609 1110 Dominus
2654 1063 2835 1107 noster
2862 1060 2918 1108 et
2942 1050 3133 1105 divites
3180 1059 3232 1103 et
3259 1060 3531 1116 pauperes-

1927 1154 2124 1224 pariter
2149 1151 2451 1215 honoravit,
2480 1160 2533 1204 et
2561 1163 2746 1204 servos
2773 1157 2826 1202 et
2850 1145 3130 1209 dominos;
3158 1134 3253 1198 sed
3282 1141 3350 1195 oh
3382 1140 3521 1196 hanc

1927 1261 2050 1316 erga
2096 1261 2195 1300 nos
2251 1242 2676 1299 benevolentiam
2727 1238 3011 1294 Dominum
3072 1246 3520 1290 remuneremur:

1925 1339 2123 1408 optima
2154 1351 2313 1406 porro
2342 1345 2425 1390 est
2449 1333 2811 1389 remuneratio
2859 1328 3196 1385 conversatio
3219 1325 3417 1381 munda
3467 1332 3534 1378 et

1926 1443 2079 1482 mens
2103 1427 2301 1481 sobria.
2332 1424 2457 1479 Ilaec
2480 1422 2793 1478 solemnitas
2828 1428 2882 1474 et
2913 1417 3264 1489 panegyricus
3289 1427 3522 1469 conven-

1928 1529 2013 1573 tus
2038 1533 2143 1574 non
2172 1517 2413 1588 pecuniis
2442 1514 2643 1586 indiget
2667 1528 2841 1584 neque
2864 1511 3189 1582 sumptibus,
3209 1507 3523 1584 sed'volun-

1928 1621 2035 1666 tate
2055 1624 2117 1665 ac
2138 1617 2317 1665 mente
2339 1609 2539 1679 optima
2573 1624 2587 1662 :
2622 1606 2754 1662 tales
2781 1606 2927 1660 enim
2971 1602 3058 1658 hic
3082 1608 3328 1672 prostant
3373 1614 3519 1654 mer—

1925 1701 2559 1771 cesznihileorporeum
2612 1697 2701 1754 hic
2751 1696 3042 1759 venditur;
3071 1693 3168 1750 sed
3216 1692 3519 1756 divinorum

1927 1793 2129 1848 auditio
2153 1792 2507 1862 eloquiorum,
2540 1785 2726 1859 preces
2753 1797 2985 1857 patrum,
3011 1783 3413 1858 benedictiones
3436 1794 3522 1834 sa-

1927 1883 2229 1949 cerdotum,
2255 1880 2541 1936 concordia
2570 1889 2626 1935 et
2663 1895 2764 1950 pax
2787 1886 2841 1933 et
2868 1889 3186 1941 consensus,
3227 1871 3525 1943 spiritualia

1928 1973 2089 2038 dona,
2123 1971 2398 2041 spirituale
2438 1970 2687 2038 pretium.

1999 2062 2404 2117 Resurrectionis
2429 2060 2617 2116 Christi
2640 2061 2856 2128 fructus.
2884 2087 2956 2098 —
2975 2054 3194 2112 Festum
3224 2054 3327 2110 hoc
3350 2053 3525 2108 maxi-

1927 2168 2072 2208 mum
2122 2152 2458 2207 celebremus
2487 2160 2543 2207 et
2568 2150 2797 2216 illustre,
2832 2149 2883 2203 in
2910 2162 3017 2218 quo
3063 2147 3318 2202 Dominus
3344 2160 3517 2201 resur-

1929 2245 2065 2300 rexit
2085 2260 2096 2295 :
2116 2242 2450 2298 celebremus
2465 2251 2643 2296 autem
2667 2239 2797 2294 illud
2827 2253 2949 2294 cum
2970 2235 3164 2308 gaudio
3189 2235 3530 2304 simulatque

1927 2351 2048 2395 cum
2065 2336 2293 2407 pietate;
2323 2333 2615 2391 resurrexit
2640 2330 2784 2385 enim
2810 2329 3070 2383 Dominus
3097 2341 3389 2396 secumque
3410 2340 3530 2380 sus-

1928 2431 2110 2487 citavit
2167 2428 2356 2483 orbem
2412 2434 2716 2488 terrarum,
2767 2421 2881 2490 ipse
2949 2417 3210 2489 siquidem
3269 2416 3528 2486 disruptis

1931 2521 2119 2575 mortis
2142 2517 2369 2574 vinculis
2405 2513 2722 2570 resurrexit.
2756 2509 3006 2567 Peccavit
3045 2508 3284 2563 Adamus
3311 2515 3366 2562 et
3386 2521 3538 2561 mor~

1932 2624 2054 2668 tuus
2079 2621 2194 2667 est:
2226 2619 2281 2664 at
2304 2623 2414 2664 non
2451 2606 2698 2678 peccavit
2727 2603 2996 2667 Christus,
3033 2610 3089 2655 et
3139 2607 3224 2654 est
3254 2607 3528 2654 mortuus.

1934 2705 2149 2760 Novum
2178 2711 2264 2759 est
2288 2701 2391 2758 hoc
2425 2709 2479 2756 et
2504 2696 2853 2760 admirabile;
2889 2694 2978 2748 ille
3007 2691 3267 2761 peccavit,
3291 2700 3344 2745 et
3381 2704 3532 2744 mor-

1933 2806 2056 2850 tuus
2078 2804 2194 2860 est;
2224 2793 2310 2848 hic
2339 2806 2444 2846 non
2473 2788 2732 2860 peccavit,
2759 2795 2816 2840 et
2835 2792 3078 2838 mortuus
3105 2792 3187 2837 est
3217 2799 3231 2835 :
3255 2778 3381 2848 quid
3412 2780 3479 2833 ita
3507 2779 3533 2832 τ

1931 2886 2046 2954 Quo
2067 2886 2111 2939 is
2139 2885 2226 2955 qui
2249 2883 2486 2953 peccavit
2509 2888 2565 2934 et
2586 2886 2828 2932 mortuus
2853 2883 2956 2941 est,
3001 2874 3116 2943 ejus
3132 2886 3295 2943 opera
3317 2871 3404 2940 qui
3425 2886 3535 2923 nun-

1934 2978 2169 3047 peccavit
2208 2975 2424 3046 quidem
2449 3015 2462 3038 ,
2495 2981 2740 3028 mortuus
2777 2979 2861 3024 est
2899 2975 3076 3020 autem
3098 3006 3114 3030 ,
3145 2963 3333 3018 mortis
3363 2977 3533 3017 nexus

1932 3071 2100 3138 possit
2123 3067 2372 3123 evadere.
2402 3066 2477 3120 Ita
2504 3065 2561 3119 (it
2586 3072 2641 3119 et
2669 3063 2722 3117 in
2751 3058 2992 3132 pecuniis
3013 3074 3026 3112 :
3051 3070 3422 3126 smpenumcro
3446 3055 3532 3109 de-

1932 3161 2020 3214 bet
2035 3159 2317 3228 quispiam,
2336 3165 2522 3213 etcum
2537 3170 2642 3210 non
2661 3155 2851 3210 habeat
2868 3152 3006 3209 unde
3024 3154 3216 3213 solvat,
3239 3151 3290 3205 in
3307 3148 3532 3202 vinculis

1933 3250 2236 3314 detinetur;
2269 3247 2404 3301 alius
2417 3247 2506 3318 qui
2529 3261 2636 3300 non
2663 3245 2845 3313 debet,
2871 3245 2973 3314 sed,
2991 3245 3148 3299 habet
3175 3242 3316 3298 unde
3334 3240 3530 3296 solvat.

1933 3355 2054 3395 cum
2086 3339 2176 3408 qui
2206 3337 2466 3393 obnoxius
2487 3346 2569 3393 est
2593 3337 2822 3392 liberare
2852 3336 2988 3391 solet
3017 3351 3031 3389 :
3064 3335 3143 3390 sic
3172 3343 3228 3388 et
3255 3331 3437 3388 evenit
3473 3331 3537 3382 in

1935 3432 2173 3496 Adamo;
2194 3429 2427 3484 debebat
2455 3428 2711 3494 Adamus,
2739 3443 2767 3481 a
2797 3427 3012 3482 diabolo
3041 3423 3403 3486 detinebatur,
3436 3421 3532 3475 sed

1936 3513 2081 3577 unde
2116 3521 2349 3576 solveret
2390 3535 2496 3574 non
2530 3519 2799 3574 habebat:
2830 3532 2938 3572 non
2982 3515 3214 3571 debebat
3258 3512 3530 3573 Christus,

1936 3626 2036 3666 nec
2058 3627 2088 3665 a
2118 3610 2331 3665 diabolo
2375 3608 2745 3674 detinebatur,
2789 3606 2884 3662 sed
2920 3605 3158 3660 debitum
3199 3609 3407 3673 poterat
3437 3616 3537 3653 nu-

1935 3718 2146 3760 merare
2177 3720 2191 3758 :
2215 3702 2378 3768 venit,
2405 3711 2633 3756 mortem
2663 3698 2918 3770 persolvit
2943 3713 3039 3769 pro
3059 3712 3126 3754 eo
3149 3696 3236 3766 qui
3265 3710 3295 3749 a
3319 3693 3536 3750 diabolo

1934 3795 2291 3859 detinebatur,
2311 3803 2368 3848 ut
2390 3794 2539 3848 illum
2567 3793 2888 3849 exsolveret.
3225 3780 3228 3781 ν

2008 3889 2060 3942 4.
2085 3886 2246 3950 Vides
2261 3887 2517 3956 praeclara
2543 3885 2949 3941 resurrectionis
2972 3882 3199 3939 effecta?
3228 3882 3334 3936 Nos
3367 3879 3538 3948 dupli-

1935 3981 1982 4033 ci
2015 3987 2187 4034 morte
2229 3978 2426 4032 mortui
2452 3959 2713 4040 cramus;
2759 3976 3028 4046 duplicem
3085 3973 3260 4042 itaque
3292 3985 3535 4025 resurre-

1943 4070 2177 4124 ctionem
2225 4077 2601 4137 exSpectemus
2659 4085 2671 4121 :
2718 4067 2832 4136 ipse
2890 4065 3118 4136 simplici
3157 4072 3402 4118 mortuus
3457 4069 3544 4113 est

1944 4169 2154 4226 morte;
2185 4169 2472 4229 propterea
2517 4159 2746 4230 simplici
2775 4172 2991 4228 quoque
3028 4154 3425 4210 resurrectione
3455 4166 3539 4205 re-

1944 4252 2192 4308 surrexit.
2216 4251 2352 4319 Quid
2381 4251 2496 4306 haec
2512 4251 2610 4306 sibi
2642 4250 2868 4305 volunt?
2898 4249 3158 4313 Mortuus,
3194 4247 3434 4314 inquam,
3458 4252 3540 4296 est

1947 4344 2204 4410 Adamus,
2229 4350 2285 4397 et
2312 4356 2539 4413 corpore
2566 4350 2622 4396 et
2645 4341 2822 4396 anima
2849 4358 2863 4394 :
2896 4348 3139 4394 mortuus
3181 4345 3266 4393 est
3320 4344 3541 4406 peccato

1943 4443 1998 4488 et
2022 4442 2238 4494 natura.
2289 4432 2355 4485 In
2404 4448 2718 4502 quocumque
2771 4431 2854 4484 die
2901 4428 3218 4484 comederitis
3267 4429 3330 4479 de
3358 4427 3540 4497 tigno,

1944 4536 2106 4580 morte
2131 4526 2420 4580 moriemini
2448 4524 2605 4596 (Gen.
2627 4524 2677 4579 ἳ.
2720 4523 2831 4594 17).
2883 4522 3042 4592 Atqui
3096 4536 3202 4575 non
3229 4519 3416 4574 eadem
3455 4516 3542 4571 die

1946 4628 2187 4675 mortuus
2214 4630 2298 4674 est
2324 4626 2512 4674 natura
2535 4659 2552 4684 ,
2580 4617 2674 4672 sed
2721 4627 2941 4686 peccato
2978 4624 3062 4669 est
3088 4625 3330 4669 mortuus
3355 4613 3373 4643 ι
3396 4653 3412 4678 ,
3442 4611 3534 4665 illa

1946 4727 2090 4768 mors
2116 4722 2202 4768 est
2231 4712 2444 4779 animae,
2467 4711 2581 4766 haec
2603 4725 2749 4764 mors
2775 4718 2858 4765 est
2879 4709 3140 4777 corporis.
3169 4706 3272 4762 Sed
3295 4721 3416 4760 cum
3447 4719 3543 4758 au-

1944 4803 2108 4857 dieris
2152 4811 2380 4856 mortem
2423 4815 2544 4856 esse
2568 4801 2792 4866 animm,
2827 4800 2930 4854 noli
2959 4799 3092 4855 mori
3135 4799 3368 4851 animam
3396 4796 3544 4850 arbi-

1950 4894 2077 4947 trari
2112 4911 2125 4947 :
2158 4902 2241 4947 est
2270 4893 2412 4948 enim
2443 4891 2801 4954 immortalis;
2826 4906 3010 4945 verum
3053 4890 3247 4944 anima:
3275 4903 3424 4942 mors
3453 4898 3537 4942 est

1947 4994 2218 5053 peccatum
2239 4994 2292 5039 et
2314 4985 2630 5054 supplicium
2650 4992 2907 5038 aeternum
2938 4965 2957 5034 ε’
2983 4993 3266 5052 pr0pterea
3295 4982 3368 5036 ait
3390 4980 3546 5035 Chri-

1947 5087 2059 5131 stus
2084 5117 2099 5142 ,
2129 5075 2306 5129 Nolite
2356 5076 2531 5130 timere
2581 5093 2664 5129 eos
2709 5080 2795 5145 qui
2820 5077 3054 5129 occidunt
3083 5091 3290 5144 corpus,
3321 5076 3545 5127 animum

1950 5177 2116 5224 autem
2138 5185 2238 5222 non
2267 5177 2476 5238 possunt
2507 5169 2762 5229 occidere;
2795 5169 2886 5221 sed
2909 5169 3075 5237 potius
3099 5169 3265 5221 timete
3293 5183 3430 5230 eum,
3462 5168 3544 5234 qui

1950 5271 2112 5332 potest
2159 5271 2204 5314 et
2251 5262 2475 5313 animant
2534 5271 2580 5314 et
2623 5278 2809 5330 corpus
2855 5261 3072 5340 perdere.
3137 5261 3191 5312 in
3264 5259 3547 5329 gehennam

1951 5351 2163 5423 (Matth.
2200 5351 2288 5406 10.
2317 5352 2413 5422 28)
2440 5370 2452 5404 :
2487 5353 2630 5421 quod
2663 5365 2840 5406 autem
2869 5361 2953 5406 est
2980 5351 3268 5419 perditum,
3303 5351 3545 5404 subsistit

1950 5445 2186 5513 quidem,
2215 5445 2308 5499 sed
2340 5447 2509 5498 aciem
2538 5446 2815 5499 oculorum
2847 5447 2963 5515 ejus
2994 5447 3081 5512 qui
3114 5445 3362 5512 perdidit,
3391 5444 3540 5511 fugit.

1955 5537 2148 5589 Verum
2173 5545 2228 5589 ut
2249 5537 2512 5598 dicebam,
2543 5537 2734 5605 duplex
2761 5539 2810 5590 in
2833 5538 2985 5590 nobis
3013 5552 3158 5589 mors
3177 5545 3257 5589 est
3279 5553 3291 5598 ;
3317 5551 3544 5602 quapro-

1951 5642 2067 5698 pter
2096 5641 2147 5685 et
2177 5630 2440 5698 duplicem
2481 5630 2590 5685 ﬁeri
2624 5630 2677 5684 in
2719 5631 2871 5685 nobis
2901 5629 3346 5684 resurreCtionem
3373 5642 3535 5694 opor-

2016 5764 2028 5792 ¹
2071 5769 2184 5820 Reg.
2209 5762 2251 5820 l,
2271 5769 2442 5812 natura
2464 5772 2638 5820 autem,
2668 5761 3227 5825 postcriusﬁrtstiusqne
3247 5766 3463 5811 mortuus
3479 5770 3546 5808 ut

1949 5836 2164 5884 peccato.
