4206 6308
631 313 735 371 ιδθ

630 436 705 480 tet
732 443 744 479 :
779 428 831 478 in
868 423 1077 480 Christo
1101 422 1326 492 simplex
1353 438 1494 475 mors
1515 422 1609 475 fuit.
1635 441 1646 473 :
1676 440 1777 475 noti
1802 423 1941 476 enim
1969 420 2209 474 Christus

630 516 899 583 peccavit.
931 514 1022 568 sed
1060 500 1342 582 ipsa‘mors
1370 513 1593 580 simplex
1624 522 1840 582 propter
1866 525 1961 563 nos
1982 519 2062 563 cst
2087 525 2207 562 sus-

628 614 781 673 cepta
812 618 953 659 :uon
992 602 1132 656 enim
1173 611 1397 655 mortem
1447 602 1630 656 debuit
1679 602 1797 666 ille,
1852 615 2025 669 neque
2068 602 2209 655 enim

635 712 757 750 reus
780 704 894 750 erat
931 695 1150 762 peccati,
1170 695 1414 763 quocirca
1447 709 1542 747 nec
1574 694 1790 747 mortis:
1817 702 2093 760 propterea
2122 693 2210 746 ille

636 786 842 853 quidem
861 786 1248 838 resurrectione
1260 782 1485 851 simplici
1500 799 1525 835 a
1544 783 1766 851 simplici
1786 791 1956 835 morte
1974 797 2223 835 resurre-

638 876 747 929 xit:
774 890 869 929 nos
890 884 1089 937 autem,
1116 876 1201 944 qui
1220 874 1415 944 duplici
1431 884 1597 928 morte
1612 875 1803 927 mortui
1831 873 2212 942 sumus,dupli-

636 967 684 1019 ci
726 980 935 1035 quoque
962 966 1351 1020 resurrectione
1366 964 1687 1034 resurgimus
1718 980 1730 1015 :
1776 978 1877 1016 una
1892 963 2101 1032 quidem
2118 979 2210 1015 an-

634 1068 715 1110 tea
749 1058 1158 1118 resurreximus.
1183 1071 1299 1125 qua:
1312 1064 1393 1110 est
1417 1071 1445 1108 a
1472 1064 1685 1124 peccato
1714 1071 1726 1107 :
1750 1053 2044 1122 consepulti
2070 1070 2210 1107 enim

632 1148 926 1217 sumusipsi
950 1148 1000 1201 in
1016 1146 1293 1216 baptismo,
1316 1157 1367 1201 et
1384 1146 1815 1200 consurreximus
1834 1160 1954 1198 cum
1978 1146 2093 1213 ipso
2119 1160 2212 1214 per

635 1239 982 1307 baptismum.
1019 1238 1129 1293 Una
1162 1238 1275 1291 haec
1304 1237 1624 1291 resurrectio
1650 1245 1732 1290 est
1762 1236 2004 1289 liberatio
2028 1251 2057 1287 a
2086 1250 2210 1304 pec-

633 1330 766 1383 catis
784 1346 797 1394 ;
818 1330 984 1382 altera
1008 1344 1132 1382 vero
1151 1329 1467 1382 resurrectio
1484 1337 1565 1381 est
1580 1327 1847 1395 corporis:
1872 1326 2017 1380 dedit
2043 1326 2211 1394 majo-
2246 1364 2249 1367 -

640 1437 775 1486 retu,
800 1430 1047 1489 exspecta
1075 1422 1232 1472 etiam
1258 1419 1518 1472 minorent
1551 1436 1562 1470 :
1594 1418 1705 1473 inec
1739 1418 1878 1471 enim
1903 1418 2070 1472 multo
2105 1432 2215 1471 tua-

640 1512 726 1577 jor
755 1520 835 1563 est
863 1511 946 1562 illa
967 1510 1160 1563 :multo
1188 1511 1326 1562 enim
1352 1508 1520 1578 majus
1550 1518 1632 1564 est
1661 1524 1689 1561 a
1718 1512 1949 1578 peccatis
1979 1508 2212 1573 liberari,

637 1614 792 1667 quam
815 1614 1006 1667 corpus
1034 1613 1315 1669 resurgens
1342 1598 1557 1653 intueri.
1588 1598 1871 1666 Propterea
1884 1599 2074 1653 cecidit
2094 1614 2215 1652 cor-

639 1705 758 1756 pus,
784 1689 905 1757 quia
934 1690 1170 1756 peccavit
1204 1707 1216 1743 ε
1248 1691 1291 1743 si
1322 1690 1481 1758 igitur
1530 1690 1844 1759 principium
1889 1689 2112 1743 cadendi
2138 1697 2219 1742 est

643 1790 915 1847 peccatum
939 1821 952 1844 ,
984 1781 1300 1850 principium
1331 1781 1639 1850 resurgendi
1670 1790 1753 1834 est
1778 1796 1807 1833 a
1840 1791 2055 1849 peccato
2083 1780 2217 1835 libe-

639 1870 764 1924 rari.
821 1870 1230 1924 Resurrcximus
1277 1870 1529 1940 deinceps
1585 1871 1976 1925 resurrectione
2008 1870 2221 1940 majori,

600 2014 605 2021 ,
640 1959 845 2027 abjecta
874 1960 1019 2027 gravi
1076 1969 1246 2014 morte
1287 1961 1510 2028 peccati,
1536 1970 1590 2013 et
1627 1961 1793 2013 veteri
1840 1968 1994 2014 exuta
2026 1970 2173 2014 veste
2203 1978 2216 2014 :

644 2066 709 2102 ne
741 2048 897 2117 igitur
921 2047 989 2102 de
1019 2050 1207 2103 minori
1238 2049 1607 2120 desperemus.
1647 2050 1755 2104 Hac
1778 2059 1831 2103 et
1862 2064 1959 2103 nos
1984 2050 2108 2103 olim
2136 2067 2221 2105 re-

647 2138 978 2191 surrectione
1006 2140 1393 2193 resurreximus
1414 2182 1426 2203 ,
1469 2139 1681 2209 quando
1705 2140 1948 2208 baptizati
1976 2139 2171 2194 fuimus
2202 2181 2218 2206 ,

648 2238 804 2295 atque
827 2227 880 2281 hi
908 2229 993 2297 qui
1018 2228 1129 2282 lteri
1159 2231 1363 2298 vesperi
1392 2230 1707 2299 baptismate
1728 2229 1869 2298 digni
1895 2230 2056 2283 habiti
2079 2241 2220 2296 sunt,

653 2320 703 2371 lti
726 2320 844 2388 agni
877 2320 1119 2387 prmclari
1151 2320 1189 2372 ¹.
1218 2320 1612 2374 Nudiustcrtius
1639 2321 1921 2374 cruciﬁxus
1944 2330 2025 2374 est
2067 2320 2225 2375 Cltri-
2266 2336 2267 2339 ‘

657 2421 791 2477 stus,
822 2412 913 2465 sed
933 2424 1087 2466 nocte
1117 2412 1380 2480 prmterita
1404 2414 1695 2466 resurrexit
1724 2429 1737 2464 ε
1766 2422 1819 2466 et
1846 2412 1897 2465 hi
1924 2412 2224 2467 nudiuster-

657 2502 759 2553 tius
783 2515 812 2552 a
836 2512 1049 2567 peccato
1070 2501 1463 2567 detinebantur,
1491 2502 1584 2555 sed
1611 2502 1767 2555 simul
1800 2518 1919 2556 cum
1945 2517 2010 2555 eo
2042 2518 2225 2557 resur-

653 2602 902 2645 rexeruut
931 2610 943 2644 :
974 2591 1061 2645 ille
1100 2606 1322 2659 corpore
1365 2602 1602 2645 mortuus
1645 2601 1724 2645 est
1749 2634 1762 2658 ,
1796 2582 1852 2646 et
1889 2607 2113 2661 corpore
2145 2608 2228 2647 re-

659 2683 927 2735 surrexit:
955 2682 1007 2735 hi
1035 2684 1227 2736 mortui
1258 2693 1473 2751 peccato
1500 2692 1673 2747 erant,
1698 2691 1751 2736 et
1782 2698 1811 2735 a
1842 2685 2067 2751 peccatis
2096 2683 2232 2737 libe-

663 2774 759 2824 rati
784 2781 1207 2826 resurrexerunt.
1245 2774 1319 2825 Ac
1349 2774 1487 2825 terra
1520 2773 1733 2841 quidem
1767 2786 1928 2825 verno
1958 2772 2059 2826 hoc
2096 2782 2234 2826 tem-

661 2877 790 2931 pore
828 2878 977 2915 rosas
1004 2871 1058 2915 et
1102 2863 1265 2915 violas
1291 2861 1529 2932 aliosque
1556 2861 1718 2916 ﬂores
1746 2861 1898 2915 nobis
1919 2861 2060 2924 edit;
2085 2877 2235 2931 aqua:

665 2968 797 3007 vero
844 2963 980 3007 terra
1028 2953 1183 3007 nobis
1213 2963 1420 3022 pratum
1470 2954 1831 3008 dclectabilius
1860 2953 2233 3008 exhibuerunt.

646 3048 740 3099 ~Ne
764 3046 971 3098 mireris
987 3045 1123 3114 quod
1153 3045 1218 3099 ab
1242 3046 1393 3113 aquis
1420 3044 1579 3098 ﬂores
1604 3044 1978 3114 germinarint;
2013 3060 2108 3099 nec
2125 3046 2237 3113 ipsa

663 3151 802 3189 terra
832 3151 901 3189 ex
930 3136 1142 3204 propria
1163 3146 1373 3201 natura,
1398 3135 1489 3189 sed
1511 3150 1574 3189 ex
1605 3136 1809 3190 Domini
1839 3136 2085 3189 mandato
2106 3153 2235 3206 ger-

664 3243 788 3281 ntcn
819 3225 928 3280 edit
951 3243 964 3280 :
996 3226 1238 3279 animalia
1263 3241 1471 3295 quoque
1497 3237 1640 3279 motu
1668 3226 1884 3294 praedita
1906 3226 1959 3281 in
1984 3227 2239 3296 principio

667 3320 781 3373 edit
804 3333 1063 3387 aquarum
1096 3326 1280 3370 natura
1312 3332 1326 3381 ;
1362 3315 1661 3370 Producant
1684 3320 1843 3381 enim,
1877 3317 2066 3386 inquit,
2098 3332 2243 3389 aqua?

663 3409 865 3476 reptilia
885 3410 1167 3461 animamur
1192 3408 1455 3463 viventium
1479 3406 1627 3475 (Gen.
1662 3409 1711 3461 i.
1742 3408 1831 3477 20)
1864 3425 1878 3471 ;
1918 3417 1972 3462 et
2020 3407 2239 3459 manda-

669 3511 779 3553 tum
823 3513 957 3566 Opus
987 3498 1201 3563 evasit,
1256 3499 1447 3567 illaque
1476 3499 1665 3551 anima:
1721 3513 1910 3567 expers
1955 3498 2243 3552 subStautia

673 3592 905 3643 animata
938 3591 1153 3657 protulit
1180 3590 1449 3644 animalia.
1490 3590 1563 3643 Ita
1596 3605 1735 3644 nunc
1764 3592 1923 3644 etiam
1956 3591 2247 3659 producant

672 3695 844 3749 aqum,
889 3695 992 3733 non
1039 3679 1243 3747 reptilia
1274 3680 1558 3735 viventium
1610 3681 1928 3746 animarum,
1962 3683 2054 3735 sed
2087 3682 2245 3749 spiri-

673 3772 830 3824 tualla
868 3770 1028 3823 dona.
1080 3770 1452 3826 Produxerunt
1499 3781 1612 3825 tum
1639 3787 1788 3841 aqum
1820 3774 1988 3840 pisces
2026 3769 2249 3824 rationis

678 3872 924 3931 expertes
953 3876 1015 3915 ac
1043 3875 1252 3927 mutos;
1285 3880 1425 3918 nunc
1471 3866 1677 3919 ratione
1706 3866 1959 3934 prazditos
1988 3880 2050 3919 ac
2084 3863 2247 3934 spiri-

676 3954 845 4009 tuales
869 3952 1040 4021 pisces
1065 3954 1362 4009 effuderunt
1383 3998 1397 4021 ,
1449 3956 1621 4027 pisces
1642 3998 1657 4021 ,
1696 3971 1830 4025 quos
1879 3957 2103 4024 apostoli
2130 3966 2254 4010 sunt

681 4046 888 4114 piscati.
930 4042 1099 4097 Venite
1142 4046 1283 4099 enim
1304 4087 1319 4111 ,
1353 4046 1541 4115 inquit,
1576 4056 1620 4099 et
1648 4047 1833 4109 faciant
1877 4061 1960 4099 vos
1988 4046 2252 4110 piscatores

680 4141 940 4195 hominum
970 4140 1177 4212 (Matth.
1208 4140 1261 4194 4.
1296 4139 1383 4207 19)
1408 4157 1421 4192 :
1449 4139 1563 4192 haec
1587 4148 1669 4193 est
1700 4139 1784 4192 illa
1817 4139 2036 4207 piscatio
2067 4139 2132 4191 de
2152 4154 2254 4206 qua

680 4234 1118 4303 tumloquebatur
1144 4251 1155 4285 :
1186 4247 1355 4286 novus
1381 4247 1562 4286 revera
1595 4230 1902 4300 piscationis
1922 4230 2111 4285 modus
2133 4249 2144 4283 :
2168 4232 2256 4299 qui

682 4323 951 4390 piseantur
971 4338 1032 4378 ex
1062 4323 1216 4393 aquis
1244 4322 1490 4392 ejiciunt,
1522 4336 1621 4375 nos
1674 4322 1723 4375 iu
1766 4336 1929 4389 aquas
1970 4322 2254 4390 injicimus,

681 4421 842 4481 atque
873 4414 943 4467 ita
975 4415 1262 4483 piscamur.
1317 4412 1439 4465 Fuit
1477 4412 1602 4464 olim
1643 4422 1696 4465 et
1734 4414 1906 4465 Stante
1956 4412 2257 4465 Judzcorunt

686 4504 807 4573 lcgc
836 4504 1033 4572 piscina
1069 4519 1087 4557 :
1118 4505 1263 4557 disce
1304 4502 1427 4572 quid
1459 4504 1686 4572 potuerit
1716 4502 1800 4554 illa
1835 4503 2056 4570 piscina,
2081 4512 2135 4555 ιιι
2162 4502 2258 4555 Ju-

686 4597 891 4649 daicam
921 4596 1092 4649 discas
1120 4604 1431 4665 egestatem,
1463 4608 1517 4648 ut
1546 4595 1754 4648 divitias
1783 4595 1956 4649 discas
1981 4595 2256 4649 Ecclesia).

686 4687 894 4741 Piscina
921 4695 1034 4739 erat
1063 4702 1316 4756 aquarum
1336 4725 1350 4749 ,
1377 4686 1605 4754 illucque
1633 4686 1852 4756 angelus
1880 4685 2257 4750 descendebat,

686 4789 739 4830 et
768 4793 931 4847 aquas
963 4779 1239 4844 movebat;
1271 4778 1462 4832 deinde
1490 4786 1607 4846 post
1634 4793 1783 4847 aqua:
1805 4780 2093 4833 motionem
2121 4796 2262 4849 aeger

689 4886 825 4923 unus
853 4870 1276 4938 ingrediebatur,
1312 4879 1364 4922 et
1400 4869 1685 4923 satiabatur
1708 4868 1886 4937 (Joan.
1912 4871 1963 4924 5.
1995 4870 2048 4923 2.
2080 4870 2211 4939 sqq.)
2247 4888 2260 4924 :

690 4975 826 5013 unus
853 4962 997 5013 solus
1019 4961 1301 5028 quotannis
1328 4959 1628 5021 sanabatur,
1655 4959 1939 5027 statimque
1952 4961 2114 5028 gratia
2144 4973 2263 5013 cou-

691 5050 1033 5115 sumebatur,
1081 5064 1187 5103 non
1239 5058 1453 5117 propter
1485 5049 1599 5116 ejus
1625 5050 1712 5117 qui
1745 5048 1906 5101 dabat
1944 5059 2259 5119 egestatem,

692 5141 784 5195 scd
815 5151 1029 5209 prepter
1059 5157 1243 5196 eorum
1276 5142 1363 5209 qui
1392 5141 1722 5208 accipiebant
1763 5141 2139 5195 infirmitatem.
2166 5142 2267 5199 De-

691 5234 984 5289 scendebat
1028 5235 1175 5303 igitur
1214 5236 1432 5303 angelus
1463 5235 1513 5288 in
1547 5234 1822 5303 piscinam,
1843 5244 1894 5287 et
1926 5249 2114 5302 aquam
2148 5250 2265 5289 m0-

702 5327 879 5391 vcbal,
913 5343 973 5381 ac
1002 5327 1290 5382 satiabatur
1316 5342 1450 5380 unus
1480 5344 1494 5380 :
1522 5326 1799 5381 descendit
1834 5327 2086 5382 Dominus
2107 5344 2267 5396 ange-

696 5420 867 5471 lorum
897 5418 945 5470 in
973 5417 1256 5471 Jordanem
1282 5456 1297 5480 ,
1324 5427 1375 5471 et
1413 5432 1601 5484 aquam
1646 5417 1829 5479 movit,
1863 5426 2021 5485 atque
2051 5419 2266 5472 univcr-

695 5521 815 5559 sutn
843 5516 1101 5559 terrarum
1132 5506 1313 5559 orbem
1341 5508 1566 5559 sanavit.
1600 5507 1883 5575 Propterea
1923 5508 2027 5561 illic
2056 5508 2273 5578 quidem

702 5598 771 5661 is,
804 5597 888 5664 qui
922 5608 1035 5663 po't
1078 5598 1299 5663 primum
1345 5597 1606 5651 sceuudus
1638 5596 2003 5662 descenderat,
2055 5600 2269 5654 minimc

766 5711 777 5741 '
819 5710 929 5770 Reg.
954 5710 998 5770 2,
1021 5708 1066 5758 lit
1092 5706 1269 5758 δαίουΙί
1292 5705 1539 5767 prtrrlari.

1347 310 1405 365 S.
1436 308 1711 365 JOANNIS
1747 308 2219 364 CilRYSOSTU-Ml
2252 307 2565 365 ARCIIIEP.
2608 308 3136 365 CONSTANTINOP.

3783 306 3889 361 M0

2317 423 2631 485 satiabatur;
2673 421 2870 475 Juda‘is
2902 422 3095 490 quippe
3141 420 3304 489 gratia
3334 418 3453 473 data
3481 429 3597 473 erat
3625 418 3849 472 iuliruzis
3873 459 3890 483 ,

2315 513 2498 580 egenis
2527 528 2539 565 :
2571 512 2657 567 hic
2683 526 2805 565 vero
2831 518 2948 578 post
2970 511 3197 576 primunt
3226 509 3489 563 secundus
3509 550 3524 575 ,
3551 518 3668 579 post
3696 522 3893 561 secun-

2319 602 2446 655 dum
2471 602 2675 664 tertius,
2713 609 2833 668 post
2872 600 3081 653 tertium
3110 608 3326 667 quartus
3359 602 3519 652 :ticct
3540 599 3743 662 decem,
3764 597 3898 651 licet

2318 694 2500 761 viginti
2523 734 2536 753 ,
2569 692 2691 745 licet
2715 702 2949 755 centum,
2982 690 3104 743 licet
3127 688 3305 743 decies
3332 689 3493 753 mille,
3524 688 3646 741 licet
3675 687 3899 740 univer-

2316 797 2432 836 sum
2482 782 2663 835 orbem
2711 790 2971 834 terrarum
3024 779 3305 832 immiseris
3362 780 3410 831 in
3464 777 3751 846 piscinam,
3788 792 3896 828 nun

2315 874 2647 929 consumitur
2676 873 2865 942 gratia,
2890 886 2992 925 non
3025 871 3333 925 exhauritur
3353 869 3587 933 donum,
3640 884 3739 922 non
3771 868 3900 919 lati-

2316 980 2405 1019 ces
2430 965 2799 1034 inquinamur:
2822 976 2992 1016 novus
3015 962 3341 1031 purgationis
3367 959 3555 1013 modus
3583 976 3595 1009 :
3627 973 3729 1011 non
3747 960 3893 1012 enim

2319 1068 2403 1113 est
2437 1056 2729 1125 corporalis
2759 1073 2773 1108 :
2801 1070 2923 1109 nam
2954 1055 3004 1107 in
3031 1054 3346 1121 corporibus
3387 1050 3627 1121 quidem,
3650 1065 3752 1118 quo
3782 1050 3895 1116 pluo

2318 1163 2404 1203 res
2428 1148 2733 1212 abluuntur,
2766 1161 2832 1201 eo
2853 1146 3084 1215 majores
3111 1145 3295 1198 sordes
3316 1144 3498 1197 latices
3532 1142 3891 1206 contrahunt;

2318 1240 2404 1294 bic
2434 1256 2561 1295 vero
2584 1254 2689 1309 quo
2728 1240 2908 1308 plures
2938 1237 3178 1299 abluunt,
3207 1250 3271 1289 eo
3306 1235 3547 1302 puriores
3576 1232 3822 1287 evadunt.

2388 1333 2440 1386 5.
2476 1331 2636 1385 Vides
2678 1329 3096 1399 magnitudinem
3142 1326 3311 1379 doni?
3358 1327 3424 1377 At
3464 1333 3520 1375 tu
3570 1324 3694 1377 doni
3739 1321 3902 1389 hujus

2319 1421 2743 1491 magnitudinem
2774 1433 3058 1483 conserva,
3088 1416 3159 1470 mi
3184 1415 3364 1469 homo.
3394 1412 3512 1467 Non
3542 1412 3665 1466 licet
3695 1413 3786 1465 tibi
3816 1413 3903 1463 itt-

2319 1513 2632 1568 diﬂ‘erenter
2664 1512 2877 1575 vivere;
2912 1511 3083 1578 legem
3124 1507 3217 1561 tibi
3259 1505 3356 1575 ipsi
3421 1519 3542 1559 cum
3585 1504 3729 1557 omni
3776 1502 3906 1555 dili-

2320 1605 2495 1676 gentia
2524 1604 2883 1672 scisce;agon
2914 1609 2997 1654 est
3041 1607 3096 1653 et
3141 1597 3282 1651 lucta
3332 1594 3573 1665 qumdam
3619 1593 3731 1645 ba-e
3762 1592 3904 1653 vita;

2322 1696 2408 1765 qui
2436 1704 2613 1748 autem
2644 1693 2695 1745 in
2722 1706 2891 1762 agone
2908 1688 3200 1753 contendit,
3223 1686 3290 1740 ab
3310 1687 3558 1741 omnibus
3580 1699 3638 1738 se
3651 1683 3904 1736 abstinet.

2327 1785 2486 1839 Visne
2502 1786 2759 1855 optimum
2787 1782 3070 1851 quemdam
3115 1796 3175 1833 ac
3202 1794 3443 1833 securum
3472 1785 3616 1831 recte
3646 1778 3908 1829 factorum

2325 1873 2538 1928 modum
2567 1882 2618 1927 te
2647 1871 2905 1927 doceam?
2931 1869 3061 1936 Quae
3106 1869 3354 1922 nimirum
3389 1865 3735 1920 indin‘erentia
3781 1864 3909 1932 qui-

2325 1967 2444 2021 dem
2475 1965 2737 2027 vidcntttr,
2787 1962 2881 2017 sed
2927 1969 3141 2030 peccata
3182 1960 3391 2027 pariunt
3412 1998 3426 2024 ,
3450 1972 3514 2011 ex
3543 1965 3717 2009 mente
3745 1955 3911 2023 pella-

2324 2069 2621 2109 musznam
2654 2054 2795 2107 inter
2836 2052 3073 2106 actiones
3119 2049 3364 2118 quamam
3407 2047 3620 2114 quidem
3664 2056 3907 2114 peccata,

2328 2147 2569 2218 quiedam
2620 2161 2748 2201 vero
2797 2159 2902 2198 non
2954 2152 3202 2213 peccata,
3255 2142 3350 2195 sed
3398 2149 3732 2210 peccatorum
3784 2147 3912 2192 sunt

2330 2252 2547 2293 causan:
2578 2237 2656 2290 sic
2684 2235 2822 2289 risus
2850 2234 3063 2305 quidem
3105 2243 3379 2302 peceatum
3429 2241 3614 2284 natura
3654 2244 3758 2283 non
3787 2238 3907 2291 cst;

2333 2330 2392 2381 ﬁt
2419 2338 2596 2381 autem
2628 2336 2930 2396 peccatum,
2959 2326 3002 2379 si
3035 2324 3172 2377 ultra
3196 2324 3410 2377 modum
3434 2320 3734 2376 effundatur
3755 2334 3910 2379 :nant

2332 2436 2395 2473 ex
2427 2419 2536 2472 risu
2566 2418 2793 2484 facetite,
2820 2432 2885 2471 ex
2924 2415 3127 2470 facetiis
3154 2415 3442 2469 verborum
3472 2412 3822 2474 obscmnitas,
3846 2425 3914 2463 ex

2332 2512 2682 2566 obscwtiitate
2708 2509 2988 2563 verborum
3019 2508 3187 2575 turpia
3218 2504 3377 2569 facta,
3406 2520 3469 2559 ex
3492 2503 3732 2572 turpibus
3762 2502 3915 2555 factis

2336 2603 2591 2673 Supplicia
2620 2601 2886 2666 oriuntur,
2924 2614 2985 2653 ac
3006 2613 3179 2668 pinna:
3208 2614 3221 2651 :
3252 2597 3377 2650 tolle
3404 2594 3564 2665 igitur
3591 2605 3743 2647 antea
3775 2592 3915 2645 radi-

2336 2711 2475 2761 cem,
2503 2704 2558 2748 ιιι
2586 2704 2750 2748 totam
2781 2692 3147 2761 aegritudinem
3197 2689 3381 2744 tollas:
3406 2689 3447 2741 si
3479 2688 3619 2741 enim
3662 2685 3813 2737 nobis
3846 2686 3917 2737 ab

2338 2789 2401 2841 iis
2423 2803 2541 2857 quae
2571 2785 2923 2840 indilTerentia
2943 2792 3387 2845 suutcavcamus,
3417 2793 3705 2847 numquam
3738 2778 3788 2829 in
3826 2791 3911 2836 ea,

2336 2894 2453 2947 qua:
2520 2876 2780 2945 prohibita
2840 2882 3005 2939 sunt,
3070 2872 3430 2940 prolabemur.
3498 2869 3573 2922 Ita
3637 2868 3916 2920 mulierem

2339 2968 2613 3037 aspexisse
2645 2964 2954 3019 indili'ereus
3004 2963 3185 3017 multis
3216 2960 3462 3023 videtur;
3496 2968 3548 3012 at
3578 2972 3640 3011 ex
3693 2958 3793 3011 hoc
3821 2971 3917 3010 cu-

2346 3058 2537 3128 piditas
2581 3058 2773 3110 lasciva
2820 3057 3090 3125 gignitur,
3138 3069 3203 3106 ex
3259 3052 3551 3119 cupiditate
3601 3049 3918 3111 fornicatio.

2342 3166 2406 3204 ex
2457 3150 2804 3204 fornicatione
2863 3162 3073 3200 rursum
3113 3144 3431 3213 supplicium
3495 3158 3558 3196 ac
3612 3156 3789 3211 paena.
3849 3140 3921 3191 Ita

2342 3239 2571 3295 delicate
2594 3239 2772 3292 vivere
2811 3251 2875 3290 ac
2898 3238 3038 3290 laute
3066 3234 3197 3288 nihil
3228 3249 3389 3303 grave
3409 3248 3528 3287 esse
3558 3231 3798 3295 videtur;
3829 3245 3922 3283 ve-

2344 3345 2461 3385 rum
2490 3329 2610 3382 inde
2634 3328 2885 3391 ebrietas,
2917 3341 3140 3395 quaeque
3166 3339 3232 3379 ex
3253 3324 3510 3378 ebrietate
3532 3322 3667 3376 mala
3690 3334 3922 3375 sexcen-

2346 3432 2398 3474 ta
2459 3430 2769 3475 nascuntur.
2827 3418 3101 3471 Tollamus
3188 3416 3347 3485 igitur
3417 3416 3609 3483 ubique
3679 3420 3927 3481 peccato-

2347 3528 2466 3567 rum
2522 3513 2801 3581 principia.
2856 3509 3056 3563 Idcirco
3109 3509 3345 3577 quotidie
3394 3508 3642 3561 continua
3687 3506 3931 3559 doctrina

2353 3604 2680 3673 perfruimini
2734 3621 2747 3656 :
2796 3601 2993 3656 idcirco
3040 3609 3243 3667 septem
3272 3598 3487 3651 dierum
3521 3598 3691 3665 spatio
3735 3610 3936 3649 conse-

2351 3702 2576 3763 quenter
2602 3692 2880 3746 collectam
2906 3691 3105 3759 agimus
3133 3687 3231 3760 (a),
3257 3703 3316 3740 ac
3338 3688 3664 3755 Spirituaiem
3690 3699 3935 3738 mensam

2351 3786 2502 3839 vobis
2548 3784 2894 3853 apponimus,
2938 3792 2993 3835 ut
3031 3789 3218 3860 nostra.
3253 3794 3410 3847 Opera
3462 3778 3653 3832 divinis
3700 3777 3935 3845 eloquiis

2353 3876 2719 3947 perfruamini,
2751 3884 2807 3929 ut
2832 3890 2925 3928 vos
2954 3872 3177 3941 singulis
3202 3871 3389 3924 diebus
3414 3870 3750 3931 instruamus,
3773 3878 3941 3937 atque

2356 3968 2610 4021 adversus
2630 3966 2892 4020 diabolum
2914 3977 3180 4017 armemus
3210 3979 3222 4013 :
3263 3976 3399 4014 nunc
3425 3960 3564 4014 enim
3594 3960 3817 4013 ferocius
3846 3959 3902 4012 in
3928 3991 3941 4001 -

2356 4058 2498 4111 vadit
2530 4075 2543 4110 :
2575 4066 2771 4127 quanto
2795 4055 2964 4123 majus
2993 4064 3075 4107 est
3103 4053 3301 4107 donum
3328 4094 3340 4117 ,
3375 4060 3519 4104 tanto
3565 4051 3723 4103 etiam
3767 4048 3941 4117 majus

2359 4158 2440 4203 est
2472 4148 2687 4202 bellum.
2712 4147 2766 4202 Si
2789 4147 2927 4200 enim
2974 4161 3093 4199 cum
3123 4158 3283 4197 unum
3332 4144 3382 4195 in
3406 4141 3646 4210 paradiso
3674 4140 3893 4193 vidisset
3922 4180 3940 4205 ,

2360 4241 2576 4295 minime
2604 4240 2750 4302 tulit,
2781 4253 2899 4291 cum
2931 4246 3034 4289 tam
3078 4234 3271 4287 multos
3298 4232 3471 4285 videat
3522 4232 3571 4283 in
3604 4231 3736 4284 caelo
3761 4270 3774 4295 ,
3812 4229 3900 4282 dic
3923 4271 3940 4293 ,

2361 4345 2538 4400 quaeso
2564 4372 2579 4395 ,
2612 4330 2697 4397 qui
2728 4327 2899 4382 feret?
2945 4326 3279 4393 Exasperasti
3322 4324 3547 4377 belluam
3567 4362 3580 4381 .
3613 4320 3704 4374 sed
3739 4320 3844 4373 noli
3872 4320 3946 4372 ti-

2363 4438 2540 4485 mere;
2572 4420 2827 4489 majorcin
2871 4418 3093 4486 gratiam
3135 4415 3416 4482 accepisti,
3464 4412 3695 4482 gladium
3735 4425 3946 4464 exacu—

2364 4525 2505 4575 tum;
2538 4512 2628 4563 iilo
2654 4524 2825 4579 punge
2854 4516 3173 4575 serpentem.
3200 4505 3398 4559 Idcirco
3421 4504 3563 4556 illum
3587 4504 3725 4555 Deus
3752 4500 3949 4554 adver-

2364 4618 2477 4657 sum
2506 4611 2554 4655 te
2582 4599 2881 4668 exasperari
2911 4597 3178 4667 permisit,
3210 4606 3264 4648 ut
3294 4594 3482 4647 virium
3518 4603 3719 4647 tuarum
3745 4600 3944 4661 poten-

2366 4696 2488 4748 tiam
2511 4694 2623 4761 ipso
2649 4692 3008 4761 experimento
3028 4701 3339 4756 cognoscas.
3391 4686 3455 4738 Et
3498 4682 3951 4753 quemadmodum

2364 4800 2482 4839 cum
2514 4784 2741 4851 Optimus
2765 4780 3020 4846 palaestra:
3041 4778 3289 4845 magister
3306 4774 3601 4843 squalidum
3619 4773 3949 4843 quempiam,

2366 4884 2671 4932 enervatum
2694 4873 2943 4925 athletam
2975 4885 3036 4923 ac
3061 4869 3365 4938 despectum
3386 4867 3669 4933 acceperit,
3696 4865 3790 4917 ubi
3820 4879 3954 4917 eum

2368 4981 2580 5025 unctum
2605 4966 2930 5029 instruxerit,
2960 4963 3277 5023 exercuerit,
3298 4961 3667 5027 corpulentum
3701 4955 3957 5010 reddide-

2368 5063 2457 5126 rit,
2480 5059 2891 5124 otiaridcinccps
2914 5070 3015 5107 non
3039 5054 3199 5116 sinit;
3225 5067 3408 5105 verum
3430 5050 3478 5102 iu
3496 5044 3958 5111 certaminajubct

2370 5152 2713 5209 descendere,
2740 5159 2796 5203 ut
2822 5164 2942 5203 eum
2978 5147 3167 5199 doceat
3192 5144 3537 5214 experientia,
3568 5150 3816 5210 quantum
3850 5140 3960 5204 ipsi

2373 5244 2532 5297 robur
2560 5241 2807 5295 indiderit
2836 5257 2849 5303 ;
2881 5240 2947 5291 ita
2980 5237 3221 5291 Christus
3247 5236 3405 5288 etiam
3441 5233 3563 5286 fecit
3587 5248 3600 5294 ;
3626 5238 3829 5299 poterat
3873 5229 3959 5281 si-

2373 5335 2582 5403 quidem
2614 5333 2880 5385 inimicum
2903 5346 2934 5385 e
2976 5329 3149 5382 medio
3178 5328 3394 5390 tollere,
3440 5324 3532 5377 sed
3563 5332 3618 5376 ut
3644 5322 3822 5391 gratiae
3852 5337 3958 5373 ex-

2375 5423 2696 5487 cellentiam,
2729 5437 2789 5475 ac
2810 5422 3014 5475 virtutis
3040 5419 3346 5488 Spiritualis,
3372 5430 3526 5483 quam
3549 5431 3613 5467 ex
3641 5414 3961 5479 baptismate

2377 5525 2561 5570 nactus
2604 5528 2680 5577 es,
2727 5510 3137 5581 magnitudinem
3192 5510 3400 5570 discas,
3438 5514 3608 5558 tecum
3637 5504 3780 5556 illum
3824 5516 3961 5553 eou-

2439 5648 2512 5705 (τι)
2547 5654 2738 5707 Septem
2775 5645 2963 5695 dierum
2998 5644 3151 5705 Spatio
3185 5642 3397 5706 quotidie
3423 5640 3792 5690 concionabatur
3814 5638 3965 5698 Ciny-

2379 5718 2632 5760 aestuum.
