4206 6318
289 381 390 438 659

285 498 535 568 ἥμαρτεν
553 499 581 550 6
607 495 838 565 Χριστός
859 513 872 526 ⁸
899 495 1036 549 ἀλλά
1055 496 1149 549 καὶ
1170 497 1330 560 αὐτὸς
1352 499 1381 549 6
1403 496 1605 560 ἀπλοῢς
1635 494 1866 556 θάνατος

284 586 350 639 δι’
375 589 553 656 ἡμᾶς’
606 587 665 638 ού
688 586 796 656 γὰρ
826 587 1023 654 ῶφειλε
1045 587 1134 639 τὸν
1158 586 1383 640 θάνατον
1407 589 1610 649 ἐκεῖνος
1633 603 1646 618 ⁸
1673 586 1732 637 ού
1759 585 1868 654 γάρ

285 670 355 744 ἦν
387 672 689 734 ὑπεύθυνος
721 674 984 744 ἁμαρτίᾳ,
1021 673 1103 726 διὸ
1131 672 1250 724 ούδὲ
1291 674 1519 726 Θανάτου
1546 688 1560 702 ⁸
1590 671 1679 725 διὰ
1712 671 1868 722 τοῦτο

284 766 492 825 ἐκεῖνος
526 763 622 832 μὲν
649 766 844 832 ἀνέστη
871 764 969 833 τὴν
999 763 1290 837 ἀνάστασιν
1316 763 1413 832 τὴν
1439 763 1546 816 ἀπὸ
1570 761 1663 815 τοῦ
1696 760 1866 814 ἁπλοῦ

282 853 520 906 Θανάτου
551 871 566 886 ο
615 856 774 924 ἡμεῖς
825 853 882 906 δέ
930 854 1146 906 διπλοῦν
1199 853 1559 914 ἀποθανόντες
1616 853 1864 916 θάνατον,

280 943 479 1013 διπλῆν
528 945 622 996 καὶ
665 943 764 1013 τὴν
811 944 1103 997 ἀνάστασιν
1154 943 1529 1013 άνιστάμεθα·
1587 945 1716 1013 μίαν
1767 944 1866 1013 μὲν

283 1032 482 1098 ἀνέστη
492 1048 589 1099 μεν
617 1031 752 1094 τέως
775 1033 872 1101 τὴν
894 1032 999 1084 ἀπὸ
1023 1032 1118 1102 τῆς
1148 1033 1420 1104 ἁμαρτίας
1438 1049 1450 1062 ⁸
1487 1033 1865 1101 συνετάφημεν

279 1121 391 1190 γάρ
427 1122 578 1190 αὐτῷ
603 1123 658 1173 ἐν
685 1121 761 1190 τῷ
781 1122 1132 1191 βαπτίσματι,
1161 1123 1253 1174 καὶ
1279 1121 1580 1192 συνηγέρθη
1592 1139 1688 1190 μεν
1717 1121 1865 1192 αὐτῷ

277 1211 366 1263 διά
389 1212 483 1264 τοῦ
519 1212 909 1282 βαπτίσματος.
950 1213 1064 1266 Μία
1091 1212 1228 1283 αὕτη
1265 1214 1558 1275 ἀνάστασις
1576 1213 1860 1284 ἀπαλλαγὴ

279 1302 696 1371 ἁμαρτημάτων
715 1319 727 1332 ⁸
754 1304 977 1374 δευτέρα
996 1303 1052 1356 δὲ
1074 1304 1364 1368 ἀνάστασις
1392 1307 1425 1376 ἡ
1457 1305 1548 1357 τοῦ
1579 1305 1825 1374 σώματος
1844 1319 1858 1333 '

279 1392 448 1444 ἔδωκε
499 1396 597 1462 την
652 1394 885 1462 μείζονα,
942 1394 1217 1464 προσδόκα
1269 1397 1364 1448 καὶ
1409 1395 1510 1464 τὴν
1566 1395 1858 1447 ἐλάττονα⁸

277 1483 418 1553 αὓτη
473 1486 583 1554 γάρ
630 1486 761 1538 πολὺ
813 1483 1012 1555 μείζων
1060 1485 1308 1555 ἐκείνης·
1346 1485 1478 1538 πολὺ
1527 1485 1632 1554 γάρ
1680 1485 1860 1554 μεῖζον

279 1574 569 1642 ἁμαρτιῶν
609 1575 1004 1643 ἀπαλλαγῆναι,
1042 1575 1075 1646 ἢ
1123 1575 1281 1644 σῶμα
1319 1575 1447 1629 ἰδεῖν
1482 1577 1856 1647 ἀνιστάμενον.

275 1665 374 1717 Διά
400 1664 559 1717 τοῦτο
590 1665 750 1718 ἔπεσε
778 1665 838 1717 16
869 1666 1046 1736 σῶμα,
1075 1667 1258 1735 ἐπειδὴ
1284 1666 1532 1736 ἥμαρτεν
1550 1683 1564 1698 ⁸
1590 1668 1782 1720 οὐκοῦν
1811 1670 1858 1721 εἰ

275 1755 419 1824 ἀρχὴ
451 1755 547 1808 τοῦ
584 1759 767 1808 πεσεῖν
797 1759 828 1826 ἡ
863 1758 1139 1828 ἁμαρτία,
1173 1758 1313 1829 ἀρχὴ
1341 1757 1436 1812 τοῦ
1467 1759 1762 1827 ἀναστῆναι
1799 1759 1858 1812 16

275 1844 662 1913 ἀπαλλαγῆναι
699 1845 796 1914 τῆς
834 1847 1127 1917 ἁμαρτίας.
1177 1847 1502 1918 Ἀνέστημεν
1538 1847 1722 1901 λοιπὸν
1758 1849 1856 1918 τὴν

278 1931 504 2000 μείζονα
524 1935 838 1999 ἀνάστασιν,
858 1937 948 1988 τὸν
970 1937 1202 2006 χαλεπὸν
1224 1937 1448 1990 θάνατον
1470 1941 1569 2008 τῆς
1588 1939 1856 2008 ἁμαρτίας

276 2021 558 2091 ῥίψαντες,
595 2025 690 2076 καὶ
722 2024 1116 2093 ἀποδυσάμενοι
1151 2024 1212 2076 16
1247 2023 1474 2078 παλαιὸν
1502 2025 1710 2095 ἱμάτιον
1733 2042 1746 2054 ⁸
1780 2027 1854 2096 μὴ

273 2114 455 2167 τοίνυν
488 2115 626 2184 ὑπὲρ
658 2115 760 2184 τῆς
799 2115 1078 2180 ἐλάττονος
1120 2117 1602 2187 ἀπαγορεύσωμεν.
1639 2116 1854 2188 Ταύτην

274 2205 368 2258 καὶ
427 2208 592 2276 ἡμεῖς
659 2205 818 2260 πάλαι
881 2208 981 2278 τὴν
1033 2208 1324 2262 ἀνάστασιν
1383 2210 1703 2279 ἀνέστημεν,
1765 2210 1853 2262 ὅτε

273 2295 682 2368 ἐϐαπτίσθημεν
709 2314 723 2329 ⁸
765 2297 858 2350 καὶ
898 2301 946 2350 οἱ
991 2298 1088 2368 τὴν
1123 2298 1216 2350 τοῦ
1258 2299 1626 2368 βαπτίσματος
1665 2299 1722 2351 δὲ
1759 2299 1853 2352 νῦν

273 2388 514 2458 ἑσπέραν
532 2387 683 2460 [444]
706 2389 1148 2454 καταξιωθέντες,
1181 2389 1249 2442 16
1271 2390 1410 2448 καλά
1431 2388 1600 2440 ταῦτα
1627 2389 1784 2458 ἀρνία
1801 2401 1848 2442 α.

272 2478 388 2549 Πρὸ
419 2479 521 2548 τῆς
555 2478 679 2548 χθές
709 2479 737 2528 6
773 2479 1004 2548 Χριστὸς
1033 2477 1373 2550 ἐσταυρώθη,
1405 2479 1518 2532 ἀλλ’
1555 2481 1751 2550 ἀνέστη
1787 2481 1849 2549 τῇ

274 2567 621 2640 παρελθούσῃ
651 2569 802 2620 νυκτί
823 2585 838 2598 ⁸
876 2571 966 2622 καί
999 2561 1143 2621 οὗτοι
1177 2570 1280 2638 πρὸ
1319 2569 1420 2637 τῆς
1457 2568 1580 2638 χθὲς
1611 2569 1713 2621 ὑπὸ
1751 2569 1852 2639 τῆς

273 2658 552 2729 ἁμαρτίας
609 2660 949 2728 κατείχοντο,
989 2659 1127 2712 ἀλλά
1173 2659 1606 2728 συνανέστησαν·
1647 2661 1852 2723 ἐκεῖνος

274 2748 490 2819 σώματι
517 2748 775 2825 ἀπέθανε,
805 2750 898 2800 καὶ
928 2746 1138 2818 σώματι
1171 2750 1368 2819 ἀνέστη
1393 2765 1406 2778 ⁸
1441 2744 1582 2802 οὗτοι
1609 2751 1852 2820 ἁμαρτία

271 2835 410 2909 ἦσαν
432 2840 774 2908 τεθνηκότες,
803 2841 896 2894 καὶ
925 2841 1033 2893 ἀπὺ
1064 2841 1343 2910 ἁμαρτιῶν
1369 2842 1670 2910 ἀνέστησαν
1699 2843 1851 2894 ἐλευ-

271 2931 620 3001 θερωθέντες.
661 2931 724 2984 Ἦ
766 2931 863 3002 μὲν
895 2928 987 2984 οὖν
1027 2933 1096 3002 γῆ
1131 2932 1270 2985 κατά
1311 2931 1401 2984 τὸν
1446 2933 1632 3003 καιρὸν
1665 2933 1851 2988 τοῦτον

271 3019 364 3072 τοῦ
413 3019 575 3091 ἔαρος
621 3021 747 3091 ῥόδα
797 3022 892 3074 καὶ
940 3022 1131 3102 ἰακκαί
1152 3022 1230 3074 ‘16
1255 3021 1386 3076 ἀλλα
1415 3024 1544 3092 ἡμῖν
1573 3023 1851 3077 ἐκδίδωσιν

270 3113 405 3182 ἀνθη
427 3127 442 3142 ⁸
472 3113 540 3164 16
567 3113 623 3165 δὲ
649 3111 814 3168 ὕδατα
833 3114 931 3183 τῆς
951 3114 1053 3184 γῆς
1075 3115 1205 3183 ἡμῖν
1231 3114 1586 3186 τερπνότερον
1611 3116 1851 3186 λειμῶνα

271 3199 460 3265 εδειξε.
503 3202 594 3271 Μὴ
625 3201 909 3272 θαυμάσῃς
928 3205 977 3255 εἰ
1001 3204 1108 3277 ἀπὸ
1134 3203 1242 3256 τῶν
1270 3205 1478 3258 ὑδάτων
1515 3205 1852 3278 ἐϐλάστησαν

273 3290 404 3361 ἄνθη
429 3309 441 3320 ⁸
475 3292 595 3344 ούδέ
627 3294 660 3362 ἡ
699 3292 772 3362 γῆ
804 3293 942 3345 κατά
966 3294 1065 3362 τὴν
1093 3295 1296 3346 οἰκείαν
1327 3295 1506 3362 φύσιν,
1547 3297 1684 3350 ἀλλά
1713 3299 1851 3352 κατά

273 3383 330 3433 16
376 3382 656 3451 ἐπίταγμα
696 3382 790 3435 τοῦ
825 3383 1093 3437 Δεσπότου
1140 3385 1234 3454 τὴν
1282 3386 1515 3457 βλάστην
1547 3389 1847 3444 ἐκδίδωσιν.

287 3471 543 3534 Ἑξέδωκε
576 3473 667 3523 καὶ
692 3472 749 3523 ἐν
777 3473 918 3542 ἀρχῇ
944 3473 1053 3525 τῶν
1081 3474 1282 3528 ὑδάτων
1303 3478 1336 3545 ἡ
1357 3476 1517 3543 φύσις
1549 3477 1661 3540 ζῶα
1681 3479 1853 3530 κινού-

278 3578 410 3628 μενα
433 3577 448 3591 ⁸
502 3562 869 3632 Ἐξαγαγέτω
909 3565 1047 3635 γάρ,
1087 3567 1247 3633 φησὶ,
1301 3567 1372 3619 τὰ
1416 3567 1601 3620 ὕδατα
1639 3568 1852 3635 ἑρπετὰ

276 3649 490 3718 ψυχῶν
521 3651 743 3717 ζωσῶν,
777 3655 870 3706 καὶ
898 3655 956 3707 τὸ
987 3657 1265 3725 ἐπίταγμα
1297 3657 1454 3725 ἔργον
1488 3659 1722 3724 ἐγένετο,
1759 3661 1851 3712 καὶ

275 3742 308 3806 ἡ
334 3740 539 3810 ἄψυχος
568 3743 746 3812 ἐκείνη
786 3744 942 3798 οὐσία
981 3745 1198 3814 ἔμψυχα
1239 3745 1353 3808 ζῶα
1390 3746 1643 3816 ἐξέφερεν
1669 3764 1681 3775 ⁸
1711 3747 1852 3800 οὕτω

277 3832 365 3882 καὶ
409 3830 528 3894 νῦν,
572 3832 885 3900 ἐξαγαγέτω
929 3835 997 3887 16
1043 3834 1230 3899 ὕδατα,
1269 3837 1387 3905 οὐχὶ
1431 3839 1630 3904 ἐρπετά
1666 3839 1850 3907 ψυχῶν

277 3922 482 3985 ζωσῶν,
513 3922 649 3976 ἀλλά
684 3925 1026 3994 πνευματικά
1060 3926 1388 3996 χαρίσματα.
1432 3927 1695 3996 Ἐξήγαγε
1729 3930 1849 3980 τότε

275 4013 339 4065 τά
372 4013 539 4067 ὕδατα
581 4014 766 4083 ἰχθύας
799 4016 1024 4083 ἀλόγους
1063 4019 1156 4069 καὶ
1195 4017 1461 4085 ἀφώνους,
1502 4019 1719 4082 ἐξέϐαλε
1757 4020 1849 4073 νῦν

277 4104 462 4173 ἰχθύας
493 4106 742 4173 λογικοὺς
783 4109 877 4160 καὶ
919 4111 1337 4178 πνευματικοὺς,
1382 4111 1564 4180 ἰχθύας
1601 4112 1704 4164 ὑπὸ
1743 4113 1849 4165 τῶν

274 4194 580 4248 ἀποστόλων
635 4195 974 4259 ἀλιευθέντας
1010 4216 1022 4228 ο
1081 4199 1258 4252 Δεῦτε
1318 4201 1463 4270 γάρ,
1518 4204 1686 4272 φησὶ,
1750 4203 1847 4255 καὶ

273 4285 505 4352 ποιήσω
533 4286 688 4354 ὑμᾶς
717 4288 906 4353 ἁλιεῖς
941 4290 1264 4358 ἀνθρώπων
1290 4307 1305 4320 ⁸
1335 4293 1538 4362 ταύτην
1567 4293 1716 4360 ἔλεγε
1750 4295 1848 4364 τὴν

274 4377 473 4428 ἁλιείαν
507 4378 646 4433 τότε.
681 4379 878 4440 Καινὸς
903 4380 1071 4442 ὅντως
1101 4381 1197 4450 τῆς
1235 4381 1438 4446 ἀλιείας
1473 4387 1500 4436 6
1529 4386 1724 4453 τρόπος
1747 4402 1759 4416 ⁸
1796 4388 1846 4437 οἱ

274 4466 572 4529 ἁλιεύοντες
610 4470 673 4521 ἐκ
698 4468 804 4521 τῶν
835 4469 1042 4523 ὑδάτων
1081 4472 1450 4537 ἐκϐάλλουσιν,
1485 4477 1644 4544 ἡμεῖς
1674 4479 1751 4537 εἰς
1782 4477 1848 4530 τά

275 4559 436 4610 ὕδατα
469 4556 840 4628 ἐνεϐάλλομεν,
875 4561 967 4633 κα).
994 4560 1164 4624 οὕτως
1199 4562 1541 4633 ἡλιεύσαμεν.
1579 4563 1684 4617 Ἦν
1717 4583 1846 4618 ποτε

276 4650 366 4700 καὶ
390 4649 482 4700 ἐπὶ
513 4649 620 4701 τῶν
667 4629 1309 4724 ’ίουδαίωνθιολυμϐἡθρα
1335 4671 1347 4683 ⁸
1381 4629 1516 4723 μάθε
1545 4657 1598 4707 τί
1632 4659 1846 4726 ίσχυσεν

273 4741 305 4807 ἡ
335 4739 686 4810 κολυμϐήθρα
719 4742 922 4809 ἐκείνη,
962 4742 1048 4794 ἵνα
1087 4742 1263 4814 μάθῃς
1306 4747 1402 4813 τὴν
1447 4748 1716 4815 πτωχείαν
1750 4749 1847 4818 τὴν

285 4826 593 4896 Ἰουδαῖκὴν,
634 4830 718 4881 ἵνα
753 4830 928 4900 μάθῃς
972 4830 1061 4882 τὸν
1099 4831 1325 4885 πλοῦτον
1363 4835 1462 4903 τῆς
1506 4836 1841 4905 Ἐκκλησίας.

275 4919 637 4990 Κολυμϐἡθρα
664 4921 869 4974 ὑδάτων
889 4918 977 4992 ἦν,
1009 4923 1103 4975 καὶ
1129 4927 1431 4995 κατήρχετο
1453 4927 1680 4993 ἄγγελος
1708 4930 1843 4990 ἐκεῖ,

275 5013 364 5062 καὶ
394 5007 661 5078 ἐτάρασσε
684 5012 752 5064 τά
791 5011 956 5065 ὕδατα
982 5030 994 5043 ⁸
1025 5011 1140 5066 εἶτα
1180 5015 1317 5084 μετά
1345 5017 1443 5084 τὴν
1472 5019 1713 5087 ταραχὴν
1750 5017 1843 5069 τοῦ

275 5098 460 5160 ὓδατος
496 5098 778 5151 ἐπέϐαινεν
813 5096 891 5163 εἷς
924 5101 1162 5156 ἀσθενῶν
1202 5106 1292 5156 καὶ
1329 5105 1717 5175 ἐθεραπεύετο·
1766 5103 1845 5169 εἷς

278 5187 432 5256 μόνος
451 5187 544 5240 τοῦ
572 5189 817 5241 ἐνιαυτοῦ
841 5191 1217 5261 ἐθεραπεύετο,
1241 5194 1334 5246 καὶ
1359 5194 1558 5257 εὐθέως
1586 5195 1845 5265 ἀνηλοῦτο

275 5281 304 5345 ἡ
333 5278 511 5349 χάρις,
545 5280 604 5331 ού
641 5280 729 5332 διά
758 5281 856 5350 τὴν
892 5282 1160 5350 πτωχείαν
1186 5282 1278 5334 τοῦ
1317 5283 1562 5345 διδόντος,
1591 5285 1724 5338 ἀλλά
1756 5286 1842 5338 διά

272 5369 365 5438 τὴν
392 5369 673 5423 ἀσθένειαν
702 5371 809 5423 τῶν
836 5372 1234 5442 λαμϐανόντων.
1260 5376 1590 5428 Κατέϐαινεν
1618 5377 1842 5444 ἄγγελος

272 5461 446 5510 τοίνυν
485 5463 564 5522 εἰς
591 5461 688 5530 τὴν
721 5463 1122 5534 κολυμϐήθραν,
1153 5467 1245 5518 καὶ
1274 5467 1540 5536 ἐτάρασσε
1578 5469 1637 5520 16
1677 5468 1838 5538 ὕδωρ,

275 5553 364 5605 καὶ
384 5548 464 5615 εἷς
486 5554 844 5624 ἐθεραπεύετο
866 5571 879 5584 ⁸
907 5556 1170 5626 κατῆλθεν
1193 5561 1221 5611 6
1244 5559 1350 5612 τῶν
1372 5559 1616 5626 ἀγγέλων
1643 5563 1842 5613 Δεσπό-

336 5736 357 5762 ⁶
391 5732 511 5793 Reg.
539 5733 568 5780 2
589 5735 645 5781 τὰ.
663 5736 780 5782 καλά
802 5735 949 5785 ταῦτα
974 5739 1093 5800 ἔρνη.
1119 5739 1234 5798 Qum
1254 5741 1398 5788 lecliu
1423 5753 1515 5788 non
1537 5742 1834 5800 ςιιρτιιριιείιι.

1184 381 1270 437 DE
1307 377 1885 438 RESURRECTIONE
1917 378 1978 432 D.
2021 379 2084 436 Ν.
2123 381 2288 440 JESU
2331 383 2623 440 CHRISTI.

3454 383 3562 439 NO

1972 510 2070 564 της
2098 497 2176 558 εἰς
2207 497 2622 568 τὺν.Ἰορδάνην,
2651 495 2742 550 καὶ
2773 461 3003 567 ἐτάρέιξε
3041 495 3102 548 16
3131 495 3294 566 ὕδωρ,
3333 499 3426 550 καὶ
3456 499 3556 564 τὴν

1969 583 2291 653 οἰκουμένην
2331 585 2548 638 ἃπασαν
2588 584 2941 654 ἐθεράπευσε.
2982 583 3081 636 Διά
3112 583 3268 636 τοῦτο
3305 585 3420 636 ἐκεῖ
3457 587 3556 654 μέν

1973 671 2109 737 μετά
2152 671 2241 722 16v
2283 670 2497 740 πρῶτον
2539 674 2568 725 6
2614 671 2866 742 δεύτερος
2914 671 3187 724 κατελθών
3225 673 3325 724 οὐκ
3367 673 3557 742 60596-

1970 755 2164 809 πεύετο
2189 774 2202 787 ⁸
2247 759 2522 822 Ἰουδαίοις
2549 758 2658 829 γὰρ
2680 759 2878 811 ἐδίδοτο
2901 760 2934 828 ἡ
2958 759 3115 828 χάρις
3138 760 3250 820 τοῖς
3279 757 3550 821 ἀσθενέσι,

1966 845 2078 906 τοῖς
2101 848 2332 914 πτωχοῖς
2351 863 2364 875 ⁸
2390 846 2622 900 ἐνταῦθα
2643 845 2700 898 δὲ
2724 845 2861 915 μετά
2881 846 2971 898 τὸν
2998 845 3210 915 πρῶτον
3233 847 3260 898 6
3280 844 3550 916 δεύτερος,

1970 931 2108 998 μετά
2133 931 2222 984 τὸν
2253 933 2500 1003 δεύτερον
2530 935 2558 986 6
2589 934 2789 1002 τρίτος,
2824 932 2964 999 9516
2985 931 3074 984 16v
3101 931 3280 1001 τρίτον
3301 934 3329 984 6
3356 930 3579 1002 τέταρ-’

1964 1031 2076 1080 τος,
2112 1015 2214 1069 κᾶν
2247 1017 2398 1081 δέκα,
2430 1020 2533 1072 κᾶν
2564 1019 2756 1080 εἴκοσι,
2788 1019 2893 1072 κᾶν
2919 1019 3132 1083 ἑκατὸν,
3168 1018 3269 1071 κᾶν
3301 1019 3549 1088 μυρίους,

1965 1102 2068 1155 κᾶν
2102 1103 2199 1174 τὴν
2234 1107 2554 1176 οἰκουμένην
2583 1106 2800 1160 ἃπασαν
2843 1107 3084 1178 ἐμϐάλῃς
3110 1108 3187 1168 είς
3220 1109 3319 1175 τὴν
3348 1107 3550 1177 κολυμ-

1964 1192 2190 1262 ϐήθραν,
2229 1195 2330 1246 οὐκ
2366 1195 2712 1249 ἀναλίσκεται
2751 1197 2784 1264 ἡ
2828 1195 2985 1265 χάρις
3010 1212 3023 1225 ⁸
3055 1195 3114 1247 ού
3161 1196 3464 1248 δαπανᾶταί
3514 1197 3547 1264 ἡ

1960 1278 2139 1349 δωρεά
2163 1297 2176 1312 ⁸
2210 1283 2268 1333 ού
2306 1282 2569 1352 ρυποῦται
2609 1281 2677 1334 16
2714 1283 2948 1352 νάματα.
2998 1283 3195 1346 Καινὸς
3228 1282 3548 1352 καθάρσεως

1961 1367 2160 1435 τρόπος
2182 1385 2196 1398 ⁸
2229 1369 2290 1421 ού
2329 1370 2436 1437 γάρ
2479 1371 2594 1422 ἐστι
2643 1371 2952 1439 σωματικός
2985 1387 3000 1400 ⁸
3032 1370 3121 1422 ἐπὶ
3163 1371 3259 1439 μὲν
3300 1371 3408 1440 γάρ
3438 1369 3547 1421 τῶν

1964 1455 2230 1523 σωμάτων
2251 1457 2375 1508 ὅταν
2399 1457 2647 1519 πλείονας
2670 1457 2954 1529 άποπλύνῃ
2974 1459 3043 1510 τά
3064 1459 3301 1525 νάματα,
3328 1457 3545 1510 πλείονα

1959 1540 2056 1609 τὴν
2079 1541 2268 1610 κηλῖδα
2295 1543 2505 1612 δέχεται
2532 1561 2544 1573 ⁸
2575 1544 2805 1596 ἐνταῦθα
2833 1545 2889 1597 δὲ
2920 1546 3029 1615 ὅσῳ
3057 1545 3244 1596 πλύνει
3277 1545 3542 1608 πλείονας,

1960 1627 2198 1696 τοσούτῳ
2233 1629 2590 1700 καθαρώτερα
2623 1630 2849 1698 γίνεται.

2027 1740 2088 1786 ε’.
2126 1729 2277 1797 Εἶδες
2305 1734 2532 1803 μέγεθος
2567 1736 2808 1806 δωρεᾶςς
2853 1736 3185 1804 Διατὴρησον
3223 1735 3284 1788 16
3319 1735 3545 1804 μέγεθος

1956 1819 2053 1888 τῆς
2081 1820 2287 1890 δωρεᾶς
2313 1821 2536 1891 ταύτης,
2568 1816 2612 1874 ὣ
2643 1822 2915 1892 ἄνθρωπε.
2941 1823 3054 1874 Οὐκ
3086 1823 3260 1887 ἒξεστί
3286 1839 3364 1874 σοι
3389 1822 3543 1876 ἀδια-

1957 1906 2136 1975 φόρως
2157 1909 2254 1977 ζῇν
2279 1925 2291 1936 ⁸
2316 1907 2477 1977 νόμον
2508 1907 2689 1976 σαυτῷ
2712 1908 2801 1970 θές
2823 1908 2960 1977 μετά
2979 1908 3259 1978 ἀκριϐείας
3290 1908 3504 1978 ἀπάσης
3525 1923 3539 1938 ⁸

1955 1993 2103 2060 ἀγών
2129 1996 2242 2046 ἐστι
2268 1995 2361 2046 καὶ
2383 1994 2731 2064 παλαίσματα
2755 2012 2765 2024 ⁸
2798 1997 2825 2047 6
2846 1984 3328 2062 δὲ’άγωνιζὸμενος
3363 1995 3540 2048 πάντα

1953 2079 2365 2149 ἐγκρατεύεται.
2422 2083 2574 2134 Εἴπω
2631 2099 2712 2134 σοι
2767 2083 2966 2152 τρόπον
3023 2082 3116 2134 ἕνα
3175 2083 3394 2150 ἄριστον
3447 2085 3541 2135 καὶ

1954 2166 2170 2236 ἀσφαλῆ
2208 2168 2680 2238 κατορθωμάτων;
2717 2167 2797 2221 Τὰ
2839 2169 3105 2238 ἀδιάφορα
3152 2169 3248 2236 μὲν
3288 2163 3425 2220 εἷναι
3456 2168 3541 2220 δο-

1953 2253 2150 2306 κοῦντα
2172 2296 2185 2318 ,
2217 2254 2368 2326 [445]
2407 2257 2660 2308 τίκτοντα
2693 2256 2749 2309 δὲ
2785 2256 3076 2326 ἁμαρτίας,
3102 2254 3417 2323 ἐκϐάλωμεν
3445 2256 3542 2324 τῆς

1950 2338 2205 2404 διανοίας.
2239 2341 2393 2394 Ἔστι
2423 2342 2530 2412 γάρ
2559 2343 2664 2394 τῶν
2690 2345 3029 2412 πραγμάτων
3061 2342 3127 2394 16
3166 2343 3264 2411 μὲν
3295 2344 3542 2412 ἀμαρτὴ-

1955 2443 2120 2494 ματα,
2172 2427 2240 2478 τά
2292 2427 2348 2479 δέ
2408 2430 2504 2497 οὐχ
2567 2430 2960 2498 ἁμαρτήματα,
3023 2428 3431 2499 ἁμαρτημάτων
3483 2429 3540 2481 δέ

1951 2517 2135 2567 αἴτια·
2171 2507 2282 2564 οἷον
2329 2511 2502 2581 γέλως
2555 2515 2653 2582 μὲν
2703 2516 3003 2584 ἁμάρτημα
3049 2517 3146 2566 ούκ
3194 2515 3309 2568 ἐστι
3357 2516 3537 2582 φύσει,

1951 2603 2154 2668 γίνεται
2181 2601 2233 2653 δὲ
2259 2603 2561 2672 ἁμάρτημα
2591 2604 2937 2671 προενεχθεὶς
2963 2603 3053 2654 ἐπὶ
3078 2602 3236 2657 πλέον
3257 2619 3269 2631 ⁸
3302 2602 3408 2654 ἀπὸ
3432 2603 3539 2669 γάρ

1950 2688 2182 2754 γέλωτος
2225 2688 2573 2758 εὐτραπελία,
2616 2689 2722 2740 6116
2759 2689 3116 2758 εὐτραπελίας
3156 2689 3536 2758 αἰσχρολογία,

1950 2774 2058 2827 ἀπὸ
2095 2775 2473 2844 αἰσχρολογίας
2518 2775 2721 2845 αἰσχρά
2763 2776 3082 2845 πράγματα,
3131 2775 3239 2828 ἀπὸ
3280 2777 3540 2846 πραγμά-

1949 2878 2056 2915 των
2087 2863 2327 2932 αἰσχρῶν
2363 2864 2609 2926 κολάσεις
2645 2863 2738 2916 καί¹
2783 2863 3062 2933 τιμωρίαι.
3100 2863 3286 2916 Ἀνελε
3315 2861 3407 2918 οὖν
3439 2866 3538 2934 τὴν

1953 2948 2106 3018 ῥίζαν
2149 2949 2372 3014 ἀνωθεν,
2411 2950 2494 3002 ἴνα
2534 2949 2727 3020 ἀνέλῃς
2761 2949 2880 3001 ὅλον
2921 2950 2982 3002 16
3020 2950 3231 3020 νόσημα
3255 2966 3269 2979 ⁸
3302 2952 3397 3003 ἐὰν
3431 2952 3537 3020 γάρ

1949 3035 2018 3087 τά
2064 3036 2331 3105 ἀδιάφορα
2375 3035 2792 3105 φυλαττώμεθα,
2825 3037 3075 3090 οὐδέποτε
3120 3040 3196 3100 εἰς
3249 3037 3316 3090 16
3364 3056 3538 3090 κεκωε

1951 3122 2152 3192 λυμένα
2177 3124 2579 3193 ἐμπεσούμεθα.
2624 3123 2778 3176 Οὕτω
2811 3124 2901 3176 καὶ
2938 3128 3199 3191 γυναῖκας
3232 3125 3356 3178 ἰδεῖν
3386 3126 3538 3179 ἀδιά-

1953 3227 2114 3280 φορον
2143 3206 2280 3263 εἶναι
2313 3211 2460 3263 δοκεῖ
2501 3211 2731 3272 πολλοῖς,
2773 3211 2886 3264 ἀλλ’
2915 3212 3022 3264 ἀπὸ
3058 3211 3244 3264 τούτου
3274 3213 3536 3282 ἐπιθυμία

1953 3298 2248 3361 ἀκόλαστος
2282 3299 2542 3362 τίκτεται,
2585 3299 2648 3350 ἐκ
2688 3300 2784 3366 τῆς
2823 3299 3111 3368 ἐπιθυμίας
3143 3301 3386 3368 πορνεία,
3428 3301 3536 3352 ἀπὸ

1951 3385 2204 3455 πορνείας
2230 3385 2387 3438 πάλιν
2411 3385 2628 3446 κόλασις
2654 3387 2749 3438 καὶ
2774 3385 3029 3454 τιμωρία,
3059 3385 3212 3436 Οὕτω
3237 3386 3292 3438 δέ
3323 3387 3533 3455 τρυφᾷν

1951 3472 2100 3524 οὐδὲν
2138 3471 2306 3540 δεινδν
2337 3467 2485 3523 ἐἶναι
2527 3471 2692 3532 δοκεῖ,
2727 3470 2840 3523 ἀλλ’
2883 3471 3129 3522 ἐντεῦθεν
3165 3472 3300 3540 μέθη
3341 3472 3430 3522 καὶ
3465 3474 3533 3524 τά
3585 3474 3589 3478 ’

1950 3564 2016 3615 ἐκ
2054 3564 2152 3633 τῆς
2201 3565 2369 3633 μέθης
2406 3565 2576 3634 μυρία
2617 3565 2782 3618 κακά.
2841 3565 3140 3627 ’Δνέλωμεν
3184 3566 3358 3615 τοίνυν
3398 3581 3532 3616 παν-

1949 3653 2110 3721 τοικοῦ
2145 3654 2242 3716 τὰς
2275 3655 2445 3723 ἀρχὰς
2475 3655 2581 3706 τῶν
2621 3655 3051 3724 ἁμαρτημάτων.
3087 3653 3184 3704 Διά
3218 3653 3371 3704 τοῦτο
3411 3670 3534 3706 συν-

1950 3745 2105 3812 εχοῦς
2137 3737 2432 3796 ἀπολαύετε
2462 3745 2804 3806 διδασκαλίας
2837 3745 2957 3796 καθ’
2985 3745 3195 3814 ἡμέραν
3221 3761 3234 3773 ⁸
3265 3743 3350 3796 διά
3378 3745 3532 3797 τοῦτο

1949 3834 2088 3885 ἐπι-ά
2116 3835 2325 3905 ἡμέρας
2358 3833 2553 3901 ἐφεξῆς
2592 3834 2808 3900 σύναξιν
2843 3835 3214 3902 ἐπιτελοῦμεν,
3242 3835 3339 3903 τὴν
3374 3852 3532 3886 πνευ-

1951 3925 2185 3993 ματικὴν
2248 3926 2374 3994 ὑμῖν
2426 3925 2849 3995 παρατιθέμενοι
2898 3925 3194 3992 τράπεζαν,
3257 3925 3531 3987 ποιοῦντες

1947 4014 2091 4083 ὑμᾶς
2116 4015 2406 4067 ἀπολαύειν
2449 4017 2607 4067 θείων
2638 4015 2850 4094 λογίων,
2885 4015 3194 4084 ἀλείφοντες
3227 4017 3368 4084 ὑμᾶς
3408 4015 3530 4068 καθ’

1947 4106 2182 4170 ἑκάστην
2221 4105 2454 4175 ἡμέραν,
2489 4105 2902 4170 καθοπλίζοντες
2944 4107 3085 4175 ὑμᾶς
3119 4107 3257 4158 κατά
3292 4094 3383 4158 τού
3415 4107 3530 4160 δια-

1948 4197 2103 4248 ϐόλου
2130 4213 2144 4227 ·
2177 4195 2508 4266 ἀγριώτερον
2546 4196 2654 4267 γὰρ
2688 4195 2780 4249 νῦν
2819 4197 3113 4249 ἐπιτίθεται
3139 4213 3149 4228 ⁸
3183 4199 3291 4266 ὅσῳ
3329 4199 3527 4268 μείζων

1947 4289 1979 4357 ἡ
2013 4287 2210 4356 δωρεά,
2245 4287 2480 4356 τοσούτῳ
2525 4287 2723 4356 μείζων
2758 4289 2849 4341 καὶ
2877 4290 2905 4340 6
2936 4287 3189 4358 πόλεμος.
3229 4291 3290 4342 Εἰ
3332 4291 3439 4360 γὰρ
3469 4292 3526 4341 ἐν

1945 4377 2022 4447 τῷ
2061 4378 2372 4447 παραδείσῳ
2403 4377 2496 4428 ’ἐνα
2538 4378 2564 4428 ό
2601 4378 2844 4440 διάϐολος
2889 4379 3011 4430 ἰδὼν
3045 4381 3143 4431 ούκ
3184 4380 3431 4449 ἤνεγκεν,
3469 4384 3525 4432 ἐν

1947 4469 2022 4537 τῷ
2066 4467 2277 4537 ούρανῷ
2327 4466 2611 4529 τοσούτους
2663 4467 2802 4537 ὁρῶν
2857 4468 2972 4530 πῶς
3021 4471 3178 4532 οἴσει,
3230 4470 3352 4522 εἰπέ
3401 4488 3523 4539 μοι;

1960 4560 2314 4629 Ἐξηγρίανας
2353 4559 2413 4612 τὸ
2448 4559 2654 4628 θηρίον,
2699 4559 2835 4612 ἀλλά
2871 4562 2942 4630 μὴ
2980 4561 3221 4631 φοϐηθῇς
3247 4578 3260 4591 ⁸
3305 4563 3522 4629 μείζονα

1945 4650 2169 4719 δύναμιν
2203 4649 2412 4711 ἔλαϐες,
2462 4650 2735 4719 μάχαιραν
2767 4650 3107 4718 ἡκονημένην
3138 4669 3150 4681 ⁸
3184 4652 3364 4720 ἐκείνῃ
3398 4653 3521 4704 κέν-

1944 4759 2105 4810 τησον
2128 4741 2216 4793 16v
2240 4741 2379 4807 ὄφιν.
2404 4741 2500 4791 Διά
2522 4740 2677 4791 τοῦτο
2701 4742 2727 4792 6
2755 4740 2883 4801 Θεὸς
2907 4741 3113 4809 ἀφῆκεν
3133 4741 3292 4792 αὑτὸν
3316 4744 3520 4811 ἀγριω·

1946 4832 2104 4903 θῆναι
2147 4832 2284 4884 κατά
2334 4831 2448 4893 σοῦ,
2496 4832 2583 4882 ἴνα
2629 4830 2716 4882 διὰ
2761 4831 2858 4900 τῆς
2903 4830 3093 4900 πείρας
3129 4831 3294 4899 αὐτῆς
3345 4833 3519 4900 μάθῃς

1944 4921 2043 4988 τῆς
2093 4921 2269 4990 ἰσχύος
2302 4921 2398 4988 τῆς
2434 4920 2531 4988 σῆς
2560 4920 2656 4988 τὴν
2685 4919 2928 4988 δύναμιν.
2963 4921 3070 4972 Καί
3109 4921 3356 4990 καθάπερ
3397 4940 3519 4974 παι-

1943 5011 2191 5082 δοτρίϐης
2245 5011 2462 5080 ἄριστος
2518 5011 2637 5062 τινά
2696 5011 2985 5080 ῥυπῶντα,
3051 5014 3525 5082 ἐκνενευρισμένον

1943 5102 2199 5171 ἀθλητὴν,
2229 5101 2568 5170 ἠμελημένον
2599 5100 2792 5164 λαϐὼν,
2827 5101 3071 5169 ἀλείψας,
3107 5104 3406 5171 γυμνάσας,
3444 5105 3522 5166 εἰς

1944 5189 2238 5259 εύσαρκίαν
2281 5189 2521 5255 ἀγαγὼν,
2565 5190 2663 5241 οὐκ
2706 5190 2927 5259 ἀφίησιν
2979 5192 3268 5259 ἡσυχάζειν
3315 5193 3519 5256 λοιπὸν,

1944 5279 2056 5331 ἀλλ’
2101 5281 2177 5341 εἰς
2221 5281 2344 5342 τοὺς
2397 5279 2612 5346 ἀγῶνας
2659 5281 2902 5333 κατιέναι
2945 5282 3174 5346 κελεύει,
3225 5285 3310 5336 ἵνα
3361 5288 3522 5338 αύτδν

1944 5371 2124 5440 διδάξῃ
2155 5369 2239 5422 διά
2275 5371 2370 5438 τῆς
2403 5371 2594 5439 πείρας
2626 5371 2754 5438 ὅσην
2789 5371 3041 5440 ἐνέθηκεν
3076 5372 3221 5441 αὖτῷ
3253 5374 3481 5443 δύναμιν
3508 5392 3519 5403 ⁸

1943 5462 2084 5514 οὓτω
2130 5462 2222 5512 καὶ
2269 5462 2297 5512 0'
2339 5461 2570 5530 Χριστὸς
2621 5461 2895 5531 ἐποίησεν.
2941 5463 3194 5515 Ἰιδύνατο
3257 5465 3355 5533 μέν
3417 5466 3522 5537 γάρ

1943 5553 2133 5624 ἐχθρὸν
2169 5554 2232 5605 ἐκ
2273 5553 2365 5606 τού
2397 5554 2561 5622 μέσου
2588 5552 2642 5604 λι
2658 5553 2770 5604 ϐεῖν
2796 5570 2810 5583 ⁸
2842 5554 2954 5606 ἀλλ’
2989 5555 3075 5606 ἵνα
3110 5557 3172 5606 σὺ
3217 5556 3394 5627 μάθῃς
3426 5560 3522 5628 τῆς

1943 5646 2159 5714 χάριτος
2200 5644 2295 5714 τὴν
2331 5645 2426 5696 ὑπε
2441 5645 2631 5714 ρϐολὴν
2653 5686 2666 5708 ,
2702 5645 2796 5714 τῆς
2836 5647 3207 5716 πνευματικῆς
3241 5649 3520 5716 δυνάμεως

1947 5738 2005 5787 16
2042 5737 2284 5806 μέγεθος,

2319 5737 2384 5805 ἣν
2418 5736 2603 5798 ἔλαϐες
2648 5735 2706 5787 ὲκ
2749 5737 2840 5788 τοῦ
2875 5739 3262 5808 βαπτίσματος,
3303 5740 3523 5811 ἀφίησ;ν
