4206 6318
0 104 276 532 Γ

376 451 470 508 ιιι
1355 446 1422 502 ΙΝ
1460 441 1934 501 ASCENSIONEM

2075 441 2140 497 Ν.
2178 440 2342 497 JESU
2381 441 2670 500 CHRISTI.

369 569 511 638 gredi
541 565 669 620 sinit
693 606 709 631 ,
760 580 825 620 ac
852 562 1045 618 multas
1073 562 1165 617 tibi
1192 561 1501 616 occasiones
1526 560 1832 630 suppeditat
1856 575 1950 615 co-

368 672 645 712 ronarum.
674 655 876 710 Idcirco
905 664 1107 723 septem
1151 651 1598 722 consequentibus
1646 651 1730 706 his
1765 651 1951 706 diebus

366 750 684 822 concinnum
706 745 946 800 doctrina
968 743 1230 808 l‘ruimini,
1250 752 1308 796 ut
1335 742 1387 797 in
1415 741 1677 796 luctarum
1707 741 1949 811 palth

366 841 652 909 diligenter
688 835 1058 891 instituamini.
1099 834 1344 903 Alioquin
1377 843 1556 887 autem
1601 832 1761 886 etiam
1791 831 1950 901 spiri-

367 928 540 982 tuales
565 937 690 983 sunt
713 926 910 996 nuptiae
938 940 1000 978 ea
1024 964 1040 990 ,
1069 921 1185 993 qua:
1203 924 1312 993 jam
1342 923 1501 988 ﬁunt;
1527 923 1579 975 in
1606 922 1804 991 nuptiis
1825 935 1952 976 vero

365 1019 434 1072 ad
464 1026 672 1088 septem
701 1017 818 1072 dies
848 1015 1063 1070 thalami
1093 1023 1354 1086 prostant.
1389 1013 1675 1081 PrOpterea
1706 1026 1802 1066 nos
1820 1025 1952 1081 quo-

365 1125 470 1178 que
501 1111 617 1179 lege
637 1109 911 1164 sanximus
929 1107 1098 1172 vobis,
1127 1116 1189 1160 ut
1211 1106 1297 1160 hic
1321 1114 1524 1177 septem
1547 1104 1754 1160 dierum
1780 1104 1952 1173 spatio

366 1202 431 1254 ad
462 1214 647 1254 sacrm
667 1198 928 1253 thalamos
968 1211 1062 1251 vos
1086 1195 1284 1251 sistatis
1310 1197 1350 1248 ⁸.
1382 1195 1578 1250 Verum
1610 1196 1718 1250 illic
1736 1194 1950 1265 quidem

372 1301 491 1362 post
514 1299 720 1359 septem
748 1288 864 1344 dies
903 1289 1178 1343 solvuntur
1205 1305 1220 1341 :
1260 1287 1346 1342 hic
1391 1296 1588 1350 autem,
1619 1288 1664 1341 si
1692 1287 1846 1353 velis,
1897 1288 1950 1342 in

367 1396 520 1436 sacro
548 1380 784 1434 thalamo
819 1387 1074 1448 perpetuo
1115 1387 1257 1432 stare
1286 1385 1468 1446 potes;
1498 1387 1656 1446 atque
1701 1376 1751 1430 in
1779 1392 1952 1432 saecu-

366 1471 567 1525 laribus
587 1469 801 1539 quidem
819 1469 1018 1538 nuptiis
1041 1476 1156 1537 post
1179 1482 1339 1522 unum
1364 1467 1445 1520 vel
1466 1467 1691 1520 alterum
1713 1481 1952 1520 mensem

368 1576 566 1630 sponsa
597 1575 702 1615 non
733 1560 866 1615 adeo
903 1573 1100 1628 sponso
1140 1570 1222 1614 est
1261 1559 1503 1614 amabilis
1532 1577 1544 1611 :
1570 1558 1655 1626 hic
1677 1573 1802 1612 vero
1847 1573 1953 1612 non

373 1654 442 1708 ita
464 1695 480 1719 ,
510 1653 605 1707 sed
632 1662 830 1720 quanto
869 1653 1123 1720 temporis
1154 1651 1210 1704 ﬁt
1236 1651 1404 1719 major
1429 1663 1741 1718 progressus
1760 1690 1774 1712 ,
1810 1657 1954 1704 tanto

367 1744 699 1797 ardentiores
719 1742 897 1810 sponsi
925 1749 1049 1795 sunt
1071 1756 1314 1805 amores;
1345 1749 1490 1794 tanto
1512 1741 1787 1794 suaviores
1808 1755 1926 1796 com
1941 1774 1957 1780 -

371 1838 560 1903 plexus
579 1875 594 1899 ,
625 1844 771 1887 tanto
799 1832 1126 1902 spiritualior
1151 1846 1487 1900 congressus,
1519 1832 1563 1885 si
1585 1831 1866 1901 diligentes
1893 1847 1955 1886 ac

369 1968 452 2076 ac;
471 1968 790 2076 ἓὲἓῶυωη,
815 1970 995 2027 septem
1016 1962 1209 2014 dierum
1250 1963 1406 2026 spatio
1426 1965 1490 2014 ad
1515 1977 1708 2014 sacrant
1743 1978 1956 2015 mensam

3538 445 3648 503 M2

2061 558 2338 629 vigilantes
2365 559 2550 615 simus.
2601 560 2658 616 In
2683 561 2998 631 corporibus
3022 577 3206 618 rursus
3226 570 3346 632 post
3381 563 3641 632 juventu-

2065 661 2171 705 tem
2202 662 2448 707 senectus
2477 667 2492 719 ;
2524 653 2610 707 hic
2649 661 2770 722 post
2793 663 3118 709 senectutem
3158 655 3408 725 juventus
3427 697 3441 719 ,
3469 667 3524 710 et
3559 655 3645 725 ju-

2058 751 2256 795 ventus
2303 756 2424 809 qua:
2471 741 2632 796 ﬁnem
2683 743 2893 798 nullum
2936 743 3133 812 habet,
3186 747 3232 800 si
3299 746 3643 801 voluerimus.

2059 829 2244 900 Magna
2271 832 2461 902 gratia,
2489 832 2582 887 sed
2614 835 2785 904 major
2813 837 2916 890 erit
2937 837 2982 891 si
3022 839 3346 892 voluerimus
3376 855 3388 889 :
3422 852 3643 907 magnus

2055 929 2170 974 erat
2194 922 2353 976 etiam
2378 922 2594 988 Paulus,
2617 939 2736 979 cum
2763 927 3155 996 baptizaretur;
3178 938 3232 982 at
3258 929 3425 982 multo
3445 928 3639 983 deinde

2055 1012 2227 1080 major
2254 1021 2337 1068 est
2367 1014 2536 1070 lactus
2565 1032 2579 1069 :
2611 1031 2730 1071 cum
2764 1017 3110 1086 praedicaret,
3158 1018 3523 1080 conhndebat
3551 1019 3644 1075 Ju-

2060 1101 2242 1166 dzeos;
2301 1111 2484 1171 postea
2534 1114 2719 1175 raptus
2749 1116 2831 1161 est
2882 1107 2935 1161 in
2969 1108 3303 1177 paradisum,
3334 1109 3385 1162 in
3428 1111 3643 1164 tertium

2055 1191 2244 1245 cmlum
2271 1193 2528 1249 ascendit.
2560 1193 2741 1266 Itaque
2765 1196 2915 1251 nobis
2957 1199 3120 1252 etiam
3145 1198 3268 1253 licet
3290 1212 3555 1264 crescere,
3599 1199 3643 1254 si

2055 1281 2319 1348 velimus,
2380 1291 2437 1339 et
2484 1285 2728 1340 collatam
2785 1302 2880 1356 per
2921 1288 3241 1357 baptismum
3284 1291 3508 1358 gratiam
3551 1303 3649 1342 au-

2055 1384 2182 1438 gere
2208 1387 2222 1422 :
2257 1370 2413 1425 bonis
2439 1381 2615 1426 autem
2642 1375 2892 1443 operibus
2914 1386 3157 1445 augetur,
3185 1391 3248 1431 ac
3275 1378 3333 1431 [lt
3363 1378 3644 1443 illustrior,

2059 1460 2337 1530 lucemque
2366 1463 2522 1518 nobis
2545 1465 2958 1533 splendidiorem
2989 1467 3309 1536 suppeditat.
3333 1469 3482 1535 Quod
3503 1470 3546 1522 si
3575 1469 3644 1524 ita

2060 1550 2172 1616 ﬁat,
2209 1553 2371 1606 multa
2409 1568 2530 1608 cum
2572 1554 2759 1610 ﬁducia
2782 1557 2833 1609 in
2859 1559 3110 1612 conclave
3163 1561 3344 1626 sponsi
3395 1565 3497 1613 una
3520 1576 3640 1613 cum

2065 1641 2182 1709 ipso
2232 1643 2574 1711 intrabimus,
2604 1655 2657 1699 et
2683 1646 2746 1699 iis
2775 1646 2928 1701 bonis
2952 1648 3306 1717 perfruemur,
3349 1665 3466 1718 qua:
3491 1665 3644 1718 repo-

2062 1733 2161 1784 sita
2188 1741 2311 1788 sunt
2337 1734 2402 1788 iis
2452 1735 2540 1803 qui
2563 1736 2790 1805 diligunt
2837 1737 3009 1790 illum.
3053 1737 3182 1804 Quae
3213 1738 3367 1792 nobis
3393 1739 3641 1793 omnibus

2062 1823 2318 1891 consequi
2345 1823 2520 1890 detur,
2565 1826 2731 1895 gratia
2760 1838 2814 1881 et
2855 1827 3177 1897 benignitate
3221 1829 3429 1882 Domini
3477 1831 3643 1882 nostri

2058 1911 2184 1964 .Iesu
2210 1910 2438 1978 Christi,
2469 1929 2588 1968 cum
2638 1931 2746 1985 quo
2773 1916 2910 1969 Patri
2939 1926 2994 1984 et
3019 1914 3236 1986 Spiritui
3268 1928 3451 1976 sancto
3478 1920 3646 1989 gloria

2063 2013 2117 2057 et
2142 2002 2388 2061 adoratio
2429 2009 2481 2062 in
2510 2010 2703 2063 saecula
2734 2009 3068 2063 seculorum.
3103 2011 3294 2064 Amen.

393 2257 3619 2293 ww“

1420 2459 1500 2519 IN
1543 2459 1924 2520 HOMILIAM
1966 2459 2064 2520 DE
2104 2459 2592 2522 ASCENSIONE.

377 2640 490 2693 lata
527 2644 838 2708 statuerint,
866 2653 924 2696 ut
955 2653 1111 2698 extra
1138 2643 1404 2697 civitatem
1453 2645 1629 2708 hodie,
1656 2655 1708 2698 et
1743 2645 1952 2715 quidem
1983 2646 2036 2698 in
2067 2644 2164 2699 hoc
2203 2645 2319 2699 loco
2341 2645 2750 2700 conveniremus.
2783 2646 2925 2718 Ergo
2963 2664 3026 2703 ex
3059 2649 3163 2703 lata
3197 2649 3315 2718 lege
3339 2646 3636 2717 quotannis

371 2767 525 2807 extra
561 2754 754 2808 urbem
783 2754 838 2808 in
861 2755 945 2810 die
973 2753 1324 2817 Parasceves,
1351 2757 1418 2810 de
1443 2772 1554 2826 quo
1586 2759 1788 2828 agitur,
1819 2772 1886 2812 eo
1915 2757 1970 2810 iu
2000 2759 2122 2813 loco
2181 2767 2482 2814 conventus
2521 2759 2862 2814 habebantur
2896 2780 2909 2814 :
2938 2778 3038 2816 nec
3065 2772 3242 2832 potest
3267 2763 3541 2833 quidpiam
3569 2780 3634 2818 ex

375 2880 540 2936 supra
565 2865 748 2920 allatis
777 2867 954 2922 verbis
991 2869 1056 2922 ad
1080 2884 1285 2924 annum
1319 2867 1669 2924 statuendum
1703 2866 1910 2938 colligi.

443 3003 542 3060 Hie
564 3006 720 3061 vides
750 3021 1004 3077 magnam
1034 3007 1280 3062 Flaviani
1307 3007 1636 3063 Antiocheni
1667 3005 1912 3075 episcopi
1936 3020 2064 3076 erga
2095 3005 2356 3076 reliquias
2382 3017 2683 3078 martyrum
2721 3009 3080 3063 reverentiam
3118 3023 3134 3063 :
3167 3025 3294 3064 nam
3330 3028 3452 3066 cum
3477 3023 3636 3068 antea

366 3125 472 3180 sub
496 3125 744 3180 ecclesiae
772 3127 1080 3195 pavimento
1096 3123 1420 3195 jacuissent,
1446 3140 1541 3181 eas
1565 3123 1697 3180 hinc
1725 3123 1950 3180 eductas
1978 3122 2035 3177 in
2066 3123 2312 3189 sublimi,
2340 3139 2482 3194 puro
2519 3125 2832 3194 mundoque
2860 3125 2981 3180 loco
3007 3125 3211 3194 posuit,
3249 3136 3307 3180 ut
3334 3129 3514 3199 populi
3539 3145 3634 3185 ve-

365 3243 634 3298 nerationi
667 3251 936 3313 paterent.

437 3381 947 3452 [interpretationem
975 3379 1203 3436 Gerardi
1242 3379 1441 3446 Vossii,
1468 3380 1658 3436 multis
1681 3379 1734 3434 in
1769 3379 1906 3436 locis
1937 3377 2309 3443 emendatam,
2347 3393 2379 3433 e
2405 3377 2629 3448 regione
2667 3376 2842 3433 Graeci
2877 3385 3061 3435 textus
3088 3381 3394 3445 posuimus.

372 3939 438 3980 IN
487 3935 905 3980 Αςεεκειοκειι
948 3934 1184 3982 υοιιιιη
1220 3933 1444 3976 NOSTBI
1472 3934 1617 3976 δεδι]
1661 3934 1936 3990 CHRISTI,
1982 3935 2190 3979 SEBHO
2233 3936 2583 3979 RBCITATUS
2627 3937 2691 3978 IN
2734 3937 3062 3981 MARTYRIO
3093 3937 3490 3992 ROMANESIM,
3538 3939 3640 3979 UBI

456 4037 808 4081 usnrvauu
861 4036 1172 4088 convena,

1245 4033 1362 4076 SUB
1418 4033 1785 4076 PAVIMENTO
1845 4034 2046 4078 PROPR
2116 4036 2459 4079 CADAVEBA
2521 4036 2996 4080 HERETICORUM
3046 4036 3336 4092 CONDITA,

3404 4039 3640 4081 ΑΒιΑΤΔ

456 4139 774 4192 ῐυειυκτ,
808 4138 888 4180 ΒΤ
930 4136 1233 4179 ευιτιοιιις
1275 4134 1430 4177 LOCO
1474 4135 1830 4177 SEPABATIH
1876 4135 2151 4178 SEPULTA
2193 4120 2291 4195 (a).

453 4400 502 4450 l.
525 4394 626 4450 Cur
654 4404 795 4448 extra
838 4393 1085 4446 ciuitatem
1113 4401 1384 4444 conventus
1423 4391 1639 4445 habitus.
1674 4423 1746 4433 —
1781 4393 1955 4450 Etiam

375 4503 501 4542 cum
528 4485 702 4540 crucis
727 4483 1035 4538 memoriam
1065 4481 1390 4534 recoluimus
1409 4521 1423 4542 ,
1453 4490 1600 4534 extra
1629 4483 1812 4536 urbem
1841 4484 1956 4552 ejus

378 4579 771 4633 solemnitatem
819 4573 1245 4629 celebravimus:
1275 4581 1329 4626 et
1371 4587 1509 4625 nunc
1536 4573 1747 4641 quando
1783 4575 1958 4628 cruei-

379 4669 468 4722 tixi
490 4667 856 4721 ascensionem
882 4664 1107 4732 agimus,
1140 4662 1395 4716 illustrem
1438 4661 1578 4716 hunc
1602 4673 1762 4730 atque
1799 4663 1960 4720 reful-

376 4766 591 4827 gentem
639 4755 803 4818 diem,
848 4763 996 4808 extra
1026 4752 1291 4806 civitatem
1317 4765 1502 4805 rursus
1537 4749 1728 4805 festum
1755 4753 1959 4821 peragi—

465 4887 518 4948 a)
549 4883 732 4948 (Jollata
751 4897 864 4948 cum
1015 4883 1174 4948 Regiis
1189 4881 1352 4948 l9f70,_
1369 4880 1512 4948 2927,
1538 4888 1588 4931 et
1607 4882 1749 4948 2424,
1776 4889 1828 4932 et
1851 4897 1961 4948 cum

375 4942 656 4997 Colbertino
677 4945 817 4994 $443.
863 4946 1040 5006 Regius
1080 4942 1222 5006 μαι,
1248 4944 1295 4991 in
1320 4942 1476 4999 titulo,
1502 4943 1792 5006 Rmnattesite
1809 4982 1822 5003 ,
1850 4951 1894 4992 et
1913 4945 1963 5006 in

378 5015 654 5071 martyrum
689 5018 898 5071 corpora
918 5003 1020 5071 sub
1035 5003 1312 5071 pauimento
1336 5016 1484 5065 prope
1508 5005 1746 5071 cadavera
1767 5003 1961 5071 hac“-

380 5064 552 5118 eorw'n
575 5064 787 5134 condita,
810 5078 918 5134 qum
939 5064 1101 5134 ablata
1122 5066 1313 5134 fuerunt
1332 5064 1660 5134 et'separatim
1692 5066 1893 5134 sepulta,
1917 5073 1964 5115 et

378 5130 621 5190 quomodo
641 5125 984 5190 explicatth
999 5125 1196 5190 uerbum
1227 5125 1403 5190 Christi
1427 5125 1591 5190 dicens
1621 5139 1638 5175 :
1670 5143 1691 5170 ι
1721 5125 1962 5175 Invenien-

379 5185 463 5239 istr
488 5189 602 5239 dua
624 5185 850 5238 uolentes
869 5187 919 5237 in
934 5187 1076 5238 mola.
1103 5204 1125 5232 ι
1143 5189 1196 5248 isi
1220 5187 1365 5248 Regii
1386 5185 1532 5235 lectio
1553 5199 1668 5235 vera
1689 5194 1840 5244 esset,
1867 5200 1962 5236 non

379 5260 642 5314 martyrum
660 5261 856 5309 corpora
874 5249 1116 5314 looomota
1134 5247 1285 5314 fuisse
1294 5247 1590 5314 viderentur,
1609 5247 1695 5296 sed
1710 5250 1965 5314 luet-ction-

381 5306 526 5360 rum:
541 5319 596 5361 At
627 5306 821 5372 praestat
856 5311 1004 5372 \‘ossii
1044 5318 1096 5358 et
1135 5309 1289 5357 savilii
1333 5307 1481 5372 lectio
1506 5322 1517 5354 :
1546 5323 1637 5356 non
1656 5306 1810 5372 solum
1835 5309 1962 5356 enim

381 5374 498 5432 quia
525 5370 673 5432 prope
697 5371 1031 5420 haereticorum
1065 5383 1282 5434 corpora,
1305 5370 1392 5419 sed
1419 5371 1562 5434 etiam
1587 5371 1697 5434 quia
1719 5371 1812 5434 sub
1833 5372 1964 5434 pavi-

383 5429 555 5481 mento
579 5429 718 5482 erant
739 5440 997 5493 lwtyrum
1029 5429 1265 5493 reliquiae,
1286 5429 1527 5493 translatae
1547 5429 1663 5479 etin
1687 5429 1963 5480 sublimiore

384 5501 435 5542 et
463 5494 741 5543 honestiore
766 5491 1058 5551 locoiposiue
1087 5491 1309 5550 fuerunt;
1352 5492 1478 5552 quod
1513 5492 1658 5539 etiam
1689 5493 1822 5539 initio
1847 5505 1961 5552 con—

381 5555 541 5602 donis
560 5553 846 5603 declaratur.
887 5555 1226 5601 Haeretioornm
1264 5551 1427 5600 autem
1462 5565 1568 5600 ossa
1604 5567 1696 5601 non
1737 5551 1964 5600 translata

381 5613 539 5662 fuisse
564 5615 703 5675 paulo
726 5621 893 5676 postea
915 5614 1439 5677 dicit‘t‘1hrysostomus.
1484 5614 1655 5662 Eadem
1691 5615 1791 5676 ipsa
1817 5612 1961 5662 lectio

381 5674 593 5726 habetur
618 5674 765 5727 etiam
785 5678 831 5724 iu
856 5683 972 5738 Reg.
1001 5674 1134 5725 l970.

1913 4278 2338 4334 GM—

2063 4413 2206 4460 mus,
2234 4396 2388 4465 Atqui
2415 4394 2517 4450 hoc
2536 4437 2550 4459 ,
2581 4409 2684 4450 non
2715 4395 2856 4464 quod
2888 4395 3155 4451 civitatem
3205 4396 3480 4466 despicere
3511 4399 3647 4458 velis

2061 4499 2214 4549 mus,
2270 4483 2364 4538 sed
2413 4495 2675 4554 martyres
2698 4483 2875 4553 potius
2921 4483 3185 4538 honorare
3229 4486 3524 4555 cupiamus.
3569 4487 3648 4542 Ne

2061 4575 2204 4630 enim
2229 4573 2327 4627 viri
2367 4573 2535 4628 sancti
2577 4573 2644 4627 de
2673 4573 2829 4628 nobis
2877 4575 3068 4628 merito
3097 4585 3528 4644 conquerantur,
3584 4592 3648 4631 ac

2062 4667 2239 4722 dicant
2265 4683 2280 4719 :
2309 4665 2415 4721 Nos
2456 4681 2523 4721 ne
2546 4665 2689 4735 digni
2729 4665 2944 4734 quidem
2976 4680 3208 4727 eramus,
3239 4666 3328 4735 qui
3356 4682 3518 4721 unum
3549 4667 3650 4721 Dn-

2062 4757 2192 4812 mini
2217 4757 2382 4810 nostri
2407 4756 2549 4810 diem
2594 4757 2645 4810 in
2667 4755 3020 4810 tabernaculis
3044 4756 3244 4810 nostris
3271 4756 3529 4810 celebrari
3560 4757 3645 4810 vi-

2063 4848 2341 4911 deremus;
2386 4861 2521 4901 neve
2541 4845 2818 4900 nobiseum
2846 4846 3228 4915 expostulando
3272 4844 3648 4903 dicant:San-

2064 4938 2274 5006 guinem
2299 4935 2512 5005 quidem
2542 4944 2781 4990 nostrum
2825 4949 2923 5004 pro
2953 4936 3068 5003 ipso
3098 4933 3399 4999 ell’udimus,
3428 4943 3482 4988 et
3501 4935 3648 5005 digni

2066 5027 2232 5082 habiti
2273 5040 2493 5088 sumus,
2551 5024 2744 5094 quibus
2793 5040 2888 5094 pro
2940 5039 3005 5079 eo
3051 5034 3215 5094 caput
3260 5033 3656 5093 amputaretur,

2067 5115 2232 5185 ipsius
2259 5127 2434 5169 autem
2461 5115 2788 5168 salutiferum
2820 5113 3010 5168 festum
3032 5115 3288 5168 celebrari
3307 5115 3446 5168 diem
3471 5113 3664 5169 videre

2066 5222 2172 5260 non
2199 5221 2382 5261 sumus
2408 5204 2679 5273 promeriti
2709 5205 2760 5257 in
2792 5204 3107 5258 habitaculis
3131 5205 3329 5258 nostris
3359 5222 3370 5256 :
3404 5205 3526 5258 ideo
3558 5219 3659 5258 re-

2069 5301 2189 5354 licta
2216 5300 2424 5353 civitate
2444 5298 2508 5354 ad
2532 5298 2692 5368 pedes
2721 5308 3023 5350 sanctorum
3054 5297 3241 5350 horum
3272 5310 3639 5365 properamus,

2067 5391 2346 5446 occasione
2364 5389 2637 5457 przesentis
2659 5388 2758 5440 diei
2784 5429 2796 5449 ,
2821 5397 2873 5440 et
2900 5387 2966 5441 de
2999 5398 3233 5454 tempore
3266 5386 3533 5454 pneterito
3555 5402 3640 5439 ex-

2067 5469 2314 5534 cusantes
2343 5493 2440 5532 nos
2479 5477 2614 5546 apud
2658 5477 2821 5544 ipsos.
2870 5475 2997 5528 Nam
3030 5477 3071 5528 si
3123 5488 3275 5528 antea
3300 5475 3363 5527 ad
3397 5486 3644 5528 strenuos

2071 5573 2167 5625 hos
2192 5571 2397 5640 pietatis
2423 5569 2646 5623 athletas
2668 5584 2882 5621 currere
2914 5569 3215 5634 oportebat,
3246 5564 3457 5634 quando
3480 5565 3650 5616 adhuc

2071 5663 2168 5717 sub
2195 5661 2497 5732 pavimento
2545 5658 2802 5714 reconditi
2833 5659 3074 5730 jacirbant
3093 5696 3110 5724 ,
3139 5659 3303 5710 multo
3328 5671 3455 5711 sane
3487 5657 3650 5722 magis
