4206 6308
611 403 709 458 ιιδ
1313 394 1371 451 S.
1411 391 1689 450 JOANNIS
1725 387 2194 446 CIIRYSOSTOMI
2234 386 2555 444 ARCHIEP.
2595 387 3128 446 CONSTANTINOP.

610 516 658 567 id
684 516 792 581 jam
828 525 1078 582 peragere
1105 509 1369 578 oportebit
1389 548 1404 571 ,
1433 505 1644 574 quando
1669 505 1892 559 seorsiin
1921 501 2178 570 repositas

611 606 852 657 videmus
889 602 1230 669 margaritas,
1263 597 1474 666 quando
1504 611 1534 649 a
1585 596 1722 664 lupis
1770 595 2004 648 liberata:
2058 599 2182 644 sunt

611 709 766 754 ores,
795 693 1005 762 quando
1031 706 1060 744 a
1110 691 1329 744 mortuis
1359 697 1694 741 recesserunt
1741 686 1864 739 vivi.
1912 683 1987 738 Ne
2029 692 2180 737 antea

611 785 820 854 quidem
865 784 1025 836 ullum
1061 782 1431 836 detrimentum
1467 780 1603 848 passi
1643 787 1766 832 sunt
1809 792 1872 831 ex
1916 775 2181 830 communi

613 883 730 927 cum
760 874 862 926 illis
893 874 1156 940 sepultura
1192 889 1204 925 :
1237 886 1460 940 quorum
1492 871 1634 923 enim
1686 868 1900 937 spiritus
1953 867 2002 918 in
2037 866 2184 918 ca-li’s

614 977 776 1030 sunt,
808 981 990 1032 eorum
1030 978 1199 1032 neque
1249 978 1468 1029 corpora
1513 978 1578 1016 ex
1609 959 1998 1029 propinquitate
2027 957 2186 1010 laede-

615 1056 834 1119 bantur;
860 1029 1079 1123 quii-t-itrii
1121 1053 1311 1105 anima:
1334 1053 1386 1106 in
1415 1067 1571 1105 manu
1601 1050 1689 1104 Dei
1716 1059 1865 1112 sunt,
1898 1063 2067 1116 neque
2095 1062 2184 1100 re-

610 1145 783 1213 liquiae
812 1160 993 1197 eorum
1019 1159 1085 1196 ex
1111 1144 1225 1195 loco
1247 1183 1260 1206 ,
1291 1143 1339 1194 in
1360 1158 1463 1211 quo
1491 1141 1772 1196 rec0nditsc
1804 1149 1957 1201 sunt,
1984 1138 2179 1207 aliquid

615 1235 720 1304 pati
755 1240 1010 1302 poterant.
1036 1232 1176 1286 Nihil
1223 1247 1350 1301 ergo
1381 1234 1443 1285 iis
1497 1230 1720 1284 antehac
1749 1229 2054 1283 detrimenti
2099 1243 2185 1282 ac-

611 1324 771 1376 cessit
796 1341 808 1376 :
842 1323 1064 1392 populus
1089 1332 1261 1375 tamen
1292 1332 1469 1375 noster
1499 1336 1600 1373 non
1631 1320 1876 1388 exiguum
1906 1334 1933 1370 a
1958 1319 2073 1374 loco
2094 1318 2187 1372 da-

612 1431 793 1468 mnum
844 1417 1043 1468 ferebat
1071 1432 1082 1467 :
1113 1415 1304 1482 quippe
1342 1414 1429 1481 qui
1451 1413 1695 1466 currebat
1715 1411 1923 1481 quidem
1952 1413 2016 1464 ad
2049 1426 2188 1464 mar-

612 1514 786 1573 tyrum
837 1505 1119 1572 reliquias,
1147 1515 1199 1556 at
1224 1520 1342 1557 cum
1389 1504 1727 1572 ambiguitate
1769 1513 1823 1557 et
1854 1502 2186 1556 ha'sitatione

613 1610 797 1661 preces
827 1594 1099 1658 otl‘erebat,
1128 1595 1264 1662 quod
1293 1603 1592 1648 sanctorum
1623 1595 1865 1660 sepulcra
1895 1594 2183 1663 ignoraret,

609 1698 672 1735 ac
720 1683 806 1735 ubi
851 1684 956 1735 veri
1011 1684 1082 1735 illi
1138 1684 1366 1736 thesauri
1413 1683 1671 1737 reconditi
1698 1693 1896 1738 essent.
1941 1683 2188 1750 Idemque

612 1773 805 1828 factum
824 1783 906 1827 est
926 1774 1083 1826 veluti
1104 1777 1145 1827 si
1175 1789 1358 1842 greges
1384 1775 1558 1826 ovium
1581 1774 1790 1828 adducti
1818 1774 1882 1827 ad
1911 1773 2186 1842 perfrueno

618 1863 744 1914 dum
780 1865 945 1916 alveis
965 1865 1136 1930 puris,
1165 1864 1249 1930 qni
1275 1903 1290 1927 ,
1322 1864 1407 1915 ubi
1453 1864 1516 1914 ad
1548 1863 1719 1917 fontes
1749 1864 1992 1930 limpidos
2025 1879 2186 1917 vene-

612 1953 750 2011 rint,
786 1962 918 2016 tetro
946 1952 1171 2018 quodam
1195 1952 1356 2004 odore
1385 1961 1540 2018 atque
1569 1950 1757 2005 faetore
1785 1947 1996 2005 aliunde
2015 1967 2184 2006 conn-

612 2044 694 2095 nis
719 2052 1066 2110 erumpente,
1116 2043 1303 2096 iterum
1359 2042 1737 2096 inhibeantur:
1790 2044 1858 2096 ita
1903 2052 1956 2097 et
2003 2045 2053 2096 in
2085 2044 2186 2097 isto

612 2137 735 2189 ovili
772 2138 1007 2204 ecutigit.
1067 2137 1176 2188 Ibat
1230 2136 1441 2202 quidem
1493 2135 1713 2202 populus
1769 2135 1834 2189 ad
1876 2150 2034 2204 puros
2065 2137 2182 2191 illos

614 2235 902 2298 martyrum
932 2226 1119 2285 fontes,
1149 2223 1242 2277 sed
1269 2224 1392 2276 dum
1417 2223 1658 2278 ftBlOl‘t’JIl
1681 2223 2186 2278 lucretiCoruminde

613 2321 852 2374 cominus
897 2326 1259 2384 erumpentem
1291 2317 1542 2378 sentiret,
1599 2325 1788 2368 iterum
1829 2315 2180 2370 inhibebatur.

612 2409 763 2476 Quod
786 2409 1000 2477 quidem
1049 2406 1381 2473 conspiciens
1434 2405 1660 2472 prudens
1684 2405 1774 2458 hic
1816 2413 1996 2472 pastor
2029 2416 2186 2474 atque

613 2501 879 2569 magister,
899 2506 1083 2552 cuncta
1104 2496 1166 2548 ad
1183 2496 1432 2550 Ecclesiae
1454 2495 1852 2549 :cdiiicationem
1876 2495 2184 2562 disponens,

613 2605 716 2645 non
758 2603 838 2643 est
885 2604 1069 2659 passus
1096 2587 1184 2640 diu
1235 2587 1333 2640 hoc
1382 2588 1631 2639 damnum
1673 2601 1768 2653 pro
1819 2586 1918 2640 levi
1964 2586 2181 2650 haberi,

612 2680 822 2734 fervens
868 2679 952 2732 hic
981 2689 1185 2732 amator
1225 2685 1278 2729 et
1307 2676 1582 2729 aemulator
1613 2686 1902 2746 martyrum
1954 2677 2050 2745 (a).
2080 2677 2184 2729 Sed

611 2771 734 2838 quid
763 2772 906 2840 agit?
937 2773 1168 2838 Aspicite
1195 2769 1502 2836 sapientiam
1544 2769 1660 2837 ejus
1690 2785 1702 2820 :
1733 2769 1940 2822 turbida
1970 2770 2183 2838 quidem

612 2878 675 2916 ac
702 2862 878 2915 fretida
921 2864 1112 2916 ﬂuenta
1145 2860 1354 2923 obruit,
1402 2869 1558 2928 atque
1581 2860 1843 2913 obstruxit
1883 2859 2134 2913 deorsum
2166 2877 2180 2912 :

614 2968 776 3021 puros
796 2964 967 3008 autem
997 2963 1285 3023 martyrum
1313 2951 1485 3005 fontes
1513 2966 1751 3004 seorsqu
1780 2952 1830 3006 in
1866 2966 2000 3020 puro
2027 2967 2182 3006 mun-

612 3043 786 3112 doque
833 3044 946 3097 loco
993 3043 1290 3096 collocavit.
1339 3041 1680 3094 Considerate
1728 3042 1887 3095 etiam
1932 3051 2182 3111 quantam

613 3147 737 3202 erga
769 3136 871 3187 vita
901 3133 1104 3185 functos
1135 3130 1433 3186 exhibuerit
1456 3129 1853 3194 humanitatem,
1886 3139 2042 3200 atque
2060 3147 2184 3202 erga

613 3232 874 3292 martyres
905 3221 1155 3276 honorem
1179 3263 1193 3287 ,
1219 3233 1271 3275 et
1300 3223 1348 3274 in
1379 3221 1627 3290 populum
1655 3236 1858 3275 curam.
1885 3221 2018 3292 Erga
2043 3239 2186 3277 mor-

617 3322 737 3365 tuos
765 3314 975 3382 quidem
1020 3313 1394 3366 humanitatem
1415 3353 1428 3376 ,
1461 3311 1599 3379 quod
1629 3326 1720 3365 eos
1752 3292 1873 3366 loco
1920 3327 2024 3366 non
2065 3327 2183 3367 mo-

613 3403 770 3466 verit,
793 3402 882 3457 sed
906 3404 993 3457 ubi
1023 3412 1192 3468 erant,
1224 3402 1292 3455 ibi
1323 3402 1623 3470 reliquerit;
1653 3416 1776 3470 erga
1803 3413 2062 3472 martyres
2089 3418 2183 3456 au-

617 3502 722 3546 tem
752 3492 1039 3555 honorem,
1074 3507 1166 3546 eos
1208 3492 1274 3544 ab
1311 3492 1547 3559 improba
1577 3492 1846 3545 vicinitate
1895 3493 2132 3547 eximens
2164 3511 2179 3546 :

615 3595 740 3648 erga
789 3582 1034 3648 populum
1062 3597 1187 3634 vero
1218 3596 1396 3634 curam
1423 3580 2012 3648 atque'sollieitudinem
2035 3625 2048 3647 ,
2080 3600 2184 3638 non

618 3672 925 3738 permittens
947 3687 1039 3726 eos
1075 3672 1299 3740 amplius
1315 3686 1430 3726 cum
1450 3671 1756 3727 discrimine
1779 3682 1833 3727 et
1853 3673 2184 3730 haesitatione

611 3777 735 3817 suas
763 3778 945 3831 preces
972 3763 1214 3817 fundere.

684 3855 860 3922 Δηρειί
880 3854 1062 3907 adsunt
1083 3856 1134 3906 in
1160 3856 1366 3908 ecclesia
1390 3865 1435 3909 et
1465 3857 1661 3926 ubique.
1686 3886 1752 3896 --
1775 3856 2060 3924 Propterea
2090 3873 2183 3911 vos

613 3943 716 3997 huc
735 3941 1048 3997 adduximus
1067 3985 1081 4008 ,
1113 3954 1168 3997 ut
1195 3945 1446 3999 illuSIrior
1474 3956 1764 3999 conventus
1797 3948 1979 4011 heret,
2008 3948 2186 4015 splen-

611 4033 888 4101 didiusque
914 4036 1268 4101 spectaculum
1311 4051 1412 4088 non
1461 4037 1730 4089 hominum
1757 4037 1927 4089 solum
1951 4079 1966 4103 ,
2013 4039 2104 4091 sed
2133 4047 2186 4092 et
2215 4045 2224 4049 ’

615 4132 904 4192 martyrum
936 4124 1279 4177 collectornm
1303 4167 1316 4190 ,
1350 4141 1521 4193 neque
1547 4134 1840 4195 martyrum
1869 4127 2142 4180 dumtaxat
2168 4167 2181 4187 ,

612 4226 794 4264 verum
825 4212 984 4266 etiam
1013 4214 1341 4281 angelorum.
1378 4215 1584 4270 Etenim
1613 4226 1668 4270 et
1696 4217 1867 4285 angeli
1898 4228 2186 4284 pra-sentes

611 4310 767 4365 sunt,
796 4302 1100 4370 angelorum
1132 4311 1185 4356 ct
1230 4313 1518 4372 martyrum
1569 4321 1857 4360 concursus
1901 4307 1952 4359 lit
2007 4307 2180 4360 hodie.

617 4391 805 4444 Videre
854 4394 1003 4460 cupis
1054 4394 1268 4460 angelos
1317 4395 1512 4461 pariter
1559 4411 1620 4448 ac
1675 4398 1972 4467 martyres?
2024 4397 2183 4466 Aperi

612 4487 792 4538 oculos
820 4485 936 4538 fidei
965 4495 1018 4538 et
1053 4502 1240 4539 cernes
1270 4488 1630 4553 spectaculum
1665 4489 1810 4542 illud.
1840 4489 1970 4542 Nam
1999 4490 2042 4542 si
2072 4506 2187 4543 om-

612 4578 691 4629 nis
721 4592 812 4630 aer
832 4577 1028 4645 angelis
1057 4578 1285 4645 repletus
1309 4579 1412 4641 sit,
1442 4591 1638 4647 quanto
1659 4582 1882 4648 amplius
1907 4582 2131 4635 ecclesia
2167 4600 2180 4636 :

611 4668 654 4718 si
705 4683 828 4720 vero
866 4667 1126 4732 ecclesia,
1155 4680 1349 4734 quanto
1392 4672 1559 4738 magis
1606 4671 1719 4724 dies
1750 4671 1859 4740 jam
1911 4687 2180 4739 praesens,

612 4757 821 4823 quando
863 4773 1046 4810 eorum
1080 4767 1377 4826 assumptus
1406 4770 1486 4814 est
1519 4760 1804 4814 Dominus?
1834 4762 1982 4826 Quod
2007 4772 2183 4815 autem

614 4849 788 4899 mimis
820 4863 912 4900 aer
937 4849 1138 4914 angelis
1184 4849 1252 4902 sit
1292 4851 1542 4918 repletus,
1571 4851 1691 4905 audi
1739 4854 1864 4919 quid
1887 4854 2026 4907 dicat
2050 4857 2186 4921 Apo-

608 4940 807 4998 Stulus.
851 4940 1141 4991 admonens
1180 4941 1458 5003 mulieres,
1513 4951 1569 4994 ut
1610 4943 1782 4995 velato
1821 4944 1928 4994 sint
1971 4946 2180 5011 capite:

610 5031 802 5080 Debent
833 5030 971 5081 enim
995 5069 1009 5093 ,
1039 5030 1207 5098 inquit
1235 5069 1249 5093 ,
1294 5032 1524 5084 mulieres
1551 5033 1771 5084 velamen
1821 5034 1997 5085 habere
2026 5052 2182 5101 supra

605 5131 754 5187 ((ψιιι
786 5138 930 5172 smnn
952 5163 964 5185 ,
999 5131 1199 5188 propter
1219 5123 1420 5191 angelos
1450 5121 1523 5190 (l.
1554 5123 1668 5175 Cor.
1706 5125 1791 5175 ll.
1820 5125 1927 5191 l0).
1955 5125 2183 5179 Rursus-

606 5227 706 5277 que
725 5210 883 5263 Jacob
914 5230 924 5262 :
958 5212 1173 5279 Angelus
1199 5214 1279 5280 qui
1310 5215 1436 5264 eruit
1459 5229 1535 5264 me
1563 5230 1591 5262 a
1614 5215 1871 5279 juventute
1892 5232 1998 5266 mea
2029 5214 2178 5284 (Gen.

615 5303 697 5352 48.
742 5301 849 5365 lli).
892 5301 949 5353 lit
978 5304 1064 5367 qui
1115 5302 1164 5354 in
1221 5304 1379 5354 domo
1425 5318 1544 5355 cum
1583 5304 1835 5370 apostolis
1877 5315 2062 5371 erant,
2116 5307 2180 5360 ad

616 5391 833 5444 llhodcu
857 5395 1078 5459 puellam
1094 5393 1366 5448 dicebant:
1388 5397 1604 5464 Angelus
1620 5398 1726 5464 ejus
1744 5407 1812 5450 est
1827 5399 1956 5465 (.lct.
1977 5400 2040 5452 1‘2
2077 5401 2179 5468 l5).

615 5482 901 5534 Aeiterum
955 5484 1165 5537 Jacob:
1214 5483 1329 5537 Vidi
1358 5528 1372 5550 ,
1431 5487 1630 5554 inquit,
1678 5501 1841 5542 castra
1891 5492 2182 5561 angelorum

609 5569 760 5637 (Gen.
807 5571 895 5625 52.
927 5572 1006 5639 2).
1036 5573 1136 5627 Sed
1179 5589 1428 5642 quorsum
1457 5577 1762 5645 angelorum
1798 5589 1964 5635 castra
1997 5598 2056 5637 ac
2086 5569 2198 5638 co-~

673 5769 744 5827 (ιι)
780 5776 843 5817 tte
871 5769 1086 5820 tlaviano
1107 5777 1151 5832 Γι
1173 5774 1328 5833 ιδευμ)
1353 5772 1575 5836 Ιιιιιιιιιυι·.

3762 378 3865 435 Η4

2292 500 2405 568 pias
2439 515 2600 569 Super
2633 511 2826 556 terrain
2858 503 3021 556 vidit?
3048 501 3196 556 Sicut
3226 517 3316 556 rex
3339 502 3488 570 jubet
3515 516 3605 568 per
3635 498 3866 568 singulas

2288 591 2530 645 civitates
2554 607 2677 646 suas
2705 593 2899 646 milites
2927 593 3132 661 disponi
3156 635 3167 654 ,
3217 608 3282 645 ne
3303 608 3462 659 grave
3491 590 3704 660 aliquod
3750 590 3866 643 bel-

2289 679 2395 732 lum
2429 682 2706 734 imminens
2733 682 3118 735 incursionibus
3148 681 3360 734 infestet
3387 697 3478 735 eas
3512 683 3622 734 :ita
3649 689 3701 733 et
3733 680 3869 733 Deus

2289 771 2620 826 d:emonibus
2648 773 2696 825 in
2725 788 2848 826 aere
2884 773 3010 836 isto,
3045 772 3282 825 barbaris
3309 783 3467 841 atque
3514 771 3832 825 immanibus
3853 811 3868 832 ,

2289 877 2500 930 semper
2525 864 2663 918 bella
2703 866 3077 918 suscitantibus
3098 905 3112 928 ,
3141 865 3391 932 pacisque
3421 864 3647 916 inimicis
3667 903 3683 927 ,
3707 878 3869 930 auge-

2288 955 2458 1007 lorum
2498 966 2670 1008 castra
2709 957 2956 1024 OppOnit,
3003 965 3055 1008 ut
3093 955 3218 1008 dum
3258 957 3337 1008 vel
3365 963 3622 1022 apparent
3659 953 3867 1017 solum,

2289 1041 2430 1110 ipsos
2457 1041 2779 1111 reprimant,
2817 1045 3072 1113 nobisque
3114 1059 3292 1113 pacein
3343 1052 3651 1112 perpetuam
3691 1043 3871 1097 conci-

2289 1133 2436 1185 lient.
2459 1134 2632 1201 Atque
2653 1143 2710 1186 ut
2735 1134 2908 1186 discas
2937 1134 3152 1202 angelos
3177 1135 3320 1202 pacis
3341 1147 3459 1186 esse
3480 1175 3494 1195 ,
3527 1132 3646 1184 audi
3673 1132 3723 1184 in
3753 1146 3872 1200 pre-

2289 1221 2585 1274 cationibus
2617 1222 2869 1276 diaconos
2898 1239 3110 1292 semper
3143 1224 3382 1276 dicentes
3410 1240 3423 1275 :
3459 1222 3705 1292 Angelum
3733 1223 3871 1291 pacis

2289 1320 2462 1380 rogate
2487 1314 2588 1380 (a).
2623 1312 2778 1366 Vides
2826 1315 3041 1382 angelos
3083 1314 3270 1366 adesse
3309 1321 3363 1366 et
3407 1312 3707 1380 martyres?
3735 1310 3870 1378 Quid

2290 1400 2446 1469 igitur
2492 1403 2850 1456 miserabilius
2879 1404 2978 1466 iis,
3007 1403 3094 1471 qui
3124 1418 3182 1457 se
3220 1418 3252 1456 a
3300 1412 3566 1456 conventu
3613 1401 3874 1455 hodierno

2290 1495 2701 1548 abstraxerunt?
2723 1503 2779 1549 et
2803 1496 2927 1564 quid
2943 1496 3147 1550 beatius
3175 1497 3326 1550 nobis
3355 1498 3440 1564 qui
3464 1495 3796 1560 advenimus,
3817 1504 3874 1548 ct

2291 1586 2599 1641 celebritate
2627 1587 2724 1640 ista
2753 1587 3104 1655 perfruimur?
3131 1588 3392 1641 Czeteruui
3425 1588 3508 1640 isti
3534 1587 3602 1640 de
3630 1586 3831 1655 angelis
3853 1586 3869 1616 ¹

2292 1692 2569 1732 sermones
2607 1678 2656 1730 in
2684 1678 2824 1732 aliud
2857 1677 3009 1731 nobis
3040 1688 3246 1746 tempus
3289 1677 3577 1732 referendi.
3602 1677 3720 1731 Jam
3746 1691 3873 1730 vero

2262 1766 2359 1821 'ad
2387 1769 2679 1821 institutum
2711 1771 2984 1836 praesentis
3017 1768 3135 1823 [ρειί
3157 1777 3505 1823 revertamur.

2360 1857 2416 1911 2.
2469 1859 2598 1924 Qua:
2633 1859 2788 1927 igitur
2830 1874 3063 1928 praesens
3090 1869 3172 1914 est
3205 1860 3302 1913 ista
3340 1859 3663 1913 celebritas?
3696 1858 3866 1913 Vene-

2290 1949 2455 2003 randa
2487 1951 2664 2018 utique
2693 1960 2745 2004 et
2777 1966 2985 2019 magna,
3014 1951 3307 2013 carissime,
3347 1965 3666 2018 sensumque
3700 1965 3764 2004 ac
3791 1950 3872 2003 in-

2293 2041 2555 2094 tellectum
2591 2056 2803 2093 onmem
2833 2042 3118 2094 humamtm
3153 2040 3433 2106 excedens,
3482 2042 3678 2109 Deique
3704 2042 3875 2094 muni-

2291 2131 2526 2195 ﬁcentia,
2549 2132 2634 2200 qui
2665 2132 2806 2184 illam
2833 2131 2971 2198 fecit,
3009 2133 3184 2201 digna.
3215 2132 3384 2185 llodie
3413 2133 3552 2186 enim
3586 2131 3876 2184 humanum

2290 2237 2456 2291 genus
2478 2224 2872 2277 reconciliatum
2893 2233 2977 2277 est
2994 2225 3102 2277 Deo
3126 2242 3138 2274 :
3161 2224 3316 2276 hodie
3336 2224 3582 2278 diuturna
3607 2222 3876 2288 simultas,

2291 2313 2612 2382 l0ngumque
2637 2313 2831 2367 bellum
2864 2314 3094 2367 deletum
3130 2323 3212 2366 est
3237 2323 3396 2381 atque
3430 2313 3694 2366 sublatum
3729 2331 3741 2364 :
3773 2313 3876 2366 ho-

2289 2403 2375 2458 die
2405 2421 2507 2474 pax,
2528 2406 2768 2474 quwdam
2810 2406 2962 2460 nobis
2991 2406 3316 2459 admirabilis
3348 2405 3540 2467 rediit,
3571 2420 3676 2458 non
3723 2413 3878 2458 antea

2290 2510 2538 2564 umquam
2557 2505 2880 2564 exspectata.
2898 2496 3028 2563 Quis
3044 2497 3183 2549 enim
3198 2507 3466 2565 sperasset
3493 2496 3628 2561 fore,
3657 2507 3715 2548 ut
3737 2496 3882 2549 Deus

2292 2587 2490 2640 homini
2530 2588 3005 2641 reconciliaretur?
3038 2602 3147 2639 non.
3171 2588 3309 2656 quod
3334 2587 3656 2640 inhumanus
3681 2586 3750 2640 sit
3777 2587 3875 2640 Do-

2290 2678 2484 2742 minus,
2512 2677 2605 2731 sed
2642 2679 2761 2746 quia
2792 2679 2971 2746 segnis
3008 2677 3236 2731 famulus
3265 2686 3320 2732 et
3355 2681 3530 2740 iners;
3580 2693 3685 2730 non
3733 2678 3876 2746 quod

2289 2768 2518 2820 crudelis
2533 2782 2594 2821 ac
2624 2783 2800 2820 saevus
2816 2767 3088 2831 Dominus,
3116 2768 3209 2821 sed
3232 2769 3351 2835 quia
3379 2781 3564 2821 servus
3589 2777 3878 2820 contumax

2289 2867 2449 2925 atque
2474 2859 2728 2925 ingratus.
2757 2857 2847 2911 Vis
2869 2859 3099 2922 discere,
3129 2873 3234 2926 quo
3258 2866 3410 2926 pacto
3435 2857 3874 2925 benignissimum

2290 2945 2430 3001 hunc
2457 2957 2616 3016 atque
2642 2949 2971 3017 lenissimum
3013 2949 3293 3002 Dominum
3327 2956 3563 3000 nostrum
3591 2947 3878 3000 exacerba-

2291 3040 2524 3092 verimus
2544 3038 2568 3090 ?
2592 3039 2823 3107 {Equum
2873 3053 3098 3107 namque
3127 3049 3209 3091 est
3239 3038 3428 3106 prioris
3458 3046 3648 3089 nostra:
3685 3036 3876 3091 simul-

2291 3131 2411 3181 tatis
2449 3143 2768 3196 coguoscere
2809 3128 3249 3192 fundamentum,
3284 3136 3339 3180 ut
3361 3127 3575 3194 quando
3602 3128 3876 3194 aspexeris

2290 3226 2388 3264 nos
2414 3211 2654 3264 inimicos
2679 3221 2732 3264 et
2762 3211 2941 3264 hostes
2985 3213 3188 3263 honore
3220 3210 3458 3275 allectos,
3493 3211 3654 3276 ipsius
3701 3219 3872 3260 nono-

2289 3303 2456 3354 rantis
2497 3301 2778 3354 admireris
2818 3300 3223 3369 benignitatem,
3263 3315 3328 3353 ne
3363 3316 3428 3352 ex
3477 3299 3708 3367 propriis
3734 3309 3886 3352 recte

2289 3390 2440 3444 factis
2469 3391 2608 3444 illam
2632 3389 2822 3444 factam
2847 3391 3187 3443 mutationem
3213 3389 3507 3451 arbitreris,
3532 3399 3586 3441 et
3617 3387 3862 3440 benelleii

2291 3483 2644 3535 immensitate
2690 3493 2964 3550 perspecta
2995 3521 3010 3545 ,
3063 3480 3130 3533 de
3180 3479 3538 3548 magnitudine
3594 3493 3875 3532 munerum

2289 3573 2483 3641 gratias
2523 3573 2595 3624 illi
2642 3587 2800 3640 agere
2831 3587 2933 3623 non
2978 3571 3226 3624 desistas.
3254 3569 3342 3623 Vis
3387 3584 3516 3638 ergo
3559 3584 3717 3622 nosse
3743 3583 3878 3637 quo-

2290 3665 2447 3717 modo
2473 3665 2751 3718 Dominum
2779 3675 2882 3717 tam
2911 3665 3178 3717 liberalem
3203 3705 3216 3726 ,
3253 3674 3619 3725 mansuetum,
3652 3662 3871 3726 bonum,

2288 3744 2568 3824 omniaque
2597 3756 2661 3809 ad
2685 3758 2906 3811 salutem
2937 3766 3169 3809 nostram
3192 3756 3560 3824 disponentem
3581 3756 3874 3810 exacerba-

2289 3850 2563 3902 verimus'l
2609 3849 2926 3902 Deliberat/it
2973 3849 3255 3916 aliquando
3281 3849 3347 3901 de
3397 3849 3645 3900 universo
3693 3857 3878 3901 nostro

2289 3955 2488 4006 genere
2510 3940 2726 3992 omnino
2751 3939 2977 3992 delendo
3001 3980 3016 4002 ,
3045 3948 3201 4006 atque
3247 3939 3314 3990 ita
3347 3937 3498 3990 nobis
3538 3938 3700 3990 iratus
3741 3947 3875 4000 erat,

2289 4040 2346 4082 ut
2377 4029 2595 4107 perdere
2636 4044 2731 4082 nos
2759 4031 2916 4083 vellet
2943 4045 3062 4082 cum
3093 4028 3343 4083 uxoribus
3372 4044 3434 4082 ac
3455 4029 3663 4099 liberis,
3697 4029 3877 4082 bestiis

2290 4133 2449 4188 atque
2482 4120 2737 4190 jumeutis
2764 4162 2778 4186 ,
2827 4132 2878 4174 et
2904 4137 3024 4174 cum
3055 4122 3298 4174 universa
3349 4131 3505 4173 terra.
3558 4120 3624 4173 Et
3653 4121 3694 4174 si
3727 4120 3875 4181 velis,

2291 4212 2489 4266 curabo
2515 4221 2571 4264 ut
2597 4213 2761 4278 ipsam
2786 4227 2995 4280 quoque
3025 4212 3340 4265 sententiam
3375 4211 3490 4279 ejus
3511 4210 3694 4264 audias
3726 4228 3740 4265 ε
3774 4209 3880 4262 De-

2292 4305 2421 4367 lebo,
2453 4303 2639 4371 inquit,
2670 4303 2916 4355 hominem
2959 4319 3103 4371 quem
3131 4303 3290 4354 crcavi
3311 4318 3341 4353 a
3367 4302 3498 4369 facie
3514 4301 3675 4355 euntis
3703 4310 3878 4367 terrm,

2290 4407 2337 4447 et
2378 4395 2521 4447 bruta
2558 4395 2797 4446 animalia
2841 4404 2884 4446 et
2903 4394 3155 4462 jumentu,
3209 4394 3327 4460 quia
3353 4393 3552 4462 pwnitet
3583 4409 3661 4444 me
3705 4391 3884 4462 fecisse

2291 4485 2540 4537 hominem
2572 4483 2721 4554 (Gen.
2757 4484 2806 4536 6.
2834 4484 2921 4552 7).
2961 4484 3026 4537 Et
3052 4494 3108 4536 ut
3145 4485 3318 4536 discas
3350 4496 3469 4536 eum
3490 4497 3594 4534 non
3643 4490 3877 4536 nostram

2291 4574 2468 4627 odisse
2498 4585 2754 4639 naturam,
2798 4573 2890 4628 sed
2939 4574 3192 4626 malitiam
3219 4573 3578 4626 abominatum
3620 4587 3759 4634 esse,
3788 4572 3879 4640 qni

2291 4667 2518 4731 dicebat,
2547 4665 2732 4719 Delebo
2764 4666 3034 4728 hominem,
3059 4681 3202 4732 quem
3228 4667 3390 4717 creari
3419 4665 3469 4716 in
3492 4675 3625 4716 terra
3648 4662 3806 4732 (Ibid.
3825 4679 3876 4714 υ.

2292 4760 2426 4828 15),
2463 4760 2620 4812 etiam
2651 4759 2780 4811 dixit
2810 4757 3006 4811 homini
3035 4776 3047 4810 :
3079 4756 3300 4825 Tempus
3329 4758 3492 4809 omnis
3543 4757 3757 4808 hominis
3787 4772 3874 4808 ve-

2290 4852 2360 4902 nit
2390 4850 2455 4901 ad
2477 4867 2568 4901 me.
2599 4849 2728 4902 Nam
2761 4849 2804 4901 si
2834 4848 3101 4903 hominem
3124 4848 3342 4908 odisset,
3369 4864 3472 4900 non
3504 4863 3624 4900 cum
3657 4843 3874 4899 homine

2290 4943 2445 4995 verba
2472 4942 2685 4995 faceret.
2706 4941 2855 4995 Nunc
2872 4951 3046 5009 autem
3069 4939 3214 4994 vides
3233 4939 3403 5015 ipsum
3429 4938 3659 4992 noluisse
3679 4939 3849 4991 facere
3867 4979 3882 5001 ,

2291 5035 2428 5102 quod
2465 5033 2818 5088 comminatus
2849 5033 3048 5096 fuerat;
3082 5032 3205 5100 quin
3237 5041 3288 5086 et
3320 5047 3528 5085 servum
3565 5029 3874 5092 excusabat,

2290 5141 2352 5178 ac
2381 5141 2497 5177 cum
2537 5141 2622 5188 eo,
2657 5125 2801 5178 velut
2843 5123 3081 5190 ejusdem
3123 5122 3441 5176 conditionis
3490 5120 3681 5183 amico,
3716 5120 3876 5172 verba

2291 5217 2513 5270 facii-bat
2544 5217 2816 5278 Dominus,
2853 5229 3145 5282 causasque
3187 5221 3583 5281 superventura:
3614 5209 3875 5278 perditio-

2292 5314 2372 5364 nis
2391 5313 2666 5365 rnarrabat
2687 5329 2699 5363 :
2722 5326 2825 5365 non
2848 5309 3060 5378 quidem
3089 5317 3145 5361 ut
3173 5323 3359 5360 causas
3379 5307 3547 5359 discat
3579 5304 3760 5366 homo,
3785 5303 3874 5357 sed

2295 5416 2348 5456 ut
2374 5405 2490 5457 aliis
2518 5419 2724 5472 quoque
2751 5418 2841 5456 cas
2873 5402 3144 5454 insinuans
3169 5397 3608 5466 temperantiores
3635 5410 3727 5447 eos
3753 5395 3873 5447 red-

2291 5496 2396 5548 dat.
2427 5499 2492 5547 At
2516 5495 2654 5562 quod
2686 5495 2842 5544 modo
2869 5491 3104 5544 dicebam
3146 5533 3160 5554 ,
3190 5491 3258 5542 ita
3289 5489 3425 5540 male
3455 5498 3688 5540 nostrum
3712 5501 3878 5554 genus

2293 5602 2349 5640 se
2376 5587 2591 5655 gerebat
2620 5595 2793 5648 antea,
2818 5593 2872 5636 ut
2895 5583 3359 5650 periculumcsset,
3396 5595 3460 5632 ne
3513 5595 3576 5633 ex
3601 5578 3706 5646 ipsa
3738 5587 3876 5629 terra

2361 5724 2372 5749 '
2412 5727 2545 5772 Iug.
2569 5717 2628 5765 de
2654 5716 2943 5774 martyr-ilius
2966 5730 2980 5773 ;
3006 5717 3143 5775 tiditi,
3171 5717 3229 5764 de
3253 5729 3358 5770 (ιιιιιι
3377 5714 3451 5763 lis.

2359 5787 2428 5839 μ)
2468 5789 2484 5821 ι
2503 5780 2617 5827 urbe
2642 5785 2875 5835 l.lilli',1l.|_‘.
