4206 6308
313 332 343 384 ι
354 332 422 382 $5

308 444 506 510 ἐδαφος
547 435 755 494 ἔκειντο
776 454 788 469 ⁸
828 439 1007 509 πολλῷ
1041 439 1239 510 μᾶλλον
1272 441 1366 493 νῦν
1399 440 1555 494 τοῦτο
1577 443 1747 495 ποιεῖν
1771 441 1896 511 χρὴ,

309 527 401 580 ὅτε
430 525 554 576 καθ’
581 523 807 585 ἑαυτοὺς
833 523 880 573 οἰ
912 526 1264 592 μαργαρῖται,
1292 525 1381 576 ὅτε
1412 538 1437 564 ιι
1471 524 1763 593 ἀπηλλάγη
1792 523 1900 575 τῶν

310 610 499 662 λύκων
549 607 618 658 τά
675 604 955 675 πρόϐατα,
991 607 1079 658 ὅτε
1109 608 1428 677 ἀπέστησαν
1456 608 1564 660 τῶν
1598 608 1808 677 νεκρῶν
1851 608 1899 659 οί

311 692 542 756 ζῶντες.
599 688 790 750 Αὐτοῖς
823 688 920 757 μὲν
957 688 1063 757 γὰρ
1100 689 1221 741 οὺδέ
1258 690 1363 759 πρὸ
1389 690 1577 742 τούτου
1610 689 1780 759 βλάϐη
1819 705 1902 750 τις

309 771 378 841 ἦν
430 772 542 826 ἀπὸ
584 771 683 839 τῆς
712 772 996 833 κοινωνίας
1027 771 1126 839 τῆς
1155 772 1296 824 κατά
1317 772 1416 838 τὴν
1445 774 1651 842 ταφήνν
1683 765 1757 824 ὧν
1792 771 1901 841 γὰρ

310 860 379 911 τά
422 856 712 924 πνεύματα
751 856 809 906 ἐν
854 856 967 917 τοῖς
1016 854 1296 926 οὐρανοῖς,
1349 857 1501 909 οὐδὲν
1547 857 1615 909 τά
1673 855 1902 925 σώματα

310 940 620 993 ἐϐλάπτετο
650 939 758 990 ἀπὸ
792 942 891 1008 τῆς
937 941 1317 1004 γειτνιάσεως·
1358 933 1431 992 ὧν
1465 944 1497 1009 ή
1544 940 1690 1010 ψυχὴ
1739 942 1795 991 ἐν
1832 942 1898 1009 τῇ

309 1026 460 1095 χειρὶ
509 1022 600 1076 τοῦ
628 1021 798 1089 Θεόὗ,
832 1021 984 1073 οὐδὲν
1014 1022 1079 1075 τὰ
1125 1023 1353 1092 λείψανα
1405 1024 1513 1076 ἀπὸ
1557 1024 1655 1092 τῆς
1701 1021 1902 1085 θέσεως

308 1109 578 1176 ἔπασχεν.
625 1104 819 1167 Αύτοίς
855 1106 954 1174 μὲν
1003 1102 1097 1158 οὖν
1145 1108 1372 1177 οὐδεμία
1427 1106 1599 1177 βλάϐη
1648 1102 1748 1176 ἦν,
1780 1106 1901 1158 ούδέ

310 1190 421 1258 πρὸ
446 1188 670 1241 τούτου·
708 1189 737 1240 ὁ
776 1187 831 1239 δὲ
867 1188 991 1250 λαὸς
1034 1192 1163 1259 ήμῖν
1195 1190 1253 1242 ού
1290 1189 1386 1259 τὴν
1409 1188 1675 1257 τυχοῦσαν
1698 1186 1917 1256 ζημίαν

311 1273 610 1341 ὑπέμεινεν
640 1271 747 1324 ἀπὸ
782 1270 888 1322 τῶν
920 1271 1121 1331 τόπων,
1157 1271 1365 1343 τρέχων
1399 1274 1494 1341 μὲν
1527 1272 1661 1343 πρὸς
1683 1270 1747 1322 τὰ
1791 1270 1900 1321 λεί-

308 1354 460 1422 ψανα
485 1354 594 1405 τῶν
628 1353 942 1423 μαρτύρων,
975 1353 1110 1422 μετὰ
1136 1354 1191 1406 δὲ
1220 1348 1547 1423 ἀμφιϐολίας
1573 1356 1666 1407 καὶ
1692 1354 1900 1421 διακρί-

310 1454 453 1498 σεως
502 1436 820 1505 ποιούμενος
855 1437 953 1496 τὰς
981 1436 1144 1505 εὐχὰς
1183 1438 1269 1489 διὰ
1297 1436 1358 1489 τὸ
1408 1438 1719 1504 ἀγνοεῖσθαι
1752 1438 1779 1475 ι»
1802 1438 1899 1499 τὰς

309 1519 487 1586 θήκας
514 1518 624 1569 τῶν
659 1518 862 1584 ἀγίων,
900 1519 993 1570 καὶ
1042 1518 1141 1570 πού
1197 1521 1404 1572 κεῖνται
1458 1522 1504 1570 οἰ
1561 1519 1822 1589 θησαυροὶ
1851 1520 1899 1571 οξ

307 1599 579 1668 ἀληθινοί.
613 1601 721 1651 Kal
766 1601 957 1652 ταυτὸν
991 1601 1231 1666 ἐγίνετο,
1263 1601 1452 1673 ῶσπερ
1501 1602 1564 1655 ἂν
1593 1604 1639 1654 εἰ
1674 1603 1899 1671 ποίμνια

308 1684 605 1751 προϐάτων
646 1683 900 1752 καθαρῶν
943 1682 1251 1736 ἀπολαῦσαι
1293 1685 1524 1754 ῥείθρων
1570 1685 1900 1753 ἐπειγόμενα

306 1767 529 1834 ἔρχοιτο
572 1766 670 1836 μὲν
702 1768 797 1818 ἐπὶ
822 1766 920 1828 τὰς
942 1766 1122 1834 πηγὰς
1151 1767 1250 1829 τὰς
1275 1768 1521 1838 καθαρὰς
1545 1807 1559 1831 ,
1597 1767 1816 1837 βρώμου
1844 1767 1901 1819 δέ

309 1850 480 1902 ποθεν
510 1848 742 1918 ἐγγύθεν
777 1850 869 1901 καὶ
914 1849 1175 1913 δυσωδίας
1228 1852 1575 1922 ἐμπεσούσης
1620 1852 1900 1920 ἀναχαιτί-

308 1932 463 1995 ζοιτο
494 1932 654 1983 πάλιν
688 1945 703 1960 ⁶
744 1931 885 1984 οὕτω
919 1932 1011 1985 καὶ
1041 1934 1135 1985 ἐπὶ
1157 1933 1253 2001 τῆς
1286 1933 1520 2002 ποίμνης
1547 1934 1749 2003 ταύτης
1780 1949 1900 1983 συν-

308 2014 552 2067 έϐαινεν.
615 2013 862 2077 Ἐϐἀδιζε
896 2014 995 2084 μὲν
1020 2017 1049 2066 6
1069 2015 1197 2076 λαὸς
1225 2016 1360 2085 πρὸς
1390 2016 1486 2077 τάς
1521 2016 1767 2085 καθαρὰς
1792 2015 1901 2067 τῶν

312 2097 614 2167 μαρτύρων
647 2098 832 2167 πηγάς
854 2116 866 2127 ·
903 2096 1289 2166 αἰσθανόμενος
1314 2096 1370 2150 δὲ
1403 2096 1663 2161 δυσωδίας
1696 2098 1901 2168 αἱρετι-

308 2179 417 2247 κῆς
449 2178 681 2246 ἐγγύθεν
734 2180 991 2250 ἀνιούσης
1018 2220 1031 2242 ,
1087 2180 1459 2249 ἀνεχαιτίζετο
1507 2181 1687 2232 πάλιν.
1724 2180 1899 2250 Ὅπερ

308 2256 405 2312 οὖν
452 2260 707 2322 συνειδὼς
739 2263 967 2330 δ’σοφδς
1000 2253 1154 2325 οὗτος
1185 2263 1389 2333 ποιμὴν
1434 2264 1526 2315 καὶ
1552 2262 1727 2325 κοινὸς
1757 2263 1901 2315 διδά⁶

312 2344 547 2408 σκαλος,
590 2346 626 2396 6
680 2345 856 2396 πάντα
908 2345 1043 2411 πρὸς
1086 2345 1376 2413 οἰκοδομὴν
1421 2347 1519 2414 τῆς
1576 2345 1900 2413 Ἐκκλησίας

313 2425 468 2496 μιθ]
495 2428 795 2496 οἰκονομῶν
816 2467 831 2489 ,
862 2428 961 2478 οὐκ
990 2428 1251 2496 ἠνέσχετο
1281 2430 1438 2499 μέχρι
1472 2428 1666 2481 πολλοῦ
1698 2428 1901 2497 ταύτην

311 2508 412 2578 τὴν
435 2508 640 2577 ζημίαν
668 2510 928 2579 περιιδεῖν
950 2503 1105 2573 οὗτος
1139 2515 1167 2563 6
1196 2511 1397 2579 θερμὸς
1428 2511 1662 2582 ἐραστὴς
1696 2513 1789 2565 καὶ
1817 2514 1903 2582 ζη-

311 2593 492 2662 λωτὴς
514 2593 623 2645 τῶν
654 2592 967 2663 μαρτύρων.
1013 2593 1171 2651 Ἀλλά
1201 2594 1252 2645 τί
1287 2597 1465 2659 ποιεῖ;
1494 2595 1772 2648 Θεάσασθε
1804 2597 1903 2667 τὴν

314 2677 530 2743 σοφίαν
588 2674 658 2729 τὰ
704 2676 801 2745 μὲν
853 2676 1047 2747 θολερά
1082 2678 1174 2729 καὶ
1207 2676 1417 2748 δυσώδη
1462 2678 1712 2747 ῥεύματα
1782 2696 1905 2730 κοιτ⁴

312 2758 491 2825 έχωσε
518 2758 613 2811 καὶ
638 2759 919 2828 ἀπέφραξε
951 2760 1120 2822 κάτω,
1148 2758 1249 2822 τὰς
1268 2760 1323 2811 δὲ
1350 2760 1598 2830 καθαρὰς
1618 2761 1725 2813 τῶν
1763 2779 1903 2832 μαρ-

312 2839 500 2908 τύρων
529 2841 712 2908 πηγὰς
731 2844 787 2892 ἐν
818 2841 1043 2911 καθαρῴ
1080 2842 1264 2913 χωρίῳ
1287 2842 1606 2912 κατέστησε.
1646 2845 1753 2896 Kal
1790 2862 1906 2897 σκο-

314 2926 473 2975 πεῖτε
516 2924 649 2993 ὅσην
678 2924 772 2976 καὶ
800 2925 928 2993 περὶ
958 2926 1083 2986 τοὺς
1128 2925 1548 2993 κατοιχομένους
1590 2927 1690 2995 τὴν
1724 2926 1905 2993 φιλαν-

316 3005 569 3075 θρωπίαν
616 3006 957 3070 ἐπεδείξατο,
1001 3006 1094 3058 καὶ
1140 3006 1271 3075 περὶ
1316 3007 1442 3068 τοὺς
1475 3008 1760 3079 μάρτυρας
1804 3012 1903 3079 τὴν

314 3087 485 3159 τιμὴν
509 3128 524 3151 ,
558 3089 653 3142 καὶ
683 3090 811 3159 περὶ
844 3089 936 3142 τὸν
965 3089 1091 3143 λαὸν
1125 3089 1225 3160 τὴν
1255 3090 1597 3159 κηδεμονίαν.
1634 3095 1766 3164 Περὶ
1804 3098 1903 3165 μὲν

312 3171 444 3233 τοὺς
494 3172 915 3240 κατοιχομένους
964 3171 1374 3241 φιλανθρωπίαν
1416 3173 1765 3240 ἐπεδείξατο,
1829 3178 1903 3249 μὴ

316 3254 549 3322 κινήσας
588 3254 768 3306 αὐτῶν
800 3254 869 3306 τά
899 3254 1050 3319 ὀστᾶ,
1080 3255 1193 3307 ἀλλ’
1226 3256 1382 3323 ἀφεὶς
1416 3258 1508 3309 ἐπὶ
1556 3258 1651 3311 τοῦ
1680 3261 1846 3313 τόπου
1877 3272 1899 3299 ο

319 3334 543 3403 μένειν·
578 3337 706 3405 περὶ
751 3337 805 3388 δὲ
848 3338 974 3400 τοὺς
1026 3338 1310 3409 μάρτυρας
1338 3341 1503 3410 τιμὴν
1527 3382 1542 3406 ,
1590 3343 1903 3408 ἀπαλλάξας

316 3418 520 3481 αὐτοὺς
549 3418 643 3471 τοῦ
673 3418 909 3488 πονηροῦ
949 3421 1162 3490 γειτονή
1173 3438 1338 3490 ματος
1358 3438 1372 3452 ⁸
1408 3423 1535 3492 περὶ
1572 3422 1627 3475 δὲ
1658 3425 1749 3477 τὸν
1777 3425 1903 3480 λαὸν

317 3499 672 3569 κηδεμονίαν,
696 3503 796 3553 οὐκ
822 3504 981 3571 ἀφεὶς
1008 3503 1205 3566 αὐτοὺς
1238 3503 1376 3573 μετὰ
1396 3502 1723 3576 διακρίσεως
1744 3511 1907 3561 ποιεῖ-

319 3583 442 3636 σθαι
471 3583 570 3646 τὰς
600 3585 785 3652 εὐχάς.

389 3666 491 3719 Διὰ
512 3666 687 3718 ταῦτα
712 3667 856 3737 ὑμᾶς
876 3667 1107 3721 ἐνταῦθα
1136 3668 1415 3739 ἠγάγομεν
1436 3669 1486 3734 δ,
1516 3671 1600 3724 ἴνα
1631 3673 1906 3745 φαιδρότε-

323 3766 413 3817 ρος
436 3750 465 3799 6
494 3748 749 3816 σύλλογος
776 3750 1019 3821 γένηται,
1055 3752 1139 3804 ἴνα
1166 3751 1544 3824 λαμπρότερον
1566 3757 1625 3808 τὸ
1655 3757 1901 3829 θέατρον,

318 3831 439 3899 οὐχ).
489 3830 795 3901 ἀνθρώπων
827 3834 1005 3901 μόνον,
1035 3834 1171 3886 ἀλλά
1204 3838 1293 3887 καὶ
1335 3836 1627 3908 μαρτύρων
1661 3840 1907 3910 συλλεγο-

322 3913 531 3981 μένων’
575 3915 697 3983 οὐχὶ¹
735 3916 1028 3985 μαρτύρων
1076 3917 1269 3986 μόνον,
1310 3918 1445 3973 ἀλλά
1496 3924 1589 3974 καὶ
1631 3923 1898 3991 ἀγγέλων.

320 3996 431 4048 Kal
461 3996 572 4065 γὰρ
597 3998 691 4048 xal
719 3998 938 4066 ἄγγελοι
971 4000 1221 4069 πάρεισιν
1245 4038 1259 4062 ,
1300 4001 1547 4069 ἀγγέλων
1574 4008 1667 4058 καὶ
1708 4011 1905 4078 μαρτύο

322 4096 433 4147 ρων
470 4085 507 4153 ἡ
547 4078 765 4144 σύνοδος
803 4082 991 4150 γέγονε
1036 4084 1296 4154 σήμερον.
1349 4087 1460 4139 Kal
1492 4088 1538 4139 εἰ
1573 4088 1749 4158 βούλει
1778 4094 1905 4149 ἰδεῖν

323 4164 416 4215 καὶ
469 4164 753 4234 μάρτυρας
781 4167 874 4219 καὶ
923 4167 1217 4234 ἀγγέλους,
1258 4169 1464 4235 ἄνοιξον
1521 4172 1621 4242 τῆς
1672 4175 1904 4242 πίστεως

320 4246 446 4308 τοὺς
469 4246 813 4331 ὀφθαλμοὺς,
848 4249 940 4331 καὶ
958 4250 1076 4317 ὄψει
1108 4250 1166 4302 τὸ
1197 4250 1422 4322 θέατρον
1459 4255 1635 4308 ἐκεῖνο
1662 4274 1676 4288 ·
1719 4260 1768 4310 εί
1798 4261 1906 4331 γάρ

324 4344 440 4414 πως
491 4331 519 4380 6
542 4328 671 4414 Δἀὴρ
704 4329 951 4414 ἀγγέλων
983 4332 1400 4402 ἐμπέπλησται,
1431 4336 1610 4408 πολλῷ
1642 4341 1841 4409 μᾶλλον

324 4410 622 4496 ἐκκλησία-ξ
652 4414 702 4464 εἰ
732 4412 789 4465 δὲ
840 4414 1122 4484 ἐκκλησία,
1159 4418 1337 4489 πολλῷ
1366 4421 1567 4491 μᾶλλον
1593 4425 1625 4495 ἡ
1662 4410 1907 4496 παροῦσα

323 4494 539 4561 ἡμέρα,
587 4493 674 4546 ὅτε
720 4496 749 4547 6
777 4497 1051 4568 Δεσπότης
1083 4502 1260 4554 αὐτῶν
1293 4493 1751 4573 ἀναλαμϐάνεταιξ
1783 4508 1906 4561 Ὅτι

325 4577 433 4644 γὰρ
470 4577 617 4638 ἄπας
648 4582 676 4629 6
708 4578 816 4647 ἀὴρ
843 4580 1087 4647 ἀγγέλων
1125 4584 1543 4655 ἐμπέπλησται,
1596 4589 1825 4643 ἄκουσον
1854 4593 1906 4644 τί

326 4674 492 4727 φησιν
523 4660 552 4710 6
590 4659 936 4722 Ἀπόστολος,
991 4666 1264 4732 ἐντρέπων
1305 4668 1402 4731 τὰς
1451 4674 1713 4737 γυναῖκας
1765 4673 1904 4726 ὥστε

326 4741 471 4809 ἔχειν
502 4740 766 4812 κάλυμμα
819 4745 911 4797 ἐπὶ
957 4746 1058 4814 τῆς
1100 4750 1369 4817 κεφαλῆς·
1419 4753 1795 4821 Ὀφείλουσιν
1847 4763 1907 4813 αἰ

328 4829 612 4894 γυναῖκες
659 4830 950 4891 ἐξουσίαν
1008 4834 1171 4902 ἔχειν
1216 4835 1313 4887 ἐπὶ
1353 4837 1464 4905 τῆς
1496 4843 1769 4910 κεφαλῆς
1812 4846 1908 4901 διὰ

328 4914 468 5000 τοὺς
498 4914 814 4983 ἀγγέλους.
866 4919 972 4971 Kal
1002 4921 1163 4973 πάλιν
1202 4924 1230 4974 6
1272 4923 1498 4991 Ἰακὼϐ,
1550 4930 1602 4979 ’0
1632 4929 1904 5000 ἄγγελος,

330 4997 496 5063 φησὶν
514 5038 528 5057 ,
562 5000 594 5050 ό
636 4999 934 5067 ρυόμενιτς
962 5018 1038 5068 με
1071 5004 1139 5055 ἐκ
1165 5006 1449 5073 νεότητός
1470 5027 1610 5076 μου.
1640 4997 1750 5067 Kal
1776 5018 1823 5068 οἱ
1850 4997 1907 5069 ἐν

328 5081 393 5144 τῇ
431 5080 577 5147 οἰκία
629 5080 683 5133 δὲ
739 5083 875 5151 μετά
920 5083 1028 5136 τῶν
1075 5086 1385 5141 ἀποστόλων
1425 5090 1575 5155 ὄντες
1631 5097 1767 5166 πρὸς
1809 5100 1907 5169 τὴν

341 5158 525 5229 Ῥόδην
558 5161 743 5230 ἔλεγον
765 5180 777 5191 ·
828 5165 881 5215 '0
910 5165 1161 5234 ἅγγελος
1197 5170 1383 5222 αὐτοῦ
1416 5173 1545 5227 ἐστι
1565 5192 1580 5206 ο
1621 5158 1715 5230 καὶ
1749 5158 1907 5234 πάλίν

330 5241 381 5327 ὁΔ
400 5242 593 5327 Ἰακὼϐ
616 5285 630 5304 ,
660 5242 859 5303 Εἶδον,
887 5250 1039 5317 φησι,
1076 5254 1461 5319 παρεμϐολὴν
1487 5257 1775 5327 ἀγγέλων.
1799 5266 1907 5317 Καὶ

330 5323 471 5385 τίνος
494 5326 679 5379 ἕνεκεν
708 5330 1056 5400 παρεμϐολὴν
1082 5333 1325 5401 ἀγγέλων
1357 5332 1495 5390 εἶδεν
1678 5345 1772 5413 τῆς
1806 5346 1907 5416 γῆς

392 5528 415 5594 _‘
441 5530 562 5594 μσς.
588 5532 618 5577 5
640 5534 918 5594 μαργαρῖται
937 5537 1111 5584 κεῖνται
1137 5539 1231 5587 ὅτε.
1322 5532 1323 5535 η

392 5589 417 5656 ξ’
574 5594 620 5656 5
642 5589 840 5656 ἀγνοεῖν.

392 5654 414 5720 ξ
441 5651 581 5720 βριζιὶ
606 5651 705 5703 dub
727 5657 802 5703 ἐπὶ
824 5661 893 5720 τῷ
914 5660 1068 5720 τόπῳ.

387 5711 412 5752 δ
438 5710 660 5765 ὃὶςηηιςς.
680 5725 836 5779 προίει,
863 5710 1096 5783 ὁιιιιιοίιε
1123 5721 1245 5784 legit
1268 5726 1520 5791 interprm
1554 5729 1684 5779 Fdili
1709 5732 1883 5793 ἤγαγεν

1309 329 1373 383 ΙΝ
1414 321 1894 383 ASCENSlONEM
1934 321 1994 375 ι).
2036 321 2099 374 ΙΝ.
2143 321 2305 378 JICSU
2349 321 2647 378 CHRISTI.

3476 328 3582 380 4M

2007 439 2101 489 καὶ
2130 439 2419 508 στρατιάν;
2450 439 2712 507 Καθάπερ
2738 437 2987 507 βασιλεὺς
3018 434 3227 491 κελεύει
3260 436 3327 490 τὰ
3360 444 3583 506 στρατό-

2006 521 2141 573 πεδα
2167 523 2224 573 ἐν
2250 523 2506 584 ἑκάσταις
2540 519 2861 584 καθέζεσθαι
2892 519 3098 581 πόλεσι,
3137 520 3344 589 μήποτε
3381 521 3583 591 βαρϐα-

2009 603 2157 670 ρικὸς
2204 604 2435 673 πόλεμος
2487 604 2795 664 ἐπαναστὰς
2841 602 3162 672 καταδράμῃ
3213 603 3312 664 τὰς
3366 605 3581 667 πόλεις’

2003 686 2142 738 οὕτω
2168 686 2230 757 δὴ
2262 688 2355 739 καὶ
2383 689 2412 738 ὁ
2436 686 2568 748 Θεὸς
2587 725 2601 747 ,
2635 686 2819 755 ἐπειδὴ
2842 687 2935 739 καὶ
2962 687 3214 755 δαίμονές
3248 689 3384 740 εἰσιν
3414 690 3472 739 ἐν
3504 687 3584 757 τῷ

2004 769 2125 839 ἀέρι
2162 769 2335 839 τούτῳ
2367 769 2629 839 βάρϐαροι
2654 770 2747 822 καὶ
2790 770 2987 839 ἄγριοι,
3022 771 3113 823 καὶ
3137 770 3404 838 πολέμους
3442 770 3586 837 ἐγεί-

2006 869 2186 921 ροντες
2224 853 2309 905 ἀεὶ
2349 854 2440 905 καὶ
2489 852 2588 919 τῆς
2632 852 2851 922 εἰρήνης
2882 852 3097 921 ἐχθροὶ,
3130 853 3583 922 ἀντικατέστησεν

2003 936 2185 997 αὐτοῖς
2212 934 2279 987 τά
2320 935 2653 1006 στρατόπεδα
2682 935 2789 986 τῶν
2824 935 3068 1001 ἀγγέλων
3096 976 3111 998 ,
3144 936 3231 988 ἵνα
3271 937 3584 1006 φαινόμενοι
3674 990 3683 995 ,

2007 1019 2164 1086 μόνον
2196 1020 2378 1082 αὐτοῖς
2414 1019 2846 1081 καταστέλλωσιν
2875 1060 2887 1078 ,
2919 1019 3006 1070 ἵνα
3052 1020 3151 1089 τὴν
3197 1021 3419 1088 εἰρήνην
3451 1022 3584 1090 ἡμῖν

2004 1100 2089 1153 ἀεὶ
2118 1102 2549 1171 πρυτανεύσωσι.
2580 1102 2689 1153 Kal
2721 1103 2807 1154 ἵνα
2838 1101 3012 1172 μάθῃς
3057 1102 3138 1152 ὅτι
3172 1102 3390 1167 ἄγγελοι
3432 1103 3586 1172 είρή-

2003 1201 2099 1253 νης
2125 1186 2261 1237 εἰσιν
2287 1224 2300 1247 ,
2344 1187 2573 1238 ἄκουσον
2602 1187 2659 1237 ἐν
2681 1187 2796 1247 ταῖς
2829 1188 3156 1253 προσευχαῖς
3189 1186 3275 1237 ἀεὶ
3321 1185 3586 1253 λεγόντων

2002 1267 2109 1317 τῶν
2137 1266 2415 1319 διακόνων·
2454 1267 2567 1321 Τὸν
2594 1268 2850 1337 ἄγγελον
2876 1267 2987 1333 τῆς
3011 1268 3255 1335 εἰρήνης
3274 1268 3580 1333 altricum.

2016 1350 2175 1419 Ὁρᾷς
2206 1350 2285 1401 ὅτι
2316 1352 2407 1403 καὶ
2436 1351 2657 1417 ἄγγελοι
2689 1338 2907 1419 πάρεισι
2934 1352 3029 1402 καὶ
3063 1353 3369 1419 μάρτυρες;
3397 1346 3461 1401 Τί
3491 1347 3585 1404 οὖν

2002 1430 2328 1501 ἀθλιώτερον
2380 1432 2487 1485 τῶν
2520 1434 2953 1501 ἀπολειφθέντων
2986 1434 3256 1502 σήμερον;
3305 1432 3358 1484 τί
3409 1450 3585 1502 μακα-

2006 1513 2162 1582 ριώτε
2174 1531 2263 1583 ρον
2287 1516 2443 1583 ήμῶν
2462 1515 2568 1567 τῶν
2593 1517 3047 1587 παραγενομένων
3080 1517 3172 1568 καὶ
3206 1516 3586 1569 ἀπολαυόντων

2001 1597 2098 1664 τῆς
2129 1597 2484 1666 πανηγύρεως
2507 1599 2708 1667 ταύτης
2737 1616 2750 1663 ;
2793 1599 2928 1650 Ἀλλ’
2959 1601 3005 1650 οί
3037 1600 3135 1667 μὲν
3185 1600 3312 1667 περὶ
3349 1600 3458 1651 τῶν
3486 1588 3587 1667 ἀγ-

2002 1681 2173 1747 γέλων
2207 1692 2229 1717 ο
2269 1680 2414 1747 λόγοι
2461 1684 2517 1732 ὲν
2548 1681 2754 1751 ἑτέροις
2800 1683 2945 1750 ἡμᾶς
2988 1682 3435 1751 ἀναμεινάτωσαν
3463 1699 3587 1735 και-

2004 1764 2145 1830 ροῖς·
2174 1765 2331 1833 ἡμεῖς
2365 1763 2419 1814 δὲ
2450 1764 2539 1816 ἐπὶ
2579 1763 2675 1833 τὴν
2712 1764 2967 1816 ὑπόθεσιν
3009 1765 3109 1834 τῆς
3153 1764 3432 1836 παρούσης
3464 1766 3587 1835 ἐορ-

2001 1844 2100 1913 τῆς
2129 1845 2218 1897 τὸν
2251 1846 2404 1913 λόγον
2428 1847 2740 1918 ἀγάγωμεν.

2076 1930 2137 1996 β’.
2162 1930 2255 1992 Τίς
2291 1926 2382 1981 οὖν
2414 1932 2559 1982 ἐστιν
2583 1933 2616 2000 ἡ
2653 1930 2901 2001 παροῦσα
2928 1933 3119 2003 ἐορτή;
3152 1932 3331 2001 Σεμνὴ
3368 1932 3462 1983 καὶ
3487 1947 3585 1999 με-

2001 2011 2140 2082 γάλη
2164 2054 2177 2075 ,
2216 2013 2465 2081 ἀγαπητέ
2488 2052 2501 2074 ,
2554 2013 2648 2065 καὶ
2686 2014 2775 2065 τὸν
2828 2014 2938 2066 τῶν
2973 2013 3273 2084 ἀνθρώπων
3322 2011 3588 2083 ὑπερϐαί-

2002 2110 2167 2146 νουσα
2190 2094 2335 2155 νοῦν,
2369 2095 2461 2147 καὶ
2487 2094 2584 2163 τῆς
2617 2095 3030 2166 μεγαλοδωρεᾶς
3056 2096 3179 2161 ἀξία
3202 2095 3293 2148 τοῦ
3327 2097 3588 2165 ποιήσαν-

2000 2194 2091 2240 τος
2122 2178 2289 2245 αύτὴν
2324 2176 2477 2229 Θεοῦ.
2533 2178 2778 2248 Σήμερον
2828 2178 2935 2249 γὰρ
2971 2179 3305 2246 καταλλαγαί
3340 2178 3417 2247 τῷ
3466 2177 3587 2247 Θεῷ

2003 2259 2139 2329 πρὸς
2173 2260 2232 2312 τὸ
2260 2260 2367 2312 τῶν
2420 2260 2724 2330 ἀνθρώπων
2757 2262 3012 2328 γεγόνασι
3048 2263 3202 2329 γένος
3223 2279 3238 2294 ·
3270 2262 3511 2331 σήμερον
3549 2263 3583 2329 ἡ

2003 2342 2193 2411 χρονία
2222 2342 2389 2413 ἔχθρα
2431 2342 2726 2412 κατελύθη,
2758 2346 2848 2395 καὶ
2894 2346 2922 2395 6
2978 2344 3185 2416 μακρὸς
3212 2344 3442 2412 πόλεμος
3488 2346 3585 2396 ἀν-

2002 2426 2171 2496 ῃρέθη
2194 2442 2207 2456 ’
2235 2427 2472 2497 σήμερον
2509 2429 2696 2497 εἰρήνη
2734 2426 3009 2497 θαυμασία
3031 2446 3113 2492 τις
3134 2427 3459 2496 ἐπανῆλθεν,
3494 2429 3586 2480 ού-

2002 2507 2193 2560 δὲποτε
2222 2508 2373 2579 [449]
2407 2508 2836 2579 προσδοκηθεῖσα
2879 2511 3161 2581 πρότερον.
3216 2510 3310 2572 Τίς
3360 2512 3470 2579 γὰρ
3520 2510 3589 2563 ἂν

2008 2589 2235 2659 ἤλπισεν
2260 2591 2490 2654 ὅτιθεὸς
2518 2592 2789 2661 ἀνθρώπῳ
2841 2592 3300 2645 καταλλάττεσθαι
3326 2593 3585 2663 ἔμελλεν;

1979 2674 2105 2743 -ούχ
2125 2675 2206 2726 ὅτι
2233 2675 2599 2745 ἀπάνθρωπος
2628 2677 2656 2727 6
2688 2676 2964 2745 Δεσπότης
2983 2714 2997 2738 ,
3032 2676 3147 2728 ἀλλ’
3177 2677 3258 2729 ὅτι
3292 2677 3533 2748 ῥᾴθυμος
3560 2680 3589 2730 6

2003 2756 2223 2826 οἰκέτης
2245 2773 2257 2784 ο
2295 2757 2391 2827 οὐχ
2418 2759 2499 2810 ὅτι
2538 2757 2686 2826 ὠμὸς
2726 2759 2753 2809 6
2782 2758 2987 2827 Κύριος
3013 2798 3026 2821 ,
3055 2759 3166 2810 ἀλλ’
3196 2760 3277 2811 ὅτι
3318 2760 3590 2831 ἀγνώμων

2003 2840 2031 2890 6
2060 2838 2263 2901 δοῦλος.
2304 2840 2491 2892 Βούλει
2544 2840 2731 2910 μάθεῖν
2766 2841 2882 2904 πῶς
2929 2842 3326 2912 παρωξύναμεν
3372 2844 3462 2895 τὸν
3510 2861 3591 2912 φι-

2004 2921 2320 2993 λάνθρωπον
2349 2923 2559 2985 τοῦτον,
2594 2925 2684 2976 τὸν
2715 2926 2918 2996 ἥμερον
2951 2926 3105 2995 ήμῶν
3136 2928 3448 2997 Δεσπότην;
3480 2930 3589 2981 Kal

2004 3006 2112 3076 γὰρ
2156 3007 2361 3060 δίκαιον
2402 3008 2592 3077 μαθεῖν
2644 3010 2743 3077 τῆς
2770 3008 3040 3080 προτέρας
3072 3010 3227 3080 ἡμῶν
3272 3012 3468 3081 ἔχθρας
3492 3012 3589 3083 τὴν

2006 3090 2296 3156 ὑπόθεσιν,
2350 3093 2436 3157 ἵν’,
2491 3093 2619 3145 ὃταν
2680 3092 2796 3163 ἴδῃς
2852 3093 3181 3162 τιμηθέν-τας
3241 3096 3427 3163 ἡμᾶς,
3462 3098 3588 3162 τοὺς

2006 3172 2231 3242 ἐχθροὺς
2268 3175 2360 3226 καὶ
2395 3174 2720 3244 πολεμίους,
2762 3174 3048 3244 θαυμάσῃς
3106 3176 3198 3228 τοῦ
3258 3181 3590 3247 τιμήσαντος

2004 3258 2103 3327 τὴν
2135 3257 2564 3329 φιλανθρωπίαν,
2604 3260 2692 3311 ἵνα
2720 3260 2791 3329 μὴ
2824 3260 3050 3332 νομίσῃς
3081 3260 3139 3325 ἐξ
3164 3262 3376 3314 οἰκείων
3404 3280 3593 3333 κατορο

2006 3339 2275 3409 θωμάτων
2304 3342 2630 3411 γεγενῆσθαι
2660 3343 2757 3412 τὴν
2794 3344 3115 3414 μεταϐολὴν,
3153 3345 3238 3397 ἴνα
3276 3346 3462 3415 μαθὼν
3490 3349 3590 3399 αύ-

2004 3423 2099 3475 τοῦ
2131 3424 2230 3492 τῆς
2256 3426 2473 3495 χάριτος
2502 3425 2597 3494 τὴν
2629 3425 2955 3496 ὑπερϐολὴν,
2993 3427 3066 3497 μὴ
3091 3427 3274 3500 παύσῃ
3299 3429 3589 3494 διαπαντὸς

2006 3506 2343 3576 εὐχαριστῶν
2383 3507 2531 3577 αὐτῷ
2584 3508 2721 3576 ὑπὲρ
2764 3508 2858 3560 τοῦ
2915 3510 3177 3578 μεγέθους
3217 3512 3324 3561 τῶν
3348 3511 3587 3582 δωρεῶν.

2006 3589 2194 3641 Βούλει
2226 3588 2401 3642 τοίνυν
2432 3589 2623 3659 μαθεῖν
2651 3631 2663 3654 ,
2702 3590 2817 3653 πῶς
2866 3592 3264 3663 παρωξύναμεν
3309 3595 3462 3664 ήμῶν
3498 3597 3591 3650 τὸν

2006 3673 2302 3741 Δεσπότην,
2326 3672 2417 3725 τὸν
2450 3672 2849 3744 φιλάνθρωπον,
2878 3676 2968 3729 τὸν
3004 3678 3233 3749 ἥμερον,
3254 3679 3344 3731 τὸν
3366 3680 3588 3746 ἀγαθὸν,

2003 3755 2097 3808 τὸν
2129 3754 2306 3808 πάντα
2353 3754 2492 3826 ὑπὲρ
2519 3758 2616 3826 τῆς
2654 3758 2928 3829 ἡμετέρας
2963 3762 3235 3830 σωτηρίας
3258 3763 3593 3833 οἰκονομοῦν-

2005 3857 2115 3904 τα;
2176 3839 2563 3892 Ἐϐουλεύσατό
2617 3858 2745 3893 ποτε
2776 3844 2905 3912 περὶ
2947 3845 3243 3920 παντελοῦς
3280 3848 3590 3917 ἀφανισμοῦ

2004 3923 2099 3975 τοῦ
2125 3924 2315 3991 γένους
2348 3923 2527 3993 ἡμῶν,
2557 3926 2648 3976 καὶ
2676 3924 2849 3987 οὕτως
2880 3928 3015 3994 ἡμῖν
3039 3927 3284 3999 ὠργίσθη
3306 3972 3320 3994 ,
3352 3931 3426 3992 ὼς
3455 3932 3590 3983 ἀπο.

2006 4006 2160 4061 λέσαι
2198 4010 2345 4078 ἡμᾶς
2376 4008 2514 4078 μετὰ
2550 4008 2821 4076 γυναικῶν
2854 4011 2949 4062 καὶ
3006 4010 3214 4063 παίδων
3262 4014 3351 4064 καὶ
3386 4013 3592 4085 θηρίων

2008 4092 2103 4145 καὶ
2135 4093 2347 4161 κτηνῶν
2376 4094 2470 4144 καὶ
2496 4092 2591 4161 τῆς
2616 4092 2719 4160 γῆς
2749 4094 2984 4163 ἀπάσης.
3020 4096 3130 4147 Kal
3158 4097 3207 4147 εί
3249 4095 3447 4164 βούλει,
3479 4097 3589 4164 ἐγώ

2010 4194 2068 4228 σε
2101 4180 2310 4245 ποιήσω
2338 4176 2431 4227 καὶ
2461 4176 2557 4245 τῆς
2587 4176 2910 4243 ἀποφάσεως
2967 4177 3131 4247 αὐτῆς
3162 4178 3391 4231 ἀκοῦσαι
3417 4195 3430 4209 ·
3475 4181 3590 4244 Ἐξ.

2006 4260 2237 4326 alam-0)
2258 4259 2386 4327 γὰρ,
2418 4261 2572 4329 φησὶ,
2598 4258 2706 4311 τὸν
2724 4250 3059 4326 ἄνθρωπον,
3081 4260 3153 4312 ὃν
3172 4262 3449 4329 ἐποίησά,
3469 4265 3589 4318 ἀπὸ

2008 4342 2332 4411 προσώπου
2359 4342 2562 4409 πάσης
2599 4341 2710 4409 τῆς
2736 4342 2849 4412 γῆς
2870 4383 2883 4404 ,
2922 4345 3019 4397 καί
3046 4345 3117 4397 τὰ
3150 4348 3345 4413 θηρία,
3377 4349 3475 4401 καὶ
3519 4352 3590 4404 τὰ

2009 4426 2195 4492 κτήνη
2218 4466 2232 4487 ,
2267 4426 2355 4479 ὅτι
2384 4426 2778 4494 ἐνεθυμήθην,
2812 4428 2899 4479 ὅτι
2924 4428 3184 4494 ἐποίησα
3220 4432 3329 4484 τὸν
3369 4432 3591 4499 ἅνθρω-

2008 4524 2145 4563 πον.
2178 4511 2287 4563 Kal
2313 4509 2398 4561 ἵνα
2442 4508 2620 4579 μάθῃς
2648 4512 2728 4563 ὅτι
2777 4511 2835 4562 οὐ
2865 4512 2963 4580 τὴν
3007 4511 3165 4579 φύσιν
3201 4514 3357 4584 ἡμῶν
3386 4518 3587 4587 ἐμίσει,

2009 4591 2143 4645 ἀλλά
2188 4593 2285 4662 τὴν
2328 4592 2528 4645 κακίαν
2567 4593 2969 4661 ἀπεστρέφετο,
3019 4597 3046 4646 ὁ
3090 4595 3259 4649 εἰπὼν
3285 4638 3298 4659 ,
3344 4600 3425 4652 ὅτι
3468 4603 3591 4667 Ἐε-

2007 4676 2236 4742 αλείψω
2259 4673 2366 4726 τὸν
2391 4674 2725 4741 ἄνθρωπον,
2745 4675 2815 4727 ὃν
2830 4676 3108 4745 ἐποίησα,
3125 4680 3245 4733 ἀπὸ
3263 4685 3591 4747 προσώπου

2010 4756 2116 4824 τῆς
2148 4756 2289 4826 γῆς,
2326 4758 2473 4825 λέγει
2506 4758 2585 4828 τῷ
2623 4758 2921 4829 ἀνθρώπῳ·
2964 4763 3179 4828 Καιρὸς
3216 4768 3445 4833 παντὸς
3484 4770 3592 4821 ἀν..

2009 4838 2243 4906 υρώπου
2285 4839 2417 4906 ἥκει
2450 4844 2599 4908 πρός
2632 4858 2729 4909 με.
2772 4844 2835 4895 Εἰ
2860 4845 2915 4895 δὲ
2944 4844 3034 4896 τὸν
3073 4845 3356 4917 ἄνθρωπον
3388 4851 3588 4920 ἐμίσει,

2007 4925 2105 4975 ούκ
2141 4921 2207 4974 ἂν
2234 4922 2504 4993 ἀνθρώπῳ
2541 4924 2807 4996 διελέχθη.
2846 4927 2956 4979 Νῦν
3002 4927 3057 4978 δὲ
3089 4930 3220 4999 ὁρᾷς
3264 4933 3425 4985 αὑτὸν
3466 4935 3589 4986 οὔτε

2011 5006 2331 5075 βουλόμενον
2353 5008 2596 5077 ποιῆσαι,
2619 5009 2755 5079 ὅπερ
2782 5010 3043 5081 ἠπείλησε
3072 5017 3315 5084 ποιήσαι,
3343 5018 3479 5070 ἀλλά
3497 5023 3590 5073 καὶ

2009 5087 2442 5159 ἀπολογούμενον
2480 5091 2555 5159 τῷ
2584 5091 2755 5161 δούλῳ
2793 5094 2883 5145 τὸν
2918 5094 3146 5164 Κύριον,
3181 5100 3274 5150 καὶ
3306 5100 3381 5164 ὡς
3408 5104 3590 5171 ὁμοτί-

2013 5171 2262 5256 μῳᾲφίλῳ
2294 5172 2675 5242 διαλεγόμενον
2724 5177 2816 5227 καὶ
2863 5177 3087 5244 λέγοντα
3123 5180 3223 5242 τὰς
3268 5185 3447 5248 αἰτίας
3488 5186 3589 5256 τῆς

2013 5254 2313 5326 μελλούσης
2342 5258 2615 5321 ἀπωλείας
2648 5258 2895 5324 ἔσεσθαι,
2922 5264 3018 5332 οὐχ
3066 5264 3151 5317 ἵνα
3184 5266 3329 5337 μάθῃ
3365 5270 3463 5331 τὰς
3504 5254 3589 5324 αἱ-

2009 5337 2127 5400 τίας
2164 5340 2192 5391 ὁ
2244 5339 2564 5409 ἄνθρωπος,
2593 5342 2707 5395 ἀλλ’
2746 5345 2831 5397 ἵνα
2864 5349 2973 5409 τοῖς
3012 5333 3194 5412 ἄλλοις
3250 5333 3452 5418 εἰπὼν,
3487 5370 3585 5406 σω-
3639 5333 3649 5345 ι

2010 5424 2401 5505 φρονεστέρους
2441 5426 2637 5489 αὐτοὺς
2661 5427 2982 5498 ἐργάσηται.
3031 5432 3170 5484 Ἀλλ’
3204 5434 3340 5505 ὅπερ
3380 5435 3585 5505 ἔλεγον,

2008 5501 2150 5555 οὕτω
2180 5507 2364 5570 κακῶς
2392 5508 2549 5578 ήμῶν
2594 5510 2828 5580 ἔπραττε
2864 5514 2924 5565 τὸ
2946 5514 3101 5581 γένος
3138 5516 3445 5587 ἔμπροσθεν
3470 5561 3484 5583 ,
3512 5522 3589 5585 ὡς

2011 5588 2347 5643 κινδυνεύσαι
2384 5594 2475 5645 καὶ
2504 5594 2601 5663 τῆς
2629 5597 2728 5665 γῆς
2752 5598 2922 5665 αὐτῆς
2952 5600 3224 5653 ἐκπεσεῖν.
3268 5604 3407 5655 Ἀλλ’
3429 5607 3604 5673 ἡμεῖς,

2058 5748 2100 5773 re
2123 5738 2227 5800 Reg
2264 5744 2368 5809 περί
2405 5746 2495 5790 τῶν
2531 5749 2777 5808 μαρτύρων
2827 5749 2952 5799 Editi
2978 5755 3082 5809 περὶ
3113 5756 3210 5802 τῶν
3234 5756 3443 5813 ἀγγέλων
