  <div class='ocr_page' id='page_1' title='image "/cluster/home/n/w/nwhite01/storage/ocr_20150623/50/pst.000005712496/042.png"; bbox 0 0 4206 6308; ppageno 0'>
   <div class='ocr_carea' id='block_1_1' title="bbox 291 308 392 366">
    <p class='ocr_par' dir='ltr' id='par_1_1' title="bbox 291 308 392 366">
     <span class='ocr_line' id='line_1_1' title="bbox 291 308 392 366; baseline 0 -3"><span class='ocrx_word' id='word_1_1' title='bbox 291 308 392 366; x_wconf 65' lang='grc' dir='ltr'>ιω</span> 
     </span>
    </p>
   </div>
   <div class='ocr_carea' id='block_1_2' title="bbox 290 410 1866 486">
    <p class='ocr_par' dir='ltr' id='par_1_2' title="bbox 290 410 1866 486">
     <span class='ocr_line' id='line_1_2' title="bbox 290 410 1866 486; baseline -0.008 -11"><span class='ocrx_word' id='word_1_2' title='bbox 290 421 588 476; x_wconf 71' lang='lat' dir='ltr'><strong>excideret.</strong></span> <span class='ocrx_word' id='word_1_3' title='bbox 611 417 878 474; x_wconf 60' lang='lat' dir='ltr'><strong>Caeterum</strong></span> <span class='ocrx_word' id='word_1_4' title='bbox 908 429 1006 472; x_wconf 83' lang='lat' dir='ltr'><strong>nos</strong></span> <span class='ocrx_word' id='word_1_5' title='bbox 1033 414 1120 486; x_wconf 92' lang='lat' dir='ltr'><strong>qui</strong></span> <span class='ocrx_word' id='word_1_6' title='bbox 1140 420 1280 470; x_wconf 88' lang='lat' dir='ltr'><strong>terra</strong></span> <span class='ocrx_word' id='word_1_7' title='bbox 1307 412 1620 467; x_wconf 77' lang='lat' dir='ltr'><strong>videbamur</strong></span> <span class='ocrx_word' id='word_1_8' title='bbox 1646 410 1866 481; x_wconf 89' lang='lat' dir='ltr'><strong>indigni,</strong></span> 
     </span>
    </p>
   </div>
   <div class='ocr_carea' id='block_1_3' title="bbox 293 499 1864 571">
    <p class='ocr_par' dir='ltr' id='par_1_3' title="bbox 293 499 1864 571">
     <span class='ocr_line' id='line_1_3' title="bbox 293 499 1864 571; baseline -0.009 -5"><span class='ocrx_word' id='word_1_9' title='bbox 293 510 452 565; x_wconf 86' lang='lat' dir='ltr'><strong>hodie</strong></span> <span class='ocrx_word' id='word_1_10' title='bbox 481 509 538 565; x_wconf 90' lang='lat' dir='ltr'><strong>in</strong></span> <span class='ocrx_word' id='word_1_11' title='bbox 575 510 765 562; x_wconf 64' lang='lat' dir='ltr'><strong>caelum</strong></span> <span class='ocrx_word' id='word_1_12' title='bbox 810 505 1001 561; x_wconf 87' lang='lat' dir='ltr'><strong>sublati</strong></span> <span class='ocrx_word' id='word_1_13' title='bbox 1031 518 1213 558; x_wconf 87' lang='lat' dir='ltr'><strong>sumus</strong></span> <span class='ocrx_word' id='word_1_14' title='bbox 1240 519 1255 555; x_wconf 91' lang='lat'><strong>:</strong></span> <span class='ocrx_word' id='word_1_15' title='bbox 1292 502 1382 571; x_wconf 86' lang='lat' dir='ltr'><strong>qui</strong></span> <span class='ocrx_word' id='word_1_16' title='bbox 1411 515 1479 556; x_wconf 92' lang='lat' dir='ltr'><strong>ne</strong></span> <span class='ocrx_word' id='word_1_17' title='bbox 1509 511 1720 555; x_wconf 89' lang='lat' dir='ltr'><strong>terreno</strong></span> <span class='ocrx_word' id='word_1_18' title='bbox 1746 499 1864 569; x_wconf 82' lang='lat' dir='ltr'><strong>qui-</strong></span> 
     </span>
    </p>
   </div>
   <div class='ocr_carea' id='block_1_4' title="bbox 290 590 1869 669">
    <p class='ocr_par' dir='ltr' id='par_1_4' title="bbox 290 590 1869 669">
     <span class='ocr_line' id='line_1_4' title="bbox 290 590 1869 669; baseline -0.007 -14"><span class='ocrx_word' id='word_1_19' title='bbox 290 600 409 656; x_wconf 84' lang='lat' dir='ltr'><strong>dem</strong></span> <span class='ocrx_word' id='word_1_20' title='bbox 435 598 736 669; x_wconf 89' lang='lat' dir='ltr'><strong>principatu</strong></span> <span class='ocrx_word' id='word_1_21' title='bbox 773 610 986 651; x_wconf 82' lang='lat' dir='ltr'><strong>eramus</strong></span> <span class='ocrx_word' id='word_1_22' title='bbox 1010 595 1176 666; x_wconf 90' lang='lat' dir='ltr'><strong>digni,</strong></span> <span class='ocrx_word' id='word_1_23' title='bbox 1215 592 1284 647; x_wconf 90' lang='lat' dir='ltr'><strong>ad</strong></span> <span class='ocrx_word' id='word_1_24' title='bbox 1325 607 1614 661; x_wconf 90' lang='lat' dir='ltr'><strong>supernum</strong></span> <span class='ocrx_word' id='word_1_25' title='bbox 1652 590 1869 645; x_wconf 68' lang='lat' dir='ltr'><strong>celeste</strong></span> 
     </span>
    </p>
   </div>
   <div class='ocr_carea' id='block_1_5' title="bbox 289 682 1870 760">
    <p class='ocr_par' dir='ltr' id='par_1_5' title="bbox 289 682 1870 760">
     <span class='ocr_line' id='line_1_5' title="bbox 289 682 1870 760; baseline -0.006 -16"><span class='ocrx_word' id='word_1_26' title='bbox 289 705 508 760; x_wconf 76' lang='lat' dir='ltr'><strong>regnum</strong></span> <span class='ocrx_word' id='word_1_27' title='bbox 540 687 896 748; x_wconf 87' lang='lat' dir='ltr'><strong>ascendimus,</strong></span> <span class='ocrx_word' id='word_1_28' title='bbox 927 686 1087 740; x_wconf 67' lang='lat' dir='ltr'><strong>caelos</strong></span> <span class='ocrx_word' id='word_1_29' title='bbox 1114 684 1458 753; x_wconf 86' lang='lat' dir='ltr'><strong>pervasimns,</strong></span> <span class='ocrx_word' id='word_1_30' title='bbox 1509 682 1756 736; x_wconf 91' lang='lat' dir='ltr'><strong>thronum</strong></span> <span class='ocrx_word' id='word_1_31' title='bbox 1785 695 1870 735; x_wconf 91' lang='lat' dir='ltr'><strong>re-</strong></span> 
     </span>
    </p>
   </div>
   <div class='ocr_carea' id='block_1_6' title="bbox 289 772 1866 850">
    <p class='ocr_par' dir='ltr' id='par_1_6' title="bbox 289 772 1866 850">
     <span class='ocr_line' id='line_1_6' title="bbox 289 772 1866 850; baseline -0.007 -16"><span class='ocrx_word' id='word_1_32' title='bbox 289 779 457 850; x_wconf 72' lang='lat' dir='ltr'><strong>galem</strong></span> <span class='ocrx_word' id='word_1_33' title='bbox 491 785 657 847; x_wconf 85' lang='lat' dir='ltr'><strong>atque</strong></span> <span class='ocrx_word' id='word_1_34' title='bbox 701 776 1032 840; x_wconf 80' lang='lat' dir='ltr'><strong>Dominicum</strong></span> <span class='ocrx_word' id='word_1_35' title='bbox 1060 772 1540 845; x_wconf 88' lang='lat' dir='ltr'><strong>apprehendimus;</strong></span> <span class='ocrx_word' id='word_1_36' title='bbox 1580 779 1634 826; x_wconf 89' lang='lat' dir='ltr'><strong>et</strong></span> <span class='ocrx_word' id='word_1_37' title='bbox 1661 779 1866 834; x_wconf 90' lang='lat' dir='ltr'><strong>natura,</strong></span> 
     </span>
    </p>
   </div>
   <div class='ocr_carea' id='block_1_7' title="bbox 290 858 1870 938">
    <p class='ocr_par' dir='ltr' id='par_1_7' title="bbox 290 858 1870 938">
     <span class='ocr_line' id='line_1_7' title="bbox 290 858 1870 938; baseline -0.009 -14"><span class='ocrx_word' id='word_1_38' title='bbox 290 878 504 938; x_wconf 85' lang='lat' dir='ltr'><strong>propter</strong></span> <span class='ocrx_word' id='word_1_39' title='bbox 539 880 698 936; x_wconf 84' lang='lat' dir='ltr'><strong>quam</strong></span> <span class='ocrx_word' id='word_1_40' title='bbox 729 864 1031 935; x_wconf 75' lang='lat' dir='ltr'><strong>paradisum</strong></span> <span class='ocrx_word' id='word_1_41' title='bbox 1073 862 1358 919; x_wconf 72' lang='lat' dir='ltr'><strong>servabant</strong></span> <span class='ocrx_word' id='word_1_42' title='bbox 1397 860 1705 922; x_wconf 88' lang='lat' dir='ltr'><strong>Cherubim,</strong></span> <span class='ocrx_word' id='word_1_43' title='bbox 1755 858 1870 926; x_wconf 89' lang='lat' dir='ltr'><strong>ipsa</strong></span> 
     </span>
    </p>
   </div>
   <div class='ocr_carea' id='block_1_8' title="bbox 292 946 1869 1026">
    <p class='ocr_par' dir='ltr' id='par_1_8' title="bbox 292 946 1869 1026">
     <span class='ocr_line' id='line_1_8' title="bbox 292 946 1869 1026; baseline -0.008 -16"><span class='ocrx_word' id='word_1_44' title='bbox 292 969 450 1026; x_wconf 86' lang='lat' dir='ltr'><strong>supra</strong></span> <span class='ocrx_word' id='word_1_45' title='bbox 480 954 768 1009; x_wconf 83' lang='lat' dir='ltr'><strong>Cberubim</strong></span> <span class='ocrx_word' id='word_1_46' title='bbox 817 952 967 1008; x_wconf 88' lang='lat' dir='ltr'><strong>sedet</strong></span> <span class='ocrx_word' id='word_1_47' title='bbox 1009 950 1190 1005; x_wconf 84' lang='lat' dir='ltr'><strong>hodie.</strong></span> <span class='ocrx_word' id='word_1_48' title='bbox 1216 951 1287 1004; x_wconf 85' lang='lat' dir='ltr'><strong>At</strong></span> <span class='ocrx_word' id='word_1_49' title='bbox 1312 963 1420 1018; x_wconf 88' lang='lat' dir='ltr'><strong>quo</strong></span> <span class='ocrx_word' id='word_1_50' title='bbox 1445 956 1600 1017; x_wconf 90' lang='lat' dir='ltr'><strong>pacto</strong></span> <span class='ocrx_word' id='word_1_51' title='bbox 1635 946 1869 1000; x_wconf 84' lang='lat' dir='ltr'><strong>admira—</strong></span> 
     </span>
    </p>
   </div>
   <div class='ocr_carea' id='block_1_9' title="bbox 290 1036 1868 1112">
    <p class='ocr_par' dir='ltr' id='par_1_9' title="bbox 290 1036 1868 1112">
     <span class='ocr_line' id='line_1_9' title="bbox 290 1036 1868 1112; baseline -0.008 -12"><span class='ocrx_word' id='word_1_52' title='bbox 290 1045 391 1100; x_wconf 77' lang='lat' dir='ltr'><strong>bile</strong></span> <span class='ocrx_word' id='word_1_53' title='bbox 413 1043 518 1100; x_wconf 80' lang='lat' dir='ltr'><strong>hoc</strong></span> <span class='ocrx_word' id='word_1_54' title='bbox 538 1053 594 1099; x_wconf 87' lang='lat' dir='ltr'><strong>et</strong></span> <span class='ocrx_word' id='word_1_55' title='bbox 620 1057 868 1112; x_wconf 87' lang='lat' dir='ltr'><strong>magnum</strong></span> <span class='ocrx_word' id='word_1_56' title='bbox 897 1039 1122 1096; x_wconf 84' lang='lat' dir='ltr'><strong>accidit?</strong></span> <span class='ocrx_word' id='word_1_57' title='bbox 1142 1053 1248 1110; x_wconf 93' lang='lat' dir='ltr'><strong>quo</strong></span> <span class='ocrx_word' id='word_1_58' title='bbox 1265 1047 1418 1108; x_wconf 90' lang='lat' dir='ltr'><strong>pacto</strong></span> <span class='ocrx_word' id='word_1_59' title='bbox 1441 1051 1539 1092; x_wconf 88' lang='lat' dir='ltr'><strong>nos</strong></span> <span class='ocrx_word' id='word_1_60' title='bbox 1555 1036 1643 1106; x_wconf 91' lang='lat' dir='ltr'><strong>qui</strong></span> <span class='ocrx_word' id='word_1_61' title='bbox 1667 1044 1868 1089; x_wconf 77' lang='lat' dir='ltr'><strong>tantam</strong></span> 
     </span>
    </p>
   </div>
   <div class='ocr_carea' id='block_1_10' title="bbox 287 1125 1871 1198">
    <p class='ocr_par' dir='ltr' id='par_1_10' title="bbox 287 1125 1871 1198">
     <span class='ocr_line' id='line_1_10' title="bbox 287 1125 1871 1198; baseline -0.008 -8"><span class='ocrx_word' id='word_1_62' title='bbox 287 1135 622 1190; x_wconf 85' lang='lat' dir='ltr'><strong>clementiam</strong></span> <span class='ocrx_word' id='word_1_63' title='bbox 653 1131 1062 1195; x_wconf 81' lang='lat' dir='ltr'><strong>oll&#39;euderamus,</strong></span> <span class='ocrx_word' id='word_1_64' title='bbox 1113 1139 1356 1198; x_wconf 88' lang='lat' dir='ltr'><strong>terraque</strong></span> <span class='ocrx_word' id='word_1_65' title='bbox 1403 1127 1516 1196; x_wconf 84' lang='lat' dir='ltr'><strong>ipsa</strong></span> <span class='ocrx_word' id='word_1_66' title='bbox 1562 1125 1871 1179; x_wconf 79' lang='lat' dir='ltr'><strong>videbamur</strong></span> 
     </span>
    </p>
   </div>
   <div class='ocr_carea' id='block_1_11' title="bbox 288 1215 1870 1294">
    <p class='ocr_par' dir='ltr' id='par_1_11' title="bbox 288 1215 1870 1294">
     <span class='ocr_line' id='line_1_11' title="bbox 288 1215 1870 1294; baseline -0.006 -15"><span class='ocrx_word' id='word_1_67' title='bbox 288 1224 518 1294; x_wconf 85' lang='lat' dir='ltr'><strong>indigni,</strong></span> <span class='ocrx_word' id='word_1_68' title='bbox 551 1238 617 1278; x_wconf 82' lang='lat' dir='ltr'><strong>ac</strong></span> <span class='ocrx_word' id='word_1_69' title='bbox 673 1234 884 1278; x_wconf 88' lang='lat' dir='ltr'><strong>terreno</strong></span> <span class='ocrx_word' id='word_1_70' title='bbox 917 1220 1062 1276; x_wconf 91' lang='lat' dir='ltr'><strong>omni</strong></span> <span class='ocrx_word' id='word_1_71' title='bbox 1113 1219 1407 1289; x_wconf 86' lang='lat' dir='ltr'><strong>principatu</strong></span> <span class='ocrx_word' id='word_1_72' title='bbox 1456 1225 1614 1286; x_wconf 87' lang='lat' dir='ltr'><strong>atque</strong></span> <span class='ocrx_word' id='word_1_73' title='bbox 1668 1215 1870 1270; x_wconf 87' lang='lat' dir='ltr'><strong>honore</strong></span> 
     </span>
    </p>
   </div>
   <div class='ocr_carea' id='block_1_12' title="bbox 286 1307 1870 1381">
    <p class='ocr_par' dir='ltr' id='par_1_12' title="bbox 286 1307 1870 1381">
     <span class='ocr_line' id='line_1_12' title="bbox 286 1307 1870 1381; baseline -0.006 -11"><span class='ocrx_word' id='word_1_74' title='bbox 286 1315 654 1370; x_wconf 76' lang='lat' dir='ltr'><strong>excidet-anius</strong></span> <span class='ocrx_word' id='word_1_75' title='bbox 676 1355 692 1381; x_wconf 94' lang='lat'><strong>,</strong></span> <span class='ocrx_word' id='word_1_76' title='bbox 721 1312 785 1367; x_wconf 90' lang='lat' dir='ltr'><strong>ad</strong></span> <span class='ocrx_word' id='word_1_77' title='bbox 821 1321 1020 1366; x_wconf 85' lang='lat' dir='ltr'><strong>tantam</strong></span> <span class='ocrx_word' id='word_1_78' title='bbox 1061 1310 1395 1366; x_wconf 87' lang='lat' dir='ltr'><strong>altitudinem</strong></span> <span class='ocrx_word' id='word_1_79' title='bbox 1441 1322 1624 1363; x_wconf 86' lang='lat' dir='ltr'><strong>sumus</strong></span> <span class='ocrx_word' id='word_1_80' title='bbox 1662 1307 1870 1361; x_wconf 81' lang='lat' dir='ltr'><strong>evecti?</strong></span> 
     </span>
    </p>
   </div>
   <div class='ocr_carea' id='block_1_13' title="bbox 285 1395 1870 1475">
    <p class='ocr_par' dir='ltr' id='par_1_13' title="bbox 285 1395 1870 1475">
     <span class='ocr_line' id='line_1_13' title="bbox 285 1395 1870 1475; baseline -0.008 -15"><span class='ocrx_word' id='word_1_81' title='bbox 285 1420 388 1475; x_wconf 87' lang='lat' dir='ltr'><strong>quo</strong></span> <span class='ocrx_word' id='word_1_82' title='bbox 415 1415 570 1474; x_wconf 88' lang='lat' dir='ltr'><strong>pacto</strong></span> <span class='ocrx_word' id='word_1_83' title='bbox 594 1403 791 1460; x_wconf 88' lang='lat' dir='ltr'><strong>bellum</strong></span> <span class='ocrx_word' id='word_1_84' title='bbox 810 1402 1135 1472; x_wconf 70' lang='lat' dir='ltr'><strong>dissolutum</strong></span> <span class='ocrx_word' id='word_1_85' title='bbox 1163 1400 1283 1459; x_wconf 80' lang='lat' dir='ltr'><strong>est?</strong></span> <span class='ocrx_word' id='word_1_86' title='bbox 1302 1413 1415 1469; x_wconf 88' lang='lat' dir='ltr'><strong>quo</strong></span> <span class='ocrx_word' id='word_1_87' title='bbox 1455 1407 1605 1468; x_wconf 89' lang='lat' dir='ltr'><strong>pacto</strong></span> <span class='ocrx_word' id='word_1_88' title='bbox 1644 1396 1720 1450; x_wconf 90' lang='lat' dir='ltr'><strong>ira</strong></span> <span class='ocrx_word' id='word_1_89' title='bbox 1744 1395 1870 1449; x_wconf 84' lang='lat' dir='ltr'><strong>sub-</strong></span> 
     </span>
    </p>
   </div>
   <div class='ocr_carea' id='block_1_14' title="bbox 287 1485 1867 1560">
    <p class='ocr_par' dir='ltr' id='par_1_14' title="bbox 287 1485 1867 1560">
     <span class='ocr_line' id='line_1_14' title="bbox 287 1485 1867 1560; baseline -0.005 -13"><span class='ocrx_word' id='word_1_90' title='bbox 287 1495 427 1548; x_wconf 86' lang='lat' dir='ltr'><strong>lata?</strong></span> <span class='ocrx_word' id='word_1_91' title='bbox 455 1492 774 1560; x_wconf 84' lang='lat' dir='ltr'><strong>Quomodo?</strong></span> <span class='ocrx_word' id='word_1_92' title='bbox 806 1507 926 1547; x_wconf 90' lang='lat' dir='ltr'><strong>nam</strong></span> <span class='ocrx_word' id='word_1_93' title='bbox 968 1491 1105 1546; x_wconf 89' lang='lat' dir='ltr'><strong>istud</strong></span> <span class='ocrx_word' id='word_1_94' title='bbox 1133 1490 1441 1544; x_wconf 87' lang='lat' dir='ltr'><strong>admirabile</strong></span> <span class='ocrx_word' id='word_1_95' title='bbox 1467 1498 1568 1550; x_wconf 88' lang='lat' dir='ltr'><strong>est,</strong></span> <span class='ocrx_word' id='word_1_96' title='bbox 1593 1502 1696 1540; x_wconf 91' lang='lat' dir='ltr'><strong>non</strong></span> <span class='ocrx_word' id='word_1_97' title='bbox 1725 1485 1867 1555; x_wconf 88' lang='lat' dir='ltr'><strong>quod</strong></span> 
     </span>
    </p>
   </div>
   <div class='ocr_carea' id='block_1_15' title="bbox 290 1577 1864 1654">
    <p class='ocr_par' dir='ltr' id='par_1_15' title="bbox 290 1577 1864 1654">
     <span class='ocr_line' id='line_1_15' title="bbox 290 1577 1864 1654; baseline -0.006 -17"><span class='ocrx_word' id='word_1_98' title='bbox 290 1585 372 1647; x_wconf 82' lang='lat' dir='ltr'><strong>iis,</strong></span> <span class='ocrx_word' id='word_1_99' title='bbox 408 1585 500 1654; x_wconf 86' lang='lat' dir='ltr'><strong>qui</strong></span> <span class='ocrx_word' id='word_1_100' title='bbox 540 1585 733 1653; x_wconf 83' lang='lat' dir='ltr'><strong>injuria</strong></span> <span class='ocrx_word' id='word_1_101' title='bbox 762 1582 1122 1637; x_wconf 84' lang='lat' dir='ltr'><strong>irascebantur</strong></span> <span class='ocrx_word' id='word_1_102' title='bbox 1153 1582 1279 1644; x_wconf 90' lang='lat' dir='ltr'><strong>Deo,</strong></span> <span class='ocrx_word' id='word_1_103' title='bbox 1303 1579 1397 1632; x_wconf 88' lang='lat' dir='ltr'><strong>sed</strong></span> <span class='ocrx_word' id='word_1_104' title='bbox 1421 1577 1562 1647; x_wconf 91' lang='lat' dir='ltr'><strong>quod</strong></span> <span class='ocrx_word' id='word_1_105' title='bbox 1586 1577 1701 1645; x_wconf 88' lang='lat' dir='ltr'><strong>ipso</strong></span> <span class='ocrx_word' id='word_1_106' title='bbox 1734 1577 1864 1640; x_wconf 89' lang='lat' dir='ltr'><strong>Deo,</strong></span> 
     </span>
    </p>
   </div>
   <div class='ocr_carea' id='block_1_16' title="bbox 284 1673 1869 1744">
    <p class='ocr_par' dir='ltr' id='par_1_16' title="bbox 284 1673 1869 1744">
     <span class='ocr_line' id='line_1_16' title="bbox 284 1673 1869 1744; baseline -0.004 -17"><span class='ocrx_word' id='word_1_107' title='bbox 284 1677 368 1743; x_wconf 87' lang='lat' dir='ltr'><strong>qui</strong></span> <span class='ocrx_word' id='word_1_108' title='bbox 403 1675 529 1744; x_wconf 86' lang='lat' dir='ltr'><strong>jure</strong></span> <span class='ocrx_word' id='word_1_109' title='bbox 573 1675 730 1729; x_wconf 88' lang='lat' dir='ltr'><strong>nobis</strong></span> <span class='ocrx_word' id='word_1_110' title='bbox 769 1673 1156 1734; x_wconf 79' lang='lat' dir='ltr'><strong>succensebat,</strong></span> <span class='ocrx_word' id='word_1_111' title='bbox 1208 1679 1526 1740; x_wconf 82' lang='lat' dir='ltr'><strong>provocante</strong></span> <span class='ocrx_word' id='word_1_112' title='bbox 1577 1682 1672 1721; x_wconf 93' lang='lat' dir='ltr'><strong>nos</strong></span> <span class='ocrx_word' id='word_1_113' title='bbox 1709 1677 1869 1734; x_wconf 86' lang='lat' dir='ltr'><strong>atque</strong></span> 
     </span>
    </p>
   </div>
   <div class='ocr_carea' id='block_1_17' title="bbox 284 1761 1868 1834">
    <p class='ocr_par' dir='ltr' id='par_1_17' title="bbox 284 1761 1868 1834">
     <span class='ocr_line' id='line_1_17' title="bbox 284 1761 1868 1834; baseline -0.006 -16"><span class='ocrx_word' id='word_1_114' title='bbox 284 1766 554 1828; x_wconf 84' lang='lat' dir='ltr'><strong>invitante,</strong></span> <span class='ocrx_word' id='word_1_115' title='bbox 587 1781 686 1834; x_wconf 84' lang='lat' dir='ltr'><strong>pax</strong></span> <span class='ocrx_word' id='word_1_116' title='bbox 713 1763 846 1818; x_wconf 80' lang='lat' dir='ltr'><strong>facta</strong></span> <span class='ocrx_word' id='word_1_117' title='bbox 873 1765 959 1818; x_wconf 88' lang='lat' dir='ltr'><strong>sit.</strong></span> <span class='ocrx_word' id='word_1_118' title='bbox 986 1763 1090 1817; x_wconf 86' lang='lat' dir='ltr'><strong>Pro</strong></span> <span class='ocrx_word' id='word_1_119' title='bbox 1111 1762 1308 1817; x_wconf 81' lang='lat' dir='ltr'><strong>Christo</strong></span> <span class='ocrx_word' id='word_1_120' title='bbox 1327 1761 1456 1814; x_wconf 87' lang='lat' dir='ltr'><strong>enim</strong></span> <span class='ocrx_word' id='word_1_121' title='bbox 1479 1761 1725 1828; x_wconf 77' lang='lat' dir='ltr'><strong>legatione</strong></span> <span class='ocrx_word' id='word_1_122' title='bbox 1743 1762 1868 1828; x_wconf 82' lang='lat' dir='ltr'><strong>fun-</strong></span> 
     </span>
    </p>
   </div>
   <div class='ocr_carea' id='block_1_18' title="bbox 281 1849 1868 1924">
    <p class='ocr_par' dir='ltr' id='par_1_18' title="bbox 281 1849 1868 1924">
     <span class='ocr_line' id='line_1_18' title="bbox 281 1849 1868 1924; baseline -0.004 -18"><span class='ocrx_word' id='word_1_123' title='bbox 281 1856 460 1922; x_wconf 70' lang='lat' dir='ltr'><strong>g&#39;mur,</strong></span> <span class='ocrx_word' id='word_1_124' title='bbox 489 1855 664 1924; x_wconf 86' lang='lat' dir='ltr'><strong>inquit</strong></span> <span class='ocrx_word' id='word_1_125' title='bbox 699 1853 1013 1920; x_wconf 80' lang='lat' dir='ltr'><strong>Apostolus,</strong></span> <span class='ocrx_word' id='word_1_126' title='bbox 1045 1861 1299 1920; x_wconf 82' lang='lat' dir='ltr'><strong>tamquam</strong></span> <span class='ocrx_word' id='word_1_127' title='bbox 1323 1849 1433 1903; x_wconf 89' lang='lat' dir='ltr'><strong>Deo</strong></span> <span class='ocrx_word' id='word_1_128' title='bbox 1462 1850 1753 1902; x_wconf 68' lang='lat' dir='ltr'><strong>exhortante</strong></span> <span class='ocrx_word' id='word_1_129' title='bbox 1780 1862 1868 1916; x_wconf 76' lang='lat' dir='ltr'><strong>per</strong></span> 
     </span>
    </p>
   </div>
   <div class='ocr_carea' id='block_1_19' title="bbox 282 1939 1856 2017">
    <p class='ocr_par' dir='ltr' id='par_1_19' title="bbox 282 1939 1856 2017">
     <span class='ocr_line' id='line_1_19' title="bbox 282 1939 1856 2017; baseline -0.006 -19"><span class='ocrx_word' id='word_1_130' title='bbox 282 1963 367 1999; x_wconf 81' lang='lat' dir='ltr'><strong>nos</strong></span> <span class='ocrx_word' id='word_1_131' title='bbox 378 1946 454 2017; x_wconf 76' lang='lat'><strong>(2.</strong></span> <span class='ocrx_word' id='word_1_132' title='bbox 471 1945 590 2000; x_wconf 90' lang='lat' dir='ltr'><strong>Cor.</strong></span> <span class='ocrx_word' id='word_1_133' title='bbox 614 1945 798 2012; x_wconf 73' lang='lat'><strong>5.20).</strong></span> <span class='ocrx_word' id='word_1_134' title='bbox 813 1944 947 2011; x_wconf 86' lang='lat' dir='ltr'><strong>Quid</strong></span> <span class='ocrx_word' id='word_1_135' title='bbox 969 1941 1133 1998; x_wconf 91' lang='lat' dir='ltr'><strong>istud?</strong></span> <span class='ocrx_word' id='word_1_136' title='bbox 1150 1943 1262 2012; x_wconf 85' lang='lat' dir='ltr'><strong>ipse</strong></span> <span class='ocrx_word' id='word_1_137' title='bbox 1287 1950 1370 1996; x_wconf 89' lang='lat' dir='ltr'><strong>est</strong></span> <span class='ocrx_word' id='word_1_138' title='bbox 1398 1940 1622 1995; x_wconf 88' lang='lat' dir='ltr'><strong>violatus</strong></span> <span class='ocrx_word' id='word_1_139' title='bbox 1643 1939 1856 2008; x_wconf 84' lang='lat' dir='ltr'><strong>injuria,</strong></span> 
     </span>
    </p>
   </div>
   <div class='ocr_carea' id='block_1_20' title="bbox 281 2030 1860 2107">
    <p class='ocr_par' dir='ltr' id='par_1_20' title="bbox 281 2030 1860 2107">
     <span class='ocr_line' id='line_1_20' title="bbox 281 2030 1860 2107; baseline -0.005 -17"><span class='ocrx_word' id='word_1_140' title='bbox 281 2039 463 2107; x_wconf 82' lang='lat' dir='ltr'><strong>etipse</strong></span> <span class='ocrx_word' id='word_1_141' title='bbox 484 2036 550 2090; x_wconf 86' lang='lat' dir='ltr'><strong>ad</strong></span> <span class='ocrx_word' id='word_1_142' title='bbox 579 2051 764 2105; x_wconf 88' lang='lat' dir='ltr'><strong>pacem</strong></span> <span class='ocrx_word' id='word_1_143' title='bbox 787 2035 1003 2089; x_wconf 79' lang='lat' dir='ltr'><strong>invitat?</strong></span> <span class='ocrx_word' id='word_1_144' title='bbox 1027 2033 1100 2088; x_wconf 87' lang='lat' dir='ltr'><strong>Ita</strong></span> <span class='ocrx_word' id='word_1_145' title='bbox 1121 2047 1282 2088; x_wconf 92' lang='lat' dir='ltr'><strong>sane:</strong></span> <span class='ocrx_word' id='word_1_146' title='bbox 1306 2033 1500 2102; x_wconf 91' lang='lat' dir='ltr'><strong>quippe</strong></span> <span class='ocrx_word' id='word_1_147' title='bbox 1514 2032 1600 2100; x_wconf 88' lang='lat' dir='ltr'><strong>qui</strong></span> <span class='ocrx_word' id='word_1_148' title='bbox 1618 2031 1754 2084; x_wconf 91' lang='lat' dir='ltr'><strong>Deus</strong></span> <span class='ocrx_word' id='word_1_149' title='bbox 1771 2030 1860 2094; x_wconf 87' lang='lat' dir='ltr'><strong>sit;</strong></span> 
     </span>
    </p>
   </div>
   <div class='ocr_carea' id='block_1_21' title="bbox 285 2119 1740 2194">
    <p class='ocr_par' dir='ltr' id='par_1_21' title="bbox 285 2119 1740 2194">
     <span class='ocr_line' id='line_1_21' title="bbox 285 2119 1740 2194; baseline -0.005 -15"><span class='ocrx_word' id='word_1_150' title='bbox 285 2136 440 2194; x_wconf 87' lang='lat' dir='ltr'><strong>atque</strong></span> <span class='ocrx_word' id='word_1_151' title='bbox 476 2127 551 2179; x_wconf 90' lang='lat' dir='ltr'><strong>ob</strong></span> <span class='ocrx_word' id='word_1_152' title='bbox 590 2125 642 2179; x_wconf 87' lang='lat' dir='ltr'><strong>id</strong></span> <span class='ocrx_word' id='word_1_153' title='bbox 666 2136 722 2194; x_wconf 77' lang='lat' dir='ltr'><strong>ut</strong></span> <span class='ocrx_word' id='word_1_154' title='bbox 747 2124 1003 2193; x_wconf 85' lang='lat' dir='ltr'><strong>benignus</strong></span> <span class='ocrx_word' id='word_1_155' title='bbox 1040 2131 1188 2191; x_wconf 88' lang='lat' dir='ltr'><strong>pater</strong></span> <span class='ocrx_word' id='word_1_156' title='bbox 1215 2122 1457 2176; x_wconf 85' lang='lat' dir='ltr'><strong>hortatur</strong></span> <span class='ocrx_word' id='word_1_157' title='bbox 1483 2119 1740 2174; x_wconf 87' lang='lat' dir='ltr'><strong>etallicit.</strong></span> 
     </span>
    </p>
   </div>
   <div class='ocr_carea' id='block_1_22' title="bbox 346 2196 1864 2284">
    <p class='ocr_par' dir='ltr' id='par_1_22' title="bbox 346 2196 1864 2284">
     <span class='ocr_line' id='line_1_22' title="bbox 346 2196 1864 2284; baseline -0.004 -15"><span class='ocrx_word' id='word_1_158' title='bbox 346 2196 578 2270; x_wconf 78' lang='lat' dir='ltr'><strong>Christus</strong></span> <span class='ocrx_word' id='word_1_159' title='bbox 599 2215 847 2284; x_wconf 81' lang='lat' dir='ltr'><strong>quomodo</strong></span> <span class='ocrx_word' id='word_1_160' title='bbox 877 2215 1138 2268; x_wconf 81' lang='lat' dir='ltr'><strong>mediator.</strong></span> <span class='ocrx_word' id='word_1_161' title='bbox 1183 2243 1256 2254; x_wconf 89' lang='lat'><strong><em>—</em></strong></span> <span class='ocrx_word' id='word_1_162' title='bbox 1288 2212 1394 2267; x_wconf 85' lang='lat' dir='ltr'><strong>Sed</strong></span> <span class='ocrx_word' id='word_1_163' title='bbox 1423 2212 1543 2267; x_wconf 92' lang='lat' dir='ltr'><strong>vide</strong></span> <span class='ocrx_word' id='word_1_164' title='bbox 1577 2211 1700 2278; x_wconf 89' lang='lat' dir='ltr'><strong>quid</strong></span> <span class='ocrx_word' id='word_1_165' title='bbox 1742 2225 1864 2279; x_wconf 83' lang='lat' dir='ltr'><strong>aga-</strong></span> 
     </span>
    </p>
   </div>
   <div class='ocr_carea' id='block_1_23' title="bbox 282 2302 1862 2376">
    <p class='ocr_par' dir='ltr' id='par_1_23' title="bbox 282 2302 1862 2376">
     <span class='ocr_line' id='line_1_23' title="bbox 282 2302 1862 2376; baseline -0.003 -16"><span class='ocrx_word' id='word_1_166' title='bbox 282 2316 411 2361; x_wconf 89' lang='lat' dir='ltr'><strong>tur:</strong></span> <span class='ocrx_word' id='word_1_167' title='bbox 458 2308 724 2374; x_wconf 79' lang='lat' dir='ltr'><strong>mediator</strong></span> <span class='ocrx_word' id='word_1_168' title='bbox 771 2307 950 2376; x_wconf 89' lang='lat' dir='ltr'><strong>utique</strong></span> <span class='ocrx_word' id='word_1_169' title='bbox 994 2314 1076 2362; x_wconf 84' lang='lat' dir='ltr'><strong>est</strong></span> <span class='ocrx_word' id='word_1_170' title='bbox 1118 2304 1388 2359; x_wconf 81' lang='lat' dir='ltr'><strong>invitantis</strong></span> <span class='ocrx_word' id='word_1_171' title='bbox 1426 2313 1480 2358; x_wconf 91' lang='lat' dir='ltr'><strong>et</strong></span> <span class='ocrx_word' id='word_1_172' title='bbox 1531 2302 1862 2357; x_wconf 82' lang='lat' dir='ltr'><strong>adhortantis</strong></span> 
     </span>
    </p>
   </div>
   <div class='ocr_carea' id='block_1_24' title="bbox 285 2393 1860 2465">
    <p class='ocr_par' dir='ltr' id='par_1_24' title="bbox 285 2393 1860 2465">
     <span class='ocr_line' id='line_1_24' title="bbox 285 2393 1860 2465; baseline -0.004 -15"><span class='ocrx_word' id='word_1_173' title='bbox 285 2397 464 2459; x_wconf 84' lang='lat' dir='ltr'><strong>Filius,</strong></span> <span class='ocrx_word' id='word_1_174' title='bbox 499 2412 608 2451; x_wconf 91' lang='lat' dir='ltr'><strong>non</strong></span> <span class='ocrx_word' id='word_1_175' title='bbox 637 2399 797 2450; x_wconf 86' lang='lat' dir='ltr'><strong>homo</strong></span> <span class='ocrx_word' id='word_1_176' title='bbox 827 2410 1005 2465; x_wconf 89' lang='lat' dir='ltr'><strong>purus,</strong></span> <span class='ocrx_word' id='word_1_177' title='bbox 1029 2411 1133 2448; x_wconf 91' lang='lat' dir='ltr'><strong>non</strong></span> <span class='ocrx_word' id='word_1_178' title='bbox 1161 2395 1398 2465; x_wconf 77' lang='lat' dir='ltr'><strong>angelus,</strong></span> <span class='ocrx_word' id='word_1_179' title='bbox 1431 2408 1604 2460; x_wconf 90' lang='lat' dir='ltr'><strong>neque</strong></span> <span class='ocrx_word' id='word_1_180' title='bbox 1631 2393 1860 2446; x_wconf 81' lang='lat' dir='ltr'><strong>archan-</strong></span> 
     </span>
    </p>
   </div>
   <div class='ocr_carea' id='block_1_25' title="bbox 283 2481 1862 2554">
    <p class='ocr_par' dir='ltr' id='par_1_25' title="bbox 283 2481 1862 2554">
     <span class='ocr_line' id='line_1_25' title="bbox 283 2481 1862 2554; baseline -0.004 -13"><span class='ocrx_word' id='word_1_181' title='bbox 283 2487 446 2554; x_wconf 85' lang='lat' dir='ltr'><strong>gelus,</strong></span> <span class='ocrx_word' id='word_1_182' title='bbox 463 2502 638 2554; x_wconf 90' lang='lat' dir='ltr'><strong>neque</strong></span> <span class='ocrx_word' id='word_1_183' title='bbox 651 2486 964 2540; x_wconf 82' lang='lat' dir='ltr'><strong>famulorum</strong></span> <span class='ocrx_word' id='word_1_184' title='bbox 984 2485 1138 2538; x_wconf 89' lang='lat' dir='ltr'><strong>ullus.</strong></span> <span class='ocrx_word' id='word_1_185' title='bbox 1161 2484 1225 2539; x_wconf 88' lang='lat' dir='ltr'><strong>Et</strong></span> <span class='ocrx_word' id='word_1_186' title='bbox 1245 2483 1370 2553; x_wconf 90' lang='lat' dir='ltr'><strong>quid</strong></span> <span class='ocrx_word' id='word_1_187' title='bbox 1391 2481 1862 2537; x_wconf 83' lang='lat' dir='ltr'><strong>ellicitmediator?</strong></span> 
     </span>
    </p>
   </div>
   <div class='ocr_carea' id='block_1_26' title="bbox 278 2570 1856 2644">
    <p class='ocr_par' dir='ltr' id='par_1_26' title="bbox 278 2570 1856 2644">
     <span class='ocr_line' id='line_1_26' title="bbox 278 2570 1856 2644; baseline -0.006 -14"><span class='ocrx_word' id='word_1_188' title='bbox 278 2574 416 2644; x_wconf 81' lang='lat' dir='ltr'><strong>Opus</strong></span> <span class='ocrx_word' id='word_1_189' title='bbox 446 2574 779 2629; x_wconf 87' lang='lat' dir='ltr'><strong>mediatoris.</strong></span> <span class='ocrx_word' id='word_1_190' title='bbox 809 2571 1263 2639; x_wconf 86' lang='lat' dir='ltr'><strong>Quemadmodum</strong></span> <span class='ocrx_word' id='word_1_191' title='bbox 1293 2572 1434 2625; x_wconf 87' lang='lat' dir='ltr'><strong>enim</strong></span> <span class='ocrx_word' id='word_1_192' title='bbox 1460 2570 1667 2624; x_wconf 91' lang='lat' dir='ltr'><strong>duobus</strong></span> <span class='ocrx_word' id='word_1_193' title='bbox 1690 2583 1750 2624; x_wconf 89' lang='lat' dir='ltr'><strong>se</strong></span> <span class='ocrx_word' id='word_1_194' title='bbox 1773 2570 1856 2622; x_wconf 90' lang='lat' dir='ltr'><strong>in-</strong></span> 
     </span>
    </p>
   </div>
   <div class='ocr_carea' id='block_1_27' title="bbox 277 2662 1860 2730">
    <p class='ocr_par' dir='ltr' id='par_1_27' title="bbox 277 2662 1860 2730">
     <span class='ocr_line' id='line_1_27' title="bbox 277 2662 1860 2730; baseline -0.003 -13"><span class='ocrx_word' id='word_1_195' title='bbox 277 2669 439 2720; x_wconf 81' lang='lat' dir='ltr'><strong>vicem</strong></span> <span class='ocrx_word' id='word_1_196' title='bbox 466 2666 857 2730; x_wconf 87' lang='lat' dir='ltr'><strong>aversantibus,</strong></span> <span class='ocrx_word' id='word_1_197' title='bbox 889 2673 943 2718; x_wconf 90' lang='lat' dir='ltr'><strong>et</strong></span> <span class='ocrx_word' id='word_1_198' title='bbox 967 2663 1034 2717; x_wconf 89' lang='lat' dir='ltr'><strong>ad</strong></span> <span class='ocrx_word' id='word_1_199' title='bbox 1066 2662 1404 2718; x_wconf 85' lang='lat' dir='ltr'><strong>concordiam</strong></span> <span class='ocrx_word' id='word_1_200' title='bbox 1429 2674 1717 2729; x_wconf 84' lang='lat' dir='ltr'><strong>pacemque</strong></span> <span class='ocrx_word' id='word_1_201' title='bbox 1743 2674 1860 2712; x_wconf 87' lang='lat' dir='ltr'><strong>mu-</strong></span> 
     </span>
    </p>
   </div>
   <div class='ocr_carea' id='block_1_28' title="bbox 278 2750 1855 2821">
    <p class='ocr_par' dir='ltr' id='par_1_28' title="bbox 278 2750 1855 2821">
     <span class='ocr_line' id='line_1_28' title="bbox 278 2750 1855 2821; baseline -0.005 -10"><span class='ocrx_word' id='word_1_202' title='bbox 278 2766 416 2811; x_wconf 85' lang='lat' dir='ltr'><strong>tuam</strong></span> <span class='ocrx_word' id='word_1_203' title='bbox 457 2755 654 2810; x_wconf 88' lang='lat' dir='ltr'><strong>adduci</strong></span> <span class='ocrx_word' id='word_1_204' title='bbox 683 2754 981 2809; x_wconf 86' lang='lat' dir='ltr'><strong>nolentibus</strong></span> <span class='ocrx_word' id='word_1_205' title='bbox 1009 2754 1025 2784; x_wconf 78' lang='grc'>⁸</span> <span class='ocrx_word' id='word_1_206' title='bbox 1046 2793 1063 2818; x_wconf 83' lang='grc'><em>,</em></span> <span class='ocrx_word' id='word_1_207' title='bbox 1094 2753 1280 2808; x_wconf 87' lang='lat' dir='ltr'><strong>tertius</strong></span> <span class='ocrx_word' id='word_1_208' title='bbox 1309 2751 1566 2821; x_wconf 89' lang='lat' dir='ltr'><strong>quispiam</strong></span> <span class='ocrx_word' id='word_1_209' title='bbox 1616 2750 1855 2816; x_wconf 86' lang='lat' dir='ltr'><strong>veniens,</strong></span> 
     </span>
    </p>
   </div>
   <div class='ocr_carea' id='block_1_29' title="bbox 275 2830 1860 2912">
    <p class='ocr_par' dir='ltr' id='par_1_29' title="bbox 275 2830 1860 2912">
     <span class='ocr_line' id='line_1_29' title="bbox 275 2830 1860 2912; baseline -0.004 -13"><span class='ocrx_word' id='word_1_210' title='bbox 275 2858 327 2900; x_wconf 88' lang='lat' dir='ltr'><strong>et</strong></span> <span class='ocrx_word' id='word_1_211' title='bbox 357 2861 415 2900; x_wconf 88' lang='lat' dir='ltr'><strong>se</strong></span> <span class='ocrx_word' id='word_1_212' title='bbox 441 2844 678 2902; x_wconf 87' lang='lat' dir='ltr'><strong>medium</strong></span> <span class='ocrx_word' id='word_1_213' title='bbox 716 2845 1077 2912; x_wconf 86' lang='lat' dir='ltr'><strong>interponens,</strong></span> <span class='ocrx_word' id='word_1_214' title='bbox 1118 2845 1389 2909; x_wconf 84' lang='lat' dir='ltr'><strong>utriusque</strong></span> <span class='ocrx_word' id='word_1_215' title='bbox 1425 2830 1749 2894; x_wconf 82' lang='lat' dir='ltr'><strong>inimicitiam</strong></span> <span class='ocrx_word' id='word_1_216' title='bbox 1780 2840 1860 2893; x_wconf 92' lang='lat' dir='ltr'><strong>di-</strong></span> 
     </span>
    </p>
   </div>
   <div class='ocr_carea' id='block_1_30' title="bbox 275 2929 1861 3000">
    <p class='ocr_par' dir='ltr' id='par_1_30' title="bbox 275 2929 1861 3000">
     <span class='ocr_line' id='line_1_30' title="bbox 275 2929 1861 3000; baseline -0.004 -12"><span class='ocrx_word' id='word_1_217' title='bbox 275 2933 367 2988; x_wconf 87' lang='lat' dir='ltr'><strong>luit</strong></span> <span class='ocrx_word' id='word_1_218' title='bbox 393 2953 408 2988; x_wconf 90' lang='lat'><strong>:</strong></span> <span class='ocrx_word' id='word_1_219' title='bbox 440 2934 509 2988; x_wconf 86' lang='lat' dir='ltr'><strong>ita</strong></span> <span class='ocrx_word' id='word_1_220' title='bbox 535 2944 593 2987; x_wconf 91' lang='lat' dir='ltr'><strong>et</strong></span> <span class='ocrx_word' id='word_1_221' title='bbox 629 2932 871 2987; x_wconf 87' lang='lat' dir='ltr'><strong>Christus</strong></span> <span class='ocrx_word' id='word_1_222' title='bbox 898 2931 1023 3000; x_wconf 90' lang='lat' dir='ltr'><strong>egit.</strong></span> <span class='ocrx_word' id='word_1_223' title='bbox 1053 2931 1220 2995; x_wconf 83' lang='lat' dir='ltr'><strong>Iratus</strong></span> <span class='ocrx_word' id='word_1_224' title='bbox 1259 2929 1516 2999; x_wconf 85' lang='lat' dir='ltr'><strong>siquidem</strong></span> <span class='ocrx_word' id='word_1_225' title='bbox 1563 2929 1717 2983; x_wconf 90' lang='lat' dir='ltr'><strong>nobis</strong></span> <span class='ocrx_word' id='word_1_226' title='bbox 1747 2938 1861 2983; x_wconf 89' lang='lat' dir='ltr'><strong>erat</strong></span> 
     </span>
    </p>
   </div>
   <div class='ocr_carea' id='block_1_31' title="bbox 276 3019 1858 3089">
    <p class='ocr_par' dir='ltr' id='par_1_31' title="bbox 276 3019 1858 3089">
     <span class='ocr_line' id='line_1_31' title="bbox 276 3019 1858 3089; baseline -0.003 -13"><span class='ocrx_word' id='word_1_227' title='bbox 276 3023 431 3087; x_wconf 86' lang='lat' dir='ltr'><strong>Deus,</strong></span> <span class='ocrx_word' id='word_1_228' title='bbox 455 3031 511 3076; x_wconf 86' lang='lat' dir='ltr'><strong>et</strong></span> <span class='ocrx_word' id='word_1_229' title='bbox 557 3036 657 3076; x_wconf 84' lang='lat' dir='ltr'><strong>nos</strong></span> <span class='ocrx_word' id='word_1_230' title='bbox 694 3021 859 3075; x_wconf 88' lang='lat' dir='ltr'><strong>Deum</strong></span> <span class='ocrx_word' id='word_1_231' title='bbox 896 3019 1330 3089; x_wconf 74' lang='lat' dir='ltr'><strong>benignissimum</strong></span> <span class='ocrx_word' id='word_1_232' title='bbox 1375 3019 1655 3072; x_wconf 89' lang='lat' dir='ltr'><strong>Dominum</strong></span> <span class='ocrx_word' id='word_1_233' title='bbox 1701 3033 1858 3072; x_wconf 84' lang='lat' dir='ltr'><strong>aver-</strong></span> 
     </span>
    </p>
   </div>
   <div class='ocr_carea' id='block_1_32' title="bbox 273 3108 1844 3180">
    <p class='ocr_par' dir='ltr' id='par_1_32' title="bbox 273 3108 1844 3180">
     <span class='ocr_line' id='line_1_32' title="bbox 273 3108 1844 3180; baseline -0.001 -16"><span class='ocrx_word' id='word_1_234' title='bbox 273 3111 520 3165; x_wconf 83' lang='lat' dir='ltr'><strong>sabamur</strong></span> <span class='ocrx_word' id='word_1_235' title='bbox 549 3126 565 3175; x_wconf 91' lang='lat'><strong>;</strong></span> <span class='ocrx_word' id='word_1_236' title='bbox 597 3111 829 3165; x_wconf 90' lang='lat' dir='ltr'><strong>medium</strong></span> <span class='ocrx_word' id='word_1_237' title='bbox 867 3110 1024 3180; x_wconf 86' lang='lat' dir='ltr'><strong>igitur</strong></span> <span class='ocrx_word' id='word_1_238' title='bbox 1075 3123 1134 3164; x_wconf 86' lang='lat' dir='ltr'><strong>se</strong></span> <span class='ocrx_word' id='word_1_239' title='bbox 1179 3108 1425 3164; x_wconf 87' lang='lat' dir='ltr'><strong>Christus</strong></span> <span class='ocrx_word' id='word_1_240' title='bbox 1481 3109 1844 3178; x_wconf 90' lang='lat' dir='ltr'><strong>interponens,</strong></span> 
     </span>
    </p>
   </div>
   <div class='ocr_carea' id='block_1_33' title="bbox 274 3189 1858 3271">
    <p class='ocr_par' dir='ltr' id='par_1_33' title="bbox 274 3189 1858 3271">
     <span class='ocr_line' id='line_1_33' title="bbox 274 3189 1858 3271; baseline 0.001 -17"><span class='ocrx_word' id='word_1_241' title='bbox 274 3189 549 3271; x_wconf 85' lang='lat' dir='ltr'><strong>utramque</strong></span> <span class='ocrx_word' id='word_1_242' title='bbox 597 3209 838 3256; x_wconf 88' lang='lat' dir='ltr'><strong>naturam</strong></span> <span class='ocrx_word' id='word_1_243' title='bbox 894 3201 1276 3256; x_wconf 80' lang='lat' dir='ltr'><strong>reconciliavit.</strong></span> <span class='ocrx_word' id='word_1_244' title='bbox 1316 3200 1421 3256; x_wconf 89' lang='lat' dir='ltr'><strong>Sed</strong></span> <span class='ocrx_word' id='word_1_245' title='bbox 1459 3217 1564 3268; x_wconf 90' lang='lat' dir='ltr'><strong>quo</strong></span> <span class='ocrx_word' id='word_1_246' title='bbox 1607 3211 1760 3270; x_wconf 90' lang='lat' dir='ltr'><strong>pacto</strong></span> <span class='ocrx_word' id='word_1_247' title='bbox 1799 3218 1858 3256; x_wconf 89' lang='lat' dir='ltr'><strong>se</strong></span> 
     </span>
    </p>
   </div>
   <div class='ocr_carea' id='block_1_34' title="bbox 274 3291 1857 3361">
    <p class='ocr_par' dir='ltr' id='par_1_34' title="bbox 274 3291 1857 3361">
     <span class='ocr_line' id='line_1_34' title="bbox 274 3291 1857 3361; baseline 0.001 -17"><span class='ocrx_word' id='word_1_248' title='bbox 274 3291 621 3346; x_wconf 82' lang='lat' dir='ltr'><strong>mediatorem</strong></span> <span class='ocrx_word' id='word_1_249' title='bbox 664 3291 975 3346; x_wconf 85' lang='lat' dir='ltr'><strong>constituit?</strong></span> <span class='ocrx_word' id='word_1_250' title='bbox 1003 3291 1221 3346; x_wconf 64' lang='lat' dir='ltr'><strong>Poenam</strong></span> <span class='ocrx_word' id='word_1_251' title='bbox 1257 3306 1376 3361; x_wconf 70' lang='lat' dir='ltr'><strong>quae</strong></span> <span class='ocrx_word' id='word_1_252' title='bbox 1425 3292 1577 3346; x_wconf 91' lang='lat' dir='ltr'><strong>nobis</strong></span> <span class='ocrx_word' id='word_1_253' title='bbox 1615 3307 1646 3346; x_wconf 89' lang='lat' dir='ltr'><strong>a</strong></span> <span class='ocrx_word' id='word_1_254' title='bbox 1701 3291 1857 3346; x_wconf 88' lang='lat' dir='ltr'><strong>Patre</strong></span> 
     </span>
    </p>
   </div>
   <div class='ocr_carea' id='block_1_35' title="bbox 277 3379 1856 3450">
    <p class='ocr_par' dir='ltr' id='par_1_35' title="bbox 277 3379 1856 3450">
     <span class='ocr_line' id='line_1_35' title="bbox 277 3379 1856 3450; baseline 0.002 -18"><span class='ocrx_word' id='word_1_255' title='bbox 277 3379 556 3450; x_wconf 86' lang='lat' dir='ltr'><strong>inﬂigenda</strong></span> <span class='ocrx_word' id='word_1_256' title='bbox 589 3389 726 3446; x_wconf 88' lang='lat' dir='ltr'><strong>erat,</strong></span> <span class='ocrx_word' id='word_1_257' title='bbox 753 3381 804 3433; x_wconf 91' lang='lat' dir='ltr'><strong>in</strong></span> <span class='ocrx_word' id='word_1_258' title='bbox 833 3395 892 3435; x_wconf 89' lang='lat' dir='ltr'><strong>se</strong></span> <span class='ocrx_word' id='word_1_259' title='bbox 927 3381 1178 3449; x_wconf 89' lang='lat' dir='ltr'><strong>suscepit,</strong></span> <span class='ocrx_word' id='word_1_260' title='bbox 1210 3379 1632 3450; x_wconf 89' lang='lat' dir='ltr'><strong>suppliciumque</strong></span> <span class='ocrx_word' id='word_1_261' title='bbox 1651 3382 1856 3435; x_wconf 69' lang='lat' dir='ltr'><strong>ctelitus</strong></span> 
     </span>
    </p>
   </div>
   <div class='ocr_carea' id='block_1_36' title="bbox 276 3470 1855 3527">
    <p class='ocr_par' dir='ltr' id='par_1_36' title="bbox 276 3470 1855 3527">
     <span class='ocr_line' id='line_1_36' title="bbox 276 3470 1855 3527; baseline 0.003 -5"><span class='ocrx_word' id='word_1_262' title='bbox 276 3470 566 3525; x_wconf 87' lang='lat' dir='ltr'><strong>immissum</strong></span> <span class='ocrx_word' id='word_1_263' title='bbox 592 3486 654 3525; x_wconf 92' lang='lat' dir='ltr'><strong>ac</strong></span> <span class='ocrx_word' id='word_1_264' title='bbox 672 3472 1018 3526; x_wconf 78' lang='lat' dir='ltr'><strong>contumelias</strong></span> <span class='ocrx_word' id='word_1_265' title='bbox 1046 3472 1098 3525; x_wconf 93' lang='lat' dir='ltr'><strong>in</strong></span> <span class='ocrx_word' id='word_1_266' title='bbox 1121 3472 1222 3526; x_wconf 85' lang='lat' dir='ltr'><strong>hoc</strong></span> <span class='ocrx_word' id='word_1_267' title='bbox 1245 3471 1440 3525; x_wconf 90' lang='lat' dir='ltr'><strong>mundo</strong></span> <span class='ocrx_word' id='word_1_268' title='bbox 1459 3473 1729 3527; x_wconf 90' lang='lat' dir='ltr'><strong>sustinuit.</strong></span> <span class='ocrx_word' id='word_1_269' title='bbox 1761 3472 1855 3526; x_wconf 86' lang='lat' dir='ltr'><strong>Vis</strong></span> 
     </span>
    </p>
   </div>
   <div class='ocr_carea' id='block_1_37' title="bbox 277 3559 1848 3631">
    <p class='ocr_par' dir='ltr' id='par_1_37' title="bbox 277 3559 1848 3631">
     <span class='ocr_line' id='line_1_37' title="bbox 277 3559 1848 3631; baseline 0.003 -20"><span class='ocrx_word' id='word_1_270' title='bbox 277 3573 426 3613; x_wconf 87' lang='lat' dir='ltr'><strong>nosse</strong></span> <span class='ocrx_word' id='word_1_271' title='bbox 444 3561 718 3629; x_wconf 88' lang='lat' dir='ltr'><strong>quomodo</strong></span> <span class='ocrx_word' id='word_1_272' title='bbox 749 3573 967 3629; x_wconf 85' lang='lat' dir='ltr'><strong>utraque</strong></span> <span class='ocrx_word' id='word_1_273' title='bbox 988 3561 1100 3629; x_wconf 88' lang='lat' dir='ltr'><strong>ipse</strong></span> <span class='ocrx_word' id='word_1_274' title='bbox 1125 3561 1457 3631; x_wconf 82' lang='lat' dir='ltr'><strong>susceperit?</strong></span> <span class='ocrx_word' id='word_1_275' title='bbox 1481 3559 1733 3626; x_wconf 72' lang='lat' dir='ltr'><strong>Christus,</strong></span> <span class='ocrx_word' id='word_1_276' title='bbox 1759 3564 1848 3616; x_wconf 89' lang='lat' dir='ltr'><strong>in-</strong></span> 
     </span>
    </p>
   </div>
   <div class='ocr_carea' id='block_1_38' title="bbox 276 3647 1855 3721">
    <p class='ocr_par' dir='ltr' id='par_1_38' title="bbox 276 3647 1855 3721">
     <span class='ocr_line' id='line_1_38' title="bbox 276 3647 1855 3721; baseline 0.003 -21"><span class='ocrx_word' id='word_1_277' title='bbox 276 3649 384 3716; x_wconf 88' lang='lat' dir='ltr'><strong>quit</strong></span> <span class='ocrx_word' id='word_1_278' title='bbox 410 3647 763 3718; x_wconf 78' lang='lat' dir='ltr'><strong>Apostolus,’</strong></span> <span class='ocrx_word' id='word_1_279' title='bbox 785 3665 877 3705; x_wconf 85' lang='lat' dir='ltr'><strong>nos</strong></span> <span class='ocrx_word' id='word_1_280' title='bbox 908 3650 1112 3704; x_wconf 75' lang='lat' dir='ltr'><strong>redemit</strong></span> <span class='ocrx_word' id='word_1_281' title='bbox 1136 3651 1200 3703; x_wconf 89' lang='lat' dir='ltr'><strong>de</strong></span> <span class='ocrx_word' id='word_1_282' title='bbox 1223 3652 1486 3704; x_wconf 84' lang='lat' dir='ltr'><strong>maledicto</strong></span> <span class='ocrx_word' id='word_1_283' title='bbox 1525 3652 1667 3721; x_wconf 86' lang='lat' dir='ltr'><strong>legis,</strong></span> <span class='ocrx_word' id='word_1_284' title='bbox 1692 3656 1855 3721; x_wconf 78' lang='lat' dir='ltr'><strong>factus</strong></span> 
     </span>
    </p>
   </div>
   <div class='ocr_carea' id='block_1_39' title="bbox 277 3741 1854 3814">
    <p class='ocr_par' dir='ltr' id='par_1_39' title="bbox 277 3741 1854 3814">
     <span class='ocr_line' id='line_1_39' title="bbox 277 3741 1854 3814; baseline 0.005 -24"><span class='ocrx_word' id='word_1_285' title='bbox 277 3756 364 3806; x_wconf 81' lang='lat' dir='ltr'><strong>pro</strong></span> <span class='ocrx_word' id='word_1_286' title='bbox 392 3742 534 3795; x_wconf 87' lang='lat' dir='ltr'><strong>nobis</strong></span> <span class='ocrx_word' id='word_1_287' title='bbox 575 3742 896 3795; x_wconf 80' lang='lat' dir='ltr'><strong>maledictum</strong></span> <span class='ocrx_word' id='word_1_288' title='bbox 930 3742 947 3812; x_wconf 96' lang='lat'>(</span> <span class='ocrx_word' id='word_1_289' title='bbox 964 3741 1084 3798; x_wconf 81' lang='lat' dir='ltr'><strong>Gal.</strong></span> <span class='ocrx_word' id='word_1_290' title='bbox 1113 3744 1166 3797; x_wconf 76' lang='lat'><strong>5.</strong></span> <span class='ocrx_word' id='word_1_291' title='bbox 1192 3744 1259 3796; x_wconf 73' lang='lat' dir='ltr'><strong>l3</strong></span> <span class='ocrx_word' id='word_1_292' title='bbox 1283 3744 1322 3812; x_wconf 93' lang='lat'><strong>).</strong></span> <span class='ocrx_word' id='word_1_293' title='bbox 1349 3743 1535 3798; x_wconf 82' lang='lat' dir='ltr'><strong>Vidisti</strong></span> <span class='ocrx_word' id='word_1_294' title='bbox 1563 3759 1669 3814; x_wconf 89' lang='lat' dir='ltr'><strong>quo</strong></span> <span class='ocrx_word' id='word_1_295' title='bbox 1698 3754 1854 3814; x_wconf 85' lang='lat' dir='ltr'><strong>pacto</strong></span> 
     </span>
    </p>
   </div>
   <div class='ocr_carea' id='block_1_40' title="bbox 280 3816 1852 3902">
    <p class='ocr_par' dir='ltr' id='par_1_40' title="bbox 280 3816 1852 3902">
     <span class='ocr_line' id='line_1_40' title="bbox 280 3816 1852 3902; baseline 0.004 -18"><span class='ocrx_word' id='word_1_296' title='bbox 280 3843 482 3896; x_wconf 71' lang='lat' dir='ltr'><strong>pmnam</strong></span> <span class='ocrx_word' id='word_1_297' title='bbox 528 3831 738 3884; x_wconf 69' lang='lat' dir='ltr'><strong>ca-litus</strong></span> <span class='ocrx_word' id='word_1_298' title='bbox 772 3816 930 3884; x_wconf 81' lang='lat' dir='ltr'><strong>latam</strong></span> <span class='ocrx_word' id='word_1_299' title='bbox 975 3833 1089 3900; x_wconf 89' lang='lat' dir='ltr'><strong>ipse</strong></span> <span class='ocrx_word' id='word_1_300' title='bbox 1138 3835 1472 3902; x_wconf 86' lang='lat' dir='ltr'><strong>susceperit?</strong></span> <span class='ocrx_word' id='word_1_301' title='bbox 1526 3836 1646 3890; x_wconf 88' lang='lat' dir='ltr'><strong>vide</strong></span> <span class='ocrx_word' id='word_1_302' title='bbox 1694 3837 1852 3891; x_wconf 88' lang='lat' dir='ltr'><strong>etiam</strong></span> 
     </span>
    </p>
   </div>
   <div class='ocr_carea' id='block_1_41' title="bbox 277 3921 1854 3996">
    <p class='ocr_par' dir='ltr' id='par_1_41' title="bbox 277 3921 1854 3996">
     <span class='ocr_line' id='line_1_41' title="bbox 277 3921 1854 3996; baseline 0.007 -24"><span class='ocrx_word' id='word_1_303' title='bbox 277 3921 535 3987; x_wconf 89' lang='lat' dir='ltr'><strong>quomodo</strong></span> <span class='ocrx_word' id='word_1_304' title='bbox 583 3923 864 3991; x_wconf 89' lang='lat' dir='ltr'><strong>opprobria</strong></span> <span class='ocrx_word' id='word_1_305' title='bbox 895 3924 946 3977; x_wconf 92' lang='lat' dir='ltr'><strong>in</strong></span> <span class='ocrx_word' id='word_1_306' title='bbox 987 3925 1143 3979; x_wconf 90' lang='lat' dir='ltr'><strong>terris</strong></span> <span class='ocrx_word' id='word_1_307' title='bbox 1184 3927 1488 3981; x_wconf 83' lang='lat' dir='ltr'><strong>sustinuerit</strong></span> <span class='ocrx_word' id='word_1_308' title='bbox 1518 3946 1531 3980; x_wconf 92' lang='lat'>:</span> <span class='ocrx_word' id='word_1_309' title='bbox 1567 3927 1854 3996; x_wconf 79' lang='lat' dir='ltr'><strong>Opprobria</strong></span> 
     </span>
    </p>
   </div>
   <div class='ocr_carea' id='block_1_42' title="bbox 277 4012 1851 4086">
    <p class='ocr_par' dir='ltr' id='par_1_42' title="bbox 277 4012 1851 4086">
     <span class='ocr_line' id='line_1_42' title="bbox 277 4012 1851 4086; baseline 0.006 -24"><span class='ocrx_word' id='word_1_310' title='bbox 277 4013 686 4078; x_wconf 69' lang='lat' dir='ltr'><strong>exprobrantium</strong></span> <span class='ocrx_word' id='word_1_311' title='bbox 706 4053 720 4075; x_wconf 92' lang='lat'><strong>,</strong></span> <span class='ocrx_word' id='word_1_312' title='bbox 751 4012 937 4080; x_wconf 84' lang='lat' dir='ltr'><strong>inquit,</strong></span> <span class='ocrx_word' id='word_1_313' title='bbox 965 4013 1071 4078; x_wconf 86' lang='lat' dir='ltr'><strong>tibi,</strong></span> <span class='ocrx_word' id='word_1_314' title='bbox 1093 4015 1373 4067; x_wconf 84' lang='lat' dir='ltr'><strong>ceciderunt</strong></span> <span class='ocrx_word' id='word_1_315' title='bbox 1398 4032 1550 4083; x_wconf 82' lang='lat' dir='ltr'><strong>super</strong></span> <span class='ocrx_word' id='word_1_316' title='bbox 1579 4033 1658 4070; x_wconf 90' lang='lat' dir='ltr'><strong>me</strong></span> <span class='ocrx_word' id='word_1_317' title='bbox 1679 4015 1851 4086; x_wconf 83' lang='lat' dir='ltr'><strong>(Psal.</strong></span> 
     </span>
    </p>
   </div>
   <div class='ocr_carea' id='block_1_43' title="bbox 279 4100 1850 4179">
    <p class='ocr_par' dir='ltr' id='par_1_43' title="bbox 279 4100 1850 4179">
     <span class='ocr_line' id='line_1_43' title="bbox 279 4100 1850 4179; baseline 0.008 -27"><span class='ocrx_word' id='word_1_318' title='bbox 279 4100 360 4153; x_wconf 88' lang='lat'><strong>68.</strong></span> <span class='ocrx_word' id='word_1_319' title='bbox 389 4102 513 4171; x_wconf 82' lang='lat' dir='ltr'><strong>l0).</strong></span> <span class='ocrx_word' id='word_1_320' title='bbox 538 4103 725 4156; x_wconf 87' lang='lat' dir='ltr'><strong>Cernis</strong></span> <span class='ocrx_word' id='word_1_321' title='bbox 754 4118 858 4172; x_wconf 92' lang='lat' dir='ltr'><strong>quo</strong></span> <span class='ocrx_word' id='word_1_322' title='bbox 877 4113 1028 4171; x_wconf 87' lang='lat' dir='ltr'><strong>pacto</strong></span> <span class='ocrx_word' id='word_1_323' title='bbox 1055 4105 1327 4160; x_wconf 90' lang='lat' dir='ltr'><strong>diremerit</strong></span> <span class='ocrx_word' id='word_1_324' title='bbox 1356 4107 1726 4162; x_wconf 86' lang='lat' dir='ltr'><strong>inimicitiam?</strong></span> <span class='ocrx_word' id='word_1_325' title='bbox 1747 4125 1850 4179; x_wconf 87' lang='lat' dir='ltr'><strong>quo</strong></span> 
     </span>
    </p>
   </div>
   <div class='ocr_carea' id='block_1_44' title="bbox 279 4192 1854 4269">
    <p class='ocr_par' dir='ltr' id='par_1_44' title="bbox 279 4192 1854 4269">
     <span class='ocr_line' id='line_1_44' title="bbox 279 4192 1854 4269; baseline 0.009 -29"><span class='ocrx_word' id='word_1_326' title='bbox 279 4202 423 4253; x_wconf 89' lang='lat' dir='ltr'><strong>pacto</strong></span> <span class='ocrx_word' id='word_1_327' title='bbox 452 4207 559 4244; x_wconf 90' lang='lat' dir='ltr'><strong>non</strong></span> <span class='ocrx_word' id='word_1_328' title='bbox 607 4202 728 4245; x_wconf 88' lang='lat' dir='ltr'><strong>ante</strong></span> <span class='ocrx_word' id='word_1_329' title='bbox 756 4192 1020 4248; x_wconf 90' lang='lat' dir='ltr'><strong>destiterit</strong></span> <span class='ocrx_word' id='word_1_330' title='bbox 1055 4195 1270 4263; x_wconf 89' lang='lat' dir='ltr'><strong>quidvis</strong></span> <span class='ocrx_word' id='word_1_331' title='bbox 1313 4211 1489 4264; x_wconf 85' lang='lat' dir='ltr'><strong>agere,</strong></span> <span class='ocrx_word' id='word_1_332' title='bbox 1539 4199 1646 4267; x_wconf 88' lang='lat' dir='ltr'><strong>pati</strong></span> <span class='ocrx_word' id='word_1_333' title='bbox 1696 4209 1854 4269; x_wconf 89' lang='lat' dir='ltr'><strong>atque</strong></span> 
     </span>
    </p>
   </div>
   <div class='ocr_carea' id='block_1_45' title="bbox 279 4278 1854 4348">
    <p class='ocr_par' dir='ltr' id='par_1_45' title="bbox 279 4278 1854 4348">
     <span class='ocr_line' id='line_1_45' title="bbox 279 4278 1854 4348; baseline 0.009 -18"><span class='ocrx_word' id='word_1_334' title='bbox 279 4279 464 4344; x_wconf 90' lang='lat' dir='ltr'><strong>moliri,</strong></span> <span class='ocrx_word' id='word_1_335' title='bbox 494 4295 654 4348; x_wconf 90' lang='lat' dir='ltr'><strong>quam</strong></span> <span class='ocrx_word' id='word_1_336' title='bbox 680 4282 883 4336; x_wconf 84' lang='lat' dir='ltr'><strong>hostem</strong></span> <span class='ocrx_word' id='word_1_337' title='bbox 913 4292 967 4337; x_wconf 90' lang='lat' dir='ltr'><strong>et</strong></span> <span class='ocrx_word' id='word_1_338' title='bbox 999 4284 1267 4338; x_wconf 90' lang='lat' dir='ltr'><strong>inimicum</strong></span> <span class='ocrx_word' id='word_1_339' title='bbox 1297 4300 1417 4340; x_wconf 91' lang='lat' dir='ltr'><strong>cum</strong></span> <span class='ocrx_word' id='word_1_340' title='bbox 1446 4278 1557 4341; x_wconf 87' lang='lat' dir='ltr'><strong>Deo</strong></span> <span class='ocrx_word' id='word_1_341' title='bbox 1584 4289 1854 4344; x_wconf 84' lang='lat' dir='ltr'><strong>reduxerit</strong></span> 
     </span>
    </p>
   </div>
   <div class='ocr_carea' id='block_1_46' title="bbox 281 4367 1852 4439">
    <p class='ocr_par' dir='ltr' id='par_1_46' title="bbox 281 4367 1852 4439">
     <span class='ocr_line' id='line_1_46' title="bbox 281 4367 1852 4439; baseline 0.01 -19"><span class='ocrx_word' id='word_1_342' title='bbox 281 4367 325 4421; x_wconf 88' lang='lat' dir='ltr'><strong>in</strong></span> <span class='ocrx_word' id='word_1_343' title='bbox 355 4372 601 4439; x_wconf 80' lang='lat' dir='ltr'><strong>gratiam.</strong></span> <span class='ocrx_word' id='word_1_344' title='bbox 633 4372 699 4425; x_wconf 86' lang='lat' dir='ltr'><strong>Et</strong></span> <span class='ocrx_word' id='word_1_345' title='bbox 740 4373 962 4427; x_wconf 87' lang='lat' dir='ltr'><strong>istorum</strong></span> <span class='ocrx_word' id='word_1_346' title='bbox 996 4384 1260 4430; x_wconf 86' lang='lat' dir='ltr'><strong>tantorum</strong></span> <span class='ocrx_word' id='word_1_347' title='bbox 1292 4377 1549 4433; x_wconf 91' lang='lat' dir='ltr'><strong>bonorum</strong></span> <span class='ocrx_word' id='word_1_348' title='bbox 1588 4395 1745 4436; x_wconf 84' lang='lat' dir='ltr'><strong>causa</strong></span> <span class='ocrx_word' id='word_1_349' title='bbox 1771 4391 1852 4436; x_wconf 87' lang='lat' dir='ltr'><strong>est</strong></span> 
     </span>
    </p>
   </div>
   <div class='ocr_carea' id='block_1_47' title="bbox 283 4455 1852 4536">
    <p class='ocr_par' dir='ltr' id='par_1_47' title="bbox 283 4455 1852 4536">
     <span class='ocr_line' id='line_1_47' title="bbox 283 4455 1852 4536; baseline 0.011 -26"><span class='ocrx_word' id='word_1_350' title='bbox 283 4455 523 4514; x_wconf 77' lang='lat' dir='ltr'><strong>hodierna</strong></span> <span class='ocrx_word' id='word_1_351' title='bbox 551 4461 668 4516; x_wconf 91' lang='lat' dir='ltr'><strong>dies</strong></span> <span class='ocrx_word' id='word_1_352' title='bbox 693 4481 706 4516; x_wconf 92' lang='lat'>:</span> <span class='ocrx_word' id='word_1_353' title='bbox 737 4463 1179 4532; x_wconf 86' lang='lat' dir='ltr'><strong>quemadmodum</strong></span> <span class='ocrx_word' id='word_1_354' title='bbox 1199 4468 1337 4520; x_wconf 91' lang='lat' dir='ltr'><strong>enim</strong></span> <span class='ocrx_word' id='word_1_355' title='bbox 1363 4469 1620 4536; x_wconf 89' lang='lat' dir='ltr'><strong>primitias</strong></span> <span class='ocrx_word' id='word_1_356' title='bbox 1647 4482 1852 4528; x_wconf 72' lang='lat' dir='ltr'><strong>natura:</strong></span> 
     </span>
    </p>
   </div>
   <div class='ocr_carea' id='block_1_48' title="bbox 282 4540 1853 4630">
    <p class='ocr_par' dir='ltr' id='par_1_48' title="bbox 282 4540 1853 4630">
     <span class='ocr_line' id='line_1_48' title="bbox 282 4540 1853 4630; baseline 0.008 -27"><span class='ocrx_word' id='word_1_357' title='bbox 282 4560 468 4606; x_wconf 61' lang='lat' dir='ltr'><strong>nostra;</strong></span> <span class='ocrx_word' id='word_1_358' title='bbox 508 4556 817 4623; x_wconf 71' lang='lat' dir='ltr'><strong>assumpsit,</strong></span> <span class='ocrx_word' id='word_1_359' title='bbox 852 4540 928 4608; x_wconf 88' lang='lat' dir='ltr'><strong>sic</strong></span> <span class='ocrx_word' id='word_1_360' title='bbox 973 4558 1202 4610; x_wconf 88' lang='lat' dir='ltr'><strong>restituit</strong></span> <span class='ocrx_word' id='word_1_361' title='bbox 1231 4558 1471 4612; x_wconf 91' lang='lat' dir='ltr'><strong>Domino.</strong></span> <span class='ocrx_word' id='word_1_362' title='bbox 1512 4560 1578 4614; x_wconf 88' lang='lat' dir='ltr'><strong>Et</strong></span> <span class='ocrx_word' id='word_1_363' title='bbox 1617 4562 1756 4630; x_wconf 92' lang='lat' dir='ltr'><strong>quod</strong></span> <span class='ocrx_word' id='word_1_364' title='bbox 1783 4562 1853 4616; x_wconf 88' lang='lat' dir='ltr'><strong>de</strong></span> 
     </span>
    </p>
   </div>
   <div class='ocr_carea' id='block_1_49' title="bbox 279 4644 1854 4721">
    <p class='ocr_par' dir='ltr' id='par_1_49' title="bbox 279 4644 1854 4721">
     <span class='ocr_line' id='line_1_49' title="bbox 279 4644 1854 4721; baseline 0.008 -27"><span class='ocrx_word' id='word_1_365' title='bbox 279 4644 469 4713; x_wconf 84' lang='lat' dir='ltr'><strong>campis</strong></span> <span class='ocrx_word' id='word_1_366' title='bbox 529 4644 719 4697; x_wconf 88' lang='lat' dir='ltr'><strong>accidit</strong></span> <span class='ocrx_word' id='word_1_367' title='bbox 763 4646 1026 4714; x_wconf 90' lang='lat' dir='ltr'><strong>spicarum</strong></span> <span class='ocrx_word' id='word_1_368' title='bbox 1071 4647 1274 4716; x_wconf 88' lang='lat' dir='ltr'><strong>plenis,</strong></span> <span class='ocrx_word' id='word_1_369' title='bbox 1304 4648 1391 4701; x_wconf 91' lang='lat' dir='ltr'><strong>ubi</strong></span> <span class='ocrx_word' id='word_1_370' title='bbox 1421 4649 1538 4716; x_wconf 90' lang='lat' dir='ltr'><strong>quis</strong></span> <span class='ocrx_word' id='word_1_371' title='bbox 1578 4665 1645 4705; x_wconf 79' lang='lat' dir='ltr'><strong>ex</strong></span> <span class='ocrx_word' id='word_1_372' title='bbox 1672 4655 1854 4721; x_wconf 84' lang='lat' dir='ltr'><strong>paucis</strong></span> 
     </span>
    </p>
   </div>
   <div class='ocr_carea' id='block_1_50' title="bbox 277 4735 1854 4812">
    <p class='ocr_par' dir='ltr' id='par_1_50' title="bbox 277 4735 1854 4812">
     <span class='ocr_line' id='line_1_50' title="bbox 277 4735 1854 4812; baseline 0.008 -27"><span class='ocrx_word' id='word_1_373' title='bbox 277 4735 426 4800; x_wconf 88' lang='lat' dir='ltr'><strong>spicis</strong></span> <span class='ocrx_word' id='word_1_374' title='bbox 442 4735 683 4790; x_wconf 88' lang='lat' dir='ltr'><strong>collectis</strong></span> <span class='ocrx_word' id='word_1_375' title='bbox 704 4751 925 4804; x_wconf 90' lang='lat' dir='ltr'><strong>parvum</strong></span> <span class='ocrx_word' id='word_1_376' title='bbox 954 4739 1276 4806; x_wconf 91' lang='lat' dir='ltr'><strong>manipulum</strong></span> <span class='ocrx_word' id='word_1_377' title='bbox 1294 4740 1598 4806; x_wconf 87' lang='lat' dir='ltr'><strong>conliciens,</strong></span> <span class='ocrx_word' id='word_1_378' title='bbox 1628 4757 1854 4812; x_wconf 90' lang='lat' dir='ltr'><strong>eumque</strong></span> 
     </span>
    </p>
   </div>
   <div class='ocr_carea' id='block_1_51' title="bbox 279 4823 1854 4896">
    <p class='ocr_par' dir='ltr' id='par_1_51' title="bbox 279 4823 1854 4896">
     <span class='ocr_line' id='line_1_51' title="bbox 279 4823 1854 4896; baseline 0.008 -19"><span class='ocrx_word' id='word_1_379' title='bbox 279 4823 380 4878; x_wconf 88' lang='lat' dir='ltr'><strong>Deo</strong></span> <span class='ocrx_word' id='word_1_380' title='bbox 393 4826 647 4892; x_wconf 82' lang='lat' dir='ltr'><strong>oll‘crens,</strong></span> <span class='ocrx_word' id='word_1_381' title='bbox 673 4828 932 4896; x_wconf 86' lang='lat' dir='ltr'><strong>paucitate</strong></span> <span class='ocrx_word' id='word_1_382' title='bbox 950 4830 1035 4882; x_wconf 89' lang='lat' dir='ltr'><strong>illa</strong></span> <span class='ocrx_word' id='word_1_383' title='bbox 1061 4830 1150 4883; x_wconf 92' lang='lat' dir='ltr'><strong>toti</strong></span> <span class='ocrx_word' id='word_1_384' title='bbox 1169 4845 1294 4883; x_wconf 85' lang='lat' dir='ltr'><strong>arvo</strong></span> <span class='ocrx_word' id='word_1_385' title='bbox 1311 4830 1570 4886; x_wconf 87' lang='lat' dir='ltr'><strong>benedicit</strong></span> <span class='ocrx_word' id='word_1_386' title='bbox 1591 4852 1603 4888; x_wconf 92' lang='lat'>:</span> <span class='ocrx_word' id='word_1_387' title='bbox 1621 4834 1689 4888; x_wconf 90' lang='lat' dir='ltr'><strong>ita</strong></span> <span class='ocrx_word' id='word_1_388' title='bbox 1705 4835 1854 4889; x_wconf 83' lang='lat' dir='ltr'><strong>Chri-</strong></span> 
     </span>
    </p>
   </div>
   <div class='ocr_carea' id='block_1_52' title="bbox 277 4916 1851 4992">
    <p class='ocr_par' dir='ltr' id='par_1_52' title="bbox 277 4916 1851 4992">
     <span class='ocr_line' id='line_1_52' title="bbox 277 4916 1851 4992; baseline 0.01 -25"><span class='ocrx_word' id='word_1_389' title='bbox 277 4925 384 4971; x_wconf 89' lang='lat' dir='ltr'><strong>stus</strong></span> <span class='ocrx_word' id='word_1_390' title='bbox 408 4916 554 4978; x_wconf 80' lang='lat' dir='ltr'><strong>fecit,</strong></span> <span class='ocrx_word' id='word_1_391' title='bbox 581 4918 669 4986; x_wconf 92' lang='lat' dir='ltr'><strong>qui</strong></span> <span class='ocrx_word' id='word_1_392' title='bbox 701 4933 794 4987; x_wconf 91' lang='lat' dir='ltr'><strong>per</strong></span> <span class='ocrx_word' id='word_1_393' title='bbox 819 4935 974 4972; x_wconf 90' lang='lat' dir='ltr'><strong>unam</strong></span> <span class='ocrx_word' id='word_1_394' title='bbox 998 4920 1139 4973; x_wconf 89' lang='lat' dir='ltr'><strong>illam</strong></span> <span class='ocrx_word' id='word_1_395' title='bbox 1166 4935 1377 4974; x_wconf 88' lang='lat' dir='ltr'><strong>carnem</strong></span> <span class='ocrx_word' id='word_1_396' title='bbox 1403 4931 1562 4991; x_wconf 89' lang='lat' dir='ltr'><strong>atque</strong></span> <span class='ocrx_word' id='word_1_397' title='bbox 1591 4926 1851 4992; x_wconf 90' lang='lat' dir='ltr'><strong>primitias</strong></span> 
     </span>
    </p>
   </div>
   <div class='ocr_carea' id='block_1_53' title="bbox 279 5009 1853 5077">
    <p class='ocr_par' dir='ltr' id='par_1_53' title="bbox 279 5009 1853 5077">
     <span class='ocr_line' id='line_1_53' title="bbox 279 5009 1853 5077; baseline 0.009 -20"><span class='ocrx_word' id='word_1_398' title='bbox 279 5014 434 5060; x_wconf 87' lang='lat' dir='ltr'><strong>totum</strong></span> <span class='ocrx_word' id='word_1_399' title='bbox 461 5021 634 5077; x_wconf 85' lang='lat' dir='ltr'><strong>genus</strong></span> <span class='ocrx_word' id='word_1_400' title='bbox 663 5019 902 5063; x_wconf 89' lang='lat' dir='ltr'><strong>nostrum</strong></span> <span class='ocrx_word' id='word_1_401' title='bbox 932 5009 1350 5068; x_wconf 82' lang='lat' dir='ltr'><strong>benedicendum</strong></span> <span class='ocrx_word' id='word_1_402' title='bbox 1372 5014 1595 5068; x_wconf 89' lang='lat' dir='ltr'><strong>curavit.</strong></span> <span class='ocrx_word' id='word_1_403' title='bbox 1617 5013 1730 5069; x_wconf 87' lang='lat' dir='ltr'><strong>Sed</strong></span> <span class='ocrx_word' id='word_1_404' title='bbox 1756 5032 1853 5071; x_wconf 89' lang='lat' dir='ltr'><strong>cur</strong></span> 
     </span>
    </p>
   </div>
   <div class='ocr_carea' id='block_1_54' title="bbox 281 5101 1855 5171">
    <p class='ocr_par' dir='ltr' id='par_1_54' title="bbox 281 5101 1855 5171">
     <span class='ocr_line' id='line_1_54' title="bbox 281 5101 1855 5171; baseline 0.007 -21"><span class='ocrx_word' id='word_1_405' title='bbox 281 5113 376 5152; x_wconf 86' lang='lat' dir='ltr'><strong>non</strong></span> <span class='ocrx_word' id='word_1_406' title='bbox 421 5108 588 5164; x_wconf 85' lang='lat' dir='ltr'><strong>totam</strong></span> <span class='ocrx_word' id='word_1_407' title='bbox 627 5110 870 5154; x_wconf 89' lang='lat' dir='ltr'><strong>naturam</strong></span> <span class='ocrx_word' id='word_1_408' title='bbox 895 5101 1122 5155; x_wconf 82' lang='lat' dir='ltr'><strong>obtulit?</strong></span> <span class='ocrx_word' id='word_1_409' title='bbox 1153 5101 1231 5156; x_wconf 89' lang='lat' dir='ltr'><strong>Eo</strong></span> <span class='ocrx_word' id='word_1_410' title='bbox 1261 5101 1402 5171; x_wconf 91' lang='lat' dir='ltr'><strong>quod</strong></span> <span class='ocrx_word' id='word_1_411' title='bbox 1432 5119 1536 5156; x_wconf 91' lang='lat' dir='ltr'><strong>non</strong></span> <span class='ocrx_word' id='word_1_412' title='bbox 1563 5105 1632 5158; x_wconf 90' lang='lat' dir='ltr'><strong>sit</strong></span> <span class='ocrx_word' id='word_1_413' title='bbox 1656 5105 1754 5161; x_wconf 87' lang='lat' dir='ltr'><strong>hoc</strong></span> <span class='ocrx_word' id='word_1_414' title='bbox 1776 5110 1855 5161; x_wconf 80' lang='lat' dir='ltr'><strong>ol-</strong></span> 
     </span>
    </p>
   </div>
   <div class='ocr_carea' id='block_1_55' title="bbox 282 5187 1851 5267">
    <p class='ocr_par' dir='ltr' id='par_1_55' title="bbox 282 5187 1851 5267">
     <span class='ocr_line' id='line_1_55' title="bbox 282 5187 1851 5267; baseline 0.009 -26"><span class='ocrx_word' id='word_1_415' title='bbox 282 5187 410 5246; x_wconf 83' lang='lat' dir='ltr'><strong>lerre</strong></span> <span class='ocrx_word' id='word_1_416' title='bbox 433 5192 693 5261; x_wconf 88' lang='lat' dir='ltr'><strong>primitias</strong></span> <span class='ocrx_word' id='word_1_417' title='bbox 711 5231 728 5255; x_wconf 88' lang='lat'><strong>,</strong></span> <span class='ocrx_word' id='word_1_418' title='bbox 759 5193 806 5246; x_wconf 90' lang='lat' dir='ltr'><strong>si</strong></span> <span class='ocrx_word' id='word_1_419' title='bbox 850 5201 1017 5247; x_wconf 89' lang='lat' dir='ltr'><strong>totum</strong></span> <span class='ocrx_word' id='word_1_420' title='bbox 1046 5194 1163 5262; x_wconf 91' lang='lat' dir='ltr'><strong>quis</strong></span> <span class='ocrx_word' id='word_1_421' title='bbox 1183 5189 1370 5249; x_wconf 72' lang='lat' dir='ltr'><strong>otl‘e&#39;rat</strong></span> <span class='ocrx_word' id='word_1_422' title='bbox 1395 5213 1408 5248; x_wconf 91' lang='lat'><strong>:</strong></span> <span class='ocrx_word' id='word_1_423' title='bbox 1438 5196 1530 5250; x_wconf 92' lang='lat' dir='ltr'><strong>sed</strong></span> <span class='ocrx_word' id='word_1_424' title='bbox 1560 5197 1604 5250; x_wconf 91' lang='lat' dir='ltr'><strong>si</strong></span> <span class='ocrx_word' id='word_1_425' title='bbox 1633 5214 1851 5267; x_wconf 83' lang='lat' dir='ltr'><strong>parvum</strong></span> 
     </span>
    </p>
   </div>
   <div class='ocr_carea' id='block_1_56' title="bbox 300 5303 1854 5412">
    <p class='ocr_par' dir='ltr' id='par_1_56' title="bbox 300 5303 1854 5412">
     <span class='ocr_line' id='line_1_56' title="bbox 300 5303 1854 5412; baseline 0.009 -63"><span class='ocrx_word' id='word_1_426' title='bbox 300 5304 455 5412; x_wconf 57' lang='lat' dir='ltr'><strong>ib‘u‘lta</strong></span> <span class='ocrx_word' id='word_1_427' title='bbox 481 5304 616 5366; x_wconf 75' lang='lat' dir='ltr'><strong>Regii</strong></span> <span class='ocrx_word' id='word_1_428' title='bbox 639 5303 816 5353; x_wconf 85' lang='lat' dir='ltr'><strong>melius</strong></span> <span class='ocrx_word' id='word_1_429' title='bbox 831 5317 974 5367; x_wconf 88' lang='lat' dir='ltr'><strong>quam</strong></span> <span class='ocrx_word' id='word_1_430' title='bbox 989 5305 1124 5364; x_wconf 78' lang='lat' dir='ltr'><strong>Bditi,</strong></span> <span class='ocrx_word' id='word_1_431' title='bbox 1147 5308 1230 5368; x_wconf 89' lang='lat' dir='ltr'><strong>qui</strong></span> <span class='ocrx_word' id='word_1_432' title='bbox 1254 5305 1454 5367; x_wconf 85' lang='lat' dir='ltr'><strong>habent,</strong></span> <span class='ocrx_word' id='word_1_433' title='bbox 1470 5305 1672 5370; x_wconf 77' lang='lat' dir='ltr'><strong>colloqui</strong></span> <span class='ocrx_word' id='word_1_434' title='bbox 1695 5311 1854 5362; x_wconf 82' lang='lat' dir='ltr'><strong>nolen-</strong></span> 
     </span>
    </p>
   </div>
   <div class='ocr_carea' id='block_1_57' title="bbox 339 5425 1852 5496">
    <p class='ocr_par' dir='ltr' id='par_1_57' title="bbox 339 5425 1852 5496">
     <span class='ocr_line' id='line_1_57' title="bbox 339 5425 1852 5496; baseline 0.009 -26"><span class='ocrx_word' id='word_1_435' title='bbox 339 5427 359 5456; x_wconf 73' lang='grc' dir='ltr'><strong><em>ι</em></strong></span> <span class='ocrx_word' id='word_1_436' title='bbox 390 5433 526 5496; x_wconf 79' lang='lat' dir='ltr'><strong>neg.,</strong></span> <span class='ocrx_word' id='word_1_437' title='bbox 552 5434 916 5496; x_wconf 69' lang='lat' dir='ltr'><strong>Pernam</strong></span> <span class='ocrx_word' id='word_1_438' title='bbox 955 5437 1044 5494; x_wconf 80' lang='lat' dir='ltr'><strong>pro</strong></span> <span class='ocrx_word' id='word_1_439' title='bbox 1065 5425 1196 5496; x_wconf 76' lang='lat' dir='ltr'><strong>nobis</strong></span> <span class='ocrx_word' id='word_1_440' title='bbox 1218 5427 1397 5478; x_wconf 87' lang='lat' dir='ltr'><strong>solvere</strong></span> <span class='ocrx_word' id='word_1_441' title='bbox 1417 5430 1655 5496; x_wconf 78' lang='lat' dir='ltr'><strong>oportebat</strong></span> <span class='ocrx_word' id='word_1_442' title='bbox 1690 5432 1852 5482; x_wconf 82' lang='lat' dir='ltr'><strong>Salva-</strong></span> 
     </span>
    </p>
   </div>
   <div class='ocr_carea' id='block_1_58' title="bbox 284 5487 1854 5551">
    <p class='ocr_par' dir='ltr' id='par_1_58' title="bbox 284 5487 1854 5551">
     <span class='ocr_line' id='line_1_58' title="bbox 284 5487 1854 5551; baseline 0.008 -17"><span class='ocrx_word' id='word_1_443' title='bbox 284 5487 492 5551; x_wconf 63' lang='lat' dir='ltr'><strong>toremjn</strong></span> <span class='ocrx_word' id='word_1_444' title='bbox 514 5501 564 5537; x_wconf 73' lang='lat' dir='ltr'><strong>se</strong></span> <span class='ocrx_word' id='word_1_445' title='bbox 580 5487 806 5551; x_wconf 78' lang='lat' dir='ltr'><strong>suscepit.</strong></span> <span class='ocrx_word' id='word_1_446' title='bbox 824 5487 1119 5548; x_wconf 83' lang='lat' dir='ltr'><strong>injuriasque</strong></span> <span class='ocrx_word' id='word_1_447' title='bbox 1142 5494 1189 5551; x_wconf 77' lang='lat' dir='ltr'><strong>et</strong></span> <span class='ocrx_word' id='word_1_448' title='bbox 1210 5490 1530 5550; x_wconf 83' lang='lat' dir='ltr'><strong>contumelias,</strong></span> <span class='ocrx_word' id='word_1_449' title='bbox 1546 5504 1749 5551; x_wconf 79' lang='lat' dir='ltr'><strong>quorum</strong></span> <span class='ocrx_word' id='word_1_450' title='bbox 1770 5508 1854 5546; x_wconf 89' lang='lat' dir='ltr'><strong>nos</strong></span> 
     </span>
    </p>
   </div>
   <div class='ocr_carea' id='block_1_59' title="bbox 283 5547 1852 5611">
    <p class='ocr_par' dir='ltr' id='par_1_59' title="bbox 283 5547 1852 5611">
     <span class='ocr_line' id='line_1_59' title="bbox 283 5547 1852 5611; baseline 0.008 -19"><span class='ocrx_word' id='word_1_451' title='bbox 283 5547 502 5611; x_wconf 63' lang='lat' dir='ltr'><strong>advenas</strong></span> <span class='ocrx_word' id='word_1_452' title='bbox 527 5556 682 5597; x_wconf 83' lang='lat' dir='ltr'><strong>Deum</strong></span> <span class='ocrx_word' id='word_1_453' title='bbox 713 5547 1126 5611; x_wconf 28' lang='lat' dir='ltr'><strong>feceramus‘reos,</strong></span> <span class='ocrx_word' id='word_1_454' title='bbox 1148 5548 1250 5611; x_wconf 85' lang='lat' dir='ltr'><strong>ipse</strong></span> <span class='ocrx_word' id='word_1_455' title='bbox 1271 5547 1524 5600; x_wconf 46' lang='lat' dir='ltr'><strong>sustinuit.</strong></span> <span class='ocrx_word' id='word_1_456' title='bbox 1556 5547 1634 5602; x_wconf 67' lang='lat' dir='ltr'><strong>t’is</strong></span> <span class='ocrx_word' id='word_1_457' title='bbox 1666 5553 1852 5606; x_wconf 78' lang='lat' dir='ltr'><strong>discere</strong></span> 
     </span>
    </p>
   </div>
   <div class='ocr_carea' id='block_1_60' title="bbox 285 5607 1852 5675">
    <p class='ocr_par' dir='ltr' id='par_1_60' title="bbox 285 5607 1852 5675">
     <span class='ocr_line' id='line_1_60' title="bbox 285 5607 1852 5675; baseline 0.011 -25"><span class='ocrx_word' id='word_1_458' title='bbox 285 5609 505 5675; x_wconf 59' lang='lat' dir='ltr'><strong>quomodo</strong></span> <span class='ocrx_word' id='word_1_459' title='bbox 525 5607 729 5675; x_wconf 66' lang='lat' dir='ltr'><strong>utraque</strong></span> <span class='ocrx_word' id='word_1_460' title='bbox 749 5607 1027 5675; x_wconf 63' lang='lat' dir='ltr'><strong>susceperit,</strong></span> <span class='ocrx_word' id='word_1_461' title='bbox 1056 5616 1107 5675; x_wconf 85' lang='lat' dir='ltr'><strong>et</strong></span> <span class='ocrx_word' id='word_1_462' title='bbox 1124 5607 1245 5660; x_wconf 73' lang='lat' dir='ltr'><strong>hanc</strong></span> <span class='ocrx_word' id='word_1_463' title='bbox 1268 5625 1474 5675; x_wconf 65' lang='lat' dir='ltr'><strong>prmum,</strong></span> <span class='ocrx_word' id='word_1_464' title='bbox 1499 5621 1544 5663; x_wconf 89' lang='lat' dir='ltr'><strong>et</strong></span> <span class='ocrx_word' id='word_1_465' title='bbox 1582 5613 1669 5664; x_wconf 84' lang='lat' dir='ltr'><strong>has</strong></span> <span class='ocrx_word' id='word_1_466' title='bbox 1688 5625 1852 5666; x_wconf 84' lang='lat' dir='ltr'><strong>contu-</strong></span> 
     </span>
    </p>
   </div>
   <div class='ocr_carea' id='block_1_61' title="bbox 285 5667 1307 5734">
    <p class='ocr_par' dir='ltr' id='par_1_61' title="bbox 285 5667 1307 5734">
     <span class='ocr_line' id='line_1_61' title="bbox 285 5667 1307 5734; baseline 0.006 -18"><span class='ocrx_word' id='word_1_467' title='bbox 285 5667 440 5719; x_wconf 76' lang='lat' dir='ltr'><strong>melias</strong></span> <span class='ocrx_word' id='word_1_468' title='bbox 455 5669 480 5719; x_wconf 79' lang='lat'><strong>?</strong></span> <span class='ocrx_word' id='word_1_469' title='bbox 493 5670 730 5732; x_wconf 60' lang='lat' dir='ltr'><strong>clu‘istus,</strong></span> <span class='ocrx_word' id='word_1_470' title='bbox 754 5667 906 5733; x_wconf 77' lang='lat' dir='ltr'><strong>inquit</strong></span> <span class='ocrx_word' id='word_1_471' title='bbox 929 5667 1184 5734; x_wconf 70' lang='lat' dir='ltr'><strong>apostolus,</strong></span> <span class='ocrx_word' id='word_1_472' title='bbox 1211 5667 1307 5724; x_wconf 82' lang='lat' dir='ltr'><strong>etc.</strong></span> 
     </span>
    </p>
   </div>
   <div class='ocr_carea' id='block_1_62' title="bbox 1119 5897 1131 5928">
    <p class='ocr_par' dir='ltr' id='par_1_62' title="bbox 1119 5897 1131 5928">
     <span class='ocr_line' id='line_1_62' title="bbox 1119 5897 1131 5928; baseline 0 0"><span class='ocrx_word' id='word_1_473' title='bbox 1119 5897 1131 5928; x_wconf 84' lang='lat' dir='ltr'><strong>I‘</strong></span> 
     </span>
    </p>
   </div>
   <div class='ocr_carea' id='block_1_63' title="bbox 1260 295 2566 356">
    <p class='ocr_par' dir='ltr' id='par_1_63' title="bbox 1260 295 2566 356">
     <span class='ocr_line' id='line_1_63' title="bbox 1260 295 2566 356; baseline -0.002 0"><span class='ocrx_word' id='word_1_474' title='bbox 1260 298 1326 356; x_wconf 81' lang='lat' dir='ltr'><strong>IN</strong></span> <span class='ocrx_word' id='word_1_475' title='bbox 1364 296 1831 356; x_wconf 71' lang='lat' dir='ltr'><strong>ASCENSIONEM</strong></span> <span class='ocrx_word' id='word_1_476' title='bbox 1870 296 1934 352; x_wconf 80' lang='grc' dir='ltr'><strong>Β.</strong></span> <span class='ocrx_word' id='word_1_477' title='bbox 1974 295 2038 353; x_wconf 78' lang='grc' dir='ltr'><strong>Ν.</strong></span> <span class='ocrx_word' id='word_1_478' title='bbox 2080 296 2244 354; x_wconf 82' lang='lat' dir='ltr'><strong>JESU</strong></span> <span class='ocrx_word' id='word_1_479' title='bbox 2275 296 2566 354; x_wconf 75' lang='lat' dir='ltr'><strong>CHRISTI.</strong></span> 
     </span>
    </p>
   </div>
   <div class='ocr_carea' id='block_1_64' title="bbox 3456 305 3562 366">
    <p class='ocr_par' dir='ltr' id='par_1_64' title="bbox 3456 305 3562 366">
     <span class='ocr_line' id='line_1_64' title="bbox 3456 305 3562 366; baseline 0.066 -8"><span class='ocrx_word' id='word_1_480' title='bbox 3456 305 3562 366; x_wconf 67' lang='grc'><strong>146</strong></span> 
     </span>
    </p>
   </div>
   <div class='ocr_carea' id='block_1_65' title="bbox 1983 409 3566 482">
    <p class='ocr_par' dir='ltr' id='par_1_65' title="bbox 1983 409 3566 482">
     <span class='ocr_line' id='line_1_65' title="bbox 1983 409 3566 482; baseline 0.004 -18"><span class='ocrx_word' id='word_1_481' title='bbox 1983 409 2182 480; x_wconf 84' lang='lat' dir='ltr'><strong>aliquid</strong></span> <span class='ocrx_word' id='word_1_482' title='bbox 2210 412 2328 480; x_wconf 91' lang='lat' dir='ltr'><strong>quis</strong></span> <span class='ocrx_word' id='word_1_483' title='bbox 2356 409 2606 476; x_wconf 77' lang='lat' dir='ltr'><strong>offerens,</strong></span> <span class='ocrx_word' id='word_1_484' title='bbox 2641 426 2734 480; x_wconf 84' lang='lat' dir='ltr'><strong>per</strong></span> <span class='ocrx_word' id='word_1_485' title='bbox 2760 427 2998 482; x_wconf 83' lang='lat' dir='ltr'><strong>parvum,</strong></span> <span class='ocrx_word' id='word_1_486' title='bbox 3035 423 3202 470; x_wconf 89' lang='lat' dir='ltr'><strong>totum</strong></span> <span class='ocrx_word' id='word_1_487' title='bbox 3243 417 3566 474; x_wconf 74' lang='lat' dir='ltr'><strong>benedicen-</strong></span> 
     </span>
    </p>
   </div>
   <div class='ocr_carea' id='block_1_66' title="bbox 1979 498 3560 575">
    <p class='ocr_par' dir='ltr' id='par_1_66' title="bbox 1979 498 3560 575">
     <span class='ocr_line' id='line_1_66' title="bbox 1979 498 3560 575; baseline 0.005 -22"><span class='ocrx_word' id='word_1_488' title='bbox 1979 498 2106 553; x_wconf 89' lang='lat' dir='ltr'><strong>dum</strong></span> <span class='ocrx_word' id='word_1_489' title='bbox 2134 508 2300 554; x_wconf 89' lang='lat' dir='ltr'><strong>curet.</strong></span> <span class='ocrx_word' id='word_1_490' title='bbox 2332 499 2488 569; x_wconf 80' lang='lat' dir='ltr'><strong>Atqui</strong></span> <span class='ocrx_word' id='word_1_491' title='bbox 2507 502 2549 555; x_wconf 88' lang='lat' dir='ltr'><strong>si</strong></span> <span class='ocrx_word' id='word_1_492' title='bbox 2580 501 2824 568; x_wconf 78' lang='lat' dir='ltr'><strong>primitiae</strong></span> <span class='ocrx_word' id='word_1_493' title='bbox 2849 543 2866 568; x_wconf 89' lang='lat'><strong>,</strong></span> <span class='ocrx_word' id='word_1_494' title='bbox 2893 503 3032 559; x_wconf 91' lang='lat' dir='ltr'><strong>dicet</strong></span> <span class='ocrx_word' id='word_1_495' title='bbox 3055 506 3338 575; x_wconf 85' lang='lat' dir='ltr'><strong>quispiam,</strong></span> <span class='ocrx_word' id='word_1_496' title='bbox 3358 516 3560 574; x_wconf 86' lang='lat' dir='ltr'><strong>essent,</strong></span> 
     </span>
    </p>
   </div>
   <div class='ocr_carea' id='block_1_67' title="bbox 1978 589 3555 665">
    <p class='ocr_par' dir='ltr' id='par_1_67' title="bbox 1978 589 3555 665">
     <span class='ocr_line' id='line_1_67' title="bbox 1978 589 3555 665; baseline 0.004 -23"><span class='ocrx_word' id='word_1_497' title='bbox 1978 589 2207 658; x_wconf 89' lang='lat' dir='ltr'><strong>primum</strong></span> <span class='ocrx_word' id='word_1_498' title='bbox 2234 591 2403 659; x_wconf 90' lang='lat' dir='ltr'><strong>ipsum</strong></span> <span class='ocrx_word' id='word_1_499' title='bbox 2427 589 2690 654; x_wconf 83' lang='lat' dir='ltr'><strong>hominem</strong></span> <span class='ocrx_word' id='word_1_500' title='bbox 2714 601 3045 660; x_wconf 73' lang='lat' dir='ltr'><strong>procreatum</strong></span> <span class='ocrx_word' id='word_1_501' title='bbox 3074 593 3250 648; x_wconf 77' lang='lat' dir='ltr'><strong>offerri</strong></span> <span class='ocrx_word' id='word_1_502' title='bbox 3276 597 3510 665; x_wconf 82' lang='lat' dir='ltr'><strong>oportuit</strong></span> <span class='ocrx_word' id='word_1_503' title='bbox 3540 613 3555 649; x_wconf 89' lang='lat'><strong>:</strong></span> 
     </span>
    </p>
   </div>
   <div class='ocr_carea' id='block_1_68' title="bbox 1977 679 3563 759">
    <p class='ocr_par' dir='ltr' id='par_1_68' title="bbox 1977 679 3563 759">
     <span class='ocr_line' id='line_1_68' title="bbox 1977 679 3563 759; baseline 0.007 -28"><span class='ocrx_word' id='word_1_504' title='bbox 1977 679 2223 750; x_wconf 65' lang='lat' dir='ltr'><strong>primitias</strong></span> <span class='ocrx_word' id='word_1_505' title='bbox 2267 681 2408 734; x_wconf 91' lang='lat' dir='ltr'><strong>enim</strong></span> <span class='ocrx_word' id='word_1_506' title='bbox 2455 688 2599 745; x_wconf 90' lang='lat' dir='ltr'><strong>sunt,</strong></span> <span class='ocrx_word' id='word_1_507' title='bbox 2631 696 2749 750; x_wconf 67' lang='lat' dir='ltr'><strong>qum</strong></span> <span class='ocrx_word' id='word_1_508' title='bbox 2778 683 3007 754; x_wconf 76' lang='lat' dir='ltr'><strong>primum</strong></span> <span class='ocrx_word' id='word_1_509' title='bbox 3051 686 3339 759; x_wconf 67' lang='lat' dir='ltr'><strong>tolluntur,</strong></span> <span class='ocrx_word' id='word_1_510' title='bbox 3370 696 3424 741; x_wconf 88' lang='lat' dir='ltr'><strong>et</strong></span> <span class='ocrx_word' id='word_1_511' title='bbox 3453 690 3563 756; x_wconf 83' lang='lat' dir='ltr'><strong>pri-</strong></span> 
     </span>
    </p>
   </div>
   <div class='ocr_carea' id='block_1_69' title="bbox 1978 768 3563 841">
    <p class='ocr_par' dir='ltr' id='par_1_69' title="bbox 1978 768 3563 841">
     <span class='ocr_line' id='line_1_69' title="bbox 1978 768 3563 841; baseline 0.006 -21"><span class='ocrx_word' id='word_1_512' title='bbox 1978 783 2122 821; x_wconf 86' lang='lat' dir='ltr'><strong>mum</strong></span> <span class='ocrx_word' id='word_1_513' title='bbox 2147 769 2464 837; x_wconf 78' lang='lat' dir='ltr'><strong>germinant.</strong></span> <span class='ocrx_word' id='word_1_514' title='bbox 2496 768 2611 824; x_wconf 85' lang='lat' dir='ltr'><strong>Non</strong></span> <span class='ocrx_word' id='word_1_515' title='bbox 2637 781 2761 825; x_wconf 89' lang='lat' dir='ltr'><strong>sunt</strong></span> <span class='ocrx_word' id='word_1_516' title='bbox 2804 774 3047 841; x_wconf 71' lang='lat' dir='ltr'><strong>primitiae</strong></span> <span class='ocrx_word' id='word_1_517' title='bbox 3070 775 3371 839; x_wconf 61' lang='lat' dir='ltr'><strong>censendus,</strong></span> <span class='ocrx_word' id='word_1_518' title='bbox 3394 779 3563 830; x_wconf 85' lang='lat' dir='ltr'><strong>caris-</strong></span> 
     </span>
    </p>
   </div>
   <div class='ocr_carea' id='block_1_70' title="bbox 1976 857 3562 927">
    <p class='ocr_par' dir='ltr' id='par_1_70' title="bbox 1976 857 3562 927">
     <span class='ocr_line' id='line_1_70' title="bbox 1976 857 3562 927; baseline 0.007 -17"><span class='ocrx_word' id='word_1_519' title='bbox 1976 857 2131 923; x_wconf 89' lang='lat' dir='ltr'><strong>sime,</strong></span> <span class='ocrx_word' id='word_1_520' title='bbox 2160 857 2204 912; x_wconf 88' lang='lat' dir='ltr'><strong>si</strong></span> <span class='ocrx_word' id='word_1_521' title='bbox 2232 858 2458 927; x_wconf 91' lang='lat' dir='ltr'><strong>primum</strong></span> <span class='ocrx_word' id='word_1_522' title='bbox 2508 858 2733 915; x_wconf 81' lang='lat' dir='ltr'><strong>fructum</strong></span> <span class='ocrx_word' id='word_1_523' title='bbox 2762 862 3111 918; x_wconf 90' lang='lat' dir='ltr'><strong>obtulerimus</strong></span> <span class='ocrx_word' id='word_1_524' title='bbox 3129 867 3320 920; x_wconf 81' lang='lat' dir='ltr'><strong>exilem</strong></span> <span class='ocrx_word' id='word_1_525' title='bbox 3342 877 3396 922; x_wconf 91' lang='lat' dir='ltr'><strong>et</strong></span> <span class='ocrx_word' id='word_1_526' title='bbox 3432 883 3562 922; x_wconf 76' lang='lat' dir='ltr'><strong>cva-</strong></span> 
     </span>
    </p>
   </div>
   <div class='ocr_carea' id='block_1_71' title="bbox 1977 949 3556 1024">
    <p class='ocr_par' dir='ltr' id='par_1_71' title="bbox 1977 949 3556 1024">
     <span class='ocr_line' id='line_1_71' title="bbox 1977 949 3556 1024; baseline 0.008 -25"><span class='ocrx_word' id='word_1_527' title='bbox 1977 955 2305 1014; x_wconf 90' lang='lat' dir='ltr'><strong>nescentem,</strong></span> <span class='ocrx_word' id='word_1_528' title='bbox 2323 949 2416 1003; x_wconf 89' lang='lat' dir='ltr'><strong>sed</strong></span> <span class='ocrx_word' id='word_1_529' title='bbox 2446 949 2490 1003; x_wconf 91' lang='lat' dir='ltr'><strong>si</strong></span> <span class='ocrx_word' id='word_1_530' title='bbox 2521 950 2740 1024; x_wconf 81' lang='lat' dir='ltr'><strong>probum</strong></span> <span class='ocrx_word' id='word_1_531' title='bbox 2761 962 2919 1022; x_wconf 89' lang='lat' dir='ltr'><strong>atque</strong></span> <span class='ocrx_word' id='word_1_532' title='bbox 2938 953 3228 1023; x_wconf 81' lang='lat' dir='ltr'><strong>perfectum</strong></span> <span class='ocrx_word' id='word_1_533' title='bbox 3251 956 3556 1012; x_wconf 70' lang='lat' dir='ltr'><strong>offeramus.</strong></span> 
     </span>
    </p>
   </div>
   <div class='ocr_carea' id='block_1_72' title="bbox 1974 1035 3556 1112">
    <p class='ocr_par' dir='ltr' id='par_1_72' title="bbox 1974 1035 3556 1112">
     <span class='ocr_line' id='line_1_72' title="bbox 1974 1035 3556 1112; baseline 0.008 -23"><span class='ocrx_word' id='word_1_534' title='bbox 1974 1035 2236 1102; x_wconf 84' lang='lat' dir='ltr'><strong>Quoniam</strong></span> <span class='ocrx_word' id='word_1_535' title='bbox 2281 1038 2451 1108; x_wconf 78' lang='lat' dir='ltr'><strong>igitur.</strong></span> <span class='ocrx_word' id='word_1_536' title='bbox 2481 1039 2682 1097; x_wconf 79' lang='lat' dir='ltr'><strong>fructus</strong></span> <span class='ocrx_word' id='word_1_537' title='bbox 2723 1042 2810 1096; x_wconf 92' lang='lat' dir='ltr'><strong>ille</strong></span> <span class='ocrx_word' id='word_1_538' title='bbox 2840 1052 3058 1112; x_wconf 88' lang='lat' dir='ltr'><strong>peccato</strong></span> <span class='ocrx_word' id='word_1_539' title='bbox 3108 1045 3368 1101; x_wconf 83' lang='lat' dir='ltr'><strong>obnoxius</strong></span> <span class='ocrx_word' id='word_1_540' title='bbox 3419 1061 3556 1108; x_wconf 84' lang='lat' dir='ltr'><strong>erat,</strong></span> 
     </span>
    </p>
   </div>
   <div class='ocr_carea' id='block_1_73' title="bbox 1977 1128 3558 1202">
    <p class='ocr_par' dir='ltr' id='par_1_73' title="bbox 1977 1128 3558 1202">
     <span class='ocr_line' id='line_1_73' title="bbox 1977 1128 3558 1202; baseline 0.008 -22"><span class='ocrx_word' id='word_1_541' title='bbox 1977 1128 2097 1182; x_wconf 91' lang='lat' dir='ltr'><strong>ideo</strong></span> <span class='ocrx_word' id='word_1_542' title='bbox 2124 1143 2227 1182; x_wconf 91' lang='lat' dir='ltr'><strong>non</strong></span> <span class='ocrx_word' id='word_1_543' title='bbox 2258 1139 2339 1184; x_wconf 81' lang='lat' dir='ltr'><strong>est</strong></span> <span class='ocrx_word' id='word_1_544' title='bbox 2358 1130 2588 1196; x_wconf 89' lang='lat' dir='ltr'><strong>oblatus,</strong></span> <span class='ocrx_word' id='word_1_545' title='bbox 2619 1134 2778 1187; x_wconf 85' lang='lat' dir='ltr'><strong>etiam</strong></span> <span class='ocrx_word' id='word_1_546' title='bbox 2807 1134 2851 1187; x_wconf 88' lang='lat' dir='ltr'><strong>si</strong></span> <span class='ocrx_word' id='word_1_547' title='bbox 2889 1137 3089 1202; x_wconf 88' lang='lat' dir='ltr'><strong>primus</strong></span> <span class='ocrx_word' id='word_1_548' title='bbox 3109 1146 3251 1190; x_wconf 87' lang='lat' dir='ltr'><strong>esset</strong></span> <span class='ocrx_word' id='word_1_549' title='bbox 3279 1153 3294 1201; x_wconf 93' lang='lat'><strong>;</strong></span> <span class='ocrx_word' id='word_1_550' title='bbox 3323 1147 3378 1191; x_wconf 89' lang='lat' dir='ltr'><strong>at</strong></span> <span class='ocrx_word' id='word_1_551' title='bbox 3413 1137 3499 1192; x_wconf 91' lang='lat' dir='ltr'><strong>hic</strong></span> <span class='ocrx_word' id='word_1_552' title='bbox 3527 1157 3558 1192; x_wconf 73' lang='grc' dir='ltr'><strong>ει</strong></span> 
     </span>
    </p>
   </div>
   <div class='ocr_carea' id='block_1_74' title="bbox 1975 1218 3554 1298">
    <p class='ocr_par' dir='ltr' id='par_1_74' title="bbox 1975 1218 3554 1298">
     <span class='ocr_line' id='line_1_74' title="bbox 1975 1218 3554 1298; baseline 0.01 -29"><span class='ocrx_word' id='word_1_553' title='bbox 1975 1227 2194 1285; x_wconf 87' lang='lat' dir='ltr'><strong>peccato</strong></span> <span class='ocrx_word' id='word_1_554' title='bbox 2223 1218 2359 1273; x_wconf 88' lang='lat' dir='ltr'><strong>liber</strong></span> <span class='ocrx_word' id='word_1_555' title='bbox 2385 1230 2538 1284; x_wconf 85' lang='lat' dir='ltr'><strong>erat;</strong></span> <span class='ocrx_word' id='word_1_556' title='bbox 2572 1221 2796 1292; x_wconf 90' lang='lat' dir='ltr'><strong>ideoque</strong></span> <span class='ocrx_word' id='word_1_557' title='bbox 2825 1223 3037 1278; x_wconf 90' lang='lat' dir='ltr'><strong>oblatus</strong></span> <span class='ocrx_word' id='word_1_558' title='bbox 3064 1236 3169 1291; x_wconf 90' lang='lat' dir='ltr'><strong>est,</strong></span> <span class='ocrx_word' id='word_1_559' title='bbox 3216 1226 3340 1282; x_wconf 89' lang='lat' dir='ltr'><strong>licet</strong></span> <span class='ocrx_word' id='word_1_560' title='bbox 3373 1240 3554 1298; x_wconf 86' lang='lat' dir='ltr'><strong>postc-</strong></span> 
     </span>
    </p>
   </div>
   <div class='ocr_carea' id='block_1_75' title="bbox 1973 1307 3127 1383">
    <p class='ocr_par' dir='ltr' id='par_1_75' title="bbox 1973 1307 3127 1383">
     <span class='ocr_line' id='line_1_75' title="bbox 1973 1307 3127 1383; baseline 0.007 -23"><span class='ocrx_word' id='word_1_561' title='bbox 1973 1307 2084 1360; x_wconf 87' lang='lat' dir='ltr'><strong>rius</strong></span> <span class='ocrx_word' id='word_1_562' title='bbox 2106 1308 2369 1362; x_wconf 79' lang='lat' dir='ltr'><strong>exstiterit</strong></span> <span class='ocrx_word' id='word_1_563' title='bbox 2392 1326 2406 1363; x_wconf 88' lang='lat'><strong>:</strong></span> <span class='ocrx_word' id='word_1_564' title='bbox 2430 1309 2512 1363; x_wconf 71' lang='lat' dir='ltr'><strong>ha:</strong></span> <span class='ocrx_word' id='word_1_565' title='bbox 2541 1313 2683 1365; x_wconf 91' lang='lat' dir='ltr'><strong>enim</strong></span> <span class='ocrx_word' id='word_1_566' title='bbox 2709 1321 2831 1366; x_wconf 89' lang='lat' dir='ltr'><strong>sunt</strong></span> <span class='ocrx_word' id='word_1_567' title='bbox 2859 1315 3127 1383; x_wconf 66' lang='lat' dir='ltr'><strong>primitiae.</strong></span> 
     </span>
    </p>
   </div>
   <div class='ocr_carea' id='block_1_76' title="bbox 2042 1396 3552 1474">
    <p class='ocr_par' dir='ltr' id='par_1_76' title="bbox 2042 1396 3552 1474">
     <span class='ocr_line' id='line_1_76' title="bbox 2042 1396 3552 1474; baseline 0.009 -24"><span class='ocrx_word' id='word_1_568' title='bbox 2042 1396 2094 1450; x_wconf 80' lang='grc'><strong>5.</strong></span> <span class='ocrx_word' id='word_1_569' title='bbox 2120 1396 2187 1452; x_wconf 88' lang='lat' dir='ltr'><strong>Et</strong></span> <span class='ocrx_word' id='word_1_570' title='bbox 2215 1407 2271 1451; x_wconf 91' lang='lat' dir='ltr'><strong>ut</strong></span> <span class='ocrx_word' id='word_1_571' title='bbox 2294 1399 2488 1460; x_wconf 84' lang='lat' dir='ltr'><strong>discas.</strong></span> <span class='ocrx_word' id='word_1_572' title='bbox 2520 1417 2624 1454; x_wconf 91' lang='lat' dir='ltr'><strong>non</strong></span> <span class='ocrx_word' id='word_1_573' title='bbox 2659 1403 2882 1470; x_wconf 89' lang='lat' dir='ltr'><strong>primum</strong></span> <span class='ocrx_word' id='word_1_574' title='bbox 2909 1412 3295 1474; x_wconf 70' lang='lat' dir='ltr'><strong>germinantem</strong></span> <span class='ocrx_word' id='word_1_575' title='bbox 3324 1409 3552 1464; x_wconf 79' lang='lat' dir='ltr'><strong>fructum</strong></span> 
     </span>
    </p>
   </div>
   <div class='ocr_carea' id='block_1_77' title="bbox 1971 1488 3548 1568">
    <p class='ocr_par' dir='ltr' id='par_1_77' title="bbox 1971 1488 3548 1568">
     <span class='ocr_line' id='line_1_77' title="bbox 1971 1488 3548 1568; baseline 0.007 -28"><span class='ocrx_word' id='word_1_576' title='bbox 1971 1488 2232 1556; x_wconf 86' lang='lat' dir='ltr'><strong>primitias</strong></span> <span class='ocrx_word' id='word_1_577' title='bbox 2257 1490 2381 1554; x_wconf 91' lang='lat' dir='ltr'><strong>dici,</strong></span> <span class='ocrx_word' id='word_1_578' title='bbox 2430 1491 2522 1545; x_wconf 90' lang='lat' dir='ltr'><strong>sed</strong></span> <span class='ocrx_word' id='word_1_579' title='bbox 2555 1493 2853 1560; x_wconf 85' lang='lat' dir='ltr'><strong>probatum,</strong></span> <span class='ocrx_word' id='word_1_580' title='bbox 2899 1511 3242 1563; x_wconf 89' lang='lat' dir='ltr'><strong>generosum,</strong></span> <span class='ocrx_word' id='word_1_581' title='bbox 3287 1508 3340 1553; x_wconf 91' lang='lat' dir='ltr'><strong>et</strong></span> <span class='ocrx_word' id='word_1_582' title='bbox 3364 1499 3452 1568; x_wconf 84' lang='lat' dir='ltr'><strong>qui</strong></span> <span class='ocrx_word' id='word_1_583' title='bbox 3483 1499 3548 1552; x_wconf 90' lang='lat' dir='ltr'><strong>ad</strong></span> 
     </span>
    </p>
   </div>
   <div class='ocr_carea' id='block_1_78' title="bbox 1970 1578 3554 1655">
    <p class='ocr_par' dir='ltr' id='par_1_78' title="bbox 1970 1578 3554 1655">
     <span class='ocr_line' id='line_1_78' title="bbox 1970 1578 3554 1655; baseline 0.009 -27"><span class='ocrx_word' id='word_1_584' title='bbox 1970 1578 2204 1644; x_wconf 83' lang='lat' dir='ltr'><strong>vigorem</strong></span> <span class='ocrx_word' id='word_1_585' title='bbox 2252 1587 2610 1648; x_wconf 86' lang='lat' dir='ltr'><strong>opportunum</strong></span> <span class='ocrx_word' id='word_1_586' title='bbox 2659 1582 3136 1654; x_wconf 79' lang='lat' dir='ltr'><strong>perfectionemque</strong></span> <span class='ocrx_word' id='word_1_587' title='bbox 3179 1587 3475 1655; x_wconf 84' lang='lat' dir='ltr'><strong>perveniat,</strong></span> <span class='ocrx_word' id='word_1_588' title='bbox 3523 1606 3554 1642; x_wconf 91' lang='lat' dir='ltr'><strong>e</strong></span> 
     </span>
    </p>
   </div>
   <div class='ocr_carea' id='block_1_79' title="bbox 1972 1664 3552 1747">
    <p class='ocr_par' dir='ltr' id='par_1_79' title="bbox 1972 1664 3552 1747">
     <span class='ocr_line' id='line_1_79' title="bbox 1972 1664 3552 1747; baseline 0.009 -29"><span class='ocrx_word' id='word_1_589' title='bbox 1972 1664 2260 1734; x_wconf 89' lang='lat' dir='ltr'><strong>Scriptnris</strong></span> <span class='ocrx_word' id='word_1_590' title='bbox 2310 1668 2399 1720; x_wconf 85' lang='lat' dir='ltr'><strong>tibi</strong></span> <span class='ocrx_word' id='word_1_591' title='bbox 2429 1668 2736 1738; x_wconf 85' lang='lat' dir='ltr'><strong>depromam</strong></span> <span class='ocrx_word' id='word_1_592' title='bbox 2769 1673 3127 1727; x_wconf 90' lang='lat' dir='ltr'><strong>testimonium</strong></span> <span class='ocrx_word' id='word_1_593' title='bbox 3164 1690 3178 1727; x_wconf 88' lang='lat'><strong>:</strong></span> <span class='ocrx_word' id='word_1_594' title='bbox 3212 1676 3272 1730; x_wconf 89' lang='lat' dir='ltr'><strong>Si</strong></span> <span class='ocrx_word' id='word_1_595' title='bbox 3298 1678 3552 1747; x_wconf 78' lang='lat' dir='ltr'><strong>ingressus</strong></span> 
     </span>
    </p>
   </div>
   <div class='ocr_carea' id='block_1_80' title="bbox 1971 1758 3553 1832">
    <p class='ocr_par' dir='ltr' id='par_1_80' title="bbox 1971 1758 3553 1832">
     <span class='ocr_line' id='line_1_80' title="bbox 1971 1758 3553 1832; baseline 0.008 -24"><span class='ocrx_word' id='word_1_596' title='bbox 1971 1758 2125 1827; x_wconf 79' lang='lat' dir='ltr'><strong>fueris</strong></span> <span class='ocrx_word' id='word_1_597' title='bbox 2144 1758 2201 1831; x_wconf 85' lang='lat' dir='ltr'><strong>in</strong></span> <span class='ocrx_word' id='word_1_598' title='bbox 2228 1767 2410 1810; x_wconf 88' lang='lat' dir='ltr'><strong>terram</strong></span> <span class='ocrx_word' id='word_1_599' title='bbox 2433 1760 2793 1826; x_wconf 74' lang='lat' dir='ltr'><strong>promissionis,</strong></span> <span class='ocrx_word' id='word_1_600' title='bbox 2817 1779 2965 1832; x_wconf 82' lang='lat' dir='ltr'><strong>quam</strong></span> <span class='ocrx_word' id='word_1_601' title='bbox 3000 1763 3244 1817; x_wconf 84' lang='lat' dir='ltr'><strong>Dominus</strong></span> <span class='ocrx_word' id='word_1_602' title='bbox 3272 1765 3409 1820; x_wconf 86' lang='lat' dir='ltr'><strong>Deus</strong></span> <span class='ocrx_word' id='word_1_603' title='bbox 3438 1777 3553 1820; x_wconf 84' lang='lat' dir='ltr'><strong>tuus</strong></span> 
     </span>
    </p>
   </div>
   <div class='ocr_carea' id='block_1_81' title="bbox 1970 1847 3551 1923">
    <p class='ocr_par' dir='ltr' id='par_1_81' title="bbox 1970 1847 3551 1923">
     <span class='ocr_line' id='line_1_81' title="bbox 1970 1847 3551 1923; baseline 0.008 -25"><span class='ocrx_word' id='word_1_604' title='bbox 1970 1847 2058 1899; x_wconf 83' lang='lat' dir='ltr'><strong>dat</strong></span> <span class='ocrx_word' id='word_1_605' title='bbox 2084 1849 2190 1912; x_wconf 89' lang='lat' dir='ltr'><strong>tibi,</strong></span> <span class='ocrx_word' id='word_1_606' title='bbox 2227 1848 2435 1919; x_wconf 78' lang='lat' dir='ltr'><strong>Moyses</strong></span> <span class='ocrx_word' id='word_1_607' title='bbox 2460 1849 2526 1903; x_wconf 90' lang='lat' dir='ltr'><strong>ad</strong></span> <span class='ocrx_word' id='word_1_608' title='bbox 2556 1851 2809 1920; x_wconf 90' lang='lat' dir='ltr'><strong>populum</strong></span> <span class='ocrx_word' id='word_1_609' title='bbox 2854 1853 2947 1918; x_wconf 71' lang='lat' dir='ltr'><strong>ait,</strong></span> <span class='ocrx_word' id='word_1_610' title='bbox 2987 1862 3035 1906; x_wconf 89' lang='lat' dir='ltr'><strong>et</strong></span> <span class='ocrx_word' id='word_1_611' title='bbox 3062 1854 3368 1923; x_wconf 84' lang='lat' dir='ltr'><strong>plantaveris</strong></span> <span class='ocrx_word' id='word_1_612' title='bbox 3401 1858 3454 1910; x_wconf 89' lang='lat' dir='ltr'><strong>in</strong></span> <span class='ocrx_word' id='word_1_613' title='bbox 3491 1874 3551 1910; x_wconf 84' lang='lat' dir='ltr'><strong>ea</strong></span> 
     </span>
    </p>
   </div>
   <div class='ocr_carea' id='block_1_82' title="bbox 1970 1939 3549 2013">
    <p class='ocr_par' dir='ltr' id='par_1_82' title="bbox 1970 1939 3549 2013">
     <span class='ocr_line' id='line_1_82' title="bbox 1970 1939 3549 2013; baseline 0.006 -24"><span class='ocrx_word' id='word_1_614' title='bbox 1970 1953 2116 1991; x_wconf 87' lang='lat' dir='ltr'><strong>omne</strong></span> <span class='ocrx_word' id='word_1_615' title='bbox 2156 1939 2348 2007; x_wconf 81' lang='lat' dir='ltr'><strong>lignum</strong></span> <span class='ocrx_word' id='word_1_616' title='bbox 2379 1939 2698 2010; x_wconf 80' lang='lat' dir='ltr'><strong>pomiferum,</strong></span> <span class='ocrx_word' id='word_1_617' title='bbox 2733 1942 2923 2011; x_wconf 80' lang='lat' dir='ltr'><strong>faciens</strong></span> <span class='ocrx_word' id='word_1_618' title='bbox 2967 1947 3189 2013; x_wconf 76' lang='lat' dir='ltr'><strong>fructum</strong></span> <span class='ocrx_word' id='word_1_619' title='bbox 3234 1945 3304 1998; x_wconf 87' lang='lat' dir='ltr'><strong>ad</strong></span> <span class='ocrx_word' id='word_1_620' title='bbox 3345 1962 3549 1999; x_wconf 57' lang='lat' dir='ltr'><strong>vesceno</strong></span> 
     </span>
    </p>
   </div>
   <div class='ocr_carea' id='block_1_83' title="bbox 1968 2029 3551 2106">
    <p class='ocr_par' dir='ltr' id='par_1_83' title="bbox 1968 2029 3551 2106">
     <span class='ocr_line' id='line_1_83' title="bbox 1968 2029 3551 2106; baseline 0.007 -26"><span class='ocrx_word' id='word_1_621' title='bbox 1968 2029 2109 2094; x_wconf 89' lang='lat' dir='ltr'><strong>dum,</strong></span> <span class='ocrx_word' id='word_1_622' title='bbox 2147 2030 2303 2082; x_wconf 84' lang='lat' dir='ltr'><strong>tribus</strong></span> <span class='ocrx_word' id='word_1_623' title='bbox 2329 2031 2477 2083; x_wconf 83' lang='lat' dir='ltr'><strong>annis</strong></span> <span class='ocrx_word' id='word_1_624' title='bbox 2511 2048 2612 2084; x_wconf 88' lang='lat' dir='ltr'><strong>non</strong></span> <span class='ocrx_word' id='word_1_625' title='bbox 2642 2032 2904 2086; x_wconf 85' lang='lat' dir='ltr'><strong>mundabis</strong></span> <span class='ocrx_word' id='word_1_626' title='bbox 2947 2037 3170 2104; x_wconf 81' lang='lat' dir='ltr'><strong>fructum</strong></span> <span class='ocrx_word' id='word_1_627' title='bbox 3197 2037 3305 2106; x_wconf 86' lang='lat' dir='ltr'><strong>ejus</strong></span> <span class='ocrx_word' id='word_1_628' title='bbox 3327 2051 3347 2091; x_wconf 89' lang='lat'><strong><em>:</em></strong></span> <span class='ocrx_word' id='word_1_629' title='bbox 3368 2049 3551 2106; x_wconf 84' lang='lat' dir='ltr'><strong>quarto</strong></span> 
     </span>
    </p>
   </div>
   <div class='ocr_carea' id='block_1_84' title="bbox 1966 2121 3547 2196">
    <p class='ocr_par' dir='ltr' id='par_1_84' title="bbox 1966 2121 3547 2196">
     <span class='ocr_line' id='line_1_84' title="bbox 1966 2121 3547 2196; baseline 0.008 -26"><span class='ocrx_word' id='word_1_630' title='bbox 1966 2129 2131 2172; x_wconf 87' lang='lat' dir='ltr'><strong>autem</strong></span> <span class='ocrx_word' id='word_1_631' title='bbox 2159 2135 2291 2172; x_wconf 87' lang='lat' dir='ltr'><strong>anno</strong></span> <span class='ocrx_word' id='word_1_632' title='bbox 2319 2122 2512 2190; x_wconf 83' lang='lat' dir='ltr'><strong>fructus</strong></span> <span class='ocrx_word' id='word_1_633' title='bbox 2530 2121 2640 2191; x_wconf 85' lang='lat' dir='ltr'><strong>ejus</strong></span> <span class='ocrx_word' id='word_1_634' title='bbox 2667 2132 2868 2177; x_wconf 86' lang='lat' dir='ltr'><strong>sanctus</strong></span> <span class='ocrx_word' id='word_1_635' title='bbox 2898 2125 2989 2177; x_wconf 85' lang='lat' dir='ltr'><strong>erit</strong></span> <span class='ocrx_word' id='word_1_636' title='bbox 3009 2123 3228 2178; x_wconf 74' lang='lat' dir='ltr'><strong>Domino</strong></span> <span class='ocrx_word' id='word_1_637' title='bbox 3252 2125 3434 2196; x_wconf 73' lang='lat' dir='ltr'><strong>(Leuit.</strong></span> <span class='ocrx_word' id='word_1_638' title='bbox 3459 2130 3547 2183; x_wconf 79' lang='lat' dir='ltr'><strong>l9.</strong></span> 
     </span>
    </p>
   </div>
   <div class='ocr_carea' id='block_1_85' title="bbox 1966 2202 3550 2284">
    <p class='ocr_par' dir='ltr' id='par_1_85' title="bbox 1966 2202 3550 2284">
     <span class='ocr_line' id='line_1_85' title="bbox 1966 2202 3550 2284; baseline 0.008 -26"><span class='ocrx_word' id='word_1_639' title='bbox 1966 2206 2055 2260; x_wconf 73' lang='grc'><strong>25.</strong></span> <span class='ocrx_word' id='word_1_640' title='bbox 2073 2205 2189 2274; x_wconf 74' lang='grc'><strong>24).</strong></span> <span class='ocrx_word' id='word_1_641' title='bbox 2222 2202 2440 2275; x_wconf 71' lang='grc' dir='ltr'><strong>Αιηυίἐὶ</strong></span> <span class='ocrx_word' id='word_1_642' title='bbox 2459 2219 2636 2262; x_wconf 87' lang='lat' dir='ltr'><strong>essent</strong></span> <span class='ocrx_word' id='word_1_643' title='bbox 2666 2213 2910 2279; x_wconf 70' lang='lat' dir='ltr'><strong>primitiae</strong></span> <span class='ocrx_word' id='word_1_644' title='bbox 2923 2213 3124 2281; x_wconf 91' lang='lat' dir='ltr'><strong>primus</strong></span> <span class='ocrx_word' id='word_1_645' title='bbox 3135 2215 3223 2283; x_wconf 93' lang='lat' dir='ltr'><strong>qui</strong></span> <span class='ocrx_word' id='word_1_646' title='bbox 3243 2217 3550 2284; x_wconf 89' lang='lat' dir='ltr'><strong>producitur</strong></span> 
     </span>
    </p>
   </div>
   <div class='ocr_carea' id='block_1_86' title="bbox 1966 2295 3550 2368">
    <p class='ocr_par' dir='ltr' id='par_1_86' title="bbox 1966 2295 3550 2368">
     <span class='ocr_line' id='line_1_86' title="bbox 1966 2295 3550 2368; baseline 0.005 -20"><span class='ocrx_word' id='word_1_647' title='bbox 1966 2295 2187 2360; x_wconf 83' lang='lat' dir='ltr'><strong>fructus,</strong></span> <span class='ocrx_word' id='word_1_648' title='bbox 2207 2313 2324 2351; x_wconf 87' lang='lat' dir='ltr'><strong>eum</strong></span> <span class='ocrx_word' id='word_1_649' title='bbox 2345 2299 2431 2368; x_wconf 92' lang='lat' dir='ltr'><strong>qui</strong></span> <span class='ocrx_word' id='word_1_650' title='bbox 2451 2300 2621 2367; x_wconf 90' lang='lat' dir='ltr'><strong>primo</strong></span> <span class='ocrx_word' id='word_1_651' title='bbox 2637 2315 2774 2354; x_wconf 90' lang='lat' dir='ltr'><strong>anno</strong></span> <span class='ocrx_word' id='word_1_652' title='bbox 2789 2304 3104 2358; x_wconf 89' lang='lat' dir='ltr'><strong>nascebatur</strong></span> <span class='ocrx_word' id='word_1_653' title='bbox 3118 2305 3296 2359; x_wconf 80' lang='lat' dir='ltr'><strong>ochrri</strong></span> <span class='ocrx_word' id='word_1_654' title='bbox 3327 2306 3550 2360; x_wconf 75' lang='lat' dir='ltr'><strong>Domino</strong></span> 
     </span>
    </p>
   </div>
   <div class='ocr_carea' id='block_1_87' title="bbox 1964 2389 3551 2457">
    <p class='ocr_par' dir='ltr' id='par_1_87' title="bbox 1964 2389 3551 2457">
     <span class='ocr_line' id='line_1_87' title="bbox 1964 2389 3551 2457; baseline 0.006 -16"><span class='ocrx_word' id='word_1_655' title='bbox 1964 2389 2262 2457; x_wconf 90' lang='lat' dir='ltr'><strong>oportebat.</strong></span> <span class='ocrx_word' id='word_1_656' title='bbox 2290 2389 2438 2444; x_wconf 85' lang='lat' dir='ltr'><strong>Nunc</strong></span> <span class='ocrx_word' id='word_1_657' title='bbox 2463 2405 2590 2445; x_wconf 90' lang='lat' dir='ltr'><strong>vero</strong></span> <span class='ocrx_word' id='word_1_658' title='bbox 2616 2392 2689 2453; x_wconf 85' lang='lat' dir='ltr'><strong>ait</strong></span> <span class='ocrx_word' id='word_1_659' title='bbox 2716 2410 2729 2447; x_wconf 86' lang='lat'><strong>:</strong></span> <span class='ocrx_word' id='word_1_660' title='bbox 2759 2391 2939 2446; x_wconf 84' lang='lat' dir='ltr'><strong>Tribus</strong></span> <span class='ocrx_word' id='word_1_661' title='bbox 2981 2396 3130 2448; x_wconf 84' lang='lat' dir='ltr'><strong>annis</strong></span> <span class='ocrx_word' id='word_1_662' title='bbox 3158 2412 3258 2448; x_wconf 88' lang='lat' dir='ltr'><strong>non</strong></span> <span class='ocrx_word' id='word_1_663' title='bbox 3285 2397 3551 2450; x_wconf 84' lang='lat' dir='ltr'><strong>mundabis</strong></span> 
     </span>
    </p>
   </div>
   <div class='ocr_carea' id='block_1_88' title="bbox 1965 2481 3547 2557">
    <p class='ocr_par' dir='ltr' id='par_1_88' title="bbox 1965 2481 3547 2557">
     <span class='ocr_line' id='line_1_88' title="bbox 1965 2481 3547 2557; baseline 0.008 -28"><span class='ocrx_word' id='word_1_664' title='bbox 1965 2481 2184 2548; x_wconf 80' lang='lat' dir='ltr'><strong>fructum</strong></span> <span class='ocrx_word' id='word_1_665' title='bbox 2226 2481 2336 2549; x_wconf 88' lang='lat' dir='ltr'><strong>ejus</strong></span> <span class='ocrx_word' id='word_1_666' title='bbox 2363 2481 2494 2535; x_wconf 88' lang='lat' dir='ltr'><strong>:sed</strong></span> <span class='ocrx_word' id='word_1_667' title='bbox 2536 2482 2800 2551; x_wconf 88' lang='lat' dir='ltr'><strong>relinques</strong></span> <span class='ocrx_word' id='word_1_668' title='bbox 2848 2484 3029 2550; x_wconf 89' lang='lat' dir='ltr'><strong>illum,</strong></span> <span class='ocrx_word' id='word_1_669' title='bbox 3083 2496 3360 2554; x_wconf 79' lang='lat' dir='ltr'><strong>prapterea</strong></span> <span class='ocrx_word' id='word_1_670' title='bbox 3406 2489 3547 2557; x_wconf 91' lang='lat' dir='ltr'><strong>quod</strong></span> 
     </span>
    </p>
   </div>
   <div class='ocr_carea' id='block_1_89' title="bbox 1963 2569 3547 2646">
    <p class='ocr_par' dir='ltr' id='par_1_89' title="bbox 1963 2569 3547 2646">
     <span class='ocr_line' id='line_1_89' title="bbox 1963 2569 3547 2646; baseline 0.006 -24"><span class='ocrx_word' id='word_1_671' title='bbox 1963 2569 2183 2622; x_wconf 87' lang='lat' dir='ltr'><strong>evanida</strong></span> <span class='ocrx_word' id='word_1_672' title='bbox 2209 2569 2383 2625; x_wconf 90' lang='lat' dir='ltr'><strong>adhuc</strong></span> <span class='ocrx_word' id='word_1_673' title='bbox 2409 2581 2463 2625; x_wconf 90' lang='lat' dir='ltr'><strong>et</strong></span> <span class='ocrx_word' id='word_1_674' title='bbox 2486 2571 2745 2626; x_wconf 89' lang='lat' dir='ltr'><strong>imbecilla</strong></span> <span class='ocrx_word' id='word_1_675' title='bbox 2775 2583 2857 2628; x_wconf 88' lang='lat' dir='ltr'><strong>est</strong></span> <span class='ocrx_word' id='word_1_676' title='bbox 2878 2575 3059 2640; x_wconf 90' lang='lat' dir='ltr'><strong>arbor,</strong></span> <span class='ocrx_word' id='word_1_677' title='bbox 3100 2585 3154 2629; x_wconf 92' lang='lat' dir='ltr'><strong>et</strong></span> <span class='ocrx_word' id='word_1_678' title='bbox 3177 2575 3379 2630; x_wconf 81' lang='lat' dir='ltr'><strong>fructus</strong></span> <span class='ocrx_word' id='word_1_679' title='bbox 3407 2593 3547 2646; x_wconf 67' lang='lat' dir='ltr'><strong>prae-</strong></span> 
     </span>
    </p>
   </div>
   <div class='ocr_carea' id='block_1_90' title="bbox 1963 2659 3548 2735">
    <p class='ocr_par' dir='ltr' id='par_1_90' title="bbox 1963 2659 3548 2735">
     <span class='ocr_line' id='line_1_90' title="bbox 1963 2659 3548 2735; baseline 0.006 -22"><span class='ocrx_word' id='word_1_680' title='bbox 1963 2673 2116 2713; x_wconf 89' lang='lat' dir='ltr'><strong>coces</strong></span> <span class='ocrx_word' id='word_1_681' title='bbox 2144 2667 2198 2712; x_wconf 90' lang='lat' dir='ltr'><strong>et</strong></span> <span class='ocrx_word' id='word_1_682' title='bbox 2226 2659 2512 2714; x_wconf 88' lang='lat' dir='ltr'><strong>immaturi.</strong></span> <span class='ocrx_word' id='word_1_683' title='bbox 2558 2662 2756 2728; x_wconf 84' lang='lat' dir='ltr'><strong>Quarto</strong></span> <span class='ocrx_word' id='word_1_684' title='bbox 2794 2673 2972 2718; x_wconf 91' lang='lat' dir='ltr'><strong>autem</strong></span> <span class='ocrx_word' id='word_1_685' title='bbox 3017 2680 3178 2732; x_wconf 89' lang='lat' dir='ltr'><strong>anno,</strong></span> <span class='ocrx_word' id='word_1_686' title='bbox 3213 2667 3398 2735; x_wconf 90' lang='lat' dir='ltr'><strong>inquit,</strong></span> <span class='ocrx_word' id='word_1_687' title='bbox 3431 2667 3548 2722; x_wconf 79' lang='lat' dir='ltr'><strong>fru-</strong></span> 
     </span>
    </p>
   </div>
   <div class='ocr_carea' id='block_1_91' title="bbox 1963 2747 3548 2817">
    <p class='ocr_par' dir='ltr' id='par_1_91' title="bbox 1963 2747 3548 2817">
     <span class='ocr_line' id='line_1_91' title="bbox 1963 2747 3548 2817; baseline 0.006 -17"><span class='ocrx_word' id='word_1_688' title='bbox 1963 2757 2078 2802; x_wconf 91' lang='lat' dir='ltr'><strong>ctus</strong></span> <span class='ocrx_word' id='word_1_689' title='bbox 2121 2747 2237 2817; x_wconf 87' lang='lat' dir='ltr'><strong>ejus</strong></span> <span class='ocrx_word' id='word_1_690' title='bbox 2280 2758 2494 2804; x_wconf 89' lang='lat' dir='ltr'><strong>sanctus</strong></span> <span class='ocrx_word' id='word_1_691' title='bbox 2539 2752 2640 2804; x_wconf 91' lang='lat' dir='ltr'><strong>erit</strong></span> <span class='ocrx_word' id='word_1_692' title='bbox 2683 2751 2926 2806; x_wconf 91' lang='lat' dir='ltr'><strong>Domino.</strong></span> <span class='ocrx_word' id='word_1_693' title='bbox 2967 2753 3035 2807; x_wconf 89' lang='lat' dir='ltr'><strong>Et</strong></span> <span class='ocrx_word' id='word_1_694' title='bbox 3059 2754 3110 2808; x_wconf 85' lang='lat' dir='ltr'><strong>in</strong></span> <span class='ocrx_word' id='word_1_695' title='bbox 3144 2755 3245 2809; x_wconf 88' lang='lat' dir='ltr'><strong>hoc</strong></span> <span class='ocrx_word' id='word_1_696' title='bbox 3269 2771 3431 2812; x_wconf 89' lang='lat' dir='ltr'><strong>cerne</strong></span> <span class='ocrx_word' id='word_1_697' title='bbox 3459 2773 3548 2811; x_wconf 83' lang='lat' dir='ltr'><strong>sa-</strong></span> 
     </span>
    </p>
   </div>
   <div class='ocr_carea' id='block_1_92' title="bbox 1963 2838 3548 2914">
    <p class='ocr_par' dir='ltr' id='par_1_92' title="bbox 1963 2838 3548 2914">
     <span class='ocr_line' id='line_1_92' title="bbox 1963 2838 3548 2914; baseline 0.009 -26"><span class='ocrx_word' id='word_1_698' title='bbox 1963 2838 2212 2906; x_wconf 89' lang='lat' dir='ltr'><strong>pientiam</strong></span> <span class='ocrx_word' id='word_1_699' title='bbox 2254 2839 2590 2906; x_wconf 81' lang='lat' dir='ltr'><strong>lcglslatoris,</strong></span> <span class='ocrx_word' id='word_1_700' title='bbox 2640 2843 2726 2910; x_wconf 93' lang='lat' dir='ltr'><strong>qui</strong></span> <span class='ocrx_word' id='word_1_701' title='bbox 2770 2843 2860 2896; x_wconf 90' lang='lat' dir='ltr'><strong>illo</strong></span> <span class='ocrx_word' id='word_1_702' title='bbox 2886 2845 3025 2898; x_wconf 88' lang='lat' dir='ltr'><strong>vesci</strong></span> <span class='ocrx_word' id='word_1_703' title='bbox 3053 2859 3159 2899; x_wconf 89' lang='lat' dir='ltr'><strong>non</strong></span> <span class='ocrx_word' id='word_1_704' title='bbox 3189 2847 3447 2914; x_wconf 90' lang='lat' dir='ltr'><strong>permisit,</strong></span> <span class='ocrx_word' id='word_1_705' title='bbox 3480 2865 3548 2902; x_wconf 85' lang='lat' dir='ltr'><strong>nc</strong></span> 
     </span>
    </p>
   </div>
   <div class='ocr_carea' id='block_1_93' title="bbox 1964 2928 3547 3007">
    <p class='ocr_par' dir='ltr' id='par_1_93' title="bbox 1964 2928 3547 3007">
     <span class='ocr_line' id='line_1_93' title="bbox 1964 2928 3547 3007; baseline 0.009 -30"><span class='ocrx_word' id='word_1_706' title='bbox 1964 2939 2087 2981; x_wconf 87' lang='lat' dir='ltr'><strong>ante</strong></span> <span class='ocrx_word' id='word_1_707' title='bbox 2115 2928 2278 2982; x_wconf 87' lang='lat' dir='ltr'><strong>Deum</strong></span> <span class='ocrx_word' id='word_1_708' title='bbox 2311 2931 2586 3000; x_wconf 88' lang='lat' dir='ltr'><strong>quisquam</strong></span> <span class='ocrx_word' id='word_1_709' title='bbox 2617 2931 2840 2986; x_wconf 80' lang='lat' dir='ltr'><strong>fructum</strong></span> <span class='ocrx_word' id='word_1_710' title='bbox 2868 2946 3133 2989; x_wconf 87' lang='lat' dir='ltr'><strong>sumeret:</strong></span> <span class='ocrx_word' id='word_1_711' title='bbox 3167 2952 3338 3007; x_wconf 90' lang='lat' dir='ltr'><strong>neque</strong></span> <span class='ocrx_word' id='word_1_712' title='bbox 3366 2938 3547 2992; x_wconf 79' lang='lat' dir='ltr'><strong>offerri</strong></span> 
     </span>
    </p>
   </div>
   <div class='ocr_carea' id='block_1_94' title="bbox 1961 3018 3549 3086">
    <p class='ocr_par' dir='ltr' id='par_1_94' title="bbox 1961 3018 3549 3086">
     <span class='ocr_line' id='line_1_94' title="bbox 1961 3018 3549 3086; baseline 0.008 -15"><span class='ocrx_word' id='word_1_713' title='bbox 1961 3018 2107 3071; x_wconf 91' lang='lat' dir='ltr'><strong>illum</strong></span> <span class='ocrx_word' id='word_1_714' title='bbox 2151 3019 2438 3086; x_wconf 81' lang='lat' dir='ltr'><strong>mandavit,</strong></span> <span class='ocrx_word' id='word_1_715' title='bbox 2489 3037 2556 3074; x_wconf 90' lang='lat' dir='ltr'><strong>ne</strong></span> <span class='ocrx_word' id='word_1_716' title='bbox 2594 3023 2791 3077; x_wconf 88' lang='lat' dir='ltr'><strong>crudus</strong></span> <span class='ocrx_word' id='word_1_717' title='bbox 2838 3035 2890 3079; x_wconf 89' lang='lat' dir='ltr'><strong>et</strong></span> <span class='ocrx_word' id='word_1_718' title='bbox 2929 3026 3246 3080; x_wconf 84' lang='lat' dir='ltr'><strong>immaturus</strong></span> <span class='ocrx_word' id='word_1_719' title='bbox 3296 3027 3549 3084; x_wconf 81' lang='lat' dir='ltr'><strong>offeratur</strong></span> 
     </span>
    </p>
   </div>
   <div class='ocr_carea' id='block_1_95' title="bbox 1963 3105 3548 3185">
    <p class='ocr_par' dir='ltr' id='par_1_95' title="bbox 1963 3105 3548 3185">
     <span class='ocr_line' id='line_1_95' title="bbox 1963 3105 3548 3185; baseline 0.01 -27"><span class='ocrx_word' id='word_1_720' title='bbox 1963 3105 2206 3161; x_wconf 88' lang='lat' dir='ltr'><strong>Domino.</strong></span> <span class='ocrx_word' id='word_1_721' title='bbox 2257 3109 2363 3162; x_wconf 85' lang='lat' dir='ltr'><strong>Sed</strong></span> <span class='ocrx_word' id='word_1_722' title='bbox 2411 3110 2638 3177; x_wconf 89' lang='lat' dir='ltr'><strong>dimitte,</strong></span> <span class='ocrx_word' id='word_1_723' title='bbox 2681 3112 2865 3182; x_wconf 89' lang='lat' dir='ltr'><strong>inquit,</strong></span> <span class='ocrx_word' id='word_1_724' title='bbox 2911 3116 3032 3184; x_wconf 90' lang='lat' dir='ltr'><strong>quia</strong></span> <span class='ocrx_word' id='word_1_725' title='bbox 3076 3117 3280 3185; x_wconf 86' lang='lat' dir='ltr'><strong>primus</strong></span> <span class='ocrx_word' id='word_1_726' title='bbox 3327 3126 3447 3173; x_wconf 87' lang='lat' dir='ltr'><strong>est:</strong></span> <span class='ocrx_word' id='word_1_727' title='bbox 3478 3136 3548 3174; x_wconf 89' lang='lat' dir='ltr'><strong>ne</strong></span> 
     </span>
    </p>
   </div>
   <div class='ocr_carea' id='block_1_96' title="bbox 1961 3197 3548 3279">
    <p class='ocr_par' dir='ltr' id='par_1_96' title="bbox 1961 3197 3548 3279">
     <span class='ocr_line' id='line_1_96' title="bbox 1961 3197 3548 3279; baseline 0.01 -30"><span class='ocrx_word' id='word_1_728' title='bbox 1961 3197 2152 3252; x_wconf 88' lang='lat' dir='ltr'><strong>oll&#39;eras</strong></span> <span class='ocrx_word' id='word_1_729' title='bbox 2176 3208 2372 3266; x_wconf 90' lang='lat' dir='ltr'><strong>autem,</strong></span> <span class='ocrx_word' id='word_1_730' title='bbox 2401 3201 2648 3269; x_wconf 90' lang='lat' dir='ltr'><strong>quoniam</strong></span> <span class='ocrx_word' id='word_1_731' title='bbox 2670 3203 2916 3273; x_wconf 88' lang='lat' dir='ltr'><strong>indignus</strong></span> <span class='ocrx_word' id='word_1_732' title='bbox 2933 3216 3014 3259; x_wconf 89' lang='lat' dir='ltr'><strong>est</strong></span> <span class='ocrx_word' id='word_1_733' title='bbox 3040 3206 3243 3263; x_wconf 88' lang='lat' dir='ltr'><strong>honore</strong></span> <span class='ocrx_word' id='word_1_734' title='bbox 3269 3220 3548 3279; x_wconf 86' lang='lat' dir='ltr'><strong>acceptan-</strong></span> 
     </span>
    </p>
   </div>
   <div class='ocr_carea' id='block_1_97' title="bbox 1967 3289 3544 3368">
    <p class='ocr_par' dir='ltr' id='par_1_97' title="bbox 1967 3289 3544 3368">
     <span class='ocr_line' id='line_1_97' title="bbox 1967 3289 3544 3368; baseline 0.01 -27"><span class='ocrx_word' id='word_1_735' title='bbox 1967 3290 2056 3342; x_wconf 90' lang='lat' dir='ltr'><strong>tis.</strong></span> <span class='ocrx_word' id='word_1_736' title='bbox 2088 3289 2247 3343; x_wconf 83' lang='lat' dir='ltr'><strong>Vides</strong></span> <span class='ocrx_word' id='word_1_737' title='bbox 2276 3306 2402 3360; x_wconf 89' lang='lat' dir='ltr'><strong>ergo</strong></span> <span class='ocrx_word' id='word_1_738' title='bbox 2429 3307 2532 3346; x_wconf 92' lang='lat' dir='ltr'><strong>non</strong></span> <span class='ocrx_word' id='word_1_739' title='bbox 2563 3294 2790 3361; x_wconf 85' lang='lat' dir='ltr'><strong>primum</strong></span> <span class='ocrx_word' id='word_1_740' title='bbox 2825 3295 3071 3363; x_wconf 80' lang='lat' dir='ltr'><strong>fructum,</strong></span> <span class='ocrx_word' id='word_1_741' title='bbox 3100 3299 3188 3368; x_wconf 90' lang='lat' dir='ltr'><strong>qui</strong></span> <span class='ocrx_word' id='word_1_742' title='bbox 3219 3301 3544 3368; x_wconf 90' lang='lat' dir='ltr'><strong>producitur,</strong></span> 
     </span>
    </p>
   </div>
   <div class='ocr_carea' id='block_1_98' title="bbox 1959 3377 3545 3462">
    <p class='ocr_par' dir='ltr' id='par_1_98' title="bbox 1959 3377 3545 3462">
     <span class='ocr_line' id='line_1_98' title="bbox 1959 3377 3545 3462; baseline 0.011 -33"><span class='ocrx_word' id='word_1_743' title='bbox 1959 3377 2053 3431; x_wconf 83' lang='lat' dir='ltr'><strong>sed</strong></span> <span class='ocrx_word' id='word_1_744' title='bbox 2083 3378 2278 3433; x_wconf 92' lang='lat' dir='ltr'><strong>bonum</strong></span> <span class='ocrx_word' id='word_1_745' title='bbox 2324 3389 2483 3451; x_wconf 89' lang='lat' dir='ltr'><strong>atque</strong></span> <span class='ocrx_word' id='word_1_746' title='bbox 2527 3384 2804 3453; x_wconf 88' lang='lat' dir='ltr'><strong>probatum</strong></span> <span class='ocrx_word' id='word_1_747' title='bbox 2851 3388 3106 3454; x_wconf 89' lang='lat' dir='ltr'><strong>primitias</strong></span> <span class='ocrx_word' id='word_1_748' title='bbox 3130 3390 3256 3445; x_wconf 91' lang='lat' dir='ltr'><strong>dici.</strong></span> <span class='ocrx_word' id='word_1_749' title='bbox 3285 3390 3352 3462; x_wconf 81' lang='lat' dir='ltr'><strong>Et</strong></span> <span class='ocrx_word' id='word_1_750' title='bbox 3381 3394 3492 3446; x_wconf 67' lang='lat' dir='ltr'><strong>haec</strong></span> <span class='ocrx_word' id='word_1_751' title='bbox 3516 3410 3545 3445; x_wconf 91' lang='lat' dir='ltr'><strong>a</strong></span> 
     </span>
    </p>
   </div>
   <div class='ocr_carea' id='block_1_99' title="bbox 1960 3469 3547 3547">
    <p class='ocr_par' dir='ltr' id='par_1_99' title="bbox 1960 3469 3547 3547">
     <span class='ocr_line' id='line_1_99' title="bbox 1960 3469 3547 3547; baseline 0.009 -26"><span class='ocrx_word' id='word_1_752' title='bbox 1960 3469 2113 3523; x_wconf 89' lang='lat' dir='ltr'><strong>nobis</strong></span> <span class='ocrx_word' id='word_1_753' title='bbox 2131 3479 2346 3540; x_wconf 90' lang='lat' dir='ltr'><strong>propter</strong></span> <span class='ocrx_word' id='word_1_754' title='bbox 2370 3489 2605 3540; x_wconf 89' lang='lat' dir='ltr'><strong>carnem,</strong></span> <span class='ocrx_word' id='word_1_755' title='bbox 2633 3492 2791 3547; x_wconf 90' lang='lat' dir='ltr'><strong>quam</strong></span> <span class='ocrx_word' id='word_1_756' title='bbox 2817 3479 3025 3544; x_wconf 89' lang='lat' dir='ltr'><strong>obtulit,</strong></span> <span class='ocrx_word' id='word_1_757' title='bbox 3053 3481 3191 3535; x_wconf 90' lang='lat' dir='ltr'><strong>dicta</strong></span> <span class='ocrx_word' id='word_1_758' title='bbox 3219 3492 3360 3537; x_wconf 89' lang='lat' dir='ltr'><strong>sunt.</strong></span> <span class='ocrx_word' id='word_1_759' title='bbox 3384 3482 3547 3538; x_wconf 80' lang='lat' dir='ltr'><strong>Obtu-</strong></span> 
     </span>
    </p>
   </div>
   <div class='ocr_carea' id='block_1_100' title="bbox 1959 3559 3621 3643">
    <p class='ocr_par' dir='ltr' id='par_1_100' title="bbox 1959 3559 3621 3643">
     <span class='ocr_line' id='line_1_100' title="bbox 1959 3559 3621 3643; baseline 0.01 -31"><span class='ocrx_word' id='word_1_760' title='bbox 1959 3559 2170 3629; x_wconf 87' lang='lat' dir='ltr'><strong>litergo</strong></span> <span class='ocrx_word' id='word_1_761' title='bbox 2199 3563 2274 3632; x_wconf 85' lang='grc' dir='ltr'><strong>(α)</strong></span> <span class='ocrx_word' id='word_1_762' title='bbox 2301 3564 2559 3633; x_wconf 87' lang='lat' dir='ltr'><strong>primitias</strong></span> <span class='ocrx_word' id='word_1_763' title='bbox 2606 3580 2802 3623; x_wconf 78' lang='lat' dir='ltr'><strong>nostrae</strong></span> <span class='ocrx_word' id='word_1_764' title='bbox 2849 3580 3050 3625; x_wconf 59' lang='lat' dir='ltr'><strong>natura:</strong></span> <span class='ocrx_word' id='word_1_765' title='bbox 3097 3572 3258 3637; x_wconf 89' lang='lat' dir='ltr'><strong>Patri,</strong></span> <span class='ocrx_word' id='word_1_766' title='bbox 3291 3583 3449 3643; x_wconf 83' lang='lat' dir='ltr'><strong>atque</strong></span> <span class='ocrx_word' id='word_1_767' title='bbox 3476 3574 3547 3628; x_wconf 86' lang='lat' dir='ltr'><strong>ita</strong></span> <span class='ocrx_word' id='word_1_768' title='bbox 3619 3590 3621 3592; x_wconf 70' lang='lat'><strong><em>‘</em></strong></span> 
     </span>
    </p>
   </div>
   <div class='ocr_carea' id='block_1_101' title="bbox 1958 3651 3544 3734">
    <p class='ocr_par' dir='ltr' id='par_1_101' title="bbox 1958 3651 3544 3734">
     <span class='ocr_line' id='line_1_101' title="bbox 1958 3651 3544 3734; baseline 0.009 -29"><span class='ocrx_word' id='word_1_769' title='bbox 1958 3651 2156 3706; x_wconf 89' lang='lat' dir='ltr'><strong>donum</strong></span> <span class='ocrx_word' id='word_1_770' title='bbox 2183 3654 2419 3709; x_wconf 91' lang='lat' dir='ltr'><strong>oblatum</strong></span> <span class='ocrx_word' id='word_1_771' title='bbox 2449 3656 2739 3715; x_wconf 89' lang='lat' dir='ltr'><strong>admiratus</strong></span> <span class='ocrx_word' id='word_1_772' title='bbox 2765 3670 2846 3716; x_wconf 91' lang='lat' dir='ltr'><strong>est</strong></span> <span class='ocrx_word' id='word_1_773' title='bbox 2871 3662 3047 3726; x_wconf 89' lang='lat' dir='ltr'><strong>Pater,</strong></span> <span class='ocrx_word' id='word_1_774' title='bbox 3072 3674 3284 3732; x_wconf 89' lang='lat' dir='ltr'><strong>propter</strong></span> <span class='ocrx_word' id='word_1_775' title='bbox 3314 3665 3544 3734; x_wconf 87' lang='lat' dir='ltr'><strong>dignita-</strong></span> 
     </span>
    </p>
   </div>
   <div class='ocr_carea' id='block_1_102' title="bbox 1959 3742 3546 3826">
    <p class='ocr_par' dir='ltr' id='par_1_102' title="bbox 1959 3742 3546 3826">
     <span class='ocr_line' id='line_1_102' title="bbox 1959 3742 3546 3826; baseline 0.009 -32"><span class='ocrx_word' id='word_1_776' title='bbox 1959 3750 2063 3795; x_wconf 89' lang='lat' dir='ltr'><strong>tem</strong></span> <span class='ocrx_word' id='word_1_777' title='bbox 2094 3742 2362 3799; x_wconf 77' lang='lat' dir='ltr'><strong>offerentis</strong></span> <span class='ocrx_word' id='word_1_778' title='bbox 2391 3748 2780 3820; x_wconf 90' lang='lat' dir='ltr'><strong>puritatemque</strong></span> <span class='ocrx_word' id='word_1_779' title='bbox 2823 3753 2988 3820; x_wconf 91' lang='lat' dir='ltr'><strong>ipsius</strong></span> <span class='ocrx_word' id='word_1_780' title='bbox 3018 3754 3202 3818; x_wconf 88' lang='lat' dir='ltr'><strong>oblati,</strong></span> <span class='ocrx_word' id='word_1_781' title='bbox 3236 3764 3292 3807; x_wconf 89' lang='lat' dir='ltr'><strong>ut</strong></span> <span class='ocrx_word' id='word_1_782' title='bbox 3316 3757 3546 3826; x_wconf 83' lang='lat' dir='ltr'><strong>propriis</strong></span> 
     </span>
    </p>
   </div>
   <div class='ocr_carea' id='block_1_103' title="bbox 1958 3832 3545 3910">
    <p class='ocr_par' dir='ltr' id='par_1_103' title="bbox 1958 3832 3545 3910">
     <span class='ocr_line' id='line_1_103' title="bbox 1958 3832 3545 3910; baseline 0.008 -26"><span class='ocrx_word' id='word_1_783' title='bbox 1958 3832 2084 3885; x_wconf 92' lang='lat' dir='ltr'><strong>illud</strong></span> <span class='ocrx_word' id='word_1_784' title='bbox 2134 3835 2375 3889; x_wconf 87' lang='lat' dir='ltr'><strong>manibus</strong></span> <span class='ocrx_word' id='word_1_785' title='bbox 2421 3840 2705 3907; x_wconf 87' lang='lat' dir='ltr'><strong>acceperit,</strong></span> <span class='ocrx_word' id='word_1_786' title='bbox 2751 3841 2958 3910; x_wconf 89' lang='lat' dir='ltr'><strong>sibique</strong></span> <span class='ocrx_word' id='word_1_787' title='bbox 3007 3845 3302 3909; x_wconf 80' lang='lat' dir='ltr'><strong>proximum</strong></span> <span class='ocrx_word' id='word_1_788' title='bbox 3343 3847 3545 3897; x_wconf 83' lang='lat' dir='ltr'><strong>c0nsti-</strong></span> 
     </span>
    </p>
   </div>
   <div class='ocr_carea' id='block_1_104' title="bbox 1960 3925 3543 4004">
    <p class='ocr_par' dir='ltr' id='par_1_104' title="bbox 1960 3925 3543 4004">
     <span class='ocr_line' id='line_1_104' title="bbox 1960 3925 3543 4004; baseline 0.007 -26"><span class='ocrx_word' id='word_1_789' title='bbox 1960 3926 2134 3990; x_wconf 89' lang='lat' dir='ltr'><strong>tuerit,</strong></span> <span class='ocrx_word' id='word_1_790' title='bbox 2166 3925 2349 3980; x_wconf 89' lang='lat' dir='ltr'><strong>dicens</strong></span> <span class='ocrx_word' id='word_1_791' title='bbox 2372 3945 2387 3981; x_wconf 91' lang='lat'><strong>:</strong></span> <span class='ocrx_word' id='word_1_792' title='bbox 2420 3927 2554 3983; x_wconf 84' lang='lat' dir='ltr'><strong>Sede</strong></span> <span class='ocrx_word' id='word_1_793' title='bbox 2573 3946 2605 3982; x_wconf 89' lang='lat' dir='ltr'><strong>a</strong></span> <span class='ocrx_word' id='word_1_794' title='bbox 2629 3931 2820 3985; x_wconf 70' lang='lat' dir='ltr'><strong>dextris</strong></span> <span class='ocrx_word' id='word_1_795' title='bbox 2836 3935 2958 3986; x_wconf 84' lang='lat' dir='ltr'><strong>meis</strong></span> <span class='ocrx_word' id='word_1_796' title='bbox 2981 3933 3154 4002; x_wconf 88' lang='lat' dir='ltr'><strong>(-Psal.</strong></span> <span class='ocrx_word' id='word_1_797' title='bbox 3187 3935 3304 3989; x_wconf 86' lang='grc'><strong>109.</strong></span> <span class='ocrx_word' id='word_1_798' title='bbox 3332 3935 3410 4004; x_wconf 90' lang='grc'><strong>1).</strong></span> <span class='ocrx_word' id='word_1_799' title='bbox 3437 3935 3543 3989; x_wconf 83' lang='lat' dir='ltr'><strong>Sed</strong></span> 
     </span>
    </p>
   </div>
   <div class='ocr_carea' id='block_1_105' title="bbox 1959 4014 3548 4086">
    <p class='ocr_par' dir='ltr' id='par_1_105' title="bbox 1959 4014 3548 4086">
     <span class='ocr_line' id='line_1_105' title="bbox 1959 4014 3548 4086; baseline 0.007 -20"><span class='ocrx_word' id='word_1_800' title='bbox 1959 4014 2024 4067; x_wconf 90' lang='lat' dir='ltr'><strong>ad</strong></span> <span class='ocrx_word' id='word_1_801' title='bbox 2051 4030 2207 4083; x_wconf 90' lang='lat' dir='ltr'><strong>quam</strong></span> <span class='ocrx_word' id='word_1_802' title='bbox 2251 4017 2383 4071; x_wconf 82' lang='lat' dir='ltr'><strong>dixit</strong></span> <span class='ocrx_word' id='word_1_803' title='bbox 2428 4027 2667 4073; x_wconf 87' lang='lat' dir='ltr'><strong>naturam</strong></span> <span class='ocrx_word' id='word_1_804' title='bbox 2717 4021 2880 4086; x_wconf 89' lang='lat' dir='ltr'><strong>Deus,</strong></span> <span class='ocrx_word' id='word_1_805' title='bbox 2928 4021 3060 4077; x_wconf 90' lang='lat' dir='ltr'><strong>Sede</strong></span> <span class='ocrx_word' id='word_1_806' title='bbox 3107 4040 3140 4076; x_wconf 91' lang='lat' dir='ltr'><strong>a</strong></span> <span class='ocrx_word' id='word_1_807' title='bbox 3167 4025 3356 4078; x_wconf 73' lang='lat' dir='ltr'><strong>dextris</strong></span> <span class='ocrx_word' id='word_1_808' title='bbox 3383 4027 3548 4079; x_wconf 78' lang='lat' dir='ltr'><strong>meis?</strong></span> 
     </span>
    </p>
   </div>
   <div class='ocr_carea' id='block_1_106' title="bbox 1957 4105 3543 4184">
    <p class='ocr_par' dir='ltr' id='par_1_106' title="bbox 1957 4105 3543 4184">
     <span class='ocr_line' id='line_1_106' title="bbox 1957 4105 3543 4184; baseline 0.006 -25"><span class='ocrx_word' id='word_1_809' title='bbox 1957 4105 2317 4162; x_wconf 82' lang='lat' dir='ltr'><strong>Clarissimum</strong></span> <span class='ocrx_word' id='word_1_810' title='bbox 2361 4118 2462 4174; x_wconf 90' lang='lat' dir='ltr'><strong>est,</strong></span> <span class='ocrx_word' id='word_1_811' title='bbox 2511 4110 2577 4165; x_wconf 88' lang='lat' dir='ltr'><strong>ad</strong></span> <span class='ocrx_word' id='word_1_812' title='bbox 2603 4127 2719 4164; x_wconf 85' lang='lat' dir='ltr'><strong>eam</strong></span> <span class='ocrx_word' id='word_1_813' title='bbox 2765 4113 2865 4167; x_wconf 87' lang='lat' dir='ltr'><strong>hoc</strong></span> <span class='ocrx_word' id='word_1_814' title='bbox 2895 4114 3114 4181; x_wconf 90' lang='lat' dir='ltr'><strong>dictum,</strong></span> <span class='ocrx_word' id='word_1_815' title='bbox 3157 4131 3274 4184; x_wconf 71' lang='lat' dir='ltr'><strong>quze</strong></span> <span class='ocrx_word' id='word_1_816' title='bbox 3305 4117 3543 4170; x_wconf 81' lang='lat' dir='ltr'><strong>audivit:</strong></span> 
     </span>
    </p>
   </div>
   <div class='ocr_carea' id='block_1_107' title="bbox 1961 4197 3548 4277">
    <p class='ocr_par' dir='ltr' id='par_1_107' title="bbox 1961 4197 3548 4277">
     <span class='ocr_line' id='line_1_107' title="bbox 1961 4197 3548 4277; baseline 0.007 -27"><span class='ocrx_word' id='word_1_817' title='bbox 1961 4197 2116 4252; x_wconf 86' lang='lat' dir='ltr'><strong>Terra</strong></span> <span class='ocrx_word' id='word_1_818' title='bbox 2149 4217 2201 4253; x_wconf 89' lang='lat' dir='ltr'><strong>es</strong></span> <span class='ocrx_word' id='word_1_819' title='bbox 2221 4241 2236 4265; x_wconf 92' lang='lat'><strong>,</strong></span> <span class='ocrx_word' id='word_1_820' title='bbox 2283 4211 2327 4253; x_wconf 87' lang='lat' dir='ltr'><strong>et</strong></span> <span class='ocrx_word' id='word_1_821' title='bbox 2369 4202 2422 4254; x_wconf 87' lang='lat' dir='ltr'><strong>in</strong></span> <span class='ocrx_word' id='word_1_822' title='bbox 2451 4210 2632 4254; x_wconf 86' lang='lat' dir='ltr'><strong>terram</strong></span> <span class='ocrx_word' id='word_1_823' title='bbox 2674 4205 2930 4258; x_wconf 73' lang='lat' dir='ltr'><strong>reverteris</strong></span> <span class='ocrx_word' id='word_1_824' title='bbox 2957 4205 3108 4273; x_wconf 78' lang='lat' dir='ltr'><strong>(Gen.</strong></span> <span class='ocrx_word' id='word_1_825' title='bbox 3135 4208 3185 4261; x_wconf 83' lang='lat'><strong>5.</strong></span> <span class='ocrx_word' id='word_1_826' title='bbox 3217 4206 3327 4277; x_wconf 86' lang='grc'><strong>19).</strong></span> <span class='ocrx_word' id='word_1_827' title='bbox 3360 4207 3548 4261; x_wconf 87' lang='lat' dir='ltr'><strong>Nonne</strong></span> 
     </span>
    </p>
   </div>
   <div class='ocr_carea' id='block_1_108' title="bbox 1958 4288 3545 4366">
    <p class='ocr_par' dir='ltr' id='par_1_108' title="bbox 1958 4288 3545 4366">
     <span class='ocr_line' id='line_1_108' title="bbox 1958 4288 3545 4366; baseline 0.006 -26"><span class='ocrx_word' id='word_1_828' title='bbox 1958 4288 2086 4341; x_wconf 90' lang='lat' dir='ltr'><strong>satis</strong></span> <span class='ocrx_word' id='word_1_829' title='bbox 2112 4298 2226 4342; x_wconf 88' lang='lat' dir='ltr'><strong>erat</strong></span> <span class='ocrx_word' id='word_1_830' title='bbox 2252 4305 2504 4359; x_wconf 85' lang='lat' dir='ltr'><strong>superare</strong></span> <span class='ocrx_word' id='word_1_831' title='bbox 2529 4292 2722 4346; x_wconf 61' lang='lat' dir='ltr'><strong>caelos?</strong></span> <span class='ocrx_word' id='word_1_832' title='bbox 2746 4309 2921 4348; x_wconf 91' lang='lat' dir='ltr'><strong>nonne</strong></span> <span class='ocrx_word' id='word_1_833' title='bbox 2950 4294 3078 4350; x_wconf 88' lang='lat' dir='ltr'><strong>satis</strong></span> <span class='ocrx_word' id='word_1_834' title='bbox 3103 4305 3218 4350; x_wconf 89' lang='lat' dir='ltr'><strong>erat</strong></span> <span class='ocrx_word' id='word_1_835' title='bbox 3241 4312 3359 4351; x_wconf 92' lang='lat' dir='ltr'><strong>cum</strong></span> <span class='ocrx_word' id='word_1_836' title='bbox 3384 4312 3545 4366; x_wconf 84' lang='lat' dir='ltr'><strong>ange-</strong></span> 
     </span>
    </p>
   </div>
   <div class='ocr_carea' id='block_1_109' title="bbox 1960 4380 3546 4444">
    <p class='ocr_par' dir='ltr' id='par_1_109' title="bbox 1960 4380 3546 4444">
     <span class='ocr_line' id='line_1_109' title="bbox 1960 4380 3546 4444; baseline 0.007 -13"><span class='ocrx_word' id='word_1_837' title='bbox 1960 4380 2025 4432; x_wconf 89' lang='lat' dir='ltr'><strong>lis</strong></span> <span class='ocrx_word' id='word_1_838' title='bbox 2053 4383 2378 4436; x_wconf 87' lang='lat' dir='ltr'><strong>consistere?</strong></span> <span class='ocrx_word' id='word_1_839' title='bbox 2420 4398 2486 4437; x_wconf 88' lang='lat' dir='ltr'><strong>an</strong></span> <span class='ocrx_word' id='word_1_840' title='bbox 2530 4399 2635 4438; x_wconf 90' lang='lat' dir='ltr'><strong>non</strong></span> <span class='ocrx_word' id='word_1_841' title='bbox 2678 4394 2820 4439; x_wconf 91' lang='lat' dir='ltr'><strong>esset</strong></span> <span class='ocrx_word' id='word_1_842' title='bbox 2844 4388 3004 4440; x_wconf 90' lang='lat' dir='ltr'><strong>etiam</strong></span> <span class='ocrx_word' id='word_1_843' title='bbox 3037 4388 3121 4442; x_wconf 92' lang='lat' dir='ltr'><strong>hic</strong></span> <span class='ocrx_word' id='word_1_844' title='bbox 3165 4387 3332 4443; x_wconf 91' lang='lat' dir='ltr'><strong>honos</strong></span> <span class='ocrx_word' id='word_1_845' title='bbox 3359 4390 3546 4444; x_wconf 83' lang='lat' dir='ltr'><strong>ineﬂ‘a-</strong></span> 
     </span>
    </p>
   </div>
   <div class='ocr_carea' id='block_1_110' title="bbox 1960 4467 3546 4546">
    <p class='ocr_par' dir='ltr' id='par_1_110' title="bbox 1960 4467 3546 4546">
     <span class='ocr_line' id='line_1_110' title="bbox 1960 4467 3546 4546; baseline 0.008 -26"><span class='ocrx_word' id='word_1_846' title='bbox 1960 4467 2117 4522; x_wconf 86' lang='lat' dir='ltr'><strong>bilis?</strong></span> <span class='ocrx_word' id='word_1_847' title='bbox 2163 4473 2232 4523; x_wconf 85' lang='lat' dir='ltr'><strong>At</strong></span> <span class='ocrx_word' id='word_1_848' title='bbox 2274 4473 2510 4526; x_wconf 84' lang='lat' dir='ltr'><strong>ascendit</strong></span> <span class='ocrx_word' id='word_1_849' title='bbox 2550 4489 2709 4542; x_wconf 87' lang='lat' dir='ltr'><strong>super</strong></span> <span class='ocrx_word' id='word_1_850' title='bbox 2735 4477 2971 4544; x_wconf 85' lang='lat' dir='ltr'><strong>angelos,</strong></span> <span class='ocrx_word' id='word_1_851' title='bbox 3004 4467 3290 4546; x_wconf 69' lang='lat' dir='ltr'><strong>prmtérivit</strong></span> <span class='ocrx_word' id='word_1_852' title='bbox 3317 4480 3546 4533; x_wconf 81' lang='lat' dir='ltr'><strong>archan-</strong></span> 
     </span>
    </p>
   </div>
   <div class='ocr_carea' id='block_1_111' title="bbox 1959 4559 3543 4638">
    <p class='ocr_par' dir='ltr' id='par_1_111' title="bbox 1959 4559 3543 4638">
     <span class='ocr_line' id='line_1_111' title="bbox 1959 4559 3543 4638; baseline 0.007 -27"><span class='ocrx_word' id='word_1_853' title='bbox 1959 4559 2125 4627; x_wconf 86' lang='lat' dir='ltr'><strong>gelos,</strong></span> <span class='ocrx_word' id='word_1_854' title='bbox 2161 4562 2428 4628; x_wconf 86' lang='lat' dir='ltr'><strong>superavit</strong></span> <span class='ocrx_word' id='word_1_855' title='bbox 2453 4561 2760 4627; x_wconf 91' lang='lat' dir='ltr'><strong>Cherubim,</strong></span> <span class='ocrx_word' id='word_1_856' title='bbox 2792 4567 3032 4620; x_wconf 90' lang='lat' dir='ltr'><strong>ascendit</strong></span> <span class='ocrx_word' id='word_1_857' title='bbox 3050 4583 3207 4637; x_wconf 88' lang='lat' dir='ltr'><strong>supra</strong></span> <span class='ocrx_word' id='word_1_858' title='bbox 3239 4568 3543 4638; x_wconf 90' lang='lat' dir='ltr'><strong>Seraphim,</strong></span> 
     </span>
    </p>
   </div>
   <div class='ocr_carea' id='block_1_112' title="bbox 1961 4655 3538 4728">
    <p class='ocr_par' dir='ltr' id='par_1_112' title="bbox 1961 4655 3538 4728">
     <span class='ocr_line' id='line_1_112' title="bbox 1961 4655 3538 4728; baseline 0.007 -26"><span class='ocrx_word' id='word_1_859' title='bbox 1961 4661 2362 4720; x_wconf 72' lang='lat' dir='ltr'><strong>praetergressus</strong></span> <span class='ocrx_word' id='word_1_860' title='bbox 2404 4663 2488 4707; x_wconf 90' lang='lat' dir='ltr'><strong>est</strong></span> <span class='ocrx_word' id='word_1_861' title='bbox 2532 4655 2829 4712; x_wconf 85' lang='lat' dir='ltr'><strong>Potestates</strong></span> <span class='ocrx_word' id='word_1_862' title='bbox 2859 4698 2874 4722; x_wconf 89' lang='lat'><strong>,</strong></span> <span class='ocrx_word' id='word_1_863' title='bbox 2922 4674 3019 4714; x_wconf 89' lang='lat' dir='ltr'><strong>nec</strong></span> <span class='ocrx_word' id='word_1_864' title='bbox 3089 4661 3238 4728; x_wconf 90' lang='lat' dir='ltr'><strong>prius</strong></span> <span class='ocrx_word' id='word_1_865' title='bbox 3287 4662 3538 4726; x_wconf 51' lang='lat' dir='ltr'><strong>substitit,</strong></span> 
     </span>
    </p>
   </div>
   <div class='ocr_carea' id='block_1_113' title="bbox 1959 4742 3547 4818">
    <p class='ocr_par' dir='ltr' id='par_1_113' title="bbox 1959 4742 3547 4818">
     <span class='ocr_line' id='line_1_113' title="bbox 1959 4742 3547 4818; baseline 0.009 -27"><span class='ocrx_word' id='word_1_866' title='bbox 1959 4754 2114 4808; x_wconf 91' lang='lat' dir='ltr'><strong>quam</strong></span> <span class='ocrx_word' id='word_1_867' title='bbox 2148 4742 2396 4796; x_wconf 90' lang='lat' dir='ltr'><strong>thronum</strong></span> <span class='ocrx_word' id='word_1_868' title='bbox 2425 4745 2596 4814; x_wconf 90' lang='lat' dir='ltr'><strong>ipsum</strong></span> <span class='ocrx_word' id='word_1_869' title='bbox 2627 4746 2838 4801; x_wconf 84' lang='lat' dir='ltr'><strong>Domini</strong></span> <span class='ocrx_word' id='word_1_870' title='bbox 2866 4750 3294 4818; x_wconf 90' lang='lat' dir='ltr'><strong>comprehendit.</strong></span> <span class='ocrx_word' id='word_1_871' title='bbox 3327 4751 3441 4805; x_wconf 88' lang='lat' dir='ltr'><strong>Non</strong></span> <span class='ocrx_word' id='word_1_872' title='bbox 3467 4752 3547 4805; x_wconf 90' lang='lat' dir='ltr'><strong>vi-</strong></span> 
     </span>
    </p>
   </div>
   <div class='ocr_carea' id='block_1_114' title="bbox 1958 4832 3546 4911">
    <p class='ocr_par' dir='ltr' id='par_1_114' title="bbox 1958 4832 3546 4911">
     <span class='ocr_line' id='line_1_114' title="bbox 1958 4832 3546 4911; baseline 0.008 -27"><span class='ocrx_word' id='word_1_873' title='bbox 1958 4832 2052 4885; x_wconf 91' lang='lat' dir='ltr'><strong>des</strong></span> <span class='ocrx_word' id='word_1_874' title='bbox 2081 4833 2203 4901; x_wconf 91' lang='lat' dir='ltr'><strong>quid</strong></span> <span class='ocrx_word' id='word_1_875' title='bbox 2247 4834 2476 4888; x_wconf 89' lang='lat' dir='ltr'><strong>medium</strong></span> <span class='ocrx_word' id='word_1_876' title='bbox 2502 4850 2530 4889; x_wconf 91' lang='lat' dir='ltr'><strong>a</strong></span> <span class='ocrx_word' id='word_1_877' title='bbox 2561 4838 2691 4891; x_wconf 61' lang='lat' dir='ltr'><strong>caelo</strong></span> <span class='ocrx_word' id='word_1_878' title='bbox 2719 4837 2785 4892; x_wconf 89' lang='lat' dir='ltr'><strong>ad</strong></span> <span class='ocrx_word' id='word_1_879' title='bbox 2830 4842 3064 4894; x_wconf 84' lang='lat' dir='ltr'><strong>terram?</strong></span> <span class='ocrx_word' id='word_1_880' title='bbox 3093 4841 3187 4894; x_wconf 90' lang='lat' dir='ltr'><strong>sed</strong></span> <span class='ocrx_word' id='word_1_881' title='bbox 3212 4841 3281 4894; x_wconf 91' lang='lat' dir='ltr'><strong>ab</strong></span> <span class='ocrx_word' id='word_1_882' title='bbox 3309 4842 3417 4895; x_wconf 92' lang='lat' dir='ltr'><strong>imo</strong></span> <span class='ocrx_word' id='word_1_883' title='bbox 3447 4856 3546 4911; x_wconf 90' lang='lat' dir='ltr'><strong>po-</strong></span> 
     </span>
    </p>
   </div>
   <div class='ocr_carea' id='block_1_115' title="bbox 1960 4922 3547 4993">
    <p class='ocr_par' dir='ltr' id='par_1_115' title="bbox 1960 4922 3547 4993">
     <span class='ocr_line' id='line_1_115' title="bbox 1960 4922 3547 4993; baseline 0.007 -18"><span class='ocrx_word' id='word_1_884' title='bbox 1960 4922 2061 4976; x_wconf 90' lang='lat' dir='ltr'><strong>tius</strong></span> <span class='ocrx_word' id='word_1_885' title='bbox 2080 4925 2544 4993; x_wconf 81' lang='lat' dir='ltr'><strong>incipiamusznon</strong></span> <span class='ocrx_word' id='word_1_886' title='bbox 2567 4929 2714 4984; x_wconf 88' lang='lat' dir='ltr'><strong>vides</strong></span> <span class='ocrx_word' id='word_1_887' title='bbox 2743 4931 2811 4985; x_wconf 89' lang='lat' dir='ltr'><strong>ab</strong></span> <span class='ocrx_word' id='word_1_888' title='bbox 2832 4931 3038 4987; x_wconf 77' lang='lat' dir='ltr'><strong>inferno</strong></span> <span class='ocrx_word' id='word_1_889' title='bbox 3065 4934 3129 4987; x_wconf 85' lang='lat' dir='ltr'><strong>ad</strong></span> <span class='ocrx_word' id='word_1_890' title='bbox 3159 4942 3354 4987; x_wconf 89' lang='lat' dir='ltr'><strong>terram</strong></span> <span class='ocrx_word' id='word_1_891' title='bbox 3384 4935 3547 4987; x_wconf 87' lang='lat' dir='ltr'><strong>inter-</strong></span> 
     </span>
    </p>
   </div>
   <div class='ocr_carea' id='block_1_116' title="bbox 1959 5015 3542 5086">
    <p class='ocr_par' dir='ltr' id='par_1_116' title="bbox 1959 5015 3542 5086">
     <span class='ocr_line' id='line_1_116' title="bbox 1959 5015 3542 5086; baseline 0.008 -19"><span class='ocrx_word' id='word_1_892' title='bbox 1959 5015 2152 5069; x_wconf 87' lang='lat' dir='ltr'><strong>vallum</strong></span> <span class='ocrx_word' id='word_1_893' title='bbox 2179 5021 2468 5086; x_wconf 87' lang='lat' dir='ltr'><strong>quantum?</strong></span> <span class='ocrx_word' id='word_1_894' title='bbox 2509 5036 2694 5075; x_wconf 84' lang='lat' dir='ltr'><strong>rursus</strong></span> <span class='ocrx_word' id='word_1_895' title='bbox 2734 5037 2764 5076; x_wconf 93' lang='lat' dir='ltr'><strong>a</strong></span> <span class='ocrx_word' id='word_1_896' title='bbox 2793 5031 2931 5077; x_wconf 87' lang='lat' dir='ltr'><strong>terra</strong></span> <span class='ocrx_word' id='word_1_897' title='bbox 2961 5025 3012 5077; x_wconf 92' lang='lat' dir='ltr'><strong>in</strong></span> <span class='ocrx_word' id='word_1_898' title='bbox 3052 5025 3277 5079; x_wconf 54' lang='lat' dir='ltr'><strong>calum?</strong></span> <span class='ocrx_word' id='word_1_899' title='bbox 3303 5041 3486 5080; x_wconf 90' lang='lat' dir='ltr'><strong>rursus</strong></span> <span class='ocrx_word' id='word_1_900' title='bbox 3513 5040 3542 5079; x_wconf 89' lang='lat' dir='ltr'><strong>a</strong></span> 
     </span>
    </p>
   </div>
   <div class='ocr_carea' id='block_1_117' title="bbox 1959 5107 3544 5184">
    <p class='ocr_par' dir='ltr' id='par_1_117' title="bbox 1959 5107 3544 5184">
     <span class='ocr_line' id='line_1_117' title="bbox 1959 5107 3544 5184; baseline 0.008 -26"><span class='ocrx_word' id='word_1_901' title='bbox 1959 5107 2090 5159; x_wconf 64' lang='lat' dir='ltr'><strong>caelo</strong></span> <span class='ocrx_word' id='word_1_902' title='bbox 2129 5108 2193 5160; x_wconf 92' lang='lat' dir='ltr'><strong>ad</strong></span> <span class='ocrx_word' id='word_1_903' title='bbox 2238 5109 2426 5162; x_wconf 66' lang='lat' dir='ltr'><strong>caelum</strong></span> <span class='ocrx_word' id='word_1_904' title='bbox 2471 5111 2764 5177; x_wconf 91' lang='lat' dir='ltr'><strong>sublimius,</strong></span> <span class='ocrx_word' id='word_1_905' title='bbox 2809 5120 2864 5167; x_wconf 91' lang='lat' dir='ltr'><strong>et</strong></span> <span class='ocrx_word' id='word_1_906' title='bbox 2903 5114 2971 5169; x_wconf 89' lang='lat' dir='ltr'><strong>ab</strong></span> <span class='ocrx_word' id='word_1_907' title='bbox 3010 5115 3098 5167; x_wconf 90' lang='lat' dir='ltr'><strong>illo</strong></span> <span class='ocrx_word' id='word_1_908' title='bbox 3126 5115 3191 5168; x_wconf 90' lang='lat' dir='ltr'><strong>ad</strong></span> <span class='ocrx_word' id='word_1_909' title='bbox 3212 5117 3446 5184; x_wconf 85' lang='lat' dir='ltr'><strong>angelos,</strong></span> <span class='ocrx_word' id='word_1_910' title='bbox 3478 5116 3544 5170; x_wconf 87' lang='lat' dir='ltr'><strong>ad</strong></span> 
     </span>
    </p>
   </div>
   <div class='ocr_carea' id='block_1_118' title="bbox 1958 5197 3546 5274">
    <p class='ocr_par' dir='ltr' id='par_1_118' title="bbox 1958 5197 3546 5274">
     <span class='ocr_line' id='line_1_118' title="bbox 1958 5197 3546 5274; baseline 0.008 -28"><span class='ocrx_word' id='word_1_911' title='bbox 1958 5197 2328 5265; x_wconf 77' lang='lat' dir='ltr'><strong>anchangelos,</strong></span> <span class='ocrx_word' id='word_1_912' title='bbox 2373 5199 2438 5254; x_wconf 90' lang='lat' dir='ltr'><strong>ad</strong></span> <span class='ocrx_word' id='word_1_913' title='bbox 2486 5215 2743 5269; x_wconf 90' lang='lat' dir='ltr'><strong>supernas</strong></span> <span class='ocrx_word' id='word_1_914' title='bbox 2768 5202 3087 5270; x_wconf 86' lang='lat' dir='ltr'><strong>Potestates,</strong></span> <span class='ocrx_word' id='word_1_915' title='bbox 3119 5205 3184 5258; x_wconf 92' lang='lat' dir='ltr'><strong>ad</strong></span> <span class='ocrx_word' id='word_1_916' title='bbox 3216 5205 3386 5274; x_wconf 91' lang='lat' dir='ltr'><strong>ipsum</strong></span> <span class='ocrx_word' id='word_1_917' title='bbox 3414 5221 3546 5274; x_wconf 90' lang='lat' dir='ltr'><strong>quo-</strong></span> 
     </span>
    </p>
   </div>
   <div class='ocr_carea' id='block_1_119' title="bbox 1958 5287 3542 5362">
    <p class='ocr_par' dir='ltr' id='par_1_119' title="bbox 1958 5287 3542 5362">
     <span class='ocr_line' id='line_1_119' title="bbox 1958 5287 3542 5362; baseline 0.008 -25"><span class='ocrx_word' id='word_1_918' title='bbox 1958 5299 2068 5354; x_wconf 83' lang='lat' dir='ltr'><strong>que&#39;</strong></span> <span class='ocrx_word' id='word_1_919' title='bbox 2105 5287 2350 5343; x_wconf 89' lang='lat' dir='ltr'><strong>thronum</strong></span> <span class='ocrx_word' id='word_1_920' title='bbox 2389 5293 2661 5360; x_wconf 88' lang='lat' dir='ltr'><strong>regalem?</strong></span> <span class='ocrx_word' id='word_1_921' title='bbox 2689 5293 2857 5362; x_wconf 89' lang='lat' dir='ltr'><strong>Supra</strong></span> <span class='ocrx_word' id='word_1_922' title='bbox 2886 5294 2987 5348; x_wconf 92' lang='lat' dir='ltr'><strong>hoc</strong></span> <span class='ocrx_word' id='word_1_923' title='bbox 3014 5303 3184 5349; x_wconf 92' lang='lat' dir='ltr'><strong>totum</strong></span> <span class='ocrx_word' id='word_1_924' title='bbox 3211 5296 3542 5350; x_wconf 87' lang='lat' dir='ltr'><strong>intervallum</strong></span> 
     </span>
    </p>
   </div>
   <div class='ocr_carea' id='block_1_120' title="bbox 1958 5379 3541 5454">
    <p class='ocr_par' dir='ltr' id='par_1_120' title="bbox 1958 5379 3541 5454">
     <span class='ocr_line' id='line_1_120' title="bbox 1958 5379 3541 5454; baseline 0.006 -26"><span class='ocrx_word' id='word_1_925' title='bbox 1958 5388 2038 5430; x_wconf 90' lang='lat' dir='ltr'><strong>ac&#39;</strong></span> <span class='ocrx_word' id='word_1_926' title='bbox 2066 5379 2291 5446; x_wconf 83' lang='lat' dir='ltr'><strong>spatium</strong></span> <span class='ocrx_word' id='word_1_927' title='bbox 2335 5390 2576 5435; x_wconf 84' lang='lat' dir='ltr'><strong>naturam</strong></span> <span class='ocrx_word' id='word_1_928' title='bbox 2608 5392 2842 5437; x_wconf 90' lang='lat' dir='ltr'><strong>nostram</strong></span> <span class='ocrx_word' id='word_1_929' title='bbox 2890 5385 3121 5439; x_wconf 89' lang='lat' dir='ltr'><strong>sustulit.</strong></span> <span class='ocrx_word' id='word_1_930' title='bbox 3166 5387 3336 5440; x_wconf 90' lang='lat' dir='ltr'><strong>Cerne</strong></span> <span class='ocrx_word' id='word_1_931' title='bbox 3383 5401 3541 5454; x_wconf 88' lang='lat' dir='ltr'><strong>quam</strong></span> 
     </span>
    </p>
   </div>
   <div class='ocr_carea' id='block_1_121' title="bbox 1960 5467 3542 5547">
    <p class='ocr_par' dir='ltr' id='par_1_121' title="bbox 1960 5467 3542 5547">
     <span class='ocr_line' id='line_1_121' title="bbox 1960 5467 3542 5547; baseline 0.008 -27"><span class='ocrx_word' id='word_1_932' title='bbox 1960 5467 2144 5522; x_wconf 87' lang='lat' dir='ltr'><strong>humili</strong></span> <span class='ocrx_word' id='word_1_933' title='bbox 2174 5481 2296 5525; x_wconf 91' lang='lat' dir='ltr'><strong>ante</strong></span> <span class='ocrx_word' id='word_1_934' title='bbox 2325 5472 2440 5527; x_wconf 91' lang='lat' dir='ltr'><strong>loco</strong></span> <span class='ocrx_word' id='word_1_935' title='bbox 2483 5473 2568 5527; x_wconf 90' lang='lat' dir='ltr'><strong>illa</strong></span> <span class='ocrx_word' id='word_1_936' title='bbox 2612 5485 2746 5542; x_wconf 90' lang='lat' dir='ltr'><strong>erat,</strong></span> <span class='ocrx_word' id='word_1_937' title='bbox 2780 5486 2834 5532; x_wconf 91' lang='lat' dir='ltr'><strong>et</strong></span> <span class='ocrx_word' id='word_1_938' title='bbox 2876 5492 3033 5547; x_wconf 90' lang='lat' dir='ltr'><strong>quam</strong></span> <span class='ocrx_word' id='word_1_939' title='bbox 3063 5477 3168 5533; x_wconf 90' lang='lat' dir='ltr'><strong>alte</strong></span> <span class='ocrx_word' id='word_1_940' title='bbox 3199 5478 3494 5533; x_wconf 90' lang='lat' dir='ltr'><strong>ascenderit</strong></span> <span class='ocrx_word' id='word_1_941' title='bbox 3529 5496 3542 5533; x_wconf 90' lang='lat'>:</span> 
     </span>
    </p>
   </div>
   <div class='ocr_carea' id='block_1_122' title="bbox 2023 5623 3544 5696">
    <p class='ocr_par' dir='ltr' id='par_1_122' title="bbox 2023 5623 3544 5696">
     <span class='ocr_line' id='line_1_122' title="bbox 2023 5623 3544 5696; baseline -0.001 -14"><span class='ocrx_word' id='word_1_942' title='bbox 2023 5623 2094 5696; x_wconf 70' lang='grc' dir='ltr'><strong>ςα)</strong></span> <span class='ocrx_word' id='word_1_943' title='bbox 2128 5629 2297 5695; x_wconf 60' lang='lat' dir='ltr'><strong>locum</strong></span> <span class='ocrx_word' id='word_1_944' title='bbox 2325 5627 2486 5696; x_wconf 50' lang='lat' dir='ltr'><strong>hunc,</strong></span> <span class='ocrx_word' id='word_1_945' title='bbox 2509 5629 2684 5682; x_wconf 72' lang='lat' dir='ltr'><strong>obtutu</strong></span> <span class='ocrx_word' id='word_1_946' title='bbox 2715 5643 2844 5694; x_wconf 87' lang='lat' dir='ltr'><strong>ergo,</strong></span> <span class='ocrx_word' id='word_1_947' title='bbox 2875 5639 2952 5682; x_wconf 85' lang='lat' dir='ltr'><strong>etc</strong></span> <span class='ocrx_word' id='word_1_948' title='bbox 2975 5671 2989 5692; x_wconf 88' lang='lat'><strong>,</strong></span> <span class='ocrx_word' id='word_1_949' title='bbox 3037 5639 3131 5682; x_wconf 83' lang='lat' dir='ltr'><strong>Leo</strong></span> <span class='ocrx_word' id='word_1_950' title='bbox 3173 5641 3292 5696; x_wconf 79' lang='lat' dir='ltr'><strong>rapa</strong></span> <span class='ocrx_word' id='word_1_951' title='bbox 3319 5631 3459 5681; x_wconf 63' lang='lat' dir='ltr'><strong>effert</strong></span> <span class='ocrx_word' id='word_1_952' title='bbox 3485 5632 3544 5681; x_wconf 83' lang='lat' dir='ltr'><strong>ad</strong></span> 
     </span>
    </p>
   </div>
   <div class='ocr_carea' id='block_1_123' title="bbox 1959 5683 2515 5747">
    <p class='ocr_par' dir='ltr' id='par_1_123' title="bbox 1959 5683 2515 5747">
     <span class='ocr_line' id='line_1_123' title="bbox 1959 5683 2515 5747; baseline 0.007 -13"><span class='ocrx_word' id='word_1_953' title='bbox 1959 5683 2138 5734; x_wconf 71' lang='lat' dir='ltr'><strong>ealcum</strong></span> <span class='ocrx_word' id='word_1_954' title='bbox 2166 5688 2382 5747; x_wconf 69' lang='lat' dir='ltr'><strong>epistolae</strong></span> <span class='ocrx_word' id='word_1_955' title='bbox 2413 5690 2515 5738; x_wconf 76' lang='grc'><strong>131.</strong></span> 
     </span>
    </p>
   </div>
  </div>
