4206 6308
615 300 712 356 111

618 426 787 479 neque
834 408 972 463 enim
1004 403 1325 461 descendere
1366 403 1597 455 licuisset
1626 396 1861 461 inferius,
1892 406 2048 461 quain
2078 404 2184 458 quo

619 500 963 554 descenderat
993 496 1170 559 homo,
1205 508 1373 561 neque
1394 489 1677 544 ascendere
1705 485 1998 546 sublimius,
2027 495 2185 550 quam

619 605 723 657 quo
756 604 876 641 enm
922 600 1102 639 rursus
1148 591 1396 638 evexerat
1442 578 1703 633 Christus.
1746 578 1914 642 Atque
1941 573 2038 625 ista
2069 585 2191 640 per-

620 680 797 746 Spicue
840 676 1031 729 Paulus
1062 674 1303 727 dicebat:
1340 671 1436 735 Qui
1478 666 1748 729 descendit,
1788 666 1893 733 ipse
1932 671 2001 714 est
2028 661 2113 729 qui
2140 670 2187 712 et

619 768 841 820 ascendit
868 764 1076 835 (Ephes.
1103 765 1154 817 4.
1176 762 1283 831 10).
1309 759 1494 827 Elquo
1514 754 1813 813 descendit?
1840 752 1905 806 In
1929 753 2189 822 inferiores

623 869 790 925 partes
829 865 973 908 terra:
1016 853 1121 921 (Ib.
1155 868 1201 904 υ.
1233 852 1287 921 9)
1315 868 1327 913 ;
1358 850 1593 903 ascendit
1617 855 1788 900 autem
1821 857 1974 912 supra
2005 855 2189 895 omnes

620 947 804 999 caelos.
836 944 986 997 Disce
1007 944 1124 1011 quis
1148 941 1465 1001 ascenderit,
1489 948 1541 991 et
1569 933 1861 1003 cujusmodi
1892 942 2098 994 natura,
2127 944 2189 983 ac

623 1032 1061 1103 quemadmodum
1106 1040 1261 1085 antea
1305 1044 1421 1083 sese
1468 1028 1725 1080 haberet:
1778 1023 2003 1075 libenter
2045 1020 2188 1073 enim

622 1138 808 1177 versor
832 1124 973 1176 circa
1003 1123 1261 1175 vilitatem
1288 1120 1494 1189 generis
1520 1116 1703 1178 nostri,
1749 1124 1804 1167 ut
1845 1112 2190 1167 excellentius

625 1214 899 1276 honorem,
929 1213 1018 1282 qui
1048 1228 1077 1265 a
1110 1212 1426 1281 benignitate
1459 1208 1662 1261 Domini
1691 1205 1753 1259 ad
1782 1221 1879 1258 nos
1903 1204 2187 1266 derivatur,

623 1302 937 1370 perdiscam.
970 1302 1130 1357 Terra
1157 1311 1209 1354 et
1251 1302 1383 1353 cinis
1424 1314 1632 1352 eramus
1676 1311 1771 1349 nos
1797 1315 1809 1349 :
1838 1296 1929 1349 sed
1960 1294 2190 1347 nondum

625 1392 728 1447 hoc
753 1394 941 1460 culpa:
974 1403 1171 1444 natur.e
1200 1392 1337 1443 enim
1376 1389 1649 1442 infirmitas
1684 1396 1816 1440 erat.
1860 1383 2191 1439 irrationabi-

624 1482 763 1534 libus
788 1481 907 1533 facti
936 1494 1118 1535 sumus
1145 1479 1531 1546 insipientiores
1567 1495 1579 1530 :
1608 1475 1937 1543 Comparatus
1960 1484 2027 1526 est
2051 1474 2191 1525 enim

623 1572 858 1636 iumentis
904 1570 1244 1639 insipientibus
1281 1570 1448 1630 homo,
1494 1577 1537 1619 et
1575 1566 1750 1618 similis
1792 1570 1953 1634 [actus
1997 1573 2066 1615 est
2091 1561 2194 1614 illis

624 1661 795 1728 (Psal.
847 1661 935 1713 48.
979 1661 1099 1727 21).
1157 1658 1524 1712 Animantibns
1589 1666 1764 1709 autem
1809 1654 2194 1707 irrationalibus

626 1751 739 1802 tieri
770 1750 959 1803 similis
988 1749 1087 1802 hoc
1116 1758 1197 1801 est
1238 1746 1470 1799 deterior
1500 1745 1619 1797 illis.
1664 1743 1931 1812 Siquidem
1980 1742 2195 1793 rationis

626 1850 893 1907 expertem
916 1853 1033 1892 esse
1058 1849 1266 1901 natura,
1288 1847 1341 1889 et
1362 1838 1438 1889 sic
1466 1849 1792 1902 permanere,
1823 1830 2059 1884 naturale
2084 1839 2192 1883 est:

624 1930 720 1981 sed
751 1938 925 1981 mente
954 1940 1015 1979 ac
1054 1926 1257 1980 ratione
1288 1934 1501 1977 ornatos
1544 1924 1594 1975 in
1629 1923 1767 1974 illam
1795 1921 2076 1973 amentiam
2104 1920 2197 1971 de-

626 2020 753 2084 labi,
800 2020 1081 2071 voluntatis
1127 2026 1209 2070 est
1249 2017 1419 2083 culpa.
1455 2014 1632 2081 ltaqne
1661 2028 1780 2065 cum
1804 2011 2032 2063 audieris
2057 2009 2195 2078 quod

626 2110 811 2162 similis
838 2106 1004 2160 factus
1030 2110 1097 2159 sit
1124 2106 1341 2159 rationis
1366 2104 1689 2172 expertibus,
1717 2116 1781 2154 ne
1807 2101 2075 2153 arbitreris
2098 2099 2199 2151 hoc

626 2200 822 2263 dicere,
870 2208 925 2250 ut
966 2197 1209 2250 ostendat
1253 2196 1491 2248 homines
1520 2210 1637 2246 esse
1681 2193 1865 2246 bclluis
1896 2206 2067 2261 pares,
2104 2189 2197 2243 sed

628 2290 730 2341 illis
758 2288 962 2356 pejores
1002 2286 1279 2339 ostendere
1324 2285 1574 2338 voluisse.
1624 2283 1831 2336 Etenim
1859 2281 2076 2334 rationis
2101 2295 2195 2334 ex—

629 2381 865 2448 pertibus
905 2379 1168 2432 evasimus
1212 2377 1417 2445 pejores
1462 2387 1513 2429 ct
1541 2374 1846 2428 insulsiores
1876 2390 1889 2424 :
1918 2385 2022 2425 non
2059 2369 2199 2439 quod

630 2482 685 2523 nt
716 2471 953 2522 homines
982 2468 1103 2521 illuc
1130 2468 1329 2535 delapsi
1358 2468 1542 2529 simus,
1573 2476 1627 2517 at
1652 2464 1789 2533 quod
1811 2462 1970 2516 etiam
1998 2462 2063 2515 ad
2090 2476 2201 2514 ma-

627 2562 792 2629 jorem
837 2558 1255 2626 ingratitudinem
1303 2556 1703 2624 prosilierimus.
1753 2553 1820 2606 Et
1866 2553 1962 2605 hoc
1999 2550 2201 2621 patefa-

628 2651 772 2704 ciens
802 2650 961 2703 lsaias
985 2650 1187 2702 dieebat
1212 2666 1223 2700 :
1248 2646 1486 2717 Cognovit
1510 2648 1597 2699 bos
1619 2661 1946 2714 possessore»:
1968 2661 2132 2707 suum,
2157 2654 2202 2697 et

629 2742 800 2795 asinus
837 2756 1054 2809 prtesepe
1087 2739 1273 2791 domini
1313 2740 1425 2801 sui;
1465 2736 1629 2789 Israel
1665 2746 1829 2787 autem
1866 2750 2071 2787 menon
2113 2750 2202 2786 co-

632 2834 797 2902 gnorit
827 2830 976 2899 (lsai.
1004 2832 1052 2883 1.
1084 2830 1156 2899 ὅ).
1200 2830 1462 2881 Ca-terum
1506 2844 1608 2879 non
1636 2826 2017 2880 confundantur
2044 2838 2204 2893 super

635 2923 895 2992 prioribus
922 2939 933 2974 :
969 2921 1064 2975 Ubi
1092 2922 1230 2974 enim
1261 2919 1527 2971 abundavit
1553 2918 1808 2978 delictum,
1837 2916 2205 2983 superabunda-

632 3018 698 3067 vit
728 3025 773 3066 et
815 3014 975 3084 gratia
1003 3012 1173 3081 (Rom.
1204 3012 1257 3064 5.
1284 3009 1401 3079 211).
1442 3008 1625 3061 Vidisti
1665 3007 1928 3075 quomodo
1956 3006 2206 3073 jumentis

634 3105 1021 3173 insipientiorcs
1065 3116 1314 3157 eramus:
1345 3102 1493 3169 cupis
1534 3109 1588 3151 et
1617 3099 1911 3152 volucribus
1956 3099 2083 3165 ipsis
2110 3112 2207 3152 nos

636 3194 1105 3249 irrationabiliores
1138 3192 1412 3261 aSpicerc?
1444 3189 1648 3254 Turtnr,
1682 3198 1727 3241 et
1755 3188 1988 3251 hirundo,
2019 3198 2064 3239 et
2092 3204 2208 3256 pas-

636 3301 767 3337 seres
794 3285 902 3353 agri
940 3294 1275 3352 cognoverunt
1316 3294 1507 3349 tempus
1554 3281 1789 3332 adventus
1836 3280 1954 3330 sui:
1994 3280 2207 3347 papulas

636 3386 803 3427 autem
846 3390 983 3426 meus
1024 3390 1121 3425 non
1164 3374 1391 3441 cognovit
1428 3371 1628 3440 judicia
1675 3387 1785 3421 mea
1828 3369 1960 3438 (lor.
2008 3370 2059 3422 8.
2105 3370 2206 3439 7).

640 3463 779 3517 Ecce
823 3473 877 3517 ct
921 3464 1082 3517 asinis
1121 3471 1175 3517 et.
1222 3463 1409 3529 bobus,
1436 3477 1560 3515 ecce
1588 3470 1640 3514 et
1660 3461 1977 3523 volucribus,
2010 3469 2210 3514 turture

640 3564 798 3623 atque
842 3555 1121 3607 hirundine
1167 3569 1263 3607 nos
1307 3553 1691 3620 insipientiores
1742 3551 2085 3604 ostendimur.
2122 3551 2211 3605 Vis

644 3646 850 3697 discere
897 3654 949 3697 et
995 3643 1149 3695 aliam
1181 3651 1411 3695 nostram
1440 3640 1831 3709 insipientiam?
1860 3639 1940 3694 Ad
1966 3638 2213 3693 formicas

645 3750 854 3803 quoque
871 3748 985 3798 nos,
1007 3745 1059 3787 ut
1080 3734 1146 3785 ab
1167 3734 1228 3785 iis
1244 3733 1529 3796 discamus,
1558 3731 1795 3803 remittit;
1816 3732 1883 3783 ita
1919 3729 2213 3784 naturalem

647 3836 876 3879 mentem
898 3824 1269 3877 amiseramus:
1306 3821 1443 3874 Vade
1469 3822 1606 3875 enim
1634 3821 1701 3873 ad
1730 3821 2212 3891 {ormicam,inquit,

646 3925 689 3968 et
710 3914 975 3967 considera
996 3915 1099 3966 vias
1118 3916 1226 3982 ejus
1242 3912 1421 3983 (Prov.
1438 3914 1489 3966 ti.
1506 3912 1583 3982 6).
1607 3911 1862 3965 Formica:
1886 3911 2004 3964 facti
2033 3925 2216 3966 sumus

650 4007 911 4075 discipuli,
928 4020 1023 4059 nos
1042 4007 1128 4075 qui
1155 4006 1218 4058 ad
1234 4006 1509 4073 imaginem
1530 4005 1621 4058 Dei
1644 4003 1761 4057 facti
1782 4018 2021 4057 eramus:
2038 4013 2089 4055 at
2112 4019 2216 4057 non

651 4100 741 4169 qui
756 4114 851 4152 nos
872 4097 1015 4161 fecit,
1046 4106 1125 4151 est
1144 4108 1345 4159 auctor,
1360 4095 1452 4149 sed
1475 4110 1570 4148 nos
1588 4095 1684 4164 ipsi
1708 4096 1796 4163 qui
1814 4096 2088 4163 imaginem
2103 4094 2220 4162 ejus

650 4192 880 4245 retinere
909 4191 1192 4244 noluimus.
1229 4190 1293 4241 Et
1320 4188 1443 4256 quid
1469 4188 1587 4241 dico
1618 4187 1885 4240 formicis?
1913 4188 2019 4239 imo
2045 4186 2219 4254 lapidi-

652 4283 900 4351 busipsis
946 4280 1261 4349 stupidiores
1283 4280 1561 4333 evasimus.
1598 4278 1755 4332 Visne
1798 4278 1985 4331 horum
2014 4292 2222 4347 quoque

653 4372 915 4443 proferam
940 4371 1331 4439 testimonium?
1360 4370 1539 4423 Audite
1558 4371 1805 4423 convalles
1830 4381 1873 4422 et
1896 4371 2223 4439 fundamenta

654 4476 835 4528 terrm;
871 4465 988 4531 quia
1008 4463 1256 4531 judicium
1292 4460 1505 4515 Domino
1528 4462 1763 4513 adversus
1798 4462 2038 4530 papulum
2076 4477 2223 4513 suum

656 4552 842 4621 (Micli.
884 4553 935 4606 6.
982 4551 1061 4621 2).
1088 4550 1217 4606 Cum
1263 4550 1563 4604 hominibus
1606 4550 1859 4619 judicium
1896 4564 2139 4613 exerces,
2170 4558 2224 4603 et

657 4658 812 4698 vocas
859 4643 1194 4697 fundamenta
1248 4643 1439 4696 terrae?
1483 4641 1592 4695 lmo
1632 4656 1757 4696 vero
1785 4643 1951 4709 inquit
1979 4656 1992 4694 :
2022 4656 2141 4694 nam
2171 4651 2225 4694 et

657 4746 813 4789 terra:
856 4734 1209 4789 fundamentis
1253 4735 1550 4788 stolidiores
1590 4743 1712 4787 sunt
1756 4734 2015 4787 homines.
2055 4734 2224 4800 Quem

658 4844 787 4897 ergo
826 4829 995 4881 adhuc
1048 4829 1240 4897 quaeris
1271 4830 1321 4881 in
1353 4828 1414 4880 iis
1439 4842 1717 4881 excessum
1760 4826 1989 4891 malitiae,
2016 4826 2226 4894 quando

658 4933 713 4974 ct
739 4919 901 4972 asinis
943 4920 1276 4988 stupidiores,
1324 4929 1376 4972 et
1420 4918 1587 4972 bobus
1631 4919 2126 4981 irrationabiliores,
2172 4926 2227 4971 et

660 5009 940 5064 hirundine
964 5024 1026 5061 ac
1053 5018 1251 5064 turture
1293 5010 1620 5078 ingratiores,
1661 5019 1712 5063 et
1739 5008 1970 5063 formicis
2006 5008 2226 5063 demen-

658 5103 841 5167 tiores,
872 5102 1099 5170 ipsisque
1120 5100 1378 5169 lapidibus
1420 5099 1755 5171 stupidiores,
1782 5101 1906 5169 quin
1933 5110 1985 5154 et
2010 5114 2226 5169 serpen-

659 5192 786 5243 tium
815 5192 1011 5244 similes
1040 5191 1344 5244 videamur?
1386 5189 1555 5243 Furor
1582 5191 1722 5245 enim
1760 5192 1879 5256 illis,
1922 5191 2105 5259 inquit,
2145 5207 2227 5243 se-

658 5281 877 5333 cundum
905 5283 1284 5335 similitudinem
1315 5283 1553 5351 serpentis
1578 5297 1593 5334 :
1615 5298 1850 5334 venenum
1878 5284 2110 5350 aspidum
2136 5283 2226 5334 sub

662 5374 802 5425 labiis
829 5390 999 5426 eorum
1042 5374 1207 5442 (Psal.
1245 5375 1332 5429 57.
1360 5376 1412 5428 4.
1456 5385 1502 5428 et
1534 5376 1619 5429 l3.
1643 5375 1721 5445 5).
1768 5375 1900 5441 Quid
1944 5386 2116 5430 autem
2146 5385 2226 5430 est

660 5480 793 5533 opus
816 5467 1034 5520 rationis
1058 5468 1351 5533 expertium
1394 5475 1661 5535 stuporem
1692 5476 1848 5535 atque
1887 5468 2223 5522 stoliditatem

660 5570 1093 5621 commemorare,
1125 5557 1334 5628 quando
1363 5567 1417 5612 et
1461 5558 1622 5625 ipsius
1652 5556 1844 5611 diaboli
1876 5558 2115 5613 videmur
2135 5561 2224 5615 lilii

661 5646 820 5702 dicti?
858 5647 955 5703 Vos
976 5648 1136 5711 enim,
1162 5648 1348 5717 inquit,
1368 5649 1461 5716 ﬁlii
1491 5648 1676 5704 diaboli
1695 5649 1807 5703 estis
1832 5647 2007 5720 (Joan.
2034 5650 2083 5704 8.
2106 5653 2217 5721 Η).

1296 293 1352 348 S.
1390 287 1660 345 JUANNIS
1696 276 2165 339 CIIRYSOSTOMI
2206 273 2523 329 ARCHIEP.
2564 270 3093 327 CONSTANTI‘NOP.

3750 276 3860 332 H8

2366 386 2417 440 4.
2460 384 2833 440 Verumtamen
2863 398 2958 436 nos
2978 376 3167 450 stupidi
3190 390 3346 450 atque
3372 382 3583 451 ingrati,
3609 385 3872 454 Insipicu-

2295 484 2394 537 tes,
2418 484 2470 529 et
2496 474 2755 542 lapidibus
2798 472 2925 541 ipsis
2970 469 3406 536 insensibiliores,
3428 472 3516 539 qui
3547 473 3750 527 cunctis
3788 476 3871 529 in-

2292 564 2512 620 feriores
2551 579 2762 619 eramus
2786 604 2800 627 ,
2846 562 3189 632 abjcctissimi
3230 572 3390 631 atque
3445 563 3685 617 vilissimi
3718 581 3731 615 :
3765 582 3875 633 quo

2294 666 2447 725 pacto
2497 656 2667 711 dicam
2701 656 2800 727 (a),
2842 665 2931 707 aut
2984 654 3109 723 quid
3151 652 3389 723 eloquar,
3418 656 3686 723 quomodo
3733 657 3875 710 istud

2297 748 2514 802 verbum
2565 748 2823 803 etl‘eram?
2854 748 3116 800 Vilissima
3144 747 3230 800 illa
3272 756 3451 799 nostra
3502 756 3688 800 natura
3708 787 3726 815 ,
3752 764 3878 817 qua:

2292 838 2497 891 cunctis
2524 838 2854 906 insipientior
2878 846 3009 900 erat,
3030 837 3233 890 cunctis
3261 846 3342 889 cst
3366 835 3522 889 hodie
3544 836 3683 892 facta
3710 839 3880 893 subli-

2294 929 2448 981 mior.
2476 928 2641 982 Hodie
2678 939 3053 997 recuperarunt
3093 927 3286 995 angeli,
3316 927 3455 995 quod
3500 927 3699 982 dudum
3728 930 3875 984 desi-

2293 1018 2652 1072 deraverant:
2685 1018 2840 1071 hodie
2885 1028 3202 1086 aspexerunt
3237 1018 3573 1085 archangeli,
3599 1019 3737 1085 quod
3783 1018 3877 1072 diu

2294 1110 2672 1178 concupierant
2694 1125 2707 1159 :
2729 1108 2885 1162 hodie
2902 1118 3132 1161 nostram
3158 1118 3395 1160 naturam
3418 1108 3484 1161 de
3503 1108 3693 1160 throno
3713 1111 3878 1177 regali

2294 1197 2513 1267 fulget-is
2545 1200 2709 1252 instar
2736 1199 3163 1267 resplendentem
3188 1200 3354 1267 gloria
3396 1207 3450 1251 et
3487 1198 3877 1267 pulchritudine

2296 1291 2581 1345 immortali
2608 1290 2874 1344 viderunt.
2905 1289 2961 1343 ld
2981 1290 3121 1343 enim
3152 1290 3317 1343 multo
3349 1299 3473 1343 ante
3503 1290 3879 1344 desiderabant

2296 1382 2489 1449 angeli,
2518 1391 2572 1434 et.
2610 1381 3054 1448 concupiscebant
3092 1379 3418 1447 archangeli.
3450 1378 3579 1433 Nam
3619 1381 3739 1433 licet
3782 1395 3880 1434 eos

2299 1482 2481 1525 natura
2505 1470 2731 1524 humana
2757 1485 3013 1525 concesso
3039 1471 3137 1524 sibi
3169 1469 3370 1524 honore
3396 1482 3705 1539 superaret,
3736 1480 3879 1524 atta-

2300 1578 2417 1615 men
2442 1562 2508 1616 de
2530 1564 2680 1615 bonis
2709 1564 2902 1615 nostris
2931 1562 3227 1631 gaudebant
3250 1578 3263 1613 :
3296 1576 3416 1615 nam
3444 1571 3498 1615 et
3518 1562 3727 1631 quando
3751 1577 3879 1616 cru-

2299 1654 2589 1717 ciabamur,
2643 1653 2927 1717 dolebant;
2962 1662 3016 1707 et
3055 1654 3176 1706 licet
3209 1653 3495 1706 Cherubim
3548 1653 3882 1709 custodirent

2299 1744 2597 1815 paradisum
2620 1784 2634 1808 ,
2668 1746 2835 1797 vicem
2861 1754 3034 1799 tamen
3066 1755 3299 1798 nostram
3346 1745 3615 1799 dolebant.
3649 1745 3715 1800 Et
3744 1748 3885 1801 sicut

2301 1836 2559 1898 minister,
2583 1851 2895 1889 conservum
2928 1851 2995 1888 ex
3040 1836 3285 1889 mandato
3332 1836 3532 1890 domini
3577 1836 3882 1905 apprehen-

2307 1938 2424 1977 smu
2447 1936 2501 1979 et
2525 1927 2722 1978 carceri
2747 1926 3016 1989 traditum,
3047 1926 3279 1979 custodit
3319 1926 3565 1995 quidem,
3593 1930 3885 1981 commise-

2302 2016 2504 2068 ratione
2529 2027 2697 2069 tamen
2720 2017 2960 2068 conservi
2982 2016 3189 2077 ductus,
3213 2031 3372 2085 super
3396 2018 3482 2069 illo
3504 2017 3643 2085 quod
3666 2016 3882 2080 accidit.

2301 2102 2444 2157 dolet
2468 2113 2522 2157 et
2552 2104 2759 2173 angitur
2790 2120 2801 2155 :
2838 2106 2907 2157 ita
2944 2114 2998 2158 et
3041 2105 3326 2159 Cherubim
3378 2118 3721 2174 Susceperam
3763 2109 3885 2177 qui-

2302 2194 2421 2247 dem
2450 2194 2849 2248 custodiendum
2894 2196 3217 2264 paradisum,
3250 2212 3313 2250 ac
3339 2198 3403 2250 de
3443 2199 3680 2252 custodia
3729 2199 3887 2253 dole-

2305 2284 2447 2337 bant.
2476 2286 2541 2338 Et
2568 2294 2622 2337 nt
2647 2285 2817 2339 discas
2847 2288 2986 2353 quod
3017 2287 3302 2351 doluerint,
3330 2288 3397 2340 ab
3423 2289 3725 2343 hominibus
3752 2290 3889 2343 illud

2309 2374 2403 2427 tibi
2435 2377 2767 2443 perSpicuum
2795 2376 3033 2429 reddam.
3066 2377 3290 2443 Quando
3311 2378 3449 2430 enim
3487 2378 3727 2433 homines
3754 2395 3951 2449 cum.

2305 2465 2470 2517 servis
2500 2466 2727 2533 compati
2752 2465 2897 2519 vides
2919 2506 2932 2527 ,
2957 2466 3066 2532 jam
3100 2482 3203 2519 non
3231 2467 3456 2534 amplius
3488 2467 3759 2522 dubitandi
3791 2470 3887 2523 tibi

2313 2554 2461 2607 locus
2491 2556 2804 2623 relinquitur
2829 2555 2895 2607 de
2920 2555 3206 2609 Cherubim
3234 2573 3247 2607 :
3274 2557 3440 2609 multo
3466 2557 3605 2610 enim
3635 2567 3754 2611 sunt
3782 2557 3890 2612 illa:

2310 2652 2595 2712 potestates
2671 2645 3083 2713 indulgentiores
3151 2645 3473 2698 hominibus.
3529 2647 3659 2713 Quis
3727 2648 3891 2717 igitur

2305 2735 2567 2802 justorum
2600 2750 2703 2787 non
2723 2734 2910 2798 doluit,
2943 2750 3062 2788 cum
3089 2736 3230 2803 juste
3258 2737 3569 2803 punirentur
3608 2738 3851 2792 homines
3872 2779 3891 2803 ,

2308 2826 2466 2878 etiam
2496 2836 2615 2893 post
2635 2834 2881 2879 sexcenta
2912 2835 3127 2894 peccata
3154 2826 3176 2876 ?
3224 2826 3335 2879 lloe
3359 2828 3500 2879 enim
3538 2836 3619 2882 est
3658 2828 3892 2882 admira-

2307 2918 2451 2971 tione
2472 2918 2859 2987 dignissimum,
2878 2917 3019 2986 quod
3039 2934 3158 2971 cum
3189 2918 3397 2971 illorum
3422 2919 3621 2973 scelera
3648 2931 3892 2989 nossent,

2311 3008 2843 3075 atqueintelligcrent
2870 3008 2988 3060 illos
3020 3008 3071 3060 in
3104 3008 3383 3061 Dominum
3413 3008 3719 3071 offendisse.
3737 3025 3803 3064 ex
3825 3026 3895 3065 ea

2313 3107 2488 3152 tamen
2539 3114 2596 3151 re
2634 3099 2871 3152 dolorem
2898 3099 3076 3152 animo
3128 3100 3421 3167 capiebant.
3453 3099 3646 3170 Utique
3684 3100 3898 3171 Moyses

2313 3199 2432 3258 post
2458 3190 2630 3257 populi
2664 3188 3011 3241 idololatriatn
3032 3188 3241 3242 dicebat
3273 3206 3285 3240 :
3320 3190 3419 3241 Aut
3448 3191 3643 3242 dimitte
3662 3192 3730 3242 eis
3756 3194 3893 3243 lianc

2312 3294 2537 3331 noxam:
2566 3280 2641 3331 sin
2672 3294 2817 3342 vero,
2857 3276 2966 3329 dele
2996 3280 3144 3330 etiam
3180 3294 3259 3330 me
3297 3281 3358 3331 de
3404 3280 3549 3343 libro,
3573 3296 3717 3347 quem
3761 3282 3896 3331 seri-

2314 3370 2453 3437 psisti
2486 3366 2675 3435 (Exod.
2708 3367 2794 3421 32.
2824 3368 2909 3420 5|.
2935 3366 3063 3435 52).
3093 3368 3229 3433 Quid
3266 3370 3363 3422 sibi
3394 3369 3501 3422 vult
3543 3370 3714 3422 istud?
3743 3371 3901 3424 vides

2315 3459 2639 3527 impietatem
2681 3458 2975 3522 hominum,
3003 3466 3056 3512 et
3101 3459 3309 3511 illorum
3352 3458 3501 3512 doles
3537 3460 3900 3515 afﬂictiones?

2315 3549 2635 3618 PrOpterea,
2662 3549 2866 3618 inquit,
2908 3550 3083 3613 doleo,
3109 3557 3220 3602 tum
3264 3550 3383 3617 quia
3434 3552 3741 3619 puniuntur,
3784 3561 3900 3605 ttnu

2317 3642 2438 3710 quia
2459 3642 2631 3709 justas
2658 3642 2894 3709 praebent
2921 3654 3030 3694 sua:
3066 3642 3356 3709 punitionis
3392 3656 3599 3695 causas.
3650 3642 3901 3697 Ezechiel

2316 3746 2528 3801 quoque
2566 3732 2828 3800 aspiciens
2883 3732 3125 3801 angelum
3179 3734 3562 3802 percutientem
3618 3735 3896 3804 populum,

2318 3839 2507 3893 magna
2532 3824 2836 3877 exclamans
2863 3839 2994 3878 voce
3014 3840 3132 3878 cum
3175 3825 3373 3893 ejulatu
3396 3826 3526 3879 dixit
3553 3843 3565 3878 :
3600 3826 3712 3879 Heu
3733 3827 3856 3879 mihi
3881 3867 3898 3891 ,

2319 3914 2535 3967 Domine
2564 3914 2699 3967 Deus
2727 3930 2745 3967 :
2772 3916 3246 3969 consummationem
3288 3926 3341 3967 tu
3383 3917 3507 3986 facis
3564 3916 3902 3985 reliquiarum

2322 4003 2485 4058 Israel
2515 4002 2726 4076 (Ezech.
2753 4004 2805 4058 9.
2834 4004 2934 4073 8)?
2965 4006 3029 4058 Et
3060 4006 3320 4061 Jeremias
3355 4025 3367 4058 :
3401 4005 3609 4075 Corripe
3630 4023 3719 4059 nos
3742 4047 3757 4070 ,
3789 4006 3902 4059 Do-

2324 4097 2474 4161 mine,
2506 4107 2839 4150 verumtamen
2882 4098 2933 4149 in
2954 4097 3168 4167 judicio,
3199 4109 3241 4150 et
3268 4114 3366 4150 non
3408 4098 3460 4151 in
3489 4099 3660 4168 furore
3689 4110 3771 4152 tuo
3790 4140 3805 4158 .
3835 4117 3904 4153 ne

2324 4203 2413 4241 nos
2444 4187 2766 4257 paucissimos
2792 4187 2950 4254 facias
2979 4188 2997 4253 (
3014 4186 3124 4239 Jer.
3154 4190 3239 4242 10.
3261 4188 3330 4242 24
3356 4190 3393 4257 ).
3433 4189 3570 4258 Ergo
3591 4190 3632 4242 si
3652 4189 3856 4259 Moyses
3882 4233 3901 4253 ,

2327 4278 2591 4343 Ezechiel,
2618 4288 2774 4346 atque
2794 4278 3050 4333 Jeremias
3080 4294 3241 4345 super
3282 4280 3394 4332 istis
3426 4281 3614 4334 tristati
3654 4280 3759 4333 sint
3787 4296 3799 4330 :
3830 4294 3902 4334 an

2326 4380 2614 4441 potestates
2645 4371 2745 4424 illic
2786 4370 2913 4423 nihil
2959 4373 3153 4425 nostris
3205 4374 3555 4425 movebantur
3605 4372 3802 4424 malis?
3834 4375 3905 4426 At

2326 4478 2426 4533 qua
2450 4464 2650 4518 ratione
2673 4463 2720 4516 id
2750 4471 2891 4517 esset
2913 4462 3014 4517 ulla
3031 4477 3095 4516 ex
3119 4470 3264 4530 parte
3284 4461 3534 4515 credibile
3552 4462 3573 4513 ἲ
3593 4461 3741 4528 Quod
3758 4462 3904 4516 enim

2327 4569 2412 4609 res
2441 4564 2647 4609 nostras
2675 4569 2769 4623 pro
2789 4554 2901 4606 suis
2927 4554 3151 4615 ducant,
3184 4552 3328 4606 disce
3354 4563 3605 4621 quantmn
3650 4552 3902 4622 gaudium

2328 4648 2687 4717 conceperint,
2715 4646 2954 4700 videntes
2996 4647 3148 4700 nobis
3181 4647 3521 4701 conciliatum
3574 4662 3693 4701 esse
3723 4647 3905 4701 Domi-

2330 4754 2474 4793 num.
2508 4738 2560 4793 Si
2586 4739 2726 4793 enim
2748 4746 2901 4790 antea
2931 4753 3034 4790 non
3065 4738 3379 4801 doluissent,
3415 4753 3518 4791 non
3545 4753 3672 4791 sane
3712 4753 3773 4792 ea
3814 4753 3906 4792 es-

2329 4840 2447 4883 sent
2478 4840 2653 4899 postea
2702 4830 2896 4883 ltetitite
2940 4831 3204 4900 voluptate
3255 4830 3503 4900 perfusaz.
3535 4830 3682 4897 Quod
3726 4840 3904 4885 autem

2328 4922 2519 4989 gavisae
2563 4922 2687 4985 sint,
2714 4929 2856 4988 patet
2897 4937 2962 4974 ex
2992 4921 3054 4975 iis
3084 4938 3198 4990 qua:
3244 4932 3296 4975 et
3323 4922 3563 4976 Christus
3588 4922 3701 4990 ipse
3731 4922 3865 4976 dixit
3890 4940 3901 4974 :

2334 5010 2580 5077 Quoniam
2602 5012 2844 5081 gaudium
2887 5013 2978 5064 erit
3016 5013 3066 5065 in
3094 5012 3215 5065 calo
3236 5053 3249 5075 ,
3279 5022 3332 5065 et
3375 5012 3426 5066 in
3462 5025 3599 5065 terra
3626 5028 3778 5081 super
3806 5029 3907 5067 uno

2332 5112 2588 5169 peccatore
2643 5102 2981 5170 paenitentiam
3022 5113 3196 5171 agente
3222 5101 3369 5173 (Luc.
3407 5103 3492 5157 15.
3522 5103 3599 5173 7).
3644 5102 3813 5157 Porro
3861 5104 3908 5160 si

2332 5209 2489 5247 unum
2532 5203 2867 5263 peccatorum
2916 5203 3310 5248 convertentem
3358 5208 3416 5248 se
3446 5194 3685 5249 videntes
3734 5196 3908 5264 angeli

2330 5284 2893 5355 gaudentzquomodo
2955 5283 3109 5339 hodie
3154 5299 3248 5352 per
3298 5285 3557 5353 primitias
3603 5286 3908 5339 universam

2333 5388 2571 5430 naturam
2600 5377 2882 5431 humanam
2927 5377 3241 5445 aspicientes
3268 5376 3321 5430 in
3344 5377 3529 5431 etclam
3562 5377 3907 5440 illatam,non

2331 5469 2561 5523 maximo
2596 5468 2786 5537 gaudio
2824 5470 2931 5523 sint
2980 5466 3347 5523 all'ecti?Audi
3398 5467 3554 5537 igitur
3595 5475 3648 5521 et
3691 5467 3911 5523 aliunde

2397 5600 2471 5661 (a)
2505 5606 2634 5661 nunc
2659 5600 2801 5647 etiam
2826 5597 3001 5661 locum,
3025 5610 3117 5659 quo
3138 5604 3274 5660 pacto
3289 5596 3468 5657 dicam,
3508 5606 3623 5657 ete.,
3647 5596 3780 5647 alter:
3814 5603 3913 5650 Leo

2328 5659 2458 5723 Papa
2471 5659 2528 5709 ad
2546 5659 2726 5710 calcem
2749 5661 2892 5721 Epist.
2922 5659 3026 5709 151.
