4206 6308
705 357 813 414 Ηθ

705 481 842 550 λαγῇ
861 476 978 531 ’ὅτε
1007 473 1116 543 7&9
1142 468 1335 541 ἐτέχθη
1365 466 1612 539 όΚύριος
1637 466 1793 536 ήμῶν
1812 463 1875 518 τὸ
1902 461 2039 516 κατά
2073 458 2273 529 σάρκα,

708 574 905 632 ἰδόντες
924 571 1004 621 ὅτι
1028 564 1341 636 κατηλλάγη
1364 560 1548 614 λοιπὸν
1581 560 1694 622 τοῖς
1725 555 2051 628 ἀνθρώποις·
2082 552 2142 604 οὐ
2170 550 2278 619 γάρ

703 662 789 724 ἂν,
820 662 867 714 εἰ
897 661 971 731 μὴ
1022 655 1359 727 κατηλλάγη,
1391 651 1639 705 τοσοῦτον
1685 646 1890 716 κατέϐη
1955 644 2152 706 ἰδόντες
2182 637 2279 695 οῦν

702 752 880 816 τοῦτο,
913 749 1072 820 χορὸν
1104 746 1433 817 στησάμενοι
1466 744 1558 796 ἐπὶ
1586 742 1689 812 τῆς
1712 742 1813 811 γῆς
1841 739 2008 793 ἐϐόων
2038 737 2133 792 καὶ
2164 735 2279 815 ἕλε-

703 860 798 911 γον
829 860 841 873 ·
879 842 1033 906 Δόξα
1060 840 1129 893 ἐν
1151 838 1440 907 ὑψίστοις
1471 833 1612 901 Θεῷ,
1652 834 1751 888 καί
1777 832 1875 886 ἐπὶ
1904 828 2018 901 γῆς
2044 828 2274 895 nimim,

699 938 773 990 ἐν
799 935 1133 1003 ἀνθρώποις
1151 930 1416 985 εὐδοκία.
1443 930 1551 981 Kal
1573 928 1661 981 ἵνα
1688 925 1883 997 μάθῃς.
1910 925 1993 976 ὅτι
2016 921 2103 974 διὰ
2122 920 2278 974 τοῦτο

701 1024 983 1090 δοξάζουσι
1013 1021 1102 1075 τὸν
1121 1020 1274 1082 Θεὸν,
1305 1017 1494 1087 ἐπειδὴ
1519 1014 1790 1070 ἀπέλαϐεν
1819 1013 1941 1083 ήγῆ
1968 1010 2039 1065 τὰ
2070 1009 2273 1078 ἀγαθά,

701 1117 980 1184 ἐπήγαγον
1010 1112 1105 1166 καὶ
1129 1112 1228 1182 τὴν
1258 1110 1456 1172 αἰτίαν,
1503 1108 1633 1162 Ἐπί
1680 1104 1795 1174 γῆς
1835 1102 2044 1173 εἰρήνη
2102 1100 2274 1173 [454],

698 1204 971 1273 λέγοντες,
999 1202 1069 1255 ἐν
1090 1199 1422 1270 ἀνθρώποις
1448 1199 1713 1253 εὐδοκία.
1743 1198 1855 1259 τοῖς
1888 1194 2277 1263 ἐκπεπολεμω-

702 1298 905 1369 μένοις,
933 1300 1047 1360 τοῖς
1067 1295 1395 1366 ἀγνώμοσιν.
1424 1289 1573 1353 Εἶδες
1602 1290 1716 1353 πῶς
1736 1288 2019 1354 δοξάζουσι
2035 1288 2124 1341 τὸν
2144 1286 2275 1340 Θεὸν

697 1390 793 1441 ἐπὶ
835 1391 946 1452 τοῖς
1001 1386 1301 1459 ἀλλοτρίοις
1348 1384 1573 1454 ἀγαθοῖς
1594 1423 1607 1446 ,
1665 1381 1863 1455 μᾶλλον
1910 1382 1967 1436 δέ
2020 1382 2113 1434 ἐπὶ
2163 1382 2275 1444 τοῖς

704 1480 854 1542 ἰδίοις
875 1496 889 1509 -
924 1479 990 1531 τά
1020 1477 1129 1548 7&9
1174 1476 1418 1547 ἡμέτερα
1449 1473 1651 1542 ἀγαθά,
1705 1472 1914 1527 ἑαυτῶν
1960 1472 2271 1542 νομίζουσιν

696 1563 867 1622 εἶναι·
908 1568 1087 1639 βούλει
1121 1565 1333 1638 μαθεῖν,
1367 1566 1448 1619 ὅτι
1476 1565 1570 1619 καί
1624 1563 1909 1635 μέλλοντες
1952 1564 2083 1634 όρᾷν
2111 1562 2272 1615 αὐτὸν

695 1659 1090 1721 ἀναϐαίνοντα,
1132 1659 1351 1730 ἔχαιρον
1396 1656 1489 1710 καὶ
1531 1655 1834 1727 ἐσκίρτων;
1866 1657 2133 1709 ’Ἄκουσον
2178 1652 2270 1706 τοῦ

695 1749 933 1823 Χριστοῦ
961 1749 1232 1818 λέγοντος.
1263 1744 1344 1802 ὅτι
1366 1746 1645 1801 ἀνέϐαινον
1675 1745 1769 1801 καί
1804 1745 2121 1799 κατέϐαινον
2148 1760 2271 1795 συν-

696 1843 857 1913 εχῶς.
887 1841 1060 1894 τοῦτο
1087 1842 1144 1895 δὲ
1173 1838 1580 1910 ἐπιθυμούντων
1611 1836 1760 1891 ἐστιν
1794 1836 1920 1889 ἰδεῖν
1951 1837 2011 1888 τὸ
2033 1834 2271 1905 παράδο-

697 1934 785 1999 ξον
834 1933 1032 2003 θέαμα.
1085 1931 1196 1985 Kal
1247 1928 1412 1983 πόθεν
1454 1928 1634 1997 δῆλον,
1688 1929 1773 1981 δτι
1816 1926 2121 1987 ἀνέϐαινον,
2176 1925 2270 1979 καὶ

698 2024 1066 2087 κατέϐαινονς
1137 2020 1310 2075 Αὐτοῦ
1372 2020 1604 2074 ἄκουσον
1663 2018 1911 2087 λέγοντος
1947 2036 1961 2048 ·
2029 2018 2269 2086 Ἀπάρτι

697 2115 925 2183 ὄψεσθε
958 2113 1099 2178 τοὺς
1151 2110 1447 2181 οὐρανοὺς
1495 2109 1929 2181 ἀνεῳγμένους,
1975 2110 2075 2163 καί
2128 2109 2270 2176 τοὺς

694 2205 987 2274 (ιγ-τέλους
1012 2203 1115 2257 τοῦ
1138 2202 1285 2258 Θεοῦ
1304 2202 1737 2269 ἀναϐαίνοντας
1758 2202 1855 2255 καὶ
1887 2204 2271 2256 καταϐαίνον-

695 2313 802 2362 τας
826 2297 922 2348 ἐπὶ
946 2295 1052 2348 τὸν
1096 2293 1234 2347 Υἰόν
1252 2292 1359 2347 τοῦ
1385 2293 1698 2361 ἀνθρώπου
1718 2310 1732 2323 ·
1760 2293 2000 2346 τοιοῦτον
2026 2294 2135 2363 7&9
2160 2293 2268 2345 τῶν

695 2384 946 2457 ἐρώντων
974 2386 1034 2439 τὸ
1055 2385 1175 2449 ἔθος
1193 2403 1207 2417 ⁸
1246 2386 1368 2440 οὐδὲ
1390 2385 1479 2437 τδν
1500 2386 1690 2455 καιρὸν
1728 2386 2108 2455 ἀναμένουσιν,
2133 2384 2269 2438 ἀλλά

697 2477 1140 2548 προλαμϐάνουσι
1164 2476 1264 2547 τὴν
1297 2476 1635 2548 προθεσμίαν
1665 2480 1729 2548 τῇ
1770 2477 1949 2549 ἡδονῇ.
1978 2478 2078 2530 Διά
2110 2476 2268 2531 τοῦτο

693 2568 1129 2633 καταϐαίνουσιν,
1181 2568 1521 2640 ἐπειγόμενοι
1581 2569 1641 2623 τὸ
1699 2569 1885 2622 καινὸν
1939 2570 2032 2622 καὶ
2094 2569 2270 2641 παρά-

692 2661 842 2726 δοξον
902 2663 1071 2715 ἐκεῖνο
1108 2660 1253 2738 ,ἰδεῖν
1308 2662 1521 2733 θέαμα,
1580 2662 1865 2734 ἄνθρωπον
1924 2664 1981 2716 ἐν
2052 2663 2269 2735 οὐρανῷ

693 2753 930 2821 φανέντα
954 2769 967 2784 ·
1018 2754 1107 2807 διὰ
1138 2755 1311 2807 τοῦτο
1365 2754 1643 2824 πανταχοῦ
1693 2755 1910 2824 ἄγγελοι
1939 2796 1955 2820 ,
2034 2759 2126 2810 καὶ
2180 2758 2266 2810 ὅτε

692 2845 954 2910 ἐτίκτετο,
985 2847 1077 2899 καὶ
1116 2848 1205 2900 ὅτε
1252 2846 1527 2911 ἀνίστατο,
1560 2848 1655 2901 καὶ
1687 2849 1925 2918 σήμερον
1961 2848 2051 2902 ὅτε
2075 2848 2264 2919 ἀνέϐη.

703 2937 859 2991 Ἰδοὺ
895 2937 1003 3010 7&9
1029 2937 1159 3001 δύο,
1199 2939 1383 3008 φησὶν,
1404 2938 1474 2992 ἐν
1504 2938 1715 3007 ἐσθῆτι
1752 2938 2017 3009 λαμπρᾷ,
2058 2940 2147 2993 διά
2174 2940 2267 2994 τοῦ

689 3012 969 3098 σχήμᾶτος
999 3029 1096 3098 τὴν
1130 3027 1318 3100 ἡδονὴν
1348 3028 1635 3099 δηλοῦντες
1652 3045 1665 3059 ·
1692 3030 1785 3083 καὶ
1810 3026 1963 3083 εἷπον
1990 3033 2125 3102 πρὸς
2143 3031 2268 3094 τοὺς

693 3120 939 3191 μαθητάς
958 3140 972 3153 ·
1006 3122 1254 3191 ’Ἄνδρες
1283 3123 1615 3188 Γαλιλαῖοι,
1652 3125 1708 3177 τί
1736 3122 2031 3189 ἑστήκατε
2049 3140 2067 3188 ;
2089 3120 2268 3189 οὗτος

689 3214 723 3265 ό
767 3211 1007 3279 Ἰησοῦς
1040 3215 1073 3265 ό
1101 3212 1469 3283 ἀναληφθεὶς
1498 3213 1599 3283 ἀφ’
1640 3212 1805 3283 ὑμῶν
1835 3216 1922 3280 εἰς
1947 3214 2057 3268 τὸν
2087 3217 2267 3283 οἱφα-

689 3302 817 3364 νὸν,
845 3302 1031 3370 οὕτως
1057 3304 1393 3367 ἐλεύσεται,
1435 3304 1508 3358 ὃν
1545 3304 1766 3373 τρόπον
1798 3304 2131 3359 ἐθεάσασθε
2154 3306 2264 3359 αὐ-

688 3394 794 3448 τόν
815 3396 1218 3464 πορευόμενον
1244 3396 1330 3460 είς
1358 3394 1464 3448 τὸν
1492 3397 1770 3464 οὐρανόν.

756 3532 817 3589 ε’.
845 3536 1111 3590 Ἐνταῦθά
1143 3554 1232 3606 μοι
1266 3537 1403 3607 μετά
1425 3537 1712 3607 ἀκριϐείας
1733 3540 2048 3610 προσέχετε.
2079 3542 2145 3595 Τί
2171 3542 2264 3612 δή·

689 3642 817 3680 ποτε
846 3625 1018 3680 ταῦτα
1046 3626 1264 3694 λέγουσι
1289 3645 1302 3691 ς
1335 3628 1408 3698 μὴ
1439 3628 1546 3699 γὰρ
1572 3630 1671 3683 οὐκ
1702 3624 1845 3700 εἶχον
1871 3631 2184 3704 ὀφθαλμοὺς
2214 3637 2263 3689 οἱ

689 3717 929 3787 μαθηταί
949 3734 962 3783 ;
997 3718 1071 3789 μὴ
1095 3719 1202 3789 γάρ
1223 3720 1319 3789 οὐχ
1347 3719 1534 3791 ἐώρων
1553 3721 1614 3774 τὸ
1640 3722 1957 3795 γινόμενον;
1985 3727 2085 3779 οὐκ
2109 3722 2263 3780 εἷπεν

677 3813 714 3864 ’ὁ
739 3811 1143 3883 εὐαγγελιστης,
1189 3814 1271 3865 ὅτι
1301 3812 1604 3884 βλεπόντων
1632 3816 1809 3869 αὐτῶν
1832 3817 2079 3889 ἐπήρθης
2110 3818 2263 3883 Τίνος

684 3901 779 3961 οὗν
832 3905 1018 3959 ἕνεκεν
1071 3909 1479 3979 παρεστήκασιν
1550 3911 1600 3963 οἰ
1650 3911 1868 3980 ἄγγελοι
1918 3912 2261 3978 διδάσκοντες

686 3995 902 4059 αὐτοὺς,
932 3996 1015 4048 ὅτι
1061 3998 1139 4059 εἰς
1172 3997 1263 4049 τὸν
1301 3998 1529 4069 οὐρανὸν
1553 3998 1759 4067 ἀνέϐης
1792 3999 1892 4052 Διά
1932 4000 2027 4054 δύο
2060 4002 2262 4067 ταύτας

686 4086 885 4149 αἰτίας,
922 4088 1049 4155 μίαν
1078 4089 1208 4159 μὲν,
1261 4089 1446 4159 ἐπειδὴ
1496 4081 1694 4159 ήλγυυν
1742 4092 1828 4143 ἀεὶ
1878 4092 1970 4143 ἐπὶ
2013 4096 2095 4161 τῇ
2132 4095 2263 4146 ἀνα-

687 4180 923 4247 χωρήσει
956 4177 1049 4229 τοῦ
1101 4178 1333 4249 Χριστοῦ
1356 4196 1369 4211 ·
1402 4181 1485 4233 ὅτι
1520 4180 1629 4251 7&9
1661 4181 1858 4252 ήλγουν
1880 4221 1894 4244 ,
1949 4183 2182 4236 ἄκουσον
2211 4185 2262 4237 τί

686 4272 821 4340 πρὸς
843 4270 1037 4333 αὐτούς
1062 4286 1225 4339 φησιν
1249 4284 1262 4298 ⁸
1302 4271 1512 4335 Οὐδείς
1528 4288 1605 4339 με
1624 4270 1810 4340 ἐρωτᾷ
1835 4273 1905 4338 ἐξ
1935 4272 2119 4342 ὑμῶν,
2138 4276 2262 4329 Ποῦ

684 4362 967 4431 ὑπάγεις
992 4362 1127 4414 ἀλλ’
1158 4362 1248 4414 ὅτι
1286 4361 1474 4416 ταῦτα
1507 4358 1703 4429 εἷπον,
1748 4364 1785 4431 ἡ
1818 4365 1983 4431 λύπη
2031 4366 2263 4432 πεπλήο

685 4466 879 4518 ρωεν
898 4450 1063 4520 ὑμῶν
1082 4452 1197 4519 τὴν
1212 4452 1484 4521 καρδίαν.
1508 4454 1570 4506 Εἰ
1593 4453 1701 4525 7&9
1723 4453 1910 4523 φίλους
1930 4456 2143 4525 ἔχοντες
2167 4459 2259 4511 καὶ

687 4547 968 4612 συγγενεῖς
1010 4542 1363 4614 χωριζόμενα
1418 4544 1621 4598 τούτων
1668 4546 1730 4599 οὐ
1766 4547 2027 4617 φέρομεν,
2057 4528 2173 4613 πῶς
2206 4552 2258 4602 οἰ

686 4636 926 4709 μαθηταὶ
949 4636 1039 4689 τὸν
1073 4638 1319 4709 Σωτῆρα,
1347 4638 1437 4691 τὸν
1473 4637 1812 4705 διδάσκαλον,
1843 4639 1933 4694 τὸν
1963 4640 2257 4711 κηδεμόνα,

682 4730 772 4781 τὸν
819 4728 1216 4799 φιλάνθρωπον,
1267 4728 1357 4780 τὸν
1406 4729 1633 4799 ήιιερον,
1666 4728 1759 4782 τὸν
1796 4716 1999 4799 ἀγαθὸν
2026 4732 2260 4803 δρῶντες

684 4820 1045 4891 χωριζόμενον
1081 4819 1281 4883 αὐτῶν,
1314 4817 1430 4882 πῶς
1453 4821 1554 4872 οὐκ
1584 4819 1652 4873 ἂν
1684 4821 1963 4892 ήλγησαν;
2015 4823 2132 4887 πῶς
2160 4825 2260 4877 οὐκ

686 4912 751 4964 ἂν
796 4911 1189 4982 ὠδυνήθησανς
1224 4913 1323 4965 Διὰ
1350 4911 1507 4964 τοῦτο
1554 4915 1787 4984 ἔστηκεν
1822 4918 1851 4969 6
1883 4916 2115 4986 ἀγγελος
2160 4918 2259 4989 τὴν

682 5006 793 5059 ἀπὸ
834 5004 931 5073 τῆς
967 5003 1153 5057 ἀνόδου
1183 5004 1475 5073 γινομένην
1507 5004 1685 5076 λύπην
1726 5006 1815 5060 διὰ
1859 5007 1959 5076 τῆς
1998 5008 2256 5062 ἐπανόδου

684 5096 846 5150 πάλιν
895 5094 1404 5164 παραμυθούμενος.
1440 5090 1627 5159 Οὗτος
1656 5094 1783 5164 γάρ,
1822 5097 2009 5167 φησιν,
2057 5100 2091 5151 δ
2148 5098 2259 5164 ἰη-

684 5187 837 5252 σοῦς
884 5191 917 5242 ό
951 5184 1319 5254 ἀναληφθεὶς
1348 5186 1447 5254 ἀφ’
1480 5185 1649 5256 ὑμῶν
1688 5190 1778 5255 εἰς
1805 5188 1911 5242 τόν
1961 5191 2254 5257 οὐρανὸν,

684 5279 871 5345 οὕτως
894 5279 1226 5333 ἐλεύσεται.
1262 5277 1593 5349 Ἦλγήσατε,
1616 5280 1799 5351 φησὶν,
1829 5282 1911 5334 ὃτι
1941 5281 2213 5343 ἀνελήφθη
2240 5299 2255 5345 ;

697 5369 857 5423 Ἀλλά
906 5370 1101 5439 μηκέτι
1152 5368 1400 5437 άλγείτεο
1449 5371 1543 5422 xal
1590 5370 1700 5439 7&9
1733 5370 2016 5424 ἐλεύσεται
2070 5372 2253 5426 πάλιν.

685 5462 801 5515 Ἵνα
826 5464 934 5532 7&9
970 5461 1043 5531 μὴ
1081 5463 1394 5531 ποιήσωσιν,
1438 5462 1573 5533 ὅπερ
1599 5460 1851 5531 ἐποίησεν
1883 5465 1912 5515 6
1960 5463 2258 5526 Ἐλισσαῖος

688 5551 807 5605 ἰδὼν
823 5553 912 5605 τὸν
939 5552 1255 5606 διδάσκαλον
1279 5553 1810 5623 ἀναλαμϐανόμενον,
1848 5555 1938 5606 καὶ
1960 5554 2257 5627 διαρρήξας

682 5646 773 5697 τὸν
807 5644 1123 5715 χιτωνίσκον
1144 5662 1157 5674 ·
1186 5643 1309 5696 οὐδέ
1342 5644 1451 5717 7&9
1481 5641 1594 5713 εἶχέ
1643 5661 1762 5697 τινα
1795 5646 2124 5714 παρεστῶτα
2162 5648 2253 5701 καὶ

676 5735 923 5801 λέγοντα,
954 5738 1037 5791 δτι
1074 5735 1234 5790 πάλιν
1259 5733 1376 5801 ἥξει
1430 5734 1649 5798 Ἠλίας·
1680 5736 1768 5792 ἵνα
1814 5733 1907 5791 οῦν
1961 5738 2033 5804 μὴ
2090 5738 2249 5791 τοῦτο

1336 350 1392 406 S.
1434 346 1718 406 JOANNIS
1754 338 2250 400 CHRYSOSTOMI
2290 336 2609 397 ARCHIEP.
2651 344 3204 402 CONSTANTINOP.

3858 343 3965 401 650

2388 460 2683 530 ποιήσωσιν
2709 456 2875 525 οὗτοι,
2898 463 2986 517 διὰ
3004 463 3162 517 τοῦτο
3187 463 3237 516 οἱ
3265 462 3482 532 ἄγγελοι
3502 461 3965 532 παριστήκεισαν

2383 553 2863 625 παραμυθούμενοι
2892 554 2993 625 τὴν
3039 554 3300 626 ἀθυμίαν.
3350 555 3463 608 Kal
3519 554 3619 623 μία
3674 553 3777 623 μὲν
3817 550 3961 620 αῦτη

2381 645 2529 709 αἰτία
2554 644 2654 716 τῆς
2679 646 2791 700 τῶν
2819 648 3065 716 ἀγγέλων
3109 648 3412 719 παρουσίας
3434 663 3445 673 ·
3476 646 3708 717 δευτέρα
3741 645 3800 699 δέ
3828 643 3964 697 ταύ-

2379 754 2478 808 της
2513 739 2613 791 οὐκ
2642 738 2901 805 ἐλάττων,
2926 739 2994 792 δι’
3022 740 3091 810 ἢν
3120 742 3301 793 αἰτίαν
3350 740 3443 793 καὶ
3491 738 3859 811 προσέθηκεν,
3894 737 3961 788 '0

2379 830 2767 900 ἀναληφθείς.
2797 834 2894 897 Τίς
2936 828 3029 887 οὖν
3056 836 3204 886 ἐστιν
3242 832 3414 903 αῦτη;
3451 832 3545 895 Εἰς
3593 832 3686 884 τὸν
3728 828 3963 902 οὐρανὸν

2379 924 2797 995 ἀνελαμϐἀνστο.
2833 926 2974 979 Πολὺ
3001 926 3057 979 δὲ
3084 927 3144 980 τὸ
3170 926 3319 997 [ιεδι
3346 925 3621 994 διάστημα
3639 918 3838 993 ἦν,καί
3860 922 3964 975 οὐκ

2378 1015 2538 1086 ήρκει
2567 1018 2600 1087 ἡ
2630 1015 2859 1087 δύναμις
2884 1018 2982 1087 τῆς
3005 1017 3283 1087 ἡμετέρας
3306 1016 3482 1085 ὅψεως
3508 1013 3670 1083 σῶμα
3707 1012 3962 1081 ἀναλαμ-

2376 1107 2675 1178 ϐανόμενον
2708 1107 2837 1161 ἰδεῖν
2879 1109 3043 1180 μέχρι
3069 1107 3179 1160 τῶν
3213 1106 3461 1178 οὐρανῶν
3486 1122 3499 1135 ·
3533 1105 3672 1157 ἀλλὰ
3706 1104 3961 1157 καθάπεο

2377 1200 2624 1255 πετεινδν
2652 1202 2733 1263 είς
2771 1200 2907 1271 ὕψος
2955 1201 3271 1271 ἰπτάμενον.
3310 1201 3529 1269 ὅσῳπερ
3580 1196 3647 1250 ἂν
3695 1199 3775 1257 εἰς
3826 1196 3965 1263 ὕψος

2376 1292 2573 1363 ἀνέλθῃ
2600 1332 2615 1353 ,
2688 1293 2927 1362 τοσούτῳ
2978 1292 3178 1362 μᾶλλον
3239 1288 3654 1361 ἀποκρύπτεται
3707 1285 3818 1339 άπὸ
3862 1284 3962 1353 τῆς

2374 1385 2652 1455 ἡμετέρας
2707 1384 2883 1453 ὅψεως
2916 1400 2930 1415 ο
2987 1382 3133 1435 οὕτω
3182 1382 3246 1452 δὴ
3298 1381 3391 1434 καὶ
3445 1379 3508 1432 τὸ
3561 1378 3721 1449 σῶμα
3780 1378 3963 1430 ἐκεῖνο

2374 1476 2553 1546 ὅσῳπε
2561 1494 2593 1547 ρ
2610 1475 2677 1529 ἂν
2702 1477 2781 1539 εἰς
2800 1475 2931 1544 ὕψος
2947 1474 3121 1545 ἀνῄει,
3150 1474 3390 1543 τοσούτῳ
3409 1470 3610 1542 μᾶλλον
3632 1470 3961 1541 ἐκρύπτετο.

2373 1571 2473 1624 οὐκ
2507 1569 2784 1639 ἀρκούσης
2830 1567 2930 1635 τῆς
2984 1564 3267 1627 ἀσθενείας
3305 1564 3414 1618 τῶν
3452 1561 3752 1633 ὀφθαλμῶν
3815 1578 3959 1631 παρ-

2372 1659 2736 1732 ακολουθῆσαι
2772 1658 2850 1730 τῷ
2884 1660 3050 1729 μήκει
3080 1657 3175 1710 τοῦ
3203 1656 3595 1726 διαστήματος.
3646 1654 3744 1706 Διά
3786 1651 3962 1706 ’τοῦτο

2377 1754 2845 1823 παρειστήκεισαν
2874 1750 2923 1803 οἰ
2950 1736 3576 1817 ἀγγελοι,Ἒιδάσκοντες
3608 1744 3709 1816 τὴν
3756 1745 3838 1806 εἰς
3865 1743 3960 1796 τὸν

2373 1845 2599 1914 οὐρανὸν
2644 1842 2851 1905 ἄνοδον,
2908 1842 2995 1895 ἵνα
3042 1840 3118 1912 μὴ
3164 1840 3463 1911 νομίσωσιν
3511 1838 3593 1891 ὅτι
3629 1838 3706 1900 ὠς
3754 1838 3835 1900 εἰς
3866 1834 3961 1889 τδν

2371 1932 2598 2005 οὐρανὸν
2630 1931 2797 2003 ἀνέϐη
2839 1931 2914 1993 ὡς
2962 1930 3171 1994 Ἠλίας,
3205 1928 3321 1982 ἀλλ’
3358 1928 3444 1981 δτι
3490 1929 3569 1990 εἰς
3598 1926 3689 1979 τὸν
3726 1924 3960 1997 οὐρανὸν

2371 2021 2537 2090 ἀνέϐη
2562 2036 2574 2049 ·
2614 2020 2702 2074 διὰ
2724 2019 2883 2072 τοῦτό
2922 2035 3109 2088 φησιν,
3156 2018 3214 2070 '0
3251 2017 3625 2086 ἀναληφθεὶς
3655 2017 3756 2084 ἀφ’
3788 2013 3961 2084 ὑμῶν

2370 2115 2457 2175 εἰς
2484 2111 2591 2164 τὸν
2621 2112 2897 2179 οὐρανόν.
2923 2109 3057 2163 Οὐδὲ
3084 2108 3190 2179 γάρ
3211 2107 3277 2163 ἀν
3293 2108 3477 2172 ἁπλῶς
3502 2107 3660 2161 τοῦτο
3683 2106 3960 2178 προσέθη-

2370 2221 2484 2258 κεν.
2529 2204 2717 2267 Ἠλίας
2754 2204 2854 2274 μέν
2885 2200 2977 2258 οὖν
3005 2204 3080 2267 ὡς
3131 2204 3211 2266 εἰς
3252 2201 3345 2254 τὸν
3384 2202 3614 2272 οὐρανὸν
3653 2200 3957 2272 ἀνελήφθη,

2370 2296 2555 2361 δοῦλος
2594 2297 2702 2369 7&9
2721 2293 2789 2369 ἦν
2813 2314 2827 2328 ·
2857 2299 2886 2349 6
2915 2296 2972 2350 δέ
3011 2294 3222 2365 Ἰησοῦς
3248 2296 3330 2358 εἰς
3352 2295 3444 2347 τὸν
3467 2294 3717 2365 οὐρανὸν,
3746 2294 3954 2347 Asand-

2370 2406 2470 2460 της
2506 2389 2614 2461 7&9
2657 2385 2759 2458 ἦν’
2800 2391 3007 2452 ἐκεῖνος
3056 2390 3115 2442 ἐν
3162 2388 3371 2459 ἀρματι
3409 2387 3638 2459 πυρίνῳ,
3689 2381 3845 2451 οὗτος
3896 2387 3954 2439 ἐν

2370 2481 2585 2552 νεφέλῃ.
2620 2483 2747 2536 Ὅτε
2773 2482 2871 2551 μὲν
2900 2481 3007 2552 7&9
3027 2480 3117 2534 τὸν
3136 2480 3323 2534 δοῦλον
3351 2480 3457 2534 ἔδει
3488 2479 3777 2551 κληθῆναι,
3799 2481 3953 2551 ἀρμα

2371 2573 2648 2642 ἐπέμπετο
2673 2588 2688 2603 ·
2716 2573 2843 2625 ὅταν
2868 2572 2925 2625 δὲ
2958 2572 3051 2623 τὸν
3098 2570 3249 2635 Υἰὸν,
3286 2569 3477 2641 θρόνος
3512 2569 3790 2639 βασιλικός
3815 2588 3825 2598 ·
3855 2573 3952 2624 καὶ

2368 2665 2490 2734 οὐχὶ
2525 2663 2709 2727 ἁπλῶς
2733 2662 3011 2733 βασιλικὸς
3031 2661 3244 2734 θρόνος,
3266 2661 3383 2715 ἀλλ’
3410 2661 3575 2724 αὐτὸς
3606 2663 3634 2715 6
3660 2660 3951 2731 πατρικαῖς.

2369 2757 2612 2827 Καὶγάρ
2644 2755 2773 2827 περί
2821 2754 2916 2809 τοῦ
2963 2756 3179 2826 Πατρός
3214 2771 3379 2826 φησιν
3420 2756 3449 2809 6
3493 2753 3749 2817 Ἦσαῒας,
3805 2753 3953 2808 Ἰδοὺ

2368 2850 2587 2917 Κύριος
2612 2847 2859 2917 κάθηται
2900 2849 2999 2902 ὲπί
3038 2847 3302 2916 νεφέλης
3322 2848 3576 2915 κούφης.
3627 2844 3781 2899 Ἐπεὶ
3805 2841 3900 2900 οὖν
3922 2846 3953 2898 δ

2369 2941 2557 3011 Πατὴρ
2584 2942 2677 2994 ἐπὶ
2720 2941 2950 3010 νεφέλης
2989 2930 3245 3011 κάθηται,
3276 2940 3367 2994 διὰ
3390 2939 3550 2993 τοῦτο
3603 2940 3697 2994 καὶ
3724 2936 3803 3010 τῷ
3836 2935 3949 3007 Υἰῷ

2367 3032 2467 3101 τὴν
2514 3030 2744 3101 νεφέλην
2793 3012 3028 3100 ἐπεμιβε.
3083 3032 3194 3085 Καὶ
3243 3032 3273 3084 6
3325 3030 3425 3102 μέν
3489 3030 3676 3093 Ἠλίας
3712 3026 3953 3083 ἀνελθὼν

2368 3120 2548 3190 ἀφῆκε
2604 3119 2860 3190 μηλωτὴν
2904 3120 2998 3173 ἐπὶ
3050 3119 3141 3173 τὸν
3191 3120 3531 3174 Ἐλισσαῖον·
3571 3122 3599 3174 6
3645 3119 3703 3173 δέ
3742 3116 3957 3191 Ἰησοῦς

2370 3209 2575 3276 ἀναϐάς
2599 3211 2779 3281 ἀφῆκε
2804 3210 3123 3282 χαρίσματα
3150 3212 3243 3264 ἐπὶ
3264 3212 3391 3275 τοὺς
3427 3210 3699 3283 μαθητὰς,
3725 3212 3827 3282 οὐχ
3851 3212 3954 3266 Eva

2369 3306 2659 3376 προφήτην
2715 3302 3003 3368 ποιοῦντα,
3065 3302 3202 3357 ἀλλά
3262 3304 3492 3374 μυρίους
3547 3303 3891 3370 Ἐλισσαίους
3934 3319 3950 3334 ⁸

2372 3391 2572 3461 μᾶλλον
2597 3391 2654 3445 δὲ
2672 3393 2893 3445 ἐκείνου
2934 3390 3116 3462 πολλῷ
3144 3392 3364 3461 μείζους
3387 3394 3483 3446 καὶ
3510 3393 3948 3467 λαμπροτέρους.

2366 3482 2753 3553 Διαναστῶμεν
2775 3482 2977 3544 τοίνυν,
3007 3484 3306 3554 ἀγαπητοὶ,
3338 3485 3433 3537 καί
3464 3486 3601 3556 πρὸς
3623 3487 3719 3555 τὴν
3754 3487 3952 3540 ἐπάνο-

2366 3574 2456 3627 δον
2511 3574 2728 3645 ἐκείνην
2787 3574 3093 3645 βλέψωμεν.
3134 3574 3239 3628 Kal
3288 3578 3394 3646 γάρ
3426 3578 3455 3628 ό
3485 3576 3695 3642 Παῦλος
3746 3594 3948 3648 φησιν,

2367 3667 2559 3733 Αὐτός
2614 3666 3013 3733 καταϐήσεται
3064 3669 3166 3722 ἀπ’
3212 3667 3474 3735 οὐρανοῦ
3525 3672 3559 3723 ό
3608 3670 3824 3737 Κύριος
3876 3671 3948 3724 ἐν

2367 3760 2751 3828 κελεύσματι,
2794 3759 2864 3812 ἐν
2891 3758 3061 3828 φωνῇ
3094 3760 3501 3829 ἁρχαγτέλοψ
3547 3762 3644 3814 καὶ
3680 3761 3853 3831 ἡμεῖς
3890 3764 3949 3816 οι

2366 3851 2577 3919 ζῶντες
2599 3893 2614 3911 .
2673 3856 2728 3909 οί
2779 3854 3292 3922 περιλειπόμενοι,
3361 3853 3831 3924 ἁρπαγησόμεθα
3877 3857 3951 3909 ἐν

2364 3946 2648 4014 νεφέλαις
2677 3947 2765 4011 εἰς
2789 3943 3135 4012 ἀπάντησιν
3156 3943 3262 3998 τοῦ
3276 3945 3499 4014 Kvplov
3531 3948 3617 4010 εἰς
3636 3946 3802 4014 ἀέρα,
3830 3948 3948 4001 ἀλλ’

2364 4042 2424 4093 οὐ
2462 4042 2683 4104 πάντες.
2715 4041 2839 4094 Ὀτι
2866 4039 2975 4109 γάρ
3008 4040 3068 4091 οὐ
3097 4040 3298 4103 πάντες
3334 4040 3796 4111 ἁρπαγησόμεθα,
3826 4042 3947 4097 ἀλλ’

2366 4134 2415 4183 οί
2463 4131 2561 4200 μὲν
2613 4130 2885 4201 μενοῦσιν,
2939 4132 2988 4183 οἱ
3038 4130 3095 4183 δὲ
3127 4133 3564 4203 ἀρπαγήσονται,
3609 4133 3843 4188 ἄκουσον
3892 4136 3949 4189 τί

2367 4240 2529 4291 φησιν
2580 4224 2609 4276 6
2652 4223 2909 4293 Χριστόςο
2940 4224 3093 4276 Πότε
3146 4222 3576 4291 εὑρεθήσονται
3612 4222 3722 4278 δύο
3764 4225 3837 4278 ἐν
3866 4223 3947 4289 τῷ

2358 4316 2590 4383 μύλωνι
2612 4312 2952 4379 ἀλήθουσαι
2972 4328 2987 4343 σ
2998 4313 3110 4382 μία
3142 4313 3687 4383 παραλαμϐάνεται,
3716 4317 3815 4369 καί
3834 4318 3945 4387 μία

2362 4404 2595 4473 ἀφίεται
2619 4418 2631 4432 ⁸
2662 4403 2761 4457 καί
2811 4402 2921 4457 δύο
2953 4402 3199 4458 ἔσονται
3252 4404 3351 4457 ἐπὶ
3384 4404 3599 4473 κλίνης
3633 4403 3778 4475 μιᾶς
3801 4423 3814 4435 ’
3856 4406 3945 4475 εἷς

2363 4494 2905 4566 παραλαμϐάνεται,
2940 4495 3037 4549 καί
3077 4490 3165 4560 εἷς
3201 4495 3456 4564 ἀφίεται.
3493 4495 3559 4548 Τί
3606 4495 3856 4566 βούλεται
3884 4500 3945 4551 τὸ

2362 4593 2589 4660 αἴνιγμα
2637 4588 2833 4653 τοῦτο;
2866 4589 2915 4641 τί
2938 4588 3196 4656 ,βούλεται
3247 4587 3309 4641 τὸ
3339 4589 3637 4659 μυστήριον
3674 4589 3836 4644 τοῦτο
3880 4594 3943 4646 τὸ

2362 4682 2671 4752 ἀπόρρητον
2689 4698 2704 4747 ;
2724 4679 2822 4733 Διά
2843 4678 2936 4732 τοῦ
2976 4678 3146 4749 μύλου
3179 4680 3303 4745 τοὺς
3327 4681 3386 4735 ἐν
3414 4681 3575 4751 πενία
3604 4679 3815 4746 ζῶντας
3848 4685 3943 4737 καὶ

2361 4771 2704 4843 ταλαιπωρίᾳ
2729 4772 2936 4834 πάντας
2964 4772 3097 4841 ήμίν
3121 4771 3358 4842 ἐδήλωσε
3375 4788 3388 4803 ·
3424 4771 3515 4825 διά
3552 4772 3609 4825 δέ
3630 4773 3730 4843 τῆς
3753 4774 3941 4846 κλίνης

2363 4868 2457 4922 καί
2483 4868 2583 4939 τῆς
2621 4867 2985 4929 ἀναπαύσεως
3012 4866 3140 4930 τοὺς
3177 4869 3235 4920 ἐν
3262 4866 3479 4939 πλούτῳ
3507 4869 3605 4921 καὶ
3625 4871 3758 4942 τιμῇ
3801 4871 3942 4924 πάν-

2361 4982 2469 5030 τας,
2514 4965 2752 5037 ᾐνίξατο.
2818 4964 2927 5016 Kal
2980 4963 3301 5034 βουλόμενος
3332 4960 3504 5031 δεῖξαι
3556 4964 3641 5017 δτι
3694 4964 3790 5019 καὶ
3832 4966 3944 5021 ἀπὺ

2363 5063 2612 5133 πενήτων
2662 5058 2925 5123 σώζονται
2959 5058 3054 5112 καὶ
3087 5056 3446 5125 ἀπόλλυνται,
3500 5053 3684 5127 εἶπεν,
3717 5060 3801 5114 δτι
3843 5062 3943 5116 καὶ

2360 5158 2468 5211 τῶν
2520 5160 2579 5211 ἐν
2630 5157 2707 5227 τῷ
2748 5156 2952 5227 μύλωνι
2987 5155 3084 5227 μία
3120 5154 3636 5227 παραλαμϐάνεται,
3694 5157 3789 5211 καὶ
3839 5159 3943 5228 μία

2360 5253 2620 5323 ἀφίεται·
2657 5252 2752 5305 καὶ
2779 5253 2888 5305 τῶν
2922 5255 2980 5305 ἐν
3013 5253 3078 5322 τῇ
3115 5250 3269 5322 κλίνη
3313 5244 3393 5314 εἷς
3426 5249 3942 5323 παραλαμϐάνεται,

2362 5355 2455 5406 καὶ
2484 5349 2564 5416 εἷς
2592 5350 2849 5419 ἀφίεται*
2878 5349 3053 5421 δηλῶν
3079 5350 3162 5402 ὅτι
3190 5348 3239 5402 οἰ
3287 5349 3387 5417 μέν
3418 5348 3729 5420 ἁμαρτωλοὶ
3754 5350 3946 5418 ἀφίεν-

2358 5466 2448 5501 ται
2475 5446 2711 5501 ἐνταῦθα
2738 5446 2833 5499 καὶ
2866 5446 3088 5516 μένουσι
3116 5445 3213 5517 τὴν
3240 5446 3513 5519 τιμωρίαν
3531 5462 3545 5475 ·
3582 5448 3633 5500 οἰ
3656 5446 3714 5500 δέ
3740 5446 3942 5501 δίκαιοι

2362 5544 2695 5617 άρπάζονται
2726 5545 2805 5608 εἰς
2832 5544 2929 5609 τὰς
2953 5542 3198 5613 νεφέλας.
3234 5543 3501 5615 Καθάπερ
3536 5543 3646 5613 7&9
3676 5542 3940 5614 βασιλέως

2359 5645 2439 5706 είς
2489 5642 2642 5695 πόλιν
2691 5640 3107 5705 εἰσελαύνοντος,
3163 5642 3212 5693 οἰ
3258 5641 3356 5712 μὲν
3411 5643 3468 5695 ἐν
3517 5639 3790 5711 ἀξιώμασι
3844 5643 3940 5695 καὶ

2362 5742 2579 5807 ἀρχαῖς,
2609 5740 2702 5794 καὶ
2737 5738 2936 5808 πολλὴν
2969 5740 3101 5809 πρὸς
3136 5738 3298 5791 αὐτὸν
3340 5738 3655 5810 παρρησίαν
3685 5737 3937 5808 ἔχοντες,
