4206 6318
240 376 340 436 ωε)

237 505 494 560 superna:
525 481 691 543 turba:
722 483 1148 550 hctitiam'supcr
1177 487 1357 532 nostra
1387 472 1841 530 reconciliatione.

238 581 470 650 Quando
523 579 668 634 enim
716 574 970 629 Dominus
1008 579 1191 626 noster
1222 577 1376 622 natus
1425 575 1508 620 est
1550 561 1846 618 secundum

240 687 487 738 mruem,
521 685 587 725 es
618 683 684 722 eo
707 665 960 734 deinceps
989 661 1295 717 hominibus
1325 659 1495 728 ipsum
1529 654 1843 710 reconcilia-

243 777 355 817 tum
389 769 708 824 cernentes;
740 772 845 811 non
876 755 1041 818 enim,
1072 752 1116 806 si
1160 750 1532 806 reconciliatus
1577 763 1680 800 non
1715 745 1848 797 fuis-

240 867 341 916 set.
376 867 551 924 usque
577 851 713 906 adeo
743 847 1144 912 descendisset;
1175 848 1461 900 cernentes
1506 855 1636 910 ergo
1666 837 1804 892 istud
1831 879 1846 902 ,

239 947 427 1001 choris
457 945 512 1000 in
540 955 681 1000 terra
710 942 919 997 statutis
949 937 1316 994 exclamabant
1345 953 1357 987 :
1399 932 1577 987 Gloria
1605 934 1656 985 in
1686 929 1849 984 excel-

241 1041 310 1091 sis
342 1037 454 1091 Deo
486 1051 507 1091 :
531 1046 580 1091 et
622 1036 675 1089 ist
703 1044 836 1088 terra
867 1047 1002 1100 pax,
1036 1031 1089 1084 in
1115 1027 1401 1083 hominibus
1449 1028 1578 1080 bona
1622 1025 1849 1079 uoluntas

243 1128 401 1198 (Luc.
434 1127 494 1181 2.
527 1127 636 1198 Η).
670 1125 737 1180 Et
766 1132 821 1178 ut
849 1123 1056 1188 discas,
1090 1120 1232 1190 quod
1262 1119 1330 1172 ob
1361 1118 1411 1172 id
1437 1114 1852 1187 glrrilicaveriut

246 1221 418 1275 Deum
446 1261 462 1286 ,
497 1229 776 1290 postquam
811 1226 948 1270 terra
992 1212 1189 1281 recepit
1237 1210 1409 1274 bona,
1438 1208 1597 1262 etiam
1635 1222 1851 1261 causam

248 1310 639 1374 adduxerunt,
688 1306 974 1362 dicentes:
1009 1302 1076 1356 In
1131 1310 1266 1355 terra
1309 1316 1439 1370 pax.
1470 1301 1520 1352 in
1571 1298 1854 1374 hominibus

241 1401 382 1456 bona
411 1401 647 1454 voluntas
676 1413 696 1452 :
729 1395 1056 1457 hominibus,
1090 1368 1340 1463 inquam,
1372 1392 1460 1460 qui
1502 1400 1655 1444 erant
1698 1368 1854 1442 antea

243 1493 438 1547 hostes
462 1488 752 1553 declarati,
781 1498 835 1543 et
883 1486 1095 1556 ingrati.
1130 1483 1320 1538 Vidisti
1357 1497 1464 1550 quo
1503 1489 1656 1549 pacto
1688 1479 1854 1534 Deum

242 1585 310 1636 de
339 1581 537 1636 alienis
566 1581 720 1633 bonis
751 1577 1001 1640 laudent,
1033 1585 1124 1628 aut
1155 1574 1333 1643 potius
1359 1574 1434 1654 de
1450 1572 1699 1641 pl'Oprlls,
1732 1584 1854 1625 cum

245 1681 440 1727 nostra
471 1671 606 1724 bona
637 1685 731 1724 sua
769 1683 888 1722 esse
934 1670 1164 1720 ducant:
1200 1663 1279 1716 vis
1319 1663 1479 1716 etiam
1524 1675 1681 1715 nosse
1725 1674 1852 1729 quo.

243 1762 414 1817 modo
465 1762 628 1815 etiam
682 1761 853 1829 ipsum
907 1755 1288 1811 ascendentem
1337 1751 1629 1823 aliquando
1668 1751 1853 1815 visuri,

242 1863 361 1910 tum
436 1853 605 1924 gavisi
669 1853 777 1907 sint
833 1859 887 1905 et
937 1847 1298 1904 exsultat-int?
1354 1847 1528 1916 Ipsum
1582 1845 1856 1900 Christum

243 1947 522 2000 dicentem
548 1945 671 1998 audi
701 1962 713 1998 :
739 1943 1000 2012 Quoniam
1033 1939 1416 2004 ascendebant,
1448 1938 1636 2007 inquit,
1675 1947 1728 1992 et
1772 1937 1860 1991 dc-

165 2111 176 2113 _
245 2037 588 2093 scendebant
613 2036 888 2090 continue.
919 2037 1095 2103 Atque
1125 2031 1227 2085 hoc
1265 2031 1537 2099 proprium
1585 2039 1668 2083 cst
1708 2028 1856 2082 desi-

246 2128 582 2192 derantium,
607 2125 958 2194 contemplari
991 2123 1323 2191 inopinatum
1373 2119 1760 2189 spectaculum.
1794 2119 1857 2174 Et

244 2219 394 2274 unde
433 2227 645 2272 constat
673 2215 889 2270 assidue
934 2214 1055 2268 illos
1098 2212 1388 2266 ascendere
1438 2219 1597 2279 atque
1630 2210 1855 2264 dcsren-

245 2312 419 2364 dere?
452 2308 633 2378 lpsum
679 2307 952 2361 dicentem
983 2303 1107 2358 audi
1137 2320 1150 2356 :
1184 2302 1381 2355 Amodo
1408 2301 1636 2354 videbitis
1677 2301 1860 2354 etclam

246 2411 525 2472 apertum,
551 2410 596 2453 et
626 2399 830 2469 angelos
875 2395 974 2450 Dei
1022 2395 1349 2449 ascendentes
1395 2403 1442 2447 et
1496 2395 1852 2445 descendentes

244 2508 412 2562 supra
453 2489 649 2543 Filium
703 2489 922 2543 hominis
953 2487 1130 2560 (Joan.
1168 2487 1216 2540 1.
1252 2482 1364 2557 51).
1407 2483 1552 2538 Talis
1596 2483 1858 2553 siquidem

244 2581 551 2638 amantium
603 2597 720 2635 mos
749 2591 869 2644 est;
903 2595 1076 2650 neque
1119 2590 1328 2649 tempus
1371 2588 1717 2649 exspectant,
1764 2578 1858 2631 sed

247 2686 360 2729 tem
373 2692 473 2744 pus
503 2674 820 2744 prmlinitum
849 2673 1028 2727 hctitia
1057 2672 1369 2740 anticipant.
1399 2671 1604 2724 Idcirco
1631 2669 1861 2724 descen-

243 2769 387 2822 dunt
417 2769 539 2821 novi
570 2777 622 2821 et
651 2766 870 2820 inauditi
921 2766 1058 2820 illius
1081 2764 1373 2834 spectaculi
1405 2763 1610 2818 visendi
1642 2763 1860 2818 deside-

249 2864 335 2915 rio
362 2858 608 2928 impulsi,
638 2859 909 2912 hominem
936 2858 1138 2912 scilicet
1193 2858 1243 2910 in
1291 2857 1424 2911 ca'lo
1468 2867 1812 2926 apparentem
1844 2875 1857 2910 :

245 2953 494 3019 ideoque
545 2950 741 3019 ubique
791 2962 849 3003 se
893 2949 1068 3018 angeli
1123 2948 1486 3013 manifestant,
1543 2958 1598 3001 ct
1649 2947 1862 3015 quando

248 3057 419 3096 natus
445 3050 551 3108 est,
580 3050 633 3095 et
658 3040 874 3110 quando
901 3040 1226 3104 resurrexit,
1251 3054 1313 3092 ac
1355 3039 1512 3093 hodie
1542 3035 1754 3109 quando
1806 3041 1858 3094 in

245 3143 430 3194 caelos
461 3135 705 3190 ascendit
735 3152 747 3186 :
774 3133 909 3209 Ecce
929 3135 1074 3209 extim
1106 3131 1206 3186 duo
1230 3135 1352 3200 viri,
1383 3134 1579 3203 inquit,
1608 3136 1662 3186 in
1686 3134 1844 3189 uesti-

250 3211 604 3284 mentis'albis
619 3225 790 3295 (AcM
804 3208 914 3296 ,10)
923 3208 1036 3294 ,per
1051 3224 1295 3278 habitum
1310 3225 1550 3278 laetitiam
1565 3223 1840 3280 declaran-

251 3331 363 3376 tes:
384 3317 706 3371 etdiserunt
719 3317 781 3370 ad
797 3316 1095 3386 discipulos
1110 3333 1123 3368 :
1140 3313 1253 3368 Viri
1270 3313 1504 3378 Galilei,
1519 3315 1643 3384 quid
1656 3315 1840 3373 statis?

248 3416 339 3466 hic
351 3410 388 3464 J
395 3425 536 3474 esus,
551 3409 639 3478 qui
656 3418 956 3475 assumptus
967 3417 1042 3461 est
1062 3425 1094 3460 a
1111 3407 1252 3462 vobis
1265 3409 1319 3460 in
1336 3429 1350 3458 ι
1364 3408 1540 3470 telum,
1560 3408 1636 3459 sic
1655 3409 1837 3473 veniet,

247 3501 705 3574 quemadmodum
721 3500 925 3553 vidistis
938 3516 1053 3552 eum
1068 3509 1275 3552 euntem
1290 3500 1342 3551 in
1355 3498 1540 3551 caelum
1555 3497 1746 3568 (lb.v.l
1765 3499 1838 3571 l).

324 3596 362 3648 5
413 3591 524 3647 Cur
545 3591 720 3661 angeli
748 3593 800 3644 in
831 3592 1134 3644 ascensione
1169 3590 1379 3643 Domini
1409 3591 1507 3643 nisi
1530 3590 1748 3658 fuerint.
1768 3618 1840 3628 -ο-

250 3684 356 3738 llic
378 3684 492 3753 jam
512 3683 641 3738 mihi
671 3683 954 3752 diligenter
973 3683 1251 3736 attendite.
1277 3680 1639 3747 Quamobrem
1659 3680 1733 3734 ita
1755 3678 1838 3735 di—

248 3775 427 3830 cunt?
442 3788 510 3826 an
525 3775 666 3842 quod
685 3775 874 3827 oeulos
893 3790 998 3827 non
1018 3773 1276 3826 haberent
1292 3768 1579 3841 discipuli!
1594 3778 1690 3825 aut
1705 3772 1835 3842 quia

248 3861 404 3932 quod
479 3861 782 3927 acciderat,
841 3877 946 3915 non
1002 3859 1288 3916 viderent?
1337 3876 1514 3915 nonne
1558 3863 1628 3915 ait
1697 3880 1856 3918 evan-

247 3955 472 4026 gelista,
501 3953 640 4024 quod
669 3953 972 4008 videntibus
998 3953 1126 4022 ipsis
1147 3953 1386 4008 elevatus
1417 3962 1499 4008 est
1525 3955 1549 4007 τ
1588 3954 1701 4022 Qua
1732 3970 1858 4026 ergo

247 4049 323 4102 de
379 4061 538 4101 causa
590 4045 914 4100 assistebant
963 4046 1138 4115 angeli
1166 4045 1421 4100 docentes
1454 4061 1580 4110 eos,
1615 4050 1753 4117 quod
1807 4049 1860 4100 in

250 4142 453 4196 cmlum
477 4139 851 4194 ascendisset?
877 4140 1102 4210 Propter
1133 4139 1263 4192 duas
1295 4140 1543 4192 nimirum
1577 4139 1706 4194 istas
1730 4154 1862 4192 cau-

258 4249 353 4289 sas
391 4250 403 4285 :
437 4246 598 4287 unam
629 4233 846 4303 quidem
872 4233 1014 4302 quod
1044 4231 1290 4287 dolerent
1334 4233 1410 4286 illi
1456 4234 1523 4286 ob
1551 4231 1749 4287 Cill‘isll
1796 4234 1863 4287 ab

243 4325 389 4393 ipsis
417 4325 803 4378 discessionem
834 4323 1007 4392 :quod
1034 4333 1210 4378 autem
1241 4324 1485 4378 dolerent
1515 4366 1528 4389 ,
1563 4324 1684 4377 audi
1736 4325 1860 4393 quid

251 4419 322 4472 ad
346 4431 446 4472 eos
465 4415 638 4470 dicat:
667 4415 833 4470 Nemo
862 4434 925 4471 ea:
945 4418 1099 4482 vobis,
1117 4417 1308 4486 inquit,
1327 4420 1602 4487 interrogat
1627 4434 1722 4480 me,
1751 4417 1862 4482 Quo

249 4511 404 4564 uadis
421 4510 447 4562 .9
466 4517 556 4564 sed
575 4511 693 4581 quia
722 4509 828 4564 Iure
852 4509 1085 4580 loquutus
1110 4527 1222 4563 sunt
1252 4509 1406 4573 vobis,
1421 4511 1623 4562 tristitia
1641 4510 1862 4579 implet-it

251 4618 346 4655 cor
371 4611 593 4654 uestrum
619 4599 799 4671 (Joan.
833 4601 918 4655 16.
950 4601 1001 4655 5.
1027 4601 1102 4671 6).
1137 4599 1268 4654 Nam
1312 4600 1356 4653 si
1388 4601 1590 4655 amicos
1635 4611 1688 4654 et
1732 4615 1861 4654 con-

253 4690 590 4764 sanguineos
638 4702 854 4747 nostros
893 4690 1132 4762 separari
1178 4706 1205 4743 a
1255 4691 1560 4745 nobismon
1615 4687 1857 4756 ferimus,

255 4783 539 4852 quomodo
563 4783 808 4853 discipuli
839 4797 992 4836 suum
1022 4783 1088 4836 ab
1130 4783 1258 4852 ipsis
1314 4783 1548 4850 separari
1580 4792 1862 4837 cernentes

255 4876 621 4940 Salvatorem,
645 4877 976 4946 magistrum,
993 4890 1054 4928 ac
1071 4885 1370 4928 curatorem
1398 4875 1856 4944 benignissimum,

256 4966 752 5020 mansuctissimum
797 4974 851 5021 et
901 4967 1189 5035 Optimum,
1225 4967 1380 5034 plane
1420 4982 1525 5020 non
1571 4957 1897 5023 dolcmuti‘

256 5055 534 5127 quomodo
554 5071 664 5110 non
693 5057 1178 5119 contristarentur‘t
1200 5055 1402 5111 Idcirco
1428 5057 1593 5111 astitit
1619 5059 1858 5127 angelus,

251 5150 350 5218 qui
400 5149 640 5203 dolorem
669 5164 733 5205 ex
764 5163 988 5204 ascensu
1015 5150 1414 5218 provenientem
1466 5148 1673 5203 reditus
1709 5165 1860 5203 corn-

257 5241 658 5295 memoratioue
733 5242 924 5295 iterum
1001 5242 1313 5308 mitigaret,
1390 5241 1863 5310 consolareturque

258 5333 436 5403 ipsos.
469 5329 568 5384 llic
593 5333 737 5386 enim
754 5331 930 5399 Iesus,
954 5333 1048 5396 ait,
1069 5332 1155 5400 qui
1181 5340 1471 5401 assumptus
1496 5343 1568 5385 est
1589 5348 1620 5384 a
1645 5331 1780 5386 vobis
1810 5335 1862 5386 in

255 5425 448 5478 catlan
470 5463 486 5490 ,
515 5424 590 5478 sic
617 5425 776 5478 ueniet
806 5423 941 5494 (Act.
995 5427 1046 5480 1.
1077 5424 1184 5492 11).
1237 5424 1488 5478 Doluistis
1525 5466 1538 5489 ,
1574 5425 1763 5496 inquit,
1793 5425 1863 5480 de

253 5516 632 5586 assumptione
652 5515 852 5587 ipsius?
868 5515 973 5573 Sed
998 5517 1160 5570 nolite
1181 5517 1409 5585 amplius
1426 5517 1638 5582 dolere;
1663 5519 1861 5573 etenim

260 5619 454 5662 mrsus
481 5606 677 5660 veniet.
709 5604 842 5660 Nam
869 5614 925 5661 ut
950 5621 1017 5662 ne
1046 5605 1281 5662 facerent
1306 5606 1448 5678 quod
1476 5609 1585 5678 egit
1613 5609 1856 5674 Eliszcus,

242 5697 530 5767 aspiciens
556 5700 864 5768 magistrum
891 5713 1046 5753 suum
1089 5700 1310 5764 assumi,
1343 5701 1430 5768 qui
1459 5701 1671 5756 di-cidit
1699 5702 1861 5755 vesti-

261 5798 505 5845 mentum
538 5789 556 5859 (
585 5790 631 5845 1.
692 5788 814 5861 Reg.
840 5789 921 5863 Ξ)
952 5808 965 5845 :
999 5807 1105 5847 non
1156 5791 1298 5848 enim
1348 5792 1575 5848 habebat
1629 5795 1860 5864 aliquem

1244 362 1309 418 IN
1351 356 1820 419 ASCENSIONEM
1865 355 1926 409 Ι).
1973 353 2035 409 Ν.
2079 351 2243 409 JESU
2273 348 2565 407 CllRlSTL
3351 356 3357 362 '
3461 345 3531 401 35

1964 467 2264 523 adstantem
2287 466 2383 521 sibi
2407 475 2563 534 atque
2595 463 2862 517 dicentem
2890 459 3032 530 quod
3065 459 3257 514 iterum
3300 467 3557 513 venturus

1957 569 2102 614 esset
2132 557 2350 621 Helias;
2383 571 2448 610 ne
2475 556 2633 626 igitur
2656 554 2759 608 huc
2791 561 2846 607 et
2880 552 2966 607 iSti
2999 550 3271 612 facerent,
3317 548 3437 602 ideo
3468 561 3565 600 an-

1956 652 2059 722 geli
2107 651 2464 713 adstiterant,
2495 648 2584 719 qui
2627 645 2896 702 tristitiam
2944 643 3156 698 illorum
3207 642 3440 695 lenirent
3495 652 3561 692 ac

1956 742 2383 798 consolarentur.

2040 834 2339 903 Di/ferentia
2368 835 2498 888 inter
2524 833 2866 886 ascensionem
2896 828 3060 892 Elius,
3092 837 3136 880 et
3165 824 3352 880 Christi
3374 823 3565 879 Salva-

1964 927 2298 984 toris.-—Et
2347 927 2461 980 haec
2509 924 2723 996 quidem
2771 935 2874 977 una
2919 930 3003 976 eat
3058 934 3218 974 causa
3264 913 3568 988 praesentia

1959 1021 2272 1091 angelorum
2309 1037 2320 1070 :
2353 1017 2618 1088 posteriOr
2641 1024 2820 1070 autem
2851 1028 2914 1068 ea
2937 1026 3044 1066 non
3068 1010 3286 1065 inferior
3312 1017 3414 1071 est,
3444 1021 3564 1077 pro-

1960 1119 2081 1181 pter
2094 1126 2254 1182 quam
2280 1111 2441 1165 etiam
2461 1121 2679 1163 causam
2707 1104 2924 1175 adjecit,
2949 1103 3048 1170 Qui
3073 1110 3365 1170 assumptus
3385 1107 3475 1152 est.
3501 1095 3572 1152 Et

1960 1220 2079 1274 qua:
2107 1212 2190 1259 est
2217 1201 2360 1258 ista?
2405 1202 2462 1256 ln
2489 1201 2676 1255 crelum
2704 1209 3010 1266 assumptus
3037 1205 3138 1248 est.
3170 1192 3360 1262 lugens
3389 1199 3569 1244 autem

1963 1297 2307 1352 intcrstitium
2353 1305 2490 1361 erat,
2525 1307 2695 1363 neque
2742 1288 3044 1344 sufficiebat
3074 1287 3150 1339 ris.
3193 1284 3359 1338 nostri
3414 1296 3571 1352 aspe-

1962 1397 2102 1458 ctus,
2128 1398 2185 1442 ut
2212 1402 2408 1457 corpus
2441 1386 2507 1439 ad
2553 1384 2911 1452 curiosusque
2952 1379 3150 1434 assumi
3191 1375 3518 1446 {aspiceret
3551 1389 3566 1428 ε

1963 1480 2058 1536 sed
2086 1481 2225 1536 sicut
2249 1479 2362 1534 avis
2398 1477 2450 1531 in
2499 1475 2728 1532 sublime
2781 1473 3034 1537 volitans,
3065 1479 3268 1540 quanto
3317 1466 3484 1535 magis
3517 1465 3570 1518 in

1965 1575 2128 1628 altum
2184 1572 2523 1634 ascenderit,
2563 1578 2710 1623 tanto
2750 1565 2982 1636 amplius
3030 1580 3058 1616 a
3115 1570 3301 1617 nostro
3352 1563 3572 1628 aspectu

1965 1666 2301 1720 subtrahitur
2333 1682 2347 1717 :
2381 1664 2452 1717 ita
2479 1671 2533 1717 et
2557 1674 2752 1732 corpus
2775 1657 2924 1725 illud,
2953 1665 3154 1726 quanto
3182 1654 3340 1708 altius
3368 1651 3566 1706 evehe~'

1965 1759 2141 1824 batur,
2175 1766 2323 1812 tanto
2354 1757 2522 1825 magis
2556 1750 2990 1809 abscondebatur
3020 1767 3033 1814 ;
3064 1763 3186 1803 cum
3231 1761 3338 1800 non
3391 1745 3573 1814 posset

1965 1851 2245 1906 oculorum
2283 1849 2564 1903 infirmitas
2593 1844 2859 1900 intervalli
2901 1839 3289 1912 longitudinem
3333 1835 3569 1905 assequii

1969 1943 2256 2014 Propterea
2282 1943 2570 1996 astiterunt
2617 1937 2824 2008 angeli,
2855 1935 2945 2005 qui
2999 1933 3257 1988 docerent
3304 1928 3573 1984 ascensio-

1966 2051 2091 2090 nem
2116 2036 2166 2089 in
2189 2035 2401 2097 caelum,
2436 2047 2504 2086 ne
2532 2017 2922 2087 arbitrarentur
2951 2041 3073 2080 eum
3106 2023 3259 2093 quasi
3291 2023 3344 2075 in
3381 2019 3574 2073 cadum

1968 2127 2281 2183 ascendisse
2326 2127 2493 2180 instar
2532 2123 2731 2186 llelizc;
2765 2119 2859 2174 sed
2903 2117 3046 2188 quod
3103 2129 3228 2170 vere
3274 2113 3324 2167 in
3383 2110 3574 2165 ett-lum

1967 2217 2311 2282 ascenderit,
2342 2215 2412 2271 ob
2465 2215 2517 2268 id
2567 2215 2642 2267 ait
2670 2229 2682 2265 :
2719 2211 2821 2278 Qui
2848 2217 3138 2277 assumptus
3168 2215 3242 2260 est
3277 2221 3311 2257 a
3359 2203 3495 2256 vobis
3523 2203 3574 2256 in

1967 2311 2170 2365 calum.
2221 2309 2406 2376 Neque
2445 2308 2590 2362 enim
2637 2306 2737 2360 hoc
2786 2302 3105 2372 simpliciter
3145 2298 3412 2367 adjectum
3447 2304 3571 2350 ~est.

1968 2403 2220 2470 Quinimo
2251 2401 2429 2455 Helias
2464 2409 2733 2467 tamquam
2788 2397 2840 2449 in
2870 2394 3061 2449 caelum
3106 2398 3416 2458 assumptus
3443 2397 3526 2442 est
3561 2407 3572 2440 :

1968 2509 2159 2551 servus
2187 2497 2330 2549 enim
2372 2503 2522 2557 erat;
2552 2491 2710 2547 .lesus
2738 2498 2918 2544 autem
2963 2491 3016 2541 in
3044 2485 3233 2540 cis-lum
3256 2524 3270 2549 ,
3305 2483 3426 2552 quia
3468 2481 3572 2533 1)οδ

1969 2590 2144 2643 minus
2184 2597 2298 2642 erat
2333 2606 2346 2640 ;
2377 2586 2466 2640 ille
2497 2586 2548 2639 in
2599 2591 2760 2638 etirru
2806 2582 2981 2651 igneo,
3020 2579 3105 2632 hic
3139 2579 3190 2632 in
3233 2577 3394 2630 nube.
3442 2574 3574 2628 Nam

1968 2679 2181 2750 quando
2209 2693 2422 2733 servum
2456 2677 2631 2730 vocari
2664 2674 2968 2742 Oportebat,
2999 2684 3188 2726 currus
3221 2668 3568 2728 mittebatur;

1970 2769 2186 2839 quando
2218 2780 2396 2823 autem
2442 2766 2655 2831 Filium,
2691 2769 2918 2818 thronus
2961 2762 3193 2832 regalis;
3229 2775 3403 2829 neque
3448 2759 3576 2812 sinu

1970 2861 2180 2931 pliciter
2199 2859 2423 2913 thronus
2451 2857 2666 2927 regalis,
2698 2856 2792 2910 sed
2815 2856 3042 2925 ipsemet
3064 2862 3337 2921 paternus.
3365 2850 3575 2903 Etenim

1968 2955 2038 3010 de
2068 2954 2226 3008 Patre
2255 2955 2329 3005 ait
2363 2951 2523 3005 Isaias
2556 2969 2568 3003 :
2602 2947 2732 3002 Ecce
2755 2947 3011 3001 Dominus
3037 2945 3174 2999 sedet
3208 2960 3359 3012 super
3389 2941 3570 2996 nubem

1972 3043 2422 3114 levem(lsai.19.
2457 3043 2536 3111 1).
2568 3041 2702 3107 Quia
2750 3055 2878 3110 ergo
2901 3039 3060 3093 Pater
3116 3039 3167 3091 in
3214 3038 3355 3090 nube
3402 3033 3576 3103 sedet,

1969 3137 2093 3193 ideo
2146 3148 2197 3190 et
2250 3134 2630 3189 Filio-nubem
2682 3131 2849 3186 misit.
2898 3134 3075 3199 Atque
3130 3128 3310 3182 Helias
3357 3127 3573 3197 quidem

1973 3229 2275 3284 ascendens
2316 3227 2526 3281 ovinam
2559 3225 2754 3294 pellent
2807 3237 2969 3291 super
3017 3221 3269 3275 Eliszeum
3311 3217 3574 3283 demisit,

1969 3322 2128 3378 Jesus
2147 3328 2330 3376 sum
2363 3317 2660 3374 ascendens
2684 3315 2978 3386 gratiarum
3006 3312 3147 3367 dona
3186 3313 3238 3366 in
3275 3311 3571 3380 discipulos

1969 3413 2208 3478 demisit,
2229 3427 2334 3466 non
2367 3423 2531 3465 unum
2558 3409 2874 3479 praphetam
2904 3406 3174 3470 facientia,
3207 3404 3300 3460 sed
3333 3405 3567 3458 iulluitm

1972 3505 2222 3570 Elisaos,
2251 3513 2409 3572 atque
2452 3501 2588 3556 adeo
2617 3500 2706 3553 illo
2761 3499 2930 3552 multo
2962 3498 3194 3566 majores
3228 3507 3281 3552 et
3323 3498 3578 3550 illuStrin-

1969 3609 2078 3650 res.
2128 3595 2494 3665 Exsurgamus
2540 3593 2720 3662 igitur,
2750 3591 3103 3652 dilectissimi,
3147 3599 3200 3643 et
3230 3589 3294 3642 ad
3348 3589 3576 3642 rcdituu

1972 3686 2121 3741 illum
2149 3686 2336 3740 oculos
2377 3686 2571 3738 mentis
2621 3682 2932 3753 dirigamus.
2959 3681 3173 3736 Etenim
3218 3681 3410 3735 Paulus
3455 3682 3527 3734 ait
3564 3699 3574 3734 :

1972 3777 2000 3833 1
2008 3794 2094 3847 pse
2121 3777 2383 3831 descendet
2409 3777 2472 3830 de
2497 3775 2634 3829 caelis
2652 3816 2664 3838 ,
2699 3775 2750 3826 in
2781 3776 2966 3845 jussu,
2997 3775 3049 3826 in
3080 3787 3197 3827 vote
3240 3775 3533 3842 archangeli
3560 3791 3576 3826 :

1969 3882 2018 3924 et
2040 3886 2130 3924 nos
2159 3870 2245 3936 qui
2267 3871 2476 3922 vivimus
2496 3879 2543 3922 et
2571 3867 2758 3920 residui
2787 3884 2982 3933 smnus,
3015 3867 3211 3921 obvium
3243 3869 3500 3936 rapiemur
3521 3871 3576 3924 in

1971 3961 2185 4014 nubibus
2227 3962 2280 4014 in
2328 3976 2595 4013 occursum
2643 3957 2851 4012 Domini
2889 3958 2940 4011 in
2978 3975 3118 4023 aera,
3164 3970 3214 4012 at
3245 3975 3348 4011 non
3382 3973 3574 4014 omnes

1975 4052 2051 4123 (1.
2076 4049 2251 4107 Thess.
2287 4054 2339 4106 Δ.
2370 4053 2454 4107 15.
2490 4052 2600 4121 16).
2634 4051 2785 4117 Quod
2830 4061 3008 4105 autem
3058 4066 3163 4106 non
3187 4067 3374 4106 omnes
3405 4055 3575 4121 rapie-

1972 4155 2113 4209 mur,
2144 4143 2238 4198 sed
2281 4143 2373 4197 alii
2422 4143 2755 4210 permansuri
2809 4144 2949 4207 sint,
2983 4142 3073 4196 alii
3123 4158 3249 4198 vero
3292 4144 3571 4213 rapiendi,

1974 4235 2097 4289 audi
2146 4236 2272 4306 quid
2300 4236 2443 4291 dicat
2469 4234 2723 4290 Christus
2753 4250 2771 4289 :
2799 4235 2940 4288 Tunc
2976 4237 3295 4288 invenientur
3319 4239 3435 4289 dure
3463 4254 3572 4289 ino-

1971 4327 2128 4382 lentes
2154 4329 2206 4381 in
2239 4329 2394 4394 mola,
2423 4345 2524 4381 una
2553 4339 2859 4394 assumatur,
2889 4337 2935 4380 et
2957 4345 3058 4380 una
3085 4329 3398 4398 relinquetur
3426 4346 3444 4382 .'
3471 4331 3571 4382 duo

1971 4418 2024 4471 in
2077 4419 2203 4472 lecto
2257 4435 2360 4471 uno
2406 4429 2581 4483 erunt,
2632 4431 2765 4470 unus
2810 4429 3115 4483 assumatur,
3145 4431 3189 4470 et
3231 4436 3362 4472 unus
3407 4423 3565 4473 relin~

1971 4521 2152 4580 qustur
2199 4508 2428 4581 (Matth.
2483 4510 2573 4564 24.
2603 4511 2690 4565 40.
2716 4510 2831 4581 All).
2864 4509 3001 4577 Quid
3046 4511 3145 4565 sibi
3206 4512 3315 4565 vult
3344 4513 3569 4583 amigma

1972 4603 2111 4658 istud
2137 4603 2160 4655 ?
2189 4603 2314 4673 quid
2349 4603 2570 4658 denotat
2606 4603 2918 4676 mysterium
2949 4603 3049 4657 hoc
3072 4605 3446 4658 reconditum?
3472 4607 3573 4660 Per

1971 4694 2170 4748 molam
2198 4710 2386 4749 omnes
2425 4695 2479 4748 in
2509 4705 2824 4765 paupertate
2851 4706 2902 4750 et
2933 4695 3149 4750 miseria
3198 4699 3436 4751 viventes
3477 4714 3575 4751 no-

1972 4783 2057 4840 bis
2116 4784 2489 4850 demonstrat;
2539 4802 2633 4855 per
2690 4786 2886 4840 lectum
2965 4797 3143 4842 autem
3201 4803 3262 4839 ac
3332 4791 3572 4858 requiem

1971 4888 2194 4932 cunctos
2224 4878 2422 4932 divitiis
2453 4878 2770 4944 affluentes,
2804 4889 2858 4934 et
2903 4879 3198 4934 honoribus
3244 4884 3569 4948 conspicuos

1973 4970 2149 5024 innuit
2184 4987 2196 5024 :
2231 4971 2523 5040 volensque
2577 4971 2867 5026 ostendere
2917 4974 3078 5026 etiam
3132 4989 3197 5028 ex
3253 4977 3579 5044 pauperibus

1976 5062 2262 5117 salvandos
2303 5061 2416 5116 fore
2448 5072 2608 5133 atque
2637 5064 2941 5133 perdendos
2963 5106 2976 5128 ,
3007 5065 3142 5120 dixit
3169 5068 3309 5136 quod
3341 5069 3394 5122 in
3433 5068 3576 5123 mola

1973 5169 2074 5207 una
2105 5164 2430 5220 assuinetur,
2461 5166 2512 5209 et
2536 5172 2636 5209 una
2672 5157 3043 5226 relinquetur;
3074 5169 3128 5213 et
3176 5173 3364 5213 eorum
3401 5163 3490 5230 qui
3521 5161 3571 5216 in

1974 5247 2114 5302 lecto
2159 5258 2316 5301 erunt
2364 5263 2502 5301 unus
2550 5259 2888 5316 assumctur,
2919 5261 2974 5304 et
3025 5266 3162 5304 unus
3216 5252 3570 5321 relinquetur,

1971 5339 2248 5395 declarare
2279 5341 2488 5406 volens,
2520 5341 2662 5410 quod
2694 5352 3004 5410 peccatores
3027 5343 3240 5411 quidem
3283 5344 3367 5398 hic
3410 5345 3573 5398 relin-

1973 5439 2243 5502 quantur,
2297 5433 2614 5502 supplicium
2658 5444 3074 5504 exspectantes;
3117 5434 3247 5504 justi
3292 5446 3470 5489 autem
3520 5439 3571 5490 in

1975 5524 2146 5578 nubes
2169 5525 2464 5594 rapiantur.
2495 5526 2647 5580 Sicut
2676 5527 2818 5580 enim
2845 5542 2971 5597 rege
2998 5527 3179 5596 aliquo
3216 5527 3268 5580 in
3299 5527 3570 5583 civitatem

1975 5615 2280 5670 introeunte
2306 5658 2320 5682 ,
2355 5617 2444 5670 alii
2474 5617 2689 5687 quidem
2732 5617 2785 5672 in
2815 5617 3165 5687 dignitatibus
3204 5626 3364 5686 atque
3406 5619 3572 5671 linito-

1974 5704 2126 5798 ribus
2167 5706 2464 5770 constituti,
2489 5717 2542 5761 ot
2569 5707 2657 5776 qui
2703 5707 2992 5776 plurimum
3035 5708 3204 5798 gra‘tis
3249 5707 3388 5775 apud
3421 5708 3569 5761 illum

1977 5796 2157 5853 valent
2181 5837 2194 5864 ,
2228 5808 2384 5854 extra
2417 5798 2684 5856 civitatem
2717 5800 2762 5854 ei
2794 5796 3205 5870 progrediuntur
3234 5798 3466 5868 obviam,
3496 5796 3571 5853 rei
