4206 6308
703 368 804 426 451
1452 366 1510 422 5.
1541 357 1819 422 JOANNIS
1855 357 2330 422 CHRYSOSTOMI
2357 362 2675 421 AllCiifEl’.
2718 359 3250 423 CONSTANTINOP.

706 488 883 536 autem
913 486 966 534 et
989 477 1541 534 criminibus-obnoxii
1573 479 1715 534 intus
1740 487 2045 541 servantur,
2075 487 2294 533 senten-

706 572 832 624 tiam
860 586 888 622 a
921 585 1043 640 rege
1062 578 1438 640 exspectantes
1463 587 1477 622 :
1507 570 1578 623 ita
1605 571 1767 624 etiam
1796 569 2010 640 quando
2042 569 2296 623 Dominus

705 661 1012 727 advenerit,
1037 663 1128 716 alii
1154 663 1372 732 quidem
1412 661 1504 731 qui
1530 661 1782 716 ﬁduciam
1825 661 2060 728 habent,
2095 662 2147 715 in
2175 677 2293 716 me-

700 754 847 808 dium
879 756 928 809 ei
961 763 1243 809 occurrent
1271 769 1449 808 aerem
1477 795 1493 820 ,
1533 753 1774 809 damnati
1807 769 1935 810 vero
1955 763 2009 808 et
2034 753 2126 823 qui
2157 755 2296 809 mul-

701 854 878 899 torum
931 845 1031 900 sibi
1059 845 1258 900 conscii
1305 844 1505 900 fuerint
1534 855 1872 916 peccatorum
1897 884 1912 913 ,
1943 846 2029 900 hic
2070 856 2294 917 praesto-

699 932 951 988 labuntur
971 935 1228 1004 judicem.

770 1026 1110 1096 Chrysostomi
1158 1027 1435 1082 humilitas.
1463 1057 1536 1069 —
1563 1027 1712 1083 Tunc
1741 1035 1795 1082 et
1832 1043 1932 1083 nos
1969 1028 2234 1099 rapiemur
2273 1047 2288 1085 :

696 1130 804 1169 non
849 1114 1093 1184 equidem
1137 1116 1397 1186 meipsum
1425 1117 1477 1172 in
1499 1132 1778 1172 numerum
1821 1131 1884 1172 ac
1909 1119 2168 1174 caletilum
2207 1134 2294 1174 ra-

695 1204 1010 1276 piendorum
1044 1206 1284 1262 referens
1311 1207 1420 1262 dixi
1440 1251 1456 1275 ,
1483 1207 1627 1266 Nos:
1651 1224 1757 1262 non
1789 1209 2036 1280 equidem
2071 1212 2142 1266 ita
2173 1227 2290 1267 sum

693 1310 888 1365 expers
915 1312 1102 1351 sensus
1121 1313 1185 1354 ac
1209 1299 1451 1364 rationis,
1471 1310 1527 1352 ut
1550 1301 1760 1370 propria
1783 1299 2021 1370 ignorem
2051 1313 2288 1373 peccata.

692 1384 762 1439 Et
791 1387 890 1441 nisi
915 1390 1024 1457 jam
1052 1396 1345 1442 metuerem
1371 1389 1692 1444 conturbare
1731 1383 1968 1445 laetitiam
2011 1393 2291 1460 praesentis

697 1476 1017 1546 festivitatis,
1041 1477 1224 1534 ﬁerem
1249 1495 1378 1535 sane
1393 1481 1746 1547 amarissime,
1768 1483 1921 1537 istius
1937 1470 2062 1538 dicti
2085 1499 2292 1539 memor

691 1568 747 1622 et
782 1584 899 1624 mea
933 1572 1149 1638 peccata
1189 1571 1241 1625 in
1281 1573 1596 1626 memoriam
1634 1587 1914 1627 revocans.
1944 1573 2079 1628 Cum
2109 1583 2287 1629 autem

691 1661 970 1727 prmsentis
1013 1660 1134 1715 festi
1166 1658 1418 1718 "laetitiam
1461 1662 1789 1718 confundere
1820 1664 1984 1718 nolim
2011 1708 2025 1732 ,
2060 1665 2148 1720 hic
2172 1681 2288 1720 ser-

691 1759 903 1804 monent
934 1749 1134 1815 ﬁniam,
1160 1753 1425 1823 vigentem
1451 1769 1516 1808 ac
1534 1763 1813 1809 "recentem
1839 1755 1994 1810 vobis
2016 1756 2158 1810 illius
2182 1757 2290 1811 diei

693 1843 1005 1897 memoriam
1053 1844 1362 1913 relinquens
1383 1887 1398 1910 ,
1428 1859 1496 1900 ne
1521 1847 1779 1914 glorietur
1805 1846 1956 1901 dives
2001 1847 2051 1901 in
2093 1846 2292 1902 divitiis

689 1935 821 2000 suis,
854 1951 1026 2006 neque
1057 1951 1258 2006 pauper
1284 1936 1518 2005 seipsum
1549 1937 1804 1992 miserum
1837 1949 2050 2008 reputet
2077 1941 2127 1992 in
2159 1955 2292 2008 pau-

683 2035 891 2094 pertate
918 2042 1033 2091 sua,
1064 2028 1156 2081 sed
1181 2029 1403 2098 quisque
1431 2037 1586 2096 prout
1610 2029 1708 2084 sibi
1749 2032 1992 2084 conscius
2013 2029 2190 2096 fuerit,
2211 2031 2290 2086 vel

693 2116 795 2171 hoc
819 2159 832 2183 ,
867 2119 946 2172 vel
982 2117 1105 2171 illud
1155 2117 1331 2172 faciat.
1364 2119 1544 2188 Neque
1573 2120 1714 2173 enim
1746 2120 1894 2175 dives
1922 2119 2042 2174 felix
2072 2160 2086 2184 ,
2121 2136 2291 2189 neque

694 2221 892 2275 pauper
915 2207 1234 2262 miserabilis
1269 2226 1280 2260 :
1313 2209 1404 2263 sed
1435 2209 1641 2274 beatus,
1676 2210 1784 2263 imo
1812 2209 2171 2274 beatissimus,
2201 2212 2290 2280 qui

690 2307 840 2367 raptu
880 2299 971 2353 illo
997 2299 1047 2352 iu
1078 2299 1308 2354 nubibus
1333 2299 1544 2354 habitus
1574 2301 1732 2356 fuerit
1755 2301 1982 2370 dignus,
2011 2301 2132 2357 licet
2169 2317 2288 2356 om-

3897 367 4013 424 ι’ἴί

2405 479 2550 534 nium
2607 481 2764 535 fuerit
2819 480 3712 551 pauperrimuszquemadmodum
3765 485 4007 540 vicissim

2402 570 2492 638 qui
2519 569 2778 624 exciderit
2799 611 2812 631 ,
2834 571 3005 624 miser
3023 611 3038 633 ,
3070 572 3178 625 imo
3205 572 3539 627 miserrimus
3563 613 3578 637 ,
3609 573 3852 642 quamvis
3876 589 4010 627 om-

2404 660 2551 713 nium
2591 661 2660 714 sit
2683 660 2995 715 ditissimus.
3040 661 3327 732 Propterea
3356 661 3479 716 dico
3501 705 3517 730 ,
3549 675 3607 717 ut
3642 664 3729 734 qui
3770 665 4011 732 [καταθείς

2401 748 2616 803 obnoxii
2643 765 2846 816 sumus,
2877 750 3151 821 lugeamus
3175 766 3274 806 nos
3301 752 3445 822 ipsos
3471 773 3484 808 :
3506 762 3557 807 at
3583 754 3673 824 qui
3695 754 3846 808 bonis
3871 769 4012 822 ope-

2403 839 2552 894 ribus
2585 841 2788 895 clarent
2809 881 2825 907 ,
2857 843 3168 907 conﬁdant;
3199 845 3306 897 imo
3334 859 3437 897 non
3467 844 3638 898 solum
3682 845 3952 898 conﬁdant
3989 886 4008 909 ,

2402 929 2496 984 sed
2522 939 2578 985 et
2603 931 2990 986 conﬁrmentur
3014 951 3028 987 :
3053 947 3226 1002 neque
3255 933 3330 986 illi
3358 933 3572 1003 lugeant
3598 933 3790 998 solum,
3819 934 3910 988 sed
3942 943 4014 989 et

2403 1029 2673 1074 mutentur
2706 1036 2770 1076 ac
2795 1033 3192 1078 convertantur.
3215 1023 3370 1080 Licet
3397 1027 3538 1079 enim
3567 1033 3622 1079 et
3645 1027 3716 1092 ei,
3745 1026 3831 1095 qui
3859 1027 4011 1080 male

2401 1110 2564 1164 vitam
2619 1109 2802 1176 ducit,
2832 1112 3071 1182 improba
3120 1117 3412 1183 postposita
3461 1116 3600 1178 vita,
3633 1115 3696 1169 ad
3746 1117 4008 1171 virtutem

2403 1203 2631 1257 transire
2651 1243 2666 1269 ,
2696 1204 2866 1274 iisque
2897 1205 2987 1274 qui
3017 1220 3048 1258 a
3087 1207 3347 1275 principio
3373 1206 3509 1260 bene
3530 1207 3813 1272 vixerunt,
3843 1207 4009 1261 siml—

2399 1292 2504 1347 lem
2546 1293 2693 1358 ﬁeri;
2721 1295 2863 1364 quod
2906 1305 2962 1349 et
3007 1311 3106 1351 nos
3133 1297 3462 1352 studeamus.
3493 1298 3559 1351 Et
3595 1299 3684 1368 qui
3715 1299 3866 1353 bona:
3894 1299 4003 1353 sibi

2398 1386 2598 1440 conscii
2641 1385 2837 1441 fuerint
2870 1388 2991 1443 vitae
3013 1430 3028 1454 ,
3057 1389 3109 1442 in
3153 1389 3349 1457 pietate
3387 1398 3733 1458 perseverent
3755 1430 3772 1455 ,
3802 1389 4006 1443 bonam

2401 1477 2540 1533 hanc
2563 1480 2954 1549 possessionem
2981 1490 3493 1550 semperaugentes,
3519 1491 3573 1535 et
3599 1481 3759 1548 priori
3791 1479 4008 1535 ﬁducia:

2399 1568 2598 1639 aliquid
2635 1569 2888 1623 continuo
2915 1569 3211 1624 addentes:
3238 1571 3326 1640 qui
3357 1579 3532 1624 autem
3564 1569 3867 1625 difﬁdentes
3900 1585 4006 1624 su-

2400 1672 2519 1712 mus
2533 1673 2595 1712 ac
2616 1647 3222 1729 timidifmultorumque
3234 1660 3392 1713 nobis
3414 1668 3751 1729 peccatorum
3771 1660 4002 1724 conscii,

2402 1757 2672 1803 mutemur
2701 1749 2754 1804 in
2798 1751 3018 1812 melius;
3049 1759 3104 1804 ut
3131 1750 3196 1804 ad
3239 1751 3450 1804 illorum
3496 1765 3708 1819 quoque
3736 1749 4004 1817 ﬁduciam

2404 1842 2801 1910 pertingentes,
2850 1844 3050 1909 pariter
3093 1842 3270 1896 cuncti
3327 1853 3488 1912 atque
3535 1841 3818 1895 unanimes
3873 1855 4003 1894 cum

2399 1931 2578 1986 debita
2624 1932 2793 2001 gloria
2841 1933 3152 2001 angelorum
3206 1931 3409 2001 Regem
3465 1932 3838 2000 suscipiamus,
3872 1929 4006 1983 bea-

2402 2034 2558 2094 taque
2587 2024 2674 2078 illa
2705 2026 2885 2078 laetitia
2925 2025 3262 2094 perfruamur
3293 2024 3344 2076 in
3375 2022 3589 2076 Christo
3616 2023 3742 2077 Jesu
3771 2021 4006 2075 Domino

2403 2127 2620 2183 nostro,
2652 2118 2736 2171 cui
2762 2117 2927 2186 gloria
2966 2127 3018 2170 et
3064 2116 3348 2186 imperium
3388 2130 3510 2169 cum
3553 2115 3709 2168 Patre
3735 2123 3786 2168 et
3812 2125 4005 2166 saneto

2401 2207 2631 2277 Spiritu,
2666 2224 2805 2263 nunc
2845 2217 2900 2263 et
2935 2223 3184 2277 semper,
3230 2218 3285 2262 et
3332 2209 3384 2261 in
3425 2207 3618 2262 stccula
3655 2206 4002 2260 szcculoruin.

2402 2303 2593 2355 Amen.

710 2618 3654 2653 Imm
1842 2631 3954 2668 _—-—-———-—__—————.-———=—

2149 2863 2501 2928 MONITUM

743 3074 818 3134 ‘ln
849 3080 1068 3136 homilia
1099 3082 1290 3152 quinta
1321 3083 1386 3139 de
1409 3085 1566 3139 Anna
1623 3083 1898 3139 Samuelis
1927 3092 2121 3150 matre,
2153 3086 2404 3154 queritur
2442 3085 2599 3140 initio
2621 3084 3071 3157 Chrysostomus,
3117 3101 3176 3142 se
3210 3083 3539 3157 praecedenti
3576 3082 3839 3141 concione
3869 3086 3963 3140 die

691 3197 1045 3253 Pentecostes
1069 3197 1252 3253 habita
1285 3197 1491 3254 frustra
1514 3199 1816 3264 monuisse,
1865 3216 1974 3253 non
2009 3199 2204 3255 diebus
2247 3202 2424 3256 solum
2459 3199 2639 3264 festis,
2677 3201 2769 3256 sed
2803 3203 2968 3256 etiam
3005 3202 3129 3256 aliis
3161 3217 3256 3270 per
3283 3217 3489 3255 annum
3525 3201 3816 3256 ecclesiam
3843 3217 3969 3256 esse

695 3309 1146 3381 frequentandam
1182 3329 1196 3364 :
1232 3326 1295 3365 ea
1321 3325 1451 3366 vero
1484 3311 1550 3365 de
1581 3327 1639 3366 re
1682 3312 1851 3366 multa
1884 3309 2052 3365 verba
2083 3310 2212 3364 facit
2252 3308 2682 3382 Cbrysoslomus
2742 3311 2899 3365 initio
2929 3311 3128 3380 prioris
3159 3309 3214 3363 in
3271 3307 3633 3368 Pentecosten
3696 3313 3963 3374 homilim,

685 3428 841 3484 unde
873 3428 1059 3483 statim
1093 3427 1340 3483 videatur
1359 3427 1491 3483 hinc
1519 3428 1782 3498 temporis
1807 3428 2052 3482 calculus
2087 3428 2197 3497 peti
2226 3441 2407 3497 posse.
2433 3425 2635 3481 Verum
2673 3426 2801 3481 huic
2824 3425 3067 3494 opinioni
3091 3426 3393 3482 reclamant
3420 3443 3504 3490 ea,
3537 3443 3660 3498 qua:
3683 3445 3805 3485 mox
3835 3432 3972 3486 sub-

687 3540 810 3607 jicit
839 3541 1271 3613 Cbrysostomus
1298 3540 1350 3593 in
1392 3540 1615 3594 bomilia
1647 3541 1736 3594 illa
1765 3541 1831 3594 de
1859 3539 2038 3594 Anna.
2072 3538 2139 3593 In
2185 3541 2283 3593 hoc
2307 3541 2467 3605 enim,
2502 3539 2698 3611 inquit,
2727 3541 2869 3598 vobis
2902 3542 3430 3596 commemoravimus
3461 3543 3634 3612 ﬁlium
3662 3545 3814 3598 illum
3869 3563 3971 3614 pa-

691 3660 966 3705 ternarum
1000 3653 1320 3720 facultatum
1360 3655 1772 3724 absumptorem,
1808 3658 2018 3711 tandem
2051 3659 2120 3710 ad
2173 3669 2452 3726 paternam
2502 3659 2716 3712 domum
2745 3658 3071 3727 postliminio
3106 3676 3388 3724 reversum,
3427 3664 3827 3734 universumque
3851 3668 3966 3735 ejus

693 3766 987 3832 miseriam,
1025 3767 1241 3836 famem,
1271 3767 1516 3835 dedecus,
1572 3771 1876 3840 opprobria,
1923 3781 1973 3826 et
2023 3774 2280 3843 quidquid
2316 3774 2458 3843 apud
2485 3784 2689 3827 exteros
2721 3773 2962 3842 pertulit,
2991 3774 3314 3829 adduximus
3355 3777 3408 3828 in
3453 3778 3702 3842 medium,
3762 3790 3820 3833 ut
3868 3782 3967 3837 hoe

693 3879 933 3948 exemplo
958 3882 1026 3935 ad
1050 3883 1386 3938 sobrietatem
1413 3901 1502 3938 vos
1534 3886 1905 3957 redigeremus.
1937 3884 2061 3943 Hinc
2099 3900 2206 3943 tam
2237 3891 2408 3944 multa
2440 3906 2498 3944 se
2535 3889 2790 3942 retulisse
2815 3889 2948 3943 dicit
2974 3889 3026 3943 iu
3062 3889 3176 3955 illa,
3209 3905 3373 3960 quam
3406 3903 3691 3960 memorat,
3723 3895 3789 3951 de
3824 3895 3966 3952 Pen-

674 4002 898 4070 tecoste
950 3995 1172 4051 humilia
1223 4017 1242 4051 ιε
1281 4013 1515 4067 quorum
1550 4017 1618 4054 ne
1639 4003 1744 4073 γρῦ
1779 4003 2002 4071 quidem
2037 4004 2090 4057 in
2121 4005 2223 4058 hac
2251 4008 2516 4059 occurrit.
2553 4003 2920 4071 Quamobrem
2954 4005 3071 4060 haec
3101 4006 3168 4059 ad
3193 4005 3354 4060 aliam
3379 4009 3652 4077 pertinere
3685 4011 3965 4070 homiliam

693 4127 855 4166 nemo
879 4117 1173 4182 negaverit.
1209 4115 1395 4185 Neque
1421 4119 1472 4173 id
1499 4119 1698 4172 mirum
1731 4129 1816 4173 est
1842 4139 1853 4173 :
1887 4130 1994 4174 tam
2019 4120 2332 4190 freqinrnter
2354 4124 2498 4176 enim
2533 4123 2888 4191 conqueritur
2917 4122 3347 4194 Chrysostomus
3369 4123 3437 4178 de
3468 4126 3739 4193 paucitate
3764 4143 3968 4185 conve-

694 4227 962 4282 nientium
989 4229 1042 4281 in
1075 4229 1386 4297 ecclesiam,
1429 4241 1489 4286 ut
1523 4231 1682 4288 facile
1710 4237 1970 4304 potuerit,
2007 4237 2294 4290 duodecim
2336 4253 2628 4303 annorum,
2664 4240 2866 4309 quibus
2897 4240 3204 4296 Antiochia:
3226 4243 3586 4299 concionatus
3615 4253 3718 4309 est,
3756 4248 3965 4315 spatio,

681 4341 748 4394 in
781 4341 1224 4399 solemnitatibus
1250 4342 1605 4403 Pentecostes
1635 4348 1883 4403 eamdem
1919 4350 2319 4420 querimoniam
2347 4353 2550 4421 pluries
2587 4364 2852 4422 repetere.

769 4458 894 4513 Non
914 4476 1078 4530 parva
1106 4472 1287 4517 autem
1322 4465 1497 4519 oritur
1526 4466 1817 4524 dillieultas
1841 4485 1907 4524 ex
1931 4474 2345 4527 enumeratione
2395 4475 2756 4544 insigniorum
2813 4474 3190 4544 festivitatum,
3217 4492 3357 4546 quas
3409 4477 3516 4531 sub
3544 4476 3762 4530 initium
3799 4478 3969 4550 hujus

697 4575 981 4631 coneionis
1007 4565 1402 4633 commemorat
1427 4597 1439 4632 :
1474 4581 1548 4635 ibi
1575 4599 1812 4654 namque
1835 4586 2034 4654 prima,
2063 4587 2280 4657 πρώτη.
2313 4589 2516 4645 dicitur
2538 4607 2656 4646 esse
2690 4589 3008 4662 Epiphaniae
3036 4590 3340 4657 festivitas;
3375 4590 3615 4644 secunda
3643 4590 3968 4659 Paschatis;

700 4689 857 4743 tertia
883 4677 1251 4744 Pentecostes.
1281 4689 1556 4756 Quaeritur
1586 4709 1714 4749 vero
1745 4711 1844 4751 cur
1867 4694 2076 4751 Natalis
2107 4696 2312 4753 Christi
2349 4699 2752 4755 solemnitatem
2779 4702 2995 4756 omittat
3022 4701 3474 4772 Chrysostomus,
3511 4708 3567 4755 et
3597 4715 3694 4755 cur
3727 4699 3971 4772 Epipha-

700 4805 790 4860 nia
829 4806 1002 4873 prima
1038 4817 1292 4876 ponatur.
1326 4807 1462 4863 Cum
1496 4811 1640 4865 enim
1662 4819 1872 4867 eertum
1904 4815 2360 4886 exploratumque
2399 4817 2471 4872 sit
2499 4817 2640 4872 diem
2682 4818 2923 4872 Natalem
2951 4817 3150 4873 Christi
3185 4825 3431 4889 tempore
3458 4818 3839 4889 Cbrysostomi
3862 4820 3974 4873 An-

700 4922 921 4977 tiochia:
949 4920 1276 4978 celebratam
1310 4919 1479 4976 fuisse
1507 4921 1578 4974 25
1617 4922 1948 4992 Decembris,
1985 4936 2040 4981 et
2067 4925 2428 4997 Epiphaniam
2478 4939 2630 4985 sexta
2659 4927 2931 4993 Januarii,
2958 4939 3105 4986 certe
3131 4929 3331 4985 debuit
3370 4931 3463 4986 ille
3493 4931 3611 4988 dies
3643 4929 3855 4986 Natalis
3916 4931 3969 4986 in

699 5037 1019 5095 recensione
1047 5036 1374 5104 memorari;
1423 5037 1534 5092 imo
1565 5036 1775 5107 primas
1805 5047 1988 5099 tenere
2015 5061 2028 5098 :
2055 5058 2180 5099 nam
2226 5059 2349 5099 cum
2378 5044 2705 5101 Antiocheni
2732 5060 2936 5100 annum
2971 5047 3316 5113 inchoarent,
3364 5057 3424 5104 ut
3465 5049 3729 5112 creditur,
3781 5062 3968 5107 mense
