4206 6318
1291 357 1376 411 DE
1416 356 1685 412 SANCTA
1727 355 2198 413 I’ENTECOSTE.
2246 353 2482 410 IIOMIL.
2528 354 2566 408 1.

291 589 1653 609 -————.-—-——_.__._—_.—
1661 597 2265 610 ψ’*

1408 813 1508 869 Dii
1559 813 1860 871 SANCTA
1929 812 2478 883 PENTECOSTE,

290 986 375 1028 ET
419 987 538 1029 cett
575 989 700 1031 um
741 990 863 1032 non
913 989 1098 1033 rmth
1136 991 1481 1045 hlittAt:bl.A,
1515 964 1817 1044 evenere

1983 1018 1990 1044 ,
2028 993 2170 1044 ρυλε
2214 991 2560 1034 GERENTUR
2604 992 2677 1035 AC
2720 992 3038 1034 DICUNTUR
3087 993 3118 1032 Δ
3175 990 3383 1041 NOBIS,
3428 987 3578 1029 νειμ

1729 1094 1944 1136 εριιιιιΑ
1960 1096 2075 1136 Ντυ
2091 1097 2148 1136 ιι.

947 1498 1162 1539 ιιοιιιιιΑ
1201 1497 1214 1534 l
1256 1479 1354 1553 (a).

368 1577 411 1630 Ι.
453 1578 654 1632 llursus
697 1575 955 1631 festivitas
979 1615 995 1640 ,
1019 1587 1309 1641 rursusque
1340 1569 1508 1626 festus
1551 1580 1877 1634 conVentus,

287 1681 354 1722 ac
381 1682 566 1722 rursus
588 1666 821 1722 Ecclesia
853 1665 1082 1720 ﬁliorum
1111 1662 1443 1717 multitudine
1463 1663 1741 1732 gloriatur,
1767 1664 1881 1716 Iure

289 1761 582 1812 multorum
649 1757 938 1812 liberormn
1000 1769 1195 1827 parens
1225 1796 1239 1821 ,
1284 1753 1588 1824 eademque
1646 1753 1878 1806 ﬁliorum

287 1867 498 1905 amans.
524 1850 630 1905 Sed
657 1850 780 1919 quid
811 1847 1028 1919 prodest
1070 1862 1221 1900 amor
1251 1837 1478 1899 ﬁliarum
1498 1887 1513 1912 ,
1542 1844 1877 1914 quandoqui-

289 1942 413 1997 dem
446 1943 498 1996 in
528 1941 677 1996 festis
703 1943 873 1997 solum
899 1983 914 2004 ,
949 1954 1053 1994 non
1084 1946 1367 2008 perpetuo,
1396 1936 1621 1992 dilectos
1650 1937 1877 1990 ﬁliorum

287 2035 468 2086 vultus
489 2033 745 2096 intuetur,
770 2049 874 2085 non
896 2045 1050 2086 secus
1071 2045 1132 2083 ac
1159 2028 1202 2083 si
1230 2028 1351 2098 quis
1372 2025 1645 2097 pulchram
1672 2039 1873 2081 vestem

285 2126 481 2180 habeat
508 2167 523 2190 ,
557 2141 655 2181 nec
679 2126 726 2179 ei
753 2140 964 2194 semper
995 2124 1080 2176 illa
1111 2123 1184 2175 uti
1209 2120 1581 2192 permittatur?
1609 2120 1702 2176 Est
1731 2120 1875 2173 enim

286 2215 551 2272 Ecclesia:
591 2216 752 2270 vestis
801 2214 1123 2268 adstantium
1175 2211 1497 2276 multitudo,
1525 2211 1664 2265 sicut
1709 2218 1763 2265 et
1805 2211 1878 2264 ait

286 2308 547 2378 propheta
573 2309 652 2363 sic
675 2308 802 2361 olim
830 2305 1126 2361 Ecclesiam
1154 2305 1460 2375 alloquutus
1488 2345 1503 2370 ,
1538 2302 1724 2359 Omnes
1754 2304 1876 2357 istos

281 2399 621 2453 circamdabis
669 2398 756 2453 tibi
800 2407 855 2451 ut
896 2407 1246 2451 ornamentum
1290 2395 1499 2465 sponsi,
1535 2405 1578 2448 et
1608 2403 1660 2447 ut
1695 2395 1878 2448 stolam

281 2491 526 2561 sponsw(
552 2489 680 2545 lsai.
705 2490 797 2545 49.
829 2490 895 2544 18
917 2490 955 2558 ).
984 2488 1050 2543 Ut
1080 2488 1240 2558 igitur
1282 2487 1503 2540 honesta
1541 2485 1785 2555 qua-dam
1824 2495 1881 2540 et

281 2582 511 2652 ingenua
542 2583 767 2649 mulier,
788 2583 870 2636 cui
912 2581 1086 2635 tunica
1120 2581 1189 2635 sit
1216 2587 1360 2635 recte
1388 2579 1680 2648 composita
1719 2588 1773 2633 et
1811 2577 1878 2632 ad

282 2677 420 2727 talus
450 2689 616 2744 usque
631 2673 882 2736 demissa,
907 2673 1073 2726 multo
1092 2680 1310 2741 apparet
1335 2670 1630 2738 elegantior
1650 2683 1712 2723 ac
1737 2684 1877 2736 prte-

281 2767 512 2821 stantior
567 2781 581 2820 :
631 2765 712 2821 sic
768 2766 928 2820 etiam
997 2764 1237 2819 Ecclesia
1305 2764 1473 2818 multo
1541 2760 1879 2831 splendidior

283 2856 446 2912 hodie
491 2855 762 2921 redditur,
805 2855 933 2910 dum
987 2870 1271 2924 corporum
1320 2860 1617 2912 vestrorum
1674 2852 1879 2922 obtegi-

283 2959 372 3001 tur
437 2948 802 3010 multitudine.
836 2961 898 3002 ac
947 2958 1095 3003 recte
1149 2947 1442 3016 composita
1489 2957 1634 3001 veste
1684 2945 1875 3000 amici-

283 3051 392 3093 tur.
419 3039 572 3094 Nulla
601 3039 742 3094 enim
775 3054 896 3107 pars
923 3039 1040 3108 ejus
1086 3037 1245 3092 hodie
1287 3037 1424 3091 nuda
1450 3037 1588 3092 sicut
1626 3036 1874 3106 superio-

288 3136 440 3195 ribus
469 3131 654 3193 diebus
677 3133 823 3187 cerni
850 3139 1023 3200 potest
1048 3149 1062 3184 :
1085 3130 1178 3185 sed
1201 3129 1345 3184 illius
1372 3129 1674 3184 nudatiouis
1694 3137 1876 3183 aucto-

278 3250 372 3290 res
399 3233 606 3288 fuerunt
633 3233 702 3300 ii,
733 3233 822 3303 qui
853 3230 1012 3286 hodie
1055 3237 1265 3286 tantum
1309 3226 1617 3288 adluerunt,
1645 3225 1735 3292 qui
1768 3237 1876 3277 non

282 3337 540 3397 perpetuo
565 3337 786 3380 matrem
815 3327 1092 3394 obtegunt.
1115 3323 1377 3376 Caeterum
1400 3335 1506 3375 non
1535 3319 1876 3388 mediocriter

283 3419 641 3487 periculosum
668 3432 786 3471 esse
813 3415 1005 3470 nudam
1033 3424 1262 3468 matrem
1291 3413 1559 3482 negligere
1601 3409 1768 3480 probe
1796 3412 1876 3464 in-

285 3511 588 3580 telligemus
611 3550 627 3574 ,
654 3510 699 3563 si
727 3508 920 3562 veteris
966 3504 1202 3560 historiae
1242 3503 1618 3566 recordemur;
1651 3502 1693 3556 si
1739 3501 1876 3554 illius

282 3603 375 3672 qui
425 3609 693 3670 parentem
735 3599 932 3653 nudum
974 3595 1139 3661 vidit,
1168 3593 1554 3658 recordemur,
1578 3602 1631 3646 et
1657 3591 1877 3645 visionis

285 3697 430 3752 illius
455 3709 639 3766 pmnas
666 3693 810 3748 dedit
837 3690 991 3761 (Gen.
1010 3690 1064 3744 9.
1095 3689 1184 3742 2|.
1211 3685 1343 3757 sqq.)
1375 3702 1389 3738 :
1422 3685 1628 3738 tametsi
1660 3701 1762 3738 non
1790 3684 1877 3737 ille

284 3785 499 3857 quidem
531 3794 732 3855 patrem
767 3782 964 3836 nntlunt
1007 3779 1270 3842 reddidit,
1302 3777 1394 3831 sed
1421 3776 1552 3829 vidit
1575 3776 1750 3830 solum
1783 3792 1877 3843 pa-

286 3889 456 3943 trem,
477 3892 598 3931 cum
629 3876 799 3928 nudus
824 3882 1003 3937 esset,
1027 3880 1083 3927 et
1113 3886 1178 3923 ne
1209 3871 1286 3923 sic
1314 3867 1529 3939 quidem
1557 3865 1876 3936 supplicium

284 3968 490 4038 cﬂugit,
518 3968 638 4038 quia
659 3969 788 4020 vidit
807 3967 999 4028 solum;
1020 3973 1075 4016 at
1101 3963 1189 4033 qui
1215 3961 1410 4015 adsunt
1438 3959 1618 4026 hodie,
1637 3967 1693 4013 ct
1717 3968 1874 4013 antea

286 4076 394 4114 non
425 4059 728 4120 adfuerunt,
763 4073 866 4111 non
900 4056 1094 4110 nudam
1126 4060 1352 4107 matrem
1380 4059 1627 4116 cernunt,
1657 4049 1750 4104 sed
1778 4065 1874 4104 nu-

284 4156 408 4208 dam
431 4154 598 4222 ipsam
627 4152 877 4207 efﬁciunt.
907 4147 1056 4218 Quod
1087 4147 1130 4200 si
1158 4147 1201 4200 is
1227 4145 1317 4216 qui
1348 4143 1650 4198 nudatiouis
1669 4151 1880 4211 specta-

285 4255 372 4298 tor
401 4244 515 4309 fuit,
547 4243 859 4312 supplicium
893 4255 1000 4292 non
1025 4236 1273 4301 evitavit;
1302 4236 1391 4306 qui
1424 4234 1726 4290 nudatiouis
1753 4243 1879 4289 sunt

283 4344 570 4395 auctores,
601 4347 758 4402 quam
800 4330 1015 4384 tandem
1064 4327 1276 4381 veniam
1319 4325 1707 4380 merebuntur?
1752 4325 1877 4380 Htec

285 4439 416 4482 vero
439 4423 560 4482 dico
589 4439 694 4477 non
723 4432 778 4476 ut
799 4436 894 4476 eos
923 4417 1205 4489 porcellum
1227 4459 1241 4484 ,
1272 4416 1364 4472 sed
1394 4423 1449 4470 ut
1486 4431 1697 4486 pinnam
1740 4414 1876 4470 ellu-

283 4530 495 4585 gtamus
515 4555 529 4579 ,
560 4523 619 4568 ut
643 4511 1070 4568 maledictionem
1095 4509 1262 4564 Cham
1301 4507 1632 4578 el'l'ugiamus,
1667 4516 1724 4561 ut
1751 4509 1876 4561 Sent

286 4614 342 4660 et
369 4603 596 4674 Japheth
633 4602 1057 4658 benevolentiam
1096 4600 1366 4654 imitemur
1388 4641 1404 4664 ,
1435 4612 1499 4652 ac
1523 4607 1747 4653 utre
1779 4611 1878 4652 nos

286 4709 500 4767 quoque
541 4704 778 4749 nostram
822 4707 1037 4762 semper
1074 4690 1407 4760 obtegamus.
1445 4689 1652 4745 Judaici
1688 4704 1879 4743 sensus

286 4801 368 4844 est
403 4797 484 4841 ter
511 4789 564 4842 in
589 4801 731 4841 anno
756 4795 957 4839 tantum
984 4799 1240 4853 apparere
1268 4783 1377 4838 Deo
1404 4799 1416 4836 :
1440 4782 1505 4835 ad
1535 4782 1654 4834 illos
1678 4780 1876 4834 dictant

285 4888 370 4934 est
400 4895 414 4930 :
440 4875 536 4932 Ter
555 4877 608 4931 in
629 4893 762 4930 anno
789 4875 1058 4945 apparebis
1083 4873 1298 4927 Domino
1327 4872 1436 4926 Deo
1464 4883 1548 4925 tuo
1571 4870 1874 4944 (153011.25.

289 4973 376 5039 l7)
405 4989 417 5023 :
438 4984 538 5024 nos
556 4979 731 5023 autem
748 4983 960 5037 semper
975 4966 1074 5021 sibi
1093 4966 1207 5020 vult
1233 4965 1372 5020 Deus
1391 4979 1667 5033 apparere.
1697 4963 1880 5019 Enim-

286 5077 416 5118 vero
447 5061 686 5117 locorum
712 5063 871 5116 etiam
904 5059 1178 5114 intervalla
1205 5056 1511 5112 efliciebant
1532 5097 1546 5119 ,
1581 5063 1641 5110 ut
1679 5065 1757 5110 tot
1790 5072 1880 5112 so-

287 5153 566 5210 lummodo
599 5163 892 5208 conventus
935 5152 1011 5206 illi
1036 5159 1291 5220 agerent,
1315 5150 1455 5220 quod
1489 5165 1594 5204 uno
1622 5158 1731 5205 tum
1761 5149 1880 5204 loco

288 5246 379 5301 Dei
409 5246 586 5302 cultus
609 5245 894 5301 conclusus
912 5251 1057 5298 esset
1084 5261 1096 5295 :
1128 5249 1410 5310 propterea
1441 5255 1563 5295 raro
1592 5238 1878 5294 admodum

285 5339 599 5408 congregari
649 5345 893 5406 poterant
941 5346 997 5390 et
1047 5334 1237 5390 adesse
1286 5351 1298 5386 :
1352 5348 1474 5387 nam
1531 5331 1879 5403 Jerosolymis

287 5429 516 5483 adorare
544 5442 763 5483 necesse
781 5424 884 5482 fuit
903 5467 918 5493 ,
944 5425 1069 5480 alibi
1099 5441 1435 5495 nequaquam
1466 5441 1478 5477 :
1511 5424 1708 5479 idcirco
1740 5439 1876 5492 pra:-

285 5523 428 5591 ct~pit
466 5529 526 5576 ut
571 5529 652 5576 ter
696 5521 747 5575 in
785 5535 928 5576 anno
969 5520 1080 5575 Deo
1121 5529 1475 5588 apparerent,
1507 5527 1566 5572 et
1595 5516 1880 5572 excusabat

288 5630 382 5668 eos
407 5612 613 5668 itineris
639 5612 996 5677 intervallum;
1025 5627 1125 5668 nos
1146 5627 1273 5667 vero
1294 5611 1498 5666 nullum
1519 5611 1879 5666 excusationis

285 5721 454 5775 genus
471 5712 629 5773 teget.
655 5706 828 5773 Atque
849 5704 922 5758 illi
939 5703 1154 5774 quidem
1178 5702 1372 5772 ubique
1391 5702 1628 5756 locorum
1649 5701 1876 5769 diSpersi

350 5797 421 5906 ((A2
453 5793 627 5844 (Dilata
649 5806 757 5844 ctuti
931 5802 1079 5856 Regg.
1096 5793 1248 5867 .2027,
1272 5793 1365 5864 252
1377 5793 1415 5844 ι,
1439 5800 1489 5864 et
1505 5791 1717 5844 Colhcrt.
1741 5793 1820 5844 l7l
1836 5793 1850 5842 l
1863 5825 1881 5856 ,

356 5858 372 5906 l
415 5896 427 5906 .
452 5857 535 5906 qui
560 5868 706 5906 naues
734 5857 966 5906 exhibent
995 5855 1257 5906 lectionum
1274 5856 1565 5906 discrimina.

283 5855 428 5918 Ibis,
452 5857 535 5921 qui
558 5868 706 5922 pauca
734 5857 966 5921 exhibent
995 5855 1257 5907 lecticam
1274 5855 1565 5906 discrimina.

1991 1486 2143 1530 erant
2169 1495 2182 1530 :
2209 1475 2373 1530 Erant
2400 1477 2566 1542 enim,
2595 1475 2781 1546 inquit,
2807 1477 2858 1528 in
2885 1475 3169 1530 Jerusalem
3189 1478 3468 1532 habitantes
3488 1477 3587 1531 Ju-

1986 1571 2104 1634 dwi,
2132 1572 2227 1624 viri
2246 1571 2467 1640 religiosi
2495 1586 2554 1623 ea:
2577 1568 2716 1623 omni
2738 1570 2939 1623 natione
2962 1585 3075 1638 qua:
3093 1570 3183 1623 sub
3205 1570 3328 1623 creto
3349 1579 3422 1623 est
3446 1570 3582 1640 (Act.

1983 1663 2038 1717 2.
2071 1663 2160 1732 5);
2190 1678 2287 1717 nos
2333 1678 2460 1716 vero
2507 1659 2776 1715 civitatem
2828 1676 2985 1715 unam
3033 1661 3333 1715 habitanms
3359 1677 3582 1724 omnes,

1987 1755 2122 1807 intra
2155 1753 2341 1808 eadem
2375 1755 2570 1808 nimnia
2607 1753 2948 1808 considetnus
2970 1796 2987 1819 ,
3021 1770 3083 1809 ac
3115 1770 3491 1824 sa-pcnumero
3516 1772 3584 1810 ne

1987 1862 2094 1899 uno
2133 1846 2348 1916 quidem
2393 1846 2673 1915 angiportu
2717 1846 2786 1900 ab
2816 1847 3043 1901 ecclesia
3091 1847 3502 1917 distinguimur,
3532 1860 3587 1904 et

1986 1939 2206 2008 perinde
2235 1953 2297 1992 ac
2327 1939 2372 1992 si
2405 1938 2559 2007 longa
2593 1939 2758 1993 maria
2783 1955 2884 1994 nos
2906 1938 3221 1996 dirimerent
3245 1984 3258 2006 ,
3287 1941 3425 1995 adeo
3462 1956 3586 1996 raro

1983 2039 2277 2085 conventus
2299 2029 2428 2084 istos
2450 2029 2807 2084 celebramus.

2057 2121 2269 2190 Semper
2281 2123 2408 2190 {esto
2421 2137 2687 2191 possumus
2706 2122 3228 2192 celebrare—Atque
3243 2123 3347 2177 illis
3369 2125 3584 2194 quidem

1985 2214 2150 2268 tribus
2168 2214 2339 2268 solum
2359 2214 2708 2284 temporibus,
2729 2221 2788 2268 ut
2809 2214 2999 2269 festum
3015 2225 3256 2285 agerent,
3282 2217 3583 2286 imperavit,

1985 2306 2139 2361 nobis
2150 2316 2324 2362 autem
2347 2316 2400 2361 ut
2414 2322 2627 2378 semper
2643 2307 2696 2362 id
2709 2310 3248 2378 prastemustpera
3258 2311 3327 2364 vit
3345 2331 3356 2366 :
3373 2326 3587 2381 semper

1983 2399 2124 2454 enim
2143 2399 2299 2454 nobis
2327 2409 2410 2453 est
2431 2399 2712 2454 festivitas.
2737 2399 2806 2455 Ut
2823 2400 2978 2470 igitur
2999 2401 3591 2472 intelligatis.festivita-'

1986 2502 2090 2546 tem
2115 2491 2268 2546 nobis
2292 2508 2504 2560 semper
2523 2506 2663 2557 esse,
2686 2493 3026 2547 festivitatum
3053 2493 3226 2548 dicam
3246 2497 3583 2563 occasiones,

1983 2592 2039 2637 et
2053 2581 2241 2637 diebus
2259 2583 2482 2653 singulis
2501 2583 2689 2638 festum
2703 2597 2823 2640 esse
2837 2585 3192 2652 cognoscetis.
3214 2585 3395 2656 Itaque
3414 2589 3583 2657 prima

1985 2673 2242 2729 festivitas
2263 2673 2402 2743 apud
2434 2690 2532 2730 nos
2550 2673 2847 2744 Epiphania
2878 2674 2986 2746 (a):
3018 2691 3139 2745 qua:
3171 2691 3331 2746 porro
3350 2679 3467 2733 festi
3499 2689 3586 2735 est

1983 2765 2238 2820 occasio?
2267 2764 2530 2831 Quoniam
2560 2766 2700 2820 Deus
2731 2765 2794 2818 In
2822 2767 2968 2820 terris
2995 2768 3132 2821 uisus
3158 2777 3252 2832 est,
3281 2779 3329 2821 et
3352 2785 3466 2823 cum
3493 2772 3586 2824 lio-

1983 2857 2198 2910 minibus
2219 2867 2538 2911 conversatus
2560 2870 2629 2911 est
2652 2855 2902 2925 (Boruch.
2928 2858 2981 2914 5.
3007 2857 3099 2930 58)
3119 2876 3130 2911 :
3153 2860 3581 2931 quandoquidem

1983 2949 2286 3017 unigenitns
2319 2949 2410 3003 Dei
2452 2948 2619 3003 Filius
2649 2948 2788 3002 Deus
2814 2948 3094 3003 nobiscum
3122 2949 3256 3016 fuit;
3282 2959 3337 3005 at
3369 2952 3471 3008 hoc
3499 2963 3584 3008 est

1981 3056 2195 3109 semper
2225 3059 2238 3093 ε
2275 3038 2404 3094 Ecce
2443 3041 2588 3095 enim
2613 3081 2630 3108 ,
2659 3041 2865 3110 inquit,
2897 3041 3153 3096 uobiscum
3196 3059 3310 3097 sum
3352 3046 3584 3101 omnibus

1981 3133 2157 3186 diebus
2177 3148 2330 3203 usque
2349 3132 2416 3185 ad
2429 3135 2913 3187 consummationem
2931 3135 3104 3188 swculi
3125 3135 3334 3205 (Matth.
3355 3137 3445 3191 28.
3468 3137 3586 3208 20),

1981 3223 2102 3279 ideo
2134 3224 2357 3294 singulis
2393 3223 2582 3278 diebus
2608 3223 2903 3294 Epiphania
2945 3239 3234 3296 possumus
3273 3228 3575 3290 celebrare.

1980 3321 2115 3389 Quid
2160 3319 2260 3375 sibi
2305 3315 2415 3374 vult
2455 3314 2646 3373 festum
2674 3314 2895 3371 Pascha:
2916 3357 2933 3386 ,
2966 3324 3022 3374 et
3047 3331 3292 3391 quasnam
3325 3321 3466 3379 illius
3495 3333 3576 3380 est

1980 3414 2228 3468 occasio?
2249 3412 2468 3467 Mortem
2496 3411 2705 3466 Domini
2732 3425 2841 3466 tum
2867 3414 3266 3480 annuntiamus,
3292 3427 3345 3469 et
3368 3415 3470 3471 hoc
3496 3427 3585 3472 est

1981 3502 2183 3558 Pascha
2213 3521 2224 3555 :
2253 3503 2345 3558 sed
2379 3519 2445 3558 ne
2474 3503 2574 3558 hoc
2595 3503 2812 3573 quidem
2837 3513 3079 3573 tempore
3103 3504 3326 3560 deﬁnito
3356 3508 3581 3578 agimus.

1981 3595 2112 3651 Cum
2143 3597 2285 3651 enim
2317 3597 2480 3652 vellet
2510 3611 2608 3650 nos
2635 3597 2831 3651 Paulus
2865 3610 2894 3649 a
2929 3606 3228 3666 temporum
3261 3603 3584 3657 necessitate

1983 3687 2236 3753 liberare,
2267 3697 2430 3756 atque
2461 3687 2753 3743 ostendens
2783 3704 2941 3758 posse
2973 3705 3071 3744 nos
3112 3705 3328 3759 semper
3380 3692 3582 3749 Pascha

1980 3781 2255 3836 celebrare
2287 3798 2299 3834 :
2338 3781 2762 3855 Quotiescumque
2791 3781 2924 3835 enim
2947 3823 2962 3848 ,
2991 3783 3182 3852 inquit,
3211 3785 3587 3841 manducabt’tis

1983 3889 2164 3942 panem
2188 3874 2320 3926 hunc
2339 3915 2355 3938 ,
2379 3883 2424 3927 et
2447 3875 2656 3927 calicem
2676 3863 2848 3928 bibatis
2867 3916 2880 3937 ,
2912 3885 3122 3928 mortem
3148 3875 3354 3932 Domini
3381 3895 3586 3933 annun-

1981 3966 2170 4020 tiabitis
2196 3967 2270 4037 (Ι.
2296 3965 2414 4021 Cor.
2441 3967 2528 4021 ll.
2555 3963 2672 4028 26).
2704 3967 2928 4034 Quando
2959 3969 3116 4038 igitur
3138 3984 3353 4040 semper
3375 3973 3584 4030 Domini

1981 4068 2206 4113 mortem
2222 4072 2506 4126 possumus
2515 4057 3063 4124 annuntiare,Pasclta
3075 4074 3289 4130 semper
3304 4077 3589 4130 passutnus

1980 4151 2253 4206 celebrare
2274 4151 2468 4206 :Vultis
2484 4166 2644 4207 nosse
2659 4151 2999 4210 festivitatem
3035 4153 3170 4208 hanc
3187 4154 3347 4210 etiam
3364 4155 3584 4211 hodier-

1982 4258 2104 4296 nam
2131 4243 2354 4312 singulis
2382 4241 2573 4298 diebus
2608 4242 2818 4312 impleri
2853 4258 3041 4313 posse,
3067 4244 3177 4298 imo
3208 4261 3336 4299 vero
3364 4247 3586 4317 singulis

1980 4333 2169 4388 diebus
2199 4335 2356 4389 esse?
2385 4333 2694 4400 Videamus,
2719 4350 2961 4403 quaenam
2987 4335 3132 4390 illius
3160 4337 3229 4390 sit
3254 4339 3468 4393 occasio
3493 4380 3509 4404 ,
3534 4348 3587 4394 ct

1980 4428 2133 4494 cujus
2161 4427 2237 4480 rei
2257 4425 2424 4494 gratia
2449 4425 2617 4495 ipsam
2645 4441 2887 4495 agamus.
2914 4427 3048 4495 Quia
3078 4427 3328 4482 nimirum
3355 4428 3587 4499 Spiritus

1982 4531 2200 4575 sanctus
2227 4520 2293 4574 ad
2321 4535 2416 4574 nos
2445 4523 2594 4574 venit
2622 4538 2634 4574 :
2665 4535 2786 4573 nam
2817 4521 3271 4591 quemadmodum
3293 4537 3414 4577 cum
3446 4523 3583 4579 lide-

1983 4613 2120 4667 libus
2145 4623 2226 4668 est
2257 4613 2563 4668 hominibus
2591 4613 2897 4682 unigenitns
2923 4613 3016 4667 Dei
3049 4613 3239 4678 Filius,
3273 4615 3340 4667 ita
3368 4630 3585 4685 quoque

1982 4703 2211 4772 Spiritus
2241 4704 2352 4758 Dei.
2381 4703 2533 4757 Unde
2564 4703 2667 4757 hoc
2691 4705 2942 4757 constat?
2971 4703 3071 4768 Qui
3101 4705 3266 4776 diligit
3293 4722 3374 4758 me
3392 4746 3405 4766 ,
3433 4723 3582 4759 man-

1982 4798 2104 4850 data
2131 4813 2242 4851 mea
2272 4795 2484 4849 servabit
2509 4810 2526 4848 :
2553 4806 2598 4848 et
2619 4813 2709 4866 ego
2735 4797 2924 4866 rogabo
2957 4795 3187 4861 Patrem,
3216 4809 3263 4850 et
3301 4798 3462 4852 alium
3490 4815 3587 4868 pa-

1983 4892 2232 4946 racletum
2261 4891 2398 4943 dabit
2425 4889 2562 4943 vobis
2583 4931 2596 4952 ,
2633 4900 2685 4942 ut
2716 4897 2919 4943 maneat
2946 4888 3200 4943 vobiscum
3228 4890 3279 4943 in
3305 4901 3549 4945 aeternum
3573 4933 3587 4954 ,

1985 4984 2239 5054 Spiritum
2277 4985 2500 5038 veritatis
2526 4982 2702 5055 (Joan.
2741 4984 2830 5039 14.
2879 4983 2946 5037 15
2972 5014 2996 5024 -
3021 4983 3151 5054 l7).
3200 4983 3268 5040 Ut
3311 4985 3470 5055 igitur
3509 4985 3579 5040 de

1985 5079 2163 5148 seipse
2193 5077 2329 5131 dixit
2353 5075 2598 5131 Christus
2620 5116 2634 5139 ,
2667 5073 2798 5128 Ecce
2821 5091 2911 5145 ego
2933 5074 3184 5128 vobiscum
3215 5092 3329 5129 sum
3355 5076 3587 5130 omnibus

1983 5171 2160 5226 diebus
2204 5186 2361 5238 usque
2404 5169 2472 5222 ad
2498 5169 2985 5222 consummationem
3031 5168 3238 5233 swculi,
3266 5183 3329 5223 ac
3370 5182 3586 5242 semper

1985 5263 2283 5335 Epiphania
2316 5276 2601 5333 possumus
2625 5259 2899 5315 celebrare
2923 5275 2938 5312 :
2965 5259 3032 5312 ita
3058 5274 3272 5329 quoque
3295 5259 3362 5314 de
3386 5258 3587 5328 Spiritu

1983 5368 2170 5412 sancto
2189 5358 2360 5421 dixit,
2389 5356 2674 5410 Vobiscum
2715 5363 2798 5408 est
2841 5355 2895 5408 in
2947 5362 3241 5419 teternum,
3267 5368 3588 5423 semperque

1985 5468 2270 5524 possumus
2296 5451 2652 5506 Pentecosten
2675 5449 2969 5505 celebrare.

2055 5546 2108 5602 2.
2153 5549 2326 5612 Atque
2363 5554 2423 5598 ut
2463 5541 2770 5612 intelligatis
2815 5540 2970 5595 nobis
3009 5553 3220 5605 semper
3252 5536 3443 5592 festum
3471 5536 3579 5603 agi-

1985 5649 2098 5693 tare
2129 5637 2313 5698 licere.
2347 5650 2520 5705 neque
2547 5633 2962 5688 determinatuut
2995 5646 3116 5685 esse
3147 5642 3377 5698 tempus,
3407 5643 3580 5697 neque

1985 5746 2082 5786 nos
2111 5730 2366 5799 temporis
2393 5726 2710 5782 necessitate
2743 5726 3023 5787 coarctari,
3053 5723 3180 5792 quid
3223 5710 3413 5778 Paulus
3443 5718 3585 5775 dicat

2047 5846 2121 5913 (α)
2158 5847 2273 5897 Vide
2299 5859 2407 5909 qua:
2429 5845 2516 5894 hac
2540 5843 2602 5892 «lc
2625 5855 2680 5894 re
2709 5840 2922 5891 diximus
2949 5844 2996 5888 tn
3022 5841 3208 5888 Monito.
