4206 6318
631 342 735 394 65;“;

633 455 812 514 audite
839 473 853 509 :
885 453 1064 523 Itaque
1113 455 1292 522 festum
1321 450 1564 520 agitemus
1593 446 1668 520 (l.
1699 445 1816 502 Cor.
1847 447 1896 501 5.
1942 445 2032 514 8):
2067 451 2197 497 tam-

638 549 734 602 etsi
758 563 862 601 non
892 553 1007 602 eral.
1049 545 1238 598 festum
1270 541 1480 612 quando
1521 540 1633 593 haec
1681 539 1925 605 :Cl'lpsil:
1962 551 2064 588 non
2095 543 2210 588 erat

637 637 860 703 Pascha,
905 651 1012 691 non
1056 643 1171 689 erat
1200 631 1516 703 Epiphania,
1564 644 1667 684 non
1699 637 1813 683 erat
1860 626 2204 690 Pentecoste;

634 731 729 786 sed
781 729 978 784 indicat
1019 741 1124 781 non
1158 735 1384 794 tempus,
1409 723 1502 778 sed
1531 721 1906 777 conscientiam
1952 717 2205 773 mundam

632 821 828 875 festum
855 816 1271 874 efficereznihil
1318 815 1460 870 enim
1508 812 1648 867 aliud
1697 823 1779 867 cst
1828 811 2017 865 festum
2049 823 2206 878 quam

636 910 813 966 laetitia
847 925 860 962 :
893 907 1224 980 spiritualetn
1252 920 1378 960 vero
1405 903 1635 958 lanitium
1678 901 1805 956 nihil
1835 900 1976 954 aliud
2019 899 2204 970 gignit,

633 1015 791 1068 quam
840 997 1164 1054 conscientia
1215 997 1473 1051 bonorum
1518 1008 1776 1063 operum:
1811 1005 1969 1061 porr.)
2009 990 2074 1054 is,
2122 990 2206 1042 cui

629 1091 768 1146 bona
809 1091 878 1144 sit
923 1088 1275 1150 conscientia,
1323 1097 1378 1142 et
1415 1086 1536 1140 talia
1583 1099 1762 1150 Opera,
1816 1085 2004 1136 festum
2050 1095 2209 1150 agere

633 1197 845 1251 semper
872 1189 1064 1250 potest.
1097 1180 1207 1234 Hoc
1237 1178 1394 1248 igitur
1428 1179 1597 1247 ipsum
1634 1175 1873 1229 indicans
1904 1173 2094 1227 Paulus
2123 1171 2203 1226 di-

635 1272 790 1326 cebat
815 1289 825 1323 :
856 1269 1036 1339 Itaque
1069 1273 1247 1338 festum
1280 1268 1543 1338 agitemus,
1567 1282 1664 1318 non
1695 1265 1747 1317 in
1767 1268 2008 1334 [murteum
2036 1263 2206 1328 veteri,

635 1380 793 1428 neque
828 1364 879 1415 in
915 1366 1158 1432 fermento
1199 1358 1409 1412 malitia:
1436 1367 1482 1411 et
1511 1356 1760 1423 ttequt'titt’,
1793 1357 1877 1409 sed
1918 1356 1971 1407 in
2019 1353 2210 1424 azymis

635 1455 935 1508 sinceritatis
963 1463 1006 1508 et
1031 1453 1250 1507 veritatis
1280 1449 1488 1521 (Ibid.).
1515 1449 1674 1504 Vides
1702 1459 1758 1502 ut
1787 1459 2082 1517 temporum
2111 1461 2207 1501 ue-

637 1547 885 1601 cessitate
926 1558 1256 1614 nequaquam
1290 1551 1340 1596 te
1380 1540 1775 1604 constrinxerit,
1809 1538 1901 1594 sed
1933 1537 1996 1594 ad
2026 1551 2208 1606 puram

634 1636 930 1692 habendam
984 1633 1362 1690 conscientiam
1410 1631 1569 1686 fuerit
1614 1631 1960 1684 cohortatus?
2007 1628 2208 1682 Vellem

636 1737 804 1780 totum
833 1727 884 1780 in
912 1726 1015 1780 hoc
1043 1739 1344 1779 sermonem
1377 1737 1695 1777 consumere
1719 1740 1730 1774 :
1764 1720 1850 1789 qui
1881 1720 2021 1774 enim
2048 1734 2208 1788 quos-

633 1818 756 1872 dam
810 1826 929 1886 post
974 1822 1187 1884 longum
1240 1813 1492 1882 temporis
1541 1812 1871 1866 intervallum
1923 1811 1973 1865 in
2023 1825 2211 1864 manus

633 1906 974 1977 sumpserint,
1010 1921 1104 1960 eos
1143 1903 1295 1958 facile
1325 1917 1429 1956 non
1461 1901 1730 1956 dimittunt
1761 1919 1773 1954 :
1815 1899 2026 1970 quando
2055 1899 2213 1969 igitur

633 2015 750 2065 vos,
773 2000 862 2069 qui
890 2010 1008 2069 post
1041 2012 1239 2051 annum
1277 1995 1494 2058 adestis,
1527 1994 1664 2050 intra
1704 1993 1834 2047 retia
1862 2000 2041 2045 nostra
2070 1990 2214 2059 cepi-

634 2105 774 2156 mus,
802 2088 961 2160 hodie
1001 2087 1266 2142 dimittere
1295 2086 1510 2139 minime
1541 2083 1814 2146 volumus;
1867 2081 1960 2136 sed
2007 2096 2077 2136 ne
2103 2096 2214 2135 ser-

634 2179 809 2233 monis
835 2178 900 2233 de
925 2176 1024 2231 hoc
1049 2175 1184 2230 festo
1211 2175 1474 2229 recedatis
1505 2182 1770 2242 expertes,
1798 2171 1864 2226 ab
1893 2170 1991 2224 hac
2017 2170 2210 2224 cohor-

634 2270 832 2324 tatione
860 2267 924 2320 ad
969 2266 1267 2322 festivitatis
1293 2264 1636 2320 occasionem.
1673 2263 1843 2316 oratio
1893 2260 2212 2316 traducenda

634 2370 736 2416 est.
764 2360 922 2418 Multa
961 2357 1175 2428 quidem
1222 2371 1588 2426 saepenumero
1615 2353 1682 2408 de
1731 2353 1868 2408 creto
1917 2352 1968 2405 in
2017 2361 2212 2406 terram

633 2453 815 2523 generi
855 2451 1085 2506 humano
1123 2448 1338 2518 delapsa
1375 2457 1495 2502 sunt
1528 2447 1662 2501 bona
1695 2462 1706 2496 :
1745 2444 1919 2513 qualia
1964 2457 2091 2497 vero
2119 2441 2214 2497 de-

632 2545 792 2599 missa
821 2552 943 2597 sunt
963 2542 1219 2596 hodierno
1247 2539 1353 2604 die,
1378 2555 1662 2607 utnuquam
1695 2546 1869 2591 antea.
1899 2535 2212 2607 Cognoscite

635 2637 792 2707 igitur
820 2636 988 2706 qualia
1018 2635 1184 2704 prius,
1212 2643 1263 2687 et
1293 2633 1465 2702 qualia
1491 2631 1749 2685 hodierno
1774 2630 1880 2694 die,
1907 2639 1962 2684 ut
1989 2637 2042 2686 et
2069 2639 2211 2685 utro-

635 2747 857 2801 rumque
905 2729 1187 2782 discrimen
1242 2724 1697 2779 animadvertetis.
1745 2722 1887 2777 Pluit
1931 2723 1981 2776 in
2025 2732 2213 2776 terram

632 2840 819 2878 manna
867 2821 1000 2874 Deus
1025 2829 1070 2874 et
1097 2835 1276 2890 panem
1301 2818 1410 2872 σιειὶ
1453 2817 1588 2870 dedit
1633 2817 1701 2870 eis
1746 2814 1917 2887 (Psal.
1950 2816 2036 2868 77.
2080 2813 2208 2884 9.4):

634 2928 822 2984 panem
842 2914 983 2966 enim
1005 2910 1312 2980 angelorum
1337 2906 1671 2961 manducavit
1692 2906 1852 2960 homo
1871 2923 1886 2972 ;
1921 2921 2008 2960 res
2027 2905 2209 2976 procul

631 3004 793 3058 dubio
823 3016 1008 3071 ntagua
1056 3009 1137 3055 est
1179 2999 1376 3068 Deique
1419 2998 1574 3068 digna
1627 2997 1990 3066 benignitate:
2027 3005 2209 3065 postea

632 3095 701 3150 de
723 3093 852 3147 cado
879 3092 1141 3147 demissus
1166 3100 1251 3146 est
1272 3090 1429 3160 ignis,
1457 3097 1510 3143 et
1535 3087 1808 3142 Judaicum
1849 3087 2100 3156 populum
2126 3103 2211 3146 er-

634 3195 840 3241 rantem
884 3186 1137 3249 correxit,
1171 3197 1232 3237 ac
1286 3180 1603 3236 sacriﬁcium
1653 3178 1884 3247 abripuit
1939 3177 2007 3232 ab
2059 3176 2232 3230 altari.

636 3275 902 3329 Omnibus
921 3289 1109 3328 rursus
1137 3271 1277 3327 fatue
1307 3270 1712 3328 tabescentibus
1724 3269 1958 3325 demissa
1978 3277 2062 3322 est
2079 3269 2200 3336 plu-

635 3367 740 3431 via,
759 3367 1093 3435 multamque
1111 3363 1326 3436 frugum
1348 3363 1528 3418 attulit
1549 3362 1844 3418 ubertatem
1864 3359 1938 3423 (5.
1965 3357 2086 3428 Reg.
2107 3357 2195 3426 18;

635 3460 747 3530 58).
771 3458 958 3528 Magna
984 3468 1106 3512 sunt
1131 3458 1246 3519 haec
1275 3467 1328 3518 et
1361 3456 1730 3517 admirabilia,
1763 3455 1856 3511 sed
1876 3456 2042 3510 multo
2077 3472 2198 3510 ma-

628 3549 748 3618 jora
777 3555 900 3601 sunt
925 3547 1241 3614 praesentia:
1271 3561 1376 3599 non
1408 3559 1621 3608 manna,
1647 3544 1802 3614 ignis,
1831 3552 1884 3598 et
1908 3543 2086 3613 pluvia
2111 3544 2208 3598 de-

633 3637 793 3689 missa
840 3646 921 3690 est
968 3635 1145 3702 hodie,
1176 3635 1269 3690 sed
1316 3635 1485 3711 imber
1517 3634 1866 3703 Spiritualium
1909 3633 2208 3688 donorum:

633 3727 796 3782 nimbi
823 3725 1050 3795 desuper
1089 3736 1211 3780 sunt
1231 3726 1443 3795 dojecti,
1466 3727 1655 3796 quibus
1682 3741 1785 3779 non
1809 3726 1916 3796 jam
1942 3727 2007 3780 ad
2033 3727 2210 3796 fruges

632 3816 972 3886 proferendus
1008 3818 1160 3874 tellus
1191 3819 1468 3884 excitatur,
1501 3817 1592 3872 sed
1632 3827 1834 3871 naturae
1864 3818 2212 3887 persuadetur

632 3909 893 3972 humanm,
921 3919 976 3963 ut
1013 3911 1220 3964 virtutis
1249 3909 1478 3964 fructmn
1506 3911 1780 3964 hominum
1811 3913 2055 3981 agricolae
2084 3913 2208 3970 red-

632 3999 741 4057 dat.
761 3999 964 4070 Quique
993 4010 1189 4070 guttam
1222 4000 1342 4056 iude
1364 4011 1703 4069 exceperant,
1733 4010 1934 4056 natum
1955 4017 2062 4056 sua:
2083 4018 2209 4057 eon-

633 4091 804 4144 festim
841 4091 1302 4156 obliviscebantur,
1334 4102 1387 4146 et
1412 4091 1611 4162 angelis
1640 4092 1815 4145 omnis
1855 4101 1996 4150 terra
2037 4093 2211 4149 subito

631 4183 953 4252 replebatur,
985 4183 1185 4253 angelis
1234 4199 1338 4237 non
1370 4184 1689 4250 caelestibus,
1723 4184 1815 4238 sed
1860 4185 1948 4254 qui
1981 4187 2211 4241 humano

630 4277 682 4337 in
708 4289 930 4343 corpore
973 4283 1285 4343 potestatum
1315 4275 1744 4344 incorporearum
1772 4276 2019 4330 virtutem
2054 4276 2209 4330 exhi-

634 4367 841 4422 berent.
886 4366 1001 4420 Non
1045 4367 1185 4420 enim
1242 4368 1311 4420 illi
1356 4367 1604 4421 deorsum
1658 4368 2066 4432 descenderunt,
2115 4370 2208 4428 sed

631 4458 770 4528 quod
797 4459 1088 4511 mirabilius
1128 4458 1244 4522 fuit,
1275 4459 1363 4534 qui
1404 4457 1651 4512 deorsum
1691 4469 1860 4524 erant,
1902 4459 1967 4514 ad
1999 4461 2205 4514 illorum

629 4553 874 4606 virtutem
903 4550 1287 4605 ascenderunt:
1310 4568 1414 4604 non
1445 4552 1584 4605 enim
1610 4567 1769 4606 carne
1790 4553 2032 4621 deposita
2053 4554 2208 4607 nudis

628 4629 1275 4706 animabus'incedebant,
1301 4643 1393 4696 sed
1441 4653 1682 4696 naturam
1713 4645 2002 4698 retinentes
2044 4646 2206 4698 animi

629 4738 898 4804 proposito
926 4735 1094 4803 augt-li
1129 4733 1340 4788 fiebant.
1375 4735 1546 4803 Atque
1578 4744 1633 4786 ut
1665 4734 1945 4803 intelligas,
1971 4750 2036 4788 ne
2066 4736 2206 4804 prio-

630 4840 742 4878 rem
791 4824 1000 4893 quidem
1030 4819 1187 4877 illam
1237 4839 1446 4892 pceuam
1491 4823 1654 4879 fuisse
1701 4841 1940 4893 poenam,
1992 4826 2206 4894 quando

627 4917 780 4982 dixit,
812 4914 970 4968 Terra
1010 4933 1082 4981 es,
1113 4924 1160 4968 et
1198 4918 1250 4968 in
1279 4925 1460 4968 terram
1502 4917 1756 4969 reverteris
1809 4916 1960 4987 (Gen.
1993 4918 2043 4972 ’5.
2094 4916 2202 4985 19),

626 5016 905 5078 propterea
954 5023 1168 5062 manere
1218 5018 1266 5062 te
1312 5007 1550 5077 permisit
1589 5009 1640 5061 in
1685 5018 1847 5072 terra,
1896 5019 1952 5063 ut
1981 5010 2206 5078 amplius

625 5103 858 5171 potentia
889 5101 1116 5171 Spiritus
1152 5102 1543 5166 ostenderetur,
1585 5116 1701 5170 quae
1745 5101 1867 5155 talia
1905 5117 2000 5172 per
2032 5111 2201 5158 terre-

623 5213 748 5250 num
780 5209 972 5262 corpus
1011 5193 1307 5263 perliceret.
1339 5193 1469 5247 Nam
1510 5193 1690 5248 videre
1721 5203 1832 5248 erat
1871 5195 2065 5250 luteam
2100 5195 2203 5248 lin-

624 5302 777 5359 guam
823 5283 1153 5339 dmmonibus
1197 5285 1541 5353 imperantem
1575 5301 1587 5335 :
1634 5283 1812 5339 ridere
1853 5295 1967 5339 erat
2009 5286 2200 5340 luteam

623 5393 835 5432 manum
887 5377 1099 5430 morbos
1143 5366 1461 5431 saltantem:
1507 5375 1614 5430 imo
1661 5392 1788 5431 vero
1829 5393 1935 5431 non
1987 5394 2200 5431 manutn

625 5482 824 5521 tantum
856 5467 1051 5521 luteam
1094 5467 1276 5522 videre
1310 5477 1457 5532 erat;
1489 5467 1580 5522 sed
1623 5467 1761 5535 quod
1791 5472 1956 5523 multo
1987 5470 2202 5523 mirabi-

627 5564 722 5614 lius
767 5570 898 5627 erat,
930 5561 1191 5614 luteorum
1235 5575 1516 5630 corporum
1546 5560 1762 5614 umbras
1803 5571 1856 5615 et
1896 5571 2117 5616 mortem
2150 5573 2203 5618 et

627 5652 963 5719 incorporeas
986 5660 1293 5719 potestates,
1316 5651 1584 5706 darntottcs
1613 5651 1842 5719 inquam,
1871 5665 2200 5722 superantes.

631 5743 763 5799 .‘Iam
796 5743 1236 5814 quemadmodum
1278 5754 1561 5814 apparcnte
1590 5742 1706 5801 sole
1747 5743 1978 5802 tcncbrce
2024 5744 2204 5802 discu-

1360 329 1420 387 S.
1462 326 1740 385 JOANMS
1772 322 2244 384 CllliYSOSTOMl
2282 322 2602 380 ARClllEP.
2641 322 3176 379 CONSTANTINOP.

3791 326 3894 382 ‘56

2320 439 2541 506 tiuntur,
2593 439 2718 496 fera:
2759 438 2974 494 latibula
3019 454 3116 494 sua
3159 437 3544 508 ingrediuntur,
3591 438 3894 506 homicida,

2314 534 2565 598 latrones,
2596 543 2651 588 et
2689 534 3010 587 tumuiorum
3054 533 3334 601 praedones
3367 532 3431 588 ad
3466 533 3692 588 vertices
3737 549 3895 588 mon-

2315 627 2444 678 tium
2498 635 2822 679 recurrunt:
2862 625 2939 678 sic
2982 634 3269 694 apparente
3313 639 3606 695 vocemque
3651 627 3896 680 mittente

2315 714 2489 779 Petro,
2522 714 2717 768 erroris
2748 714 2980 768 tenebrm
3011 713 3447 780 discutiebantur,
3477 714 3757 769 recedebat
3783 715 3898 769 dia-

2317 803 2485 870 botus,
2516 803 2781 873 fugiebant
2806 803 3097 869 daemones,
3121 819 3405 872 corporum
3435 803 3604 857 morbi
3631 805 3894 859 tolleban-

2317 903 2416 959 tur,
2451 895 2745 948 auimarum
2791 895 3131 964 aegritudines
3159 894 3504 962 sanabantur,
3544 895 3742 949 malitia
3775 910 3895 949 om-

2316 987 2397 1040 nis
2423 987 2719 1053 arcebatur,
2747 988 2795 1039 in
2840 997 3005 1041 terras
3029 986 3193 1040 virtus
3215 987 3580 1042 reducebatur.
3609 988 3674 1042 Et
3703 1003 3894 1058 quem-

2311 1075 2595 1130 admodum
2649 1076 2810 1146 regiis
2862 1091 2926 1131 ex
2986 1077 3220 1139 mrariis,
3271 1077 3322 1130 in
3373 1077 3565 1146 quibus
3611 1093 3800 1132 aurum
3844 1085 3898 1131 et

2313 1167 2515 1237 lapides
2546 1167 2764 1236 pretiosi
2810 1177 2952 1232 sunt,
2985 1169 3028 1222 si
3075 1168 3193 1236 quis
3223 1168 3307 1222 vel
3357 1168 3634 1222 n'tinimum
3663 1169 3788 1239 quid
3814 1167 3897 1224 cf-

2315 1260 2455 1316 ferre
2481 1261 2708 1330 potuerit
2741 1275 3089 1328 corumpquze
3121 1259 3412 1314 honorifice
3440 1269 3564 1314 sunt
3604 1260 3897 1326 recondita,

2317 1352 2442 1408 licet
2489 1368 2652 1408 unum
2705 1353 2942 1421 lapillum
2992 1361 3230 1418 tantum,
3278 1351 3458 1406 multis
3511 1351 3700 1421 opibus
3742 1361 3900 1422 auget

2315 1459 2716 1514 possessorem:
2748 1445 2826 1498 sic
2865 1459 2930 1501 ex
2966 1459 3060 1498 ore
3089 1443 3483 1514 apostolorum;
3527 1444 3724 1498 etenim
3755 1444 3898 1513 regia

2315 1534 2556 1606 qmedam
2583 1544 2737 1590 erant
2764 1535 2948 1589 aeraria
2982 1533 3193 1589 illorum
3221 1549 3336 1601 ora,
3361 1537 3411 1588 in
3441 1534 3630 1602 quibus
3660 1535 3896 1589 sanatio-

2316 1641 2441 1681 num
2470 1627 2776 1681 reconditus
2807 1627 2974 1679 inerat
3005 1624 3284 1680 thesaurus
3312 1642 3325 1690 ;
3372 1627 3456 1682 vel
3487 1625 3901 1695 unumquodque

2323 1719 2542 1774 verbum
2565 1718 2749 1772 exiens
2772 1717 3073 1786 spirituales
3101 1716 3294 1772 multas
3324 1730 3453 1786 opes
3486 1718 3743 1786 pariebat.
3763 1717 3900 1774 Tum

2317 1825 2443 1865 vere
2475 1809 2663 1864 licebat
2691 1810 2881 1864 intueri
2913 1808 3286 1867 desiderabilia
3313 1823 3432 1864 esse
3461 1809 3665 1863 Domini
3691 1810 3899 1879 eloquia

2317 1913 2477 1968 super
2519 1914 2727 1966 aurum,
2772 1909 2827 1953 et
2871 1899 3096 1969 lapidem
3151 1899 3439 1969 pretiosum
3473 1901 3694 1953 multum
3727 1899 3901 1970 (Psal.

2323 1990 2443 2044 118.
2480 1990 2568 2060 11)
2598 2008 2610 2045 :
2645 1990 2786 2059 quod
2813 1992 2953 2046 enim
2983 2006 3170 2045 aurum
3197 2005 3299 2044 non
3325 2001 3553 2060 poterat,
3582 2007 3753 2062 neque
3783 2008 3903 2062 pre-

2319 2084 2484 2137 tiosus
2527 2083 2681 2154 lapis,
2714 2083 2813 2138 hoc
2857 2085 2997 2137 Petri
3038 2083 3200 2137 verba
3246 2082 3528 2138 faciebant.
3575 2085 3716 2150 Quot
3757 2085 3902 2140 enim

2317 2173 2432 2227 auri
2463 2173 2659 2226 talenta
2690 2173 2880 2227 claudo
2901 2188 2928 2227 a
2962 2174 3233 2236 ualiritale
3260 2183 3462 2229 rectum
3495 2173 3760 2228 incessum
3782 2173 3906 2238 red-

2319 2266 2446 2319 dere
2479 2265 2812 2334 potuissent?
2857 2263 2949 2318 sed
2995 2280 3135 2319 nunc
3185 2265 3366 2319 tollere
3407 2275 3610 2320 natura:
3637 2265 3902 2320 defectum

2320 2357 2490 2426 potuit.
2532 2356 2754 2409 verbum
2785 2355 2961 2421 Petri;
3007 2353 3159 2420 dixit,
3211 2354 3276 2408 In
3323 2357 3522 2408 nomine
3562 2354 3686 2410 Jesu
3718 2356 3903 2409 Christi

2317 2465 2467 2518 surge
2493 2458 2539 2501 et
2565 2449 2769 2502 ambula
2811 2449 2947 2517 (Act.
2989 2449 3042 2503 5.
3072 2450 3211 2518 6),ct
3239 2464 3419 2503 sermo
3443 2444 3611 2502 factus
3633 2459 3714 2503 cst
3742 2464 3899 2518 Opus.

2321 2542 2482 2597 Vides
2511 2551 2567 2595 ut
2594 2541 2964 2596 desiderabilia
3012 2542 3121 2595 sint
3147 2558 3308 2610 super
3356 2557 3542 2597 aurum
3576 2550 3629 2595 et
3670 2543 3902 2612 lapidem

2319 2635 2606 2701 pretiosum
2661 2633 2923 2686 multum?
2974 2633 3119 2686 vides
3169 2642 3228 2687 ut
3279 2634 3464 2687 aeraria
3519 2625 3715 2689 fuerint
3761 2635 3903 2704 regia

2319 2725 2531 2779 illorum
2577 2725 2715 2778 ora?
2749 2723 2890 2778 Vere
2941 2723 3133 2777 medici
3179 2723 3324 2778 orbis
3375 2734 3634 2782 terrarum
3689 2725 3904 2779 fuerunt

2320 2814 2416 2879 illi,
2451 2824 2505 2870 ct
2541 2815 2807 2885 agricolae,
2838 2823 2891 2869 et
2937 2815 3318 2885 gubernatores
3364 2832 3377 2866 :
3431 2815 3622 2886 medici
3667 2816 3901 2884 quidem,

2319 2906 2570 2974 quoniam
2617 2906 2960 2976 a-gritudines
3009 2907 3307 2960 curabant:
3342 2907 3607 2976 agricolre,
3651 2895 3900 2978 quoniam

2319 2997 2539 3052 verbum
2585 2998 2857 3068 religionis
2901 2998 3278 3052 seminabant:
3324 2999 3729 3069 gubernatores,
3771 3017 3904 3071 quo—

2319 3089 2462 3142 niam
2491 3088 2687 3142 erroris
2720 3088 3004 3157 procellam
3047 3088 3329 3143 sedabant.
3383 3089 3586 3144 ldcirco
3636 3105 3904 3144 nonnum-

2317 3195 2475 3251 quam
2527 3179 2674 3242 dicit,
2709 3177 2900 3233 Euntes
2942 3179 3173 3246 inﬁrmos
3210 3191 3383 3234 curate
3428 3179 3638 3250 (Matth.
3691 3180 3776 3235 10.
3823 3179 3905 3252 8).

2319 3281 2588 3342 tamquam
2636 3272 2874 3336 medicos
2924 3273 3199 3342 alloquens
3241 3291 3252 3326 :
3304 3287 3723 3342 nonnumquam,
3776 3272 3906 3328 Ecce

2317 3363 2456 3422 mitto
2478 3379 2562 3417 vos
2583 3373 2782 3428 metere,
2807 3363 2941 3430 quod
2963 3379 3047 3418 vos
3075 3381 3175 3417 non
3206 3365 3473 3417 laborastis
3505 3365 3684 3436 (Joan.
3709 3366 3762 3419 4.
3786 3365 3900 3432 58).

2317 3463 2584 3523 tamquam
2613 3453 2872 3523 agricolas
2913 3455 3226 3522 alloquens:
3274 3463 3329 3507 ct
3367 3454 3489 3508 alibi
3537 3470 3762 3509 rursus:
3797 3453 3904 3508 Fa-

2317 3545 2446 3601 ciam
2476 3561 2560 3605 vor
2589 3545 2860 3611 piscatores
2907 3545 3168 3598 hominum
3211 3544 3426 3615 (Matth.
3469 3546 3522 3607 4.
3557 3548 3682 3615 19);
3716 3560 3768 3602 et
3798 3547 3902 3602 Pe-

2318 3645 2419 3699 tro,
2455 3634 2580 3689 Noli
2611 3637 2802 3704 timere,
2822 3653 2884 3689 ea:
2904 3635 2996 3689 hoc
3007 3637 3122 3706 jam
3151 3636 3374 3693 homines
3400 3637 3496 3689 eris
3523 3641 3725 3708 capiens
3748 3637 3900 3707 (Luc.

2315 3727 2367 3780 5.
2399 3725 2511 3795 10),
2541 3735 2805 3796 ίιιιηῑιυειιη
2827 3727 2891 3780 ad
2929 3727 3314 3795 gubernatores
3341 3736 3391 3780 et
3425 3729 3716 3795 piscatores
3742 3728 3902 3783 verba

2316 3819 2554 3882 faciens;
2601 3828 2657 3873 et
2687 3819 2865 3872 videre
2897 3827 3011 3873 erat
3037 3819 3309 3873 miraculis
3357 3819 3696 3874 succedentia
3730 3819 3896 3872 mira-

2315 3910 2454 3963 cula.
2490 3911 2700 3964 Etenim
2739 3919 2924 3964 natura
2957 3917 3138 3964 nostra
3182 3918 3304 3962 ante
3333 3910 3518 3964 decem
3548 3909 3664 3964 dies
3703 3909 3770 3962 ad
3815 3924 3903 3964 re-

2315 4003 2457 4069 gium
2505 4002 2755 4056 thronum
2807 4002 3081 4067 ascendit,
3129 4010 3183 4056 et
3229 4001 3491 4056 hodierno
3527 3994 3621 4056 die
3671 4001 3901 4072 Spiritus

2316 4081 2532 4148 sanctus
2578 4094 2643 4147 ad
2689 4103 2931 4149 naturam
2980 4104 3216 4148 nostram
3277 4093 3584 4158 descendit;
3638 4095 3899 4162 primitias

2315 4194 2526 4239 nostras
2566 4185 2824 4239 Dominus
2848 4186 2899 4238 in
2931 4185 3119 4238 caelum
3149 4185 3345 4250 evexit,
3373 4193 3427 4238 et
3467 4183 3724 4256 Spiritum
3760 4201 3896 4240 san-

2313 4286 2455 4329 ctum
2486 4274 2716 4332 demisit.
2749 4276 2900 4330 Alter
2926 4285 3007 4330 est
3047 4276 3325 4338 Dominus,
3359 4275 3449 4352 qui
3477 4275 3589 4329 lucc
3621 4275 3759 4330 dona
3790 4274 3901 4329 dis-

2317 4368 2536 4436 tribuit;
2589 4383 2710 4428 nam
2759 4369 2988 4438 Spiritus
3013 4379 3231 4422 sanctus
3278 4377 3361 4422 est
3393 4368 3668 4432 Dominus,
3701 4377 3754 4422 et
3781 4367 3896 4422 dis-

2315 4461 2680 4528 pensationem
2721 4471 2900 4514 nostra
2929 4474 3088 4514 causa
3131 4468 3434 4528 susceptam
3462 4459 3620 4513 Pater
3647 4469 3700 4513 et
3729 4458 3898 4515 Filius

2311 4561 2366 4607 et
2391 4549 2618 4620 Spiritus
2644 4563 2861 4608 sanetus
2890 4552 3027 4604 inter
3054 4566 3112 4614 se
3159 4551 3456 4604 diviserunt
3488 4569 3500 4604 :
3529 4550 3761 4604 nondum
3801 4550 3900 4606 de-

2311 4658 2426 4700 cent
2460 4643 2623 4711 elapsi
2671 4643 2785 4696 dies
2833 4653 3006 4707 erant,
3039 4658 3103 4696 ex
3134 4658 3241 4710 quo
3271 4643 3514 4696 Christus
3557 4641 3894 4710 ascenderat,

2311 4744 2364 4789 et
2389 4735 2682 4802 Spiritualia
2730 4736 2883 4787 nobis
2910 4733 3048 4787 dona
3082 4734 3246 4798 misit,
3278 4734 3732 4788 reconciliationis
3757 4735 3898 4789 illius

2311 4842 2552 4883 munera.
2585 4825 2716 4884 Nam
2759 4835 2815 4878 ut
2862 4826 3155 4894 ambigeret
3188 4840 3346 4879 nemo
3373 4836 3426 4879 et
3451 4836 3739 4896 quaereret,
3771 4827 3896 4896 quid

2313 4919 2524 4972 tandem
2559 4919 2612 4972 in
2663 4921 2823 4972 caelos
2871 4918 3165 4971 ascendens
3211 4917 3454 4974 Christus
3500 4919 3732 4988 egisset;
3766 4933 3894 4974 num

2313 5011 2452 5064 Patri
2480 5025 2582 5066 nos
2615 5011 3056 5065 reconciliasset?
3087 5025 3212 5064 nam
3249 5012 3541 5080 propitium
3569 5011 3738 5080 ipsum
3769 5012 3894 5066 red-

2310 5102 2574 5157 didisset?
2601 5111 2658 5157 ut
2688 5102 2840 5156 nobis
2863 5102 3167 5156 ostenderet
3198 5118 3257 5156 se
3285 5111 3491 5156 natura:
3519 5103 3664 5155 liilllll
3698 5115 3895 5157 nostra:

2313 5195 2572 5260 placatum
2601 5194 2920 5260 reddidisse,
2948 5194 3228 5249 Cllltl0>lltll
3260 5195 3412 5247 nobis
3445 5194 3897 5250 reconciliationis

2311 5286 2451 5341 iltius
2479 5286 2617 5340 dona
2649 5288 2810 5340 misit.
2840 5286 2970 5340 Cum
3002 5286 3142 5340 enim
3176 5286 3305 5339 uniti
3337 5295 3460 5339 sunt
3489 5296 3542 5339 et
3569 5288 3898 5342 reconciliati

2312 5380 2451 5433 inter
2476 5396 2532 5433 se
2555 5380 2779 5444 inimici,
2802 5389 2919 5448 post
2945 5380 3430 5434 reconciliationem
3461 5381 3636 5433 statim
3665 5396 3900 5447 sequun-

2316 5484 2398 5526 tnr
2441 5473 2798 5538 invitationes,
2831 5471 3070 5524 convivia
3103 5480 3158 5524 et
3203 5486 3442 5525 munera.
3489 5471 3723 5524 Misimus
3770 5487 3900 5540 ergo

2315 5580 2411 5617 nos
2439 5549 2618 5626 fiderit,
2647 5574 2700 5618 et
2725 5563 2845 5618 inde
2870 5563 3099 5633 Spiritus
3123 5563 3260 5616 dona
3290 5563 3622 5631 recepimus:
3657 5563 3898 5618 misimus

2311 5659 2693 5723 obedientiam,
2724 5668 2777 5713 et
2797 5657 3055 5726 justitiam
3085 5656 3404 5718 recepimus.

2366 5750 2414 5805 3.
2434 5746 2654 5818 Spiritus
2674 5747 2837 5802 sancti
2854 5746 3043 5800 {tonum
3063 5757 3130 5798 es!
3151 5746 3339 5800 donni.“
3360 5748 3798 5804 recouciiiatioais.
3829 5777 3899 5790 ---
