4206 6308
718 360 827 419 457

790 481 861 544 7'.
899 472 1005 527 Καὶ
1048 470 1133 525 ἵνα
1170 468 1396 541 μάθητε,
1424 470 1507 525 ὅτι
1539 472 1636 542 τῆς
1664 469 2006 540 καταλλαγῆς
2032 466 2127 522 τοῦ
2154 463 2289 520 Θεοῦ

719 565 894 637 δῶρόν
921 566 1039 617 ἐστι
1072 564 1134 617 τὸ
1159 561 1384 646 δοθῆναι
1416 562 1480 615 τὸ
1505 562 1727 633 Πνεῦμα
1758 561 1819 613 τὸ
1845 560 2024 629 ἅγιον,
2053 558 2160 613 ἀπὸ
2186 558 2294 611 τῶν

720 653 953 725 Γραφῶν
992 654 1137 723 ὑμᾶς
1166 655 1348 705 πεῖσαι
1379 653 1728 723 πειράσομαι,
1770 650 2033 722 πρότερον
2063 649 2170 702 ἀπὺ
2200 646 2293 701 τοῦ

719 743 963 797 ἐναντίου
994 743 1226 814 φανερὸν
1260 741 1430 795 ποιῶν
1461 741 1552 795 τὸν
1601 741 1756 809 λόγον
1777 780 1792 803 ,
1828 741 1922 795 καὶ
1955 739 2167 801 δεικνὺς
2212 738 2293 791 ὅτι

717 832 1031 888 ἀναστέλλει
1074 832 1170 886 τοῦ
1207 831 1523 902 Πνεύματος
1556 830 1653 902 τὴν
1685 830 1876 900 χάριν,
1907 827 2124 881 ἐπειδὰν
2162 827 2294 897 ἡμῖν

718 920 1037 990 ὀργίξηται’
1078 921 1160 972 ἵνα
1203 920 1330 973 ὅταν
1369 918 1618 990 πεισθῇς,
1663 919 1744 973 ὅτι
1772 917 1871 986 τῆς
1913 915 2083 987 ὀργῆς
2123 911 2293 967 αὐτοῦ

715 1010 1017 1081 τεκμήριον
1038 1010 1099 1062 τὺ
1126 1007 1199 1079 μὴ
1232 1001 1375 1061 εἶναι
1409 1005 1634 1077 Πνεῦμα
1662 1005 1832 1075 ἀγιαν,
1863 1003 1954 1056 καὶ
1988 1003 2102 1074 ἴδῃς
2132 1002 2293 1056 πάλιν

717 1096 942 1168 Πνεῦμα
994 1094 1521 1167 καταπεμπόμενον,
1556 1092 1730 1165 μάθῃς
1759 1092 1855 1145 ὅτι
1889 1092 1938 1143 εἰ
1976 1091 2051 1162 μὴ
2094 1088 2294 1160 κατηλ-

714 1185 879 1255 λάγη,
909 1186 1006 1239 οὐκ
1037 1185 1103 1239 ἀν
1143 1184 1354 1254 έπεμψε
1395 1183 1619 1253 Πνεῦμα
1647 1181 1820 1249 ἀγιον.
1854 1179 2026 1233 Πόθεν
2060 1174 2154 1232 οὖν
2181 1178 2293 1230 εἱσ-

715 1272 889 1341 όμεθα
916 1270 1110 1336 τοῦτο;
1164 1271 1223 1322 Ὅ
1260 1270 1378 1323 Ἠλὶ
1422 1267 1730 1340 πρεσϐύτης
1773 1265 2056 1336 ἄνθρωπος
2095 1260 2182 1336 ἦν,
2222 1262 2291 1316 τά

720 1360 819 1429 μὲν
849 1358 985 1413 ἀλλα
1023 1360 1272 1430 ἐπιεικὴς
1297 1359 1393 1414 καὶ
1430 1356 1681 1429 σώφρων,
1710 1354 1916 1423 παίδων
1943 1354 2000 1408 δὲ
2029 1352 2291 1423 πονηρίαν

715 1449 815 1500 οὐκ
844 1438 1000 1510 εἰδὼς
1039 1444 1453 1517 διορθώσασθαι,
1488 1443 1625 1498 ἀλλά
1660 1443 1801 1512 πέρα
1841 1441 1936 1495 τοῦ
1974 1442 2171 1512 μέτρου
2203 1458 2292 1508 φι-

714 1534 825 1607 λῶν
866 1534 936 1588 τά
979 1533 1196 1601 ἔκγονα.
1232 1533 1485 1586 Ἀκούετε
1531 1531 1644 1585 ὅσοι
1693 1531 1887 1593 παῖδας
1920 1530 2106 1601 ἔχετε,
2150 1526 2289 1580 ὥστε

719 1622 1140 1693 μεμετρημένην
1192 1620 1460 1674 ποιεῖσθαι
1492 1619 1590 1691 τὴν
1640 1618 1820 1689 φιλίαν
1854 1620 1947 1671 καὶ
1989 1618 2089 1689 τὴν
2136 1615 2289 1670 αἰδῶ.

728 1708 786 1763 '0
817 1709 924 1780 7&9
970 1709 1087 1763 Ἠλὶ
1118 1708 1366 1764 ἐντεῦθεν
1398 1706 1702 1777 παροξύνας
1722 1707 1815 1760 τὸν
1838 1704 1991 1771 Θεὸν,
2014 1706 2092 1768 εἰς
2123 1704 2292 1775 ὀργὴν

715 1798 876 1851 αὑτὸν
896 1796 1087 1867 ἔρριψε
1112 1796 1395 1867 τοσαύτην,
1419 1795 1493 1857 ὡς
1520 1795 1664 1849 ἀπαν
1691 1794 1853 1849 αὐτὸν
1874 1793 2291 1864 ἀποστραφῆναι

717 1886 776 1938 τὸ
798 1886 967 1957 ἔθνος.
996 1886 1219 1949 Δεικνὺς
1249 1884 1428 1938 τοίνυν
1454 1887 1481 1937 6
1507 1883 1677 1937 ταῦτα
1709 1882 1947 1953 γράψας,
1969 1883 2051 1936 ὅτι
2089 1882 2293 1951 σφόδρα

713 1974 910 2034 αὐτοὺς
941 1973 1294 2044 ἀπέστραπτο
1322 1972 1351 2027 6
1368 1971 1523 2038 Θεδς,
1546 1971 1699 2040 ελεγι
1718 1986 1732 1999 '
1769 1968 1956 2039 Ῥῆμα
1979 1972 2175 2038 τίμιον
2191 1966 2289 2039 ἦν,

716 2060 813 2114 καί
842 2062 955 2114 οὐκ
984 2055 1063 2131 ἦν
1091 2058 1301 2125 ὅρασις
1342 2057 1813 2120 διαστέλλουσα,
1847 2057 2027 2126 τίμιον
2060 2054 2293 2110 ἐνταῦθα

716 2148 775 2201 τὸ
803 2148 1026 2202 σπάνιον
1055 2146 1228 2216 λέγων
1248 2166 1261 2178 ο
1293 2147 1381 2201 διά
1417 2147 1525 2217 7&9
1554 2144 1761 2199 τούτων
1799 2143 2081 2216 ἐδήλωσεν,
2112 2144 2193 2197 ὅτι
2222 2142 2290 2198 τά

714 2236 814 2305 τῆς
850 2233 1185 2306 προφητείας
1218 2232 1474 2298 ἐσπάνιζε
1501 2233 1643 2287 τότε.
1680 2233 1847 2288 Πάλιν
1884 2231 2097 2304 θρηνῶν
2133 2231 2290 2295 ἀλλος

716 2322 808 2376 καί
842 2322 1245 2393 ἀποδυρόμενος
1272 2322 1365 2374 ἐπὶ
1384 2323 1449 2392 τῇ
1483 2322 1619 2393 ὀργῇ
1638 2320 1733 2374 τοῦ
1754 2319 1891 2374 Θεοῦ
1918 2320 2103 2389 ἔλεγεν
2128 2335 2141 2350 θ
2170 2322 2291 2373 Οὐκ

716 2409 887 2462 ἔστιν
909 2410 1130 2476 ἄρχων,
1160 2408 1302 2463 οὐδὲ
1326 2406 1639 2478 προφήτης
1660 2409 1730 2462 ἐν
1751 2406 1831 2473 τῷ
1859 2406 2041 2475 καιρῷ
2072 2408 2286 2471 τούτᾳν

715 2498 806 2550 καὶ
840 2497 999 2549 πάλιν
1045 2498 1074 2550 6
1119 2493 1513 2564 εὐαγγελιστής
1543 2512 1706 2567 φησιν
1731 2511 1745 2526 ·
1776 2494 2020 2549 οὐδέπω
2057 2495 2170 2563 τὰρ
2210 2490 2290 2563 ἦν

718 2587 955 2655 Πνεῦμα
1005 2586 1177 2656 ἅγιον
1197 2627 1211 2651 ,
1254 2587 1345 2640 ὅτι
1396 2588 1629 2655 Ἰησοῦς
1680 2584 1914 2640 οὐδέπω
1964 2584 2285 2653 ἐδοξάσθη.

693 2707 705 2720 σ
728 2672 946 2746 Ἐπειδὴ
972 2674 1079 2746 7&9
1108 2674 1320 2729 οὐδέπω
1347 2673 1686 2745 ἐσταυρώθη.
1711 2674 1898 2745 φησὶν,
1915 2674 2015 2727 οὐκ
2039 2668 2107 2745 ἦν
2127 2672 2290 2728 Πνεῦο

715 2778 793 2835 μα
825 2762 978 2831 ἀγιον
1026 2765 1084 2817 ἐν
1121 2766 1233 2827 τοῖς
1280 2762 1588 2835 ἀνθρώποις
1623 2762 1805 2818 δοθένο
1840 2763 1903 2815 τὸ
1935 2762 2063 2834 γὰρ,
2090 2763 2287 2816 ἐσταυ-

716 2850 885 2921 ρώθη,
908 2853 1054 2905 ἐστὶν
1081 2849 1428 2918 Ἐδοξάσθη.
1455 2851 1518 2904 Εἰ
1541 2851 1650 2923 γὰρ
1674 2852 1767 2905 καὶ
1788 2850 1951 2921 φύσει
1971 2852 2030 2905 τὺ
2059 2852 2289 2923 πρᾶγμα

713 2940 1093 3004 ἐπονείδιστον,
1126 2939 1238 2993 ἀλλ’
1262 2938 1449 3023 ἐπειδὴ
1492 2939 1635 3010 ὑπὲρ
1664 2939 1775 2993 τῶν
1805 2939 2143 3008 φιλουμένων
2169 2940 2289 3007 ἐγέ-

712 3045 856 3091 νετο,
883 3025 1041 3093 δόξαν
1074 3028 1206 3081 αὐτὸ
1239 3026 1393 3081 καλεῖ
1431 3029 1459 3081 6
1486 3027 1739 3098 Χριστός.
1772 3028 1880 3081 Καὶ
1908 3027 2049 3092 τίνος
2077 3026 2284 3090 ἕνεκεν,

713 3116 834 3171 εἰπέ
860 3132 971 3186 μοι,
994 3115 1100 3187 πρὸ
1128 3113 1223 3169 τοῦ
1248 3113 1484 3186 σταυροῦ
1511 3114 1609 3167 οὐκ
1630 3113 1785 3187 ἐδόθη
1806 3115 1866 3168 τὺ
1890 3114 2143 3186 Πνεῦμα;
2163 3114 2287 3167 Ὅτι

713 3207 772 3257 ἐν
804 3203 1096 3274 ἁμαρτίαις
1118 3197 1188 3274 ἦν
1209 3204 1242 3272 η
1274 3201 1586 3271 οἰκουμένη,
1612 3203 1672 3254 ἐν
1696 3202 2166 3274 προσκρούσμασι,
2194 3203 2288 3257 καί

713 3291 902 3362 ἔχθρα,
927 3291 1020 3344 καί
1040 3289 1260 3362 ἀτιμίᾳ·
1290 3289 1500 3343 οὐδέπω
1522 3290 1614 3342 τοῦ
1641 3287 1814 3358 ἀμνοῦ
1838 3290 2286 3362 προσενεχθέντος

712 3379 804 3431 τοῦ
852 3377 949 3448 τὴν
982 3378 1258 3448 ἁμαρτίαν
1296 3376 1541 3447 αἴροντος
1578 3375 1672 3429 τοῦ
1722 3377 1950 3447 κόσμου.
1997 3378 2151 3441 Ἐπεὶ
2196 3374 2289 3432 οὖν

710 3467 921 3521 οὐδέπω
954 3466 1104 3539 [462]
1138 3462 1205 3539 ἦν
1244 3468 1273 3519 ό
1308 3465 1541 3538 Χριστὸς
1584 3468 1949 3537 σταυρωθεὶς,
1980 3469 2191 3524 οὐδέπω
2221 3465 2290 3540 ἧν

717 3554 1031 3626 καταλλαγὴ
1082 3554 1349 3625 γενομένη
1374 3570 1387 3583 ·
1422 3553 1523 3624 τῆς
1562 3554 1618 3607 δὲ
1669 3554 2014 3628 καταλλαγῆς
2065 3558 2291 3628 μηδέπω

720 3644 1036 3715 γενομένης,
1073 3641 1297 3705 εἰκότως
1331 3640 1451 3694 οὐδέ
1484 3641 1547 3694 τό
1573 3641 1796 3714 Πνεῦμα
1823 3644 2123 3715 ἐπέμπετο,
2148 3645 2290 3700 ὥστε

712 3731 1061 3800 καταλλαγῆς
1092 3731 1396 3802 τεκμήριον
1423 3730 1485 3783 τὸ
1512 3729 1737 3802 Πνεῦμα
1772 3731 2158 3803 ἀποσταλῆναι.
2190 3735 2291 3789 Διά

709 3820 868 3883 Ιτοῦτο
903 3821 998 3873 καὶ
1023 3820 1051 3871 ό
1083 3818 1315 3888 Χριστός
1346 3834 1479 3890 φησι
1498 3837 1510 3850 ·
1536 3818 1831 3888 Συμςρέρει
1868 3819 2031 3889 ῥμῒν,
2050 3822 2151 3875 ἵνα
2174 3823 2290 3892 ἐγὼ

711 3908 982 3977 ἀπέλθω·
1018 3906 1128 3960 ἐὰν
1158 3906 1266 3976 γὰρ
1430 3906 1516 3976 μὴ
1542 3906 1803 3970 ἀπέλθω,
1831 3908 2063 3975 ἐκεῖνος
2101 3900 2187 3964 οὐ
2199 3910 2287 3981 μὴ

711 3997 860 4065 ξλθῃ
879 4013 893 4028 ⁸
934 3995 1029 4049 ὲάν
1073 3996 1146 4066 μὴ
1179 3993 1426 4059 ἀπέλθω,
1458 3993 1551 4046 καὶ
1584 3994 1904 4059 καταλλάξω
1930 3996 2021 4049 τὸν
2049 3999 2288 4069 Πατέρα,

656 4152 663 4157 μ
711 4083 898 4155 φησὶν,
926 4082 1239 4152 οὐοπὲμπω
1267 4082 1396 4152 ὑμῖν
1432 4081 1522 4135 τὸν
1564 4083 1931 4155 παράκλητον,
1976 4084 2158 4140 Εῑδετε
2203 4086 2293 4140 διὰ

696 4165 895 4224 ίπόσων
936 4167 1296 4239 ἀπεδείξαμεν
1342 4169 1489 4238 ὑμῖν,
1531 4169 1614 4222 ὅτι
1666 4171 1761 4241 τῆς
1806 4171 1971 4243 ὀργῆς
2012 4173 2105 4227 τοῦ
2154 4173 2290 4227 Θεοῦ

712 4260 937 4330 σημεῖόν
962 4262 1076 4313 ἐστι
1096 4258 1157 4312 τὸ
1185 4260 1259 4330 μὴ
1284 4255 1421 4313 εῖναι
1442 4258 1665 4330 Πνεῦμα
1686 4259 1839 4328 ἅγιον
1865 4262 1924 4313 ὲν
1948 4261 2288 4333 ἀνθρώποις;

722 4348 904 4418 Ῥῆμα
922 4349 1117 4417 τίμιον
1132 4343 1230 4418 ἦν,
1245 4347 1343 4402 καί
1366 4350 1477 4402 οὐκ
1497 4344 1576 4419 ἦν
1591 4348 1799 4416 ὅρασις
1816 4345 2286 4408 διαστέλλουσιν

711 4438 831 4499 Οὐκ
858 4436 991 4490 ἐστι
1025 4434 1135 4505 γὰρ
1159 4435 1359 4504 ἅρχων
1385 4434 1527 4489 οὐδὲ
1561 4436 1869 4506 προφήτης
1896 4439 1968 4492 ἐν
1998 4438 2078 4505 τῷ
2106 4440 2291 4509 καιρῷ

713 4526 919 4590 τούτῳ
955 4522 1129 4577 Οὔπω
1159 4524 1271 4593 γὰρ
1316 4519 1392 4593 ἦν
1423 4524 1663 4592 Πνεῦμα
1701 4524 1892 4594 ἄτιον,
1931 4527 2021 4582 ὅτι
2060 4530 2289 4599 Ἰησοῦς

711 4610 946 4667 οὐδέπω
957 4610 1278 4677 ἐδοξάσθη-
1295 4609 1584 4680 Συμξρέρει
1607 4613 1767 4683 ὑμῖν,
1783 4615 1883 4669 ἵνα
1896 4616 2010 4685 ἐγὼ
2029 4618 2284 4675 ἀπέλθω·

711 4701 819 4754 ἐὰν
840 4698 951 4770 γὰρ
971 4699 1088 4770 ἐγὼ
1111 4699 1196 4770 μὴ
1224 4699 1482 4764 ἀπέλθω,
1507 4700 1738 4767 ἐκεῖνος
1750 4706 1822 4758 οὐ
1839 4705 1926 4774 μὴ
1956 4707 2126 4777 ἔλθη,
2148 4711 2289 4763 Οὐκ-

711 4788 805 4842 οῦν
871 4787 1098 4858 σημεῖόν
1137 4789 1250 4841 ἐστι
1294 4788 1395 4857 τῆς
1434 4787 1605 4859 ὀργῆς
1633 4789 1729 4844 τοῦ
1764 4791 1897 4846 Θεοῦ
1938 4794 2000 4847 τὸ
2043 4796 2116 4868 μὴ
2151 4793 2286 4853 εἶναι

714 4874 939 4946 Πνεῦμα
953 4876 1127 4945 ἀγιον.
1153 4876 1320 4930 Ὅταν
1349 4876 1464 4947 ίδῃς
1490 4877 1714 4948 Πνεῦμα
1746 4878 1900 4947 ἀγιον
1934 4885 2289 4953 καταπεμπό-

714 4980 877 5037 μενον
890 4962 1143 5032 δαψιλῶς,
1162 4963 1325 5033 μηδὲν
1346 4963 1531 5019 λοιπὸν
1553 4965 1901 5039 ἀμφιϐάλλῃς
1924 4971 2167 5042 περὶτῆς
2193 4976 2281 5025 κα-

712 5050 1007 5120 ταλλαγῆς.
1048 5050 1158 5103 Καὶ
1195 5049 1319 5112 ποῦ,
1349 5052 1534 5122 φησὶν,
1572 5051 1685 5105 ἐστι
1713 5055 1939 5125 Πνεῦμα
1979 5058 2131 5126 ἀγιον
2160 5060 2287 5127 νῦν;

713 5140 846 5193 Τότε
864 5140 964 5210 μὲν
993 5138 1100 5209 γάρ
1122 5138 1300 5205 καλῶς
1323 5140 1491 5209 λέγει,
1506 5141 1596 5194 ὅτε
1625 5148 1824 5216 σημεῖα
1847 5147 2073 5217 ἐγίνετο,
2093 5151 2186 5205 καὶ
2201 5169 2290 5205 νε-

712 5228 838 5298 κροί
857 5227 1161 5299 ἠγείροντο,
1180 5229 1272 5281 καὶ
1296 5228 1486 5302 λεπροὶ
1504 5232 1701 5295 πάντες
1723 5227 2075 5306 ἐκαθαίροντο
2093 5255 2105 5269 ν
2125 5238 2219 5292 νῦν
2233 5241 2291 5295 δὲ

626 5306 629 5309 ’
714 5314 876 5368 πόθεν
897 5313 1161 5386 δείξομεν,
1179 5316 1261 5370 ὅτι
1288 5317 1520 5389 πάρεστι
1540 5318 1600 5372 τὸ
1617 5319 1841 5389 Πνεῦμα
1864 5322 1925 5377 τὸ
1949 5324 2101 5393 ἆγιον
2123 5328 2287 5398 may;

713 5404 804 5477 Μὴ
834 5404 1047 5477 δείσητε
1068 5420 1081 5435 ·
1132 5407 1493 5479 ἀποδείκνυμι
1535 5408 1666 5482 γὰρ,
1702 5412 1783 5465 ὅτι
1818 5414 1909 5466 καὶ
1941 5414 2036 5471 νῦν
2066 5418 2290 5489 Πνεῦμα

712 5490 865 5560 ἀγιόν
896 5492 1044 5546 ἐστιν
1064 5494 1124 5547 ἐν
1158 5497 1311 5565 ἡμῖν.
1340 5496 1462 5561 Πῶς
1501 5499 1593 5553 καί
1630 5500 1735 5553 τίνι
1780 5502 1999 5573 τρόπῳ’;
2043 5506 2154 5560 Καὶ
2181 5509 2289 5581 γὰρ

712 5584 761 5645 εἰ
796 5583 872 5653 μὴ
898 5582 1124 5655 Πνεῦμα
1162 5583 1314 5651 ἀγιόν
1350 5588 1498 5639 ἐστιν
1537 5589 1594 5641 ὲν
1626 5592 1777 5661 ἡμῖν,
1815 5592 1933 5656 πῶς
1970 5593 2035 5648 ἂν
2062 5589 2207 5649 οὗτοι
2238 5599 2289 5651 οἱ

713 5669 853 5736 κατὰ
872 5670 972 5742 τὴν
998 5673 1150 5743 ίεράν
1168 5672 1563 5748 νύκτακταύτην
1585 5680 1944 5746 φωτισθέντες
1971 5682 2077 5737 τῶν
2107 5685 2286 5757 ἀμαρ-

710 5761 839 5818 τιῶν
892 5760 1320 5835 ἀπηλλάγησανς
1378 5764 1497 5820 οὐδὲ
1526 5767 1635 5839 7&9
1682 5768 1830 5825 ἔστιν
1876 5774 2285 5848 ἁμαρτημάτων

1330 393 1336 397 ‹
1380 355 1437 412 S.
1479 355 1763 411 JOANNIS
1798 348 2284 412 CIIRYSOSTOMI
2323 347 2647 405 ARCIHEP.
2684 350 3233 409 CONSTANTINOP.

3884 346 3980 403 £33

2398 465 2781 539 ἀπαλλαγῆναι
2831 467 2960 522 ἀνευ
3015 465 3115 537 τῆς
3158 464 3254 518 τοῦ
3312 462 3627 533 Πνεύματος
3678 458 3977 533 ἐνεργείας.

2356 622 2359 623 ν
2410 559 2702 617 Ἀκούσατε
2751 559 2880 627 γοῦν
2926 557 3020 611 τοῦ
3076 557 3290 611 Παύλου
3316 556 3591 624 λέγοντος·
3623 550 3807 622 Ἦμεν
3867 552 3978 621 γάρ

2396 666 2542 704 ποτε
2572 652 2669 705 καὶ
2705 650 2876 720 ἡμεῖς
2915 652 3161 717 ἀνόητοι
3178 689 3192 713 ,
3233 648 3498 713 ἀπειθεῖς
3515 687 3530 710 ,
3578 639 3974 714 πλανώμενοι.

2395 742 2790 806 δουλεύοντες
2815 741 3152 811 ἐπιθυμίαις
3180 741 3480 805 ποικίλαις
3499 754 3511 766 ·
3545 737 3653 792 ὅτε
3672 736 3738 791 δὲ
3769 735 3809 803 ὴ
3834 751 3977 804 χρηο

2396 832 2618 898 στότης
2647 830 2745 884 καὶ
2778 829 2815 898 ἦ
2842 832 3255 900 φιλανθρωπία
3279 830 3553 899 ἐπεφάνη
3577 829 3684 884 τοῦ
3706 824 3973 895 Σωτῆρος

2394 919 2564 988 ἡμῶν
2587 920 2755 984 Θεοῦ.
2780 924 2890 977 οὐκ
2921 922 2990 986 ἐξ
3012 922 3203 992 ἔργων
3228 922 3348 975 τῶν
3376 923 3445 975 ἐν
3480 921 3859 988 δικαιοσύνῃ,
3888 913 3980 972 ὧν

2396 1011 2765 1081 ἐποιήσαμεν
2812 1013 2984 1082 ἡμεῖς
3002 1054 3016 1071 .
3062 1015 3225 1068 ἀλλὰ
3254 1013 3404 1067 κατὰ
3436 1012 3543 1065 τόν
3570 1009 3758 1066 αὑτοῦ
3798 1009 3981 1064 ἔλεον

2393 1104 2630 1158 ἔσωσεν
2651 1104 2807 1173 ἡμᾶς
2825 1104 2922 1158 διὰ
2937 1105 3196 1173 λουτροῦ
3217 1104 3702 1173 παλιγγενεσίας,
3726 1103 3825 1156 καί
3839 1104 3981 1157 ἀνα-

2393 1194 2729 1260 καινώσεως
2761 1197 3107 1265 Πνεύματος
3134 1197 3338 1266 ἁγίου·
3382 1196 3479 1249 καὶ
3520 1194 3681 1248 ¹πάλιν
3709 1192 3977 1263 ἀλλαχοῦο

2392 1288 2491 1354 Μὴ
2529 1285 2846 1343 πλανᾶσθε
2866 1303 2880 1319 ο
2918 1288 3057 1341 οὔτε
3086 1288 3317 1355 πόρνοι,
3361 1286 3499 1341 οὔτε
3529 1285 3979 1353 εἰδωλολάτραι,

2394 1381 2532 1432 οὔτε
2550 1377 2773 1447 μοιχοὶ,
2801 1378 2940 1431 οὔτε
2956 1376 3241 1447 μαλακοί,
3275 1377 3419 1430 οὔτε
3438 1373 3873 1443 ἀρσενοκοῖται.
3904 1375 3981 1427 οὐ

2394 1467 2665 1529 κλέπται,
2700 1469 2772 1522 οὐ
2789 1466 3164 1531 πλεονέκται,
3194 1468 3267 1521 οὑ
3278 1466 3556 1536 μέθυσοι,
3591 1467 3664 1519 οὐ
3690 1464 3979 1532 λοίδοροι,

2391 1559 2504 1625 οὐχ
2533 1556 3136 1625 ἅρπαγες-βασιλείαν
3170 1556 3320 1610 Θεοῦ
3350 1554 3473 1627 [οὐ]
3487 1553 3984 1623 κληρονομήσειν·

2393 1662 2514 1701 σιν.
2524 1645 2674 1709 Εἶδες
2686 1646 2899 1700 ἅπαντα
2921 1646 2988 1700 τὰ
3001 1646 3117 1717 εἷδη
3132 1646 3234 1717 τῆς
3254 1647 3471 1709 κακίαςς
3491 1645 3600 1698 Καὶ
3614 1643 3802 1698 ταῦτά
3815 1660 3983 1710 τινες

2392 1735 2519 1809 ἦτε,
2562 1739 2701 1793 ἀλλ’
2751 1739 3209 1803 ἀπελούσασθε,
3250 1738 3388 1792 ἀλλ’
3434 1736 3763 1807 ἡγιάσθητε
3784 1775 3799 1800 ,
3838 1735 3981 1791 ἀλλ’

2391 1829 2791 1897 ἐδικαιώθητε.
2819 1828 2981 1895 Πῶς;
3014 1828 3172 1883 τοῦτο
3200 1828 3310 1899 γάρ
3337 1830 3397 1883 τὸ
3425 1827 3779 1898 ζητούμενον,
3807 1829 3858 1881 εί
3891 1826 3982 1882 διὰ

2391 1922 2483 1978 τοῦ
2516 1923 2673 1991 ἀγίου
2706 1923 3019 1994 Πνεύματος
3048 1922 3151 1993 τὴν
3178 1921 3375 1975 κακίαν
3403 1920 3735 1991 ἀπεθέμεθα.
3767 1918 3985 1975 Οὐκοῦέ

2392 2015 2648 2070 ἀκουσον·
2714 2017 2869 2071 Ἀλλ’
2905 2013 3254 2085 ἡγιάσθητε.
3307 2015 3444 2068 ἀλλ’
3488 2013 3873 2079 ἐδικαιώθητε
3909 2012 3983 2065 ἐν

2393 2105 2472 2172 τῷ
2492 2108 2737 2177 ὀνόματι
2762 2107 2867 2163 τοῦ
2917 2107 3141 2175 Κυρίου
3176 2106 3396 2174 Ἰησοῦ,
3433 2104 3531 2159 καί
3563 2106 3633 2159 ἐν
3663 2103 3747 2170 τῷ
3786 2106 3981 2158 Πνεύ-

2387 2216 2529 2268 ματι
2557 2200 2663 2254 τοῦ
2691 2198 2841 2254 Θεοῦ
2864 2198 3054 2268 ἡμῶν.
3085 2195 3239 2262 Εἶδες
3266 2200 3348 2252 ὅτι
3381 2198 3442 2251 τὸ
3479 2196 3702 2266 Πνεῦμα
3731 2195 3797 2250 τὸ
3821 2195 3983 2263 ἅγιον

2392 2290 2489 2361 τὴν
2513 2290 2712 2344 κακίαν
2740 2290 2958 2345 ἀπασαν
2987 2291 3205 2361 ἐκείνην
3232 2289 3540 2360 ἀπήλειψε;

2461 2382 2522 2437 δ’.
2548 2382 2659 2435 Ποῦ
2687 2381 2783 2436 νῦν
2819 2384 2957 2435 εἰσιν
2981 2383 3028 2435 ot
3058 2380 3513 2453 βλασφημοῦντες
3541 2377 3635 2432 τοῦ
3659 2379 3980 2448 Πνεύματος

2390 2474 2488 2544 τὴν
2515 2473 2703 2539 ἀξίσνς
2727 2474 2789 2527 Εἰ
2818 2475 2915 2545 μὲν
2947 2472 3056 2547 γάρ
3083 2472 3159 2544 μὴ
3180 2472 3406 2544 ἀφίησιν
3432 2474 3651 2543 ἀμαρτή
3663 2488 3828 2541 ματα,
3854 2473 3986 2543 εἰκῇ

2391 2562 2879 2634 παραλαμϐάνεται
2935 2565 3016 2626 εἰς
3068 2563 3130 2617 τὸ
3183 2562 3501 2633 βάπτισμα’
3550 2562 3599 2614 εἰ
3643 2560 3701 2613 δέ
3751 2561 3980 2629 ἀφίησιν

2390 2656 2608 2726 ἀμαρτή
2618 2672 2787 2723 ματα,
2810 2656 2931 2726 εἰκῇ
2964 2653 3367 2725 βλασφημεῖται
3399 2652 3505 2705 ὑπὸ
3528 2651 3637 2705 τῶν
3659 2650 3973 2721 αἱρετικῶν.

2392 2749 2454 2802 Εἰ
2479 2747 2554 2820 μὴ
2581 2747 2808 2817 Πνεῦμα
2856 2742 2925 2817 ἦν
2960 2746 3135 2814 ἀγιον,
3173 2745 3377 2816 Κύριον
3422 2742 3627 2814 Ἰησοῦν
3664 2743 3838 2795 εἰπεῖν
3876 2741 3981 2794 οὐκ

2390 2838 2738 2908 ἠδυνάμεθα·
2798 2838 3012 2905 Οὐδεὶς
3054 2838 3164 2907 γὰρ
3229 2838 3477 2891 δύναται
3519 2834 3709 2888 είπεῖν
3756 2835 3982 2901 Κύριον

2403 2928 2657 2996 Ἰησοῦν,
2688 2929 2742 2982 εί
2782 2926 2869 2997 μὴ
2900 2927 2971 2981 ἐν
3014 2922 3092 2989 τῷ
3138 2927 3435 2996 Πνεύματι
3463 2923 3543 2991 τῷ
3572 2925 3739 2995 ἁγίῳ.
3792 2924 3857 2977 Εἰ
3901 2924 3978 2994 μὴ

2390 3018 2616 3089 Πνεῦμα
2648 3012 2716 3089 ἦν
2747 3016 2922 3086 ἅγιον,
2951 3016 3043 3069 τὸν
3081 3017 3213 3070 Θεὸν
3243 3014 3620 3087 παρακαλέσαι
3653 3015 3755 3068 οὐκ
3780 3013 3981 3083 ἡδυνά-

2394 3108 2532 3181 μεθα
2562 3110 2612 3162 οί
2643 3110 2852 3163 πιστοί·
2885 3110 3116 3182 λέγομεν
3140 3109 3269 3182 γάρ,
3289 3107 3480 3177 Πάτερ
3504 3106 3674 3177 ὑμῶν
3703 3110 3737 3161 ό
3757 3108 3830 3161 ἐν
3852 3107 3980 3176 τοῖς

2390 3202 2688 3269 οὐρανοῖς.
2736 3203 2948 3275 Ὠσπερ
2988 3198 3083 3257 οῦν
3132 3200 3336 3272 Κύριον
3380 3200 3609 3254 καλέσαι
3639 3201 3741 3253 οὐκ
3784 3200 3981 3269 ὴδυνά-

2394 3294 2554 3364 μεθα,
2598 3294 2769 3360 οὕτως
2824 3293 2973 3367 [ιὸὅ]
3004 3294 3128 3349 οὐδὲ
3177 3293 3398 3365 Πατέρα
3438 3293 3531 3347 τὸν
3569 3292 3702 3346 Θεὸν
3748 3293 3981 3348 καλέσαι

2391 3387 2725 3460 ἠδυνάμεθα.
2756 3388 2927 3442 Πόθεν
2971 3387 3163 3458 δῆλον;
3201 3388 3296 3441 Ἐκ
3336 3386 3431 3440 τοῦ
3462 3385 3627 3441 αὐτοῦ
3676 3385 3980 3440 ἀποστόλου

2392 3476 2662 3545 λέγοντος,
2686 3478 2817 3533 Ὀτι
2855 3476 2923 3531 δέ
2937 3477 3078 3531 ἐστε
3110 3478 3249 3542 υἱοί,
3290 3475 3725 3542 ἐξαπέστειλεν
3767 3480 3801 3531 ό
3830 3477 3981 3543 Θεὸς

2391 3570 2459 3622 τὸ
2488 3570 2729 3640 Πνεῦμα
2764 3570 2874 3625 τοῦ
2912 3569 3048 3624 Υίοῦ
3073 3568 3260 3622 αὑτοῦ
3283 3570 3370 3636 είς
3401 3568 3509 3634 τὰς
3537 3568 3785 3637 καρδίας
3807 3566 3984 3638 ὑμῶν

2392 3659 2625 3729 κράζον,
2674 3658 2825 3715 ἀϐὄᾶ
2863 3663 2896 3714 ό
2947 3660 3170 3728 Πατήρ.
3226 3660 3389 3713 ’Ὥστε
3439 3661 3566 3713 ὅταν
3606 3660 3844 3730 καλέσῃς
3888 3661 3987 3723 τὸν

2390 3752 2633 3823 Πατέρα,
2662 3736 3064 3823 ἀναμνήσθητι,
3090 3752 3176 3806 ὅτι
3202 3750 3294 3806 τοῦ
3325 3752 3641 3824 Πνεύματος
3668 3753 3767 3824 τὴν
3799 3752 3981 3823 ψυχὴν

2391 3844 2668 3909 κινοῦντος
2696 3842 2934 3917 ἡξιὼθης
2978 3845 3079 3917 τῆς
3122 3847 3497 3918 προσηγορίας
3532 3845 3768 3919 ἐκείνης.
3802 3845 3865 3898 Εἰ
3902 3846 3981 3917 μὴ

2392 3937 2618 4008 Πνεῦμα
2637 3932 2725 4007 ἦν,
2753 3937 2912 4005 λόγος
2939 3937 3132 4005 σοφίας
3164 3937 3257 3991 καὶ
3275 3936 3527 4005 γνώσεως
3567 3939 3624 3990 ἐν
3651 3940 3717 4007 τῇ
3750 3938 3979 4008 Ἐκκλη,
4070 3940 4073 3943 ·

2395 4028 2486 4099 σία
2517 4029 2618 4083 οὐκ
2644 4024 2741 4099 ἦν·
2762 4025 2839 4099 *ο
2855 4028 2973 4099 μὲν
2992 4028 3105 4098 γὰρ
3128 4028 3357 4085 δίδοται
3373 4028 3473 4084 διὰ
3499 4030 3605 4085 τοῦ
3632 4031 3980 4099 Πνεύματος

2392 4124 2577 4191 λόγος
2608 4124 2850 4191 σοφίας,
2898 4122 3067 4185 ἄλλῳ
3114 4120 3183 4174 δὲ
3222 4123 3406 4192 λόγος
3453 4120 3748 4192 γνώσειικ.
3801 4124 3864 4176 Εἰ
3902 4123 3980 4195 μὴ

2394 4213 2620 4285 Πνεῦμα
2666 4216 2819 4282 ἀγιον
2862 4209 2951 4285 ἦν,
3005 4216 3264 4286 ποιμένες
3315 4214 3410 4268 καί
3440 4214 3749 4270 διδάσκαλοι
3795 4216 3853 4268 ἐν
3909 4218 3979 4287 τῇ

2406 4305 2702 4378 Ἐκκλησία
2748 4306 2850 4359 οὐκ
2882 4302 3057 4378 ἦσαν·
3095 4306 3185 4359 καὶ
3219 4305 3327 4376 γὰρ
3361 4299 3507 4359 οὗτοι
3542 4305 3631 4360 διὰ
3665 4306 3763 4361 τοῦ
3809 4308 3983 4361 Πνεύ-

2396 4415 2564 4469 ματος
2601 4398 2865 4466 γίνονται,
2896 4395 3079 4461 καθὼς
3107 4397 3203 4451 καὶ
3242 4400 3271 4451 6
3303 4395 3516 4462 Παῦλός
3560 4413 3727 4467 φησιν
3749 4415 3762 4428 ’
3800 4399 3904 4453 Ἑν

2392 4468 2559 4546 ἔθετο
2587 4488 2744 4561 ὑμᾶς
2764 4468 2832 4543 τὸ
2858 4490 3100 4560 Πνεῦμα
3125 4489 3192 4543 τὸ
3216 4489 3387 4559 ἄτιον
3409 4488 3699 4558 ποιμένας
3733 4491 3833 4544 καί
3854 4491 3980 4546 ἐπι-

2394 4584 2690 4650 σκόπους.
2727 4583 2890 4654 Ὁρᾷς
2923 4584 3006 4636 ὅτι
3045 4584 3138 4635 καὶ
3186 4580 3342 4635 τοῦτο
3367 4581 3455 4636 διὰ
3493 4582 3587 4637 τοῦ
3616 4582 3976 4655 Πνεύματος;

2393 4677 2457 4729 El
2492 4676 2568 4747 μὴ
2605 4675 2830 4745 Πνεῦμα
2874 4675 3027 4742 ἅγιον
3062 4669 3131 4744 ἦν
3158 4674 3215 4726 ἐν
3266 4672 3344 4744 τῷ
3388 4672 3553 4745 κοινῷ
3600 4673 3775 4746 τούτῳ
3807 4678 3979 4747 πατρὶ

2394 4769 2486 4821 καὶ
2510 4766 2838 4837 διδασκάλῳ,
2874 4767 2974 4819 οὐκ
2998 4766 3065 4819 ἂν
3101 4767 3190 4820 ὅτε
3223 4766 3329 4837 πρὸ
3361 4766 3559 4837 μικροῦ
3586 4766 3753 4838 ἀνέϐη
3794 4768 3890 4822 ἐπὶ
3918 4769 3977 4823 τὸ

2396 4859 2540 4929 ἰερδν
2570 4859 2721 4930 βῆμα
2755 4859 2941 4924 τοῦτο,
2976 4860 3071 4913 καὶ
3101 4861 3269 4914 πᾶσιν
3307 4860 3436 4931 ὑμῖν
3481 4859 3681 4913 ἔδωκεν
3726 4862 3979 4932 εἰρήνην,

2392 4952 2486 5006 καὶ
2509 4951 2920 5022 ὲπεφθέγξασθε
2940 4951 3090 5024 αὐτῷ
3117 4955 3270 5024 κοινῇ
3296 4955 3517 5016 πάντες,
3548 4954 3654 5007 Καὶ
3685 4944 3769 5018 τῷ
3786 4956 3979 5008 Πγεύ-

2386 5045 2533 5111 ματί
2571 5062 2690 5100 σου
2712 5063 2725 5075 ·
2757 5044 2847 5102 διά
2897 5044 3056 5099 τοῦτο
3088 5046 3189 5099 οὐκ
3234 5046 3575 5100 ἀναϐαίνοντι
3612 5045 3773 5117 μόνον
3796 5085 3812 5110 ,
3857 5047 3979 5103 οὐδὲ
4010 5076 4013 5081 >

2391 5133 2758 5207 διαλεγομένῳ
2790 5136 2925 5208 πρὸς
2964 5137 3138 5208 ὑμᾶς,
3168 5137 3289 5191 οὐδέ
3340 5137 3619 5209 εὐχομένῳ
3650 5138 3790 5210 ὐπὲρ
3822 5138 3978 5209 ὑμῶν

2391 5226 2597 5298 ταύτην
2624 5228 3025 5297 ὲπιφθέγγεσθε
3058 5228 3158 5298 τὴν
3193 5229 3370 5300 ῥῆσιν,
3402 5229 3518 5283 ἀλλ’
3549 5230 3678 5283 ὅταν
3707 5229 3858 5302 παρά
3878 5230 3979 5301 τὴν

2394 5318 2545 5390 ἰεράν
2589 5319 2795 5391 ταύτην
2839 5306 3048 5392 ἑστήκῃ
3076 5320 3377 5390 τράπεζαν,
3426 5322 3555 5375 ὅταν
3592 5320 3691 5393 τὴν
3742 5324 3977 5395 φρικτὴν

2390 5411 2610 5482 ἐκείνην
2652 5410 2842 5465 θυσίαν
2889 5410 3184 5482 ἀναφέρειν
3228 5413 3429 5485 μέλλῃ⁸
3465 5416 3611 5468 ίσασι
3640 5414 3747 5485 γάρ
3788 5417 3838 5469 οἰ
3876 5433 3973 5488 με·

2395 5499 2666 5572 μυημένοι
2715 5500 2775 5554 τὸ
2826 5500 3146 5571 λεγόμενον·
3177 5504 3236 5557 οὐ
3280 5505 3544 5578 πρότερον
3597 5507 3825 5561 ἀπτεται
3865 5510 3977 5563 τῶν

2395 5591 2798 5664 προκειμένων,
2819 5592 2924 5657 ἕως
2956 5594 3022 5647 ἂν
3055 5595 3182 5665 ύμῖν
3204 5596 3365 5661 αὐτὸς
3384 5597 3680 5669 ἐπεύξηται
3701 5600 3800 5671 τὴν
3825 5601 3975 5673 παρά

2394 5683 2490 5737 τοῦ
2534 5683 2745 5755 Κυρίου
2794 5684 2986 5755 χάριν,
3018 5689 3113 5740 καὶ
3160 5689 3316 5759 ὑμεῖς
3352 5691 3760 5764 ἐπιφθέγξησθε
3802 5694 3971 5765 αὐτῷ,

2399 5776 2514 5833 Κιιί
2552 5776 2631 5842 τῷ
2664 5778 2963 5847 Πνεύματί
2999 5797 3134 5847 σου,
3175 5783 3260 5837 διὰ
3295 5785 3391 5857 τῆς
3422 5785 3763 5861 ἀποκρίσεως
3807 5789 3972 5861 αὐτῆς
