4206 6318
243 386 344 444 (.57

243 507 420 570 Atque
445 507 505 554 ut
533 491 840 565 intelligatis
860 482 1310 545 reconciliationis
1339 479 1430 533 Dci
1462 476 1660 530 donum
1689 485 1831 570 esse,

244 559 389 663 quod
437 589 667 659 Spiritus
706 559 923 638 sanctus
971 589 1055 634 est
1101 575 1295 638 datus,
1338 586 1403 624 ex
1455 564 1743 634 Scripturis
1779 559 1838 664 id

248 681 575 757 persuadere
614 677 766 732 vobis
811 671 1173 730 conabor:ac
1214 668 1440 736 primum
1485 676 1515 714 a
1558 667 1842 712 contrarns

249 753 619 848 probationem
649 769 727 839 rei
751 777 948 836 petam,
973 773 1028 818 et
1057 759 1357 824 ostendam,
1379 771 1499 810 cum
1529 753 1695 806 iratus
1717 758 1840 848 esti,

248 840 372 927 eum
421 866 655 937 Spiritus
695 861 918 933 gratiam
965 856 1330 912 inhiberezm
1381 862 1502 903 cum
1551 840 1846 937 credideris

249 964 370 1030 ejus
406 933 501 1014 ira:
522 962 895 1025 argumentum
938 944 1252 1016 esse,quod
1300 956 1405 996 non
1451 938 1591 1030 adsit
1618 933 1847 1030 Spiritus

252 1022 470 1108 sanctus
490 1091 506 1114 ,
530 1022 820 1116 rursusque
870 1041 1159 1097 demissum
1197 1035 1394 1090 videris
1439 1029 1694 1094 Spiritum
1721 1065 1736 1089 ,
1764 1022 1848 1078 di-

251 1160 394 1206 scas,
421 1142 522 1197 nisi
551 1137 925 1196 reconciliatus
952 1132 1176 1194 fuisset,
1199 1128 1454 1199 Spiritum
1487 1129 1728 1176 sanetum
1759 1131 1853 1170 ne-

252 1251 523 1308 quaquam
546 1235 694 1288 illum
730 1230 894 1284 fuisse
923 1227 1232 1281 missurum.
1267 1219 1421 1276 Unde
1455 1216 1611 1285 igitur
1639 1213 1739 1265 hoc
1766 1210 1850 1262 in-

257 1325 586 1397 telligemus?
609 1323 728 1378 Heli
750 1335 913 1375 senex
932 1317 1012 1372 vir
1039 1316 1165 1379 fuit,
1192 1312 1327 1368 alias
1351 1309 1566 1381 quidem
1592 1315 1776 1374 aequus
1801 1309 1855 1356 et

256 1419 484 1490 probus,
507 1413 603 1470 sed
630 1413 717 1483 qui
759 1411 987 1466 filiorum
1038 1404 1434 1476 improbitatem
1477 1397 1707 1454 nesciret
1736 1409 1855 1448 cor-

259 1484 435 1576 rigere
457 1547 471 1571 ,
503 1519 689 1559 verum
721 1503 865 1557 ultra
898 1497 1112 1553 modum
1161 1495 1361 1549 liberos
1407 1499 1632 1544 amaret.
1665 1484 1857 1539 Audite

257 1605 526 1668 quotquot
557 1593 697 1646 filios
738 1590 981 1653 habetis,
1020 1595 1076 1640 ut
1122 1584 1290 1637 amori
1343 1590 1522 1636 vestro
1568 1576 1859 1647 puderique

261 1685 482 1742 modum
516 1683 760 1737 faciatis:
795 1680 916 1733 hinc
942 1679 1083 1732 enim
1112 1675 1225 1730 lleli
1269 1687 1392 1727 cum
1441 1672 1606 1725 Deum
1653 1668 1860 1720 irritas-

263 1787 381 1840 εει..
415 1777 467 1829 in
519 1785 718 1829 tantam
762 1771 908 1824 illum
963 1764 1291 1822 iracundiam
1339 1761 1582 1831 impulit,
1616 1768 1668 1812 ut
1696 1768 1858 1810 totam

261 1878 481 1940 gentem
523 1866 683 1920 fuerit
730 1871 1025 1916 aversatus.
1054 1857 1235 1926 Itaque
1268 1865 1329 1910 ut
1376 1853 1635 1907 indicaret
1667 1850 1710 1902 is
1733 1890 1747 1911 ,
1773 1854 1862 1915 qut

267 1961 381 2015 lucc
426 1957 676 2026 scripsit,
709 1957 875 2010 Deum
905 1954 1024 2009 illos
1047 1949 1336 2005 admodum
1373 1955 1680 2002 aver~atum
1704 1956 1822 1995 esse
1848 1981 1862 2004 ,

267 2051 528 2106 dicebat:
571 2047 788 2101 Verbum
839 2054 947 2099 erat
995 2042 1270 2112 pretiosum
1303 2048 1394 2095 :et
1450 2053 1551 2090 non
1600 2043 1704 2088 erat
1743 2034 1867 2086 visio

268 2142 588 2210 distinguens
611 2139 690 2207 (1.
723 2137 849 2207 Reg.
882 2137 934 2191 3.
970 2134 1024 2206 1)
1060 2152 1073 2188 :
1104 2132 1395 2202 pretiosum
1423 2127 1524 2182 hoc
1547 2128 1664 2180 loco
1689 2139 1866 2178 rarum

270 2233 551 2303 appellans
585 2249 598 2285 :
631 2245 725 2298 per
753 2229 865 2281 lucc
891 2226 1032 2280 enim
1065 2222 1300 2278 ostendit
1342 2237 1520 2274 rarum
1565 2218 1728 2271 fuisse
1760 2227 1870 2268 tum

273 2325 476 2379 donum
515 2320 828 2390 pr0pbctizn.
868 2319 944 2372 Ac
972 2330 1158 2371 rursus
1189 2315 1376 2385 lugens
1401 2311 1538 2364 alius
1565 2319 1619 2363 et
1666 2310 1871 2371 lamen-

277 2429 395 2472 tans
426 2416 498 2469 ob
531 2415 662 2466 iram
713 2413 803 2465 Dci
835 2410 1078 2473 dicebat,
1115 2407 1177 2462 Et
1222 2425 1323 2461 non
1348 2416 1420 2460 est
1459 2407 1511 2459 in
1535 2406 1628 2458 hoc
1655 2413 1879 2473 tempore

277 2509 551 2576 princeps,
586 2521 744 2575 neque
788 2503 1032 2571 propheta
1059 2500 1218 2571 (Dan.
1250 2499 1306 2554 5.
1334 2499 1459 2568 58);
1503 2508 1556 2551 et
1581 2510 1767 2551 rursus
1805 2496 1881 2549 ait

277 2601 606 2670 evangelista
630 2617 644 2652 :
667 2596 908 2651 Nondum
935 2596 1067 2649 enim
1099 2603 1206 2646 erat
1234 2592 1462 2663 Spiritus
1483 2598 1685 2645 sanctus
1713 2606 1730 2642 :
1759 2587 1880 2659 quia

277 2693 434 2748 Iesus
463 2692 691 2745 nondum
715 2699 822 2742 erat
843 2687 1157 2757 gloriﬁcatus
1176 2682 1351 2753 (Joan.
1382 2683 1436 2736 7.
1471 2680 1582 2752 59).
1615 2679 1880 2749 Quoniam

280 2786 428 2841 enim
475 2783 714 2838 nondum
764 2780 937 2835 fuerat
974 2778 1290 2842 crucifixus,
1347 2789 1454 2829 non
1494 2781 1610 2828 erat
1651 2771 1885 2841 Spiritus

283 2884 508 2932 sanctus
534 2874 587 2928 in
607 2873 911 2927 hominibus
931 2871 1087 2924 datus
1111 2886 1124 2922 :
1159 2867 1287 2924 illud
1305 2867 1521 2936 quippe,
1546 2864 1880 2936 gloriﬁcatus,

286 2968 433 3024 idem
459 2967 638 3030 valet,
667 2963 808 3033 quod
838 2961 1145 3018 crucifixus.
1189 2960 1320 3014 Nam
1350 2957 1450 3013 etsi
1480 2971 1567 3011 res
1587 2962 1669 3010 est
1699 2963 1887 3008 natura

285 3076 384 3116 sua
415 3057 795 3130 ignominiosa,
818 3056 939 3124 quia
968 3063 1143 3108 tamen
1171 3067 1356 3107 eormn
1388 3064 1546 3104 causa
1568 3047 1728 3103 fiebat
1753 3061 1889 3116 quos

288 3151 528 3215 amabat,
558 3149 782 3219 gloriam
809 3148 953 3202 illam
978 3145 1223 3199 Christus
1251 3141 1504 3210 appellat.
1533 3140 1710 3206 Quare
1738 3151 1889 3197 vero.

291 3247 381 3300 dic
407 3257 596 3314 quatso
617 3283 631 3306 .
659 3247 782 3294 ante
811 3237 1111 3308 passionem
1154 3249 1261 3288 non
1291 3241 1375 3289 est
1415 3231 1646 3302 Spiritus
1691 3226 1894 3282 datus?

293 3338 562 3406 Quoniam
586 3334 640 3388 in
672 3331 904 3402 peccatis
933 3338 1048 3384 erat
1074 3327 1222 3382 orbis
1250 3335 1535 3389 terrarum,
1564 3324 1614 3377 in
1637 3321 1893 3376 offensio-

219 3421 226 3425 ’
299 3431 478 3493 nibus,
511 3426 639 3482 odio
664 3435 717 3478 et
743 3421 1054 3493 ignominia,
1081 3435 1200 3475 cum
1242 3417 1477 3471 nondum
1504 3415 1713 3470 oblatus
1732 3429 1898 3482 agnus

300 3532 482 3584 esset,
527 3518 617 3589 qui
673 3514 858 3572 mundi
901 3513 1041 3568 tollit
1087 3519 1387 3590 peccatum.
1431 3509 1693 3576 Quoniam
1743 3507 1902 3576 igitur

303 3613 543 3669 mmdum
567 3609 854 3668 crucifixus
883 3607 1057 3661 fuerat
1083 3593 1348 3667 Christus,
1373 3603 1738 3659 reconciliatio
1770 3616 1904 3654 non-

305 3706 430 3760 dum
461 3703 600 3758 facta
629 3709 746 3755 erat
775 3715 930 3756 :eum
964 3713 1090 3752 vero
1119 3697 1354 3750 nondum
1379 3704 1523 3750 esset
1553 3693 1686 3748 facta
1718 3707 1904 3746 recon-

306 3795 540 3859 ciliatio,
573 3793 767 3847 merito
811 3806 985 3860 neque
1025 3789 1254 3858 Spiritus
1279 3787 1608 3850 mittebatur,
1634 3785 1702 3838 ita
1735 3793 1788 3836 ut
1816 3797 1904 3837 re-

311 3886 706 3947 conciliationis
737 3885 988 3939 indicium
1021 3882 1250 3952 Spiritus
1270 3881 1590 3934 mitteretur.
1621 3878 1907 3944 Propterea

313 3981 620 4043 dicitetiam
647 3979 893 4033 Christus
912 4019 925 4041 ,
961 3975 1179 4045 Expedit
1206 3974 1342 4027 vobis
1361 4013 1376 4036 ,
1409 3981 1462 4025 ut
1491 3987 1580 4042 ego
1611 3971 1794 4023 vadum
1826 3985 1844 4022 :
1865 3969 1910 4022 si

315 4078 449 4134 enim
474 4092 580 4130 non
603 4073 773 4128 abiero
795 4114 809 4137 ,
833 4072 920 4125 ille
960 4086 1060 4123 non
1096 4068 1253 4122 veniet
1277 4066 1457 4138 (Joan.
1484 4065 1565 4120 16.
1595 4065 1658 4136 ⁴7)
1697 4081 1710 4116 :
1737 4062 1780 4115 si
1805 4075 1911 4115 non

319 4168 521 4230 abiero,
557 4174 612 4220 et
637 4164 847 4218 Patrem
875 4161 1311 4225 reconciliavcro,
1341 4157 1511 4227 inquit
1531 4197 1544 4219 ,
1576 4153 1911 4212 Paraclctum

324 4259 475 4313 vobis
519 4272 626 4310 non
657 4255 883 4316 mittam.
914 4252 1118 4308 Videtis
1157 4267 1315 4321 quam
1348 4250 1528 4304 multis
1554 4263 1621 4302 ex
1650 4247 1778 4301 locis
1812 4262 1909 4299 vo-

325 4353 408 4406 bis
428 4347 841 4404 demonstrarim
873 4345 998 4400 illud
1027 4346 1119 4401 ira:
1146 4344 1337 4399 divinae
1365 4343 1572 4412 signum
1604 4357 1746 4408 esse,
1776 4339 1918 4411 quod

328 4459 436 4501 nou
465 4444 536 4496 sit
577 4442 629 4495 in
661 4439 963 4495 hominibus
1009 4436 1237 4506 Spiritus
1279 4435 1534 4489 sanctus?
1571 4431 1786 4487 Verbum
1817 4441 1921 4486 erat

330 4533 610 4605 pretiosum
629 4573 645 4594 ,
673 4539 720 4584 et
747 4532 875 4588 visio
891 4549 990 4587 non
1009 4539 1120 4587 erat
1140 4530 1455 4598 distinguens
1478 4525 1551 4596 (l.
1577 4522 1704 4595 Reg.
1732 4525 1784 4580 5.
1819 4523 1871 4593 1)
1905 4540 1918 4576 :

335 4622 458 4680 Non
485 4623 620 4676 enim
649 4630 722 4675 est
753 4624 991 4689 princeps
1011 4659 1026 4682 ,
1059 4635 1215 4689 neque
1240 4618 1484 4688 propheta
1508 4619 1560 4671 in
1584 4626 1806 4686 tempore
1828 4620 1924 4670 isto

334 4714 588 4784 (Danx3.
631 4711 746 4781 38).
782 4709 1025 4764 Nondum
1072 4710 1204 4762 enim
1250 4719 1358 4762 erat
1407 4709 1632 4778 Spiritus
1675 4718 1880 4763 sanctus
1907 4724 1926 4760 :

335 4810 458 4879 quia
476 4806 630 4861 Iesus
656 4805 882 4859 nondum
903 4814 1008 4858 erat
1038 4803 1351 4874 gloriﬁcatus
1376 4801 1551 4872 (Joan.
1575 4803 1627 4857 7.
1662 4803 1728 4858 59
1821 4800 1931 4855 Ea:-

339 4905 481 4976 pedit
507 4904 665 4965 vobis,
693 4912 747 4957 ut
767 4918 858 4974 ego
887 4902 1067 4954 vatiam
1095 4917 1113 4954 :
1132 4905 1176 4954 si
1201 4901 1331 4953 enim
1361 4915 1453 4970 ego
1484 4915 1581 4951 non
1603 4898 1773 4950 abiero
1792 4937 1806 4960 ,
1843 4897 1931 4950 ille

343 5013 444 5054 non
489 4996 650 5049 veniet
680 4993 856 5066 (Joan.
887 4992 973 5048 16.
1004 4993 1082 5062 7).
1121 4992 1299 5061 Itaque
1341 4992 1549 5060 signum
1597 4998 1678 5042 est
1719 4988 1811 5041 ira:
1853 4987 1932 5065 di_-

347 5088 485 5146 vina:
507 5128 522 5152 ,
545 5085 688 5156 quod
734 5100 837 5139 non
886 5085 954 5137 sit
983 5083 1211 5152 Spiritus
1255 5091 1471 5136 sanctus
1506 5099 1519 5135 :
1551 5095 1671 5133 cum
1720 5077 1936 5147 copiose

347 5177 573 5233 missum
605 5176 802 5230 videris
840 5176 1096 5246 Spiritum
1127 5184 1368 5228 sanctum
1388 5215 1400 5237 ,
1432 5173 1561 5228 nihil
1604 5174 1671 5228 de
1698 5174 1936 5226 reconci-

351 5270 570 5325 liatione
593 5269 802 5324 dubites
831 5269 1079 5337 amplius.
1109 5267 1305 5322 Verum
1347 5267 1434 5322 ubi
1477 5282 1617 5322 nunc
1663 5276 1744 5321 est
1770 5265 1939 5335 Spiri-

354 5369 442 5415 tus
480 5360 732 5415 sanctus?
767 5358 909 5414 dicet
946 5359 1158 5429 aliquis.
1199 5356 1329 5412 Nam
1385 5366 1496 5411 tum
1527 5357 1742 5427 quidem
1799 5365 1942 5411 recte

352 5451 488 5507 dicit
508 5491 523 5515 ,
547 5467 668 5506 cum
699 5452 845 5522 signa
868 5449 1089 5515 fiebant,
1121 5459 1176 5504 et
1211 5450 1406 5504 mortui
1447 5449 1856 5512 suscitabantur,
1891 5455 1947 5502 et

359 5546 556 5614 leprosi
582 5558 770 5599 omnes
797 5543 1189 5599 mandabantur
1220 5563 1233 5598 :
1262 5544 1370 5610 jam
1401 5558 1529 5597 vero
1565 5541 1704 5597 unde
1734 5543 1945 5610 planum

359 5637 620 5692 faciemus
660 5635 849 5692 adesse
893 5635 1048 5691 nobis
1088 5635 1343 5705 Spiritum
1373 5635 1653 5688 sanctum?
1680 5632 1852 5688 Nolite
1881 5633 1948 5687 ti-

359 5743 550 5793 mere;
590 5726 870 5783 ostendam
911 5727 1054 5781 enim
1100 5727 1150 5782 in
1195 5727 1351 5780 nobis
1379 5740 1500 5781 esse
1549 5741 1690 5779 nunc
1736 5740 1947 5797 quoque

357 5819 618 5898 Spiritum
645 5827 902 5876 sanctum.
951 5819 1062 5888 Qua
1097 5818 1309 5875 tandem
1341 5819 1583 5875 ratione?
1615 5833 1732 5874 nam
1761 5819 1803 5873 si
1838 5836 1943 5875 non

1243 364 1330 420 DE
1367 357 1629 418 SANCTA
1673 349 2135 410 PENTECOSTE.
2180 349 2414 406 HOMIL.
2455 351 2498 406 1.

3439 350 3542 407 δῖῐε

1945 475 2087 521 esset
2134 467 2184 520 in
2235 466 2391 521 nobis
2423 467 2652 536 Spiritus
2697 477 2950 532 sanctus.
2980 469 3251 539 quomodo
3297 471 3418 536 isti,
3453 475 3545 540 qui

1947 558 2042 611 hac
2087 573 2236 611 sacra
2288 569 2446 613 nocte
2487 559 2767 613 illuminati
2795 569 2959 626 sunt,
2989 577 3018 614 a
3053 562 3283 629 peccatis
3325 562 3542 616 liberari

1946 651 2279 719 potuissent?
2323 650 2440 705 Non
2483 653 2626 706 enim
2680 651 2883 722 absque
2935 652 3166 723 Spiritus
3219 654 3537 711 efficitcitate

1948 758 2233 812 possumus
2271 759 2301 798 a
2349 745 2581 814 peccatis
2623 745 2874 808 liberari,
2905 746 3047 816 quod
3091 748 3546 818 quemadmodum

1950 835 2140 890 doceat
2186 836 2380 891 Paulus
2408 838 2604 893 audite.
2637 838 2859 893 Eramus
2885 841 3022 893 enim
3070 841 3350 910 aliquando
3387 851 3431 894 et
3457 859 3549 896 nos

1952 928 2243 996 insipientes
2266 971 2281 993 ,
2299 928 2548 982 increduli
2569 970 2582 996 ,
2603 940 2849 996 errantes,
2873 931 3140 984 servientes
3169 931 3434 987 desideriis
3461 949 3552 985 va-

1953 1020 2044 1072 riis
2073 1034 2091 1072 :
2115 1035 2228 1071 cum
2249 1029 2415 1072 autem
2435 1015 2715 1090 btnignitas
2745 1029 2791 1074 et
2820 1021 3113 1075 humanitas
3146 1024 3392 1092 apparuit
3424 1022 3550 1078 Sal-

1955 1113 2141 1166 uatoris
2171 1112 2333 1166 nostri
2364 1111 2491 1180 Dei,
2519 1129 2621 1166 non
2646 1129 2710 1167 ea:
2735 1116 2971 1184 operibus
3002 1116 3221 1185 justitite
3243 1160 3258 1181 ,
3289 1133 3403 1186 qua:
3433 1119 3557 1187 [eci-

1959 1219 2070 1257 mus
2121 1220 2247 1269 nos,
2286 1203 2374 1256 sed
2426 1205 2702 1258 secundum
2750 1206 3149 1260 misericordiam
3190 1224 3337 1262 suam
3386 1209 3555 1263 salvos

1960 1309 2050 1347 nos
2099 1297 2254 1366 fecit,
2285 1311 2374 1364 per
2419 1296 2678 1350 lavacrum
2721 1298 3113 1368 regenerationis
3140 1309 3186 1352 et
3216 1301 3556 1354 renovationis

1963 1384 2188 1454 Spiritus
2215 1387 2379 1439 sancti
2405 1385 2530 1458 (Tit.
2551 1388 2601 1441 5.
2623 1387 2738 1458 5-5)
2765 1404 2776 1440 :
2798 1399 2852 1443 et
2880 1403 3064 1443 rursus
3092 1389 3241 1456 alibi,
3275 1389 3451 1443 Nolite
3476 1408 3555 1443 er-

1961 1493 2076 1530 rare
2103 1492 2118 1531 :
2153 1494 2312 1548 neque
2350 1477 2614 1546 fornicarii
2637 1521 2651 1546 ,
2677 1495 2835 1550 neque
2869 1481 3188 1547 idololatrae,
3215 1499 3378 1554 neque
3403 1483 3560 1537 adul-

1964 1570 2087 1632 teri,
2124 1585 2284 1638 neque
2322 1569 2535 1636 molles,
2584 1587 2742 1641 neque
2789 1574 3129 1628 masculorum
3171 1574 3519 1629 concubitores
3544 1617 3559 1640 ,

1964 1679 2122 1730 neque
2139 1667 2298 1734 fures,
2331 1680 2488 1734 neque
2508 1666 2648 1718 avari
2669 1709 2683 1730 ,
2715 1683 2872 1738 neque
2891 1666 3092 1732 ebriosi,
3119 1685 3277 1738 neque
3301 1669 3559 1734 maledici,

1967 1771 2125 1824 neque
2166 1771 2378 1824 rapaces
2406 1773 2618 1827 regnum
2650 1756 2744 1811 Dei
2775 1759 3102 1827 possidebunt
3150 1759 3226 1830 (1.
3255 1758 3375 1814 Cor.
3408 1761 3464 1816 ϐ.
3496 1761 3560 1816 9-

1969 1848 2088 1917 10).
2138 1845 2299 1903 Vides
2331 1850 2506 1903 omnia
2542 1864 2738 1918 genera
2780 1850 3180 1920 improbitatis?
3208 1850 3276 1905 Et
3298 1853 3405 1906 [nec
3453 1855 3568 1922 qui-

1972 1939 2083 1992 dem
2109 1939 2316 2008 fuistis;
2340 1941 2428 1994 sed
2453 1941 2611 1994 abluti
2654 1943 2771 1996 estis
2795 1983 2810 2007 ,
2841 1943 2928 1996 sed
2956 1937 3258 2012 sanctiﬁcati
3297 1946 3416 1998 estis
3440 1986 3454 2010 ,
3478 1945 3567 1998 sed

1961 2033 2230 2102 justi/icati
2261 2034 2396 2087 estis.
2428 2032 2544 2100 Quo
2593 2034 2791 2102 pacto?
2818 2033 2919 2090 hoc
2947 2035 3089 2089 enim
3114 2044 3228 2103 est,
3260 2036 3403 2106 quod
3425 2051 3573 2108 qua:-

1973 2125 2128 2189 ritur,
2153 2141 2278 2178 nmn
2303 2140 2395 2194 per
2418 2125 2671 2195 Spiritum
2691 2135 2933 2182 sanctum
2951 2129 3243 2198 nequitiam
3264 2129 3576 2198 deposueri-

1977 2230 2116 2269 mus.
2161 2216 2295 2270 Audi
2327 2232 2454 2287 ergo
2485 2234 2496 2268 τ
2533 2216 2639 2272 Sed
2661 2220 2974 2285 sanctiﬁcati
2995 2221 3144 2285 estis,
3179 2220 3266 2274 sed
3301 2221 3577 2293 justiﬁcati

1978 2307 2095 2360 estis
2117 2308 2167 2359 in
2199 2309 2400 2360 nomine
2427 2307 2629 2360 Domini
2657 2309 2816 2361 nostri
2835 2308 2961 2362 .Iesu
2984 2310 3197 2377 Christi,
3218 2321 3264 2364 et
3293 2312 3344 2364 in
3373 2312 3577 2380 Spiritu

1980 2396 2080 2454 Dei
2106 2399 2266 2451 nostri
2300 2395 2404 2468 (Ib.
2436 2415 2483 2452 v.
2511 2400 2620 2467 11).
2650 2399 2878 2455 Videsne
2900 2400 3158 2471 Spiritum
3189 2411 3434 2457 sanctum
3462 2419 3579 2458 om-

1983 2505 2104 2544 nem
2137 2489 2280 2545 illam
2308 2490 2703 2560 improbitatem
2731 2491 3034 2547 delevisse?

2055 2581 2109 2635 4.
2146 2580 2382 2636 [heretici
2428 2584 2482 2636 in
2514 2582 2765 2653 Spiritum
2799 2583 2859 2639 S.
2909 2585 3342 2654 blasphemubant.
3380 2617 3436 2626 —
3485 2587 3583 2642 Ubi

1987 2688 2130 2727 nunc
2157 2682 2280 2727 sunt
2306 2714 2320 2740 ,
2344 2674 2432 2744 qui
2464 2673 2692 2744 Spiritus
2723 2674 3055 2744 majestatem
3097 2677 3507 2746 blasphcmant?
3528 2680 3585 2734 Si

1988 2768 2129 2821 enim
2160 2777 2376 2836 peccata
2406 2783 2510 2821 non
2537 2767 2754 2821 dituittit
2775 2809 2789 2833 ,
2826 2767 3017 2823 frustra
3043 2770 3299 2838 accipitur
3327 2771 3380 2824 in
3413 2771 3587 2840 bapti-

1990 2867 2182 2923 smate;
2207 2859 2252 2912 si
2278 2868 2494 2928 peccata
2524 2858 2770 2925 dimittit,
2797 2857 2988 2913 frustra
3017 2859 3365 2930 blasphemiis
3385 2861 3452 2914 ab
3480 2862 3589 2915 ha:-

1993 2951 2172 3005 retiiris
2198 2951 2499 3006 incessitur.
2534 2951 2590 3006 Si
2623 2965 2728 3004 non
2759 2961 2901 3005 esset
2941 2953 3171 3021 Spiritus
3198 2963 3450 3020 sanctus,
3483 2954 3592 3008 Do-

1996 3046 2195 3097 tniuuut
2217 3043 2400 3098 Jesum
2431 3044 2613 3098 diecre
2645 3061 2747 3097 non
2781 3060 3063 3113 possemus
3093 3062 3105 3098 :
3144 3043 3309 3098 Nemo
3330 3047 3462 3098 enim
3492 3063 3588 3115 po-

1997 3135 2088 3190 test
2115 3137 2278 3189 dicere
2307 3135 2579 3190 Dominum
2607 3134 2787 3191 Iesum
2805 3179 2820 3202 ,
2846 3138 2944 3190 nisi
2984 3138 3038 3190 in
3065 3138 3266 3207 Spiritu
3307 3150 3483 3192 sancto
3516 3138 3593 3211 (Ι.

1999 3230 2117 3286 Cor.
2137 3230 2220 3285 12.
2246 3231 2326 3301 5).
2356 3230 2414 3286 Si
2444 3244 2550 3285 non
2572 3240 2715 3286 esset
2736 3231 2965 3300 Spiritus
2990 3243 3227 3297 sanctus,
3252 3233 3417 3287 Deum
3442 3249 3599 3288 orare

2003 3323 2186 3379 ﬁdeles
2208 3340 2314 3377 non
2343 3336 2623 3393 possemus
2656 3343 2670 3379 :
2701 3323 2927 3380 dicimus
2948 3325 3088 3380 enim
3135 3323 3293 3380 Pater
3321 3337 3490 3380 noster
3514 3329 3600 3396 qui

2016 3427 2137 3481 esin
2149 3427 2292 3480 caelis
2307 3423 2522 3496 (Matth.
2547 3424 2601 3479 6.
2621 3423 2773 3496 9).Ut
2793 3425 2956 3494 igitur
2971 3422 3262 3478 Dominum
3280 3440 3474 3479 vocare
3489 3440 3596 3480 non

2018 3533 2328 3588 possemus,
2347 3518 2427 3572 sic
2443 3532 2618 3586 neque
2635 3515 2850 3569 Patrem
2874 3513 3044 3568 Deum
3065 3530 3260 3569 vocare
3284 3531 3594 3584 possemus.

2018 3607 2232 3664 Undeid
2247 3608 2493 3663 constat?
2512 3610 2586 3661 Ex
2605 3607 2792 3660 eodem
2809 3605 3188 3675 Apostolo,qui
3209 3607 3282 3660 ait
3301 3621 3315 3658 :
3332 3607 3597 3670 Quoniam

2017 3713 2188 3755 autem
2203 3706 2326 3754 estis
2345 3701 2467 3769 ﬁlii,
2494 3701 2638 3752 misit
2670 3699 2806 3751 Dens
2831 3697 3087 3764 Spiritum
3110 3695 3237 3749 Filii
3258 3699 3343 3751 sui
3365 3699 3419 3750 in
3433 3698 3598 3749 corda

2011 3802 2177 3844 vestra
2218 3792 2523 3844 clamantem
2544 3830 2560 3856 ,
2592 3789 2768 3857 Abba,
2801 3787 2960 3843 Pater
2993 3788 3189 3861 (Galat.
3220 3791 3272 3844 4.
3306 3788 3382 3862 b).
3427 3790 3610 3860 Itaque

2011 3884 2139 3940 dum
2171 3884 2381 3938 Patrem
2407 3899 2566 3939 vocas
2589 3926 2603 3948 ,
2629 3883 2912 3938 recordare
2951 3882 3154 3954 Spiritu
3185 3884 3418 3937 animant
3462 3900 3613 3938 com-

2014 3985 2267 4032 movente
2311 3977 2401 4030 illa
2456 3985 2506 4032 te
2560 3975 2724 4031 fuisse
2771 3975 3128 4046 appellatione
3171 3977 3452 4031 donatum.
3499 3978 3612 4033 Nisi

2017 4079 2162 4126 esset
2191 4070 2423 4139 Spiritus
2452 4078 2668 4122 sanctus
2689 4109 2705 4136 ,
2737 4083 2918 4123 sermo
2944 4069 3219 4138 sapienti-.e
3265 4087 3328 4124 ac
3370 4071 3613 4127 scientia:

2019 4165 2074 4220 in
2127 4164 2368 4219 Ecclesia
2417 4179 2524 4217 non
2568 4172 2709 4216 esset
2745 4181 2756 4214 :
2791 4177 2911 4215 nam
2939 4162 3040 4216 Alii
3089 4163 3292 4232 quidem
3322 4165 3477 4218 datur
3525 4183 3615 4236 per

2023 4257 2278 4326 Spiritum
2317 4272 2481 4311 sermo
2505 4254 2799 4325 sapientiae,
2831 4254 2920 4308 alii
2959 4271 3071 4308 vero
3099 4272 3262 4309 sermo
3289 4257 3513 4312 scientitz
3559 4257 3608 4329 (Ι

2023 4349 2144 4406 Cor.
2168 4348 2254 4404 12.
2274 4347 2348 4420 8).
2371 4348 2478 4403 Nisi
2509 4361 2649 4403 esset
2673 4348 2901 4418 Spiritus
2922 4358 3154 4410 sanctus,
3189 4359 3428 4417 pastores
3449 4361 3500 4405 et
3526 4350 3621 4405 d0-

2025 4452 2202 4496 ctores
2233 4442 2282 4495 in
2303 4440 2537 4495 Ecclesia
2565 4456 2667 4493 non
2687 4448 2865 4494 essent
2885 4457 2898 4492 :
2917 4455 3038 4494 nam
3061 4449 3114 4494 et
3135 4441 3219 4494 isti
3245 4456 3337 4510 per
3366 4441 3623 4511 Spirituut

2029 4533 2160 4587 fiunt
2185 4575 2199 4598 ,
2231 4533 2371 4587 sicut
2399 4541 2452 4586 et
2480 4531 2675 4587 Paulus
2701 4531 2858 4598 dicit,
2891 4531 2958 4584 ln
3001 4548 3099 4598 quo
3128 4549 3213 4586 vos
3245 4532 3472 4601 Spiritus
3495 4552 3618 4588 sau-

2030 4633 2136 4678 ctus
2167 4624 2331 4693 posuit
2358 4634 2584 4694 pastores
2627 4632 2675 4676 et
2700 4625 2968 4691 episcopos,
3000 4621 3138 4691 (Act.
3179 4623 3269 4678 20.
3298 4623 3426 4698 28).
3464 4625 3626 4681 Vides

2032 4716 2135 4770 hoc
2176 4730 2386 4786 quoque
2442 4730 2533 4782 per
2561 4715 2815 4785 Spiritunt
2867 4714 3158 4770 fieri?Nisi
3206 4726 3349 4772 esset
3398 4718 3627 4786 Spiritus

2034 4817 2253 4864 sanctus
2287 4808 2340 4864 in
2379 4806 2480 4861 hoe.
2505 4807 2774 4862 communi
2827 4817 2977 4877 patre
3027 4823 3091 4862 ac
3127 4809 3349 4865 doctore
3375 4812 3470 4882 (α),
3506 4828 3629 4867 cum

2034 4901 2193 4970 paulo
2220 4908 2343 4954 ante
2381 4914 2593 4954 sacrum
2624 4898 2727 4952 hoc
2767 4899 2820 4952 in
2849 4898 3081 4952 tribunal
3121 4901 3398 4965 a'scendit,
3431 4919 3495 4957 ac
3539 4919 3630 4955 vo-

2038 4993 2119 5048 bis
2143 4990 2390 5045 omnibus
2417 5005 2602 5060 pacem
2625 4989 2789 5054 dedit,
2816 5005 2920 5043 non
2949 4990 3107 5045 simul
3129 5008 3317 5048 omnes
3345 4997 3636 5049 acclamas-

2040 5088 2191 5152 setis,
2222 5084 2288 5138 Et
2313 5101 2427 5137 cum
2466 5083 2666 5153 Spiritu
2697 5093 2819 5138 tuo:
2848 5082 3047 5137 idcirco
3072 5099 3178 5138 non
3221 5100 3343 5140 cum
3395 5087 3638 5142 ascendit

2044 5190 2271 5246 tantum,
2303 5194 2476 5248 neque
2505 5193 2624 5232 cum
2657 5193 2751 5231 vos
2779 5177 2988 5240 affatur,
3013 5192 3187 5247 neque
3215 5194 3335 5233 eum
3366 5195 3463 5248 pro
3485 5180 3638 5236 vobis

2045 5283 2196 5339 orat,
2232 5274 2330 5326 hac
2360 5271 2432 5326 illi
2461 5285 2590 5324 voce
2635 5269 2940 5324 acclamatis
2965 5307 2980 5332 ,
3006 5268 3100 5323 sed
3148 5283 3270 5323 cum
3308 5269 3432 5325 huic
3471 5286 3641 5328 sacrte

2049 5381 2249 5420 mens:c
2269 5363 2491 5427 assistit,
2515 5378 2636 5416 cum
2665 5361 3000 5416 trentendum
3023 5361 3346 5417 sacrificium
3375 5373 3457 5419 est
3487 5364 3642 5418 obla-

2052 5469 2202 5514 turus
2234 5477 2248 5513 :
2283 5473 2403 5512 nam
2430 5457 2555 5527 quid
2604 5455 2775 5510 dicam
2802 5497 2817 5521 ,
2848 5464 3043 5510 norunt
3087 5457 3176 5525 qui
3204 5464 3329 5512 sunt
3373 5457 3644 5527 mySteriis

2056 5552 2280 5616 initiati;
2304 5566 2409 5604 non
2432 5550 2578 5619 prius
2607 5548 2817 5618 attingit
2843 5549 3133 5618 proposita,
3165 5564 3322 5617 quam
3353 5547 3501 5602 vobis
3531 5549 3643 5617 ipse

2056 5646 2279 5716 gratiam
2312 5642 2469 5696 fuerit
2497 5649 2744 5710 precatus
2771 5655 2800 5693 a
2833 5639 3090 5707 Domino,
3123 5654 3322 5708 vosque
3354 5639 3426 5692 illi
3457 5641 3633 5694 accla-

2055 5741 2328 5794 tuaveritis
2360 5752 2375 5792 :
2406 5733 2608 5790 Etcum
2634 5733 2833 5803 Spiritu
2873 5743 2990 5794 tuo,
3014 5747 3118 5800 qua
3162 5732 3510 5802 reSponsione
3551 5747 3638 5785 vo-

2123 5839 2193 5894 (η)
2222 5827 2500 5878 Flavianum
2529 5828 2809 5893 episcopum
2833 5823 3028 5875 indicat.
