4206 6318
572 365 676 421 439

570 487 762 541 hismet
792 481 922 551 ipsis
954 480 1005 534 in
1033 478 1342 533 memoriam
1390 474 1650 530 revocatis
1679 472 1811 527 nihil
1854 488 1974 528 eum
2001 487 2143 542 pra:-

569 584 732 637 starc,
764 570 856 641 qui
880 571 1071 634 adest,
1100 582 1271 636 neque
1316 579 1515 620 natura:
1560 565 1804 618 humanae
1844 578 2003 632 opera
2029 576 2148 615 esse

508 654 511 655 ⁷
571 664 839 734 proposita
867 662 1004 717 dona
1027 703 1042 727 ,
1066 660 1156 715 sed
1191 669 1502 728 praesentem
1549 656 1775 723 Spiritus
1810 656 2032 725 gratiam
2054 694 2069 716 ,
2096 662 2149 706 et

570 755 635 808 ad
659 754 837 808 omnia
877 752 1210 807 advolantem
1234 792 1249 817 ,
1281 749 1559 820 mysticum
1598 746 1725 800 illud
1767 748 2020 815 perlicere
2063 757 2150 795 sa-

572 845 853 907 crificium.
890 843 1033 898 Licet
1074 841 1216 896 enim
1242 841 1401 894 homo
1426 840 1495 893 sit
1539 838 1622 901 is,
1652 836 1741 905 qui
1785 835 1964 899 adest,
2012 834 2152 887 Deus

574 946 875 1001 estéameu,
903 935 991 1004 qui
1012 948 1105 1002 per
1134 931 1303 1002 ipsum
1330 939 1597 1000 operatur.
1615 928 1729 982 Noli
1756 942 1880 997 ergo
1910 936 2152 979 naturam

575 1027 852 1083 attendere
878 1026 1021 1080 illius
1041 1067 1055 1089 ,
1084 1040 1242 1095 quem
1273 1023 1449 1078 cernis
1470 1063 1484 1086 ,
1512 1020 1849 1089 sed’gratiam
1876 1019 1992 1087 ejus
2013 1018 2154 1072 invi-

574 1120 781 1176 sibilem
809 1118 1085 1181 considera
1114 1136 1125 1169 :
1154 1116 1283 1169 nihil
1317 1103 1603 1168 humanum
1655 1119 1738 1165 est
1784 1124 1967 1163 eorum
1987 1150 2001 1174 ,
2035 1124 2153 1178 quae

575 1215 630 1269 in
655 1212 757 1267 hoc
794 1224 946 1265 sacro
989 1216 1245 1279 geruntur
1275 1204 1593 1260 sanctuario.
1636 1200 1752 1255 Nisi
1779 1199 2012 1268 Spiritus
2053 1197 2150 1251 ad-

576 1312 717 1360 esset
739 1344 754 1369 ,
779 1300 1014 1357 Ecclesia
1045 1314 1148 1354 non
1179 1298 1526 1355 consisteret;
1550 1293 1594 1347 si
1631 1306 1757 1346 vero
1782 1290 2025 1346 consistit
2052 1289 2154 1343 Ec-

579 1396 763 1461 clesia,
790 1392 1009 1447 dubium
1041 1405 1144 1444 non
1171 1397 1282 1453 est,
1310 1388 1436 1457 quin
1458 1385 1595 1449 adsit
1621 1384 1871 1453 Spiritus.

652 1486 820 1554 Quare
849 1500 981 1538 nunc
1000 1484 1143 1553 signa
1168 1498 1266 1535 non
1298 1480 1441 1549 ﬁant.
1470 1478 1665 1531 —Cur
1690 1477 1865 1545 igitur,
1896 1474 2036 1529 dicet
2059 1472 2155 1526 ali«

577 1578 718 1649 quis,
749 1589 887 1630 nunc
907 1574 1050 1643 signa
1084 1587 1185 1624 non
1218 1570 1385 1625 ﬁunt?
1410 1568 1508 1643 llic
1538 1566 1665 1621 mihi
1687 1581 1781 1619 vos
1804 1565 2040 1625 animum
2070 1562 2154 1617 di-

578 1670 803 1737 ligenter
847 1663 1203 1718 attendite:a
1248 1660 1428 1714 multis
1474 1658 1617 1714 enim
1647 1666 1701 1713 et
1754 1656 2056 1725 frequenter
2102 1662 2157 1707 ct

579 1772 790 1828 semper
838 1756 976 1809 hanc
1019 1754 1148 1807 mihi
1189 1751 1510 1823 propositam
1557 1748 1712 1803 audio
1767 1748 2153 1818 qumstionem:

578 1849 754 1918 Quare
781 1858 889 1901 tum
933 1843 1122 1913 linguis
1164 1841 1514 1911 loquebantur
1556 1852 1742 1891 omnes
1778 1837 1867 1906 qui
1908 1835 2145 1904 baptiza-

579 1942 791 2002 bantur,
818 1938 926 2006 jam
955 1950 1078 1989 vero
1108 1948 1213 1986 non
1236 1932 1398 1986 item?
1427 1931 1699 1984 Discamus
1730 1929 1907 1997 prius,
1936 1926 2061 1996 quid
2092 1924 2160 1978 sit

581 2030 723 2100 loqui
752 2028 945 2097 linguis
968 2068 983 2093 ,
1008 2041 1070 2079 ac
1098 2022 1292 2078 deinde
1312 2037 1526 2077 causam
1550 2021 1807 2075 dicemus.
1837 2018 1973 2085 Quid
2004 2018 2160 2086 igitur

581 2130 663 2176 est
699 2120 840 2188 loqui
885 2115 1111 2184 linguis?
1137 2115 1234 2181 Qui
1264 2113 1646 2181 baptizabatur,
1674 2111 1850 2164 statim
1878 2110 2056 2178 lingua
2082 2109 2162 2161 lo-

580 2212 839 2283 quebatur
881 2208 1127 2262 ludorum
1157 2247 1170 2271 ,
1227 2204 1601 2275 Egyptiorum
1628 2244 1642 2269 ,
1676 2202 1954 2256 Persarum
1981 2240 1996 2265 ,
2024 2199 2159 2269 Scy-

581 2303 813 2367 tharum,
843 2299 1107 2353 Thracum
1133 2338 1148 2361 ,
1175 2311 1238 2350 ac
1264 2296 1345 2349 vir
1386 2309 1524 2349 unus
1551 2293 1742 2347 multas
1770 2292 1975 2360 linguas
2005 2304 2161 2344 assu-

584 2394 797 2458 tncbat;
827 2401 881 2446 et
906 2392 990 2445 isti
1020 2405 1160 2444 nunc
1186 2388 1231 2442 si
1258 2386 1507 2457 baptizati
1539 2395 1649 2438 tum
1694 2383 1917 2438 fuissent
1937 2423 1951 2447 ,
1981 2382 2192 2435 statim\

583 2489 703 2542 illos
729 2487 951 2541 diversis
981 2484 1259 2554 loquentes
1283 2481 1475 2551 linguis
1500 2479 1779 2533 audiisscs.
1806 2475 1938 2529 Nam
1969 2474 2161 2529 Paulus

582 2577 786 2634 invenit
809 2618 825 2644 ,
866 2585 924 2630 ut
972 2576 1186 2639 dicitur,
1224 2571 1480 2642 quosdam
1509 2570 1560 2622 in
1596 2568 1815 2623 Joannis
1846 2565 2162 2633 baptismate

584 2671 899 2739 baptizatos,
922 2668 1161 2736 dixitque
1186 2664 1249 2718 ad
1280 2679 1371 2719 eos
1397 2680 1409 2713 :
1441 2661 1501 2717 Si
1542 2660 1793 2730 Spiritum
1815 2668 2042 2712 sanctum
2071 2672 2161 2708 ac-

582 2761 783 2833 cepistis
824 2757 1120 2814 credentes?
1163 2755 1352 2810 Dicunt
1387 2753 1507 2807 illi:
1533 2749 1638 2806 Sed
1664 2758 1818 2819 neque
1851 2748 1896 2804 si
1938 2747 2164 2817 Spiritus

582 2862 789 2909 sanctus
829 2859 925 2917 est,
955 2849 1238 2903 audivimus
1263 2848 1402 2916 (Act.
1448 2844 1517 2900 19
1567 2843 1659 2914 2);
1691 2842 1985 2910 statimque
2006 2838 2165 2908 jussit

585 2959 679 2999 eos
701 2942 991 3012 baptizari;
1021 2938 1086 2994 Et
1114 2955 1229 2992 cum
1255 2936 1573 3007 imposuisset
1600 2934 1701 2987 illis
1729 2948 1911 2985 manus
1939 2929 2160 2996 Paulus,

583 3036 713 3091 venit
738 3032 963 3103 Spiritus
982 3039 1185 3085 sanctus
1209 3044 1362 3097 super
1388 3043 1471 3080 eos
1490 3067 1505 3093 ,
1530 3035 1577 3079 et
1607 3024 1932 3094 loquebantur
1972 3019 2158 3090 linguis

584 3140 754 3179 omnes
786 3121 944 3194 (Ibid.
969 3136 1016 3175 υ.
1047 3121 1125 3192 6).
1155 3119 1259 3174 Cur
1285 3119 1441 3189 igitur
1461 3116 1716 3171 subducta
1745 3124 1845 3180 est,
1868 3123 1922 3168 et
1970 3128 2037 3167 ex
2067 3112 2164 3166 bo-

585 3213 821 3268 minibus
858 3212 1063 3265 sublata
1092 3225 1231 3264 nunc
1253 3210 1342 3263 illa
1364 3206 1555 3277 gratia?
1576 3207 1687 3261 Non
1716 3205 1854 3275 quod
1875 3202 2162 3274 ignominia

584 3317 682 3357 nos
714 3304 908 3357 afficiat
935 3303 1073 3357 Deus
1094 3341 1108 3367 ,
1142 3301 1234 3355 sed
1278 3299 1418 3368 quod
1449 3299 1703 3352 honorem
1750 3296 1909 3351 etiam
1934 3293 2159 3349 deferat.

582 3393 700 3459 Quo
732 3392 949 3446 tandem
979 3390 1173 3460 pacto?
1201 3405 1301 3459 ego
1323 3389 1515 3442 dicam.
1543 3386 1858 3444 Stolidiores
1878 3396 2028 3440 erant
2051 3393 2162 3439 tum

583 3486 841 3556 temporis
865 3485 1107 3538 homines
1128 3524 1141 3547 ,
1171 3497 1275 3537 non
1320 3483 1389 3536 ita
1421 3480 1624 3549 pridem
1649 3481 1715 3534 ab
1740 3479 1895 3533 idolis
1923 3479 2160 3545 abducti,

583 3591 649 3632 ac
692 3592 850 3648 porro
887 3575 1116 3630 crassior
1146 3582 1199 3627 et
1242 3572 1502 3646 stupidior
1542 3584 1694 3625 mens
1744 3570 1955 3623 illorum
1986 3570 2163 3625 adhuc

583 3676 733 3733 erat,
764 3666 1113 3732 omnibusque
1135 3662 1500 3733 corporalibus
1530 3662 1714 3715 intenti
1743 3670 1897 3715 erant
1935 3670 1989 3715 et
2014 3660 2162 3715 addi-

583 3757 678 3823 cti,
710 3758 1010 3828 nequedum
1038 3756 1345 3824 incorporea
1367 3753 1469 3808 illis
1497 3752 1635 3807 dona
1667 3752 1718 3805 in
1741 3764 1972 3806 mentem
2000 3768 2165 3807 vene-

587 3859 741 3917 rant,
772 3866 941 3919 neque
969 3857 1223 3903 noverant
1251 3889 1265 3911 ,
1297 3846 1421 3916 quid
1452 3855 1596 3900 esset
1622 3846 1788 3915 gratia
1826 3845 2118 3914 spiritualis
2144 3886 2160 3912 ,

585 3956 809 4013 quaeque
848 3940 958 3994 sola
1004 3939 1107 3993 ﬁde
1144 3939 1474 4007 percipitur:
1506 3937 1702 3990 idcirco
1752 3936 1901 4005 signa
1945 3936 2162 3990 liehant.

586 4032 721 4088 Nam
772 4047 835 4085 ex
887 4031 1042 4086 donis
1085 4029 1446 4100 spiritualibus
1474 4028 1573 4083 alia
1618 4027 1832 4096 quidem
1884 4025 2165 4080 invisibilia

584 4130 731 4188 sunt,
756 4132 809 4177 et
830 4121 941 4176 sola
973 4121 1076 4175 ﬁde
1105 4117 1656 4187 comprehenduntur:
1679 4116 1780 4169 alia
1803 4131 1932 4170 vero
1955 4116 2163 4185 signum

585 4212 851 4284 quoddam
897 4212 1140 4266 sensibus
1166 4212 1430 4280 objectum
1474 4208 1728 4264 exhibent
1765 4208 1832 4262 ad
1866 4207 2162 4263 faciendam

586 4303 743 4358 ﬁdem
792 4301 1109 4357 infidelibus.
1150 4301 1396 4371 Exempli
1427 4314 1582 4354 causa
1605 4340 1620 4366 ,
1654 4300 1898 4354 remissio
1922 4308 2164 4368 peceato-

584 4411 703 4451 rum
733 4409 821 4450 res
871 4404 952 4449 est
980 4394 1300 4465 spiritualis,
1338 4393 1599 4448 invisibile
1640 4393 1837 4447 donum
1879 4402 1997 4449 est:
2026 4408 2165 4464 quo-

590 4486 751 4541 modo
763 4488 901 4541 enim
919 4497 1131 4555 peccata
1156 4495 1334 4538 nostra
1356 4494 1662 4555 purgentur,
1679 4486 1855 4539 carnis
1871 4486 2039 4540 oeulis
2060 4501 2165 4541 non

589 4577 847 4632 videmus.
869 4576 1003 4643 Quid
1030 4576 1122 4629 ita?
1143 4574 1399 4642 Quoniam
1422 4577 1595 4629 anima
1620 4585 1718 4641 est,
1743 4592 1859 4646 quae
1887 4584 2162 4646 purgatur;

585 4680 641 4725 at
669 4670 908 4739 corporis
958 4669 1129 4723 oculis
1175 4684 1504 4739 nequaquam
1548 4669 1782 4723 cernitur
1825 4670 2021 4723 anima.
2068 4669 2166 4725 Est

585 4762 745 4830 igitur
768 4760 1041 4831 Spirituale
1088 4759 1287 4813 donum
1334 4759 1598 4829 quoddam
1640 4762 1879 4830 purgatio
1916 4768 2164 4831 peccato—

589 4866 730 4917 rum,
756 4866 874 4919 qute
899 4852 1139 4919 corporis
1162 4850 1330 4905 oculis
1357 4858 1538 4919 patere
1561 4865 1664 4904 non
1694 4860 1860 4919 potest
1883 4868 1898 4917 ;
1926 4863 1979 4906 at
2003 4853 2165 4908 variis

583 4942 731 5011 loqui
760 4942 953 5011 linguis
974 4950 1056 4996 est
1085 4940 1213 4996 illud
1241 4941 1455 5011 quidem
1498 4940 1787 5011 spiritualis
1813 4944 1971 4998 etiam
1997 4943 2165 5013 Spiri-

582 5044 667 5087 tus
698 5032 1022 5103 Opcratiouis
1050 5050 1063 5085 :
1092 5040 1458 5087 verumtamen
1491 5033 1737 5086 sensibus
1776 5033 2043 5100 objectum
2087 5035 2163 5088 si-

580 5138 746 5195 gnum
778 5121 979 5193 praebet
1003 5162 1018 5189 ,
1048 5123 1295 5193 quodque
1326 5122 1477 5176 facile
1502 5122 1568 5176 ab
1599 5122 1898 5178 inﬁdelibus
1939 5125 2166 5195 perspici

584 5221 797 5280 potest:
826 5228 948 5268 nam
989 5229 1107 5285 quae
1134 5212 1194 5267 fit
1222 5214 1364 5267 intus
1395 5214 1446 5267 in
1477 5214 1652 5267 anima
1685 5217 1951 5289 operatio,
1983 5216 2163 5271 invisi-

586 5304 705 5360 bilis
751 5308 961 5376 inquam
981 5297 1011 5371 ,i
1035 5322 1130 5377 per
1152 5309 1473 5362 exteriorem
1504 5306 1730 5376 linguam
1756 5348 1771 5374 ,
1805 5325 1959 5378 quam
2010 5310 2161 5364 audi-

587 5389 705 5452 t'uus
729 5440 743 5466 ,
785 5399 1149 5455 manifestatur
1176 5409 1230 5455 et
1261 5401 1579 5455 ostenditur.
1610 5401 1810 5455 Idcirco
1845 5405 2003 5457 etiam
2035 5404 2164 5459 dicit

589 5487 782 5545 Paulus
815 5508 827 5544 :
856 5490 1133 5563 Unicuique
1157 5502 1324 5545 autem
1360 5494 1510 5546 datur
1551 5494 1887 5562 manifestatio
1936 5498 2162 5567 Spiritus

587 5580 654 5630 ad
674 5581 937 5635 utilitatem
962 5582 1035 5653 (l.
1054 5580 1172 5635 Cor.
1200 5582 1285 5636 1‘2.
1306 5583 1383 5655 7).
1412 5584 1591 5654 Itaque
1612 5585 1775 5655 signis
1794 5588 2034 5657 equidem
2055 5607 2159 5647 non

594 5671 822 5742 indigeo.
851 5673 986 5742 Quid
1018 5675 1115 5730 ita?
1138 5674 1341 5755 Quippe
1368 5677 1457 5745 qui
1483 5678 1685 5744 absque
1713 5678 1847 5747 signi
1884 5681 2161 5753 largitione

595 5760 814 5819 Domino
842 5765 1060 5823 credere
1103 5759 1298 5822 didici}
1330 5783 1450 5823 nam
1488 5768 1574 5840 qui
1604 5765 1906 5827 incredulus
1934 5782 2044 5841 est,
2076 5775 2158 5847 pic

1312 359 1368 415 S-
1413 354 1688 414 JOANNIS
1723 348 2201 412 CllRYSOSTO)“
2237 350 2555 410 ARCEIIEP.
2597 352 3143 411 CONSTANTINOP.

3730 353 3845 412 «ἴω

2254 488 2422 542 gnore
2444 474 2680 546 indiget;
2712 490 2809 545 ego
2841 489 2966 528 vero
3004 472 3228 529 credens
3254 473 3473 543 pignore
3510 474 3729 531 minime
3754 476 3839 530 in-

2254 566 2440 636 digeo,
2470 580 2641 636 neque
2684 566 2834 636 signo
2865 565 2996 620 :sed
3046 565 3171 619 licet
3212 565 3387 635 lingua
3419 580 3521 620 non
3572 567 3778 636 loquar,
3808 582 3843 621 ε

2254 658 2487 727 peccatis
2517 665 2790 726 purgatum
2814 670 2935 712 esse
2958 671 3044 711 me
3064 656 3210 722 scio;
3240 664 3295 711 at
3325 656 3402 711 illi
3431 665 3543 711 tum
3575 672 3682 711 non
3712 674 3838 713 cre-

2256 748 2484 815 debant,
2530 747 2631 802 nisi
2675 748 2882 817 signum
2920 747 3255 817 accepissent
3303 765 3319 801 :
3361 756 3639 817 propterea
3692 748 3843 815 signa

2260 850 2526 909 tamquam
2552 840 2745 909 pignus
2771 837 3038 908 quoddam
3071 837 3225 900 ﬁdei,
3252 853 3356 908 qua
3382 837 3704 901 credebant,
3733 838 3841 893 illis

2256 930 2537 986 dabantur.
2582 928 2763 999 Itaque
2808 944 2911 983 non
2969 939 3025 983 ut
3074 929 3354 996 fidelibus,
3385 928 3479 984 sed
3531 938 3589 984 ut
3619 929 3847 985 inﬁdeli-

2257 1023 2356 1077 bus
2380 1022 2642 1076 dabantur
2670 1022 2817 1091 signa
2839 1064 2853 1087 ,
2882 1030 2942 1075 ut
2969 1021 3154 1075 ﬁerent
3198 1020 3382 1075 ﬁdeles
3415 1038 3429 1073 :
3457 1021 3538 1075 sic
3557 1020 3719 1077 etiam
3772 1022 3847 1074 ait

2258 1113 2471 1179 Paulus,
2502 1112 2665 1183 Signa
2712 1124 2829 1166 sunt
2876 1130 2977 1166 non
3021 1111 3286 1181 ﬁdelibus,
3316 1112 3406 1166 sed
3440 1112 3735 1181 inﬁdelibus
3766 1113 3847 1183 (ί.

2258 1204 2375 1260 Ger.
2410 1205 2497 1259 M.
2528 1202 2646 1275 2‘2).
2684 1203 2956 1258 VidetiSne
3003 1204 3169 1257 Deum
3211 1204 3485 1273 signorum
3540 1204 3851 1259 manifesta-

2258 1299 2454 1353 tionem
2480 1296 2820 1362 subduxisse,
2840 1310 2946 1349 non
2973 1305 3027 1349 ut
3049 1296 3337 1365 ignominia
3363 1311 3460 1351 nos
3476 1294 3733 1362 afficeret,
3753 1295 3853 1352 sed

2259 1401 2312 1443 ut
2340 1389 2597 1443 honorem
2613 1386 2844 1442 deferret
2859 1385 3034 1440 ?-Nam
3073 1400 3194 1439 cum
3235 1385 3395 1439 fidem
3425 1394 3661 1440 nostram
3688 1387 3850 1442 vellet

2259 1479 2562 1546 ostendere,
2577 1478 2716 1550 quod
2737 1479 2939 1547 absque
2960 1476 3265 1547 pignoribus
3280 1485 3374 1531 aut
3388 1477 3641 1547 signisilli
3664 1477 3853 1532 creda-

2260 1586 2398 1637 mus,
2427 1569 2529 1625 boc
2552 1569 2695 1624 fecit.
2717 1568 2989 1638 Siquidem
3022 1568 3119 1633 illi,
3149 1568 3251 1623 nisi
3274 1568 3419 1638 prius
3442 1569 3649 1639 signum
3678 1578 3732 1622 et
3759 1569 3847 1637 pi-

2258 1676 2396 1731 gnus
2415 1661 2827 1730 accepissent,ei
2846 1659 2912 1713 de
2926 1660 3084 1714 rebus
3101 1660 3321 1714 minime
3342 1660 3718 1729 apparentibus
3746 1676 3855 1719 non

2261 1753 2644 1817 credidissent;
2670 1761 2724 1806 at
2749 1767 2850 1822 ego
2872 1753 3030 1807 etiam
3058 1752 3174 1805 sine
3204 1752 3307 1806 hoc
3335 1767 3548 1806 omnem
3572 1751 3729 1806 fidem
3754 1767 3856 1809 ex-

2262 1844 2420 1898 hibeo
2447 1861 2460 1897 :
2493 1843 2607 1898 hzec
2633 1843 2793 1914 igitur
2821 1858 2979 1897 causa
3009 1852 3224 1907 est,cur
3245 1842 3354 1913 jam
3386 1842 3533 1913 signa
3562 1858 3666 1896 non
3703 1842 3851 1895 ﬁant.

2332 1936 2385 1990 5.
2420 1935 2718 2013 Voluissem
2790 1936 3032 2005 equidem
3079 1936 3147 1989 de
3211 1934 3507 1988 festivitatis
3552 1932 3852 1989 ‘occasione

2263 2028 2423 2083 verba
2452 2010 2757 2093 f.tcere,vac
2808 2026 3039 2091 docere,
3090 2026 3215 2101 quid
3270 2025 3480 2080 tandem
3535 2025 3602 2079 sit
3656 2026 3852 2083 Pente-

2263 2130 2431 2184 coste,
2487 2134 2583 2173 cur
2623 2120 2673 2173 in
2715 2119 2814 2173 hac
2854 2118 3138 2172 festivitate
3185 2117 3380 2171 donum
3415 2114 3643 2185 Spiritus
3672 2117 3855 2170 datum

2264 2210 2352 2272 sit,
2408 2224 2503 2265 cur
2534 2210 2589 2263 in
2635 2210 2828 2279 linguis
2880 2210 3065 2280 igneis,
3118 2217 3172 2263 et
3216 2223 3311 2262 cur
3340 2216 3459 2277 post
3496 2207 3681 2263 decem
3703 2209 3856 2272 dies;

2268 2302 2363 2357 sed
2393 2302 2733 2372 prolixiorem
2781 2301 3075 2356 doctrinam
3110 2315 3229 2356 esse
3260 2300 3414 2355 video
3442 2316 3457 2354 :
3484 2302 3855 2370 quamobrem,

2267 2394 2355 2449 ubi
2394 2408 2557 2464 pauca
2583 2392 2823 2464 quautam
2872 2392 3145 2458 addidero,
3192 2391 3350 2446 ﬁnem
3378 2390 3571 2446 faciam
3622 2391 3855 2446 dicendi.

2274 2483 2400 2539 Cum
2446 2484 2816 2553 complerentur
2845 2486 2950 2539 dies
3002 2483 3337 2551 Pentecostes,
3384 2493 3733 2554 apparuerunt
3754 2484 3881 2537 illis.

2265 2575 2541 2645 dispertita:
2590 2575 2775 2646 linguae
2829 2585 3085 2644 tamquam
3140 2575 3273 2646 ignis
3325 2574 3460 2647 (Act.
3486 2574 3542 2628 2.
3582 2577 3620 2629 ίε
3653 2584 3701 2628 et
3749 2575 3854 2647 5).:

2268 2679 2374 2719 non
2424 2664 2581 2735 ignis,
2637 2664 2731 2719 sed
2772 2674 3038 2734 tamquam
3091 2665 3226 2734 ignis
3251 2705 3267 2729 ,
3312 2674 3373 2720 ut
3406 2665 3538 2721 nihil
3573 2664 3769 2720 sensile
3788 2665 3881 2723 de-

2272 2757 2475 2828 Spiritu
2511 2767 2695 2813 sancto
2724 2759 3030 2829 suspiceris.
3058 2756 3208 2813 Sicut
3236 2760 3378 2813 enim
3407 2758 3475 2812 ad
3513 2756 3708 2813 fluenta
3733 2757 3857 2817 lor.-

2267 2850 2419 2906 danis
2445 2865 2552 2905 non
2579 2850 2825 2905 columba
2851 2849 3161 2915 descendit,
3183 2848 3277 2904 sed
3304 2850 3357 2904 in
3386 2850 3567 2919 specie
3594 2848 3860 2911 columba:

2271 2940 2420 3012 (Luc.
2439 2943 2494 2997 5.
2540 2940 2777 3013 22):ita
2825 2952 2881 2997 et
2919 2940 3005 2995 hic
3053 2955 3159 2996 non
3212 2940 3372 3012 ignis,
3430 2941 3526 2996 sed
3572 2941 3626 2995 in
3673 2941 3857 3009 specie

2268 3034 2444 3104 ignis:
2493 3043 2548 3089 et
2591 3048 2776 3087 rursus
2801 3032 3046 3102 superius
3096 3032 3212 3086 ait:
3248 3030 3526 3100 Tamquam
3551 3032 3879 3086 advenientis.

2266 3125 2473 3195 spiritus
2501 3124 2801 3177 vehementis
2832 3122 2968 3194 (Act.
3000 3122 3054 3175 9.
3080 3122 3139 3191 2)
3159 3163 3175 3189 ,
3203 3136 3308 3177 non
3333 3122 3552 3191 spiritus
3572 3122 3860 3177 vehemen-

2270 3216 2358 3281 tis,
2390 3214 2483 3270 sed
2537 3224 2804 3283 tamquam
2856 3213 3190 3269 advenientis
3244 3214 3460 3283 spiritus
3501 3214 3856 3270 vehementis.

2269 3302 2377 3360 Cur
2424 3305 2583 3375 igitur
2634 3303 2877 3359 Ezechiel
2920 3304 3134 3372 quidem
3163 3304 3361 3359 donum
3402 3305 3595 3373 accipit
3625 3304 3859 3374 proplteé

2272 3398 2380 3464 tiae,
2436 3397 2636 3451 nonin
2690 3396 3035 3451 similitudine
3079 3397 3252 3467 ignis,
3308 3396 3403 3452 sed
3470 3411 3567 3467 per
3616 3397 3813 3452 librum
3836 3414 3872 3466 ς,

2268 3489 2495 3558 apostoli
2536 3504 2662 3543 vero
2706 3505 2799 3559 per
2852 3489 3027 3559 ignem
3091 3489 3229 3543 dona
3281 3490 3580 3558 recipiunt?
3625 3488 3759 3544 Nam
3788 3489 3857 3545 de

2268 3579 2364 3634 illo
2401 3580 2615 3649 quidem
2641 3579 2713 3633 ait
2753 3580 3047 3648 Scriptura,
3086 3580 3265 3634 datum
3306 3579 3473 3636 fuisse
3518 3582 3571 3635 in
3619 3596 3714 3637 ore
3742 3582 3870 3651 ejus

2268 3670 2556 3741 capitulum
2612 3668 2766 3731 libri,
2811 3678 2864 3723 et
2898 3669 3149 3738 scriptam
3210 3670 3372 3725 fuisse
3432 3671 3856 3740 querimoniam,

2268 3769 2322 3815 et
2363 3774 2628 3826 carmen,
2660 3771 2713 3815 et
2759 3776 2838 3816 va:
2888 3779 2902 3814 :
2944 3770 2998 3815 et
3047 3761 3209 3816 fuisse
3261 3764 3556 3834 posteriora
3603 3773 3661 3820 et
3707 3774 3869 3820 aute-.

2268 3854 2409 3907 riora
2471 3852 2689 3921 scripta,
2728 3862 2789 3908 et
2828 3854 3126 3909 comedisse
3172 3855 3335 3921 illud,
3384 3866 3438 3912 et
3491 3857 3686 3912 factum
3737 3873 3861 3915 esse

2270 3942 2324 3997 in
2349 3956 2443 3998 ore
2457 3944 2610 4015 quasi
2634 3943 2735 4000 mel
2755 3943 2909 4001 dulce
2930 3943 3141 4015 (Ezech.
3158 3945 3194 4000 2
3234 3947 3329 4004 9et
3347 3946 3399 4001 3.
3416 3948 3494 4017 5).
3516 3947 3861 4017 Deapostolis

2270 4051 2400 4090 vero
2448 4051 2554 4089 non
2601 4036 2710 4091 ita:
2750 4036 2841 4090 sed
2870 4036 3227 4108 Apparuerunt
3250 4040 3323 4093 eis
3362 4039 3550 4110 lingua
3592 4049 3853 4112 tamquam

2270 4125 2420 4195 ignis.
2470 4125 2578 4181 Cur
2623 4127 2780 4197 igitur
2830 4129 2937 4209 illic
2984 4128 3119 4184 liber
3162 4139 3216 4184 et
3252 4131 3442 4198 literae,
3488 4132 3574 4187 hic
3599 4148 3728 4189 vero
3756 4134 3857 4189 lin-

2271 4231 2371 4286 gua
2422 4224 2477 4272 et
2528 4218 2705 4288 ignis?
2751 4218 2905 4287 Quod
2936 4219 3022 4273 illc
3046 4220 3260 4289 quidem
3296 4221 3468 4277 abiret
3499 4222 3858 4280 insectaturus

2275 4316 2527 4376 peccata,
2575 4309 3008 4381 calamitatesque
3045 4310 3290 4366 Judaicas
3339 4312 3751 4383 deploraturus;
3804 4317 3857 4372 hi

2270 4415 2397 4456 vero
2424 4410 2638 4471 peccata
2658 4403 2803 4457 orbis
2826 4413 3083 4458 terrarum
3112 4405 3441 4474 absumpturi
3464 4408 3704 4461 exirent:
3729 4423 3857 4477 pro-

2276 4500 2456 4561 pterea
2504 4493 2737 4548 libellum
2780 4494 2868 4549 hic
2916 4495 3137 4562 accepit,
3180 4497 3267 4566 qui
3300 4498 3502 4551 futuras
3529 4498 3859 4556 calamitates

2271 4586 2544 4642 memoria:
2586 4598 2926 4658 suggereret;
2981 4589 3151 4659 ignem
3180 4590 3253 4643 illi
3295 4590 3649 4661 accipiebant,
3679 4603 3737 4647 ut
3764 4607 3859 4648 or-

2270 4675 2351 4730 bis
2379 4687 2636 4733 terrarum
2683 4688 2897 4749 peccata
2936 4690 3242 4744 exurerent,
3272 4692 3325 4736 et
3351 4692 3542 4736 cuncta
3584 4683 3856 4740 delerent.

2270 4766 2401 4823 Nam
2456 4770 2897 4839 quemadmodum
2943 4771 2987 4825 si
3032 4772 3227 4827 incidat
3287 4773 3422 4843 ignis
3470 4774 3523 4827 in
3560 4775 3762 4844 Spinas,
3792 4777 3860 4830 il-

2269 4862 2347 4918 las
2395 4863 2550 4919 facile
2592 4864 2732 4919 delet
2782 4882 2967 4921 omnes
2995 4883 3008 4918 :
3037 4866 3114 4921 sic
3152 4880 3206 4920 et
3245 4865 3473 4936 Spiritus
3523 4869 3693 4939 gratia
3736 4886 3857 4938 pec-

2269 4966 2384 5009 cata
2443 4956 2715 5010 hominum
2775 4958 3108 5011 absumebat.
3154 4959 3347 5013 Verum
3413 4961 3610 5031 stupidi
3661 4962 3855 5029 Judmi,

2269 5047 2392 5101 dum
2426 5048 2540 5103 haec
2588 5050 2796 5113 ﬁerent,
2852 5065 2971 5103 cum
3020 5050 3137 5105 illos
3174 5052 3389 5120 percelli
3445 5054 3768 5123 oportuisset
3794 5071 3860 5112 ac

2270 5147 2519 5207 tremere,
2564 5141 2793 5212 denique
2839 5143 3140 5212 largitorem
3171 5145 3417 5212 adorare,
3465 5162 3650 5202 rursus
3674 5164 3858 5211 amen-

2270 5230 2393 5284 tiam
2448 5248 2597 5287 suam
2654 5234 2966 5300 ostendunt,
3017 5247 3070 5289 et
3096 5236 3295 5307 Spiritu
3331 5239 3561 5308 repletos
3586 5242 3865 5312 apostolos

2269 5322 2536 5377 ebrietatis
2579 5335 2850 5379 accusant.
2904 5324 2997 5379 Isti
3025 5328 3188 5394 enim,
3220 5328 3502 5398 inquiunt,
3526 5342 3690 5385 musto
3719 5334 3861 5404 pleni

2268 5424 2379 5468 sunt
2407 5414 2542 5483 (Act.
2572 5418 2625 5470 2.
2660 5418 2767 5488 13).
2821 5418 3195 5476 Animadverte
3234 5422 3521 5491 nequitiam
3548 5422 3854 5491 hominum,

2267 5516 2321 5560 et
2341 5506 2648 5576 angelorum
2692 5509 3007 5578 probitatem
3058 5512 3419 5581 contemplare
3462 5530 3473 5565 :
3516 5530 3638 5570 nam
3682 5519 3859 5587 angeli

2266 5598 2479 5667 quidem
2517 5614 2635 5653 cum
2674 5602 2930 5669 primitias
2970 5611 3177 5656 nostras
3205 5605 3562 5661 ascendentes
3591 5606 3857 5672 viderent,

2268 5687 2598 5753 laetabantur,
2657 5704 2719 5746 ac
2761 5691 3023 5756 dicebant,
3074 5694 3300 5748 .lttollite
3336 5706 3525 5766 portas,
3582 5699 3858 5767 principes,

2268 5789 2472 5842 vestras,
2516 5793 2562 5836 et
2612 5780 2893 5851 elcramini,
2918 5794 3075 5855 porta
3112 5787 3393 5856 celeritates,
3425 5800 3469 5843 et
3506 5788 3728 5846 introibit
3768 5808 3861 5847 rex.
