4206 6318
295 352 410 410 459
608 404 657 447 .

296 467 814 541 ἀναμιμνήσκοντες
868 468 1068 530 αὑτοὺς
1113 467 1197 521 ὅτι
1226 456 1401 521 οὑδέν
1437 468 1600 532 αὑτὸς
1631 469 1659 521 ὀ
1704 463 1897 537 παρὼν

301 555 561 626 πράττει,
580 553 704 607 οὑδὲ
729 552 1083 621 ἀνθρωπίνης
1105 552 1223 604 ἐστὶ
1253 552 1469 622 φύσεως
1496 550 1900 623 κατορθώματα

296 639 373 692 τὰ
413 637 753 710 προκείμενα
800 635 980 708 δῶρα,
1024 634 1140 690 ἀλλ’
1170 638 1205 706 ή
1237 634 1333 689 τοῦ
1376 636 1694 706 Πνεύματος
1738 635 1898 704 χάρις

299 721 555 794 παροῦσα
579 724 675 795 καὶ
702 723 869 775 πᾶσιν
890 720 1236 791 ἐφιπταμένη
1260 719 1360 791 τὴν
1388 719 1658 791 μυστικὴν
1683 717 1899 786 ἐκείνην

300 806 712 870 κατασκευάζει
746 804 956 859 θυσίαν.
990 805 1052 857 Et
1083 805 1192 875 7&9
1236 804 1333 858 καὶ
1361 803 1649 874 ἄνθρωπός
1681 805 1829 855 ἐστιν
1869 802 1899 852 ό

262 898 268 902 ’
298 889 516 960 παρὼν,
551 889 669 943 ἀλλ’
696 891 725 943 ὀ
769 888 904 952 Θεός
945 890 1095 941 ἐστιν
1122 889 1152 940 ὀ
1195 887 1437 958 ἐνεργῶν
1472 887 1538 939 δι’
1570 885 1757 939 αὑτοῦ.
1806 885 1896 955 Μὴ

297 974 483 1027 τοίνυν
514 972 750 1045 πρόσεχε
778 975 847 1045 τῇ
894 972 1055 1043 φύσει
1087 972 1182 1026 τοῦ
1223 971 1534 1042 ὁρωμένου,
1568 968 1681 1023 ἀλλ’
1730 969 1899 1021 ἐννόει

296 1058 403 1129 τὴν
433 1058 597 1131 χάριν
629 1057 730 1128 τὴν
763 1058 1018 1128 ἀόρατον.
1051 1056 1219 1111 Οὐδὲν
1257 1055 1599 1127 ἀνθρώπινον
1620 1055 1730 1110 τῶν
1757 1071 1900 1123 γινο-

299 1140 485 1211 μένων
516 1142 576 1194 ἐν
602 1140 682 1213 τῷ
714 1141 843 1212 ἰερῷ
874 1140 1050 1211 τούτῳ
1073 1140 1299 1211 βήματι.
1319 1141 1381 1193 Εἰ
1406 1141 1481 1211 μὴ
1504 1139 1732 1209 Πνεῦμα
1760 1154 1901 1208 παρ’

295 1224 391 1292 ἧν,
439 1225 543 1278 οὑκ
588 1223 655 1278 ἀν
698 1224 931 1295 συνέστη
984 1225 1017 1294 ή
1056 1222 1382 1293 Ἐκκλησία·
1411 1225 1460 1276 εἰ
1491 1223 1549 1275 δὲ
1584 1220 1900 1275 συνίσταται

296 1310 335 1377 ὴ
371 1308 692 1379 Ἐκκλησία,
728 1306 952 1379 εὔδηλον
979 1308 1064 1361 δτι
1091 1308 1153 1361 τὸ
1175 1306 1403 1378 Πνεῦμα
1428 1306 1683 1378 πάρεστι.

375 1446 531 1512 Τίνος
552 1441 646 1500 οὖν
673 1446 881 1512 ἕνεκεν,
901 1448 1057 1518 φησὶ,
1078 1448 1278 1517 σημεῖα
1298 1445 1357 1499 οὐ
1382 1444 1589 1514 γίνεται
1616 1445 1710 1498 νῦν
1731 1461 1745 1507 ;
1770 1444 1881 1496 Ἐν-

294 1528 483 1583 ταῦθά
525 1547 618 1601 μοι
646 1529 787 1600 μετά
821 1530 1108 1600 ἀκριϐείας
1134 1530 1465 1599 προσέχετε·
1505 1532 1656 1601 παρά
1689 1526 1899 1580 πολλῶν

292 1608 413 1684 7&9
439 1613 628 1667 ἀκούω
662 1612 843 1678 τοῦτο,
876 1613 972 1667 καὶ
1001 1612 1243 1683 συνεχῶς
1281 1614 1377 1665 καὶ
1412 1614 1500 1667 ἀεὶ
1530 1612 1896 1682 ζητούμενον·

294 1696 401 1771 διά-
416 1697 471 1750 τί
492 1698 618 1753 τότε
639 1696 914 1766 γλώσσαις
944 1697 1165 1752 ἐλάλουν
1190 1695 1394 1759 πάντες
1416 1697 1465 1751 οί
1489 1696 1897 1765 βαπτιζόμενοι,

296 1780 399 1834 νῦν
420 1780 478 1835 δέ
498 1781 685 1835 οὑκέτι
709 1798 725 1847 ;
758 1780 1039 1852 Μάθωμεν
1064 1780 1330 1852 πρότερον
1352 1781 1405 1833 τί
1430 1782 1492 1834 τὸ
1517 1781 1697 1851 λαλεῖν
1726 1780 1897 1848 γλώσ-

298 1880 445 1929 σαις,
492 1866 591 1919 καί
627 1865 750 1918 τότε
799 1864 1036 1935 ἐροῦμεν
1066 1864 1162 1917 καὶ
1198 1863 1297 1936 τὴν
1336 1864 1534 1917 αἰτίαν.
1570 1866 1635 1917 Τί
1664 1860 1756 1918 οὖν
1784 1865 1900 1916 ἐστι

297 1947 581 2016 γλώσσαις
605 1947 789 2001 λαλεῖν
815 1964 829 2015 ;
865 1948 923 2000 '0
948 1946 1346 2018 βαπτιζόμενος
1373 1946 1574 2012 εὐθέως
1603 1947 1901 2016 ἐφθέγγετο

295 2034 370 2101 τῇ
417 2031 529 2083 τῶν
566 2030 740 2083 Ἰνδῶν
786 2033 972 2102 φωνῇ,
1027 2033 1093 2102 τῇ
1129 2030 1238 2084 τῶν
1287 2031 1636 2099 Αἰγυπτίων,
1690 2032 1758 2100 τῇ
1792 2029 1900 2083 τῶν

298 2114 555 2183 Περσῶν,
593 2117 661 2184 τῇ
691 2113 800 2167 τῶν
843 2113 1103 2180 Σκυθῶν,
1143 2116 1210 2184 τῇ
1257 2115 1366 2169 τῶν
1404 2112 1658 2185 Θρᾳκῶν,
1687 2113 1783 2167 καὶ
1819 2104 1901 2175 εἷς

299 2196 592 2267 ἄνθρωπος
634 2197 835 2262 πολλὰς
877 2197 1151 2269 ἐλάμϐανε
1190 2196 1476 2266 γλώσσας,
1528 2198 1624 2251 καὶ
1660 2190 1806 2250 οὗτοι
1850 2197 1900 2248 οἱ

299 2279 399 2333 νῦν
446 2283 497 2333 εί
543 2275 687 2351 ἦσαν
720 2281 841 2336 τότε
888 2280 1293 2351 βαπτισθέντες,
1327 2280 1530 2344 εὐθέως
1564 2279 1629 2333 ἂν
1662 2279 1903 2350 ἤκουσας

299 2363 486 2416 αὑτῶν
536 2364 823 2436 διαφόροις,
866 2364 1257 2435 φθεγγομένων
1305 2367 1531 2433 φωναῖς.
1569 2363 1680 2417 Καὶ
1729 2362 1838 2433 7&9
1873 2363 1902 2413 ὀ

300 2444 541 2510 Παῦλος,
571 2447 758 2517 φησὶν,
789 2440 917 2518 εὑρέ
963 2464 1116 2511 τινας
1159 2446 1554 2517 βαπτισθέντας
1584 2448 1643 2499 ἐν
1685 2446 1763 2516 τῷ
1808 2444 1904 2515 βα-

299 2528 574 2600 ιιττίσματι
621 2531 891 2594 Ἰωάννου,
938 2532 1033 2584 καὶ
1080 2530 1227 2600 λέγει
1271 2532 1488 2595 αὐτοῖς’
1541 2533 1614 2585 El
1659 2529 1904 2599 Πνεῦμα

299 2611 477 2680 ἄτιον
526 2612 773 2668 ἐλάϐετε
827 2614 1309 2679 λιστὲύσαντεςς
1357 2614 1658 2684 Λέγουσιν
1698 2613 1861 2678 αὐτῷ
1883 2629 1899 2644 ·

294 2692 443 2749 ἀλλ’
468 2694 613 2749 οὐδὲ
640 2698 693 2750 εί
724 2696 858 2750 ἐστι
884 2696 1128 2767 Πνεῦμα
1158 2696 1351 2767 ἅγιον,
1379 2698 1736 2767 ἠκούσαμεν
1754 2715 1766 2727 ·
1809 2698 1904 2752 καὶ

303 2776 511 2842 εὐθέως
536 2779 823 2832 ἐκέλευσεν
850 2780 1047 2845 αὐτοὺς
1085 2779 1454 2851 βαπτισθῆναι
1478 2796 1494 2812 ο
1530 2781 1638 2836 Καὶ
1671 2780 1904 2835 ἐπιθέν-

297 2876 408 2926 τος
456 2861 665 2927 αὐτοῖς
707 2861 816 2916 τοῦ
870 2865 1120 2918 Παύλου
1164 2863 1270 2930 τὰς
1315 2863 1540 2933 χεῖρας,
1576 2860 1766 2933 ἦλθεν
1808 2864 1902 2918 ἐπ’

300 2944 531 3009 αὐτοὺς
562 2943 631 2998 τό
660 2946 906 3015 Πνεῦμα
946 2947 1015 3001 τὸ
1044 2947 1235 3016 ἅγιον,
1274 2947 1373 3000 καὶ
1401 2947 1673 3001 ἐλάλουν
1715 2947 1906 3002 ἄπαν-

304 3043 406 3093 τες
433 3025 768 3096 γλώσσαις.
801 3030 958 3093 Τίνος
991 3026 1084 3084 οὖν
1132 3032 1292 3101 χάριν
1339 3031 1661 3102 συνεστάλη,
1691 3033 1786 3085 καὶ
1810 3033 1903 3086 ἀν-

303 3110 483 3179 ῃρέθη
517 3109 577 3176 ἐξ
607 3110 912 3182 ἀνθρώπων
938 3114 972 3182 ἡ
1003 3114 1164 3184 χάρις
1193 3112 1333 3181 αῦτη
1373 3112 1503 3179 νῦν;
1534 3114 1670 3184 Οὐχὶ
1703 3114 1904 3184 ἀτιμά-

304 3190 493 3256 ζοντος
522 3195 671 3264 ήμάς
693 3194 787 3247 τοῦ
811 3195 969 3261 Θεοῦ,
1001 3196 1139 3249 ἀλλὰ
1167 3194 1320 3268 [464]
1343 3197 1436 3249 καὶ
1461 3197 1667 3267 σφόδρα
1696 3198 1902 3268 τιμῶν-

306 3289 421 3336 τος.
453 3275 612 3341 Πῶς;
656 3276 769 3345 ἐγὼ
806 3277 1373 3351 λέγω.Ἀνοητότερον
1406 3281 1455 3332 οἰ
1490 3280 1771 3351 ἄνθρωποι
1826 3280 1907 3334 δι-

305 3359 521 3411 έκειντο
548 3359 690 3426 τότε,
720 3360 829 3415 τῶν
860 3361 1093 3415 εἰδώλων
1121 3364 1450 3433 προσφάτως
1471 3363 1901 3435 ἀπηλλαγμένοι,

307 3442 403 3495 καὶ
432 3443 721 3513 παχυτέρα
747 3446 844 3497 καὶ
868 3447 1301 3517 ἀναισθητοτέρα
1321 3447 1502 3499 αὑτῶν
1525 3450 1557 3517 ή
1586 3447 1795 3500 διάνοια
1825 3448 1904 3502 ἔτι

304 3519 394 3595 ἦν,
427 3527 524 3577 καὶ
552 3526 690 3597 πρὸς
730 3526 801 3580 τά
837 3528 1127 3599 σωματικά
1161 3531 1339 3583 πάντα
1374 3531 1637 3599 ἐπτόηντο
1681 3532 1776 3584 καὶ
1804 3534 1906 3584 -ἐκ-

306 3608 597 3677 εχήνεσαν,
632 3610 727 3663 καὶ
755 3610 984 3681 οὐδεμία
1013 3613 1197 3675 αὐτοῖς
1228 3613 1442 3666 οὐδέπω
1480 3613 1659 3667 ἔννοια
1686 3614 1906 3685 δωρεῶν

306 3690 617 3760 ἀσωμάτων
648 3688 738 3763 ἦν,
760 3694 882 3746 οὑδὲ
916 3694 1127 3750 είδεσαν
1153 3696 1207 3748 τί
1238 3697 1368 3749 ποτέ
1398 3698 1515 3750 ἐστι
1537 3697 1702 3768 νοητή
1724 3698 1902 3769 χάρις,

308 3774 405 3828 καὶ
433 3776 616 3829 πίστει
653 3777 791 3850 μόνῃ
830 3776 1179 3850 θεωρουμένη
1203 3796 1217 3809 ·
1252 3779 1343 3832 διὰ
1370 3779 1529 3833 τοῦτο
1558 3785 1761 3851 σημεῖα
1788 3782 1873 3850 ἐγί
1890 3812 1905 3822 -

306 3876 448 3914 νετο.
484 3859 605 3912 Τῶν
629 3861 740 3932 γάρ
765 3863 1121 3932 χαρισμάτων
1155 3863 1264 3916 τῶν
1294 3865 1680 3935 πνευματικῶν
1712 3865 1781 3919 τὰ
1806 3865 1904 3935 μὲν

308 3942 520 4013 ἀόρατά
553 3945 689 4007 ἐστι,
719 3944 814 3997 καὶ
846 3946 1028 3998 πίστει
1060 3945 1540 4015 καταλαμϐάνεται
1569 3949 1732 4019 μόνῃ·
1759 3951 1827 4002 τά
1846 3950 1903 4003 δέ

310 4027 408 4079 καὶ⁵
441 4025 701 4098 αἰσθητὸν
733 4028 1068 4082 ἐνδείκνυται
1096 4032 1321 4099 σημεῖον
1352 4031 1487 4100 πρὸς
1520 4032 1620 4097 τὴν
1648 4032 1758 4085 τῶν
1785 4032 1907 4085 ἀπί-

311 4124 457 4161 στων
494 4109 888 4180 πληροφορίαν.
932 4108 1057 4165 Οίόν
1089 4130 1139 4165 τι
1178 4113 1352 4180 λέγω”
1380 4114 1666 4184 ἀμαρτιῶν
1711 4117 1907 4185 ἀφεσις

309 4192 504 4261 νοητόν
543 4195 661 4246 ἐστι
706 4198 960 4266 πρᾶγμα,
995 4195 1226 4265 ἀόρατόν
1283 4198 1401 4251 ἐστι
1459 4199 1732 4269 χάρισμα’
1790 4201 1908 4264 πῶς

308 4275 424 4346 7&9
452 4274 806 4348 καθαίρονται
836 4280 993 4349 ἡμῶν
1021 4280 1079 4331 αί
1107 4278 1394 4351 ἁμαρτίαι,
1420 4282 1519 4352 οὑχ
1549 4283 1766 4353 όρῶμεν
1792 4287 1908 4347 τοῖς

308 4357 415 4427 τῆς
458 4360 664 4429 σαρκὸς
688 4361 1007 4432 ὀφθαλμοῖς.
1044 4362 1109 4415 Τί
1143 4363 1382 4433 δήποτε;
1420 4363 1543 4417 Ὅτι
1575 4364 1723 4437 ψυχή
1760 4368 1906 4420 ἐστιν

310 4441 348 4509 ή
401 4439 818 4514 καθαιρομένη·
863 4444 1012 4515 ψυχὴ
1058 4444 1115 4497 δὲ
1162 4445 1466 4516 ὀφθαλμοῖς
1512 4446 1767 4518 σώματος
1810 4449 1907 4521 οὑχ

309 4522 527 4605 δρᾶται.
545 4525 610 4577 Ἢ
634 4525 733 4595 μὲν
754 4522 849 4604 οὑν
877 4528 1145 4598 κάθαρσις
1175 4527 1285 4581 τῶν
1307 4530 1527 4601 ἀμαρτη
1538 4531 1724 4600 μάτων
1742 4534 1907 4605 νοητή

308 4604 493 4677 δωρεά
524 4609 608 4672 τίς
630 4610 779 4663 ἐστιν
810 4611 1107 4682 ὀφθαλμοῖς
1134 4612 1195 4665 οὑ
1233 4612 1505 4683 δυναμένη
1537 4614 1789 4685 σώματος
1817 4633 1909 4685 γε-

307 4689 499 4743 νέσθαι
528 4693 770 4764 φανερά’
792 4694 852 4747 τὸ
883 4694 941 4747 δέ
972 4693 1247 4762 γλώσσαις
1275 4696 1553 4767 διαφόροις
1582 4696 1763 4752 λαλεῖν
1793 4702 1908 4752 ἐστι

313 4772 419 4845 μὲν
464 4775 562 4827 καὶ
604 4775 738 4829 αὐτὸ
768 4778 966 4849 νοητῆς
995 4777 1276 4849 ἐνεργείας
1308 4778 1403 4832 τοῦ
1439 4768 1762 4849 Πνεύμσίτος
1782 4798 1795 4811 ·
1822 4785 1910 4836 al-

311 4856 514 4926 σθητδν
537 4858 1041 4931 μέντοιπαρέχεται
1061 4861 1123 4914 τὺ
1142 4864 1388 4931 σημεῖον,
1412 4864 1638 4926 καὶτοῖς
1659 4863 1909 4930 ἀπίστοις

309 4938 666 4995 εὑσύνοπτον.
698 4942 810 5014 Τῆς
852 4944 963 5015 7&9
1006 4944 1154 4999 ἔνδον
1208 4949 1265 4999 ἐν
1311 4950 1380 5018 τῇ
1421 4945 1568 5017 ψυχῇ
1606 4948 1911 5019 ,γινομένης

311 5022 618 5092 ἐνεργείας,
646 5025 746 5094 τῆς
772 5026 1003 5096 ἀοράτου
1028 5027 1193 5096 λέγω,
1213 5031 1246 5100 ή
1264 5028 1370 5093 ἐξω
1396 5028 1613 5098 γλῶττα
1644 5031 1911 5101 ἀκουομέ-

312 5124 383 5176 νη
414 5108 721 5177 φανέρωσίς
752 5108 842 5172 ιτίς
869 5111 987 5163 ἐστι
1030 5112 1125 5164 καὶ
1163 5111 1403 5182 ἐλεγχος.
1435 5112 1535 5166 Διὰ
1565 5112 1724 5169 τοῦτο
1757 5116 1849 5168 καί
1881 5118 1911 5169 ὀ
1994 5144 2001 5151 π

312 5189 532 5253 Παῦλος
559 5188 745 5258 λέγει’
779 5192 1052 5261 Ἐ’κάστφ
1070 5192 1139 5247 δὲ
1167 5197 1206 5263 ή
1235 5195 1576 5265 φανέρωσις
1599 5192 1705 5254 τοῦ
1730 5201 1912 5254 Πνεύο

311 5288 500 5342 ματος
520 5273 747 5329 δίδοται
776 5289 851 5345 af.
860 5275 927 5343 ὸς
946 5278 1015 5331 τὸ
1035 5279 1369 5351 συμφέρον.
1388 5280 1531 5348 Ἐγὼ
1567 5285 1666 5354 μὲν
1694 5280 1786 5338 οὖν
1815 5284 1910 5340 νῦν

314 5355 507 5439 χρείαν
539 5358 643 5410 οὑκ
667 5357 776 5429 ἔχω
810 5361 1073 5431 σημείων.
1102 5360 1259 5426 Τίνος
1289 5362 1511 5433 ἐνεκεν;
1542 5365 1669 5420 Ὀτι
1690 5367 1784 5421 καὶ
1804 5386 1914 5439 χω-

315 5437 407 5524 ρίς
438 5440 667 5524 σημείου
699 5440 900 5506 δόσεως
923 5442 1201 5498 πιστεύειν
1222 5447 1519 5517 μεμάθηκα
1540 5448 1619 5519 τῷ
1638 5437 1907 5524 Δεσπότη.

329 5521 391 5574 '0
422 5521 532 5594 7&9
562 5523 809 5577 ἀπιστῶν
833 5525 1089 5597 ἐνεχύρου
1118 5527 1285 5582 δεῖται
1306 5544 1318 5559 ⁸
1340 5530 1454 5599 ἐγὼ
1478 5532 1535 5585 δὲ
1556 5521 1909 5589 πιστεύωνοὺ

314 5602 510 5676 δέομαι
541 5607 798 5689 ἐνεχύρου
829 5609 950 5663 οὐδὲ
981 5611 1211 5683 σημείου
1235 5629 1246 5640 ·
1278 5613 1416 5667 ἀλλά
1448 5614 1552 5668 κᾶν
1587 5617 1662 5689 μὴ
1687 5616 1910 5689 λαλήσω

320 5691 561 5762 γλώσσῃ,
594 5686 710 5744 οἶδα
736 5693 818 5746 δτι
846 5692 1158 5766 ἐκαθάρθην
1180 5696 1245 5749 ἐκ
1273 5695 1383 5749 τῶν
1412 5686 1718 5770 ἁμαρτιῶν.
1738 5686 1910 5755 Ἐκεῖ-

318 5786 400 5823 νοι
424 5772 481 5825 δὲ
514 5773 637 5829 τότε
668 5776 769 5830 οὑκ
794 5775 1099 5841 ἐπίστευον,
1124 5779 1172 5832 εἰ
1216 5779 1289 5845 μὴ
1313 5778 1503 5835 ἔλαϐον
1536 5785 1786 5851 σημεῖον·
1818 5783 1905 5839 διὰ

1338 347 1424 402 DE
1464 330 1738 403 mam
1779 345 2257 403 PENTECCSTE.
2300 348 2535 407 nomL.
2571 344 2613 409 ι.

3492 349 3599 412 διύο

2003 467 2159 520 τοῦτο
2189 468 2373 533 αὐτοῖς
2406 469 2604 523 ἐδίδοτο
2635 472 2854 543 σημεῖα,
2889 468 3079 542 ὥσπερ
3114 463 3368 541 ἐνέχυρον
3396 468 3495 541 τῆς
3521 469 3605 523 πί-

2006 569 2176 617 στεως
2220 551 2289 626 ἧς
2333 556 2813 611 ἐπίστευον.Ὢστε
2854 559 2957 628 οὐχ·
2989 557 3067 622 ὡς
3106 560 3340 622 πιστοῖς,
3375 556 3490 610 ἀλλ’
3525 557 3605 621 ὡς

2003 644 2253 707 ἀπίστοις
2274 645 2475 699 ἐδίδοτο
2496 645 2565 699 τὰ
2588 650 2808 718 σημεῖα,
2831 647 2918 700 ἵνα
2938 646 3202 716 γένωνται
3224 644 3427 700 πιστοί’
3459 644 3605 699 οὑτω

2003 736 2098 788 καὶ
2155 734 2368 797 Παῦλός
2421 752 2583 810 φησι·
2626 738 2704 791 Τὰ
2736 736 2957 806 σημεῖα
2992 723 3063 790 οὐ
3101 734 3228 802 τοῖς
3282 734 3605 788 πιστεύοιμ-

2002 836 2128 886 σιν,
2162 822 2325 877 ἀλλὰ
2363 824 2490 889 τοῖς
2534 825 2833 890 ἀπίστοις.
2854 826 3068 897 Ὁρᾶτε,
3099 825 3181 877 ὅτι
3238 824 3359 894 οὐχὶ
3404 823 3604 893 ἀτιμά·

2002 909 2186 974 ζοντος
2219 914 2366 983 ἡμᾶς
2398 912 2492 965 τοῦ
2518 912 2677 977 Θεοῦ,
2704 913 2844 967 ἀλλά
2869 913 3140 983 τιμῶντός
3166 915 3283 966 ἐστι
3303 913 3363 966 τὸ
3394 908 3611 967 συστεῖ-

2001 998 2089 1051 λαι
2122 1000 2221 1070 τὴν
2269 1000 2376 1054 τῶν
2406 1001 2649 1071 σημείων
2682 1001 2971 1068 ἐπίδειξιν;
3003 1002 3336 1073 Βουλόμενος
3361 1003 3471 1075 7&9
3502 1002 3604 1055 δεῖ·

2004 1086 2089 1151 ξαι
2135 1090 2234 1158 τὴν
2280 1090 2461 1142 πίστιν
2508 1090 2687 1162 ήμῶν,
2717 1092 2799 1145 ὅτι
2836 1092 3007 1162 χωρὶς
3053 1090 3326 1164 ἐνεχύρων
3369 1093 3464 1145 καὶ
3511 1109 3603 1161 σηο

2004 1174 2175 1245 μείων
2223 1175 2371 1247 αύτῷ
2424 1176 2772 1249 πιστεύομεν.
2818 1177 2976 1232 τοῦτο
3023 1180 3360 1250 πεποίηκενο
3402 1181 3602 1234 ἐκεῖνοι

2004 1264 2106 1333 μὲν
2132 1266 2241 1335 γὰρ
2266 1268 2315 1318 εί
2350 1266 2425 1337 μὴ
2450 1267 2642 1320 ἔλαϐον
2684 1269 2902 1339 πρῶτον
2935 1272 3164 1340 σημεῖον
3192 1270 3287 1324 καὶ
3320 1269 3599 1340 ἐνέχυρον.

1999 1355 2102 1408 οὐκ
2138 1355 2204 1407 ἂν
2244 1355 2396 1426 αὑτῷ
2430 1357 2716 1410 ἐπίστευον
2760 1359 2889 1430 περί
2932 1359 3041 1412 τῶν
3088 1358 3347 1430 ἁφανὼνο
3394 1357 3507 1426 ἐγὼ
3545 1357 3604 1410 δὲ

2003 1444 2096 1497 καὶ
2147 1445 2320 1515 χωρἰς
2364 1445 2555 1500 τούτου
2592 1448 3157 1521 πᾶσαν-ἐπιδείκνυμι
3188 1450 3408 1503 πίστιν·
3442 1446 3603 1501 τοῦτο

2001 1527 2095 1586 οὖν
2126 1532 2301 1586 αἴτιον
2325 1533 2421 1587 τοῦ
2457 1534 2532 1606 μὴ
2560 1535 2806 1605 γίνεσθαι
2832 1539 3037 1608 σημεῖα
3072 1535 3188 1591 νῦν.

2075 1626 2136 1673 ε’.
2168 1621 2499 1692 Ἐϐουλόμην
2529 1623 2622 1676 καὶ
2652 1625 2779 1695 περὶ
2811 1624 2909 1695 τῆς
2936 1624 3249 1686 ὑποθέσεως
3276 1622 3377 1693 τῆς
3406 1620 3603 1695 ἐορκῆς

2002 1710 2201 1773 εἰπεῖν,
2230 1709 2326 1762 καὶ
2366 1707 2536 1774 δεῖξαι
2568 1710 2621 1763 τί
2654 1712 2785 1765 ποτέ
2817 1714 2932 1765 ἐστι
2968 1709 3331 1783 πεντηκοάτὴ,
3364 1712 3461 1765 καὶ
3514 1710 3604 1763 δια

2000 1800 2056 1853 τί
2087 1801 2144 1852 ἐν
2171 1802 2235 1870 τῇ
2278 1799 2439 1871 ἑορτῇ
2474 1800 2645 1873 ταύτῃ
2674 1800 2736 1854 τὺ
2761 1803 3007 1873 χάρισμα
3047 1801 3271 1863 δίδοται,
3297 1800 3393 1854 καὶ
3427 1800 3515 1854 διὰ
3549 1798 3604 1852 τί

2003 1890 2060 1944 ἐν
2092 1888 2366 1957 γλώσσαις
2409 1889 2683 1957 πυρίναις,
2711 1892 2805 1943 καὶ
2828 1890 2914 1943 διὰ
2941 1889 2994 1942 τί
3031 1891 3171 1969 μετά
3189 1889 3320 1943 δέκα
3348 1887 3561 1961 ἡμέρας
3585 1904 3599 1918 ο

2002 1975 2063 2031 ἀ)
2076 1978 2123 2028 Λ⁶
2143 1974 2256 2048 δρῶ
2284 1976 2420 2047 πρὸς
2446 1977 2619 2047 μῆκος
2657 1977 2755 2048 τὴν
2794 1977 3145 2030 διδασκαλίαν
3176 1976 3565 2048 ἐκτεινομένην
3586 1992 3601 2006 ⁶

2001 2065 2083 2119 διὸ
2123 2066 2282 2134 ὀλίγα
2330 2067 2591 2138 προσθεὶς
2636 2066 2979 2121 καταπαύσω
3024 2067 3117 2121 τὸν
3161 2066 3319 2135 λόγον
3341 2083 3355 2097 ·
3396 2066 3495 2119 Ἑν
3521 2056 3607 2132 τῷ

2003 2154 2516 2224 συμπληροῦσθαι
2561 2154 2679 2223 τὴν
2731 2155 2961 2225 ἡμέραν
3007 2154 3118 2224 τῆς
3177 2153 3606 2222 πεντηκοστῆς

2003 2243 2297 2313 ὤφθησαν
2350 2244 2559 2311 αὐτοῖς
2610 2242 3080 2315 διαμεριζόμεναι
3133 2240 3410 2314 γλῶσσαι
3459 2242 3605 2297 ὡσεί

2003 2333 2197 2400 πυρός
2218 2350 2230 2362 ·
2280 2333 2403 2402 οὐχὶ
2436 2332 2629 2404 πυρὸς,
2664 2332 2779 2386 ἀλλ’
2807 2333 2939 2386 ὡσεὶ
2964 2332 3159 2403 πυρὸς,
3192 2332 3280 2385 ἵνα
3319 2330 3487 2403 μηδὲν
3516 2332 3607 2384 αἰ-

2007 2419 2205 2491 σθητὸν
2250 2419 2601 2492 ὑποπτεύσῃς
2644 2422 2773 2491 περὶ⁸
2814 2420 2907 2473 τοῦ
2956 2415 3295 2489 Πνεύματος.
3334 2418 3606 2489 Καθάπερ

2005 2507 2114 2580 7&9
2142 2509 2235 2562 ἐπὶ
2260 2510 2368 2564 τῶν
2401 2509 2733 2581 Ἱορδανείων
2762 2508 2992 2580 ῥείθρων
3011 2508 3135 2577 υὺχὶ
3154 2506 3454 2579 περιστερά
3475 2524 3606 2585 κατ-

2004 2596 2127 2668 έϐη,
2351 2597 2464 2649 ἀλλ’
2494 2598 2552 2651 ἐν
2596 2597 2727 2650 εῖδει
2779 2597 3148 2668 περιστερᾶς·
3198 2595 3342 2649 οὕτω
3387 2594 3483 2648 καὶ
3520 2596 3607 2647 ἐν·

2003 2686 2180 2740 ταῦθα
2227 2686 2350 2756 ούχὶ
2400 2685 2533 2758 πῦρ,
2566 2686 2680 2739 ἀλλ’
2702 2688 2758 2739 ἐν
2788 2685 2920 2739 εἴδει
2952 2686 3146 2757 πυρός.
3173 2686 3287 2740 Καὶ
3321 2683 3486 2739 πάλιν
3509 2683 3607 2738 ἀν·-

2004 2772 2198 2844 ωτέρω
2256 2774 2455 2844 φησίν
2515 2774 2675 2828 Ὠσεί
2726 2773 3061 2845 φερομένης
3114 2771 3312 2842 πνοῆς
3360 2773 3607 2838 βιαίας-⁸

2004 2861 2125 2931 οὑχί
2159 2862 2328 2932 πνοῆς
2360 2862 2562 2933 βιαίας,
2595 2862 2709 2915 ἀλλ’
2744 2863 2819 2927 ὡς
2851 2861 3162 2933 φερομένης
3193 2861 3362 2933 πνοῆς
3399 2860 3606 2931 βιαίας.

2006 2949 2165 3012 Τίνος
2196 2950 2253 3002 δὲ
2279 2951 2465 3004 ἕνεκεν
2494 2954 2521 3004 ό
2550 2951 2648 3021 μὶν
2683 2949 2945 3020 Ἰεζεκιὴλ
2970 2950 3030 3003 οὑ
3062 2950 3131 3003 δι’
3157 2948 3475 3020 ὁμοιώσεως
3504 2966 3608 3003 πυ-

2008 3036 2101 3107 ρὸς
2142 3036 2410 3107 λαμϐάνει
2440 3037 2502 3090 τὸ
2542 3038 2792 3109 χάρισμα
2821 3038 2920 3107 τῆς
2951 3038 3314 3109 προφητείας,
3346 3036 3483 3091 ἀλλά
3519 3036 3607 3091 διά

2008 3122 2237 3193 βιϐλίου,
2259 3126 2307 3177 οί
2332 3125 2389 3178 δὲ
2420 3125 2710 3179 ἀπόστολοι
2738 3124 2826 3180 διὰ
2854 3125 3027 3196 πυρὸς
3052 3124 3393 3195 λαμϐάνουσι
3423 3125 3490 3178 τὰ
3514 3142 3606 3195 χα·

2008 3213 2285 3284 ρίσματα;
2314 3214 2451 3284 Περὶ
2492 3215 2590 3285 μὲν
2636 3214 2745 3285 7&9
2792 3213 3001 3266 ἐκείνου
3049 3216 3236 3283 φησὶν,
3269 3213 3353 3266 ὅτι
3405 3212 3608 3266 ἔδωκεν

2006 3303 2085 3367 είς
2118 3302 2179 3355 τὸ
2211 3302 2387 3373 στόμα
2416 3300 2582 3356 αὑτοῦ
2614 3301 2880 3370 κεφαλίδα
2916 3301 3144 3371 βιϐλίου,
3196 3301 3293 3354 καὶ
3339 3300 3607 3371 ἐγγέγρα-

2007 3407 2138 3442 πται
2162 3390 2485 3460 κατάλεγμα
2519 3390 2614 3444 καὶ
2642 3390 2803 3461 μέλος
2832 3390 2927 3443 καὶ
2958 3391 3100 3453 οὐαὶ,
3126 3392 3220 3443 καὶ
3249 3385 3317 3460 ἦν
3340 3388 3408 3442 τὰ
3431 3389 3608 3443 ὀπίσω

2007 3483 2102 3536 καὶ
2126 3480 2197 3535 τὰ
2225 3482 2536 3553 ἔμπροσθεν
2559 3482 2924 3553 γεγραμμένα
2943 3498 2956 3511 ·
2991 3481 3086 3534 καὶ
3113 3481 3315 3551 ἔφαγεν
3335 3482 3489 3545 αὑτὸ,
3513 3481 3607 3535 καὶ

2007 3562 2225 3639 ἐγένετο
2270 3572 2329 3623 ἐν
2374 3569 2453 3640 τῷ
2501 3571 2730 3640 στόματι
2775 3570 2851 3633 ὡς
2890 3570 3011 3640 μέλι
3057 3568 3342 3638 γλυκάζον.
3385 3569 3521 3639 Περὶ
3551 3569 3607 3623 δὲ

2005 3658 2116 3711 τῶν
2158 3658 2474 3711 ἀποστόλων
2518 3659 2618 3728 οὑχ
2669 3656 2874 3721 οὕτως’
2913 3659 3028 3712 ἀλλ’
3055 3660 3373 3728 ’Ὠφθησαν
3402 3660 3543 3711 αὐτ(
3558 3657 3613 3724 ῖς

2007 3744 2285 3819 γλῶσσαι
2316 3746 2463 3801 ὡσεὶ
2496 3749 2707 3814 πυρός.
2744 3746 2901 3810 Τίνος
2929 3743 3021 3801 οὖν
3058 3747 3246 3799 ἐνεκεν
3270 3747 3388 3799 ἐκεῖ
3408 3745 3609 3815 βιϐλίον

2008 3836 2104 3889 καὶ⁷
2138 3837 2464 3908 γράμματα,
2509 3835 2747 3890 ἐνταῦθα
2792 3836 2849 3889 δέ
2895 3834 3115 3904 γλῶσσα
3163 3834 3258 3888 καὶ⁷
3304 3835 3447 3906 πῦρ;
3485 3834 3610 3887 ’Ότι

2008 3928 2216 3989 ἐκεῖνος
2262 3926 2362 3995 μὲν
2406 3926 2574 3996 ἀπῄει
2604 3926 3001 3995 κατηγορήσων
3044 3923 3483 3994 ἁμαρτημάτων,
3516 3924 3610 3976 καὶ

2009 4010 2299 4083 θρηνήσων
2334 4011 2623 4082 συμφορὰς
2656 4009 2955 4073 Ἰουδαῖκάς
2980 4026 2993 4039 ·
3021 4002 3170 4063 οὗτοι
3201 4008 3259 4061 δέ
3283 4009 3513 4081 ἐξῄεσαν
3538 4011 3611 4064 τὰ

2006 4097 2108 4166 τῆς
2136 4097 2463 4168 οἰκουμένης
2492 4098 2871 4168 ἁμαρτήματα
2888 4098 3294 4167 δαπανήσοντες
3308 4114 3321 4128 ·
3341 4096 3431 4150 διὰ
3449 4096 3610 4152 τοῦτο

2007 4186 2218 4248 ἐκεῖνος
2270 4186 2368 4254 μὲν
2406 4188 2785 4256 γραμματεῖον
2819 4185 3094 4256 ἐλάμϐανε
3139 4185 3249 4239 τῶν
3295 4185 3607 4257 μελλουσῶν

2011 4273 2306 4344 συμφορῶν
2338 4273 2645 4344 ὑπόμνησιν
2668 4290 2681 4303 ·
2713 4266 2861 4328 οῦτοι
2890 4273 2947 4327 δὲ
2975 4274 3086 4346 πῦρ
3112 4274 3441 4346 ἐλάμϐανον,
3462 4275 3605 4329 ὥστε

2010 4361 2356 4414 κατακαῦσαι
2405 4361 2477 4415 τὰ
2519 4362 2618 4432 τῆς
2662 4362 2990 4433 οἰκουμένης
3037 4364 3452 4434 ἁμαρτήματα,
3512 4365 3608 4417 καὶ

2011 4449 2273 4517 ἀφανίσαι
2308 4449 2505 4503 πάντα.
2540 4448 2810 4521 Καθάπερ
2837 4450 2946 4521 7&9
2983 4450 3092 4523 πῦρ
3131 4452 3210 4514 εἰς
3239 4449 3482 4515 ἀκάνθας
3505 4452 3606 4521 ἐμ-

2010 4540 2208 4591 πῖπτον
2244 4539 2426 4602 πάσας
2458 4540 2627 4603 αὑτὰς
2656 4540 2910 4609 άφανίσει
2948 4540 3167 4612 ῥᾳδίως,
3204 4540 3346 4594 οὕτω
3384 4541 3478 4594 καὶ
3509 4539 3606 4595 τοῦ

2009 4626 2151 4679 Πνεύ
2160 4644 2328 4696 ματος
2356 4629 2388 4698 ή
2414 4628 2574 4699 χάρις
2594 4629 2836 4683 ἐδαπάνα
2854 4629 2962 4681 τῶν
2984 4628 3287 4699 ἀνθρώπων
3309 4628 3406 4693 τὰς
3428 4631 3608 4700 ἁμαρ-

2008 4714 2147 4778 τίας.
2167 4714 2309 4767 Ἀλλ’
2328 4715 2377 4767 οί
2416 4715 2736 4787 ἀναίσθητοι
2767 4718 3010 4771 Ἰουδαῖοι
3043 4717 3249 4770 τούτων
3276 4719 3606 4789 γενομένων,

1962 4836 1967 4843 -
2008 4802 2128 4855 δέον
2160 4804 2619 4873 καταπεπλῆχθαι
2653 4807 2753 4858 καὶ
2782 4804 3007 4877 τρέμειν
3035 4806 3131 4859 καὶ
3158 4810 3488 4876 προσκυνεῖν
3513 4808 3609 4863 τὸν

2008 4888 2218 4943 διδόντα
2248 4892 2348 4963 τὴν
2385 4891 2617 4961 δωρεὰν,
2650 4893 2813 4946 πάλιν
2841 4893 2939 4965 τὴν
2966 4894 3176 4948 οἰκείαν
3214 4894 3443 4950 ἄνοιαν⁴ι
3484 4896 3610 4951 ἐπι-

2009 4976 2316 5032 δείκνυνται
2353 4979 2524 5050 μέθην
2553 4980 2989 5052 κατηγοροῦντες
3023 4983 3133 5036 τῶν
3155 4968 3608 5057 πεπληρωμένων

2009 5063 2107 5118 τοῦ
2141 5066 2462 5138 Πνεύματος
2492 5069 2805 5123 ἀποστόλων
2825 5085 2839 5097 '
2872 5066 3049 5125 Οὗτοι
3077 5071 3207 5143 γὰρ,
3236 5074 3389 5143 φησί,
3430 5076 3608 5142 γλεύ-

2012 5170 2159 5219 κους
2189 5156 2637 5226 μεμεστωμένοι
2681 5158 2859 5213 εὶσίν.
2881 5159 3164 5231 Ἐννόησον
3204 5162 3606 5233 ἀγνωμοσύνην

2012 5241 2335 5315 ἀνθρώπων,
2367 5246 2462 5298 καὶ¹
2494 5245 2768 5316 σκόπησον
2796 5246 3219 5318 εὐγνωμοσύνην
3252 5248 3521 5318 ἀγγέλων.
3541 5252 3606 5305 υἱ

2015 5331 2113 5401 μὲν
2138 5332 2245 5405 γὰρ
2279 5332 2499 5403 ἀγγελοι
2532 5334 2621 5388 ὅτε
2652 5330 2793 5389 είδον
2832 5334 2927 5406 τὴν
2973 5336 3230 5408 ἀπαρχὴν
3260 5337 3605 5408 ἀναγομένην

2010 5418 2109 5492 τὴν
2150 5421 2449 5494 ἡμετέραν,
2484 5422 2702 5495 ἔχαιρον
2744 5425 2838 5478 καὶ
2869 5424 3057 5495 ἔλεγον
3077 5442 3093 5458 ο
3131 5428 3337 5495 Ἄρατε
3379 5428 3601 5494 πύλας,

2011 5510 2065 5562 οί
2105 5507 2414 5578 ἄρχοντες,
2446 5510 2633 5580 ὑμῶν,
2663 5512 2761 5567 καί
2792 5512 3109 5583 ἐπάρθητε,
3144 5516 3332 5569 πύλαι
3357 5514 3602 5581 αίώνιοι,

2012 5596 2111 5651 καί
2159 5599 2573 5654 εἰσελεύσεται
2623 5601 2655 5653 ό
2699 5601 3001 5668 ,ϐασιλεὺς
3036 5598 3145 5673 τῆς
3185 5601 3372 5672 δόξης
3392 5619 3408 5635 ο
3450 5603 3501 5657 οἰ
3547 5599 3603 5655 δὲ

2076 5794 2103 5823 ⁸
2124 5792 2246 5855 Reg.
2275 5794 2481 5856 ἄγνοιαν.
