4206 6318
231 360 332 415 ‘GI

227 477 409 548 gloria
435 475 605 548 (Psal.
635 474 725 528 25.
748 474 806 540 7)
840 491 852 525 :
890 471 1132 526 homines
1169 488 1296 527 vero
1323 471 1734 526 descendentem
1755 469 1822 524 ad

235 583 334 621 nos
380 569 610 637 Spiritus
661 567 882 636 gratiam
937 565 1180 620 videntes
1243 565 1425 618 dicunt
1473 563 1652 617 ebrios
1709 576 1830 616 esse

233 659 323 726 qui
377 661 600 728 gratiam
648 666 983 725 receperunt,
1022 665 1074 709 et
1119 670 1184 708 ne
1211 655 1335 708 anni
1385 654 1600 723 quidem
1631 663 1832 720 tempe-

233 761 346 803 stas
387 765 482 804 eos
512 751 795 816 repressit;
839 764 958 820 nam
995 747 1135 801 veris
1170 757 1410 817 tempore
1441 745 1661 816 reperiri
1717 761 1831 798 mu—

233 850 376 893 stum
426 838 644 891 minime
685 848 861 906 potest
892 855 904 891 :
934 838 1076 906 atqui
1119 848 1230 890 tum
1283 851 1378 891 ver
1442 847 1575 890 erat.
1634 835 1829 888 Verum

232 933 304 984 illi
364 930 578 1000 quidem
621 931 1008 1000 relinquantur,
1039 945 1136 983 nos
1181 941 1356 982 autem
1389 927 1602 997 benigni
1633 929 1722 980 Dei
1746 942 1831 979 re-

233 1026 575 1079 tributionem
624 1010 1048 1078 consideremus.
1097 1023 1318 1091 Accepit
1356 1019 1598 1076 Christus
1642 1019 1830 1089 primi-

232 1119 337 1169 tias
392 1127 594 1170 naturae
640 1125 857 1180 nostrai,
913 1129 975 1168 ac
1021 1113 1252 1183 Spiritus
1291 1113 1515 1182 gratiam
1550 1111 1703 1163 nobis
1750 1125 1832 1162 rc-

232 1205 418 1259 tribuit
445 1224 457 1256 :
487 1215 536 1258 et
564 1204 1010 1274 quemadmodum
1043 1204 1201 1272 longo
1242 1203 1292 1256 in
1326 1201 1569 1265 bello‘lit,
1600 1214 1722 1254 cum
1745 1199 1829 1252 di-

231 1308 438 1367 rempta
467 1313 637 1367 pugna
666 1296 844 1358 fuerit,
876 1305 930 1350 et
949 1294 1189 1350 confecta
1219 1309 1339 1363 pax,
1371 1293 1460 1363 qui
1483 1293 1581 1346 sibi
1605 1291 1830 1345 invicem

232 1392 429 1446 infensi
485 1401 655 1453 erant,
689 1392 906 1460 pignora
955 1397 1139 1443 mutuo
1189 1386 1290 1440 sibi
1331 1384 1461 1440 dant
1493 1393 1547 1439 et
1583 1383 1828 1437 obsides:

230 1485 310 1536 sic
363 1493 418 1536 et
472 1484 607 1536 inter
665 1482 826 1535 Deum
874 1490 928 1534 et
995 1488 1234 1534 naturam
1273 1480 1449 1532 evenit
1502 1476 1827 1529 humanam:

232 1589 336 1642 pro
380 1574 688 1643 pignoribus
716 1583 781 1630 et.
802 1572 1072 1627 obsidibus
1104 1573 1216 1640 ipsa
1246 1570 1504 1640 primitias
1529 1568 1673 1622 misit
1700 1582 1829 1637 quas

234 1666 287 1716 in
329 1665 516 1717 ca-lutn
564 1665 683 1717 tulit
736 1663 979 1718 Chrisms
1013 1679 1025 1714 :
1055 1662 1206 1716 nobis
1266 1661 1351 1714 ille
1407 1659 1666 1728 Spiritum
1703 1673 1828 1712 sau-

229 1767 380 1809 ctum
433 1756 667 1824 pignoris
719 1763 773 1809 et
818 1753 1019 1808 obsidis
1071 1753 1188 1808 loco
1249 1751 1471 1805 remisit.
1527 1749 1694 1804 Porro
1732 1763 1832 1802 nos

233 1848 462 1916 pignora
506 1855 560 1900 et
607 1844 824 1900 obsides
850 1846 1044 1900 habere
1096 1845 1218 1898 hinc
1260 1843 1607 1912 liquetznam
1636 1857 1704 1895 ex
1734 1856 1830 1910 ge-

231 1953 367 1991 nere
410 1939 556 2006 regio
613 1937 830 2005 pignora
875 1947 928 1990 et
974 1935 1187 1990 obsides
1258 1949 1380 1990 esse
1414 1942 1680 2001 '0p0rtct;
1747 1934 1829 1986 id-

230 2030 382 2082 circo
428 2030 587 2081 etiam
631 2028 861 2096 Spiritus
911 2035 1126 2080 sanctus
1151 2025 1215 2078 ad
1271 2039 1368 2078 nos
1409 2025 1604 2077 missus
1634 2031 1734 2086 e~t,
1776 2032 1832 2076 ut

229 2118 324 2186 qui
382 2118 614 2172 maxime
669 2117 810 2187 reg‘ia
875 2117 944 2172 sit
1002 2116 1329 2178 substantia,
1383 2113 1828 2185 quemadmodum

231 2216 289 2260 et
334 2210 478 2276 quia
513 2208 666 2262 nobis
717 2222 929 2262 sursum
961 2217 1191 2261 .cvectus
1235 2215 1316 2261 est
1370 2221 1434 2260 ex
1485 2220 1680 2274 genere
1734 2203 1834 2257 fuit.

233 2309 390 2350 ortus
442 2297 620 2366 regio,
675 2299 870 2367 quippe
921 2298 1010 2366 qui
1062 2297 1280 2351 Davidis
1310 2305 1454 2350 esset
1495 2311 1563 2350 ex
1604 2295 1828 2350 semine.

235 2389 595 2457 Quamobrem
641 2406 744 2443 non
785 2390 1014 2460 amplius
1040 2391 1381 2459 pertimesco,
1401 2387 1829 2458 quandoquidem

234 2491 450 2535 sursum
481 2483 724 2552 primitire
748 2469 945 2537 nostra:
973 2481 1160 2535 sedent
1190 2499 1203 2534 :
1239 2481 1436 2535 idcirco
1462 2481 1586 2534 licet
1609 2481 1830 2532 immor-

236 2574 400 2626 talem
448 2574 573 2627 mihi
623 2589 860 2628 vermem
892 2573 1144 2643 objieias,
1200 2575 1326 2628 licet
1370 2573 1544 2643 ignem
1577 2572 1832 2627 inexstin-

233 2674 404 2727 ctum.
457 2666 581 2722 licet
639 2667 774 2722 alias
821 2681 1006 2736 poenas
1033 2682 1095 2720 ac
1123 2667 1404 2737 supplicia,
1449 2682 1554 2720 non
1603 2665 1832 2735 amplius

237 2756 574 2810 reformido:
632 2757 739 2811 imo
765 2773 895 2812 vero
945 2756 1235 2812 reformido
1282 2757 1564 2828 equidem,
1620 2771 1834 2810 verum-

237 2857 420 2902 tamen
450 2847 518 2903 de
542 2849 714 2903 salute
756 2864 872 2904 mea
902 2867 1009 2904 non
1038 2849 1286 2919 despero.
1309 2849 1421 2904 Nisi
1464 2850 1612 2903 enim
1641 2863 1830 2918 magna

238 2941 292 2992 in
338 2955 506 3008 genus
565 2951 807 2994 nostrum
862 2956 1158 3009 congerere
1187 2942 1323 2996 bona
1368 2943 1642 2996 statuisset
1671 2940 1829 3005 Deus,

240 3032 508 3099 primitias
550 3043 760 3086 nostras
798 3047 1011 3087 sursum
1068 3048 1175 3086 non
1218 3032 1618 3100 assumpsisset.
1663 3033 1829 3085 Antea

236 3122 458 3190 quidem
493 3137 609 3180 Inos
655 3124 1006 3192 suspicientes
1035 3123 1088 3178 in
1128 3124 1338 3188 cadum,
1392 3125 1735 3191 incorporeas
1771 3122 1835 3175 il-

238 3213 324 3266 las
345 3214 639 3282 cogitantes
667 3214 910 3278 virtutes,
952 3215 1208 3268 vilitatem
1263 3221 1500 3268 nostram
1542 3213 1679 3268 facta
1710 3229 1830 3267 cum

240 3303 489 3370 supernis
536 3304 816 3358 virtutibus
867 3306 1266 3373 comparatione
1308 3305 1832 3372 cernebamus;jam

241 3409 378 3449 vero
443 3411 564 3450 cum
588 3396 914 3451 nobilitatem
941 3406 1178 3452 nostram
1225 3412 1449 3452 eernere
1469 3396 1796 3452 voluerimus
1815 3440 1830 3465 ,

241 3488 298 3540 in
351 3488 538 3541 crrlum
587 3489 925 3556 suspicimus,
977 3489 1044 3542 ad
1086 3491 1288 3559 regium
1318 3491 1490 3559 ipsum
1542 3490 1830 3546 thronum:

241 3578 351 3630 illic
397 3579 536 3632 enim
580 3595 642 3632 ex
695 3580 849 3634 nobis
886 3582 1111 3650 sxﬂnpta:
1148 3581 1395 3650 primitiae
1421 3582 1720 3636 consident.
1759 3581 1833 3637 lta

242 3685 459 3739 quoque
508 3673 685 3726 veniet
714 3687 744 3726 e
791 3673 958 3736 cmlis,
1009 3681 1065 3726 ut
1110 3689 1206 3726 nos
1243 3672 1446 3742 judicet
1492 3674 1582 3729 Dci
1623 3674 1831 3730 Filius:

241 3761 589 3828 quamobrem
646 3762 808 3829 parati
841 3763 1030 3821 simus.
1081 3777 1149 3817 ne
1173 3763 1240 3815 ab
1290 3764 1376 3816 illa
1421 3764 1588 3831 gloria
1617 3766 1834 3820 excida-

242 3866 384 3904 mus.
414 3849 640 3906 Omnino
666 3853 808 3906 enim
839 3855 1014 3908 veniet
1062 3863 1114 3908 et
1139 3869 1241 3908 non
1273 3855 1501 3909 tardabit
1537 3859 1834 3912 communis

244 3941 503 3997 Dominus
548 3954 762 4007 noster;
795 3947 971 3999 veniet
1023 3947 1288 4001 exercitus
1341 3962 1522 4002 secum
1577 3947 1832 4015 trahens,

242 4032 554 4100 anzelorum
585 4035 818 4103 agmina,
849 4036 1068 4090 ordines
1121 4038 1582 4108 archangelorum,
1635 4050 1834 4110 marty-

243 4137 365 4176 rum
413 4133 630 4188 turmas,
653 4125 915 4192 justorum
945 4125 1158 4190 choros,
1199 4129 1575 4197 prophetarum
1616 4139 1670 4183 et
1709 4144 1835 4197 apo-

243 4212 505 4267 stolorum
529 4226 717 4280 uetus,
737 4225 792 4270 et
808 4218 860 4271 in
888 4218 1062 4271 medio
1087 4219 1437 4286 spiritualium
1461 4221 1669 4273 illorum
1684 4237 1835 4275 exer-

243 4301 447 4356 cituum
498 4299 771 4358 ineffabili-
802 4305 1028 4375 quadam
1058 4318 1110 4362 et
1143 4309 1497 4379 inexplicabili
1527 4311 1692 4380 gloria
1741 4327 1834 4366 rex

243 4391 605 4446 circumdatus
633 4395 926 4464 apparebit.

320 4480 374 4535 6.
402 4483 626 4538 Omnem
655 4485 812 4554 igitur
858 4501 1074 4554 operam
1115 4487 1493 4555 adhibeamus,
1541 4500 1598 4544 ut
1635 4491 1703 4545 ab
1747 4491 1834 4545 illa

244 4571 416 4640 gloria
468 4588 574 4626 non
615 4573 940 4631 excidamus.
977 4576 1143 4631 Vultis
1170 4577 1342 4632 dicam
1373 4581 1532 4641 etiam
1580 4596 1663 4646 ea,
1715 4597 1833 4651 qua:

246 4671 510 4717 terrorem
539 4665 830 4719 incutient?
857 4682 960 4720 non
993 4677 1050 4721 ut
1079 4669 1344 4723 tristitiam
1373 4672 1610 4735 afferam,
1641 4673 1734 4726 sed
1779 4682 1836 4726 ut

245 4751 316 4806 ad
355 4753 625 4808 meliorem
645 4737 844 4825 irugem
875 4757 1164 4828 traducam.
1190 4759 1324 4814 Tum
1341 4760 1536 4816 ﬂumen
1553 4763 1687 4830 ignis
1712 4774 1836 4819 ante

248 4844 481 4897 tribunal
520 4845 647 4900 illud
674 4845 896 4900 trahitur
936 4846 1097 4920 (Dan.
1127 4850 1178 4902 7.
1206 4849 1314 4917 l0),
1363 4860 1485 4905 tunc
1526 4852 1836 4921 aperiuntur

246 4932 370 4986 libri
398 4974 413 4999 ,
439 4933 692 5001 judicium
714 4947 996 4992 exercetur
1021 4938 1356 4994 formidabile
1381 4956 1442 4994 ac
1464 4944 1830 4998 tremendum:

249 5034 536 5094 propterea
562 5037 826 5098 tamquam
878 5031 930 5084 in
1002 5031 1201 5100 judicio
1254 5035 1374 5088 vita:
1421 5047 1616 5088 nosme
1669 5035 1832 5092 diaria

251 5116 503 5185 leguntur
526 5127 582 5172 et
607 5124 998 5187 commentarii,
1030 5133 1084 5178 et
1109 5125 1270 5178 multa
1295 5125 1362 5180 de
1409 5125 1557 5180 libris
1593 5127 1706 5182 istis
1757 5128 1838 5183 lo-

254 5219 495 5276 quuntur
539 5210 831 5279 prophetae.
863 5213 937 5266 Ac
965 5213 1135 5268 Moses
1164 5199 1378 5284 quidem
1412 5217 1519 5270 ait:
1552 5217 1612 5271 Si
1637 5217 1836 5286 quidem

247 5298 460 5351 remittis
497 5301 566 5353 eis
606 5310 896 5370 peccatum,
925 5306 1152 5367 remitte;
1182 5308 1259 5358 sin
1299 5315 1485 5370 autem,
1519 5325 1596 5361 me
1645 5326 1837 5379 quoque

245 5389 357 5444 dde
380 5390 440 5443 de
463 5390 588 5444 libro
603 5409 745 5461 quem
761 5394 1004 5464 scripsisti
1027 5395 1216 5467 (Exod.
1238 5397 1327 5454 52.
1351 5397 1461 5469 52).
1484 5399 1726 5455 Christus
1743 5417 1805 5456 ve
1817 5395 1860 5443 Γ

245 5495 308 5531 ro
336 5495 521 5536 rursus
548 5482 614 5536 ad
633 5484 920 5554 discipulos
939 5485 1178 5541 dicebat:
1207 5487 1273 5541 In
1298 5489 1394 5544 hoc
1416 5492 1571 5545 nolite
1593 5493 1832 5562 gaudere,

245 5572 384 5632 quod
404 5571 654 5626 demetrio
682 5576 818 5630 vobis
837 5575 1173 5648 subjiciuntur
1200 5596 1217 5633 :
1248 5581 1460 5650 gaudete
1483 5594 1671 5646 autem,
1702 5585 1836 5652 quod

247 5661 458 5714 stamina
509 5677 671 5719 uestra
695 5667 886 5735 scripta
925 5681 1040 5723 sunt
1065 5671 1115 5723 in
1162 5674 1296 5726 caelis
1326 5671 1474 5740 (Luc.
1512 5675 1595 5727 10.
1624 5676 1716 5743 20)
1744 5687 1836 5731 :ct

246 5765 434 5808 rursus
459 5755 717 5826 propheta
744 5759 906 5816 David
937 5781 948 5815 :
979 5760 1044 5814 In
1069 5765 1194 5818 libro
1223 5775 1306 5818 tuo
1325 5782 1493 5822 omnes
1513 5768 1788 5822 scribentur
1813 5785 1830 5822 :

1231 356 1316 412 DE
1355 356 1619 412 SANCTA
1664 352 2124 412 PENTECOSTE.
2172 357 2396 413 ΙΙΟΜΙΙ..
2441 359 2481 414 l.

3430 368 3535 422 Lb!

1939 470 2044 524 dies
2064 472 2500 542 formabuntur;et
2521 488 2664 526 nemo
2691 472 2741 526 in
2770 473 2839 528 eis
2859 471 3025 544 (Psal.
3059 471 3175 528 I33.
3210 474 3318 542 l6):
3339 484 3390 529 ct
3414 492 3532 529 rur-

1938 577 2026 612 sus
2063 583 2072 613 :
2110 562 2380 615 Deleantur
2411 563 2473 615 de
2503 564 2630 616 libro
2658 565 2945 630 viventium,
2993 575 3038 618 et
3085 582 3198 618 cum
3232 567 3388 637 jttstis
3429 585 3533 621 nou

1936 653 2219 705 scribantur
2244 652 2410 722 (Psai.
2444 653 2530 707 6S.
2565 652 2681 718 29).
2710 654 2870 708 Vides
2903 655 3035 709 alios
3079 657 3294 726 quidem
3339 657 3531 716 deleri.

1938 742 2074 794 alios
2124 759 2250 797 vero
2299 744 2560 798 inscribi?
2615 745 2691 799 vis
2742 745 2949 800 discere
3005 761 3111 800 non
3154 747 3326 816 justos
3370 750 3533 802 modo

1940 832 2086 886 libris
2139 835 2188 886 in
2231 833 2332 886 illis
2378 834 2559 900 scribi,
2590 835 2682 889 sed
2723 837 2882 890 etiam
2923 848 3140 906 peccata
3199 848 3380 892 nostra
3428 838 3535 894 illic

1937 938 2055 976 esse
2082 926 2410 992 perscripta?
2461 925 2779 979 Festivitatis
2831 937 3039 996 tempus
3084 936 3207 995 est,
3263 928 3533 984 discamus

1937 1031 2023 1080 ea,
2069 1014 2266 1086 quibus
2297 1033 2580 1087 possumus
2611 1035 2640 1070 a
2686 1020 2946 1090 supplicio
2990 1019 3206 1074 liberari
3239 1034 3252 1076 :
3283 1021 3534 1077 terribilis

1937 1120 2020 1164 est
2045 1112 2237 1172 oratio,
2267 1112 2358 1164 sed
2390 1112 2534 1164 utilis
2572 1121 2625 1166 et
2651 1111 2942 1177 fructuosa,
3000 1113 3259 1183 siquidem
3290 1115 3531 1184 impedit,

1939 1219 2004 1256 ne
2055 1205 2226 1271 reipsa
2260 1217 2444 1271 poenas
2495 1205 2879 1272 experiamur:
2915 1220 3046 1275 ergo
3093 1206 3363 1262 discamus
3415 1222 3533 1277 per-

1938 1295 2096 1349 scribi
2129 1308 2364 1363 peccata,
2395 1304 2448 1349 et
2497 1296 2751 1366 quidquid
2800 1296 3111 1367 hicloquuti
3138 1300 3416 1362 fuerimus,
3459 1301 3529 1354 il-

1939 1386 2020 1438 luc
2072 1389 2254 1440 statim
2293 1388 2486 1441 deferri
2523 1397 2576 1440 et
2623 1389 2898 1457 perscribi.
2949 1389 3100 1446 Unde
3125 1406 3256 1446 vero
3311 1390 3362 1445 id
3405 1406 3526 1445 con-

1936 1480 2084 1532 stat?
2113 1495 2215 1532 non
2243 1480 2384 1534 enim
2417 1482 2537 1536 talia
2580 1483 3032 1549 suntsimpliciter
3065 1484 3399 1540 aﬂirmanda.
3431 1485 3527 1540 Mi-

1936 1572 2112 1625 rhzras
2149 1572 2162 1601 ¹
2194 1571 2258 1625 ad
2285 1571 2499 1626 .ludmos
2538 1574 2612 1626 ait
2641 1591 2653 1625 :
2698 1573 2784 1627 νω
2807 1577 2890 1642 qui
2935 1578 3214 1643 provocatis
3248 1577 3523 1631 Dominum

1947 1658 2018 1709 Et
2039 1660 2317 1726 quomodo,
2339 1661 2611 1728 inquiunt,
2626 1665 3020 1728 provocavintus
3045 1681 3159 1716 eum
3179 1667 3203 1717 ?
3220 1664 3286 1717 In
3309 1681 3368 1718 eo
3384 1666 3525 1734 quod

1947 1767 2030 1804 eos
2065 1751 2275 1804 dicitis:
2303 1752 2488 1804 Omnis
2509 1755 2599 1819 qui
2621 1754 2750 1819 facit
2772 1754 2992 1818 malum,
3020 1756 3183 1809 bonus
3202 1766 3277 1809 est
3305 1758 3358 1808 in
3395 1772 3521 1807 cou-

1943 1854 2117 1912 spertu
2143 1843 2615 1912 DominitMalac/t.
2636 1846 2687 1898 ‘2.
2710 1846 2817 1910 17).
2841 1848 3218 1914 lmproborum
3239 1864 3521 1901 servorum

1936 1945 2060 1989 sunt
2080 1938 2179 1990 ista
2211 1937 2386 2000 verba,
2417 1946 2470 1991 et
2501 1939 2552 1992 in
2579 1939 2644 1992 iis
2676 1938 2787 2007 ipse
2814 1937 2911 1992 sibi
2929 1940 3287 2006 complacuit:
3321 1939 3373 1992 in
3402 1954 3521 2007 per-

1936 2027 2080 2088 ditis,
2114 2027 2302 2095 inquit,
2334 2027 2385 2079 in
2419 2027 2500 2089 iis,
2531 2029 2617 2097 qui
2646 2043 2750 2080 non
2770 2029 3066 2082 servierunt
3095 2029 3176 2097 ei.
3204 2028 3336 2081 Ecce
3363 2039 3537 2081 custo.

1937 2117 2152 2170 divinius
2168 2118 2425 2170 custodias
2442 2096 2572 2187 ejus,
2589 2127 2634 2170 et
2657 2117 2826 2171 beatos
2844 2117 3059 2171 dicimus
3075 2096 3266 2172 alienos
3281 2117 3534 2186 (Mularl:.

1937 2208 1987 2260 5.
2021 2207 2106 2262 M.
2137 2207 2247 2276 l5).
2279 2207 2385 2261 Nos
2402 2210 2564 2272 enim,
2585 2209 2772 2279 inquit,
2796 2208 3033 2279 quotidie
3059 2212 3340 2274 servimus,
3367 2221 3416 2263 et
3441 2210 3532 2264 alii

1937 2300 2092 2354 bonis
2115 2302 2401 2367 potiuntur.
2429 2302 2573 2357 Talia
2602 2304 2851 2359 nimirum
2881 2319 3248 2374 smpenumcro
3274 2305 3340 2357 de
3361 2305 3534 2358 domi-

1938 2395 2022 2447 nis
2047 2393 2188 2447 servi
2217 2394 2503 2464 loquuntur
2529 2413 2541 2449 :
2571 2395 2664 2449 sed
2697 2394 2967 2450 hominem
2989 2395 3199 2464 quidem
3221 2395 3287 2450 de
3313 2396 3531 2449 homine

1938 2485 2036 2537 ista
2052 2483 2226 2538 dicere
2238 2499 2343 2538 non
2363 2485 2432 2538 ita
2450 2499 2612 2554 grave
2628 2494 2730 2548 est,
2755 2485 2964 2539 tametsi
2987 2497 3067 2540 est.
3087 2501 3247 2555 grave
3265 2505 3277 2540 :
3297 2485 3366 2540 de
3381 2501 3501 2540 com
3516 2516 3532 2526 -

1941 2575 2084 2627 muni
2104 2590 2230 2629 vero
2255 2577 2416 2628 totius
2437 2575 2580 2629 orbis
2601 2586 2860 2630 terrarum
2886 2575 3110 2629 Domino
3132 2577 3245 2629 ha-c
3268 2575 3528 2645 proferre,

1936 2663 2004 2718 de
2027 2665 2353 2720 misericordi
2380 2680 2441 2720 ac
2473 2665 2700 2734 benigno
2727 2666 2952 2719 Domino
2983 2666 3128 2720 nulla
3159 2682 3262 2720 non
3293 2666 3529 2736 graviori

1939 2757 2152 2821 mulcta,
2182 2757 2327 2810 nullo
2353 2772 2457 2811 non
2484 2767 2724 2812 extremo
2745 2758 3004 2826 supplicio
3029 2758 3402 2812 vindicandum
3425 2769 3530 2813 est.

1941 2845 2045 2900 St‘d
2069 2857 2126 2901 ut
2157 2847 2422 2917 intelligas
2440 2848 2699 2916 ejusmodi
2736 2849 2894 2902 verba
2931 2849 3223 2916 perscribi,
3254 2849 3374 2901 audi
3410 2849 3535 2918 quid

1939 2937 2082 2992 dicat
2100 2941 2357 3010 propheta
2384 2963 2396 2990 :
2428 2939 2559 2993 Ecce
2581 2942 2772 3010 scripta
2791 2951 2908 2994 sunt
2924 2943 3030 2994 Iiwc
3054 2943 3103 2993 in
3122 2941 3249 2994 libro
3271 2942 3536 2995 uiuentium

1937 3029 1990 3081 in
2009 3042 2381 3083 monumentum
2394 3032 2446 3084 in
2467 3043 2735 3099 conspectu
2758 3031 2847 3084 Dei
2861 3030 2966 3100 (Ib.
3002 3048 3049 3084 υ.
3078 3032 3188 3100 16).
3213 3031 3536 3086 Scribuntur

1939 3130 2116 3174 autem
2142 3164 2156 3187 ,
2196 3137 2300 3176 non
2345 3122 2484 3192 quod
2517 3123 2656 3177 Deus
2686 3123 2735 3176 in
2767 3125 3076 3179 memoriam
3124 3135 3338 3178 revocet
3367 3123 3532 3188 diem,

1938 3210 2020 3264 vel
2038 3219 2300 3279 tamquam
2314 3212 2552 3264 criminis
2569 3212 2823 3279 probandi
2842 3228 2996 3266 causa
3017 3221 3070 3267 ct
3084 3213 3436 3278 accusationis
3455 3213 3535 3266 fir-

1939 3311 2262 3357 mamentum
2290 3302 2479 3356 librum
2509 3301 2758 3371 proferat.
2781 3303 3028 3358 Fortasse
3048 3313 3280 3375 mentem
3302 3313 3534 3357 vestram

1942 3394 2130 3446 timore
2154 3393 2432 3457 concussi;
2463 3409 2568 3446 non
2598 3403 2849 3456 vestram,
2881 3395 2974 3448 sed
3008 3409 3178 3449 meam
3205 3395 3372 3463 prius.
3425 3397 3536 3464 Ago

1939 3485 2097 3554 igitur
2127 3485 2421 3539 orationem
2459 3484 2752 3548 absolvam,
2781 3487 2862 3540 vel
2889 3487 3058 3556 potius
3084 3486 3326 3540 timorem
3355 3489 3527 3541 exsol-

1939 3590 2059 3629 vam
2091 3593 2105 3630 :
2133 3576 2238 3628 imo
2263 3591 2390 3628 vero
2419 3591 2522 3630 non
2551 3576 2850 3642 exsolvam,
2873 3575 2966 3630 sed
2987 3576 3220 3641 leniam;
3251 3579 3371 3632 volo
3393 3579 3533 3631 enim

1940 3677 2173 3730 maneat,
2203 3677 2256 3721 et
2287 3679 2517 3723 mentem
2565 3679 2796 3724 vestram
2846 3677 3054 3739 purget,
3086 3669 3180 3723 sed
3223 3670 3537 3724 imminuant

1940 3759 2108 3824 illum,
2141 3775 2206 3812 ne
2226 3761 2289 3811 sit
2322 3760 2695 3814 intolerabilis.
2726 3762 2963 3825 Quanam
2994 3775 3122 3830 ergo
3153 3761 3358 3815 ratione
3390 3771 3537 3829 poti-.-

1939 3851 2105 3904 rimus
2133 3851 2487 3905 imminuere?
2515 3853 2694 3906 Sinon
2714 3852 2871 3905 modo
2900 3851 3154 3919 perscribi
3184 3861 3422 3919 peccata,
3440 3849 3534 3903 sed

1937 3941 2098 3996 etiam
2123 3941 2290 3996 deleri
2329 3941 2892 3996 demonstraverimus.
2919 3941 3049 3996 Nam
3089 3942 3139 3993 in
3162 3941 3366 4009 judicio
3391 3957 3534 4010 qum-

1940 4047 2168 4103 cumque
2213 4034 2408 4088 dixerit
2452 4035 2505 4089 in
2553 4033 2956 4089 commentariis
2999 4033 3374 4103 perscribenda
3421 4034 3530 4096 ille,

1938 4127 2027 4196 qui
2059 4126 2243 4194 litigat,
2271 4127 2488 4179 omnino
2515 4127 2823 4180 scribuntur
2853 4127 2903 4178 in
2933 4133 3266 4194 perpetuum,
3299 4140 3395 4178 nec
3415 4141 3532 4199 ant-

1941 4218 2079 4286 plius
2106 4218 2269 4272 deleri
2303 4231 2552 4287 possunt;
2585 4231 2639 4272 at
2663 4219 2716 4272 in
2747 4219 2837 4272 illo
2859 4219 3013 4278 libro,
3042 4218 3165 4271 licet
3214 4219 3351 4271 mala
3386 4233 3533 4286 qure-

1943 4313 2080 4381 piam
2104 4312 2322 4376 dixeris,
2355 4313 2397 4365 si
2429 4313 2678 4375 volneris,
2708 4326 2894 4365 rursus
2935 4309 3200 4364 delentur.
3233 4309 3386 4365 Unde
3432 4309 3534 4363 hoc

1940 4405 2141 4473 liquet?
2167 4405 2242 4458 Ex
2273 4405 2566 4473 Scriptura.
2600 4404 2778 4457 Averte
2803 4405 2954 4468 enim,
2987 4403 3174 4472 inquit,
3196 4402 3376 4471 [aciem
3395 4411 3532 4453 tuam

1941 4511 1972 4546 a
2003 4496 2218 4565 peccatis
2257 4496 2398 4560 meis,
2443 4506 2487 4548 et
2525 4511 2696 4548 omnes
2729 4495 3013 4565 iniquitates
3044 4509 3178 4547 meas
3223 4494 3332 4547 dele
3358 4491 3532 4560 (Psal.

1941 4585 2029 4639 50.
2058 4585 2167 4655 11).
2197 4587 2264 4639 At
2292 4601 2449 4640 nemo
2495 4584 2634 4654 quod
2681 4586 2935 4655 scriptum
2966 4600 3070 4638 non
3098 4594 3197 4643 est,
3229 4585 3408 4638 delere
3438 4601 3537 4653 ρος

1941 4685 2044 4730 test
2075 4695 2088 4732 :
2119 4678 2294 4746 itaque
2339 4677 2590 4744 quoniam
2624 4678 2818 4743 scripta
2866 4677 3101 4740 fuerant,
3133 4676 3300 4730 deleri
3345 4691 3536 4744 preco.

1943 4778 2048 4822 tur.
2084 4768 2240 4822 Docet
2272 4778 2448 4821 autem
2475 4777 2528 4822 et
2555 4769 2691 4821 alius
2732 4767 2968 4837 quidam,
3002 4782 3233 4834 quonam
3262 4777 3417 4836 pacto
3441 4768 3538 4821 de-

1942 4857 2172 4923 leantur,
2194 4859 2261 4911 ita
2287 4857 2469 4912 dicens
2501 4876 2513 4911 '.
2548 4858 2895 4927 Eleemosynis
2919 4868 2965 4912 et
2993 4857 3095 4925 ﬁde
3116 4869 3400 4928 purgantur
3427 4875 3535 4926 pec-

1940 4961 2052 5004 cata
2075 4950 2251 5022 (Prov.
2285 4950 2484 5021 15.27)
2513 4969 2526 5005 :
2553 4965 2658 5003 non
2710 4958 2909 5003 tantum
2953 4948 3218 5014 delentur,
3249 4948 3340 5002 sed
3371 4950 3532 5002 etiam

1942 5054 2251 5113 purgantur,
2283 5045 2359 5098 sic
2384 5053 2442 5098 ut
2468 5058 2564 5098 nec
2593 5044 2712 5098 ulla:
2741 5043 2981 5112 reliquis:
3000 5052 3246 5096 maneant
3269 5041 3527 5095 delectio-

1941 5137 2043 5191 nis.
2089 5137 2267 5205 Neque
2315 5151 2444 5190 vero
2485 5151 2603 5203 quae
2643 5146 2764 5205 post
2807 5135 3128 5204 baptismum
3155 5137 3349 5204 scripta
3381 5145 3528 5200 sunt,

1943 5239 2144 5283 tantum
2171 5229 2444 5291 delentur;
2477 5228 2570 5284 sed
2602 5229 2760 5284 etiam
2791 5244 2909 5298 quze
2936 5237 3058 5282 ante
3084 5229 3351 5282 lavacrum
3397 5231 3531 5281 scri-

1944 5331 2028 5389 pta
2059 5320 2286 5384 fuerant,
2320 5319 2408 5373 illa
2432 5320 2610 5375 omnia
2639 5318 2886 5390 baptismi
2917 5333 3052 5388 aqua
3081 5318 3349 5373 etChristi
3373 5333 3532 5372 cruce

1941 5413 2202 5478 delentur,
2226 5414 2375 5488 sicut
2400 5421 2458 5469 et
2485 5413 2680 5468 Paulus
2721 5416 2795 5467 ait
2825 5431 2837 5467 :
2870 5411 3074 5476 Delens,
3119 5411 3254 5480 quod
3292 5413 3531 5465 adversus

1940 5520 2030 5558 nos
2051 5515 2176 5568 erat,
2209 5504 2622 5574 chirographum,
2649 5503 2782 5575 quod
2805 5513 2911 5556 erat
2940 5503 3245 5556 contrarium
3269 5501 3412 5553 nobis
3437 5516 3454 5554 :
3486 5510 3532 5554 et

1939 5595 2105 5664 ipsum
2131 5597 2240 5650 tulit
2270 5598 2331 5649 de
2352 5596 2532 5662 medio,
2558 5596 2772 5670 aﬁigeus
2789 5595 2920 5649 illud
2939 5595 3077 5649 cruci
3098 5594 3315 5660 (Calais.
3335 5592 3389 5645 2.
3417 5594 3525 5659 Η).

1941 5685 2100 5741 Vides
2119 5702 2221 5754 quo
2241 5697 2391 5755 pacto
2411 5687 2643 5741 deletum
2663 5687 2816 5741 fuerit
2838 5685 2962 5740 illud
2982 5683 3392 5754 chirographum
3408 5683 3430 5735 7
3444 5696 3532 5738 ue-

2005 5779 2022 5810 ι
2058 5779 2128 5828 sic
2152 5790 2340 5839 omnes,
2364 5778 2450 5829 sed
2473 5785 2549 5830 est
2572 5777 2836 5839 Malachias,
2863 5790 2957 5827 non
2987 5777 3212 5826 iticbzras.

3055 5925 3120 5950 ἡ
