4206 6318
734 341 837 397 465

731 477 835 534 que
855 461 1084 517 deletum
1105 469 1325 525 tantum,
1341 459 1432 514 sed
1455 455 1609 514 etiam
1637 458 1902 527 diruptum
1925 467 2023 518 est,
2039 473 2155 510 cum
2175 455 2301 509 illud

733 553 906 608 crucis
930 551 1065 607 clavi
1085 545 1457 616 conscidérint,
1475 554 1622 604 sicut
1645 551 1825 604 inutile
1846 550 2174 603 “redderetur.
2207 547 2302 600 Ve-

732 660 846 698 rum
875 644 958 698 illa
988 645 1201 714 quidem
1233 645 1395 712 gratia
1424 655 1475 697 ct
1514 643 1840 712 benignitate
1867 641 2074 696 virtutis
2103 639 2299 693 Chrlsti

730 735 967 789 crucifixi
993 745 1178 790 cuncta
1200 735 1366 788 deleta
1386 745 1538 794 sunt;
1562 748 1678 802 qua:
1698 747 1824 786 vero
1845 741 1962 802 post
1982 731 2299 798 baptismum

729 825 1012 877 commissa
1025 835 1164 888 sunt,
1185 823 1348 876 multo
1363 822 1592 891 indigent
1611 823 1803 885 studio,
1819 830 1876 874 ut
1895 834 2075 874 rursus
2091 819 2302 873 delean-

731 922 850 976 tur;
873 912 1293 982 quandoquidem
1310 929 1479 988 neque
1500 913 1787 967 secundum
1803 918 1883 964 est
1902 909 2188 974 lavacrum,
2207 909 2298 964 sed

726 1002 974 1072 lacrymis
988 1001 1218 1072 indigent
1232 1003 1445 1064 nostris,
1463 1002 1786 1073 paenitentia,
1801 998 2151 1062 c0nfessionc,
2169 1001 2302 1053 elec-

727 1106 966 1163 mosyna,
985 1093 1248 1162 precibus,
1262 1093 1483 1162 aliisque
1502 1092 1778 1163 generibus
1797 1089 2038 1144 omnibus
2061 1090 2296 1158 pietatis:

728 1180 804 1234 sic
827 1182 982 1234 etiam
1011 1191 1127 1250 post
1145 1183 1460 1251 baptismum
1478 1184 1718 1237 delentur
1741 1189 1972 1249 peccata,
1992 1182 2156 1234 multo
2177 1194 2297 1234 cum

727 1269 906 1325 labore
931 1279 985 1326 et
1013 1271 1335 1341 fatigatione.
1363 1273 1582 1327 Omnem
1611 1271 1767 1341 igitur
1804 1270 2149 1324 adhibeamus
2176 1271 2297 1323 dili-

724 1362 978 1429 gentiam,
1001 1371 1057 1416 ut
1085 1378 1144 1416 ea
1171 1363 1442 1417 deleamus
1467 1377 1529 1415 ex
1563 1362 1661 1414 hoc
1691 1371 1948 1429 tempore,
1980 1370 2034 1415 et
2055 1361 2104 1413 in
2134 1361 2298 1413 altera

730 1452 833 1505 vita
874 1452 1158 1507 subeundis
1189 1453 1394 1521 probris
1417 1468 1479 1506 ac
1507 1451 1778 1520 suppliciis
1819 1452 2121 1505 liberemur.
2150 1449 2298 1504 Licet

722 1541 865 1595 enim
889 1553 1132 1596 sexcenta
1161 1551 1372 1611 peccata
1404 1542 1846 1606 commiserimus,
1870 1542 1912 1594 si
1937 1543 2178 1606 vclimﬁs,
2205 1543 2298 1596 bas

724 1646 909 1689 omnes
936 1633 1224 1702 poterimus
1249 1635 1484 1688 sarcinas
1522 1642 1853 1701 peccatorum
1883 1633 2164 1702 deponere.
2194 1632 2301 1687 Ve-

727 1725 883 1779 limus
907 1741 1066 1796 ergo;
1099 1727 1266 1780 multo
1305 1728 1445 1780 enim
1495 1727 1683 1780 melius
1731 1735 1812 1779 est
1854 1734 1927 1789 ut,
1957 1726 2163 1778 modico
2213 1725 2299 1777 hic

722 1817 990 1870 exantlato
1034 1817 1252 1881 labore,
1303 1817 1587 1870 inevitabili
1656 1815 1916 1885 supplicio
1979 1815 2294 1878 liberemur,

721 1921 875 1977 quam
903 1907 1071 1961 utubi
1115 1907 1212 1961 hoc
1252 1908 1492 1975 perbrevi
1542 1916 1777 1974 tempore
1824 1906 1931 1958 otio
1974 1920 2036 1958 ac
2078 1905 2296 1959 desidiae

720 1995 1116 2062 indulserimus,
1143 1999 1194 2052 in
1226 2012 1410 2064 pmnas
1447 1997 1562 2050 illas
1589 2004 1816 2050 aeternas
1844 1994 2157 2049 incidamus.
2191 1993 2295 2048 Sed

721 2083 831 2151 jam
863 2093 1069 2155 tempus
1097 2097 1197 2152 est,
1225 2095 1282 2140 ut
1306 2103 1423 2157 quae
1448 2087 1584 2141 dicta
1615 2095 1737 2141 sunt
1777 2101 2163 2141 recenseamus.
2189 2085 2295 2138 0b-

717 2175 1040 2243 jnrgavimus
1069 2191 1183 2240 eos,
1207 2177 1293 2245 qui
1321 2177 1484 2232 semel
1513 2185 1713 2230 tantum
1743 2191 1835 2246 per
1855 2191 2046 2228 annum
2077 2175 2180 2228 huc
2204 2191 2295 2229 ve-

719 2265 891 2331 niunt,
915 2265 1052 2334 quod
1081 2266 1396 2320 denudatam
1425 2282 1543 2321 esse
1573 2274 1796 2321 matrem
1826 2266 2032 2329 sinant;
2055 2274 2291 2319 veterem

719 2353 824 2407 illis
870 2353 1162 2420 historiam,
1211 2355 1635 2410 maledictionem
1680 2363 1735 2408 et
1776 2354 2196 2408 benedictionem
2237 2352 2289 2406 in

721 2444 1030 2497 memoriam
1074 2445 1491 2511 .revocavimus:
1541 2445 1608 2500 de
1653 2444 1884 2517 Judaicis
1923 2443 2291 2500 festivitatibus

715 2534 1077 2596 disseruimus,
1105 2543 1159 2589 et
1183 2551 1280 2605 qua
1309 2536 1376 2590 de
1397 2552 1554 2590 causa
1583 2546 1662 2590 ter
1701 2537 1752 2590 in
1803 2551 1941 2589 anno
1989 2536 2086 2589 sibi
2134 2550 2293 2606 appa-

717 2639 834 2677 rere
873 2624 1056 2692 jubeat
1086 2625 1222 2679 Deus
1250 2626 1462 2681 Judzeos
1493 2644 1504 2677 :
1533 2627 1765 2680 diximus
1811 2624 2148 2679 festivitatem
2170 2641 2289 2680 esse

713 2716 901 2780 quovis
945 2726 1201 2786 tempore,
1257 2717 1621 2782 Pentecosten,
1664 2719 1788 2771 item
1834 2717 2056 2782 Pascha,
2085 2717 2289 2785 etEpi-

715 2805 960 2873 phaniam
991 2824 1004 2860 :
1033 2807 1260 2862 diximus
1288 2809 1664 2862 conscientiam
1698 2822 1879 2876 puram
1901 2807 2110 2861 efﬁcere
2140 2807 2286 2859 festi-

714 2895 968 2960 vitatem,
1019 2912 1125 2951 non
1173 2898 1375 2952 dierum
1438 2909 1804 2968 temporumve
1863 2899 2284 2953 conversionem.

715 2983 841 3038 Inde
866 2985 1088 3055 digressi
1119 3002 1299 3041 sumus
1324 2988 1386 3042 ad
1410 2989 1544 3042 dona
1567 2989 1633 3042 de
1654 2989 1786 3042 caelo
1806 2988 2066 3050 demissa;
2096 3003 2285 3042 recon-

1373 339 1435 402 S.
1476 345 1754 405 JOANNIS
1789 341 2266 402 CllRYSOSTOMl
2307 340 2619 399 AllClllEP.
2659 342 3188 401 CONSTANTINOP.

3878 349 3981 401 «£6!

2407 456 2690 511 ciliationis
2734 456 2834 512 hoc
2881 456 3129 512 indicium
3177 472 3297 513 esse
3343 456 3614 513 diximus:
3655 459 3984 514 ostendimus

2407 548 2595 603 adesse
2611 548 2860 620 Spiritum
2877 558 3114 604 sanctum
3131 566 3194 604 ex
3211 551 3524 606 remissione
3544 560 3898 619 peccatorum,
3917 567 3983 606 ex

2407 641 2757 708 responsione
2797 639 2931 694 facta
2974 641 3193 710 pastori,
3222 656 3287 694 ex
3330 642 3602 710 sapientia:
3640 640 3986 707 scientiaque

2406 742 2674 794 sermone,
2717 746 2782 784 ex
2827 731 3267 796 ordinationibus,
3307 746 3375 786 ex
3413 732 3638 802 mystico
3677 730 3935 785 sacriﬁcio
3967 748 3983 783 :

2405 820 2636 874 diximus
2674 821 2886 875 obsides
2938 832 3148 876 mutuos
3198 837 3260 877 ac
3301 822 3518 892 pignora
3557 837 3655 875 nos
3693 822 3926 875 retinere
3967 837 3983 874 :

2405 924 2616 965 causam
2661 911 2956 965 addidimus
2981 953 2995 977 ,
3047 912 3116 966 ob
3157 928 3314 983 quam
3355 913 3558 966 sublata
3602 927 3740 966 nunc
3789 920 3915 966 sunt
3952 926 3984 966 e

2407 1001 2580 1054 medio
2623 1002 2768 1070 signa
2799 1018 2812 1053 :
2844 1002 3101 1056 tremendi
3125 1013 3303 1071 postea
3330 1001 3518 1068 judicii
3555 1003 3862 1056 memoriam
3887 1017 3979 1056 τεά

2404 1093 2734 1155 novavimus,
2759 1107 2820 1146 ac
2844 1107 3026 1146 eorum
3053 1093 3142 1161 qui
3183 1103 3306 1147 tunc
3347 1094 3656 1160 aperiuntur
3700 1092 3978 1156 librorum,

2404 1191 2456 1234 et
2480 1182 2924 1250 quemadmodum
2969 1182 3144 1236 omnia
3191 1193 3403 1252 peccata
3443 1193 3618 1238 nostra
3647 1185 3979 1251 perscriban-

2403 1281 2489 1325 tur
2519 1290 2531 1325 :
2561 1272 2892 1327 ostendimus
2917 1288 3099 1327 rursus
3124 1289 3188 1328 ea
3216 1274 3402 1336 deleri,
3435 1274 3479 1327 si
3508 1273 3751 1328 velimus.
3772 1273 3976 1327 Horum

2403 1363 2640 1416 omnium
2689 1363 3078 1427 recordamini;
3131 1365 3173 1417 si
3223 1380 3350 1419 vero
3395 1365 3510 1418 ﬁeri
3558 1380 3662 1418 non
3704 1375 3874 1433 potest
3917 1373 3976 1420 ut

2402 1453 2659 1518 omnium,
2685 1455 2946 1507 sermonis
2979 1454 3116 1508 illius
3143 1454 3208 1508 de
3234 1454 3380 1508 libris
3399 1455 3633 1508 omnium
3656 1455 3772 1509 loco
3793 1469 3970 1510 recor-

2401 1542 2620 1608 damini,
2647 1553 2699 1597 et
2745 1558 3090 1613 quaecumque
3134 1544 3532 1613 responderitis,
3580 1554 3845 1613 tamquam
3871 1545 3975 1598 ha—

2402 1633 2570 1687 beatis
2616 1649 2757 1698 eum,
2792 1634 2878 1702 qui
2917 1634 3072 1698 adsit,
3101 1642 3155 1688 et
3183 1649 3242 1688 ea
3275 1636 3487 1696 scribat,
3521 1635 3590 1689 ita
3618 1645 3769 1689 caute
3800 1636 3974 1702 loqui-

2402 1723 2550 1785 mini,
2581 1738 2642 1776 ac
2671 1738 2881 1790 semper
2909 1734 3176 1778 recentem
3209 1724 3396 1778 horum
3448 1727 3728 1780 verborum
3767 1741 3975 1780 memo-

2401 1815 2532 1866 riam
2561 1822 2873 1868 conservate
2902 1831 2913 1866 :
2944 1824 2997 1866 ut
3021 1829 3203 1868 eorum
3234 1816 3469 1884 quidem,
3506 1831 3731 1884 quorum
3761 1817 3975 1871 nomina

2400 1903 2590 1970 scripta
2616 1912 2740 1955 sunt
2767 1904 2816 1956 iu
2843 1903 3277 1971 librojuslorum,
3309 1914 3450 1959 recte
3483 1904 3740 1959 factorum
3786 1921 3975 1961 nume-

2399 2009 2515 2048 rum
2559 1996 2829 2062 augeatis;
2891 2011 3114 2063 quorum
3160 2006 3336 2050 autem
3377 1997 3538 2049 multa
3585 1998 3710 2051 inibi
3759 2006 3976 2066 peccata

2400 2095 2522 2139 sunt
2537 2087 2754 2154 scripta,
2777 2085 2860 2139 hic
2877 2101 2938 2140 ea
2957 2086 3165 2140 nemine
3182 2089 3384 2142 sciente
3406 2087 3646 2142 delentes
3662 2087 3973 2158 divulgatio—

2398 2189 2517 2227 nem
2564 2175 2703 2228 illam
2744 2174 3074 2244 elfugiamus.
3122 2176 3415 2230 Possumus
3450 2177 3612 2241 enim,
3645 2185 3699 2230 ut
3725 2176 3974 2257 ostendi-

2398 2280 2535 2328 mus,
2584 2265 2820 2318 adhibito
2866 2265 3062 2330 studio,
3097 2266 3340 2334 precibus
3367 2308 3381 2331 ,
3434 2281 3496 2320 ac
3541 2255 3762 2320 ferventi
3804 2266 3974 2321 devo-

2398 2356 2558 2415 tione,
2590 2370 2708 2423 qua:
2735 2354 2930 2422 scripta
2971 2365 3114 2420 sunt,
3143 2357 3320 2408 omnia
3362 2365 3576 2424 peccata
3619 2355 3816 2410 delere.
3861 2355 3976 2410 Hoc

2395 2442 2550 2511 igitur
2589 2442 2773 2510 quovis
2823 2452 3058 2509 tempore
3091 2443 3414 2507 studeamus,
3447 2453 3503 2497 ut
3527 2458 3646 2498 cum
3677 2445 3801 2498 illuc
3830 2443 3975 2499 abie-

2395 2533 2582 2595 rimus,
2612 2533 2838 2600 aliquam
2865 2532 3104 2587 obtinere
3143 2535 3349 2587 veniam
3393 2537 3675 2603 possimus,
3705 2546 3757 2589 et
3786 2550 3974 2592 omnes

2396 2622 2748 2676 inexorabiles
2772 2637 2954 2691 pinnas
2978 2623 3207 2692 ell‘ugere
3238 2643 3249 2676 :
3282 2625 3470 2693 quibus
3499 2641 3595 2681 nos
3627 2616 3827 2680 utinam
3853 2642 3973 2682 oma

2397 2727 2491 2766 nes
2543 2713 2801 2766 liberatos
2846 2730 3064 2782 regnum
3108 2715 3357 2768 ca-lorum
3396 2715 3635 2770 obtinere
3673 2717 3970 2786 contingat,

2392 2805 2556 2871 gratia
2585 2811 2636 2856 et
2664 2803 2983 2872 benignitate
3011 2803 3213 2858 Domini
3247 2805 3412 2858 nostri
3437 2805 3560 2859 Jesu
3597 2805 3811 2871 Christi,
3849 2820 3974 2859 cum

2393 2909 2496 2962 quo
2519 2893 2656 2947 Patri
2685 2902 2737 2945 et
2764 2893 2976 2960 Spiritui
2999 2902 3181 2947 sancto
3217 2895 3407 2962 gloria,
3440 2896 3629 2960 honor,
3659 2895 3960 2963 imperium,-

2398 3001 2535 3038 nunc
2556 2993 2608 3038 et
2629 2998 2857 3050 semper,
2885 2992 2937 3036 et
2963 2983 3013 3036 in
3046 2985 3236 3038 satcula
3266 2985 3600 3039 sa-culorum.
3634 2986 3822 3039 Amen.

1574 3162 1731 3242 DE
1785 3155 2224 3243 SANCTA
2280 3150 3045 3240 PENTECOSTE.

2033 3293 2639 3372 «amem»

1342 3431 1555 3474 nOMlLIA
1573 3435 1607 3473 n
1630 3418 1724 3488 (a).

787 3506 836 3562 Ι.
874 3508 1166 3563 Pentecoste
1202 3513 1489 3578 metropolis
1529 3515 1786 3579 festorum.
1817 3540 1886 3550 ——
1913 3509 2092 3577 Magna
2124 3519 2246 3562 sunt
2269 3548 2284 3572 ,

713 3593 1072 3658 dilectissimi,
1107 3613 1201 3651 nec
1229 3592 1333 3650 ulla
1379 3605 1597 3665 possunt
1623 3598 1847 3651 humana
1875 3598 2111 3651 oratione
2135 3613 2286 3652 com-

715 3684 990 3751 prehendi,
1016 3701 1132 3752 quae
1158 3685 1307 3740 nobis
1335 3687 1587 3741 hodierno
1612 3685 1697 3743 die
1723 3703 1751 3742 a
1780 3685 2156 3757 benignissimo
2179 3689 2286 3742 Deo

713 3777 973 3844 impertita
1009 3788 1129 3830 sunt
1158 3777 1313 3830 dona.
1346 3779 1696 3846 Quamobrem
1725 3795 1908 3834 omnes
1934 3782 2286 3834 communiter

711 3866 1066 3934 gaudeamus.
1098 3878 1151 3922 et
1183 3866 1356 3922 Iretitia
1385 3870 1709 3924 exsultantes
1737 3870 2013 3925 Dominum
2046 3881 2282 3925 nostrum

715 3951 1006 4010 laudemus.
1036 3957 1311 4011 Festivitas
1338 3960 1476 4015 enim
1508 3960 1852 4029 publicusque
1876 3969 2163 4015 conventus
2191 3976 2285 4014 no-

713 4043 796 4100 bis
816 4054 896 4100 est
917 4045 1028 4101 dies
1049 4046 1354 4102 hodiernus.
1379 4049 1508 4103 Nam
1531 4050 1970 4119 quemadmodum
1992 4049 2042 4104 in
2065 4057 2287 4121 quatuor

712 4137 837 4191 anni
877 4147 1244 4208 tempestatum
1274 4155 1336 4196 ac
1373 4143 1715 4196 solstitiorum
1746 4142 2105 4196 vicissitudine
2133 4142 2286 4196 alteri

711 4229 946 4282 succedit
986 4229 1150 4283 altera
1180 4248 1193 4283 :
1223 4231 1298 4284 sic
1328 4233 1572 4285 nimirum
1611 4241 1666 4286 et
1709 4234 1760 4286 in
1803 4232 2036 4286 Ecclesia
2080 4232 2286 4286 Domini

712 4313 968 4371 festivitas
995 4318 1118 4372 dum
1151 4315 1416 4373 festivitati
1443 4321 1708 4386 succedit,
1739 4321 1803 4375 ad
1833 4337 1951 4376 sese
1981 4333 2162 4374 mutuo
2187 4336 2284 4375 nos

713 4407 1091 4461 transmittunt.
1137 4407 1312 4477 Nuper
1351 4410 1523 4478 itaque
1561 4409 1753 4465 festum
1780 4411 1962 4465 Crucis
1994 4412 2283 4466 celebravi-

714 4509 868 4560 mus,
914 4495 1217 4560 Passionis,
1261 4497 1706 4563 Resurrectionis,
1742 4516 1802 4554 ac
1841 4500 2032 4555 deinde
2076 4501 2281 4556 Domini

713 4586 878 4638 nostri
906 4585 1029 4639 Jesu
1059 4587 1250 4641 Christi
1283 4588 1332 4641 in
1364 4589 1519 4642 cmlos
1546 4591 1848 4655 Ascensus;
1879 4590 2034 4644 hodie
2073 4591 2282 4645 tandem

711 4673 776 4726 ad
804 4675 971 4744 ipsum
998 4676 1204 4731 culmen
1233 4677 1489 4731 bonorum
1523 4680 1752 4747 provecti
1783 4695 1992 4747 sumus,
2021 4682 2084 4735 ad
2117 4683 2283 4752 ipsam

713 4767 1045 4834 metropolim
1093 4767 1344 4822 festorum
1384 4771 1682 4835 evasimus,
1729 4771 1794 4825 ad
1841 4772 2062 4826 fructum
2110 4775 2282 4843 ipsum

713 4855 990 4910 dominico
1039 4859 1400 4925 promissionis
1439 4861 1792 4932 pervenimus.
1825 4861 1886 4917 Si
1919 4865 2048 4916 enim
2078 4865 2245 4916 abiero
2266 4907 2281 4929 ,

716 4949 916 5018 inquit,
945 4967 1032 5020 ego
1060 4951 1215 5004 alium
1247 4950 1566 5008 Paracletum
1587 4955 1774 5006 mittam
1807 4955 1960 5020 vobis,
1991 4963 2037 5008 et
2074 4973 2172 5008 non
2203 4973 2282 5009 re-

711 5039 934 5109 linquam
962 5059 1046 5094 vos
1077 5043 1326 5111 orphanos
1353 5045 1542 5109 (Joan.
1575 5044 1658 5098 16.
1690 5046 1753 5114 7)
1802 5046 1997 5098 Videtis
2026 5049 2282 5100 sollicitu-

712 5130 933 5184 dinem?
976 5133 1164 5186 videtis
1208 5134 1524 5189 inell'abilem
1565 5135 1973 5204 benignitatem?
2015 5140 2149 5190 Ante
2190 5141 2285 5191 hos

710 5222 825 5278 dies
855 5224 905 5276 in
933 5226 1118 5276 cadum
1140 5225 1407 5290 ascendit,
1441 5227 1638 5294 regium
1673 5227 1916 5280 thronum
1954 5229 2170 5296 recepit,
2202 5243 2285 5283 se-

712 5314 830 5368 dem
861 5313 925 5366 ad
963 5312 1134 5368 Patris
1168 5314 1437 5369 dexteram
1479 5317 1840 5384 recuperavit;
1866 5328 1916 5372 et
1948 5318 2104 5370 hodie
2135 5318 2285 5372 nobis

713 5403 878 5456 sancti
918 5402 1142 5471 Spiritus
1179 5404 1460 5459 adventum
1501 5406 1754 5475 largitur,
1788 5422 1848 5460 ac
1886 5423 1979 5476 per
2017 5409 2186 5476 ipsum
2219 5409 2285 5465 de

712 5493 856 5547 cii-lis
903 5507 1150 5549 sexcenta
1195 5495 1346 5550 nobis
1392 5500 1526 5551 bona
1574 5500 1891 5568 suppeditat.
1928 5500 2060 5568 Quid
2102 5502 2281 5561 enim,

713 5597 894 5651 quaeso
913 5625 930 5650 ,
958 5599 1140 5638 eorum
1166 5624 1181 5649 ,
1211 5587 1400 5654 Quibus
1433 5587 1575 5640 salus
1606 5597 1781 5642 nostra
1813 5589 2111 5642 continetur
2130 5629 2144 5655 ,
2180 5606 2282 5644 non

719 5695 1061 5810 “(gl
1073 5710 1183 5748 cum
1206 5704 1310 5748 llas.
1333 5705 1449 5762 Reg.
1483 5695 1618 5758 £970,
1661 5698 1804 5760 2027,
1829 5699 1968 5759 2030,
1987 5698 2125 5760 2414,
2141 5701 2281 5761 2899,

2395 3428 2488 3481 per
2511 3411 2761 3479 Spiritum
2785 3411 3141 3479 dispensatum
3165 3420 3245 3466 est
3269 3411 3465 3466 nobis?
3492 3427 3587 3481 per
3611 3412 3778 3481 ipsum
3802 3428 3828 3465 a
3852 3427 3970 3469 scr»

2393 3501 2557 3554 vitutc
2587 3501 2890 3564 liberamur,
2919 3500 2970 3552 in
3009 3501 3301 3555 libertatem
3332 3516 3601 3566 vocamur,
3636 3503 3686 3555 in
3724 3503 3969 3571 adoptio-

2395 3607 2513 3644 nem
2545 3589 2886 3655 deducimur,
2917 3605 2978 3643 ac
3014 3591 3187 3644 denuo
3208 3633 3219 3652 ,
3250 3602 3306 3644 ut
3346 3593 3412 3644 ita
3453 3592 3652 3654 dicam,
3689 3592 3966 3662 lingiinur,

2391 3695 2551 3749 grave
2583 3678 2927 3746 fuatidumque
2971 3689 3302 3746 peccatorum
3330 3697 3463 3734 onus
3489 3682 3798 3751 deponimus
3829 3701 3841 3736 :
3871 3699 3970 3752 per

2391 3769 2645 3838 Spiritum
2682 3776 2918 3822 sanetum
2955 3770 3284 3823 sacerdotum
3321 3774 3586 3825 cernimus
3613 3772 3835 3833 choros,
3863 3774 3968 3828 do-

2390 3869 2594 3914 ctorum
2641 3859 2854 3912 ordines
2897 3857 3152 3913 habemus
3186 3878 3196 3911 :
3232 3861 3298 3913 ab
3343 3860 3442 3914 hoc
3483 3861 3626 3915 fonte
3665 3872 3877 3917 manant
3909 3874 3968 3919 et

2391 3952 2764 4005 revelationnm
2793 3952 3133 4013 donationes,
3163 3961 3215 4005 et
3239 3952 3419 4020 gratia:
3448 3953 3757 4016 sanitatum;
3792 3965 3846 4008 et
3875 3971 3966 4009 re-

2389 4040 2530 4108 liqua
2559 4041 2730 4092 omnia
2753 4080 2767 4104 ,
2799 4040 2986 4106 quibus
3017 4039 3250 4093 Ecclesia
3284 4041 3372 4094 Dei
3413 4041 3754 4096 condecorari
3785 4045 3962 4108 solet,

2392 4128 2513 4182 inde
2541 4137 2871 4197 promuntur.
2904 4129 3012 4181 Hoc
3048 4129 3174 4181 illud
3213 4140 3293 4183 est
3315 4171 3330 4193 ,
3359 4131 3496 4200 quod
3536 4134 3726 4186 clamat
3771 4134 3968 4191 Paulus

2391 4217 2474 4273 his
2501 4221 2697 4276 verbis.
2737 4219 2860 4273 Ηωε
2893 4222 3060 4273 omnia
3090 4233 3324 4288 operatur
3349 4239 3475 4276 mnis
3503 4235 3650 4292 atque
3684 4225 3815 4278 idem
3842 4225 3972 4296 Spi‘

2389 4306 2544 4372 ritus,
2576 4309 2799 4361 dividens
2825 4311 3056 4377 privatim
3081 4311 3308 4380 singulis,
3338 4323 3481 4379 prout
3508 4314 3693 4381 tntilli
3725 4313 3840 4368 Cor.
3873 4315 3963 4369 l2.

2394 4396 2483 4464 Η)
2511 4413 2524 4448 :
2553 4406 2707 4465 prout
2735 4398 2859 4460 vult,
2892 4398 3081 4466 inquit,
3110 4415 3211 4451 non
3244 4408 3397 4466 prout
3419 4400 3632 4467 jubetur
3661 4420 3673 4454 :
3699 4403 3962 4464 dividens,

2389 4501 2494 4540 non
2537 4487 2766 4550 divisus;
2809 4499 3076 4542 auctorem
3123 4504 3180 4542 se
3221 4491 3491 4558 praebens,
3527 4510 3627 4546 non
3667 4497 3965 4550 auctoritati

2391 4580 2680 4648 subjectus.
2713 4582 2964 4636 Eamdcm
2987 4584 3178 4652 quippe
3208 4592 3541 4652 potestatem,
3566 4604 3719 4656 quam
3753 4591 3963 4644 Patrem

2392 4668 2583 4725 habere
2628 4680 2847 4725 testatus
2888 4679 3005 4736 est,
3041 4672 3175 4726 hanc
3209 4685 3259 4729 et
3295 4675 3507 4740 Spiritui
3551 4689 3732 4732 sancto
3773 4681 3965 4734 Paulus

2389 4759 2640 4812 attribuit.
2676 4759 2743 4812 Et
2768 4761 3208 4829 quemadmodum
3237 4764 3301 4818 de
3333 4766 3488 4820 Patre
3514 4767 3659 4825 dicit.
3692 4769 3824 4824 Deus
3848 4787 3966 4824 vero

2389 4864 2478 4916 est,
2505 4856 2588 4923 qui
2616 4865 2851 4922 aperatur
2875 4858 3039 4910 omnia
3067 4858 3119 4909 in
3151 4859 3376 4911 omnibus
3403 4861 3476 4926 (l.
3502 4859 3612 4914 Cor.
3650 4861 3730 4914 12.
3763 4863 3820 4932 6)
3848 4883 3859 4915 :
3885 4865 3966 4919 sic

2387 4947 2456 4997 de
2481 4944 2677 5014 Spiritu
2713 4957 2895 5000 sancto
2915 4988 2928 5011 ,
2961 4947 3084 5001 Ηιεσ
3118 4954 3284 5002 omnia
3305 4994 3318 5014 ,
3348 4952 3544 5020 inquit,
3571 4963 3808 5018 ορενιιικν
3835 4972 3967 5011 unus

2390 5044 2533 5102 atque
2574 5035 2704 5087 idem
2746 5036 2968 5106 Spiritus
2989 5079 3001 5102 ,
3030 5039 3253 5093 dividens
3288 5041 3518 5108 privatim
3546 5043 3786 5112 singulis,
3818 5057 3967 5114 prout

2391 5127 2490 5176 vult
2519 5123 2694 5196 (Ibid.
2736 5140 2784 5180 υ.
2819 5129 2871 5180 Η
2904 5128 2942 5194 ).
2975 5128 3153 5182 \‘idcn’
3183 5141 3236 5183 tu
3277 5130 3562 5198 perfectam
3607 5142 3918 5202 potestatem
3945 5137 3969 5189 ἲ

2389 5214 2621 5281 Quorum
2654 5219 2792 5271 enim
2822 5229 3007 5271 natura
3037 5229 3118 5273 est
3148 5237 3268 5286 una,
3306 5223 3443 5277 haud
3473 5224 3686 5279 dubium
3712 5229 3835 5294 quin
3867 5242 3966 5281 eo-

2389 5319 2506 5357 rum
2552 5320 2652 5357 una
2692 5307 2760 5359 sit
2795 5308 3080 5362 auctoritas
3109 5327 3122 5361 :
3150 5319 3204 5364 et
3235 5327 3456 5380 quorum
3497 5316 3712 5383 aequalis
3749 5308 3975 5371 honoris

2388 5404 2470 5447 est
2495 5398 2760 5464 majestas,
2789 5413 2970 5452 eorum
2993 5409 3046 5453 et
3071 5401 3235 5454 virtus
3264 5418 3326 5455 ac
3350 5413 3583 5472 ponestas
3607 5413 3688 5460 est
3712 5422 3833 5460 una.
3863 5406 3966 5461 Per

2390 5483 2530 5536 hunc
2557 5497 2886 5553 peccatorum
2919 5489 3281 5544 remissionem
3311 5492 3632 5547 obtinuimus
3659 5511 3672 5546 :
3703 5511 3797 5563 per
3824 5495 3967 5553 hunc

2388 5574 2573 5630 sordes
2602 5589 2787 5638 omnes
2814 5577 3157 5631 abstersimus
3187 5597 3199 5633 :
3231 5596 3323 5640 per
3353 5581 3504 5650 hujus
3531 5581 3865 5639 donationem
3897 5601 3965 5642 ex

2389 5665 2690 5719 hominibus
2717 5668 2888 5736 angeli
2920 5668 3040 5722 lacti
3076 5685 3258 5725 sumus
3283 5712 3296 5736 ,
3323 5674 3409 5741 qui
3439 5673 3503 5740 ad
3531 5673 3750 5742 gratiam
3780 5690 3966 5730 accur-

2391 5755 2555 5810 rimus
2579 5800 2591 5824 ,
2621 5774 2724 5814 non
2751 5769 2933 5814 natura
2961 5763 3143 5815 mutati
3169 5803 3185 5828 ,
3212 5763 3303 5819 sed
3333 5765 3472 5834 quod
3501 5764 3668 5822 multo
3693 5779 3775 5821 cst
3805 5769 3971 5823 inira-
