4206 6308
248 371 352 429 ιθτ

249 495 484 568 σταυροῦ
532 499 846 567 σχισάντων
882 498 1034 567 αὐτὸ,
1066 499 1209 555 ὥστε
1254 503 1505 570 γενέσθαι
1545 505 1837 577 ἄχρηστον.

260 580 398 633 Ἀλλ’
429 581 613 632 ἐκεῖνα
665 581 770 650 μὲν
814 582 998 654 χάριτι
1039 584 1134 636 καὶ
1173 584 1556 658 φιλανθρωπίᾳ
1606 588 1705 658 τῆς
1747 586 1840 641 τοῦ

252 662 663 733 παυρωθέντος
691 665 931 736 Χριστοῦ
975 666 1158 736 ἰσχύος
1198 667 1374 722 πάντα
1401 669 1716 740 ἐξήλειπται
1739 687 1752 700 ·
1774 669 1845 723 τὰ

248 745 481 827 δὲμετά
514 746 578 827 τὸ
626 745 913 819 βάπτισμα
958 748 1160 821 πολλῆς
1192 750 1382 822 χρείαν
1421 751 1535 822 ἔχει
1581 751 1842 821 σπουδῆς,

250 826 393 880 ὥστε
430 826 816 899 ἐξαλειφθῆναι
849 830 1266 904 πάλιν.Ἐπειδὴ
1298 834 1426 905 μηδ’
1447 835 1565 887 ἐστι
1592 835 1845 905 δεύτερον

249 908 495 979 λουτρὸν,
535 908 671 963 ἀλλά
716 912 828 965 τῶν
875 913 1126 984 δακρύων
1157 915 1329 970 δεῖται
1375 915 1486 970 τῶν
1533 912 1841 987 ἡμετέρων,

254 990 571 1062 μετανοίας,
602 992 1065 1065 ἐξομολογήσεως,
1096 994 1489 1069 ἐλεημοσύνης,
1528 996 1715 1070 εὐχῆς,
1751 1000 1845 1052 καὶ

249 1074 355 1143 τῆς
379 1074 548 1146 ἄλλης
580 1076 799 1147 ἀπάσης
825 1079 1109 1143 εὐλαϐείας
1130 1096 1143 1109 '
1173 1078 1317 1135 οὕτω
1349 1082 1446 1135 καὶ
1483 1081 1622 1152 μετά
1652 1082 1715 1135 τὸ
1750 1081 1846 1152 βά-

252 1173 471 1227 πτισμα
518 1157 907 1230 ἐκκαθαίρεται
940 1161 1317 1233 ἁμαρτήματα
1348 1162 1487 1233 μετά
1521 1164 1679 1217 πόνου
1717 1164 1847 1217 πολέ-

251 1237 348 1291 λοῦ
386 1240 485 1292 καὶ
516 1242 785 1311 καμάτου.
826 1244 1013 1298 Πᾶσαν
1044 1244 1221 1299 τοίνυν
1248 1245 1648 1316 ἐπιδειξώμεθα
1677 1263 1845 1299 σπου-

250 1320 369 1390 δὴν,
406 1321 549 1374 ὥστε
582 1322 723 1376 αύτά
751 1323 1027 1394 ἐξαλεῖψαι
1052 1326 1323 1393 ἐντεῦθεν,
1352 1330 1446 1382 καὶ
1472 1327 1732 1398 αἰσχύνης
1752 1328 1847 1381 καὶ

251 1404 354 1482 τῆς
388 1403 665 1467 κολάσεως
688 1406 1070 1477 ἀπαλλαγῆναι
1100 1410 1202 1478 τῆς
1227 1412 1364 1463 ἐκεῖ.
1390 1412 1506 1466 Κάν
1536 1411 1645 1481 γὰρ
1678 1411 1849 1482 μυρία

250 1480 406 1553 ὦμεν
430 1487 837 1557 ἡμαρτηκότες,
859 1490 925 1542 ἀν
954 1490 1226 1561 ἐθέλωμεν
1257 1480 1847 1565 δυνησόμεθαάπαντα

253 1568 427 1620 ταῦτα
462 1569 762 1622 ἀποθέσθαι
799 1570 907 1623 τῶν
929 1572 1344 1644 ἁμαρτημάτων
1370 1576 1440 1629 τά
1469 1576 1683 1647 φορτία.
1713 1576 1849 1629 Βου-

253 1648 513 1721 ληθῶμεν
540 1652 719 1703 τοίνυν
744 1667 758 1681 ’
796 1651 976 1722 πολλῷ
1004 1656 1113 1726 γὰρ
1148 1655 1352 1724 βέλτιον
1387 1659 1583 1729 μικρὸν
1615 1659 1849 1713 ἐνταῦθα

252 1733 598 1801 πονήσαντας
657 1734 1032 1805 ἀπαραιτήτου
1090 1737 1364 1802 κολάσεως
1419 1740 1845 1813 ἀπαλλαγῆναι,

254 1813 408 1885 [468]
451 1815 484 1885 ἢ
514 1815 604 1868 τὸν
630 1814 837 1887 βραχὺν
860 1816 1049 1872 τοῦτον
1080 1819 1504 1891 ῥᾳθυμήσαντας
1540 1824 1729 1893 χρόνον
1768 1825 1849 1887 εἰς

251 1896 355 1959 τάς
403 1897 708 1961 ἀθανάτους
752 1899 966 1964 ἐκείνας
1011 1902 1270 1971 ἐμπεσεῖν
1315 1905 1754 1977 τιμωρίας.Ὠρα
1791 1906 1849 1960 δὲ

252 1979 442 2033 λοιπὸν
487 1980 910 2049 ἀναλογίσασθαι
964 1984 1033 2037 τά
1082 1986 1349 2056 εἰρημένα
1375 2004 1389 2018 ·
1434 1989 1851 2060 ἐπετιμήσαμεν

252 2066 368 2125 τοῖς
408 2063 479 2115 δι’
502 2064 750 2117 ἐνιαυτοῦ
786 2066 946 2135 μόνον
972 2069 1456 2139 παραγινομένοις,
1492 2072 1573 2124 ὅτι
1599 2071 1698 2142 τὴν
1742 2090 1849 2142 μη-

253 2148 391 2215 τέρα
433 2148 733 2218 περιορῶσι
771 2151 1190 2222 γυμνουμένην·
1231 2154 1620 2224 ἀνεμνήσαμεν
1653 2155 1851 2217 αὐτοὺς

255 2229 502 2293 παλαιᾶς
534 2231 797 2301 ἱστορίας,
827 2234 921 2284 καὶ
968 2234 1212 2305 κατάρας
1244 2237 1339 2289 καὶ
1370 2237 1617 2305 εὐλογίας
1643 2252 1655 2264 ⁸
1690 2237 1850 2289 διελέ-

251 2312 466 2382 χθημεν
494 2312 622 2382 περὶ
642 2312 843 2383 ἑορτῶν
877 2314 1203 2380 Ἰουδαῖκῶν,
1229 2318 1323 2369 καὶ
1352 2319 1498 2381 τίνος
1526 2318 1712 2371 ἕνεκεν
1733 2318 1853 2387 τρὶς

251 2396 347 2448 τοῦ
378 2395 628 2449 ἐνιαυτοῦ
660 2396 875 2449 κελεύει
912 2399 1039 2462 τοὺς
1073 2400 1358 2465 Ἰουδαίους
1386 2401 1674 2469 φαίνεσθαι
1702 2402 1853 2473 αὑτῷ

250 2482 284 2531 ὁ
304 2477 437 2542 Θεός
455 2494 472 2510 ·
507 2478 736 2551 εἴπομεν
762 2482 844 2535 ὅτι
874 2482 1034 2553 ἑορτὴ
1067 2482 1360 2548 διαπαντός
1388 2486 1505 2539 ἐστι
1534 2486 1626 2538 καὶ
1648 2486 1856 2556 Πεντηο

252 2562 442 2631 κοστὴ,
470 2563 567 2615 καὶ
606 2563 821 2634 Πάσχα,
850 2566 943 2619 καὶ
978 2567 1300 2635 Ἐπιφάνεια
1318 2585 1332 2599 ⁶
1371 2568 1597 2640 εἴπομεν
1625 2570 1708 2622 ὅτι
1736 2570 1856 2640 ἐορ-

249 2645 352 2713 τὴν
387 2646 636 2709 συνειδὸς
663 2649 808 2700 ποιεῖ
840 2647 1095 2719 καθαρὸν,
1127 2650 1224 2720 οὐχ
1255 2651 1475 2723 ἡμερῶν
1519 2652 1613 2705 καὶ
1646 2654 1854 2723 χρόνων

250 2728 505 2799 περίοδος
526 2748 540 2761 ο
583 2730 700 2799 μετ’
725 2732 904 2785 ἐκεῖνο
930 2730 1199 2804 ἐξέϐημεν
1230 2733 1322 2785 ἐπὶ
1366 2734 1434 2786 τὰ
1465 2734 1612 2806 δῶρα
1630 2736 1701 2787 τά
1723 2736 1857 2789 ἀνω-

250 2811 343 2862 θεν
394 2812 837 2882 κατενεχθέντα·
916 2814 1141 2885 εἴπομεν
1195 2817 1277 2869 ὅτι
1328 2817 1673 2889 καταλλαγῆς
1735 2819 1853 2870 ἐστι

248 2893 409 2945 τοῦτο
445 2896 680 2964 σημεῖον
700 2910 714 2925 °
746 2895 1030 2967 ἐδείξαμεν
1060 2898 1143 2953 ὅτι
1176 2899 1407 2981 πάρεστι
1447 2899 1669 2970 Πνεῦμα
1700 2899 1855 2967 ἁγιον

286 3089 345 3097 h

1214 3099 2403 3113 ~—._.—f_——-—_—~—*-—.—~__-m-
2424 3102 2577 3108 ...ρ-.-μ
2594 3103 2703 3108 --κκ-
2724 3102 2755 3107 ατ

1153 333 1158 336 ’
1270 371 1360 428 οε
1395 368 1664 431 sanan
1698 368 2178 429 PENTECOSTE.
2220 366 2453 425 ιιοιιιι..
2488 361 2554 420 ιι.

3440 363 3547 419 ωιί

1950 489 2039 543 διὰ
2069 489 2167 562 τῆς
2195 487 2446 558 ἀφέσεως
2473 484 2581 539 τῶν
2610 480 3045 556 ἁμαρτημάτων,
3073 480 3164 536 διά
3191 480 3290 552 τῆς
3317 476 3549 553 ἀποκρίο
3600 482 3607 489 “

1954 592 2092 639 σεως
2112 576 2212 645 τῆς
2240 573 2376 644 πρὸς
2399 571 2490 625 τὸν
2518 569 2775 645 ποιμένα,
2801 567 2891 621 διά
2912 567 3004 621 τοῦ
3024 566 3184 635 λόγου
3206 566 3305 635 τῆς
3330 567 3545 635 σοφίας,

1952 658 2047 711 καὶ
2083 642 2185 728 τῆς
2210 642 2488 726 γνώσεως,
2522 652 2613 705 διὰ
2645 642 2768 705 ’τῶν
2812 645 3177 722 χειροτονιῶν,
3208 648 3298 702 διὰ
3323 649 3425 719 τῆς
3453 650 3549 702 θυ-

1952 741 2073 804 σίας
2108 742 2207 811 τῆς
2243 739 2549 807 μυστικῆς’
2588 736 2815 805 εἴπομεν
2854 735 2936 788 ὅτι
2965 733 3149 805 ὅμηρα
3181 732 3425 804 ἀλλήλων
3452 734 3550 786 καὶ

1950 824 2185 895 ἐνέχυρα
2212 822 2517 892 κατέχομεν
2542 836 2553 847 ·
2585 817 2898 889 προσέθηκα
2908 824 3007 887 μεν
3036 816 3135 887 τὴν
3173 816 3375 878 αἰτίαν,
3394 815 3462 876 δι’
3483 816 3551 886 ἣν

1952 908 2022 961 τὰ
2055 909 2257 978 σημεῖα
2289 905 2559 975 ἀνῄρηται
2587 902 2681 955 νῦν
2720 902 2785 954 ἐκ
2831 900 2925 953 τοῦ
2964 899 3131 970 μέσου
3154 917 3166 930 ’
3207 899 3346 970 μετά
3375 897 3550 951 ταῦτα

1955 994 2343 1061 ἀνεμνήσαμεν
2372 988 2466 1040 τοῦ
2501 984 2734 1056 φοϐεροῦ
2761 984 3137 1054 δικαστηρίου,
3168 985 3265 1038 καὶ
3294 984 3403 1037 τῶν
3427 983 3550 1036 τότε

1954 1066 2320 1143 ἀνοιγομένων
2342 1070 2588 1141 βιϐλίων,
2611 1068 2705 1121 καὶ
2727 1068 2809 1120 ὅτι
2837 1067 3016 1120 πάντα
3034 1066 3195 1137 ἡμῶν
3212 1067 3550 1136 ἐγγράφεται

1953 1155 2019 1209 τὰ
2047 1155 2423 1226 ἁμαρτήματα
2442 1171 2455 1184 ·
2487 1151 2853 1221 ἀπεδείξαμεν
2874 1150 2957 1204 ὅτι
2991 1150 3332 1218 ἐξαλείφεται
3361 1148 3545 1211 πάλιν,

1952 1239 2050 1293 καὶ
2082 1240 2149 1292 ἂν
2179 1238 2444 1307 θέλωμεν.
2475 1235 2660 1289 Ταῦτα
2689 1234 2869 1287 πάντα
2918 1232 3202 1304 μέμνησθε
3222 1248 3237 1263 °
3288 1234 3337 1285 εἰ
3383 1231 3440 1285 δὲ
3473 1232 3548 1303 μὴ

1953 1320 2176 1375 δυνατὸν
2220 1320 2419 1383 πάντα,
2450 1319 2571 1371 ἀντὶ
2605 1317 2825 1371 πάντων
2856 1315 2952 1369 τοῦ
2989 1318 3118 1389 περὶ
3167 1315 3277 1368 τῶν
3315 1314 3550 1409 βιϐλίων

1958 1403 2237 1475 μέμνησθε
2260 1402 2418 1470 λόγου
2440 1418 2454 1432 ·
2483 1401 2578 1453 καὶ
2608 1400 2787 1453 πάντα
2828 1400 2927 1452 ὅσα
2953 1400 3019 1452 ἂν
3044 1398 3441 1469 ἀποκρίνηῖςθε,
3474 1398 3552 1459 ὡς

1956 1485 2169 1556 ἔχοντες
2217 1486 2307 1537 τὸν
2363 1484 2712 1554 παρεστῶτα,
2750 1485 2843 1535 καὶ
2876 1482 3179 1551 γράφοντα,
3208 1481 3349 1534 οὕτω
3378 1480 3549 1551 φθέγ-

1956 1568 2117 1637 γεσθε
2155 1568 2295 1639 μετά
2328 1567 2649 1635 ἀσφαλείας,
2684 1566 2779 1619 καὶ
2812 1566 3103 1634 κατέχετε·
3124 1564 3418 1628 διαπαντὸς
3465 1567 3553 1617 ἐν-

1957 1652 2277 1721 ακμάζοντα
2300 1653 2366 1721 τῇ
2405 1650 2594 1720 μνήμῃ
2622 1650 2712 1702 τὸν
2737 1649 2896 1717 λόγον
2930 1648 3149 1701 τοῦτον·
3181 1648 3269 1701 ἵνα
3297 1649 3346 1702 οί
3376 1648 3474 1718 μὲν
3494 1650 3553 1701 ἐν

1956 1738 2022 1806 τῇ
2061 1735 2227 1805 βίϐλῳ
2258 1735 2366 1787 τῶν
2407 1734 2631 1786 δικαίων
2657 1732 3102 1803 ἐγγεγραμμένοι
3132 1731 3406 1801 προσθῆτε
3436 1734 3553 1795 τοῖς

1952 1819 2397 1891 κατορθώμασιν,
2433 1819 2483 1870 οἰ
2532 1817 2590 1869 δέ
2638 1817 2809 1869 πολλὰ
2857 1816 3072 1886 ἔχοντες
3124 1815 3555 1886 ἐγγεγραμμένα

1953 1903 2170 1973 ἀμαρτή
2180 1919 2349 1971 ματα,
2370 1899 2777 1968 ἀπαλείψαντες
2801 1899 2941 1951 αύτά
2966 1896 3205 1950 ἐνταῦθα
3232 1897 3445 1959 οὐδενὸς
3475 1898 3555 1949 εἰ-

1950 1984 2121 2047 δότος,
2151 1982 2560 2053 ἀπαλλαγῶμεν
2591 1983 2688 2051 τῆς
2715 1982 2778 2052 δη
2790 1974 3120 2051 μοσιεύσεως
3168 1980 3406 2049 ἐκείνης.
3440 1979 3554 2033 Καὶ

1951 2067 2061 2137 γὰρ
2103 2055 2348 2131 δυνατὸν,
2397 2064 2579 2128 καθὼς
2612 2063 2997 2134 ἀπεδείξαμεν,
3043 2063 3131 2116 διὰ
3171 2064 3409 2133 σπουδῆς
3456 2064 3555 2116 καὶ

1953 2150 2265 2220 προσευχῆς
2288 2149 2386 2202 καὶ
2424 2147 2710 2210 εὐλαϐείας
2735 2146 3133 2217 ἐπιτεταμένης
3161 2146 3459 2214 ἀπαλεῖψαι
3485 2146 3555 2198 τά

1951 2232 2385 2301 ἐγγεγραμμένα
2409 2232 2782 2301 ἁμαρτήματα
2814 2229 3048 2282 ἅπαντα.
3076 2227 3248 2281 Τοῦτο
3266 2228 3444 2281 τοίνυν
3466 2227 3556 2281 διὰ

1956 2313 2153 2376 παντὸς
2182 2311 2577 2383 σπουδάζοιμεν
2604 2311 2700 2364 τοῦ
2718 2311 2951 2383 ’χρόνου,
2981 2311 3067 2363 ἵνα
3094 2311 3420 2372 ἀπελθόντες
3440 2313 3556 2363 ἐκεῖ

1953 2395 2271 2465 δυνηθῶμέν
2297 2412 2441 2458 τινος
2468 2394 2802 2464 συγγνώμης
2834 2397 3038 2461 τυχεῖν,
3075 2394 3169 2446 καὶ
3211 2394 3414 2456 πάντες
3441 2395 3557 2445 ἀπ·-

1955 2479 2285 2549 αραιτήτους
2306 2481 2500 2547 φυγεῖν
2523 2478 2775 2540 κολάσεις
2797 2494 2810 2507 ·
2841 2470 2917 2529 ὧν
2940 2477 3151 2543 γένοιτο
3173 2476 3382 2539 πάντας
3406 2478 3557 2546 ἡμᾶς

1954 2561 2367 2629 ἀπαλλαγέντας
2400 2561 2807 2631 καταξιωθῆναι
2832 2560 2930 2629 τῆς
2956 2560 3237 2628 βασιλείας
3264 2560 3372 2613 τῶν
3391 2560 3557 2630 ούρα-

1916 2694 1937 2709 ,
1956 2643 2082 2707 νῶν,
2112 2644 2297 2715 χάριτι
2332 2646 2425 2697 καὶ
2468 2642 2853 2714 φιλανθρωπίᾳ.
2878 2640 2974 2694 τοῦ
3005 2642 3213 2713 Κυρίου
3258 2644 3415 2714 ἡμῶν
3448 2646 3556 2714 Ἰη-

1958 2727 2052 2780 σοῦ
2093 2727 2353 2800 Χριστοῦ,
2395 2728 2512 2797 μεθ*
2533 2720 2595 2780 οῦ
2624 2726 2701 2796 τῷ
2730 2726 2927 2796 Πατρί,
2961 2726 3077 2795 ἄμα
3100 2725 3177 2796 τῷ
3203 2727 3344 2797 ἁγίῳ
3378 2729 3552 2780 Πνεύ-

1960 2828 2108 2882 ματι,
2138 2811 2283 2876 δόξα,
2316 2813 2539 2881 κράτος,
2580 2811 2737 2881 τιμὴ,
2765 2809 2861 2863 νῦν
2899 2810 2992 2863 καὶ
3026 2810 3134 2876 ἀεὶ,
3169 2811 3261 2863 καὶ
3301 2812 3381 2875 είς
3426 2813 3555 2876 τοὺς

1957 2891 2160 2956 αἰῶνας
2188 2893 2295 2947 τῶν
2326 2893 2557 2946 αἰώνων.
2576 2895 2769 2965 Ἀμην.

2776 3102 2923 3109 ν-η-υα
2936 3102 3279 3111 --ν--υ-...μσ

3420 3101 3518 3113 ...-.,

1353 3249 1462 3301 ΕΙΣ
1501 3247 1647 3303 ΤΗΝ
1684 3247 1892 3301 AI‘IAN
1933 3248 2458 3304 ΠΕΝΤΗΚΟΣΤΠΝ

903 3465 1136 3535 Ὀμιλία
1160 3467 1242 3531 β’.

325 3556 395 3603 α’.
418 3547 680 3617 Μεγάλα,
696 3547 992 3619 ἀγαπητοὶ,
1016 3551 1110 3603 καὶ
1134 3549 1314 3604 πάντα
1334 3551 1493 3618 λόγον
1513 3549 1849 3625 ἀνθρώπινον

250 3631 661 3704 ὕπιρϐαίνσντα
698 3631 769 3685 τά
811 3634 1047 3703 σήμερον
1074 3634 1204 3703 ἡμῖν
1238 3634 1551 3705 δωρηθέντα
1586 3634 1736 3705 παρά
1755 3634 1847 3689 τοῦ

258 3714 647 3787 φιλανθρώπου
703 3714 837 3769 Θεοῦ
883 3717 1215 3787 χαρίσματαο
1244 3718 1334 3771 διά
1369 3735 1452 3771 τοι
1498 3717 1654 3771 τοῦτο
1683 3721 1847 3789 ικοινῇ

258 3801 461 3863 ⁴πάντες
490 3799 793 3871 χαίρωμεν,
829 3800 924 3853 καὶ
973 3801 1300 3871 σκιρτῶντες
1328 3803 1730 3873 ἀνυμνήσωμεν
1758 3802 1849 3856 τὸν

250 3884 532 3953 ἡμέτερον
554 3882 851 3954 Δεσπότην.
885 3883 1076 3953 Ἐορτὴ
1102 3884 1210 3954 γάρ
1243 3886 1377 3955 ἡμῖν
1414 3886 1511 3938 καὶ
1543 3886 1850 3957 πανήγυρις

254 3969 291 4035 ἡ
325 3967 567 4037 σήμερον
610 3965 815 4035 ἡμέρα.
867 3966 1079 4029 Ὠσπερ
1118 3969 1227 4038 γὰρ
1264 3969 1357 4021 ἐπὶ
1398 3967 1499 4037 τῆς
1548 3968 1657 4020 τῶν
1689 3968 1848 4040 ὡρῶν

257 4047 356 4100 καὶ
394 4047 507 4103 τῶν
554 4048 771 4119 τροπῶν
803 4047 1101 4119 ἐναλλαγῆς
1144 4049 1306 4125 ἐτέρα
1331 4050 1430 4120 τὴν
1468 4050 1657 4121 ἐτέραν
1694 4050 1847 4125 [469]

257 4129 602 4200 διαδέχεται,
650 4130 792 4191 οὕτω
828 4129 893 4201 δὴ
922 4131 1016 4183 καὶ
1052 4123 1287 4202 ἐπὶτῆς
1332 4132 1659 4203 Ἐκκλησίας
1688 4123 1849 4206 ἐορτὴ

257 4212 459 4283 ἑορτὴν
488 4212 861 4282 διαδεχομένη,
897 4210 1070 4274 οὕτως
1111 4215 1257 4283 ἡμᾶς
1290 4216 1371 4278 εἰς
1408 4216 1645 4285 ἀλλήλας
1674 4234 1851 4286 παρα-

258 4294 566 4362 πέμπουσι.
599 4293 838 4363 Πρῴηνι
863 4294 959 4363 μὲν
985 4289 1077 4347 οῦν
1098 4296 1454 4367 ἐωρτάσαμεν
1482 4298 1572 4352 τὸν
1597 4298 1848 4370 σταυρὸν,

258 4376 323 4429 τὸ
361 4375 553 4438 πάθος,
585 4377 684 4446 τὴν
717 4376 1034 4439 ἀνάστασιν,
1079 4379 1218 4449 μετὰ
1244 4381 1417 4433 ταῦτα
1449 4381 1549 4453 τὴν
1581 4383 1661 4445 είς
1684 4384 1850 4453 ούρα-

258 4460 356 4513 νδν
384 4459 569 4513 ἄνοδον
591 4458 684 4511 τοῦ
710 4458 917 4530 Κυρίου
935 4460 1090 4530 ἡμῶν
1124 4462 1300 4532 Ἰησοῦ
1322 4463 1580 4533 Χριστοῶ
1612 4466 1852 4535 σήμερον

260 4542 319 4594 δὲ
350 4541 533 4594 λοιπὸν
554 4542 633 4604 είς
654 4541 786 4595 αὐτὸ
808 4541 869 4595 τὸ
895 4542 1045 4605 τέλος
1065 4544 1276 4615 ὑπηντή
1286 4561 1458 4616 ταμεν
1476 4545 1582 4599 τῶν
1607 4546 1852 4614 ἀγαθῶν,

260 4628 347 4688 εἰς
390 4624 561 4694 αὐτὴν
605 4625 703 4695 τὴν
745 4625 1078 4697 μητρόπολιν
1126 4626 1443 4697 ἐφθάσαμεν
1473 4628 1580 4680 τῶν
1624 4628 1848 4699 ἑορτῶν,

259 4709 347 4771 εἰς
375 4706 539 4759 αὐτὸν
564 4708 654 4760 τὸν
687 4709 897 4780 καρπὸν
932 4709 1349 4781 παρεγενόμεθα
1390 4711 1489 4780 τῆς
1523 4709 1616 4763 τοῦ
1643 4712 1851 4782 Κυρίου

259 4790 618 4857 ἐπαγγελίας.
667 4791 946 4861 Ἐὰντγὰρ
980 4792 1239 4857 ἀπέλθω,
1267 4792 1453 4862 φησὶν,
1481 4794 1617 4863 ἐγὼ,
1658 4795 1854 4849 ἄλλον

262 4872 663 4939 Παρὰκλητον
700 4873 916 4942 πέμψω
943 4873 1105 4942 ὑμῖν,
1145 4872 1245 4927 καὶ
1281 4879 1393 4928 οὐκ
1440 4876 1658 4944 ἀφήσω
1696 4876 1854 4947 ὑμᾶς

260 4954 592 5021 ὀρφανούς.
632 4956 815 5008 Εῖδετε
851 4955 1208 5026 κηδεμονίαν;
1241 4956 1408 5009 εἴδετε
1440 4958 1853 5032 φιλανθρωπίαν

260 5036 502 5102 ἇφατονς
550 5038 662 5108 Πρὸ
688 5038 893 5091 τούτων
930 5038 1039 5092 τῶν
1073 5039 1294 5109 ἡμερῶν
1318 5040 1545 5111 ἀνῆλθεν
1578 5045 1656 5106 εἰς
1690 5043 1854 5114 ούρα-

261 5120 378 5179 νὸν,
408 5119 497 5172 τὸν
532 5119 807 5189 βασιλικὸν
846 5121 1072 5173 ἀνέλαϐε
1106 5121 1314 5193 θρόνον,
1335 5124 1434 5194 τὴν
1474 5126 1532 5177 ἐν
1565 5125 1716 5197 δεξιᾷ
1752 5125 1846 5180 τοῦ

246 5203 479 5273 ’Πατρὸς
508 5204 780 5275 καθέδραν
826 5206 1117 5276 ἀπείληφε,
1157 5207 1252 5259 καὶ
1301 5208 1540 5278 σήμερον
1574 5212 1704 5280 ἡμῖν
1750 5210 1849 5281 τὴν

260 5286 558 5357 ἐπιδημίαν
581 5287 675 5339 τοῦ
699 5289 1013 5359 Πνεύματος
1032 5288 1127 5342 τοῦ
1156 5290 1309 5358 ἁγίου
1336 5290 1640 5361 χαρίζεται,
1669 5294 1763 5346 καὶ
1782 5294 1847 5346 δι’

260 5368 429 5421 αὑτοῦ
457 5368 526 5421 τὰ
558 5370 727 5439 μυρία
773 5372 904 5442 ἡμῖν
932 5371 1040 5424 ἀπὸ
1067 5372 1173 5424 τῶν
1204 5373 1446 5443 οὐρανῶν
1471 5376 1650 5442 ἀγαθά
1686 5394 1849 5446 χορη·

258 5456 371 5519 γεῖ.
409 5453 473 5505 Τί
496 5451 623 5522 γὰρ,
647 5453 767 5506 εἰπέ
800 5471 908 5522 μοι,
938 5454 1045 5507 τῶν
1070 5457 1420 5525 συνεχόντων,
1447 5458 1545 5527 τὴν
1574 5459 1846 5529 σωτηρίαν

256 5536 365 5603 τὴν
397 5535 668 5605 ἡμετέραν
722 5537 843 5605 οὐχὶ
876 5536 966 5589 διὰ
995 5537 1087 5589 τοῦ
1124 5539 1439 5608 Πνεύματος
1480 5541 1610 5610 ἡμῖν
1641 5542 1841 5611 ᾠκονό-

258 5634 434 5688 μηται
455 5634 471 5681 ;
504 5618 590 5673 διὰ
613 5616 805 5670 τούτου
825 5619 1068 5681 δουλείας
1093 5620 1566 5692 ἀπαλλαττόμεθα,
1595 5626 1674 5685 εἰς
1698 5624 1846 5675 ἐλευ-

324 5724 350 5751 ³
378 5722 458 5770 Sic
496 5736 685 5788 omnes_
709 5736 846 5788 πιεςη
877 5724 1060 5788 melius
1084 5738 1231 5787 quam
1278 5726 1402 5776 editi
1424 5728 1629 5788 πρῶτον.
1657 5727 1846 5777 Fronlo

257 5784 471 5835 auqu
487 5787 654 5849 πρώην
674 5785 855 5846 legisse
872 5787 1068 5832 videtur

583 5876 860 5934 ιδριτιιοι.
908 5874 1026 5937 Gn.
1074 5874 1143 5938 L.

1958 3469 2142 3540 θερίαν
2168 3468 2498 3540 καλούμεθα,
2530 3469 2610 3531 είς
2638 3465 2914 3521 υἱοθεσίαν
2940 3465 3277 3536 ἀναγόμεθα,
3303 3466 3398 3519 καὶ
3414 3466 3554 3520 ἄνω-

1958 3553 2069 3617 θεν,
2098 3553 2174 3616 ὡς
2198 3554 2392 3617 εἰπεῖν,
2417 3551 2891 3621 ἀναπλαττόμεθα,
2924 3549 2985 3603 τὸ
3011 3548 3150 3620 βαρὺ
3190 3551 3286 3603 καὶ
3313 3548 3552 3612 δυσῶδες

1956 3635 2066 3690 τῶν
2121 3637 2539 3707 ἁμαρτημάτων
2604 3632 2825 3705 φορτίον
2874 3631 3270 3703 ἀποτιθέμεθα’
3319 3632 3409 3686 διὰ
3453 3630 3551 3683 τοῦ

1957 3719 2275 3788 Πνεύματος
2313 3718 2407 3772 τοῦ
2456 3718 2614 3787 ἁγίου
2663 3716 2854 3789 ίερέων
2895 3714 3166 3785 βλέπομεν
3213 3715 3429 3785 χοροὺς,
3465 3712 3548 3765 διο

1956 3802 2239 3856 δασκάλων
2265 3802 2461 3874 ἔχομεν
2491 3803 2770 3871 τάγματα·
2808 3799 2918 3854 ἀπὸ
2945 3800 3043 3869 τῆς
3077 3797 3327 3851 ἐντεῦθεν
3368 3799 3562 3869 πηγῆς

1957 3885 2054 3940 καὶ
2081 3885 2475 3955 ἀποκαλύψεων
2514 3883 2736 3956 δωρεαὶ,
2778 3883 2875 3936 καὶ
2926 3883 3173 3952 ἰαμάτων
3210 3881 3547 3953 χαρίσματα·

1957 3969 2052 4023 καὶ
2077 3967 2147 4022 τά
2191 3967 2355 4022 λοιπά
2391 3969 2568 4023 πάντα
2590 4008 2605 4033 ,
2643 3968 2746 4021 ὅσα
2780 3966 2881 4038 τὴν
2918 3966 3249 4035 Ἐκκλησίαν
3286 3964 3379 4017 τοῦ
3415 3965 3552 4019 Θεοῦ

1959 4054 2185 4122 κοσμεῖν
2221 4052 2432 4117 είωθεν,
2463 4049 2714 4105 ἐντεῦθεν
2738 4049 2848 4119 ἔχει
2872 4048 2970 4118 τὴν
3000 4049 3287 4118 χορηγίαν.
3319 4046 3427 4101 Καὶ
3452 4048 3553 4117 βοᾷ.

1958 4134 2170 4197 Παῦλος
2198 4133 2393 4201 λέγων’
2440 4131 2633 4187 Ταῦτα
2664 4131 2861 4185 πάντα
2887 4129 3114 4200 ἐνεργεῖ
3150 4129 3218 4183 τὸ
3254 4128 3326 4184 ἐν
3358 4129 3456 4182 καὶ
3484 4130 3553 4182 τὸ

1958 4215 2107 4271 αὐτὸ
2135 4217 2397 4285 Πνεῦμα,
2428 4216 2702 4284 διαιροῦν
2733 4215 2854 4282 ἰδίᾳ
2889 4212 3127 4280 ἑκάστῳ
3163 4214 3359 4279 καθὼς
3398 4213 3529 4276 ,βοή-ι

1957 4301 2145 4353 λεῖαι.
2176 4298 2374 4363 Καθὼς
2397 4297 2667 4368 βούλεται,
2688 4298 2873 4367 φησὶν,
2900 4298 2961 4349 οὐ
3000 4294 3181 4358 καθὼς
3216 4296 3553 4367 προστάττε-

1960 4398 2068 4433 ται*
2111 4382 2373 4453 διαιροῦν,
2406 4383 2467 4435 ού
2512 4381 2910 4452 διαιρούμενον⁸
2960 4377 3274 4442 αύΟεντοῦν,
3320 4379 3421 4431 οὐκ
3450 4378 3551 4430 αὑ·-

1962 4464 2147 4535 θεντία
2171 4464 2550 4535 ὑποκείμενον.
2588 4465 2699 4536 Τὴν
2733 4461 2842 4531 γὰρ
2871 4462 3042 4533 αὐτὴν
3071 4460 3342 4525 ἐξουσίαν,
3372 4463 3551 4533 ἤνπερ

1960 4550 2311 4619 ἐμαρτύρησε
2338 4548 2415 4619 τῷ
2456 4547 2653 4617 Πατρί,
2687 4546 2893 4614 ταύτην
2943 4546 3035 4598 καὶ
3078 4543 3157 4614 τῷ
3202 4545 3342 4615 ἁγίῳ
3380 4544 3553 4622 Πνεύς

1966 4648 2094 4702 ματι
2128 4630 2447 4701 ἀνατίθησιν
2483 4632 2510 4681 ὁ
2541 4629 2772 4691 Παῦλος.
2808 4629 2920 4682 Καὶ
2959 4628 3150 4699 ῶσπερ
3183 4629 3276 4680 ἐπὶ
3305 4628 3399 4680 τοῦ
3434 4628 3550 4680 Πα-

1961 4713 2087 4783 τρός
2112 4730 2294 4784 φησιν’
2342 4714 2395 4765 '0
2428 4712 2497 4765 δὲ
2525 4714 2665 4778 Θεός
2696 4713 2869 4765 ἐστιν
2902 4714 2934 4765 ὀ
2960 4710 3220 4780 ἐνεργῶν
3250 4710 3322 4763 τὰ
3353 4709 3551 4763 ,πάντα

1954 4797 2025 4849 ἐν
2055 4797 2264 4859 πᾶσιν,
2296 4794 2437 4848 οὕτω
2460 4795 2554 4847 καὶ
2576 4796 2669 4847 ἐπὶ
2693 4794 2786 4847 τοῦ
2810 4794 2965 4861 ἁγίου
2991 4793 3328 4863 Πνεύματος
3360 4792 3551 4846 Ταῦτα

1955 4878 2024 4931 δὲ
2056 4877 2274 4943 πάντα,
2304 4879 2487 4948 φησὶν,
2512 4878 2742 4946 ἐνεργεῖ
2764 4877 2831 4930 τὸ
2861 4876 2931 4930 ἓν
2956 4876 3057 4930 καί
3085 4877 3151 4929 τὸ
3177 4875 3325 4929 αὐτύ
3358 4878 3473 4927 [Ire
3486 4876 3551 4927 ἶ·-

1952 4978 2059 5031 μα,
2096 4962 2367 5030 διαιροῦν
2402 4962 2521 5027 ἰδίᾳ
2561 4960 2796 5025 ἑκάστῳ
2828 4960 3021 5025 καθὼς
3050 4959 3360 5024 βούλεται.
3398 4955 3550 5020 Εἶδες

1956 5044 2372 5115 ἀπηρτισμένην
2398 5043 2681 5109 ἐξουσίαν;
2720 5039 2822 5121 ῘΩν
2852 5044 2961 5113 γάρ
2996 5044 3029 5112 ἡ
3059 5043 3216 5095 οὐσία
3252 5041 3366 5111 μία,
3391 5041 3548 5111 δῆλον

1955 5129 2040 5181 ὃτι
2077 5129 2170 5182 καὶ
2200 5130 2231 5198 ἡ
2265 5128 2519 5181 αύθεντία
2551 5128 2667 5197 μία·
2698 5120 2791 5179 καὶ
2821 5120 2895 5178 ὧν
2930 5126 3170 5194 ἰσότιμος
3195 5126 3225 5193 ἡ
3251 5123 3398 5188 ἀξία,
3426 5124 3551 5175 τούς

1954 5230 2060 5264 των
2095 5213 2233 5281 καὶή
2269 5210 2497 5281 δύναμις
2526 5211 2619 5263 καὶ
2648 5212 2680 5278 ἡ
2712 5207 3199 5277 ἐξουσίαμίαώιὰ
3227 5206 3417 5259 τούτου
3450 5205 3546 5276 τὴιρ

1954 5295 2273 5365 ἀπαλλαγὴν
2307 5293 2414 5346 τῶν
2444 5294 2861 5364 ἁμαρτημάτων
2895 5291 3198 5363 εὑράμεθα·
3233 5290 3319 5343 διὰ
3352 5288 3543 5340 τούτου

1955 5381 2132 5431 πᾶσαν
2164 5378 2356 5448 κηλῖδα
2386 5377 2841 5446 ἀπενιψάμεοαῦο
2873 5375 2962 5429 διὰ
2994 5378 3091 5445 τῆς
3113 5375 3303 5427 τούτου
3335 5372 3543 5442 δωρεᾶς

1952 5460 2010 5524 ἐξ
2036 5460 2336 5531 ἀνθρώπων
2370 5460 2590 5529 ἄγγελοι
2626 5460 2926 5528 γεγόναμεν
2965 5460 3012 5512 οἱ
3048 5461 3115 5529 τῇ
3152 5458 3332 5527 χάριτι
3367 5472 3541 5525 προσ-

1949 5544 2269 5613 δραμόντες,
2312 5544 2375 5596 ού
2416 5546 2515 5613 τὴν
2547 5543 2710 5611 φύσιν
2748 5541 3198 5613 μεταϐληθέντες,
3224 5540 3335 5592 ἀλλ’
3363 5537 3391 5589 ὃ
3412 5537 3543 5589 πολ,

1952 5624 2028 5694 λῴ
2050 5626 2487 5696 θαυμαστότερόν
2521 5628 2657 5694 ἐστι,
2700 5628 2950 5697 μένοντες
2986 5628 3043 5677 ἐν
3065 5628 3131 5695 τῇ
3165 5623 3323 5692 φύσει
3351 5623 3415 5691 τῇ
3448 5621 3542 5673 ἀν-

2016 5787 2044 5829 b
2070 5788 2193 5850 Reg.
2221 5802 2365 5848 unus,
2388 5788 2756 5852 ἀπερῥισξνὶμεπα.

3174 5868 3210 5923 Ξι
