  <div class='ocr_page' id='page_1' title='image "/cluster/home/n/w/nwhite01/storage/ocr_20150623/50/pst.000005712496/061.png"; bbox 0 0 4206 6318; ppageno 0'>
   <div class='ocr_carea' id='block_1_1' title="bbox 748 375 856 435">
    <p class='ocr_par' dir='ltr' id='par_1_1' title="bbox 748 375 856 435">
     <span class='ocr_line' id='line_1_1' title="bbox 748 375 856 435; baseline 0.009 -2"><span class='ocrx_word' id='word_1_1' title='bbox 748 375 856 435; x_wconf 67' lang='grc'>863</span> 
     </span>
    </p>
   </div>
   <div class='ocr_carea' id='block_1_2' title="bbox 750 462 2311 565">
    <p class='ocr_par' dir='ltr' id='par_1_2' title="bbox 750 462 2311 565">
     <span class='ocr_line' id='line_1_2' title="bbox 750 462 2311 565; baseline -0.014 -19"><span class='ocrx_word' id='word_1_2' title='bbox 750 462 997 563; x_wconf 81' lang='grc' dir='ltr'>θρωπίνῃ</span> <span class='ocrx_word' id='word_1_3' title='bbox 1019 486 1119 557; x_wconf 81' lang='grc' dir='ltr'>τὴν</span> <span class='ocrx_word' id='word_1_4' title='bbox 1155 484 1264 539; x_wconf 86' lang='grc' dir='ltr'>τῶν</span> <span class='ocrx_word' id='word_1_5' title='bbox 1295 486 1545 565; x_wconf 76' lang='grc' dir='ltr'>ἀγγέλων</span> <span class='ocrx_word' id='word_1_6' title='bbox 1575 483 1851 565; x_wconf 86' lang='grc' dir='ltr'>πολιτείαν</span> <span class='ocrx_word' id='word_1_7' title='bbox 1874 472 2311 565; x_wconf 74' lang='grc' dir='ltr'>ἰπιδεικνύμεθα.</span> 
     </span>
    </p>
   </div>
   <div class='ocr_carea' id='block_1_3' title="bbox 750 556 2317 640">
    <p class='ocr_par' dir='ltr' id='par_1_3' title="bbox 750 556 2317 640">
     <span class='ocr_line' id='line_1_3' title="bbox 750 556 2317 640; baseline -0.011 -12"><span class='ocrx_word' id='word_1_8' title='bbox 750 556 1104 640; x_wconf 15' lang='grc' dir='ltr'>Ἰίοιαύτηήγάρ</span> <span class='ocrx_word' id='word_1_9' title='bbox 1116 571 1149 640; x_wconf 75' lang='grc' dir='ltr'><strong>ἡ</strong></span> <span class='ocrx_word' id='word_1_10' title='bbox 1160 567 1255 623; x_wconf 92' lang='grc' dir='ltr'>τοῦ</span> <span class='ocrx_word' id='word_1_11' title='bbox 1266 556 1579 638; x_wconf 74' lang='grc' dir='ltr'>ἀγίουζΠνεύ</span> <span class='ocrx_word' id='word_1_12' title='bbox 1585 584 1750 639; x_wconf 89' lang='grc' dir='ltr'>ματος</span> <span class='ocrx_word' id='word_1_13' title='bbox 1769 562 2014 640; x_wconf 74' lang='grc' dir='ltr'>δύναμιςο</span> <span class='ocrx_word' id='word_1_14' title='bbox 2034 560 2128 615; x_wconf 76' lang='grc' dir='ltr'>καὶ</span> <span class='ocrx_word' id='word_1_15' title='bbox 2150 556 2317 640; x_wconf 69' lang='grc' dir='ltr'>καθά-</span> 
     </span>
    </p>
   </div>
   <div class='ocr_carea' id='block_1_4' title="bbox 751 638 2389 727">
    <p class='ocr_par' dir='ltr' id='par_1_4' title="bbox 751 638 2389 727">
     <span class='ocr_line' id='line_1_4' title="bbox 751 638 2389 727; baseline -0.008 -20"><span class='ocrx_word' id='word_1_16' title='bbox 751 671 860 727; x_wconf 78' lang='grc' dir='ltr'>περ</span> <span class='ocrx_word' id='word_1_17' title='bbox 892 638 1146 725; x_wconf 31' lang='grc' dir='ltr'>τδ-πῦρ-</span> <span class='ocrx_word' id='word_1_18' title='bbox 1172 652 1329 707; x_wconf 89' lang='grc' dir='ltr'>τοῦτο</span> <span class='ocrx_word' id='word_1_19' title='bbox 1375 653 1434 706; x_wconf 83' lang='grc' dir='ltr'>τὸ</span> <span class='ocrx_word' id='word_1_20' title='bbox 1465 638 1755 722; x_wconf 77' lang='grc' dir='ltr'>αἰσθητὸν,</span> <span class='ocrx_word' id='word_1_21' title='bbox 1799 638 2019 702; x_wconf 74' lang='grc' dir='ltr'>ἐπειδὰν</span> <span class='ocrx_word' id='word_1_22' title='bbox 2055 638 2319 727; x_wconf 35' lang='grc' dir='ltr'>λάϐῃ-τὸν</span> <span class='ocrx_word' id='word_1_23' title='bbox 2350 701 2389 727; x_wconf 24' lang='grc' dir='ltr'>,τ</span> 
     </span>
    </p>
   </div>
   <div class='ocr_carea' id='block_1_5' title="bbox 751 720 2384 808">
    <p class='ocr_par' dir='ltr' id='par_1_5' title="bbox 751 720 2384 808">
     <span class='ocr_line' id='line_1_5' title="bbox 751 720 2384 808; baseline -0.01 -17"><span class='ocrx_word' id='word_1_24' title='bbox 751 720 923 808; x_wconf 79' lang='grc' dir='ltr'>πηλὸν</span> <span class='ocrx_word' id='word_1_25' title='bbox 950 734 1043 790; x_wconf 77' lang='grc' dir='ltr'>τὸν</span> <span class='ocrx_word' id='word_1_26' title='bbox 1070 720 1468 805; x_wconf 84' lang='grc' dir='ltr'>διαλελυμένον,</span> <span class='ocrx_word' id='word_1_27' title='bbox 1489 720 1753 804; x_wconf 73' lang='grc' dir='ltr'>ὄστρακον</span> <span class='ocrx_word' id='word_1_28' title='bbox 1778 728 1994 801; x_wconf 73' lang='grc' dir='ltr'>ἰσχυρὸν</span> <span class='ocrx_word' id='word_1_29' title='bbox 2012 726 2174 781; x_wconf 78' lang='grc' dir='ltr'>αὐτὸν</span> <span class='ocrx_word' id='word_1_30' title='bbox 2192 725 2321 777; x_wconf 87' lang='grc' dir='ltr'>ἀπο-</span> <span class='ocrx_word' id='word_1_31' title='bbox 2350 720 2384 759; x_wconf 46' lang='grc'><strong><em>4</em></strong></span> 
     </span>
    </p>
   </div>
   <div class='ocr_carea' id='block_1_6' title="bbox 751 808 2319 888">
    <p class='ocr_par' dir='ltr' id='par_1_6' title="bbox 751 808 2319 888">
     <span class='ocr_line' id='line_1_6' title="bbox 751 808 2319 888; baseline -0.008 -19"><span class='ocrx_word' id='word_1_32' title='bbox 751 818 1041 873; x_wconf 86' lang='grc' dir='ltr'>δείκνυσιν·</span> <span class='ocrx_word' id='word_1_33' title='bbox 1081 816 1224 883; x_wconf 71' lang='grc' dir='ltr'>αὔτω</span> <span class='ocrx_word' id='word_1_34' title='bbox 1246 816 1310 888; x_wconf 83' lang='grc' dir='ltr'>δὴ</span> <span class='ocrx_word' id='word_1_35' title='bbox 1343 816 1437 870; x_wconf 74' lang='grc' dir='ltr'>καὶ</span> <span class='ocrx_word' id='word_1_36' title='bbox 1466 815 1531 870; x_wconf 78' lang='grc' dir='ltr'>τὸ</span> <span class='ocrx_word' id='word_1_37' title='bbox 1554 812 1663 886; x_wconf 91' lang='grc' dir='ltr'>πῦρ</span> <span class='ocrx_word' id='word_1_38' title='bbox 1686 814 1779 869; x_wconf 89' lang='grc' dir='ltr'>τοῦ</span> <span class='ocrx_word' id='word_1_39' title='bbox 1805 812 2141 882; x_wconf 84' lang='grc' dir='ltr'>Πνεύματος,</span> <span class='ocrx_word' id='word_1_40' title='bbox 2168 808 2319 860; x_wconf 67' lang='grc' dir='ltr'>ἐπει-</span> 
     </span>
    </p>
   </div>
   <div class='ocr_carea' id='block_1_7' title="bbox 751 887 2320 974">
    <p class='ocr_par' dir='ltr' id='par_1_7' title="bbox 751 887 2320 974">
     <span class='ocr_line' id='line_1_7' title="bbox 751 887 2320 974; baseline -0.009 -20"><span class='ocrx_word' id='word_1_41' title='bbox 751 900 847 954; x_wconf 76' lang='grc' dir='ltr'>δὰν</span> <span class='ocrx_word' id='word_1_42' title='bbox 867 900 1005 974; x_wconf 75' lang='grc' dir='ltr'>λάϐῃ</span> <span class='ocrx_word' id='word_1_43' title='bbox 1031 900 1206 973; x_wconf 77' lang='grc' dir='ltr'>ψυχὴν</span> <span class='ocrx_word' id='word_1_44' title='bbox 1233 887 1572 971; x_wconf 79' lang='grc' dir='ltr'>εὐγνώμονα,</span> <span class='ocrx_word' id='word_1_45' title='bbox 1601 897 1705 953; x_wconf 83' lang='grc' dir='ltr'>κᾶν</span> <span class='ocrx_word' id='word_1_46' title='bbox 1743 896 1878 969; x_wconf 75' lang='grc' dir='ltr'>εὕρῃ</span> <span class='ocrx_word' id='word_1_47' title='bbox 1915 890 2087 963; x_wconf 89' lang='grc' dir='ltr'>πηλοῦ</span> <span class='ocrx_word' id='word_1_48' title='bbox 2123 887 2320 974; x_wconf 77' lang='grc' dir='ltr'>μᾶλλον</span> 
     </span>
    </p>
   </div>
   <div class='ocr_carea' id='block_1_8' title="bbox 752 972 2317 1056">
    <p class='ocr_par' dir='ltr' id='par_1_8' title="bbox 752 972 2317 1056">
     <span class='ocr_line' id='line_1_8' title="bbox 752 972 2317 1056; baseline -0.005 -21"><span class='ocrx_word' id='word_1_49' title='bbox 752 972 1171 1056; x_wconf 81' lang='grc' dir='ltr'>διαλελυμένην,</span> <span class='ocrx_word' id='word_1_50' title='bbox 1212 983 1429 1054; x_wconf 79' lang='grc' dir='ltr'>σιδήρου</span> <span class='ocrx_word' id='word_1_51' title='bbox 1475 979 1833 1053; x_wconf 81' lang='grc' dir='ltr'>στερροτέραν</span> <span class='ocrx_word' id='word_1_52' title='bbox 1865 975 2034 1046; x_wconf 78' lang='grc' dir='ltr'>αὐτὴν</span> <span class='ocrx_word' id='word_1_53' title='bbox 2072 972 2317 1045; x_wconf 86' lang='grc' dir='ltr'>ἀπεργά-</span> 
     </span>
    </p>
   </div>
   <div class='ocr_carea' id='block_1_9' title="bbox 754 1057 2321 1136">
    <p class='ocr_par' dir='ltr' id='par_1_9' title="bbox 754 1057 2321 1136">
     <span class='ocr_line' id='line_1_9' title="bbox 754 1057 2321 1136; baseline -0.009 -15"><span class='ocrx_word' id='word_1_54' title='bbox 754 1066 926 1130; x_wconf 71' lang='grc' dir='ltr'>ζεται*</span> <span class='ocrx_word' id='word_1_55' title='bbox 952 1067 1046 1120; x_wconf 84' lang='grc' dir='ltr'>καὶ</span> <span class='ocrx_word' id='word_1_56' title='bbox 1077 1067 1167 1120; x_wconf 82' lang='grc' dir='ltr'>τὸν</span> <span class='ocrx_word' id='word_1_57' title='bbox 1204 1065 1313 1136; x_wconf 83' lang='grc' dir='ltr'>πρὸ</span> <span class='ocrx_word' id='word_1_58' title='bbox 1341 1063 1538 1136; x_wconf 78' lang='grc' dir='ltr'><strong>μικροῦ</strong></span> <span class='ocrx_word' id='word_1_59' title='bbox 1565 1062 1643 1132; x_wconf 84' lang='grc' dir='ltr'>τῷ</span> <span class='ocrx_word' id='word_1_60' title='bbox 1670 1060 1912 1132; x_wconf 83' lang='grc' dir='ltr'>βορϐόρῳ</span> <span class='ocrx_word' id='word_1_61' title='bbox 1938 1057 2044 1111; x_wconf 89' lang='grc' dir='ltr'>τῶν</span> <span class='ocrx_word' id='word_1_62' title='bbox 2074 1057 2321 1127; x_wconf 81' lang='grc' dir='ltr'>ἁμαρτη-</span> 
     </span>
    </p>
   </div>
   <div class='ocr_carea' id='block_1_10' title="bbox 756 1138 2322 1222">
    <p class='ocr_par' dir='ltr' id='par_1_10' title="bbox 756 1138 2322 1222">
     <span class='ocr_line' id='line_1_10' title="bbox 756 1138 2322 1222; baseline -0.011 -16"><span class='ocrx_word' id='word_1_63' title='bbox 756 1151 941 1222; x_wconf 86' lang='grc' dir='ltr'>μάτων</span> <span class='ocrx_word' id='word_1_64' title='bbox 964 1146 1392 1221; x_wconf 81' lang='grc' dir='ltr'>μεμολυσμένον,</span> <span class='ocrx_word' id='word_1_65' title='bbox 1423 1146 1617 1218; x_wconf 91' lang='grc' dir='ltr'>ἀθρόον</span> <span class='ocrx_word' id='word_1_66' title='bbox 1647 1143 1740 1198; x_wconf 90' lang='grc' dir='ltr'>τοῦ</span> <span class='ocrx_word' id='word_1_67' title='bbox 1769 1143 1920 1214; x_wconf 79' lang='grc' dir='ltr'>ἡλίου</span> <span class='ocrx_word' id='word_1_68' title='bbox 1945 1138 2322 1212; x_wconf 87' lang='grc' dir='ltr'>λαμπρότερον</span> 
     </span>
    </p>
   </div>
   <div class='ocr_carea' id='block_1_11' title="bbox 755 1222 2323 1298">
    <p class='ocr_par' dir='ltr' id='par_1_11' title="bbox 755 1222 2323 1298">
     <span class='ocr_line' id='line_1_11' title="bbox 755 1222 2323 1298; baseline -0.01 -11"><span class='ocrx_word' id='word_1_69' title='bbox 755 1233 1117 1288; x_wconf 85' lang='grc' dir='ltr'>ἀναδείκνυσι.</span> <span class='ocrx_word' id='word_1_70' title='bbox 1145 1232 1255 1285; x_wconf 67' lang='grc' dir='ltr'>Καὶ</span> <span class='ocrx_word' id='word_1_71' title='bbox 1268 1227 1418 1284; x_wconf 89' lang='grc' dir='ltr'>τοῦτο</span> <span class='ocrx_word' id='word_1_72' title='bbox 1430 1225 1681 1282; x_wconf 80' lang='grc' dir='ltr'>διδάσκων</span> <span class='ocrx_word' id='word_1_73' title='bbox 1696 1225 1871 1298; x_wconf 72' lang='grc' dir='ltr'>ἡμᾶςὸ</span> <span class='ocrx_word' id='word_1_74' title='bbox 1881 1223 2024 1296; x_wconf 77' lang='grc'>[470]</span> <span class='ocrx_word' id='word_1_75' title='bbox 2058 1222 2323 1293; x_wconf 83' lang='grc' dir='ltr'>μακάριος</span> 
     </span>
    </p>
   </div>
   <div class='ocr_carea' id='block_1_12' title="bbox 755 1307 2321 1383">
    <p class='ocr_par' dir='ltr' id='par_1_12' title="bbox 755 1307 2321 1383">
     <span class='ocr_line' id='line_1_12' title="bbox 755 1307 2321 1383; baseline -0.008 -13"><span class='ocrx_word' id='word_1_76' title='bbox 755 1316 966 1379; x_wconf 79' lang='grc' dir='ltr'>Παῦλος</span> <span class='ocrx_word' id='word_1_77' title='bbox 1000 1315 1129 1369; x_wconf 78' lang='grc' dir='ltr'>ἐϐόα</span> <span class='ocrx_word' id='word_1_78' title='bbox 1158 1315 1349 1383; x_wconf 81' lang='grc' dir='ltr'>λέγων’</span> <span class='ocrx_word' id='word_1_79' title='bbox 1405 1313 1501 1380; x_wconf 76' lang='grc' dir='ltr'>Μὴ</span> <span class='ocrx_word' id='word_1_80' title='bbox 1549 1309 1881 1365; x_wconf 75' lang='grc' dir='ltr'>πλανᾶσθεο</span> <span class='ocrx_word' id='word_1_81' title='bbox 1912 1308 2050 1362; x_wconf 79' lang='grc' dir='ltr'>οὔτε</span> <span class='ocrx_word' id='word_1_82' title='bbox 2097 1307 2321 1373; x_wconf 75' lang='grc' dir='ltr'>πόρνοι,</span> 
     </span>
    </p>
   </div>
   <div class='ocr_carea' id='block_1_13' title="bbox 756 1388 2322 1466">
    <p class='ocr_par' dir='ltr' id='par_1_13' title="bbox 756 1388 2322 1466">
     <span class='ocr_line' id='line_1_13' title="bbox 756 1388 2322 1466; baseline -0.007 -13"><span class='ocrx_word' id='word_1_83' title='bbox 756 1396 922 1453; x_wconf 50' lang='lat' dir='ltr'>ob“?</span> <span class='ocrx_word' id='word_1_84' title='bbox 940 1398 1378 1466; x_wconf 75' lang='grc' dir='ltr'>είδωλολιίτραι,</span> <span class='ocrx_word' id='word_1_85' title='bbox 1431 1396 1570 1450; x_wconf 81' lang='grc' dir='ltr'>οὔτε</span> <span class='ocrx_word' id='word_1_86' title='bbox 1610 1392 1830 1463; x_wconf 77' lang='grc' dir='ltr'>μοιχοί,</span> <span class='ocrx_word' id='word_1_87' title='bbox 1872 1392 2010 1446; x_wconf 80' lang='grc' dir='ltr'>οὔτε</span> <span class='ocrx_word' id='word_1_88' title='bbox 2039 1388 2322 1458; x_wconf 78' lang='grc' dir='ltr'>μαλακοί,</span> 
     </span>
    </p>
   </div>
   <div class='ocr_carea' id='block_1_14' title="bbox 756 1471 2316 1551">
    <p class='ocr_par' dir='ltr' id='par_1_14' title="bbox 756 1471 2316 1551">
     <span class='ocr_line' id='line_1_14' title="bbox 756 1471 2316 1551; baseline -0.008 -14"><span class='ocrx_word' id='word_1_89' title='bbox 756 1482 896 1537; x_wconf 79' lang='grc' dir='ltr'>οὔτε</span> <span class='ocrx_word' id='word_1_90' title='bbox 940 1481 1371 1551; x_wconf 79' lang='grc' dir='ltr'>ἀρσενοκοῖται,</span> <span class='ocrx_word' id='word_1_91' title='bbox 1405 1479 1544 1534; x_wconf 82' lang='grc' dir='ltr'>οὔτε</span> <span class='ocrx_word' id='word_1_92' title='bbox 1584 1475 1960 1534; x_wconf 79' lang='grc' dir='ltr'>πλεονέκται.</span> <span class='ocrx_word' id='word_1_93' title='bbox 2011 1474 2148 1527; x_wconf 84' lang='grc' dir='ltr'>οὔτε</span> <span class='ocrx_word' id='word_1_94' title='bbox 2181 1471 2316 1525; x_wconf 80' lang='grc' dir='ltr'>κλέ-</span> 
     </span>
    </p>
   </div>
   <div class='ocr_carea' id='block_1_15' title="bbox 757 1556 2325 1634">
    <p class='ocr_par' dir='ltr' id='par_1_15' title="bbox 757 1556 2325 1634">
     <span class='ocr_line' id='line_1_15' title="bbox 757 1556 2325 1634; baseline -0.006 -16"><span class='ocrx_word' id='word_1_95' title='bbox 757 1577 917 1623; x_wconf 77' lang='grc' dir='ltr'>πται.</span> <span class='ocrx_word' id='word_1_96' title='bbox 944 1566 1082 1620; x_wconf 83' lang='grc' dir='ltr'>οὔτε</span> <span class='ocrx_word' id='word_1_97' title='bbox 1108 1564 1380 1634; x_wconf 80' lang='grc' dir='ltr'>μέθυσοι,</span> <span class='ocrx_word' id='word_1_98' title='bbox 1415 1563 1554 1617; x_wconf 84' lang='grc' dir='ltr'>οὕτε</span> <span class='ocrx_word' id='word_1_99' title='bbox 1578 1560 1859 1629; x_wconf 83' lang='grc' dir='ltr'><strong><em>λοίδοροι,</em></strong></span> <span class='ocrx_word' id='word_1_100' title='bbox 1902 1558 2040 1612; x_wconf 74' lang='grc' dir='ltr'>οὔτε</span> <span class='ocrx_word' id='word_1_101' title='bbox 2068 1556 2325 1624; x_wconf 78' lang='grc' dir='ltr'>ἅρπαγες</span> 
     </span>
    </p>
   </div>
   <div class='ocr_carea' id='block_1_16' title="bbox 752 1643 2329 1718">
    <p class='ocr_par' dir='ltr' id='par_1_16' title="bbox 752 1643 2329 1718">
     <span class='ocr_line' id='line_1_16' title="bbox 752 1643 2329 1718; baseline -0.011 -9"><span class='ocrx_word' id='word_1_102' title='bbox 752 1653 1077 1718; x_wconf 77' lang='grc' dir='ltr'>,βασιλείαν</span> <span class='ocrx_word' id='word_1_103' title='bbox 1120 1651 1269 1706; x_wconf 83' lang='grc' dir='ltr'><strong><em>Θεοῦ</em></strong></span> <span class='ocrx_word' id='word_1_104' title='bbox 1307 1648 1897 1718; x_wconf 76' lang='grc' dir='ltr'>κληρονομήσουσιν.</span> <span class='ocrx_word' id='word_1_105' title='bbox 1960 1644 2069 1698; x_wconf 73' lang='grc' dir='ltr'>Καὶ</span> <span class='ocrx_word' id='word_1_106' title='bbox 2127 1643 2329 1711; x_wconf 85' lang='grc' dir='ltr'>ἀπαρι-</span> 
     </span>
    </p>
   </div>
   <div class='ocr_carea' id='block_1_17' title="bbox 759 1723 2324 1807">
    <p class='ocr_par' dir='ltr' id='par_1_17' title="bbox 759 1723 2324 1807">
     <span class='ocr_line' id='line_1_17' title="bbox 759 1723 2324 1807; baseline -0.008 -19"><span class='ocrx_word' id='word_1_107' title='bbox 759 1735 1106 1807; x_wconf 88' lang='grc' dir='ltr'>θμησάμενος</span> <span class='ocrx_word' id='word_1_108' title='bbox 1146 1734 1363 1788; x_wconf 72' lang='grc' dir='ltr'>ἅπαντα</span> <span class='ocrx_word' id='word_1_109' title='bbox 1402 1732 1478 1795; x_wconf 83' lang='grc' dir='ltr'>ὡς</span> <span class='ocrx_word' id='word_1_110' title='bbox 1506 1734 1681 1785; x_wconf 74' lang='grc' dir='ltr'>εἰπεῖν</span> <span class='ocrx_word' id='word_1_111' title='bbox 1725 1730 1824 1799; x_wconf 85' lang='grc' dir='ltr'>τῆς</span> <span class='ocrx_word' id='word_1_112' title='bbox 1856 1726 2053 1789; x_wconf 79' lang='grc' dir='ltr'>κακίας</span> <span class='ocrx_word' id='word_1_113' title='bbox 2090 1724 2159 1778; x_wconf 87' lang='grc' dir='ltr'>τά</span> <span class='ocrx_word' id='word_1_114' title='bbox 2186 1723 2324 1792; x_wconf 80' lang='grc' dir='ltr'>εἴδη,</span> 
     </span>
    </p>
   </div>
   <div class='ocr_carea' id='block_1_18' title="bbox 760 1814 2328 1889">
    <p class='ocr_par' dir='ltr' id='par_1_18' title="bbox 760 1814 2328 1889">
     <span class='ocr_line' id='line_1_18' title="bbox 760 1814 2328 1889; baseline -0.009 -11"><span class='ocrx_word' id='word_1_115' title='bbox 760 1826 854 1878; x_wconf 82' lang='grc' dir='ltr'>καί</span> <span class='ocrx_word' id='word_1_116' title='bbox 879 1823 1113 1889; x_wconf 84' lang='grc' dir='ltr'>διδάξας,</span> <span class='ocrx_word' id='word_1_117' title='bbox 1151 1823 1233 1877; x_wconf 82' lang='grc' dir='ltr'>ὅτι</span> <span class='ocrx_word' id='word_1_118' title='bbox 1258 1824 1307 1875; x_wconf 83' lang='grc' dir='ltr'>οἰ</span> <span class='ocrx_word' id='word_1_119' title='bbox 1334 1821 1594 1882; x_wconf 86' lang='grc' dir='ltr'>τοιούτοις</span> <span class='ocrx_word' id='word_1_120' title='bbox 1630 1818 1916 1874; x_wconf 81' lang='grc' dir='ltr'>ὑπεύθυνοι</span> <span class='ocrx_word' id='word_1_121' title='bbox 1943 1814 2328 1886; x_wconf 79' lang='grc' dir='ltr'>ἁμαρτήμασιν</span> 
     </span>
    </p>
   </div>
   <div class='ocr_carea' id='block_1_19' title="bbox 759 1902 2322 1983">
    <p class='ocr_par' dir='ltr' id='par_1_19' title="bbox 759 1902 2322 1983">
     <span class='ocr_line' id='line_1_19' title="bbox 759 1902 2322 1983; baseline -0.008 -18"><span class='ocrx_word' id='word_1_122' title='bbox 759 1912 1027 1983; x_wconf 84' lang='grc' dir='ltr'><strong><em>ἀλλότριοι</em></strong></span> <span class='ocrx_word' id='word_1_123' title='bbox 1063 1913 1163 1982; x_wconf 77' lang='grc' dir='ltr'>τῆς</span> <span class='ocrx_word' id='word_1_124' title='bbox 1194 1909 1464 1981; x_wconf 80' lang='grc' dir='ltr'>βασιλείας</span> <span class='ocrx_word' id='word_1_125' title='bbox 1489 1908 1747 1977; x_wconf 88' lang='grc' dir='ltr'>γίνονται,</span> <span class='ocrx_word' id='word_1_126' title='bbox 1788 1903 1991 1982; x_wconf 79' lang='grc' dir='ltr'>εὐθέως</span> <span class='ocrx_word' id='word_1_127' title='bbox 2041 1902 2286 1972; x_wconf 78' lang='grc' dir='ltr'>ἐπήγαγε</span> <span class='ocrx_word' id='word_1_128' title='bbox 2309 1916 2322 1930; x_wconf 81' lang='grc'><em>’</em></span> 
     </span>
    </p>
   </div>
   <div class='ocr_carea' id='block_1_20' title="bbox 760 1976 2327 2065">
    <p class='ocr_par' dir='ltr' id='par_1_20' title="bbox 760 1976 2327 2065">
     <span class='ocr_line' id='line_1_20' title="bbox 760 1976 2327 2065; baseline -0.008 -12"><span class='ocrx_word' id='word_1_129' title='bbox 760 2000 869 2053; x_wconf 81' lang='grc' dir='ltr'>Καί</span> <span class='ocrx_word' id='word_1_130' title='bbox 899 1976 1085 2053; x_wconf 74' lang='grc' dir='ltr'>ταῦτά</span> <span class='ocrx_word' id='word_1_131' title='bbox 1118 1976 1294 2063; x_wconf 49' lang='grc' dir='ltr'>’τινες</span> <span class='ocrx_word' id='word_1_132' title='bbox 1335 1992 1461 2065; x_wconf 81' lang='grc' dir='ltr'>ἦτε,</span> <span class='ocrx_word' id='word_1_133' title='bbox 1504 1976 1649 2049; x_wconf 84' lang='grc' dir='ltr'><strong><em>ἀλλ’</em></strong></span> <span class='ocrx_word' id='word_1_134' title='bbox 1687 1976 2112 2048; x_wconf 70' lang='grc' dir='ltr'>ἀπελούσασθε</span> <span class='ocrx_word' id='word_1_135' title='bbox 2133 2030 2147 2051; x_wconf 91' lang='grc'>,</span> <span class='ocrx_word' id='word_1_136' title='bbox 2191 1987 2327 2042; x_wconf 75' lang='grc' dir='ltr'><strong><em>ἀλλ’</em></strong></span> 
     </span>
    </p>
   </div>
   <div class='ocr_carea' id='block_1_21' title="bbox 760 2075 2327 2155">
    <p class='ocr_par' dir='ltr' id='par_1_21' title="bbox 760 2075 2327 2155">
     <span class='ocr_line' id='line_1_21' title="bbox 760 2075 2327 2155; baseline -0.008 -15"><span class='ocrx_word' id='word_1_137' title='bbox 760 2086 1104 2155; x_wconf 74' lang='grc' dir='ltr'>ἡγιάσθητε,</span> <span class='ocrx_word' id='word_1_138' title='bbox 1132 2086 1269 2140; x_wconf 83' lang='grc' dir='ltr'><strong><em>ἀλλ’</em></strong></span> <span class='ocrx_word' id='word_1_139' title='bbox 1295 2084 1689 2150; x_wconf 77' lang='grc' dir='ltr'>ἐδικαιώθητε.</span> <span class='ocrx_word' id='word_1_140' title='bbox 1721 2080 1846 2144; x_wconf 87' lang='grc' dir='ltr'>Πῶς</span> <span class='ocrx_word' id='word_1_141' title='bbox 1871 2081 1961 2132; x_wconf 71' lang='grc' dir='ltr'>καὶ</span> <span class='ocrx_word' id='word_1_142' title='bbox 1983 2078 2086 2131; x_wconf 74' lang='grc' dir='ltr'>τίνι</span> <span class='ocrx_word' id='word_1_143' title='bbox 2108 2075 2327 2147; x_wconf 71' lang='grc' dir='ltr'>τρόπῳς</span> 
     </span>
    </p>
   </div>
   <div class='ocr_carea' id='block_1_22' title="bbox 764 2165 2331 2242">
    <p class='ocr_par' dir='ltr' id='par_1_22' title="bbox 764 2165 2331 2242">
     <span class='ocr_line' id='line_1_22' title="bbox 764 2165 2331 2242; baseline -0.005 -17"><span class='ocrx_word' id='word_1_144' title='bbox 764 2173 883 2225; x_wconf 86' lang='grc' dir='ltr'>εἰπέ</span> <span class='ocrx_word' id='word_1_145' title='bbox 901 2188 914 2203; x_wconf 77' lang='grc' dir='ltr'><strong><em>ο</em></strong></span> <span class='ocrx_word' id='word_1_146' title='bbox 948 2171 1102 2225; x_wconf 87' lang='grc' dir='ltr'>τοῦτο</span> <span class='ocrx_word' id='word_1_147' title='bbox 1134 2172 1242 2242; x_wconf 88' lang='grc' dir='ltr'>γάρ</span> <span class='ocrx_word' id='word_1_148' title='bbox 1268 2172 1385 2224; x_wconf 71' lang='grc' dir='ltr'>ἐστι</span> <span class='ocrx_word' id='word_1_149' title='bbox 1408 2172 1470 2223; x_wconf 84' lang='grc' dir='ltr'>τὸ</span> <span class='ocrx_word' id='word_1_150' title='bbox 1492 2169 1651 2241; x_wconf 81' lang='grc' dir='ltr'>ζητού</span> <span class='ocrx_word' id='word_1_151' title='bbox 1661 2185 1837 2240; x_wconf 88' lang='grc' dir='ltr'>μενον.</span> <span class='ocrx_word' id='word_1_152' title='bbox 1858 2169 1971 2219; x_wconf 82' lang='grc' dir='ltr'>-Ἑν</span> <span class='ocrx_word' id='word_1_153' title='bbox 1991 2166 2071 2232; x_wconf 84' lang='grc' dir='ltr'>τῷ</span> <span class='ocrx_word' id='word_1_154' title='bbox 2089 2165 2331 2233; x_wconf 81' lang='grc' dir='ltr'>ὀνόματι</span> 
     </span>
    </p>
   </div>
   <div class='ocr_carea' id='block_1_23' title="bbox 763 2246 2333 2329">
    <p class='ocr_par' dir='ltr' id='par_1_23' title="bbox 763 2246 2333 2329">
     <span class='ocr_line' id='line_1_23' title="bbox 763 2246 2333 2329; baseline -0.004 -17"><span class='ocrx_word' id='word_1_155' title='bbox 763 2260 869 2313; x_wconf 77' lang='grc' dir='ltr'>τοῦ</span> <span class='ocrx_word' id='word_1_156' title='bbox 888 2261 1105 2329; x_wconf 77' lang='grc' dir='ltr'>Κυρίου</span> <span class='ocrx_word' id='word_1_157' title='bbox 1145 2258 1347 2327; x_wconf 86' lang='grc' dir='ltr'>Ἰησοῦ</span> <span class='ocrx_word' id='word_1_158' title='bbox 1370 2257 1646 2329; x_wconf 83' lang='grc' dir='ltr'><strong><em>Χριστοῦ,</em></strong></span> <span class='ocrx_word' id='word_1_159' title='bbox 1671 2257 1823 2325; x_wconf 73' lang='grc' dir='ltr'>φησὶ,</span> <span class='ocrx_word' id='word_1_160' title='bbox 1846 2255 1943 2309; x_wconf 80' lang='grc' dir='ltr'>καί</span> <span class='ocrx_word' id='word_1_161' title='bbox 1963 2254 2032 2307; x_wconf 80' lang='grc' dir='ltr'><strong><em>ἐν</em></strong></span> <span class='ocrx_word' id='word_1_162' title='bbox 2052 2246 2134 2319; x_wconf 81' lang='grc' dir='ltr'>τῷ</span> <span class='ocrx_word' id='word_1_163' title='bbox 2157 2254 2333 2307; x_wconf 85' lang='grc' dir='ltr'>Πνεὺ-</span> 
     </span>
    </p>
   </div>
   <div class='ocr_carea' id='block_1_24' title="bbox 761 2341 2335 2418">
    <p class='ocr_par' dir='ltr' id='par_1_24' title="bbox 761 2341 2335 2418">
     <span class='ocr_line' id='line_1_24' title="bbox 761 2341 2335 2418; baseline -0.003 -19"><span class='ocrx_word' id='word_1_164' title='bbox 761 2363 899 2415; x_wconf 78' lang='grc' dir='ltr'>μητι</span> <span class='ocrx_word' id='word_1_165' title='bbox 951 2346 1056 2401; x_wconf 85' lang='grc' dir='ltr'>τοῦ</span> <span class='ocrx_word' id='word_1_166' title='bbox 1095 2346 1239 2402; x_wconf 74' lang='grc' dir='ltr'>Θεοῦ</span> <span class='ocrx_word' id='word_1_167' title='bbox 1278 2346 1458 2418; x_wconf 72' lang='grc' dir='ltr'>ἡμῶν.</span> <span class='ocrx_word' id='word_1_168' title='bbox 1502 2341 1649 2407; x_wconf 77' lang='grc' dir='ltr'>Εἶδες</span> <span class='ocrx_word' id='word_1_169' title='bbox 1684 2346 1779 2399; x_wconf 89' lang='grc' dir='ltr'>τοῦ</span> <span class='ocrx_word' id='word_1_170' title='bbox 1817 2345 1969 2413; x_wconf 78' lang='grc' dir='ltr'>ἁγίου</span> <span class='ocrx_word' id='word_1_171' title='bbox 2017 2341 2335 2412; x_wconf 89' lang='grc' dir='ltr'>Πνεύματος</span> 
     </span>
    </p>
   </div>
   <div class='ocr_carea' id='block_1_25' title="bbox 764 2429 2333 2506">
    <p class='ocr_par' dir='ltr' id='par_1_25' title="bbox 764 2429 2333 2506">
     <span class='ocr_line' id='line_1_25' title="bbox 764 2429 2333 2506; baseline -0.003 -17"><span class='ocrx_word' id='word_1_172' title='bbox 764 2433 862 2506; x_wconf 82' lang='grc' dir='ltr'>τὴν</span> <span class='ocrx_word' id='word_1_173' title='bbox 892 2434 1139 2506; x_wconf 87' lang='grc' dir='ltr'>δύναμιν,</span> <span class='ocrx_word' id='word_1_174' title='bbox 1172 2435 1457 2506; x_wconf 83' lang='grc' dir='ltr'>ἀγαπητέ;</span> <span class='ocrx_word' id='word_1_175' title='bbox 1492 2430 1626 2498; x_wconf 80' lang='grc' dir='ltr'>εἶδες</span> <span class='ocrx_word' id='word_1_176' title='bbox 1658 2434 1818 2487; x_wconf 79' lang='grc' dir='ltr'>ὅτιτὸ</span> <span class='ocrx_word' id='word_1_177' title='bbox 1846 2432 2067 2503; x_wconf 83' lang='grc' dir='ltr'>Πνεῦμα</span> <span class='ocrx_word' id='word_1_178' title='bbox 2094 2429 2156 2485; x_wconf 79' lang='grc' dir='ltr'>τὸ</span> <span class='ocrx_word' id='word_1_179' title='bbox 2181 2431 2333 2499; x_wconf 82' lang='grc' dir='ltr'>ἀγιον</span> 
     </span>
    </p>
   </div>
   <div class='ocr_carea' id='block_1_26' title="bbox 763 2519 2334 2593">
    <p class='ocr_par' dir='ltr' id='par_1_26' title="bbox 763 2519 2334 2593">
     <span class='ocr_line' id='line_1_26' title="bbox 763 2519 2334 2593; baseline -0.003 -19"><span class='ocrx_word' id='word_1_180' title='bbox 763 2523 944 2577; x_wconf 79' lang='grc' dir='ltr'>πᾶσαν</span> <span class='ocrx_word' id='word_1_181' title='bbox 980 2522 1077 2593; x_wconf 80' lang='grc' dir='ltr'>τὴν</span> <span class='ocrx_word' id='word_1_182' title='bbox 1120 2524 1317 2576; x_wconf 85' lang='grc' dir='ltr'>κακίαν</span> <span class='ocrx_word' id='word_1_183' title='bbox 1348 2522 1551 2591; x_wconf 81' lang='grc' dir='ltr'>ταύτην</span> <span class='ocrx_word' id='word_1_184' title='bbox 1577 2521 1825 2591; x_wconf 76' lang='grc' dir='ltr'>ἠφάνισε,</span> <span class='ocrx_word' id='word_1_185' title='bbox 1866 2520 1959 2573; x_wconf 79' lang='grc' dir='ltr'>καὶ</span> <span class='ocrx_word' id='word_1_186' title='bbox 1985 2520 2110 2582; x_wconf 79' lang='grc' dir='ltr'>τοὺς</span> <span class='ocrx_word' id='word_1_187' title='bbox 2142 2519 2334 2590; x_wconf 85' lang='grc' dir='ltr'>πρότε-</span> 
     </span>
    </p>
   </div>
   <div class='ocr_carea' id='block_1_27' title="bbox 768 2608 2330 2682">
    <p class='ocr_par' dir='ltr' id='par_1_27' title="bbox 768 2608 2330 2682">
     <span class='ocr_line' id='line_1_27' title="bbox 768 2608 2330 2682; baseline -0.004 -17"><span class='ocrx_word' id='word_1_188' title='bbox 768 2626 858 2680; x_wconf 85' lang='grc' dir='ltr'>ρον</span> <span class='ocrx_word' id='word_1_189' title='bbox 892 2610 1354 2682; x_wconf 82' lang='grc' dir='ltr'>παραδεδομένους</span> <span class='ocrx_word' id='word_1_190' title='bbox 1381 2609 1485 2663; x_wconf 78' lang='grc' dir='ltr'>ὑπὸ</span> <span class='ocrx_word' id='word_1_191' title='bbox 1519 2610 1628 2662; x_wconf 87' lang='grc' dir='ltr'>τῶν</span> <span class='ocrx_word' id='word_1_192' title='bbox 1662 2608 1875 2661; x_wconf 78' lang='grc' dir='ltr'>οἰκείων</span> <span class='ocrx_word' id='word_1_193' title='bbox 1902 2608 2330 2679; x_wconf 77' lang='grc' dir='ltr'>ἁμαρτημάτων,</span> 
     </span>
    </p>
   </div>
   <div class='ocr_carea' id='block_1_28' title="bbox 765 2696 1983 2767">
    <p class='ocr_par' dir='ltr' id='par_1_28' title="bbox 765 2696 1983 2767">
     <span class='ocr_line' id='line_1_28' title="bbox 765 2696 1983 2767; baseline -0.002 -16"><span class='ocrx_word' id='word_1_194' title='bbox 765 2697 958 2767; x_wconf 88' lang='grc' dir='ltr'>ἀθρόον</span> <span class='ocrx_word' id='word_1_195' title='bbox 989 2699 1068 2761; x_wconf 86' lang='grc' dir='ltr'>είς</span> <span class='ocrx_word' id='word_1_196' title='bbox 1104 2698 1202 2767; x_wconf 80' lang='grc' dir='ltr'>τὴν</span> <span class='ocrx_word' id='word_1_197' title='bbox 1226 2696 1486 2751; x_wconf 81' lang='grc' dir='ltr'>ἀνωτάτω</span> <span class='ocrx_word' id='word_1_198' title='bbox 1513 2699 1675 2767; x_wconf 83' lang='grc' dir='ltr'>τιμὴν</span> <span class='ocrx_word' id='word_1_199' title='bbox 1703 2698 1943 2766; x_wconf 81' lang='grc' dir='ltr'>ἀνήγαγε</span> <span class='ocrx_word' id='word_1_200' title='bbox 1968 2712 1983 2761; x_wconf 87' lang='grc'>;</span> 
     </span>
    </p>
   </div>
   <div class='ocr_carea' id='block_1_29' title="bbox 839 2781 2335 2856">
    <p class='ocr_par' dir='ltr' id='par_1_29' title="bbox 839 2781 2335 2856">
     <span class='ocr_line' id='line_1_29' title="bbox 839 2781 2335 2856; baseline -0.003 -15"><span class='ocrx_word' id='word_1_201' title='bbox 839 2787 904 2855; x_wconf 90' lang='grc' dir='ltr'>β’.</span> <span class='ocrx_word' id='word_1_202' title='bbox 921 2783 1013 2850; x_wconf 85' lang='grc' dir='ltr'>Τίς</span> <span class='ocrx_word' id='word_1_203' title='bbox 1030 2781 1121 2840; x_wconf 82' lang='grc' dir='ltr'>οῦν</span> <span class='ocrx_word' id='word_1_204' title='bbox 1138 2786 1203 2839; x_wconf 86' lang='grc' dir='ltr'>ἂν</span> <span class='ocrx_word' id='word_1_205' title='bbox 1221 2787 1337 2839; x_wconf 84' lang='grc' dir='ltr'>κατ’</span> <span class='ocrx_word' id='word_1_206' title='bbox 1355 2785 1508 2850; x_wconf 82' lang='grc' dir='ltr'>ἀξίαν</span> <span class='ocrx_word' id='word_1_207' title='bbox 1529 2785 1780 2856; x_wconf 84' lang='grc' dir='ltr'>ὀδύραιτο</span> <span class='ocrx_word' id='word_1_208' title='bbox 1798 2786 1891 2839; x_wconf 75' lang='grc' dir='ltr'>καὶ</span> <span class='ocrx_word' id='word_1_209' title='bbox 1911 2785 2193 2855; x_wconf 76' lang='grc' dir='ltr'>θρηνήσειε</span> <span class='ocrx_word' id='word_1_210' title='bbox 2208 2784 2335 2848; x_wconf 82' lang='grc' dir='ltr'>τοὺς</span> 
     </span>
    </p>
   </div>
   <div class='ocr_carea' id='block_1_30' title="bbox 769 2871 2331 2944">
    <p class='ocr_par' dir='ltr' id='par_1_30' title="bbox 769 2871 2331 2944">
     <span class='ocr_line' id='line_1_30' title="bbox 769 2871 2331 2944; baseline -0.001 -18"><span class='ocrx_word' id='word_1_211' title='bbox 769 2873 1106 2944; x_wconf 79' lang='grc' dir='ltr'>βλασφημεῖν</span> <span class='ocrx_word' id='word_1_212' title='bbox 1139 2872 1560 2944; x_wconf 63' lang='grc' dir='ltr'>ἐπιχειροῦντας,</span> <span class='ocrx_word' id='word_1_213' title='bbox 1572 2872 1666 2925; x_wconf 88' lang='grc' dir='ltr'>τοῦ</span> <span class='ocrx_word' id='word_1_214' title='bbox 1690 2872 2005 2941; x_wconf 88' lang='grc' dir='ltr'>Πνεύματος</span> <span class='ocrx_word' id='word_1_215' title='bbox 2036 2872 2134 2942; x_wconf 84' lang='grc' dir='ltr'>τὴν</span> <span class='ocrx_word' id='word_1_216' title='bbox 2156 2871 2331 2937; x_wconf 85' lang='grc' dir='ltr'>ἀξίαν,</span> 
     </span>
    </p>
   </div>
   <div class='ocr_carea' id='block_1_31' title="bbox 764 2957 2333 3032">
    <p class='ocr_par' dir='ltr' id='par_1_31' title="bbox 764 2957 2333 3032">
     <span class='ocr_line' id='line_1_31' title="bbox 764 2957 2333 3032; baseline -0.003 -18"><span class='ocrx_word' id='word_1_217' title='bbox 764 2962 815 3015; x_wconf 76' lang='grc' dir='ltr'>οἳ</span> <span class='ocrx_word' id='word_1_218' title='bbox 866 2962 1112 3032; x_wconf 87' lang='grc' dir='ltr'>καθάπερ</span> <span class='ocrx_word' id='word_1_219' title='bbox 1152 2964 1295 3024; x_wconf 77' lang='grc' dir='ltr'>τινὲς</span> <span class='ocrx_word' id='word_1_220' title='bbox 1351 2960 1652 3032; x_wconf 78' lang='grc' dir='ltr'>μεμηνότες</span> <span class='ocrx_word' id='word_1_221' title='bbox 1688 2958 1808 3011; x_wconf 79' lang='grc' dir='ltr'>οὐδὲ</span> <span class='ocrx_word' id='word_1_222' title='bbox 1844 2957 1923 3029; x_wconf 83' lang='grc' dir='ltr'>τῷ</span> <span class='ocrx_word' id='word_1_223' title='bbox 1970 2957 2188 3027; x_wconf 77' lang='grc' dir='ltr'>μεγέθει</span> <span class='ocrx_word' id='word_1_224' title='bbox 2226 2958 2333 3011; x_wconf 90' lang='grc' dir='ltr'>τῶν</span> 
     </span>
    </p>
   </div>
   <div class='ocr_carea' id='block_1_32' title="bbox 767 3044 2337 3121">
    <p class='ocr_par' dir='ltr' id='par_1_32' title="bbox 767 3044 2337 3121">
     <span class='ocr_line' id='line_1_32' title="bbox 767 3044 2337 3121; baseline -0.004 -18"><span class='ocrx_word' id='word_1_225' title='bbox 767 3049 1092 3121; x_wconf 79' lang='grc' dir='ltr'>εὐεργεσιῶν</span> <span class='ocrx_word' id='word_1_226' title='bbox 1113 3050 1210 3119; x_wconf 82' lang='grc' dir='ltr'>τῆς</span> <span class='ocrx_word' id='word_1_227' title='bbox 1227 3049 1431 3111; x_wconf 76' lang='grc' dir='ltr'>οἰκείας</span> <span class='ocrx_word' id='word_1_228' title='bbox 1461 3044 1851 3117; x_wconf 83' lang='grc' dir='ltr'>ἀγνωμοσύνης</span> <span class='ocrx_word' id='word_1_229' title='bbox 1887 3044 2215 3116; x_wconf 76' lang='grc' dir='ltr'>ἀποσχέσθαι</span> <span class='ocrx_word' id='word_1_230' title='bbox 2244 3046 2337 3098; x_wconf 83' lang='grc' dir='ltr'>άν-</span> 
     </span>
    </p>
   </div>
   <div class='ocr_carea' id='block_1_33' title="bbox 769 3130 2337 3207">
    <p class='ocr_par' dir='ltr' id='par_1_33' title="bbox 769 3130 2337 3207">
     <span class='ocr_line' id='line_1_33' title="bbox 769 3130 2337 3207; baseline -0.004 -17"><span class='ocrx_word' id='word_1_231' title='bbox 769 3137 985 3207; x_wconf 81' lang='grc' dir='ltr'>έχονται</span> <span class='ocrx_word' id='word_1_232' title='bbox 1006 3176 1022 3199; x_wconf 93' lang='grc'>,</span> <span class='ocrx_word' id='word_1_233' title='bbox 1077 3136 1210 3189; x_wconf 88' lang='grc' dir='ltr'>ἀλλά</span> <span class='ocrx_word' id='word_1_234' title='bbox 1255 3134 1395 3189; x_wconf 81' lang='grc' dir='ltr'>κατὰ</span> <span class='ocrx_word' id='word_1_235' title='bbox 1427 3136 1524 3204; x_wconf 76' lang='grc' dir='ltr'>τῆς</span> <span class='ocrx_word' id='word_1_236' title='bbox 1566 3131 1774 3186; x_wconf 76' lang='grc' dir='ltr'>ἑαυτῶν</span> <span class='ocrx_word' id='word_1_237' title='bbox 1823 3130 2098 3200; x_wconf 79' lang='grc' dir='ltr'>σωτηρίας</span> <span class='ocrx_word' id='word_1_238' title='bbox 2126 3130 2337 3185; x_wconf 80' lang='grc' dir='ltr'>ἅπαντα</span> 
     </span>
    </p>
   </div>
   <div class='ocr_carea' id='block_1_34' title="bbox 768 3220 2336 3299">
    <p class='ocr_par' dir='ltr' id='par_1_34' title="bbox 768 3220 2336 3299">
     <span class='ocr_line' id='line_1_34' title="bbox 768 3220 2336 3299; baseline -0.006 -16"><span class='ocrx_word' id='word_1_239' title='bbox 768 3228 1027 3299; x_wconf 86' lang='grc' dir='ltr'>πράττειν</span> <span class='ocrx_word' id='word_1_240' title='bbox 1062 3225 1365 3299; x_wconf 85' lang='grc' dir='ltr'>τολμῶσιν,</span> <span class='ocrx_word' id='word_1_241' title='bbox 1413 3222 1818 3294; x_wconf 84' lang='grc' dir='ltr'>ἀλλοτριοῦντες</span> <span class='ocrx_word' id='word_1_242' title='bbox 1863 3220 1993 3275; x_wconf 79' lang='grc' dir='ltr'>αὐτὸ</span> <span class='ocrx_word' id='word_1_243' title='bbox 2014 3260 2031 3286; x_wconf 93' lang='grc'>,</span> <span class='ocrx_word' id='word_1_244' title='bbox 2069 3220 2131 3275; x_wconf 88' lang='grc' dir='ltr'>τό</span> <span class='ocrx_word' id='word_1_245' title='bbox 2163 3238 2225 3290; x_wconf 91' lang='grc' dir='ltr'>γε</span> <span class='ocrx_word' id='word_1_246' title='bbox 2258 3223 2336 3285; x_wconf 89' lang='grc' dir='ltr'>εἰς</span> 
     </span>
    </p>
   </div>
   <div class='ocr_carea' id='block_1_35' title="bbox 767 3306 2337 3382">
    <p class='ocr_par' dir='ltr' id='par_1_35' title="bbox 767 3306 2337 3382">
     <span class='ocr_line' id='line_1_35' title="bbox 767 3306 2337 3382; baseline -0.004 -15"><span class='ocrx_word' id='word_1_247' title='bbox 767 3314 963 3375; x_wconf 81' lang='grc' dir='ltr'>αὐτοὺς</span> <span class='ocrx_word' id='word_1_248' title='bbox 994 3306 1146 3382; x_wconf 82' lang='grc' dir='ltr'>ἧκον,</span> <span class='ocrx_word' id='word_1_249' title='bbox 1174 3312 1271 3381; x_wconf 80' lang='grc' dir='ltr'>τῆς</span> <span class='ocrx_word' id='word_1_250' title='bbox 1309 3309 1630 3379; x_wconf 84' lang='grc' dir='ltr'>δεσποτικῆς</span> <span class='ocrx_word' id='word_1_251' title='bbox 1659 3308 1835 3373; x_wconf 81' lang='grc' dir='ltr'>ἀξίας,</span> <span class='ocrx_word' id='word_1_252' title='bbox 1872 3307 1968 3362; x_wconf 72' lang='grc' dir='ltr'>καὶ</span> <span class='ocrx_word' id='word_1_253' title='bbox 1999 3310 2078 3373; x_wconf 87' lang='grc' dir='ltr'>εἰς</span> <span class='ocrx_word' id='word_1_254' title='bbox 2105 3308 2204 3378; x_wconf 85' lang='grc' dir='ltr'>τὴν</span> <span class='ocrx_word' id='word_1_255' title='bbox 2229 3308 2337 3361; x_wconf 88' lang='grc' dir='ltr'>τῶν</span> 
     </span>
    </p>
   </div>
   <div class='ocr_carea' id='block_1_36' title="bbox 768 3394 2337 3470">
    <p class='ocr_par' dir='ltr' id='par_1_36' title="bbox 768 3394 2337 3470">
     <span class='ocr_line' id='line_1_36' title="bbox 768 3394 2337 3470; baseline -0.003 -16"><span class='ocrx_word' id='word_1_256' title='bbox 768 3400 1081 3470; x_wconf 82' lang='grc' dir='ltr'>κτισμάτων</span> <span class='ocrx_word' id='word_1_257' title='bbox 1108 3398 1258 3465; x_wconf 85' lang='grc' dir='ltr'>τάξιν</span> <span class='ocrx_word' id='word_1_258' title='bbox 1286 3398 1548 3465; x_wconf 85' lang='grc' dir='ltr'>κατάγειν</span> <span class='ocrx_word' id='word_1_259' title='bbox 1572 3396 1972 3467; x_wconf 77' lang='grc' dir='ltr'>ἐπιχειροῦσιν;</span> <span class='ocrx_word' id='word_1_260' title='bbox 1999 3395 2107 3459; x_wconf 81' lang='grc' dir='ltr'>Οὓς</span> <span class='ocrx_word' id='word_1_261' title='bbox 2123 3394 2337 3449; x_wconf 67' lang='grc' dir='ltr'>ἐϐουλό·</span> 
     </span>
    </p>
   </div>
   <div class='ocr_carea' id='block_1_37' title="bbox 774 3476 2337 3559">
    <p class='ocr_par' dir='ltr' id='par_1_37' title="bbox 774 3476 2337 3559">
     <span class='ocr_line' id='line_1_37' title="bbox 774 3476 2337 3559; baseline -0.001 -20"><span class='ocrx_word' id='word_1_262' title='bbox 774 3505 882 3559; x_wconf 89' lang='grc' dir='ltr'>μην</span> <span class='ocrx_word' id='word_1_263' title='bbox 915 3486 1156 3558; x_wconf 72' lang='grc' dir='ltr'>ἐρέσθαι,</span> <span class='ocrx_word' id='word_1_264' title='bbox 1191 3485 1338 3548; x_wconf 88' lang='grc' dir='ltr'>τίνος</span> <span class='ocrx_word' id='word_1_265' title='bbox 1366 3485 1573 3549; x_wconf 66' lang='grc' dir='ltr'>ἕνεκεν,</span> <span class='ocrx_word' id='word_1_266' title='bbox 1608 3476 1654 3536; x_wconf 82' lang='grc' dir='ltr'>ὧ</span> <span class='ocrx_word' id='word_1_267' title='bbox 1683 3479 1848 3546; x_wconf 80' lang='grc' dir='ltr'>οῦτοι,</span> <span class='ocrx_word' id='word_1_268' title='bbox 1887 3483 2140 3537; x_wconf 84' lang='grc' dir='ltr'>τοσοῦτον</span> <span class='ocrx_word' id='word_1_269' title='bbox 2181 3484 2337 3537; x_wconf 82' lang='grc' dir='ltr'>πόλε-</span> 
     </span>
    </p>
   </div>
   <div class='ocr_carea' id='block_1_38' title="bbox 776 3568 2336 3644">
    <p class='ocr_par' dir='ltr' id='par_1_38' title="bbox 776 3568 2336 3644">
     <span class='ocr_line' id='line_1_38' title="bbox 776 3568 2336 3644; baseline -0.003 -15"><span class='ocrx_word' id='word_1_270' title='bbox 776 3591 875 3644; x_wconf 88' lang='grc' dir='ltr'>μον</span> <span class='ocrx_word' id='word_1_271' title='bbox 910 3573 1053 3627; x_wconf 89' lang='grc' dir='ltr'>κατά</span> <span class='ocrx_word' id='word_1_272' title='bbox 1084 3574 1185 3642; x_wconf 84' lang='grc' dir='ltr'>τῆς</span> <span class='ocrx_word' id='word_1_273' title='bbox 1229 3570 1322 3624; x_wconf 88' lang='grc' dir='ltr'>τοῦ</span> <span class='ocrx_word' id='word_1_274' title='bbox 1368 3569 1684 3642; x_wconf 85' lang='grc' dir='ltr'>Πνεύματος</span> <span class='ocrx_word' id='word_1_275' title='bbox 1732 3568 1887 3635; x_wconf 88' lang='grc' dir='ltr'>ἀξίας</span> <span class='ocrx_word' id='word_1_276' title='bbox 1924 3570 2336 3639; x_wconf 73' lang='grc' dir='ltr'>ὲπιδείκνυσθες</span> 
     </span>
    </p>
   </div>
   <div class='ocr_carea' id='block_1_39' title="bbox 776 3656 2339 3731">
    <p class='ocr_par' dir='ltr' id='par_1_39' title="bbox 776 3656 2339 3731">
     <span class='ocr_line' id='line_1_39' title="bbox 776 3656 2339 3731; baseline -0.003 -15"><span class='ocrx_word' id='word_1_277' title='bbox 776 3660 973 3731; x_wconf 73' lang='grc' dir='ltr'>μᾶλλον</span> <span class='ocrx_word' id='word_1_278' title='bbox 1009 3660 1067 3714; x_wconf 65' lang='grc' dir='ltr'>δὲ</span> <span class='ocrx_word' id='word_1_279' title='bbox 1114 3671 1252 3712; x_wconf 89' lang='grc' dir='ltr'>κατα</span> <span class='ocrx_word' id='word_1_280' title='bbox 1285 3658 1383 3728; x_wconf 84' lang='grc' dir='ltr'>τῆς</span> <span class='ocrx_word' id='word_1_281' title='bbox 1418 3656 1628 3711; x_wconf 73' lang='grc' dir='ltr'>ἑαυτῶν</span> <span class='ocrx_word' id='word_1_282' title='bbox 1662 3658 1954 3729; x_wconf 77' lang='grc' dir='ltr'>σωτηρίας.</span> <span class='ocrx_word' id='word_1_283' title='bbox 1988 3659 2082 3713; x_wconf 73' lang='grc' dir='ltr'>καὶ</span> <span class='ocrx_word' id='word_1_284' title='bbox 2107 3658 2226 3712; x_wconf 78' lang='grc' dir='ltr'>οὐδὲ</span> <span class='ocrx_word' id='word_1_285' title='bbox 2258 3662 2339 3725; x_wconf 86' lang='grc' dir='ltr'>είς</span> 
     </span>
    </p>
   </div>
   <div class='ocr_carea' id='block_1_40' title="bbox 773 3745 2337 3820">
    <p class='ocr_par' dir='ltr' id='par_1_40' title="bbox 773 3745 2337 3820">
     <span class='ocr_line' id='line_1_40' title="bbox 773 3745 2337 3820; baseline 0 -19"><span class='ocrx_word' id='word_1_286' title='bbox 773 3750 979 3802; x_wconf 72' lang='grc' dir='ltr'>ἔννοιαν</span> <span class='ocrx_word' id='word_1_287' title='bbox 1010 3746 1196 3803; x_wconf 88' lang='grc' dir='ltr'>λαϐεῖν</span> <span class='ocrx_word' id='word_1_288' title='bbox 1226 3745 1479 3818; x_wconf 85' lang='grc' dir='ltr'>βούλεσθε</span> <span class='ocrx_word' id='word_1_289' title='bbox 1516 3746 1591 3799; x_wconf 49' lang='grc' dir='ltr'>τάκ</span> <span class='ocrx_word' id='word_1_290' title='bbox 1618 3746 1768 3817; x_wconf 88' lang='grc' dir='ltr'>παρά</span> <span class='ocrx_word' id='word_1_291' title='bbox 1802 3745 1896 3799; x_wconf 88' lang='grc' dir='ltr'>τοῦ</span> <span class='ocrx_word' id='word_1_292' title='bbox 1929 3747 2177 3820; x_wconf 83' lang='grc' dir='ltr'>Σωτῆρος</span> <span class='ocrx_word' id='word_1_293' title='bbox 2223 3751 2337 3813; x_wconf 84' lang='grc' dir='ltr'>τοῖς</span> 
     </span>
    </p>
   </div>
   <div class='ocr_carea' id='block_1_41' title="bbox 776 3833 2337 3915">
    <p class='ocr_par' dir='ltr' id='par_1_41' title="bbox 776 3833 2337 3915">
     <span class='ocr_line' id='line_1_41' title="bbox 776 3833 2337 3915; baseline 0.001 -25"><span class='ocrx_word' id='word_1_294' title='bbox 776 3837 1043 3915; x_wconf 76' lang='grc' dir='ltr'>μαθηταῖς</span> <span class='ocrx_word' id='word_1_295' title='bbox 1090 3835 1355 3908; x_wconf 75' lang='grc' dir='ltr'>εἰρημένα</span> <span class='ocrx_word' id='word_1_296' title='bbox 1393 3851 1407 3899; x_wconf 85' lang='lat'>;</span> <span class='ocrx_word' id='word_1_297' title='bbox 1473 3833 1870 3901; x_wconf 78' lang='grc' dir='ltr'>Πορευθέντες</span> <span class='ocrx_word' id='word_1_298' title='bbox 1898 3860 1916 3872; x_wconf 87' lang='lat'><strong>-</strong></span> <span class='ocrx_word' id='word_1_299' title='bbox 1925 3838 2337 3904; x_wconf 83' lang='grc' dir='ltr'>μαθητεύσατε</span> 
     </span>
    </p>
   </div>
   <div class='ocr_carea' id='block_1_42' title="bbox 707 3920 2339 3994">
    <p class='ocr_par' dir='ltr' id='par_1_42' title="bbox 707 3920 2339 3994">
     <span class='ocr_line' id='line_1_42' title="bbox 707 3920 2339 3994; baseline 0.001 -18"><span class='ocrx_word' id='word_1_300' title='bbox 707 3960 711 3965; x_wconf 89' lang='grc'><strong>-</strong></span> <span class='ocrx_word' id='word_1_301' title='bbox 774 3923 970 3978; x_wconf 72' lang='grc' dir='ltr'>πάντα</span> <span class='ocrx_word' id='word_1_302' title='bbox 999 3926 1071 3979; x_wconf 86' lang='grc' dir='ltr'>τὰ</span> <span class='ocrx_word' id='word_1_303' title='bbox 1102 3923 1267 3989; x_wconf 74' lang='grc' dir='ltr'>ἔθνη,</span> <span class='ocrx_word' id='word_1_304' title='bbox 1292 3920 1682 3988; x_wconf 78' lang='grc' dir='ltr'>,ϐαπτίζοντες</span> <span class='ocrx_word' id='word_1_305' title='bbox 1709 3920 1928 3988; x_wconf 83' lang='grc' dir='ltr'>αὐτοὺς</span> <span class='ocrx_word' id='word_1_306' title='bbox 1948 3925 2035 3987; x_wconf 81' lang='grc' dir='ltr'>είς</span> <span class='ocrx_word' id='word_1_307' title='bbox 2059 3922 2125 3976; x_wconf 85' lang='grc' dir='ltr'>τὸ</span> <span class='ocrx_word' id='word_1_308' title='bbox 2153 3923 2339 3994; x_wconf 81' lang='grc' dir='ltr'><strong><em>ὄνομα</em></strong></span> 
     </span>
    </p>
   </div>
   <div class='ocr_carea' id='block_1_43' title="bbox 774 4008 2336 4080">
    <p class='ocr_par' dir='ltr' id='par_1_43' title="bbox 774 4008 2336 4080">
     <span class='ocr_line' id='line_1_43' title="bbox 774 4008 2336 4080; baseline 0.001 -16"><span class='ocrx_word' id='word_1_309' title='bbox 774 4012 878 4068; x_wconf 83' lang='grc' dir='ltr'>τοῦ</span> <span class='ocrx_word' id='word_1_310' title='bbox 906 4012 1133 4080; x_wconf 81' lang='grc' dir='ltr'>Πατρός</span> <span class='ocrx_word' id='word_1_311' title='bbox 1151 4010 1249 4065; x_wconf 80' lang='grc' dir='ltr'>καί</span> <span class='ocrx_word' id='word_1_312' title='bbox 1278 4011 1385 4065; x_wconf 84' lang='grc' dir='ltr'>τοῦ</span> <span class='ocrx_word' id='word_1_313' title='bbox 1416 4008 1554 4064; x_wconf 85' lang='grc' dir='ltr'>Υιοῦ</span> <span class='ocrx_word' id='word_1_314' title='bbox 1583 4008 1683 4063; x_wconf 78' lang='grc' dir='ltr'>καί</span> <span class='ocrx_word' id='word_1_315' title='bbox 1707 4008 1813 4063; x_wconf 85' lang='grc' dir='ltr'>τοῦ</span> <span class='ocrx_word' id='word_1_316' title='bbox 1848 4009 2020 4078; x_wconf 75' lang='grc' dir='ltr'>ἀγίου</span> <span class='ocrx_word' id='word_1_317' title='bbox 2072 4012 2336 4080; x_wconf 73' lang='grc' dir='ltr'>Πνεῦμα-</span> 
     </span>
    </p>
   </div>
   <div class='ocr_carea' id='block_1_44' title="bbox 770 4091 2339 4170">
    <p class='ocr_par' dir='ltr' id='par_1_44' title="bbox 770 4091 2339 4170">
     <span class='ocr_line' id='line_1_44' title="bbox 770 4091 2339 4170; baseline -0.001 -15"><span class='ocrx_word' id='word_1_318' title='bbox 770 4118 895 4167; x_wconf 82' lang='grc' dir='ltr'>τος.</span> <span class='ocrx_word' id='word_1_319' title='bbox 942 4097 1093 4164; x_wconf 84' lang='grc' dir='ltr'>Εἶδες</span> <span class='ocrx_word' id='word_1_320' title='bbox 1138 4101 1395 4170; x_wconf 82' lang='grc' dir='ltr'>ὁμότιμον</span> <span class='ocrx_word' id='word_1_321' title='bbox 1438 4098 1537 4168; x_wconf 84' lang='grc' dir='ltr'>τὴν</span> <span class='ocrx_word' id='word_1_322' title='bbox 1586 4096 1787 4165; x_wconf 84' lang='grc' dir='ltr'>ἀξίαν;</span> <span class='ocrx_word' id='word_1_323' title='bbox 1839 4091 1976 4162; x_wconf 78' lang='grc' dir='ltr'>εἶδες</span> <span class='ocrx_word' id='word_1_324' title='bbox 2024 4100 2339 4169; x_wconf 73' lang='grc' dir='ltr'>συμφωνίαν</span> 
     </span>
    </p>
   </div>
   <div class='ocr_carea' id='block_1_45' title="bbox 777 4180 2337 4271">
    <p class='ocr_par' dir='ltr' id='par_1_45' title="bbox 777 4180 2337 4271">
     <span class='ocr_line' id='line_1_45' title="bbox 777 4180 2337 4271; baseline -0.001 -29"><span class='ocrx_word' id='word_1_325' title='bbox 777 4187 1273 4258; x_wconf 82' lang='grc' dir='ltr'>ἀπηκριϐωμένην;</span> <span class='ocrx_word' id='word_1_326' title='bbox 1321 4180 1458 4249; x_wconf 78' lang='grc' dir='ltr'>εἶδες</span> <span class='ocrx_word' id='word_1_327' title='bbox 1497 4184 1597 4254; x_wconf 82' lang='grc' dir='ltr'>τῆς</span> <span class='ocrx_word' id='word_1_328' title='bbox 1639 4182 1865 4255; x_wconf 86' lang='grc' dir='ltr'>Τριάδος</span> <span class='ocrx_word' id='word_1_329' title='bbox 1903 4185 1963 4237; x_wconf 85' lang='grc' dir='ltr'>τὸ</span> <span class='ocrx_word' id='word_1_330' title='bbox 2001 4184 2337 4271; x_wconf 67' lang='grc' dir='ltr'>ἀδιαίρετονς</span> 
     </span>
    </p>
   </div>
   <div class='ocr_carea' id='block_1_46' title="bbox 776 4256 2340 4347">
    <p class='ocr_par' dir='ltr' id='par_1_46' title="bbox 776 4256 2340 4347">
     <span class='ocr_line' id='line_1_46' title="bbox 776 4256 2340 4347; baseline -0.001 -17"><span class='ocrx_word' id='word_1_331' title='bbox 776 4277 852 4347; x_wconf 83' lang='grc' dir='ltr'>μή</span> <span class='ocrx_word' id='word_1_332' title='bbox 879 4256 986 4330; x_wconf 76' lang='grc' dir='ltr'>που</span> <span class='ocrx_word' id='word_1_333' title='bbox 1018 4256 1269 4347; x_wconf 83' lang='grc' dir='ltr'>διαφορὰ,</span> <span class='ocrx_word' id='word_1_334' title='bbox 1300 4274 1333 4346; x_wconf 75' lang='grc' dir='ltr'>ἢ</span> <span class='ocrx_word' id='word_1_335' title='bbox 1371 4271 1657 4343; x_wconf 81' lang='grc' dir='ltr'>ὲναλλαγὴ,</span> <span class='ocrx_word' id='word_1_336' title='bbox 1686 4273 1718 4345; x_wconf 77' lang='grc' dir='ltr'>ἢ</span> <span class='ocrx_word' id='word_1_337' title='bbox 1754 4272 2076 4343; x_wconf 76' lang='grc' dir='ltr'>ύφαίρεσιςς</span> <span class='ocrx_word' id='word_1_338' title='bbox 2130 4256 2194 4327; x_wconf 67' lang='grc' dir='ltr'>’ῗί</span> <span class='ocrx_word' id='word_1_339' title='bbox 2229 4278 2340 4340; x_wconf 90' lang='grc' dir='ltr'>τοῖς</span> 
     </span>
    </p>
   </div>
   <div class='ocr_carea' id='block_1_47' title="bbox 772 4358 2342 4433">
    <p class='ocr_par' dir='ltr' id='par_1_47' title="bbox 772 4358 2342 4433">
     <span class='ocr_line' id='line_1_47' title="bbox 772 4358 2342 4433; baseline -0.001 -16"><span class='ocrx_word' id='word_1_340' title='bbox 772 4362 866 4417; x_wconf 89' lang='grc' dir='ltr'>τοῦ</span> <span class='ocrx_word' id='word_1_341' title='bbox 896 4364 1161 4416; x_wconf 86' lang='grc' dir='ltr'>Δεσπότου</span> <span class='ocrx_word' id='word_1_342' title='bbox 1192 4363 1425 4432; x_wconf 74' lang='grc' dir='ltr'>ῥήμασιν</span> <span class='ocrx_word' id='word_1_343' title='bbox 1455 4361 1611 4431; x_wconf 75' lang='grc' dir='ltr'>ὑμεῖς</span> <span class='ocrx_word' id='word_1_344' title='bbox 1635 4358 2107 4416; x_wconf 70' lang='grc' dir='ltr'>ἑπιδιατάέσεσθαι</span> <span class='ocrx_word' id='word_1_345' title='bbox 2144 4362 2342 4433; x_wconf 80' lang='grc' dir='ltr'>τολμᾶ-</span> 
     </span>
    </p>
   </div>
   <div class='ocr_carea' id='block_1_48' title="bbox 773 4436 2341 4520">
    <p class='ocr_par' dir='ltr' id='par_1_48' title="bbox 773 4436 2341 4520">
     <span class='ocr_line' id='line_1_48' title="bbox 773 4436 2341 4520; baseline -0.001 -16"><span class='ocrx_word' id='word_1_346' title='bbox 773 4468 864 4518; x_wconf 87' lang='grc' dir='ltr'>τε;</span> <span class='ocrx_word' id='word_1_347' title='bbox 890 4450 924 4520; x_wconf 85' lang='grc' dir='ltr'><strong>ἢ</strong></span> <span class='ocrx_word' id='word_1_348' title='bbox 951 4450 1051 4503; x_wconf 80' lang='grc' dir='ltr'>οὐκ</span> <span class='ocrx_word' id='word_1_349' title='bbox 1080 4450 1216 4513; x_wconf 84' lang='grc' dir='ltr'>ίστε,</span> <span class='ocrx_word' id='word_1_350' title='bbox 1234 4449 1315 4501; x_wconf 87' lang='grc' dir='ltr'>ὅτι</span> <span class='ocrx_word' id='word_1_351' title='bbox 1341 4449 1436 4501; x_wconf 72' lang='grc' dir='ltr'>καὶ</span> <span class='ocrx_word' id='word_1_352' title='bbox 1462 4448 1555 4500; x_wconf 72' lang='grc' dir='ltr'>ἐπὶ</span> <span class='ocrx_word' id='word_1_353' title='bbox 1580 4446 1683 4501; x_wconf 88' lang='grc' dir='ltr'>τῶν</span> <span class='ocrx_word' id='word_1_354' title='bbox 1714 4446 2067 4517; x_wconf 83' lang='grc' dir='ltr'>ἀνθρωπίνων</span> <span class='ocrx_word' id='word_1_355' title='bbox 2092 4436 2341 4520; x_wconf 79' lang='grc' dir='ltr'>πραγμά-</span> 
     </span>
    </p>
   </div>
   <div class='ocr_carea' id='block_1_49' title="bbox 775 4535 2341 4609">
    <p class='ocr_par' dir='ltr' id='par_1_49' title="bbox 775 4535 2341 4609">
     <span class='ocr_line' id='line_1_49' title="bbox 775 4535 2341 4609; baseline -0.001 -15"><span class='ocrx_word' id='word_1_356' title='bbox 775 4557 902 4601; x_wconf 83' lang='grc' dir='ltr'>των,</span> <span class='ocrx_word' id='word_1_357' title='bbox 938 4540 986 4591; x_wconf 90' lang='grc' dir='ltr'>εἰ</span> <span class='ocrx_word' id='word_1_358' title='bbox 1015 4536 1109 4591; x_wconf 90' lang='grc' dir='ltr'>καί</span> <span class='ocrx_word' id='word_1_359' title='bbox 1149 4536 1231 4601; x_wconf 86' lang='grc' dir='ltr'>τίς</span> <span class='ocrx_word' id='word_1_360' title='bbox 1264 4552 1393 4588; x_wconf 89' lang='grc' dir='ltr'>ποτε</span> <span class='ocrx_word' id='word_1_361' title='bbox 1426 4536 1843 4606; x_wconf 75' lang='grc' dir='ltr'>ἐπιχειρήσειεν,</span> <span class='ocrx_word' id='word_1_362' title='bbox 1891 4535 1923 4605; x_wconf 80' lang='grc' dir='ltr'>ἢ</span> <span class='ocrx_word' id='word_1_363' title='bbox 1957 4536 2037 4601; x_wconf 90' lang='grc' dir='ltr'>εἰς</span> <span class='ocrx_word' id='word_1_364' title='bbox 2076 4538 2341 4609; x_wconf 80' lang='grc' dir='ltr'>τοσαύτην</span> 
     </span>
    </p>
   </div>
   <div class='ocr_carea' id='block_1_50' title="bbox 777 4622 2341 4695">
    <p class='ocr_par' dir='ltr' id='par_1_50' title="bbox 777 4622 2341 4695">
     <span class='ocr_line' id='line_1_50' title="bbox 777 4622 2341 4695; baseline -0.001 -15"><span class='ocrx_word' id='word_1_365' title='bbox 777 4625 982 4691; x_wconf 71' lang='grc' dir='ltr'>ἐξέλθοι</span> <span class='ocrx_word' id='word_1_366' title='bbox 1002 4625 1226 4695; x_wconf 89' lang='grc' dir='ltr'>τόλμαν,</span> <span class='ocrx_word' id='word_1_367' title='bbox 1252 4623 1393 4677; x_wconf 84' lang='grc' dir='ltr'>ὥστε</span> <span class='ocrx_word' id='word_1_368' title='bbox 1421 4622 1734 4695; x_wconf 87' lang='grc' dir='ltr'>προσθεῖναί</span> <span class='ocrx_word' id='word_1_369' title='bbox 1753 4638 1804 4674; x_wconf 88' lang='grc' dir='ltr'>τι</span> <span class='ocrx_word' id='word_1_370' title='bbox 1821 4625 1933 4686; x_wconf 85' lang='grc' dir='ltr'>τοῖς</span> <span class='ocrx_word' id='word_1_371' title='bbox 1956 4624 2104 4694; x_wconf 88' lang='grc' dir='ltr'>παρὰ</span> <span class='ocrx_word' id='word_1_372' title='bbox 2131 4624 2223 4677; x_wconf 88' lang='grc' dir='ltr'>τοῦ</span> <span class='ocrx_word' id='word_1_373' title='bbox 2252 4625 2341 4695; x_wconf 87' lang='grc' dir='ltr'>βα-</span> 
     </span>
    </p>
   </div>
   <div class='ocr_carea' id='block_1_51' title="bbox 780 4704 2341 4787">
    <p class='ocr_par' dir='ltr' id='par_1_51' title="bbox 780 4704 2341 4787">
     <span class='ocr_line' id='line_1_51' title="bbox 780 4704 2341 4787; baseline -0.001 -16"><span class='ocrx_word' id='word_1_374' title='bbox 780 4716 968 4780; x_wconf 80' lang='grc' dir='ltr'>σιλέως</span> <span class='ocrx_word' id='word_1_375' title='bbox 999 4704 1338 4787; x_wconf 82' lang='grc' dir='ltr'>γράμμασιν,</span> <span class='ocrx_word' id='word_1_376' title='bbox 1356 4713 1389 4784; x_wconf 80' lang='grc' dir='ltr'>ἢ</span> <span class='ocrx_word' id='word_1_377' title='bbox 1407 4712 1645 4781; x_wconf 83' lang='grc' dir='ltr'>ἀφελεῖν,</span> <span class='ocrx_word' id='word_1_378' title='bbox 1667 4711 1758 4765; x_wconf 80' lang='grc' dir='ltr'>τοῦ</span> <span class='ocrx_word' id='word_1_379' title='bbox 1777 4711 2068 4781; x_wconf 80' lang='grc' dir='ltr'>ὁμογενοῦς</span> <span class='ocrx_word' id='word_1_380' title='bbox 2088 4715 2222 4785; x_wconf 83' lang='grc' dir='ltr'>ημῖν</span> <span class='ocrx_word' id='word_1_381' title='bbox 2248 4717 2341 4770; x_wconf 78' lang='grc' dir='ltr'>καὶ</span> 
     </span>
    </p>
   </div>
   <div class='ocr_carea' id='block_1_52' title="bbox 778 4799 2345 4877">
    <p class='ocr_par' dir='ltr' id='par_1_52' title="bbox 778 4799 2345 4877">
     <span class='ocr_line' id='line_1_52' title="bbox 778 4799 2345 4877; baseline -0.009 -17"><span class='ocrx_word' id='word_1_382' title='bbox 778 4805 877 4877; x_wconf 79' lang='grc' dir='ltr'>τῆς</span> <span class='ocrx_word' id='word_1_383' title='bbox 894 4806 1059 4875; x_wconf 83' lang='grc' dir='ltr'>αὐτῆς</span> <span class='ocrx_word' id='word_1_384' title='bbox 1077 4804 1291 4873; x_wconf 82' lang='grc' dir='ltr'>φύσεως</span> <span class='ocrx_word' id='word_1_385' title='bbox 1320 4799 1716 4863; x_wconf 74' lang='grc' dir='ltr'>κοινωνοῦντος.</span> <span class='ocrx_word' id='word_1_386' title='bbox 1746 4800 1845 4871; x_wconf 80' lang='grc' dir='ltr'>τὴν</span> <span class='ocrx_word' id='word_1_387' title='bbox 1864 4800 2098 4874; x_wconf 62' lang='lat' dir='ltr'><strong><em>taxath</em></strong></span> <span class='ocrx_word' id='word_1_388' title='bbox 2119 4803 2345 4872; x_wconf 81' lang='grc' dir='ltr'>ὑφιστα..</span> 
     </span>
    </p>
   </div>
   <div class='ocr_carea' id='block_1_53' title="bbox 777 4883 2344 4963">
    <p class='ocr_par' dir='ltr' id='par_1_53' title="bbox 777 4883 2344 4963">
     <span class='ocr_line' id='line_1_53' title="bbox 777 4883 2344 4963; baseline -0.003 -15"><span class='ocrx_word' id='word_1_389' title='bbox 777 4912 868 4949; x_wconf 87' lang='grc' dir='ltr'>ται</span> <span class='ocrx_word' id='word_1_390' title='bbox 883 4893 1055 4963; x_wconf 90' lang='grc' dir='ltr'>δίκην,</span> <span class='ocrx_word' id='word_1_391' title='bbox 1078 4892 1171 4946; x_wconf 71' lang='grc' dir='ltr'>καὶ</span> <span class='ocrx_word' id='word_1_392' title='bbox 1184 4883 1334 4946; x_wconf 79' lang='grc' dir='ltr'>οὐδὲν</span> <span class='ocrx_word' id='word_1_393' title='bbox 1352 4889 1514 4943; x_wconf 82' lang='grc' dir='ltr'>αὐτὸν</span> <span class='ocrx_word' id='word_1_394' title='bbox 1532 4888 1633 4959; x_wconf 81' lang='grc' dir='ltr'>τῆς</span> <span class='ocrx_word' id='word_1_395' title='bbox 1644 4888 1913 4958; x_wconf 88' lang='grc' dir='ltr'>τιμωρίας</span> <span class='ocrx_word' id='word_1_396' title='bbox 1933 4889 2205 4953; x_wconf 71' lang='grc' dir='ltr'>ἐξελέσθαι</span> <span class='ocrx_word' id='word_1_397' title='bbox 2222 4892 2344 4945; x_wconf 83' lang='grc' dir='ltr'>δυν-</span> 
     </span>
    </p>
   </div>
   <div class='ocr_carea' id='block_1_54' title="bbox 780 4975 2342 5052">
    <p class='ocr_par' dir='ltr' id='par_1_54' title="bbox 780 4975 2342 5052">
     <span class='ocr_line' id='line_1_54' title="bbox 780 4975 2342 5052; baseline -0.001 -17"><span class='ocrx_word' id='word_1_398' title='bbox 780 4982 971 5052; x_wconf 77' lang='grc' dir='ltr'>ήσεται</span> <span class='ocrx_word' id='word_1_399' title='bbox 997 4998 1013 5047; x_wconf 90' lang='grc'><strong>;</strong></span> <span class='ocrx_word' id='word_1_400' title='bbox 1049 4980 1112 5034; x_wconf 85' lang='grc' dir='ltr'>Εἰ</span> <span class='ocrx_word' id='word_1_401' title='bbox 1138 4979 1315 5032; x_wconf 90' lang='grc' dir='ltr'>τοίνυν</span> <span class='ocrx_word' id='word_1_402' title='bbox 1343 4978 1430 5031; x_wconf 67' lang='grc' dir='ltr'>ἐπ’</span> <span class='ocrx_word' id='word_1_403' title='bbox 1452 4975 1739 5048; x_wconf 78' lang='grc' dir='ltr'>ἀνθρώπου</span> <span class='ocrx_word' id='word_1_404' title='bbox 1764 4976 2015 5040; x_wconf 89' lang='grc' dir='ltr'>τοσοῦτος</span> <span class='ocrx_word' id='word_1_405' title='bbox 2034 4979 2062 5031; x_wconf 85' lang='grc' dir='ltr'>ό</span> <span class='ocrx_word' id='word_1_406' title='bbox 2078 4978 2342 5044; x_wconf 88' lang='grc' dir='ltr'>κίνδυνος,</span> 
     </span>
    </p>
   </div>
   <div class='ocr_carea' id='block_1_55' title="bbox 784 5064 2347 5138">
    <p class='ocr_par' dir='ltr' id='par_1_55' title="bbox 784 5064 2347 5138">
     <span class='ocr_line' id='line_1_55' title="bbox 784 5064 2347 5138; baseline -0.004 -14"><span class='ocrx_word' id='word_1_407' title='bbox 784 5071 908 5124; x_wconf 73' lang='grc' dir='ltr'>ποία</span> <span class='ocrx_word' id='word_1_408' title='bbox 942 5068 1149 5136; x_wconf 82' lang='grc' dir='ltr'>γένοιτο</span> <span class='ocrx_word' id='word_1_409' title='bbox 1176 5066 1241 5122; x_wconf 84' lang='grc' dir='ltr'>ἀν</span> <span class='ocrx_word' id='word_1_410' title='bbox 1268 5082 1398 5120; x_wconf 82' lang='grc' dir='ltr'>ποτε</span> <span class='ocrx_word' id='word_1_411' title='bbox 1428 5064 1723 5135; x_wconf 84' lang='grc' dir='ltr'>συγγνώμη</span> <span class='ocrx_word' id='word_1_412' title='bbox 1762 5066 1871 5128; x_wconf 87' lang='grc' dir='ltr'>τοῖς</span> <span class='ocrx_word' id='word_1_413' title='bbox 1910 5065 2177 5138; x_wconf 88' lang='grc' dir='ltr'>τοσαύτην</span> <span class='ocrx_word' id='word_1_414' title='bbox 2212 5068 2347 5121; x_wconf 69' lang='grc' dir='ltr'>ἀπό-</span> 
     </span>
    </p>
   </div>
   <div class='ocr_carea' id='block_1_56' title="bbox 783 5150 2347 5224">
    <p class='ocr_par' dir='ltr' id='par_1_56' title="bbox 783 5150 2347 5224">
     <span class='ocr_line' id='line_1_56' title="bbox 783 5150 2347 5224; baseline -0.003 -13"><span class='ocrx_word' id='word_1_415' title='bbox 783 5173 928 5215; x_wconf 78' lang='grc' dir='ltr'>νοιαν</span> <span class='ocrx_word' id='word_1_416' title='bbox 957 5153 1447 5224; x_wconf 72' lang='grc' dir='ltr'>ἐπιδεικνυμένοις,</span> <span class='ocrx_word' id='word_1_417' title='bbox 1489 5152 1584 5205; x_wconf 77' lang='grc' dir='ltr'>καὶ</span> <span class='ocrx_word' id='word_1_418' title='bbox 1602 5151 1671 5205; x_wconf 85' lang='grc' dir='ltr'>τὰ</span> <span class='ocrx_word' id='word_1_419' title='bbox 1703 5151 1854 5221; x_wconf 77' lang='grc' dir='ltr'>πιρά</span> <span class='ocrx_word' id='word_1_420' title='bbox 1890 5150 1985 5205; x_wconf 88' lang='grc' dir='ltr'>τοῦ</span> <span class='ocrx_word' id='word_1_421' title='bbox 2025 5155 2204 5207; x_wconf 91' lang='grc' dir='ltr'>κοινοῦ</span> <span class='ocrx_word' id='word_1_422' title='bbox 2236 5154 2347 5207; x_wconf 86' lang='grc' dir='ltr'>Σω-</span> 
     </span>
    </p>
   </div>
   <div class='ocr_carea' id='block_1_57' title="bbox 783 5237 2347 5315">
    <p class='ocr_par' dir='ltr' id='par_1_57' title="bbox 783 5237 2347 5315">
     <span class='ocr_line' id='line_1_57' title="bbox 783 5237 2347 5315; baseline -0.001 -18"><span class='ocrx_word' id='word_1_423' title='bbox 783 5245 942 5315; x_wconf 74' lang='grc' dir='ltr'>τῆρος</span> <span class='ocrx_word' id='word_1_424' title='bbox 972 5240 1129 5313; x_wconf 78' lang='grc' dir='ltr'>ἡμῶν</span> <span class='ocrx_word' id='word_1_425' title='bbox 1153 5240 1417 5310; x_wconf 79' lang='grc' dir='ltr'>εἰρημένα</span> <span class='ocrx_word' id='word_1_426' title='bbox 1452 5237 1845 5309; x_wconf 84' lang='grc' dir='ltr'>παραφθείρειν</span> <span class='ocrx_word' id='word_1_427' title='bbox 1868 5239 2223 5312; x_wconf 77' lang='grc' dir='ltr'>ἐπιχειροῦσι,</span> <span class='ocrx_word' id='word_1_428' title='bbox 2253 5259 2347 5295; x_wconf 87' lang='grc' dir='ltr'>και</span> 
     </span>
    </p>
   </div>
   <div class='ocr_carea' id='block_1_58' title="bbox 785 5324 2346 5400">
    <p class='ocr_par' dir='ltr' id='par_1_58' title="bbox 785 5324 2346 5400">
     <span class='ocr_line' id='line_1_58' title="bbox 785 5324 2346 5400; baseline -0.001 -16"><span class='ocrx_word' id='word_1_429' title='bbox 785 5330 903 5384; x_wconf 70' lang='grc' dir='ltr'>οὐδε</span> <span class='ocrx_word' id='word_1_430' title='bbox 936 5328 1146 5383; x_wconf 85' lang='grc' dir='ltr'>Παύλου</span> <span class='ocrx_word' id='word_1_431' title='bbox 1178 5326 1272 5381; x_wconf 88' lang='grc' dir='ltr'>τοῦ</span> <span class='ocrx_word' id='word_1_432' title='bbox 1302 5327 1390 5380; x_wconf 76' lang='grc' dir='ltr'>τὸν</span> <span class='ocrx_word' id='word_1_433' title='bbox 1423 5325 1658 5397; x_wconf 79' lang='grc' dir='ltr'>Χριστὸν</span> <span class='ocrx_word' id='word_1_434' title='bbox 1686 5324 1897 5395; x_wconf 78' lang='grc' dir='ltr'>ἔχοντος</span> <span class='ocrx_word' id='word_1_435' title='bbox 1930 5327 1987 5380; x_wconf 82' lang='grc' dir='ltr'>ὲν</span> <span class='ocrx_word' id='word_1_436' title='bbox 2028 5329 2206 5400; x_wconf 76' lang='grc' dir='ltr'>ἑαυτῷ</span> <span class='ocrx_word' id='word_1_437' title='bbox 2239 5329 2301 5383; x_wconf 84' lang='grc' dir='ltr'>λα</span> <span class='ocrx_word' id='word_1_438' title='bbox 2325 5359 2346 5370; x_wconf 92' lang='grc'><strong>-</strong></span> 
     </span>
    </p>
   </div>
   <div class='ocr_carea' id='block_1_59' title="bbox 786 5412 2348 5487">
    <p class='ocr_par' dir='ltr' id='par_1_59' title="bbox 786 5412 2348 5487">
     <span class='ocr_line' id='line_1_59' title="bbox 786 5412 2348 5487; baseline -0.007 -18"><span class='ocrx_word' id='word_1_439' title='bbox 786 5415 977 5471; x_wconf 85' lang='grc' dir='ltr'>λοῦντα</span> <span class='ocrx_word' id='word_1_440' title='bbox 1005 5415 1223 5471; x_wconf 86' lang='grc' dir='ltr'>ἀκούειν</span> <span class='ocrx_word' id='word_1_441' title='bbox 1252 5412 1611 5486; x_wconf 81' lang='grc' dir='ltr'>βουλομένοις,</span> <span class='ocrx_word' id='word_1_442' title='bbox 1650 5413 1878 5485; x_wconf 78' lang='grc' dir='ltr'>λαμπρᾷ</span> <span class='ocrx_word' id='word_1_443' title='bbox 1907 5416 1972 5485; x_wconf 81' lang='grc' dir='ltr'>τῇ</span> <span class='ocrx_word' id='word_1_444' title='bbox 2005 5419 2153 5487; x_wconf 73' lang='grc' dir='ltr'>φωνῇ</span> <span class='ocrx_word' id='word_1_445' title='bbox 2186 5417 2348 5487; x_wconf 67' lang='grc' dir='ltr'>βοῶν-</span> 
     </span>
    </p>
   </div>
   <div class='ocr_carea' id='block_1_60' title="bbox 788 5496 2348 5572">
    <p class='ocr_par' dir='ltr' id='par_1_60' title="bbox 788 5496 2348 5572">
     <span class='ocr_line' id='line_1_60' title="bbox 788 5496 2348 5572; baseline -0.001 -14"><span class='ocrx_word' id='word_1_446' title='bbox 788 5522 875 5568; x_wconf 89' lang='grc' dir='ltr'>τος</span> <span class='ocrx_word' id='word_1_447' title='bbox 896 5504 990 5558; x_wconf 72' lang='grc' dir='ltr'>καὶ</span> <span class='ocrx_word' id='word_1_448' title='bbox 1014 5505 1289 5572; x_wconf 87' lang='grc' dir='ltr'>λέγοντος·</span> <span class='ocrx_word' id='word_1_449' title='bbox 1338 5499 1670 5571; x_wconf 64' lang='grc' dir='ltr'>Ὄφθαλμός</span> <span class='ocrx_word' id='word_1_450' title='bbox 1684 5502 1795 5555; x_wconf 83' lang='grc' dir='ltr'>οὐκ</span> <span class='ocrx_word' id='word_1_451' title='bbox 1820 5496 1959 5563; x_wconf 76' lang='grc' dir='ltr'>εἶδε,</span> <span class='ocrx_word' id='word_1_452' title='bbox 1986 5501 2082 5554; x_wconf 78' lang='grc' dir='ltr'>καί</span> <span class='ocrx_word' id='word_1_453' title='bbox 2109 5499 2216 5571; x_wconf 84' lang='grc' dir='ltr'>οὖς</span> <span class='ocrx_word' id='word_1_454' title='bbox 2237 5505 2348 5559; x_wconf 85' lang='grc' dir='ltr'>οὐκ</span> 
     </span>
    </p>
   </div>
   <div class='ocr_carea' id='block_1_61' title="bbox 789 5586 2351 5660">
    <p class='ocr_par' dir='ltr' id='par_1_61' title="bbox 789 5586 2351 5660">
     <span class='ocr_line' id='line_1_61' title="bbox 789 5586 2351 5660; baseline -0.001 -14"><span class='ocrx_word' id='word_1_455' title='bbox 789 5592 1037 5660; x_wconf 70' lang='grc' dir='ltr'>ἤκουσε,</span> <span class='ocrx_word' id='word_1_456' title='bbox 1066 5590 1164 5644; x_wconf 82' lang='grc' dir='ltr'>καί</span> <span class='ocrx_word' id='word_1_457' title='bbox 1194 5588 1292 5643; x_wconf 80' lang='grc' dir='ltr'>ἐπί</span> <span class='ocrx_word' id='word_1_458' title='bbox 1326 5586 1575 5657; x_wconf 81' lang='grc' dir='ltr'>καρδίαν</span> <span class='ocrx_word' id='word_1_459' title='bbox 1599 5586 1910 5655; x_wconf 81' lang='grc' dir='ltr'>ἀνθρώπου</span> <span class='ocrx_word' id='word_1_460' title='bbox 1932 5590 2041 5641; x_wconf 80' lang='grc' dir='ltr'>οὐκ</span> <span class='ocrx_word' id='word_1_461' title='bbox 2073 5589 2275 5657; x_wconf 79' lang='grc' dir='ltr'>ἀνέϐη,</span> <span class='ocrx_word' id='word_1_462' title='bbox 2312 5590 2351 5645; x_wconf 76' lang='grc' dir='ltr'><em>ἁ</em></span> 
     </span>
    </p>
   </div>
   <div class='ocr_carea' id='block_1_62' title="bbox 790 5673 2351 5748">
    <p class='ocr_par' dir='ltr' id='par_1_62' title="bbox 790 5673 2351 5748">
     <span class='ocr_line' id='line_1_62' title="bbox 790 5673 2351 5748; baseline 0.001 -15"><span class='ocrx_word' id='word_1_463' title='bbox 790 5681 1115 5748; x_wconf 76' lang='grc' dir='ltr'>ἡτοίμασεν</span> <span class='ocrx_word' id='word_1_464' title='bbox 1138 5681 1169 5732; x_wconf 86' lang='grc' dir='ltr'><strong><em>ό</em></strong></span> <span class='ocrx_word' id='word_1_465' title='bbox 1196 5677 1337 5743; x_wconf 80' lang='grc' dir='ltr'>Θεὸς</span> <span class='ocrx_word' id='word_1_466' title='bbox 1360 5674 1485 5740; x_wconf 82' lang='grc' dir='ltr'>τοῖς</span> <span class='ocrx_word' id='word_1_467' title='bbox 1502 5673 1819 5746; x_wconf 39' lang='grc' dir='ltr'>,ἀγαπῶσιν</span> <span class='ocrx_word' id='word_1_468' title='bbox 1835 5677 2059 5741; x_wconf 83' lang='grc' dir='ltr'>αὐτόν;</span> <span class='ocrx_word' id='word_1_469' title='bbox 2086 5677 2147 5730; x_wconf 84' lang='grc' dir='ltr'>Εἰ</span> <span class='ocrx_word' id='word_1_470' title='bbox 2166 5680 2351 5734; x_wconf 78' lang='grc' dir='ltr'>τοίνυν</span> 
     </span>
    </p>
   </div>
   <div class='ocr_carea' id='block_1_63' title="bbox 789 5757 2350 5837">
    <p class='ocr_par' dir='ltr' id='par_1_63' title="bbox 789 5757 2350 5837">
     <span class='ocr_line' id='line_1_63' title="bbox 789 5757 2350 5837; baseline 0.002 -18"><span class='ocrx_word' id='word_1_471' title='bbox 789 5767 911 5821; x_wconf 72' lang='grc' dir='ltr'>οὔτε</span> <span class='ocrx_word' id='word_1_472' title='bbox 950 5764 1221 5836; x_wconf 79' lang='grc' dir='ltr'>ὀφθαλμὸς</span> <span class='ocrx_word' id='word_1_473' title='bbox 1251 5759 1410 5829; x_wconf 81' lang='grc' dir='ltr'>εἶδεν,</span> <span class='ocrx_word' id='word_1_474' title='bbox 1451 5762 1571 5815; x_wconf 72' lang='grc' dir='ltr'>οὔτε</span> <span class='ocrx_word' id='word_1_475' title='bbox 1598 5757 1689 5826; x_wconf 80' lang='grc' dir='ltr'>οῦς</span> <span class='ocrx_word' id='word_1_476' title='bbox 1719 5763 1968 5831; x_wconf 74' lang='grc' dir='ltr'>ηκουσεν,</span> <span class='ocrx_word' id='word_1_477' title='bbox 2003 5763 2123 5818; x_wconf 75' lang='grc' dir='ltr'>οὔτε</span> <span class='ocrx_word' id='word_1_478' title='bbox 2155 5768 2350 5837; x_wconf 82' lang='grc' dir='ltr'>καρδία</span> 
     </span>
    </p>
   </div>
   <div class='ocr_carea' id='block_1_64' title="bbox 1349 347 3199 428">
    <p class='ocr_par' dir='ltr' id='par_1_64' title="bbox 1349 347 3199 428">
     <span class='ocr_line' id='line_1_64' title="bbox 1349 347 3199 428; baseline -0.014 0"><span class='ocrx_word' id='word_1_479' title='bbox 1349 368 1409 428; x_wconf 86' lang='lat' dir='ltr'>S.</span> <span class='ocrx_word' id='word_1_480' title='bbox 1447 366 1734 427; x_wconf 74' lang='lat' dir='ltr'>JOANNIS</span> <span class='ocrx_word' id='word_1_481' title='bbox 1767 357 2257 424; x_wconf 69' lang='grc' dir='ltr'>ειιιιῖεοετυιιι</span> <span class='ocrx_word' id='word_1_482' title='bbox 2298 351 2617 410; x_wconf 72' lang='lat' dir='ltr'>ARCHIEP.</span> <span class='ocrx_word' id='word_1_483' title='bbox 2656 347 3199 411; x_wconf 77' lang='lat' dir='ltr'>CONSTANTINOP.</span> 
     </span>
    </p>
   </div>
   <div class='ocr_carea' id='block_1_65' title="bbox 3886 337 3995 393">
    <p class='ocr_par' dir='ltr' id='par_1_65' title="bbox 3886 337 3995 393">
     <span class='ocr_line' id='line_1_65' title="bbox 3886 337 3995 393; baseline -0.018 1"><span class='ocrx_word' id='word_1_484' title='bbox 3886 337 3995 393; x_wconf 57' lang='lat'>£66</span> 
     </span>
    </p>
   </div>
   <div class='ocr_carea' id='block_1_66' title="bbox 2421 450 3995 540">
    <p class='ocr_par' dir='ltr' id='par_1_66' title="bbox 2421 450 3995 540">
     <span class='ocr_line' id='line_1_66' title="bbox 2421 450 3995 540; baseline -0.012 -19"><span class='ocrx_word' id='word_1_485' title='bbox 2421 467 2673 535; x_wconf 83' lang='grc' dir='ltr'>δέξασθαι</span> <span class='ocrx_word' id='word_1_486' title='bbox 2696 467 2934 540; x_wconf 69' lang='grc' dir='ltr'>ἠδυνήθη</span> <span class='ocrx_word' id='word_1_487' title='bbox 2959 464 3058 535; x_wconf 83' lang='grc' dir='ltr'>τὴν</span> <span class='ocrx_word' id='word_1_488' title='bbox 3081 460 3280 532; x_wconf 88' lang='grc' dir='ltr'>γνῶσιν</span> <span class='ocrx_word' id='word_1_489' title='bbox 3300 456 3405 512; x_wconf 87' lang='grc' dir='ltr'>τῶν</span> <span class='ocrx_word' id='word_1_490' title='bbox 3428 450 3852 540; x_wconf 3' lang='grc' dir='ltr'>,ἡτοιμασμένων</span> <span class='ocrx_word' id='word_1_491' title='bbox 3877 452 3995 540; x_wconf 59' lang='grc' dir='ltr'>τοῖς</span> 
     </span>
    </p>
   </div>
   <div class='ocr_carea' id='block_1_67' title="bbox 2422 536 3995 628">
    <p class='ocr_par' dir='ltr' id='par_1_67' title="bbox 2422 536 3995 628">
     <span class='ocr_line' id='line_1_67' title="bbox 2422 536 3995 628; baseline -0.012 -13"><span class='ocrx_word' id='word_1_492' title='bbox 2422 536 2731 628; x_wconf 68' lang='grc' dir='ltr'>ἀγαπῶσιν</span> <span class='ocrx_word' id='word_1_493' title='bbox 2748 536 2931 623; x_wconf 78' lang='grc' dir='ltr'>αὒτδν,</span> <span class='ocrx_word' id='word_1_494' title='bbox 2978 554 3142 609; x_wconf 87' lang='grc' dir='ltr'>πόθεν</span> <span class='ocrx_word' id='word_1_495' title='bbox 3192 552 3372 622; x_wconf 86' lang='grc' dir='ltr'>ἡμεῖς,</span> <span class='ocrx_word' id='word_1_496' title='bbox 3416 539 3464 601; x_wconf 79' lang='grc' dir='ltr'>ὧ</span> <span class='ocrx_word' id='word_1_497' title='bbox 3513 543 3749 617; x_wconf 78' lang='grc' dir='ltr'>μακάριε</span> <span class='ocrx_word' id='word_1_498' title='bbox 3788 536 3995 608; x_wconf 77' lang='grc' dir='ltr'>Παῦλε.</span> 
     </span>
    </p>
   </div>
   <div class='ocr_carea' id='block_1_68' title="bbox 2422 629 3998 719">
    <p class='ocr_par' dir='ltr' id='par_1_68' title="bbox 2422 629 3998 719">
     <span class='ocr_line' id='line_1_68' title="bbox 2422 629 3998 719; baseline -0.013 -17"><span class='ocrx_word' id='word_1_499' title='bbox 2422 646 2628 701; x_wconf 89' lang='grc' dir='ltr'>τούτων</span> <span class='ocrx_word' id='word_1_500' title='bbox 2648 646 2745 719; x_wconf 78' lang='grc' dir='ltr'>τὴν</span> <span class='ocrx_word' id='word_1_501' title='bbox 2770 644 2972 716; x_wconf 86' lang='grc' dir='ltr'>γνῶσιν</span> <span class='ocrx_word' id='word_1_502' title='bbox 2996 643 3141 711; x_wconf 85' lang='grc' dir='ltr'>σχεῖν</span> <span class='ocrx_word' id='word_1_503' title='bbox 3175 634 3479 707; x_wconf 84' lang='grc' dir='ltr'>δυνάμεθα;</span> <span class='ocrx_word' id='word_1_504' title='bbox 3524 630 3736 704; x_wconf 73' lang='grc' dir='ltr'>Μικρὸν</span> <span class='ocrx_word' id='word_1_505' title='bbox 3762 629 3998 699; x_wconf 80' lang='grc' dir='ltr'>ἀνάμει-</span> 
     </span>
    </p>
   </div>
   <div class='ocr_carea' id='block_1_69' title="bbox 2426 722 4001 809">
    <p class='ocr_par' dir='ltr' id='par_1_69' title="bbox 2426 722 4001 809">
     <span class='ocr_line' id='line_1_69' title="bbox 2426 722 4001 809; baseline -0.013 -16"><span class='ocrx_word' id='word_1_506' title='bbox 2426 755 2534 803; x_wconf 87' lang='grc' dir='ltr'><strong><em>νον,</em></strong></span> <span class='ocrx_word' id='word_1_507' title='bbox 2558 738 2651 793; x_wconf 69' lang='grc' dir='ltr'>καὶ</span> <span class='ocrx_word' id='word_1_508' title='bbox 2678 735 2888 809; x_wconf 78' lang='grc' dir='ltr'>ἀκούσῃ</span> <span class='ocrx_word' id='word_1_509' title='bbox 2912 732 3078 790; x_wconf 79' lang='grc' dir='ltr'>αὐτοῦ</span> <span class='ocrx_word' id='word_1_510' title='bbox 3098 728 3373 786; x_wconf 77' lang='grc' dir='ltr'>καὶτοῦτο</span> <span class='ocrx_word' id='word_1_511' title='bbox 3397 724 3681 797; x_wconf 75' lang='grc' dir='ltr'>δηλοῦντος</span> <span class='ocrx_word' id='word_1_512' title='bbox 3700 737 3712 753; x_wconf 92' lang='grc'><strong>·</strong></span> <span class='ocrx_word' id='word_1_513' title='bbox 3742 722 4001 791; x_wconf 63' lang='grc' dir='ltr'>ἀπήγαγε</span> 
     </span>
    </p>
   </div>
   <div class='ocr_carea' id='block_1_70' title="bbox 2425 810 4001 899">
    <p class='ocr_par' dir='ltr' id='par_1_70' title="bbox 2425 810 4001 899">
     <span class='ocr_line' id='line_1_70' title="bbox 2425 810 4001 899; baseline -0.012 -15"><span class='ocrx_word' id='word_1_514' title='bbox 2425 829 2557 899; x_wconf 91' lang='grc' dir='ltr'>γοῦν</span> <span class='ocrx_word' id='word_1_515' title='bbox 2583 829 2775 898; x_wconf 84' lang='grc' dir='ltr'>λέγων·</span> <span class='ocrx_word' id='word_1_516' title='bbox 2819 825 2982 896; x_wconf 79' lang='grc' dir='ltr'>Ἡμῖν</span> <span class='ocrx_word' id='word_1_517' title='bbox 3011 823 3081 877; x_wconf 80' lang='grc' dir='ltr'>δὲ</span> <span class='ocrx_word' id='word_1_518' title='bbox 3118 824 3152 877; x_wconf 85' lang='grc' dir='ltr'><em>ὁ</em></span> <span class='ocrx_word' id='word_1_519' title='bbox 3184 818 3329 886; x_wconf 78' lang='grc' dir='ltr'>Θεὸς</span> <span class='ocrx_word' id='word_1_520' title='bbox 3365 816 3722 884; x_wconf 57' lang='lat' dir='ltr'>unum</span> <span class='ocrx_word' id='word_1_521' title='bbox 3746 812 3846 868; x_wconf 80' lang='grc' dir='ltr'><strong><em>διὰ</em></strong></span> <span class='ocrx_word' id='word_1_522' title='bbox 3884 810 4001 866; x_wconf 78' lang='grc' dir='ltr'>τοῦ</span> 
     </span>
    </p>
   </div>
   <div class='ocr_carea' id='block_1_71' title="bbox 2427 902 4001 991">
    <p class='ocr_par' dir='ltr' id='par_1_71' title="bbox 2427 902 4001 991">
     <span class='ocr_line' id='line_1_71' title="bbox 2427 902 4001 991; baseline -0.015 -14"><span class='ocrx_word' id='word_1_523' title='bbox 2427 922 2772 991; x_wconf 80' lang='grc' dir='ltr'>Πνεύματος</span> <span class='ocrx_word' id='word_1_524' title='bbox 2815 916 3022 972; x_wconf 83' lang='grc' dir='ltr'>αὐτοῦ.</span> <span class='ocrx_word' id='word_1_525' title='bbox 3076 912 3188 968; x_wconf 71' lang='grc' dir='ltr'>Καὶ</span> <span class='ocrx_word' id='word_1_526' title='bbox 3222 911 3344 967; x_wconf 71' lang='grc' dir='ltr'>οὐδὲ</span> <span class='ocrx_word' id='word_1_527' title='bbox 3384 909 3546 981; x_wconf 84' lang='grc' dir='ltr'>μέχρι</span> <span class='ocrx_word' id='word_1_528' title='bbox 3588 904 3781 958; x_wconf 88' lang='grc' dir='ltr'>τούτου</span> <span class='ocrx_word' id='word_1_529' title='bbox 3827 902 4001 972; x_wconf 74' lang='grc' dir='ltr'>ιστη·</span> 
     </span>
    </p>
   </div>
   <div class='ocr_carea' id='block_1_72' title="bbox 2427 992 4005 1081">
    <p class='ocr_par' dir='ltr' id='par_1_72' title="bbox 2427 992 4005 1081">
     <span class='ocr_line' id='line_1_72' title="bbox 2427 992 4005 1081; baseline -0.015 -12"><span class='ocrx_word' id='word_1_530' title='bbox 2427 1013 2541 1069; x_wconf 82' lang='grc' dir='ltr'>ἀλλ’</span> <span class='ocrx_word' id='word_1_531' title='bbox 2574 1013 2661 1067; x_wconf 91' lang='grc' dir='ltr'>ῖνα</span> <span class='ocrx_word' id='word_1_532' title='bbox 2687 1010 2835 1081; x_wconf 78' lang='grc' dir='ltr'>δείξῃ</span> <span class='ocrx_word' id='word_1_533' title='bbox 2866 1008 2960 1062; x_wconf 70' lang='grc' dir='ltr'>καὶ</span> <span class='ocrx_word' id='word_1_534' title='bbox 2985 1008 3083 1077; x_wconf 84' lang='grc' dir='ltr'>τῆς</span> <span class='ocrx_word' id='word_1_535' title='bbox 3114 1005 3392 1074; x_wconf 86' lang='grc' dir='ltr'>δυνάμεως</span> <span class='ocrx_word' id='word_1_536' title='bbox 3425 998 3487 1053; x_wconf 79' lang='grc' dir='ltr'>τὸ</span> <span class='ocrx_word' id='word_1_537' title='bbox 3513 995 3761 1067; x_wconf 82' lang='grc' dir='ltr'>μέγεθος,</span> <span class='ocrx_word' id='word_1_538' title='bbox 3795 995 3889 1048; x_wconf 79' lang='grc' dir='ltr'>καὶ</span> <span class='ocrx_word' id='word_1_539' title='bbox 3918 992 4005 1055; x_wconf 82' lang='grc' dir='ltr'>ὡς</span> 
     </span>
    </p>
   </div>
   <div class='ocr_carea' id='block_1_73' title="bbox 2426 1081 4001 1173">
    <p class='ocr_par' dir='ltr' id='par_1_73' title="bbox 2426 1081 4001 1173">
     <span class='ocr_line' id='line_1_73' title="bbox 2426 1081 4001 1173; baseline -0.015 -16"><span class='ocrx_word' id='word_1_540' title='bbox 2426 1104 2524 1173; x_wconf 86' lang='grc' dir='ltr'>τῆς</span> <span class='ocrx_word' id='word_1_541' title='bbox 2548 1100 2715 1171; x_wconf 80' lang='grc' dir='ltr'>αὐτῆς</span> <span class='ocrx_word' id='word_1_542' title='bbox 2740 1101 2890 1153; x_wconf 74' lang='grc' dir='ltr'>ἐστιν</span> <span class='ocrx_word' id='word_1_543' title='bbox 2914 1096 3101 1159; x_wconf 80' lang='grc' dir='ltr'>οὐσίας</span> <span class='ocrx_word' id='word_1_544' title='bbox 3122 1092 3201 1166; x_wconf 82' lang='grc' dir='ltr'>τῷ</span> <span class='ocrx_word' id='word_1_545' title='bbox 3233 1089 3410 1162; x_wconf 75' lang='grc' dir='ltr'>Πατρὶ</span> <span class='ocrx_word' id='word_1_546' title='bbox 3432 1088 3527 1143; x_wconf 76' lang='grc' dir='ltr'>καὶ</span> <span class='ocrx_word' id='word_1_547' title='bbox 3559 1086 3638 1157; x_wconf 82' lang='grc' dir='ltr'>τῷ</span> <span class='ocrx_word' id='word_1_548' title='bbox 3667 1083 3801 1173; x_wconf 72' lang='grc' dir='ltr'>Υίῶ,</span> <span class='ocrx_word' id='word_1_549' title='bbox 3837 1081 4001 1173; x_wconf 47' lang='grc' dir='ltr'>φησίζ</span> 
     </span>
    </p>
   </div>
   <div class='ocr_carea' id='block_1_74' title="bbox 2430 1168 4007 1262">
    <p class='ocr_par' dir='ltr' id='par_1_74' title="bbox 2430 1168 4007 1262">
     <span class='ocr_line' id='line_1_74' title="bbox 2430 1168 4007 1262; baseline -0.016 -15"><span class='ocrx_word' id='word_1_550' title='bbox 2430 1168 2499 1247; x_wconf 77' lang='grc' dir='ltr'>Τό</span> <span class='ocrx_word' id='word_1_551' title='bbox 2523 1189 2631 1262; x_wconf 80' lang='grc' dir='ltr'>γὰρ</span> <span class='ocrx_word' id='word_1_552' title='bbox 2662 1168 2904 1258; x_wconf 79' lang='grc' dir='ltr'>Πνεῦμα</span> <span class='ocrx_word' id='word_1_553' title='bbox 2943 1184 3139 1242; x_wconf 78' lang='grc' dir='ltr'>πάντα</span> <span class='ocrx_word' id='word_1_554' title='bbox 3184 1177 3419 1250; x_wconf 83' lang='grc' dir='ltr'>ἐρευνᾷ,</span> <span class='ocrx_word' id='word_1_555' title='bbox 3451 1174 3551 1230; x_wconf 81' lang='grc' dir='ltr'>καί</span> <span class='ocrx_word' id='word_1_556' title='bbox 3598 1175 3667 1229; x_wconf 79' lang='grc' dir='ltr'><strong><em>τὰ</em></strong></span> <span class='ocrx_word' id='word_1_557' title='bbox 3691 1171 3852 1240; x_wconf 81' lang='grc' dir='ltr'><strong><em>,βάοη</em></strong></span> <span class='ocrx_word' id='word_1_558' title='bbox 3891 1168 4007 1262; x_wconf 66' lang='grc' dir='ltr'>τοῦ</span> 
     </span>
    </p>
   </div>
   <div class='ocr_carea' id='block_1_75' title="bbox 2431 1260 4007 1348">
    <p class='ocr_par' dir='ltr' id='par_1_75' title="bbox 2431 1260 4007 1348">
     <span class='ocr_line' id='line_1_75' title="bbox 2431 1260 4007 1348; baseline -0.015 -12"><span class='ocrx_word' id='word_1_559' title='bbox 2431 1260 2611 1337; x_wconf 51' lang='grc' dir='ltr'>Θεοῦξ</span> <span class='ocrx_word' id='word_1_560' title='bbox 2636 1276 2770 1335; x_wconf 77' lang='grc' dir='ltr'>Εἶτα</span> <span class='ocrx_word' id='word_1_561' title='bbox 2799 1278 3116 1348; x_wconf 85' lang='grc' dir='ltr'>βουλόμενος</span> <span class='ocrx_word' id='word_1_562' title='bbox 3148 1274 3208 1340; x_wconf 65' lang='grc' dir='ltr'>ἐξ</span> <span class='ocrx_word' id='word_1_563' title='bbox 3232 1268 3585 1341; x_wconf 86' lang='grc' dir='ltr'>ἀνθρωπίνων</span> <span class='ocrx_word' id='word_1_564' title='bbox 3618 1260 4007 1335; x_wconf 84' lang='grc' dir='ltr'>παραδειγμά-</span> 
     </span>
    </p>
   </div>
   <div class='ocr_carea' id='block_1_76' title="bbox 2428 1354 4006 1444">
    <p class='ocr_par' dir='ltr' id='par_1_76' title="bbox 2428 1354 4006 1444">
     <span class='ocr_line' id='line_1_76' title="bbox 2428 1354 4006 1444; baseline -0.016 -14"><span class='ocrx_word' id='word_1_565' title='bbox 2428 1392 2537 1429; x_wconf 86' lang='grc' dir='ltr'>των</span> <span class='ocrx_word' id='word_1_566' title='bbox 2584 1372 2980 1444; x_wconf 85' lang='grc' dir='ltr'>ἀκριϐεστέραν</span> <span class='ocrx_word' id='word_1_567' title='bbox 3018 1369 3151 1439; x_wconf 81' lang='grc' dir='ltr'>ἡμῖν</span> <span class='ocrx_word' id='word_1_568' title='bbox 3195 1364 3427 1419; x_wconf 72' lang='grc' dir='ltr'>ἐνθεῖναι</span> <span class='ocrx_word' id='word_1_569' title='bbox 3482 1361 3583 1432; x_wconf 79' lang='grc' dir='ltr'>τὴν</span> <span class='ocrx_word' id='word_1_570' title='bbox 3630 1354 4006 1417; x_wconf 85' lang='grc' dir='ltr'>διδασκαλίαν,</span> 
     </span>
    </p>
   </div>
   <div class='ocr_carea' id='block_1_77' title="bbox 2434 1810 4010 1901">
    <p class='ocr_par' dir='ltr' id='par_1_77' title="bbox 2434 1810 4010 1901">
     <span class='ocr_line' id='line_1_77' title="bbox 2434 1810 4010 1901; baseline -0.015 -16"><span class='ocrx_word' id='word_1_571' title='bbox 2434 1848 2565 1901; x_wconf 88' lang='grc' dir='ltr'>νην;</span> <span class='ocrx_word' id='word_1_572' title='bbox 2591 1830 2821 1897; x_wconf 81' lang='grc' dir='ltr'>Ὠσπερ,</span> <span class='ocrx_word' id='word_1_573' title='bbox 2849 1824 3003 1896; x_wconf 73' lang='grc' dir='ltr'>φησὶ,</span> <span class='ocrx_word' id='word_1_574' title='bbox 3029 1821 3099 1876; x_wconf 89' lang='grc' dir='ltr'>τά</span> <span class='ocrx_word' id='word_1_575' title='bbox 3126 1823 3184 1874; x_wconf 76' lang='grc' dir='ltr'>ὲν</span> <span class='ocrx_word' id='word_1_576' title='bbox 3215 1818 3425 1889; x_wconf 73' lang='grc' dir='ltr'>διανοίᾳ</span> <span class='ocrx_word' id='word_1_577' title='bbox 3463 1815 3556 1869; x_wconf 90' lang='grc' dir='ltr'>τοῦ</span> <span class='ocrx_word' id='word_1_578' title='bbox 3586 1812 3872 1901; x_wconf 57' lang='grc' dir='ltr'>ἀνθρώ-εσυ</span> <span class='ocrx_word' id='word_1_579' title='bbox 3906 1810 4010 1878; x_wconf 78' lang='grc' dir='ltr'>οὐχ</span> 
     </span>
    </p>
   </div>
   <div class='ocr_carea' id='block_1_78' title="bbox 2434 1895 4012 1989">
    <p class='ocr_par' dir='ltr' id='par_1_78' title="bbox 2434 1895 4012 1989">
     <span class='ocr_line' id='line_1_78' title="bbox 2434 1895 4012 1989; baseline -0.016 -12"><span class='ocrx_word' id='word_1_580' title='bbox 2434 1895 2546 1977; x_wconf 73' lang='grc' dir='ltr'>οἷδν</span> <span class='ocrx_word' id='word_1_581' title='bbox 2583 1938 2641 1974; x_wconf 90' lang='grc' dir='ltr'>τε</span> <span class='ocrx_word' id='word_1_582' title='bbox 2668 1895 2853 1989; x_wconf 72' lang='grc' dir='ltr'>ἕτερόν</span> <span class='ocrx_word' id='word_1_583' title='bbox 2874 1932 2998 1969; x_wconf 89' lang='grc' dir='ltr'>τινα</span> <span class='ocrx_word' id='word_1_584' title='bbox 3034 1911 3248 1975; x_wconf 81' lang='grc' dir='ltr'>εἰδέναι,</span> <span class='ocrx_word' id='word_1_585' title='bbox 3280 1906 3395 1963; x_wconf 76' lang='grc' dir='ltr'>ἀλλ’</span> <span class='ocrx_word' id='word_1_586' title='bbox 3424 1905 3585 1967; x_wconf 74' lang='grc' dir='ltr'>αὐτὸς</span> <span class='ocrx_word' id='word_1_587' title='bbox 3617 1903 3775 1974; x_wconf 84' lang='grc' dir='ltr'>μόνος</span> <span class='ocrx_word' id='word_1_588' title='bbox 3800 1895 3909 1953; x_wconf 76' lang='grc' dir='ltr'>οἶδε</span> <span class='ocrx_word' id='word_1_589' title='bbox 3938 1899 4012 1952; x_wconf 73' lang='grc' dir='ltr'>τὰ</span> 
     </span>
    </p>
   </div>
   <div class='ocr_carea' id='block_1_79' title="bbox 2436 1990 4013 2068">
    <p class='ocr_par' dir='ltr' id='par_1_79' title="bbox 2436 1990 4013 2068">
     <span class='ocr_line' id='line_1_79' title="bbox 2436 1990 4013 2068; baseline -0.016 0"><span class='ocrx_word' id='word_1_590' title='bbox 2436 2012 2658 2068; x_wconf 72' lang='grc' dir='ltr'>ἑαυτοῦο</span> <span class='ocrx_word' id='word_1_591' title='bbox 2694 2009 2837 2063; x_wconf 72' lang='grc' dir='ltr'>οὕτω</span> <span class='ocrx_word' id='word_1_592' title='bbox 2868 2007 2963 2061; x_wconf 76' lang='grc' dir='ltr'>καὶ</span> <span class='ocrx_word' id='word_1_593' title='bbox 2997 2005 3065 2058; x_wconf 81' lang='grc' dir='ltr'>τὰ</span> <span class='ocrx_word' id='word_1_594' title='bbox 3090 2002 3185 2055; x_wconf 83' lang='grc' dir='ltr'>τοῦ</span> <span class='ocrx_word' id='word_1_595' title='bbox 3218 1999 3353 2055; x_wconf 85' lang='grc' dir='ltr'>Θεοῦ</span> <span class='ocrx_word' id='word_1_596' title='bbox 3376 1998 3552 2061; x_wconf 73' lang='grc' dir='ltr'>οὐδεὶς</span> <span class='ocrx_word' id='word_1_597' title='bbox 3573 1990 3734 2058; x_wconf 81' lang='grc' dir='ltr'>οἶδεν,</span> <span class='ocrx_word' id='word_1_598' title='bbox 3764 1994 3814 2046; x_wconf 79' lang='grc' dir='ltr'>εί</span> <span class='ocrx_word' id='word_1_599' title='bbox 3851 1992 3925 2062; x_wconf 79' lang='grc' dir='ltr'>μὴ</span> <span class='ocrx_word' id='word_1_600' title='bbox 3947 1990 4013 2043; x_wconf 82' lang='grc' dir='ltr'>τὸ</span> 
     </span>
    </p>
   </div>
   <div class='ocr_carea' id='block_1_80' title="bbox 2436 2084 4013 2175">
    <p class='ocr_par' dir='ltr' id='par_1_80' title="bbox 2436 2084 4013 2175">
     <span class='ocr_line' id='line_1_80' title="bbox 2436 2084 4013 2175; baseline -0.018 -13"><span class='ocrx_word' id='word_1_601' title='bbox 2436 2106 2657 2175; x_wconf 82' lang='grc' dir='ltr'>Πνεῦμα</span> <span class='ocrx_word' id='word_1_602' title='bbox 2689 2103 2783 2156; x_wconf 91' lang='grc' dir='ltr'>τοῦ</span> <span class='ocrx_word' id='word_1_603' title='bbox 2812 2099 2949 2155; x_wconf 82' lang='grc' dir='ltr'>Θεοῦ</span> <span class='ocrx_word' id='word_1_604' title='bbox 2967 2116 2982 2131; x_wconf 90' lang='grc'><strong>·</strong></span> <span class='ocrx_word' id='word_1_605' title='bbox 3006 2098 3036 2151; x_wconf 86' lang='grc' dir='ltr'>δ</span> <span class='ocrx_word' id='word_1_606' title='bbox 3070 2096 3329 2168; x_wconf 87' lang='grc' dir='ltr'>μέγιστον</span> <span class='ocrx_word' id='word_1_607' title='bbox 3349 2092 3443 2146; x_wconf 75' lang='grc' dir='ltr'>καὶ</span> <span class='ocrx_word' id='word_1_608' title='bbox 3465 2088 3667 2160; x_wconf 86' lang='grc' dir='ltr'>σφόδρα</span> <span class='ocrx_word' id='word_1_609' title='bbox 3691 2086 3871 2141; x_wconf 78' lang='grc' dir='ltr'>ἰκανὸν</span> <span class='ocrx_word' id='word_1_610' title='bbox 3896 2084 4013 2137; x_wconf 65' lang='grc' dir='ltr'>δεῖ.</span> 
     </span>
    </p>
   </div>
   <div class='ocr_carea' id='block_1_81' title="bbox 2439 2175 4013 2264">
    <p class='ocr_par' dir='ltr' id='par_1_81' title="bbox 2439 2175 4013 2264">
     <span class='ocr_line' id='line_1_81' title="bbox 2439 2175 4013 2264; baseline -0.017 -11"><span class='ocrx_word' id='word_1_611' title='bbox 2439 2198 2524 2264; x_wconf 83' lang='grc' dir='ltr'>ξαι</span> <span class='ocrx_word' id='word_1_612' title='bbox 2552 2196 2644 2250; x_wconf 87' lang='grc' dir='ltr'>τοῦ</span> <span class='ocrx_word' id='word_1_613' title='bbox 2672 2193 2985 2264; x_wconf 87' lang='grc' dir='ltr'>Πνεύματος</span> <span class='ocrx_word' id='word_1_614' title='bbox 3016 2190 3113 2260; x_wconf 80' lang='grc' dir='ltr'>τὴν</span> <span class='ocrx_word' id='word_1_615' title='bbox 3133 2186 3309 2253; x_wconf 84' lang='grc' dir='ltr'>ἀξίαν.</span> <span class='ocrx_word' id='word_1_616' title='bbox 3335 2180 3691 2253; x_wconf 80' lang='grc' dir='ltr'>Παράδειγμα</span> <span class='ocrx_word' id='word_1_617' title='bbox 3724 2175 3837 2247; x_wconf 88' lang='grc' dir='ltr'>γάρ</span> <span class='ocrx_word' id='word_1_618' title='bbox 3863 2190 4013 2244; x_wconf 85' lang='grc' dir='ltr'>παρ-</span> 
     </span>
    </p>
   </div>
   <div class='ocr_carea' id='block_1_82' title="bbox 2438 2264 4013 2362">
    <p class='ocr_par' dir='ltr' id='par_1_82' title="bbox 2438 2264 4013 2362">
     <span class='ocr_line' id='line_1_82' title="bbox 2438 2264 4013 2362; baseline -0.019 -17"><span class='ocrx_word' id='word_1_619' title='bbox 2438 2292 2613 2362; x_wconf 81' lang='grc' dir='ltr'>ήγαγε</span> <span class='ocrx_word' id='word_1_620' title='bbox 2655 2286 2934 2359; x_wconf 82' lang='grc' dir='ltr'>μονονουχί</span> <span class='ocrx_word' id='word_1_621' title='bbox 2957 2281 3149 2349; x_wconf 85' lang='grc' dir='ltr'>λέγων,</span> <span class='ocrx_word' id='word_1_622' title='bbox 3185 2276 3260 2348; x_wconf 82' lang='grc' dir='ltr'>μὴ</span> <span class='ocrx_word' id='word_1_623' title='bbox 3292 2268 3403 2328; x_wconf 73' lang='grc' dir='ltr'>οἶόν</span> <span class='ocrx_word' id='word_1_624' title='bbox 3430 2273 3490 2324; x_wconf 80' lang='grc' dir='ltr'>τέ</span> <span class='ocrx_word' id='word_1_625' title='bbox 3528 2287 3651 2324; x_wconf 87' lang='grc' dir='ltr'>τινα</span> <span class='ocrx_word' id='word_1_626' title='bbox 3673 2266 3784 2320; x_wconf 88' lang='grc' dir='ltr'>τῶν</span> <span class='ocrx_word' id='word_1_627' title='bbox 3799 2264 4013 2336; x_wconf 82' lang='grc' dir='ltr'>ἀνθρὼ-</span> 
     </span>
    </p>
   </div>
   <div class='ocr_carea' id='block_1_83' title="bbox 2440 2354 4014 2447">
    <p class='ocr_par' dir='ltr' id='par_1_83' title="bbox 2440 2354 4014 2447">
     <span class='ocr_line' id='line_1_83' title="bbox 2440 2354 4014 2447; baseline -0.018 -9"><span class='ocrx_word' id='word_1_628' title='bbox 2440 2400 2554 2437; x_wconf 84' lang='grc' dir='ltr'>πων</span> <span class='ocrx_word' id='word_1_629' title='bbox 2577 2381 2645 2435; x_wconf 75' lang='grc' dir='ltr'>τά</span> <span class='ocrx_word' id='word_1_630' title='bbox 2679 2381 2737 2433; x_wconf 79' lang='grc' dir='ltr'>ὲν</span> <span class='ocrx_word' id='word_1_631' title='bbox 2763 2375 2969 2447; x_wconf 83' lang='grc' dir='ltr'>διανοίᾳ</span> <span class='ocrx_word' id='word_1_632' title='bbox 2995 2371 3159 2429; x_wconf 75' lang='grc' dir='ltr'>αὐτοῦ</span> <span class='ocrx_word' id='word_1_633' title='bbox 3190 2366 3455 2439; x_wconf 75' lang='grc' dir='ltr'>ἀγνοῆσαί</span> <span class='ocrx_word' id='word_1_634' title='bbox 3480 2380 3629 2418; x_wconf 82' lang='grc' dir='ltr'>ποτε.</span> <span class='ocrx_word' id='word_1_635' title='bbox 3668 2362 3880 2430; x_wconf 78' lang='grc' dir='ltr'>Ὠσπερ</span> <span class='ocrx_word' id='word_1_636' title='bbox 3911 2354 4014 2412; x_wconf 78' lang='grc' dir='ltr'>οῦν</span> 
     </span>
    </p>
   </div>
   <div class='ocr_carea' id='block_1_84' title="bbox 2437 2450 4012 2533">
    <p class='ocr_par' dir='ltr' id='par_1_84' title="bbox 2437 2450 4012 2533">
     <span class='ocr_line' id='line_1_84' title="bbox 2437 2450 4012 2533; baseline -0.018 -2"><span class='ocrx_word' id='word_1_637' title='bbox 2437 2476 2595 2530; x_wconf 90' lang='grc' dir='ltr'>τοῦτο</span> <span class='ocrx_word' id='word_1_638' title='bbox 2616 2475 2675 2528; x_wconf 85' lang='grc' dir='ltr'>ού</span> <span class='ocrx_word' id='word_1_639' title='bbox 2704 2470 2947 2533; x_wconf 83' lang='grc' dir='ltr'>δυνατὸν,</span> <span class='ocrx_word' id='word_1_640' title='bbox 2970 2468 3113 2522; x_wconf 74' lang='grc' dir='ltr'><strong><em>οὕτω</em></strong></span> <span class='ocrx_word' id='word_1_641' title='bbox 3143 2466 3238 2518; x_wconf 78' lang='grc' dir='ltr'>καὶ</span> <span class='ocrx_word' id='word_1_642' title='bbox 3264 2462 3332 2515; x_wconf 91' lang='grc' dir='ltr'>τά</span> <span class='ocrx_word' id='word_1_643' title='bbox 3351 2460 3444 2515; x_wconf 89' lang='grc' dir='ltr'>τοῦ</span> <span class='ocrx_word' id='word_1_644' title='bbox 3474 2456 3607 2513; x_wconf 83' lang='grc' dir='ltr'>Θεοῦ</span> <span class='ocrx_word' id='word_1_645' title='bbox 3644 2454 3785 2527; x_wconf 83' lang='grc' dir='ltr'>μετά</span> <span class='ocrx_word' id='word_1_646' title='bbox 3812 2450 4012 2506; x_wconf 91' lang='grc' dir='ltr'>τοσαύ-</span> 
     </span>
    </p>
   </div>
   <div class='ocr_carea' id='block_1_85' title="bbox 2436 2544 4015 2639">
    <p class='ocr_par' dir='ltr' id='par_1_85' title="bbox 2436 2544 4015 2639">
     <span class='ocr_line' id='line_1_85' title="bbox 2436 2544 4015 2639; baseline -0.014 -18"><span class='ocrx_word' id='word_1_647' title='bbox 2436 2585 2535 2639; x_wconf 86' lang='grc' dir='ltr'>της</span> <span class='ocrx_word' id='word_1_648' title='bbox 2560 2563 2865 2637; x_wconf 87' lang='grc' dir='ltr'>ἀκριϐείας,</span> <span class='ocrx_word' id='word_1_649' title='bbox 2914 2560 3098 2632; x_wconf 74' lang='grc' dir='ltr'>φησὶν,</span> <span class='ocrx_word' id='word_1_650' title='bbox 3144 2558 3432 2611; x_wconf 67' lang='grc' dir='ltr'>ἐπίσταται</span> <span class='ocrx_word' id='word_1_651' title='bbox 3474 2548 3701 2619; x_wconf 85' lang='grc' dir='ltr'>Πνεῦμα</span> <span class='ocrx_word' id='word_1_652' title='bbox 3742 2544 4015 2612; x_wconf 76' lang='grc' dir='ltr'>τδᾶγιον.</span> 
     </span>
    </p>
   </div>
   <div class='ocr_carea' id='block_1_86' title="bbox 2452 2637 4015 2715">
    <p class='ocr_par' dir='ltr' id='par_1_86' title="bbox 2452 2637 4015 2715">
     <span class='ocr_line' id='line_1_86' title="bbox 2452 2637 4015 2715; baseline -0.016 -1"><span class='ocrx_word' id='word_1_653' title='bbox 2452 2637 2590 2714; x_wconf 77' lang='grc' dir='ltr'>Ἀλλ’</span> <span class='ocrx_word' id='word_1_654' title='bbox 2635 2659 2734 2711; x_wconf 82' lang='grc' dir='ltr'>οὐκ</span> <span class='ocrx_word' id='word_1_655' title='bbox 2782 2651 2899 2709; x_wconf 75' lang='grc' dir='ltr'>οἶδα</span> <span class='ocrx_word' id='word_1_656' title='bbox 2943 2651 3062 2715; x_wconf 88' lang='grc' dir='ltr'>πῶς</span> <span class='ocrx_word' id='word_1_657' title='bbox 3105 2648 3227 2703; x_wconf 79' lang='grc' dir='ltr'>οὐδὲ</span> <span class='ocrx_word' id='word_1_658' title='bbox 3258 2644 3433 2699; x_wconf 91' lang='grc' dir='ltr'>ταῦτα</span> <span class='ocrx_word' id='word_1_659' title='bbox 3464 2643 3639 2710; x_wconf 86' lang='grc' dir='ltr'>λέγων</span> <span class='ocrx_word' id='word_1_660' title='bbox 3669 2642 3699 2693; x_wconf 81' lang='grc' dir='ltr'><strong>ὁ</strong></span> <span class='ocrx_word' id='word_1_661' title='bbox 3739 2637 4015 2709; x_wconf 78' lang='grc' dir='ltr'>μακάριος</span> 
     </span>
    </p>
   </div>
   <div class='ocr_carea' id='block_1_87' title="bbox 2436 2728 4018 2816">
    <p class='ocr_par' dir='ltr' id='par_1_87' title="bbox 2436 2728 4018 2816">
     <span class='ocr_line' id='line_1_87' title="bbox 2436 2728 4018 2816; baseline -0.016 -9"><span class='ocrx_word' id='word_1_662' title='bbox 2436 2746 2592 2816; x_wconf 76' lang='grc' dir='ltr'>οὗτος</span> <span class='ocrx_word' id='word_1_663' title='bbox 2613 2750 2950 2805; x_wconf 79' lang='grc' dir='ltr'>καθικνεῖται</span> <span class='ocrx_word' id='word_1_664' title='bbox 2972 2743 3080 2799; x_wconf 88' lang='grc' dir='ltr'>τῶν</span> <span class='ocrx_word' id='word_1_665' title='bbox 3109 2742 3197 2796; x_wconf 82' lang='grc' dir='ltr'>διὰ</span> <span class='ocrx_word' id='word_1_666' title='bbox 3222 2741 3321 2811; x_wconf 79' lang='grc' dir='ltr'>τὴν</span> <span class='ocrx_word' id='word_1_667' title='bbox 3344 2736 3549 2791; x_wconf 83' lang='grc' dir='ltr'>οἰκείαν</span> <span class='ocrx_word' id='word_1_668' title='bbox 3578 2731 3848 2805; x_wconf 77' lang='grc' dir='ltr'>πρόληψιν</span> <span class='ocrx_word' id='word_1_669' title='bbox 3871 2728 4018 2784; x_wconf 85' lang='grc' dir='ltr'>κατά</span> 
     </span>
    </p>
   </div>
   <div class='ocr_carea' id='block_1_88' title="bbox 2439 2821 4017 2929">
    <p class='ocr_par' dir='ltr' id='par_1_88' title="bbox 2439 2821 4017 2929">
     <span class='ocr_line' id='line_1_88' title="bbox 2439 2821 4017 2929; baseline -0.016 -30"><span class='ocrx_word' id='word_1_670' title='bbox 2439 2846 2536 2916; x_wconf 80' lang='grc' dir='ltr'>τῆς</span> <span class='ocrx_word' id='word_1_671' title='bbox 2570 2841 2778 2897; x_wconf 81' lang='grc' dir='ltr'>ἑαυτῶν</span> <span class='ocrx_word' id='word_1_672' title='bbox 2814 2837 3084 2929; x_wconf 46' lang='grc' dir='ltr'>σωτηρίας</span> <span class='ocrx_word' id='word_1_673' title='bbox 3104 2830 3357 2887; x_wconf 88' lang='grc' dir='ltr'>τοσοῦτον</span> <span class='ocrx_word' id='word_1_674' title='bbox 3387 2827 3536 2903; x_wconf 75' lang='grc' dir='ltr'>[Πί]</span> <span class='ocrx_word' id='word_1_675' title='bbox 3560 2821 4017 2929; x_wconf 46' lang='grc' dir='ltr'>ὲπιδεικῖυμένων</span> 
     </span>
    </p>
   </div>
   <div class='ocr_carea' id='block_1_89' title="bbox 2440 2909 4035 3004">
    <p class='ocr_par' dir='ltr' id='par_1_89' title="bbox 2440 2909 4035 3004">
     <span class='ocr_line' id='line_1_89' title="bbox 2440 2909 4035 3004; baseline -0.016 -15"><span class='ocrx_word' id='word_1_676' title='bbox 2440 2909 2677 3004; x_wconf 88' lang='grc' dir='ltr'>πόλεμον</span> <span class='ocrx_word' id='word_1_677' title='bbox 2694 2927 2834 2985; x_wconf 84' lang='grc' dir='ltr'>κατὰ</span> <span class='ocrx_word' id='word_1_678' title='bbox 2848 2928 2947 2998; x_wconf 81' lang='grc' dir='ltr'>τῆς</span> <span class='ocrx_word' id='word_1_679' title='bbox 2958 2909 3050 2979; x_wconf 70' lang='grc' dir='ltr'>τ”ὀῦ</span> <span class='ocrx_word' id='word_1_680' title='bbox 3073 2921 3213 2978; x_wconf 87' lang='grc' dir='ltr'>Πνεύ</span> <span class='ocrx_word' id='word_1_681' title='bbox 3221 2938 3386 2993; x_wconf 89' lang='grc' dir='ltr'>ματος</span> <span class='ocrx_word' id='word_1_682' title='bbox 3398 2918 3571 2986; x_wconf 85' lang='grc' dir='ltr'>ἀξίας,</span> <span class='ocrx_word' id='word_1_683' title='bbox 3594 2914 3760 2970; x_wconf 78' lang='grc' dir='ltr'>καὶτὸ</span> <span class='ocrx_word' id='word_1_684' title='bbox 3778 2909 3910 2985; x_wconf 83' lang='grc' dir='ltr'>ἦκον</span> <span class='ocrx_word' id='word_1_685' title='bbox 3934 2912 4035 2975; x_wconf 72' lang='lat' dir='ltr'><strong>tl;-</strong></span> 
     </span>
    </p>
   </div>
   <div class='ocr_carea' id='block_1_90' title="bbox 2440 3007 4017 3093">
    <p class='ocr_par' dir='ltr' id='par_1_90' title="bbox 2440 3007 4017 3093">
     <span class='ocr_line' id='line_1_90' title="bbox 2440 3007 4017 3093; baseline -0.015 -12"><span class='ocrx_word' id='word_1_686' title='bbox 2440 3027 2636 3089; x_wconf 80' lang='grc' dir='ltr'>αὐτοὺς</span> <span class='ocrx_word' id='word_1_687' title='bbox 2658 3019 3076 3093; x_wconf 86' lang='grc' dir='ltr'>ἀλλοτριούντων</span> <span class='ocrx_word' id='word_1_688' title='bbox 3104 3015 3235 3070; x_wconf 78' lang='grc' dir='ltr'>αὐτὸ</span> <span class='ocrx_word' id='word_1_689' title='bbox 3254 3014 3352 3083; x_wconf 85' lang='grc' dir='ltr'>τῆς</span> <span class='ocrx_word' id='word_1_690' title='bbox 3377 3010 3697 3081; x_wconf 83' lang='grc' dir='ltr'>δεσποτικῆς</span> <span class='ocrx_word' id='word_1_691' title='bbox 3719 3008 3894 3075; x_wconf 85' lang='grc' dir='ltr'>ἀξίας,</span> <span class='ocrx_word' id='word_1_692' title='bbox 3920 3007 4017 3060; x_wconf 76' lang='grc' dir='ltr'>καὶ</span> 
     </span>
    </p>
   </div>
   <div class='ocr_carea' id='block_1_91' title="bbox 2442 3099 4016 3187">
    <p class='ocr_par' dir='ltr' id='par_1_91' title="bbox 2442 3099 4016 3187">
     <span class='ocr_line' id='line_1_91' title="bbox 2442 3099 4016 3187; baseline -0.013 -14"><span class='ocrx_word' id='word_1_693' title='bbox 2442 3117 2788 3187; x_wconf 88' lang='grc' dir='ltr'>καταγόντων</span> <span class='ocrx_word' id='word_1_694' title='bbox 2820 3116 2900 3178; x_wconf 86' lang='grc' dir='ltr'>εἰς</span> <span class='ocrx_word' id='word_1_695' title='bbox 2934 3112 3033 3183; x_wconf 78' lang='grc' dir='ltr'>τὴν</span> <span class='ocrx_word' id='word_1_696' title='bbox 3059 3109 3167 3164; x_wconf 88' lang='grc' dir='ltr'>τῶν</span> <span class='ocrx_word' id='word_1_697' title='bbox 3199 3103 3695 3179; x_wconf 89' lang='grc' dir='ltr'>δημιουργημάτων</span> <span class='ocrx_word' id='word_1_698' title='bbox 3717 3099 4016 3154; x_wconf 81' lang='grc' dir='ltr'>εὐτέλειαν.</span> 
     </span>
    </p>
   </div>
   <div class='ocr_carea' id='block_1_92' title="bbox 2455 3187 4038 3268">
    <p class='ocr_par' dir='ltr' id='par_1_92' title="bbox 2455 3187 4038 3268">
     <span class='ocr_line' id='line_1_92' title="bbox 2455 3187 4038 3268; baseline -0.015 -7"><span class='ocrx_word' id='word_1_699' title='bbox 2455 3206 2593 3259; x_wconf 84' lang='grc' dir='ltr'>Ἀλλ’</span> <span class='ocrx_word' id='word_1_700' title='bbox 2624 3206 2672 3259; x_wconf 88' lang='grc' dir='ltr'>εί</span> <span class='ocrx_word' id='word_1_701' title='bbox 2709 3203 2805 3257; x_wconf 77' lang='grc' dir='ltr'>καὶ</span> <span class='ocrx_word' id='word_1_702' title='bbox 2845 3201 3043 3255; x_wconf 71' lang='grc' dir='ltr'>ἐκεῖνοι</span> <span class='ocrx_word' id='word_1_703' title='bbox 3077 3194 3394 3268; x_wconf 83' lang='grc' dir='ltr'>φιλονείκως</span> <span class='ocrx_word' id='word_1_704' title='bbox 3429 3192 3750 3252; x_wconf 85' lang='grc' dir='ltr'>διάκεινται,</span> <span class='ocrx_word' id='word_1_705' title='bbox 3777 3187 4038 3263; x_wconf 42' lang='grc' dir='ltr'>ἀπενανγ</span> 
     </span>
    </p>
   </div>
   <div class='ocr_carea' id='block_1_93' title="bbox 2440 3278 4019 3365">
    <p class='ocr_par' dir='ltr' id='par_1_93' title="bbox 2440 3278 4019 3365">
     <span class='ocr_line' id='line_1_93' title="bbox 2440 3278 4019 3365; baseline -0.014 -14"><span class='ocrx_word' id='word_1_706' title='bbox 2440 3297 2559 3359; x_wconf 89' lang='grc' dir='ltr'>τίας</span> <span class='ocrx_word' id='word_1_707' title='bbox 2593 3294 2870 3365; x_wconf 82' lang='grc' dir='ltr'>ἱστάμενοι</span> <span class='ocrx_word' id='word_1_708' title='bbox 2903 3293 3015 3353; x_wconf 86' lang='grc' dir='ltr'>τοῖς</span> <span class='ocrx_word' id='word_1_709' title='bbox 3049 3286 3200 3359; x_wconf 86' lang='grc' dir='ltr'>παρά</span> <span class='ocrx_word' id='word_1_710' title='bbox 3229 3285 3329 3356; x_wconf 85' lang='grc' dir='ltr'>τῆς</span> <span class='ocrx_word' id='word_1_711' title='bbox 3361 3284 3512 3347; x_wconf 87' lang='grc' dir='ltr'>θείας</span> <span class='ocrx_word' id='word_1_712' title='bbox 3543 3281 3762 3352; x_wconf 84' lang='grc' dir='ltr'>Γραφῆς</span> <span class='ocrx_word' id='word_1_713' title='bbox 3787 3278 4019 3349; x_wconf 84' lang='grc' dir='ltr'>εἰρημέ-</span> 
     </span>
    </p>
   </div>
   <div class='ocr_carea' id='block_1_94' title="bbox 2442 3371 4020 3458">
    <p class='ocr_par' dir='ltr' id='par_1_94' title="bbox 2442 3371 4020 3458">
     <span class='ocr_line' id='line_1_94' title="bbox 2442 3371 4020 3458; baseline -0.012 -15"><span class='ocrx_word' id='word_1_714' title='bbox 2442 3404 2574 3451; x_wconf 90' lang='grc' dir='ltr'>νοις,</span> <span class='ocrx_word' id='word_1_715' title='bbox 2613 3384 2771 3458; x_wconf 78' lang='grc' dir='ltr'>ὴμεῖς</span> <span class='ocrx_word' id='word_1_716' title='bbox 2809 3382 2877 3438; x_wconf 90' lang='grc' dir='ltr'>τά</span> <span class='ocrx_word' id='word_1_717' title='bbox 2909 3383 3027 3436; x_wconf 90' lang='grc' dir='ltr'>θεῖα</span> <span class='ocrx_word' id='word_1_718' title='bbox 3063 3378 3371 3448; x_wconf 88' lang='grc' dir='ltr'>διδάγματα</span> <span class='ocrx_word' id='word_1_719' title='bbox 3399 3375 3475 3439; x_wconf 81' lang='grc' dir='ltr'>ὡς</span> <span class='ocrx_word' id='word_1_720' title='bbox 3501 3374 3782 3446; x_wconf 81' lang='grc' dir='ltr'>χρησμοὺς</span> <span class='ocrx_word' id='word_1_721' title='bbox 3809 3371 4020 3427; x_wconf 80' lang='grc' dir='ltr'>ἀνωθεν</span> 
     </span>
    </p>
   </div>
   <div class='ocr_carea' id='block_1_95' title="bbox 2442 3460 4018 3546">
    <p class='ocr_par' dir='ltr' id='par_1_95' title="bbox 2442 3460 4018 3546">
     <span class='ocr_line' id='line_1_95' title="bbox 2442 3460 4018 3546; baseline -0.011 -13"><span class='ocrx_word' id='word_1_722' title='bbox 2442 3475 2863 3546; x_wconf 86' lang='grc' dir='ltr'>κατενεχθέντας</span> <span class='ocrx_word' id='word_1_723' title='bbox 2911 3470 3191 3543; x_wconf 87' lang='grc' dir='ltr'>δεχόμενοι</span> <span class='ocrx_word' id='word_1_724' title='bbox 3210 3508 3225 3533; x_wconf 88' lang='grc'>,</span> <span class='ocrx_word' id='word_1_725' title='bbox 3261 3469 3360 3539; x_wconf 80' lang='grc' dir='ltr'>τὴν</span> <span class='ocrx_word' id='word_1_726' title='bbox 3394 3466 3774 3538; x_wconf 81' lang='grc' dir='ltr'>προσήκουσαν</span> <span class='ocrx_word' id='word_1_727' title='bbox 3808 3460 4018 3528; x_wconf 85' lang='grc' dir='ltr'>δοξολο-</span> 
     </span>
    </p>
   </div>
   <div class='ocr_carea' id='block_1_96' title="bbox 2441 3551 4020 3638">
    <p class='ocr_par' dir='ltr' id='par_1_96' title="bbox 2441 3551 4020 3638">
     <span class='ocr_line' id='line_1_96' title="bbox 2441 3551 4020 3638; baseline -0.011 -16"><span class='ocrx_word' id='word_1_728' title='bbox 2441 3568 2566 3638; x_wconf 88' lang='grc' dir='ltr'>γίαν</span> <span class='ocrx_word' id='word_1_729' title='bbox 2593 3564 3023 3636; x_wconf 79' lang='grc' dir='ltr'>ἀναπέμψωμεν,</span> <span class='ocrx_word' id='word_1_730' title='bbox 3058 3559 3195 3631; x_wconf 90' lang='grc' dir='ltr'>μετά</span> <span class='ocrx_word' id='word_1_731' title='bbox 3227 3558 3325 3628; x_wconf 84' lang='grc' dir='ltr'>τῆς</span> <span class='ocrx_word' id='word_1_732' title='bbox 3356 3555 3521 3627; x_wconf 82' lang='grc' dir='ltr'>ὀρθῆς</span> <span class='ocrx_word' id='word_1_733' title='bbox 3549 3552 3784 3617; x_wconf 84' lang='grc' dir='ltr'>πίστεως</span> <span class='ocrx_word' id='word_1_734' title='bbox 3804 3553 3898 3606; x_wconf 80' lang='grc' dir='ltr'>καὶ</span> <span class='ocrx_word' id='word_1_735' title='bbox 3914 3551 4020 3638; x_wconf 76' lang='grc' dir='ltr'>τῇς</span> 
     </span>
    </p>
   </div>
   <div class='ocr_carea' id='block_1_97' title="bbox 2441 3636 4020 3727">
    <p class='ocr_par' dir='ltr' id='par_1_97' title="bbox 2441 3636 4020 3727">
     <span class='ocr_line' id='line_1_97' title="bbox 2441 3636 4020 3727; baseline -0.011 -15"><span class='ocrx_word' id='word_1_736' title='bbox 2441 3636 2699 3727; x_wconf 86' lang='grc' dir='ltr'>ἀληθείας</span> <span class='ocrx_word' id='word_1_737' title='bbox 2713 3654 2813 3725; x_wconf 80' lang='grc' dir='ltr'>τὴν</span> <span class='ocrx_word' id='word_1_738' title='bbox 2829 3650 3113 3724; x_wconf 88' lang='grc' dir='ltr'>ἀκρίϐειαν</span> <span class='ocrx_word' id='word_1_739' title='bbox 3131 3645 3583 3716; x_wconf 75' lang='grc' dir='ltr'>ἐπιδεικνύμενοι.</span> <span class='ocrx_word' id='word_1_740' title='bbox 3614 3642 3761 3714; x_wconf 75' lang='grc' dir='ltr'>Πρὸς</span> <span class='ocrx_word' id='word_1_741' title='bbox 3792 3641 3891 3714; x_wconf 75' lang='grc' dir='ltr'>μὶν</span> <span class='ocrx_word' id='word_1_742' title='bbox 3918 3636 4020 3695; x_wconf 81' lang='grc' dir='ltr'>οὖν</span> 
     </span>
    </p>
   </div>
   <div class='ocr_carea' id='block_1_98' title="bbox 2441 3734 4021 3817">
    <p class='ocr_par' dir='ltr' id='par_1_98' title="bbox 2441 3734 4021 3817">
     <span class='ocr_line' id='line_1_98' title="bbox 2441 3734 4021 3817; baseline -0.012 -14"><span class='ocrx_word' id='word_1_743' title='bbox 2441 3750 2567 3813; x_wconf 80' lang='grc' dir='ltr'>τοὺς</span> <span class='ocrx_word' id='word_1_744' title='bbox 2590 3743 2997 3817; x_wconf 72' lang='grc' dir='ltr'>ἐπιχειροῦντας</span> <span class='ocrx_word' id='word_1_745' title='bbox 3016 3738 3231 3797; x_wconf 70' lang='grc' dir='ltr'>ἐναντία</span> <span class='ocrx_word' id='word_1_746' title='bbox 3259 3740 3371 3805; x_wconf 85' lang='grc' dir='ltr'>τοῖς</span> <span class='ocrx_word' id='word_1_747' title='bbox 3395 3735 3546 3808; x_wconf 87' lang='grc' dir='ltr'>παρά</span> <span class='ocrx_word' id='word_1_748' title='bbox 3571 3734 3665 3788; x_wconf 87' lang='grc' dir='ltr'>τοῦ</span> <span class='ocrx_word' id='word_1_749' title='bbox 3701 3734 4021 3805; x_wconf 82' lang='grc' dir='ltr'>Πνεύματος</span> 
     </span>
    </p>
   </div>
   <div class='ocr_carea' id='block_1_99' title="bbox 2442 3828 4021 3913">
    <p class='ocr_par' dir='ltr' id='par_1_99' title="bbox 2442 3828 4021 3913">
     <span class='ocr_line' id='line_1_99' title="bbox 2442 3828 4021 3913; baseline -0.008 -19"><span class='ocrx_word' id='word_1_750' title='bbox 2442 3840 2752 3913; x_wconf 83' lang='grc' dir='ltr'>εἰρημένοις</span> <span class='ocrx_word' id='word_1_751' title='bbox 2778 3836 3071 3900; x_wconf 84' lang='grc' dir='ltr'>διδάσκειν,</span> <span class='ocrx_word' id='word_1_752' title='bbox 3100 3833 3257 3889; x_wconf 80' lang='grc' dir='ltr'>ίκανά</span> <span class='ocrx_word' id='word_1_753' title='bbox 3287 3832 3359 3887; x_wconf 84' lang='grc' dir='ltr'>τὰ</span> <span class='ocrx_word' id='word_1_754' title='bbox 3391 3828 3687 3902; x_wconf 79' lang='grc' dir='ltr'>εἰρημένα’</span> <span class='ocrx_word' id='word_1_755' title='bbox 3718 3829 4021 3896; x_wconf 84' lang='grc' dir='ltr'>ἀναγκαῖον</span> 
     </span>
    </p>
   </div>
   <div class='ocr_carea' id='block_1_100' title="bbox 2441 3920 4021 4000">
    <p class='ocr_par' dir='ltr' id='par_1_100' title="bbox 2441 3920 4021 4000">
     <span class='ocr_line' id='line_1_100' title="bbox 2441 3920 4021 4000; baseline -0.007 -15"><span class='ocrx_word' id='word_1_756' title='bbox 2441 3932 2497 3985; x_wconf 77' lang='grc' dir='ltr'>δὲ</span> <span class='ocrx_word' id='word_1_757' title='bbox 2536 3933 2709 3985; x_wconf 86' lang='grc' dir='ltr'>εἰπεῖν</span> <span class='ocrx_word' id='word_1_758' title='bbox 2742 3928 2877 4000; x_wconf 79' lang='grc' dir='ltr'>πρδς</span> <span class='ocrx_word' id='word_1_759' title='bbox 2902 3928 3000 3999; x_wconf 78' lang='grc' dir='ltr'>τὴν</span> <span class='ocrx_word' id='word_1_760' title='bbox 3039 3924 3309 3998; x_wconf 79' lang='grc' dir='ltr'>ὑμετέραν</span> <span class='ocrx_word' id='word_1_761' title='bbox 3351 3923 3600 3995; x_wconf 86' lang='grc' dir='ltr'>ἀγάπην,</span> <span class='ocrx_word' id='word_1_762' title='bbox 3642 3920 3787 3985; x_wconf 87' lang='grc' dir='ltr'>τίνος</span> <span class='ocrx_word' id='word_1_763' title='bbox 3826 3920 4021 3975; x_wconf 78' lang='grc' dir='ltr'>ῑνεκεν</span> 
     </span>
    </p>
   </div>
   <div class='ocr_carea' id='block_1_101' title="bbox 2445 4010 4021 4094">
    <p class='ocr_par' dir='ltr' id='par_1_101' title="bbox 2445 4010 4021 4094">
     <span class='ocr_line' id='line_1_101' title="bbox 2445 4010 4021 4094; baseline -0.01 -17"><span class='ocrx_word' id='word_1_764' title='bbox 2445 4026 2579 4094; x_wconf 81' lang='grc' dir='ltr'>ημῖν</span> <span class='ocrx_word' id='word_1_765' title='bbox 2603 4022 2666 4075; x_wconf 82' lang='grc' dir='ltr'>τὸ</span> <span class='ocrx_word' id='word_1_766' title='bbox 2693 4021 2865 4075; x_wconf 77' lang='grc' dir='ltr'>αἴτιον</span> <span class='ocrx_word' id='word_1_767' title='bbox 2891 4019 2999 4073; x_wconf 88' lang='grc' dir='ltr'>τῶν</span> <span class='ocrx_word' id='word_1_768' title='bbox 3020 4015 3290 4085; x_wconf 84' lang='grc' dir='ltr'>τοσούτων</span> <span class='ocrx_word' id='word_1_769' title='bbox 3315 4012 3534 4085; x_wconf 88' lang='grc' dir='ltr'>ἀγαθῶν</span> <span class='ocrx_word' id='word_1_770' title='bbox 3557 4012 3657 4066; x_wconf 85' lang='grc' dir='ltr'>οὐκ</span> <span class='ocrx_word' id='word_1_771' title='bbox 3682 4010 3885 4075; x_wconf 74' lang='grc' dir='ltr'>εὐθέως</span> <span class='ocrx_word' id='word_1_772' title='bbox 3918 4028 4021 4082; x_wconf 81' lang='grc' dir='ltr'>με-</span> 
     </span>
    </p>
   </div>
   <div class='ocr_carea' id='block_1_102' title="bbox 2444 4103 4021 4185">
    <p class='ocr_par' dir='ltr' id='par_1_102' title="bbox 2444 4103 4021 4185">
     <span class='ocr_line' id='line_1_102' title="bbox 2444 4103 4021 4185; baseline -0.01 -16"><span class='ocrx_word' id='word_1_773' title='bbox 2444 4115 2512 4169; x_wconf 89' lang='grc' dir='ltr'>τά</span> <span class='ocrx_word' id='word_1_774' title='bbox 2539 4113 2636 4185; x_wconf 73' lang='grc' dir='ltr'>τὴν</span> <span class='ocrx_word' id='word_1_775' title='bbox 2661 4110 2827 4167; x_wconf 84' lang='grc' dir='ltr'>αὐτοῦ</span> <span class='ocrx_word' id='word_1_776' title='bbox 2849 4110 3033 4177; x_wconf 75' lang='grc' dir='ltr'>ἄνοδον</span> <span class='ocrx_word' id='word_1_777' title='bbox 3052 4109 3370 4180; x_wconf 87' lang='grc' dir='ltr'>κεχάρισται</span> <span class='ocrx_word' id='word_1_778' title='bbox 3398 4108 3427 4159; x_wconf 85' lang='grc' dir='ltr'>δ</span> <span class='ocrx_word' id='word_1_779' title='bbox 3461 4104 3666 4176; x_wconf 81' lang='grc' dir='ltr'>Κύριος</span> <span class='ocrx_word' id='word_1_780' title='bbox 3684 4120 3699 4135; x_wconf 76' lang='grc' dir='ltr'><strong>ο</strong></span> <span class='ocrx_word' id='word_1_781' title='bbox 3731 4103 3845 4157; x_wconf 83' lang='grc' dir='ltr'>ἀλλ’</span> <span class='ocrx_word' id='word_1_782' title='bbox 3870 4103 4021 4172; x_wconf 72' lang='grc' dir='ltr'>ἀφῆο</span> 
     </span>
    </p>
   </div>
   <div class='ocr_carea' id='block_1_103' title="bbox 2446 4195 4020 4278">
    <p class='ocr_par' dir='ltr' id='par_1_103' title="bbox 2446 4195 4020 4278">
     <span class='ocr_line' id='line_1_103' title="bbox 2446 4195 4020 4278; baseline -0.01 -14"><span class='ocrx_word' id='word_1_783' title='bbox 2446 4227 2540 4264; x_wconf 90' lang='grc' dir='ltr'>κεν</span> <span class='ocrx_word' id='word_1_784' title='bbox 2570 4208 2755 4278; x_wconf 84' lang='grc' dir='ltr'>ὀλίγας</span> <span class='ocrx_word' id='word_1_785' title='bbox 2796 4205 3059 4277; x_wconf 86' lang='grc' dir='ltr'>πρότερον</span> <span class='ocrx_word' id='word_1_786' title='bbox 3092 4199 3427 4273; x_wconf 75' lang='grc' dir='ltr'>ἐνδιατρίψαι</span> <span class='ocrx_word' id='word_1_787' title='bbox 3455 4198 3668 4270; x_wconf 80' lang='grc' dir='ltr'>ἡμέρας</span> <span class='ocrx_word' id='word_1_788' title='bbox 3688 4236 3706 4260; x_wconf 84' lang='grc'>,</span> <span class='ocrx_word' id='word_1_789' title='bbox 3758 4196 3853 4252; x_wconf 74' lang='grc' dir='ltr'>καὶ</span> <span class='ocrx_word' id='word_1_790' title='bbox 3889 4195 4020 4250; x_wconf 85' lang='grc' dir='ltr'>καθ’</span> 
     </span>
    </p>
   </div>
   <div class='ocr_carea' id='block_1_104' title="bbox 2447 4287 4064 4368">
    <p class='ocr_par' dir='ltr' id='par_1_104' title="bbox 2447 4287 4064 4368">
     <span class='ocr_line' id='line_1_104' title="bbox 2447 4287 4064 4368; baseline -0.011 -11"><span class='ocrx_word' id='word_1_791' title='bbox 2447 4302 2670 4366; x_wconf 73' lang='grc' dir='ltr'>ἑαυτοὺς</span> <span class='ocrx_word' id='word_1_792' title='bbox 2710 4297 2961 4368; x_wconf 83' lang='grc' dir='ltr'>γενέσθαι</span> <span class='ocrx_word' id='word_1_793' title='bbox 3010 4297 3137 4360; x_wconf 83' lang='grc' dir='ltr'>τοὺς</span> <span class='ocrx_word' id='word_1_794' title='bbox 3177 4291 3443 4365; x_wconf 82' lang='grc' dir='ltr'>μαθητὰς,</span> <span class='ocrx_word' id='word_1_795' title='bbox 3492 4291 3587 4345; x_wconf 77' lang='grc' dir='ltr'>καὶ</span> <span class='ocrx_word' id='word_1_796' title='bbox 3623 4289 3746 4343; x_wconf 85' lang='grc' dir='ltr'>τότε</span> <span class='ocrx_word' id='word_1_797' title='bbox 3782 4288 3884 4360; x_wconf 72' lang='grc' dir='ltr'>τὴν</span> <span class='ocrx_word' id='word_1_798' title='bbox 3917 4287 4021 4342; x_wconf 85' lang='grc' dir='ltr'>τοῦ</span> <span class='ocrx_word' id='word_1_799' title='bbox 4058 4312 4064 4317; x_wconf 56' lang='grc' dir='ltr'>ε</span> 
     </span>
    </p>
   </div>
   <div class='ocr_carea' id='block_1_105' title="bbox 2446 4378 4020 4465">
    <p class='ocr_par' dir='ltr' id='par_1_105' title="bbox 2446 4378 4020 4465">
     <span class='ocr_line' id='line_1_105' title="bbox 2446 4378 4020 4465; baseline -0.011 -16"><span class='ocrx_word' id='word_1_800' title='bbox 2446 4393 2587 4449; x_wconf 88' lang='grc' dir='ltr'>Πνεύ</span> <span class='ocrx_word' id='word_1_801' title='bbox 2595 4408 2761 4465; x_wconf 81' lang='grc' dir='ltr'>ματος</span> <span class='ocrx_word' id='word_1_802' title='bbox 2784 4390 2941 4461; x_wconf 89' lang='grc' dir='ltr'>χάριν</span> <span class='ocrx_word' id='word_1_803' title='bbox 2963 4384 3334 4456; x_wconf 79' lang='grc' dir='ltr'>κατέπεμψεν.</span> <span class='ocrx_word' id='word_1_804' title='bbox 3374 4382 3487 4453; x_wconf 83' lang='grc' dir='ltr'>Οὐχ</span> <span class='ocrx_word' id='word_1_805' title='bbox 3509 4380 3717 4444; x_wconf 81' lang='grc' dir='ltr'>ἁπλῶς,</span> <span class='ocrx_word' id='word_1_806' title='bbox 3740 4378 3862 4433; x_wconf 73' lang='grc' dir='ltr'>οὐδὲ</span> <span class='ocrx_word' id='word_1_807' title='bbox 3891 4380 4020 4452; x_wconf 73' lang='grc' dir='ltr'>εἰκῇ</span> 
     </span>
    </p>
   </div>
   <div class='ocr_carea' id='block_1_106' title="bbox 2446 4469 4022 4552">
    <p class='ocr_par' dir='ltr' id='par_1_106' title="bbox 2446 4469 4022 4552">
     <span class='ocr_line' id='line_1_106' title="bbox 2446 4469 4022 4552; baseline -0.012 -11"><span class='ocrx_word' id='word_1_808' title='bbox 2446 4487 2565 4541; x_wconf 76' lang='grc' dir='ltr'>οὐδὲ</span> <span class='ocrx_word' id='word_1_809' title='bbox 2590 4486 2747 4540; x_wconf 87' lang='grc' dir='ltr'>τοῦτο</span> <span class='ocrx_word' id='word_1_810' title='bbox 2780 4481 3091 4552; x_wconf 88' lang='grc' dir='ltr'>γεγένηται.</span> <span class='ocrx_word' id='word_1_811' title='bbox 3147 4475 3363 4547; x_wconf 82' lang='grc' dir='ltr'>Ἐπειδὴ</span> <span class='ocrx_word' id='word_1_812' title='bbox 3390 4476 3500 4544; x_wconf 84' lang='grc' dir='ltr'>γὰρ</span> <span class='ocrx_word' id='word_1_813' title='bbox 3528 4473 3644 4545; x_wconf 68' lang='grc' dir='ltr'>ᾔδει</span> <span class='ocrx_word' id='word_1_814' title='bbox 3667 4471 3776 4525; x_wconf 86' lang='grc' dir='ltr'>τῶν</span> <span class='ocrx_word' id='word_1_815' title='bbox 3806 4469 4022 4541; x_wconf 81' lang='grc' dir='ltr'>ἀνθρώ-</span> 
     </span>
    </p>
   </div>
   <div class='ocr_carea' id='block_1_107' title="bbox 2448 4563 4021 4645">
    <p class='ocr_par' dir='ltr' id='par_1_107' title="bbox 2448 4563 4021 4645">
     <span class='ocr_line' id='line_1_107' title="bbox 2448 4563 4021 4645; baseline -0.009 -12"><span class='ocrx_word' id='word_1_816' title='bbox 2448 4596 2565 4633; x_wconf 86' lang='grc' dir='ltr'>πων</span> <span class='ocrx_word' id='word_1_817' title='bbox 2600 4576 2661 4631; x_wconf 89' lang='grc' dir='ltr'>τὸ</span> <span class='ocrx_word' id='word_1_818' title='bbox 2691 4575 2846 4645; x_wconf 88' lang='grc' dir='ltr'>γένος</span> <span class='ocrx_word' id='word_1_819' title='bbox 2887 4574 2985 4643; x_wconf 80' lang='grc' dir='ltr'>οὐχ</span> <span class='ocrx_word' id='word_1_820' title='bbox 3027 4571 3227 4642; x_wconf 84' lang='grc' dir='ltr'>ὁμοίως</span> <span class='ocrx_word' id='word_1_821' title='bbox 3262 4568 3329 4623; x_wconf 89' lang='grc' dir='ltr'>τά</span> <span class='ocrx_word' id='word_1_822' title='bbox 3363 4570 3421 4622; x_wconf 75' lang='grc' dir='ltr'>ἑν</span> <span class='ocrx_word' id='word_1_823' title='bbox 3458 4565 3614 4638; x_wconf 75' lang='grc' dir='ltr'>χερσὶ</span> <span class='ocrx_word' id='word_1_824' title='bbox 3641 4563 4021 4636; x_wconf 78' lang='grc' dir='ltr'>θαυμάζοντας</span> 
     </span>
    </p>
   </div>
   <div class='ocr_carea' id='block_1_108' title="bbox 2447 4655 4023 4741">
    <p class='ocr_par' dir='ltr' id='par_1_108' title="bbox 2447 4655 4023 4741">
     <span class='ocr_line' id='line_1_108' title="bbox 2447 4655 4023 4741; baseline -0.01 -15"><span class='ocrx_word' id='word_1_825' title='bbox 2447 4658 2657 4741; x_wconf 62' lang='grc' dir='ltr'>ἀγαθάξ</span> <span class='ocrx_word' id='word_1_826' title='bbox 2695 4667 2815 4722; x_wconf 81' lang='grc' dir='ltr'>οὐδὲ</span> <span class='ocrx_word' id='word_1_827' title='bbox 2865 4665 2986 4720; x_wconf 84' lang='grc' dir='ltr'>κατ’</span> <span class='ocrx_word' id='word_1_828' title='bbox 3021 4663 3175 4729; x_wconf 91' lang='grc' dir='ltr'>ἀξίαν</span> <span class='ocrx_word' id='word_1_829' title='bbox 3216 4661 3490 4733; x_wconf 85' lang='grc' dir='ltr'>τιμῶντας</span> <span class='ocrx_word' id='word_1_830' title='bbox 3534 4660 3739 4723; x_wconf 70' lang='grc' dir='ltr'>ἐκεῖνα,</span> <span class='ocrx_word' id='word_1_831' title='bbox 3774 4658 3917 4727; x_wconf 75' lang='grc' dir='ltr'>ἅπερ</span> <span class='ocrx_word' id='word_1_832' title='bbox 3951 4655 4023 4710; x_wconf 78' lang='grc' dir='ltr'>ἀν</span> 
     </span>
    </p>
   </div>
   <div class='ocr_carea' id='block_1_109' title="bbox 2448 4746 4027 4836">
    <p class='ocr_par' dir='ltr' id='par_1_109' title="bbox 2448 4746 4027 4836">
     <span class='ocr_line' id='line_1_109' title="bbox 2448 4746 4027 4836; baseline -0.012 -18"><span class='ocrx_word' id='word_1_833' title='bbox 2448 4763 2578 4836; x_wconf 84' lang='grc' dir='ltr'>ἡδέα</span> <span class='ocrx_word' id='word_1_834' title='bbox 2606 4760 2701 4816; x_wconf 73' lang='grc' dir='ltr'>καὶ</span> <span class='ocrx_word' id='word_1_835' title='bbox 2729 4758 2939 4831; x_wconf 81' lang='grc' dir='ltr'>μεγάλα</span> <span class='ocrx_word' id='word_1_836' title='bbox 2972 4756 3279 4827; x_wconf 73' lang='grc' dir='ltr'>καταφανῆ,</span> <span class='ocrx_word' id='word_1_837' title='bbox 3309 4753 3375 4809; x_wconf 81' lang='grc' dir='ltr'>ἀν</span> <span class='ocrx_word' id='word_1_838' title='bbox 3411 4751 3487 4823; x_wconf 76' lang='grc' dir='ltr'>μὴ</span> <span class='ocrx_word' id='word_1_839' title='bbox 3509 4751 3603 4805; x_wconf 84' lang='grc' dir='ltr'>καὶ</span> <span class='ocrx_word' id='word_1_840' title='bbox 3628 4748 3736 4803; x_wconf 88' lang='grc' dir='ltr'>τῶν</span> <span class='ocrx_word' id='word_1_841' title='bbox 3761 4746 4027 4803; x_wconf 70' lang='grc' dir='ltr'>ἔναντίων</span> 
     </span>
    </p>
   </div>
   <div class='ocr_carea' id='block_1_110' title="bbox 2448 4840 4027 4927">
    <p class='ocr_par' dir='ltr' id='par_1_110' title="bbox 2448 4840 4027 4927">
     <span class='ocr_line' id='line_1_110' title="bbox 2448 4840 4027 4927; baseline -0.009 -18"><span class='ocrx_word' id='word_1_842' title='bbox 2448 4857 2483 4927; x_wconf 82' lang='grc' dir='ltr'>ὴ</span> <span class='ocrx_word' id='word_1_843' title='bbox 2508 4853 2707 4919; x_wconf 75' lang='grc' dir='ltr'>εἴσοδος</span> <span class='ocrx_word' id='word_1_844' title='bbox 2736 4849 3065 4924; x_wconf 75' lang='grc' dir='ltr'>παρεισέλθῃ</span> <span class='ocrx_word' id='word_1_845' title='bbox 3084 4866 3097 4881; x_wconf 88' lang='grc'><strong>·</strong></span> <span class='ocrx_word' id='word_1_846' title='bbox 3122 4842 3233 4901; x_wconf 70' lang='grc' dir='ltr'>οἷόν</span> <span class='ocrx_word' id='word_1_847' title='bbox 3258 4863 3312 4899; x_wconf 91' lang='grc' dir='ltr'>τι</span> <span class='ocrx_word' id='word_1_848' title='bbox 3337 4844 3480 4912; x_wconf 88' lang='grc' dir='ltr'>λέγω</span> <span class='ocrx_word' id='word_1_849' title='bbox 3498 4859 3513 4873; x_wconf 77' lang='grc' dir='ltr'><strong>ο</strong></span> <span class='ocrx_word' id='word_1_850' title='bbox 3540 4841 3623 4896; x_wconf 88' lang='grc' dir='ltr'>δεῖ</span> <span class='ocrx_word' id='word_1_851' title='bbox 3640 4840 3749 4915; x_wconf 82' lang='grc' dir='ltr'>γὰρ</span> <span class='ocrx_word' id='word_1_852' title='bbox 3770 4840 3902 4921; x_wconf 70' lang='grc' dir='ltr'>αὐτὸ</span> <span class='ocrx_word' id='word_1_853' title='bbox 3922 4856 4027 4895; x_wconf 84' lang='grc' dir='ltr'>σα-</span> 
     </span>
    </p>
   </div>
   <div class='ocr_carea' id='block_1_111' title="bbox 2451 4918 4027 5016">
    <p class='ocr_par' dir='ltr' id='par_1_111' title="bbox 2451 4918 4027 5016">
     <span class='ocr_line' id='line_1_111' title="bbox 2451 4918 4027 5016; baseline -0.013 -16"><span class='ocrx_word' id='word_1_854' title='bbox 2451 4918 2711 5016; x_wconf 70' lang='grc' dir='ltr'>φέστερον</span> <span class='ocrx_word' id='word_1_855' title='bbox 2740 4918 2946 4996; x_wconf 77' lang='grc' dir='ltr'>εἰπεῖν·</span> <span class='ocrx_word' id='word_1_856' title='bbox 2996 4918 3324 5007; x_wconf 38' lang='grc' dir='ltr'>δηὺγιαίνων</span> <span class='ocrx_word' id='word_1_857' title='bbox 3365 4936 3457 4989; x_wconf 78' lang='grc' dir='ltr'>καὶ</span> <span class='ocrx_word' id='word_1_858' title='bbox 3490 4931 3730 4987; x_wconf 88' lang='grc' dir='ltr'>εύεκτῶν</span> <span class='ocrx_word' id='word_1_859' title='bbox 3760 4918 4027 5005; x_wconf 20' lang='grc' dir='ltr'>τὸῖσῶμα</span> 
     </span>
    </p>
   </div>
   <div class='ocr_carea' id='block_1_112' title="bbox 2449 5021 4027 5099">
    <p class='ocr_par' dir='ltr' id='par_1_112' title="bbox 2449 5021 4027 5099">
     <span class='ocr_line' id='line_1_112' title="bbox 2449 5021 4027 5099; baseline -0.011 -6"><span class='ocrx_word' id='word_1_860' title='bbox 2449 5039 2549 5093; x_wconf 85' lang='grc' dir='ltr'>οὐκ</span> <span class='ocrx_word' id='word_1_861' title='bbox 2590 5034 2921 5097; x_wconf 85' lang='grc' dir='ltr'>αἰσθάνεται,</span> <span class='ocrx_word' id='word_1_862' title='bbox 2954 5031 3075 5085; x_wconf 77' lang='grc' dir='ltr'>οὐδὲ</span> <span class='ocrx_word' id='word_1_863' title='bbox 3121 5026 3361 5099; x_wconf 83' lang='grc' dir='ltr'>ἀκριϐῶς</span> <span class='ocrx_word' id='word_1_864' title='bbox 3410 5024 3608 5078; x_wconf 83' lang='grc' dir='ltr'>εἰδέναι</span> <span class='ocrx_word' id='word_1_865' title='bbox 3648 5022 3887 5085; x_wconf 88' lang='grc' dir='ltr'>δύναται,</span> <span class='ocrx_word' id='word_1_866' title='bbox 3918 5021 4027 5076; x_wconf 81' lang='grc' dir='ltr'>ὅσα</span> 
     </span>
    </p>
   </div>
   <div class='ocr_carea' id='block_1_113' title="bbox 2451 5102 4024 5200">
    <p class='ocr_par' dir='ltr' id='par_1_113' title="bbox 2451 5102 4024 5200">
     <span class='ocr_line' id='line_1_113' title="bbox 2451 5102 4024 5200; baseline -0.011 -17"><span class='ocrx_word' id='word_1_867' title='bbox 2451 5128 2597 5200; x_wconf 81' lang='grc' dir='ltr'>αὐτῷ</span> <span class='ocrx_word' id='word_1_868' title='bbox 2625 5126 2804 5197; x_wconf 88' lang='grc' dir='ltr'>ἀγαθά</span> <span class='ocrx_word' id='word_1_869' title='bbox 2833 5128 2869 5197; x_wconf 80' lang='grc' dir='ltr'><strong>ἡ</strong></span> <span class='ocrx_word' id='word_1_870' title='bbox 2896 5102 3055 5192; x_wconf 72' lang='grc' dir='ltr'>ὑγεία</span> <span class='ocrx_word' id='word_1_871' title='bbox 3084 5118 3388 5192; x_wconf 72' lang='grc' dir='ltr'>ιχαριξετο,</span> <span class='ocrx_word' id='word_1_872' title='bbox 3424 5118 3475 5173; x_wconf 84' lang='grc' dir='ltr'>εί</span> <span class='ocrx_word' id='word_1_873' title='bbox 3512 5116 3586 5188; x_wconf 81' lang='grc' dir='ltr'>μὴ</span> <span class='ocrx_word' id='word_1_874' title='bbox 3616 5114 3710 5169; x_wconf 76' lang='grc' dir='ltr'>και</span> <span class='ocrx_word' id='word_1_875' title='bbox 3735 5113 3835 5183; x_wconf 83' lang='grc' dir='ltr'>τῆς</span> <span class='ocrx_word' id='word_1_876' title='bbox 3860 5112 4024 5166; x_wconf 80' lang='grc' dir='ltr'>νόσου</span> 
     </span>
    </p>
   </div>
   <div class='ocr_carea' id='block_1_114' title="bbox 2450 5204 4025 5292">
    <p class='ocr_par' dir='ltr' id='par_1_114' title="bbox 2450 5204 4025 5292">
     <span class='ocr_line' id='line_1_114' title="bbox 2450 5204 4025 5292; baseline -0.011 -17"><span class='ocrx_word' id='word_1_877' title='bbox 2450 5223 2642 5292; x_wconf 85' lang='grc' dir='ltr'>πεῖραν</span> <span class='ocrx_word' id='word_1_878' title='bbox 2660 5217 2802 5291; x_wconf 81' lang='grc' dir='ltr'>λάϐῃ</span> <span class='ocrx_word' id='word_1_879' title='bbox 2818 5216 2917 5286; x_wconf 80' lang='grc' dir='ltr'>τῆς</span> <span class='ocrx_word' id='word_1_880' title='bbox 2938 5213 3217 5275; x_wconf 86' lang='grc' dir='ltr'>ἀσθενείας</span> <span class='ocrx_word' id='word_1_881' title='bbox 3241 5207 3700 5282; x_wconf 86' lang='grc' dir='ltr'>παρεισελθούσης</span> <span class='ocrx_word' id='word_1_882' title='bbox 3717 5222 3731 5237; x_wconf 79' lang='grc'><em>’</em></span> <span class='ocrx_word' id='word_1_883' title='bbox 3760 5206 3852 5260; x_wconf 78' lang='grc' dir='ltr'>καὶ</span> <span class='ocrx_word' id='word_1_884' title='bbox 3873 5205 3902 5257; x_wconf 87' lang='grc' dir='ltr'>δ</span> <span class='ocrx_word' id='word_1_885' title='bbox 3919 5204 4025 5275; x_wconf 81' lang='grc' dir='ltr'>τὴν</span> 
     </span>
    </p>
   </div>
   <div class='ocr_carea' id='block_1_115' title="bbox 2452 5293 4024 5381">
    <p class='ocr_par' dir='ltr' id='par_1_115' title="bbox 2452 5293 4024 5381">
     <span class='ocr_line' id='line_1_115' title="bbox 2452 5293 4024 5381; baseline -0.01 -18"><span class='ocrx_word' id='word_1_886' title='bbox 2452 5310 2662 5381; x_wconf 80' lang='grc' dir='ltr'>ἡμέραν</span> <span class='ocrx_word' id='word_1_887' title='bbox 2692 5308 2851 5362; x_wconf 83' lang='grc' dir='ltr'>πάλιν</span> <span class='ocrx_word' id='word_1_888' title='bbox 2894 5304 3103 5375; x_wconf 87' lang='grc' dir='ltr'>βλέπων</span> <span class='ocrx_word' id='word_1_889' title='bbox 3134 5301 3233 5371; x_wconf 84' lang='grc' dir='ltr'>ούχ</span> <span class='ocrx_word' id='word_1_890' title='bbox 3262 5298 3463 5370; x_wconf 84' lang='grc' dir='ltr'>ὁμοίως</span> <span class='ocrx_word' id='word_1_891' title='bbox 3495 5296 3763 5367; x_wconf 82' lang='grc' dir='ltr'>θαυμάζει</span> <span class='ocrx_word' id='word_1_892' title='bbox 3790 5294 3851 5348; x_wconf 78' lang='grc' dir='ltr'>τὸ</span> <span class='ocrx_word' id='word_1_893' title='bbox 3880 5293 4024 5363; x_wconf 78' lang='grc' dir='ltr'>φῶς,</span> 
     </span>
    </p>
   </div>
   <div class='ocr_carea' id='block_1_116' title="bbox 2452 5382 4027 5469">
    <p class='ocr_par' dir='ltr' id='par_1_116' title="bbox 2452 5382 4027 5469">
     <span class='ocr_line' id='line_1_116' title="bbox 2452 5382 4027 5469; baseline -0.011 -16"><span class='ocrx_word' id='word_1_894' title='bbox 2452 5399 2548 5453; x_wconf 71' lang='grc' dir='ltr'>ἐὰν</span> <span class='ocrx_word' id='word_1_895' title='bbox 2574 5397 2648 5469; x_wconf 82' lang='grc' dir='ltr'>μὴ</span> <span class='ocrx_word' id='word_1_896' title='bbox 2673 5395 2768 5450; x_wconf 80' lang='grc' dir='ltr'>καὶ</span> <span class='ocrx_word' id='word_1_897' title='bbox 2790 5394 2852 5448; x_wconf 87' lang='grc' dir='ltr'>τὸ</span> <span class='ocrx_word' id='word_1_898' title='bbox 2875 5394 2975 5465; x_wconf 82' lang='grc' dir='ltr'>τῆς</span> <span class='ocrx_word' id='word_1_899' title='bbox 2998 5389 3190 5453; x_wconf 79' lang='grc' dir='ltr'>νυκτὸς</span> <span class='ocrx_word' id='word_1_900' title='bbox 3218 5389 3404 5451; x_wconf 87' lang='grc' dir='ltr'>σκότος</span> <span class='ocrx_word' id='word_1_901' title='bbox 3426 5384 3753 5455; x_wconf 80' lang='grc' dir='ltr'>διαδέξηται.</span> <span class='ocrx_word' id='word_1_902' title='bbox 3780 5384 3891 5437; x_wconf 74' lang='grc' dir='ltr'>Καὶ</span> <span class='ocrx_word' id='word_1_903' title='bbox 3910 5382 4027 5454; x_wconf 81' lang='grc' dir='ltr'>γάρ</span> 
     </span>
    </p>
   </div>
   <div class='ocr_carea' id='block_1_117' title="bbox 2452 5472 4026 5561">
    <p class='ocr_par' dir='ltr' id='par_1_117' title="bbox 2452 5472 4026 5561">
     <span class='ocr_line' id='line_1_117' title="bbox 2452 5472 4026 5561; baseline -0.011 -18"><span class='ocrx_word' id='word_1_904' title='bbox 2452 5493 2485 5561; x_wconf 82' lang='grc' dir='ltr'><strong>ὴ</strong></span> <span class='ocrx_word' id='word_1_905' title='bbox 2518 5489 2626 5543; x_wconf 86' lang='grc' dir='ltr'>τῶν</span> <span class='ocrx_word' id='word_1_906' title='bbox 2658 5487 2912 5541; x_wconf 69' lang='grc' dir='ltr'>ἐναντίων</span> <span class='ocrx_word' id='word_1_907' title='bbox 2946 5485 3113 5554; x_wconf 88' lang='grc' dir='ltr'>πεῖρα</span> <span class='ocrx_word' id='word_1_908' title='bbox 3130 5478 3443 5542; x_wconf 77' lang='grc' dir='ltr'>διδάσκαλος</span> <span class='ocrx_word' id='word_1_909' title='bbox 3476 5475 3565 5531; x_wconf 81' lang='grc' dir='ltr'>ἀεὶ</span> <span class='ocrx_word' id='word_1_910' title='bbox 3599 5476 3809 5545; x_wconf 87' lang='grc' dir='ltr'>γίνεται</span> <span class='ocrx_word' id='word_1_911' title='bbox 3844 5472 4026 5545; x_wconf 76' lang='grc' dir='ltr'>σαφὴς</span> 
     </span>
    </p>
   </div>
   <div class='ocr_carea' id='block_1_118' title="bbox 2454 5559 4027 5648">
    <p class='ocr_par' dir='ltr' id='par_1_118' title="bbox 2454 5559 4027 5648">
     <span class='ocr_line' id='line_1_118' title="bbox 2454 5559 4027 5648; baseline -0.011 -13"><span class='ocrx_word' id='word_1_912' title='bbox 2454 5559 2695 5643; x_wconf 64' lang='grc' dir='ltr'>ἐκείνων,</span> <span class='ocrx_word' id='word_1_913' title='bbox 2719 5571 2793 5632; x_wconf 84' lang='grc' dir='ltr'>ὧν</span> <span class='ocrx_word' id='word_1_914' title='bbox 2813 5577 3075 5648; x_wconf 78' lang='grc' dir='ltr'>πρότερον</span> <span class='ocrx_word' id='word_1_915' title='bbox 3099 5575 3158 5627; x_wconf 82' lang='grc' dir='ltr'>ὲν</span> <span class='ocrx_word' id='word_1_916' title='bbox 3182 5568 3844 5639; x_wconf 86' lang='grc' dir='ltr'>ἀπολαύσειτυγχάνοντες</span> <span class='ocrx_word' id='word_1_917' title='bbox 3856 5559 4027 5637; x_wconf 81' lang='grc' dir='ltr'>ἦμεν.</span> 
     </span>
    </p>
   </div>
   <div class='ocr_carea' id='block_1_119' title="bbox 2456 5656 4028 5735">
    <p class='ocr_par' dir='ltr' id='par_1_119' title="bbox 2456 5656 4028 5735">
     <span class='ocr_line' id='line_1_119' title="bbox 2456 5656 4028 5735; baseline -0.01 -8"><span class='ocrx_word' id='word_1_918' title='bbox 2456 5673 2555 5727; x_wconf 90' lang='grc' dir='ltr'>Διά</span> <span class='ocrx_word' id='word_1_919' title='bbox 2581 5690 2662 5726; x_wconf 90' lang='grc' dir='ltr'>τοι</span> <span class='ocrx_word' id='word_1_920' title='bbox 2692 5669 2849 5725; x_wconf 89' lang='grc' dir='ltr'>τοῦτο</span> <span class='ocrx_word' id='word_1_921' title='bbox 2882 5670 2979 5723; x_wconf 61' lang='grc' dir='ltr'>καὶ⁵</span> <span class='ocrx_word' id='word_1_922' title='bbox 3008 5668 3153 5732; x_wconf 85' lang='grc' dir='ltr'>τότε,</span> <span class='ocrx_word' id='word_1_923' title='bbox 3176 5664 3366 5735; x_wconf 70' lang='grc' dir='ltr'>ἐπειδὴ</span> <span class='ocrx_word' id='word_1_924' title='bbox 3396 5662 3602 5734; x_wconf 87' lang='grc' dir='ltr'>μυρίων</span> <span class='ocrx_word' id='word_1_925' title='bbox 3631 5656 3770 5731; x_wconf 81' lang='grc' dir='ltr'>ἦσαν</span> <span class='ocrx_word' id='word_1_926' title='bbox 3801 5658 4028 5726; x_wconf 87' lang='grc' dir='ltr'>ἀγαθῶν</span> 
     </span>
    </p>
   </div>
   <div class='ocr_carea' id='block_1_120' title="bbox 2456 5749 4026 5836">
    <p class='ocr_par' dir='ltr' id='par_1_120' title="bbox 2456 5749 4026 5836">
     <span class='ocr_line' id='line_1_120' title="bbox 2456 5749 4026 5836; baseline -0.012 -14"><span class='ocrx_word' id='word_1_927' title='bbox 2456 5770 2504 5822; x_wconf 91' lang='grc' dir='ltr'>οἰ</span> <span class='ocrx_word' id='word_1_928' title='bbox 2530 5765 2768 5836; x_wconf 77' lang='grc' dir='ltr'>μαθηταὶ</span> <span class='ocrx_word' id='word_1_929' title='bbox 2793 5761 2934 5817; x_wconf 88' lang='grc' dir='ltr'>κατά</span> <span class='ocrx_word' id='word_1_930' title='bbox 2952 5761 3047 5833; x_wconf 73' lang='grc' dir='ltr'>τὴν</span> <span class='ocrx_word' id='word_1_931' title='bbox 3078 5758 3242 5815; x_wconf 85' lang='grc' dir='ltr'>αὐτοῦ</span> <span class='ocrx_word' id='word_1_932' title='bbox 3275 5755 3574 5830; x_wconf 85' lang='grc' dir='ltr'>παρουσίαν</span> <span class='ocrx_word' id='word_1_933' title='bbox 3596 5749 4026 5815; x_wconf 81' lang='grc' dir='ltr'>ἀπολαύσαντες,</span> 
     </span>
    </p>
   </div>
  </div>
