4206 6318
214 360 323 419 ωδ

216 474 378 532 bilius
403 517 419 543 ,
466 475 522 531 in
571 484 760 530 natura
810 478 1182 543 permanentes
1227 465 1816 538 huntanavangelorum

216 569 687 626 conversationem
739 565 1074 622 exhibemus.
1123 563 1293 618 Tanta
1338 559 1601 632 siquidem
1649 558 1822 614 virtus

215 671 301 717 est
327 660 563 731 Spiritus
592 657 784 732 sancti.
829 657 895 712 Et
929 653 1379 728 quemadmodum
1407 651 1543 724 ignis
1568 651 1702 714 iste,
1729 648 1820 720 qui

217 766 398 807 sensu.
421 750 752 820 percipitur,
781 747 870 803 ubi
914 747 1082 802 molle
1119 746 1287 800 lutum
1323 743 1566 814 ceperit,
1596 739 1819 812 rigidam

217 841 348 898 illud
376 851 574 898 testam
601 840 800 897 efﬁcit:
823 840 901 897 sic
925 839 1176 894 nimirum
1201 848 1256 893 et
1283 837 1420 908 ignis
1449 834 1680 905 Spiritus
1698 847 1820 887 cum

219 936 456 990 animam
487 934 712 1004 probam
737 932 1050 1008 occuparit,
1081 932 1202 987 licet
1231 946 1350 986 eam
1376 931 1489 986 luto
1519 927 1818 984 molliorem

218 1029 517 1098 receperit,
552 1029 694 1085 ferro
729 1027 1000 1082 duriorem
1041 1025 1190 1080 illam
1227 1022 1438 1089 reddit;
1469 1021 1670 1079 etenim
1696 1035 1818 1074 eum

217 1121 307 1192 qui
334 1120 495 1191 paulo
519 1128 646 1175 ante
677 1128 1013 1189 peccatorum
1043 1117 1172 1173 hcce
1201 1116 1432 1192 pollutus
1455 1124 1572 1172 erat
1595 1153 1612 1180 ,
1643 1112 1818 1169 conti-

220 1228 328 1268 nuo
365 1212 485 1267 sole
522 1212 640 1283 ipso
669 1211 834 1266 ellicit
865 1209 1168 1266 clariorem.
1200 1210 1376 1277 Atque
1413 1206 1518 1262 hoc
1544 1203 1671 1260 illud
1700 1211 1816 1271 est,

219 1305 362 1375 qmd
393 1305 585 1360 beatus
615 1317 712 1358 nos
737 1302 965 1358 docebat
1010 1301 1239 1368 Paulus,
1268 1315 1390 1356 cum
1419 1299 1726 1361 clamaret,
1756 1309 1821 1351 ac

217 1395 452 1458 diceret,
493 1393 674 1448 Nolite
707 1410 877 1448 errare
905 1409 924 1448 :
948 1408 1106 1463 neque
1149 1391 1414 1463 fornicarii
1433 1433 1448 1457 ,
1474 1404 1634 1460 neque
1667 1387 1820 1442 idolis

217 1487 489 1541 servientes
507 1525 525 1552 ,
556 1501 716 1554 neque
743 1485 991 1550 adulteri,
1019 1501 1178 1557 neque
1201 1483 1407 1550 molles,
1436 1496 1594 1552 neque
1614 1495 1820 1535 mascu-

219 1580 387 1634 lorum
422 1580 769 1635 concubitores
787 1622 802 1645 ,
832 1596 990 1646 neque
1026 1582 1190 1649 fures,
1229 1592 1387 1647 neque
1416 1575 1598 1630 ebriosi
1619 1617 1633 1639 ,
1661 1589 1821 1642 neque

219 1671 476 1736 maledici,
500 1688 660 1741 neque
677 1687 885 1741 rapaces
905 1687 1114 1742 regnum
1137 1668 1236 1724 Dei
1256 1667 1578 1740 possidebunt
1599 1669 1675 1738 (1.
1697 1665 1818 1722 Cor.

218 1765 272 1816 6.
305 1762 363 1821 9.
397 1762 512 1833 l0).
545 1763 758 1817 Etcum
800 1763 979 1817 omnia
1021 1760 1191 1816 ferme
1233 1760 1588 1830 improbitatis
1624 1773 1820 1830 genera

218 1862 610 1919 enumerasset,
634 1868 836 1925 eosque
854 1852 945 1924 qui
960 1856 1028 1909 ‘Se
1053 1852 1136 1907 his
1156 1853 1392 1924 peccatis
1412 1851 1815 1915 obstrinxerim,

219 1944 428 2000 alienos
454 1944 571 2000 ﬁeri
599 1959 630 1999 a
659 1960 820 2017 regno
850 1946 943 2001 Dei
971 1945 1259 2011 timuisset,
1289 1945 1543 1999 continuo
1569 1942 1813 2012 subjecit,

222 2034 286 2089 Et
312 2038 421 2090 hec
451 2037 653 2108 quidem
681 2039 886 2109 fuistis;
912 2038 1004 2093 sed
1026 2037 1186 2093 abluti
1213 2039 1329 2093 estis
1348 2080 1362 2103 ,
1389 2039 1479 2092 sed
1514 2036 1818 2108 sanctiﬁcati

215 2130 356 2192 estis,
385 2129 479 2182 sed
493 2130 768 2198 justiﬁcati
795 2132 913 2184 estis
937 2129 1042 2201 (Ib.
1073 2147 1123 2186 υ.
1156 2128 1267 2204 Η).
1293 2130 1411 2198 Quo
1442 2139 1616 2200 pacto,
1649 2143 1819 2199 quave

215 2222 466 2277 ratione?
490 2222 597 2288 die,
631 2237 817 2294 quasso
847 2241 862 2278 :
894 2223 997 2279 hoc
1021 2223 1163 2279 enim
1193 2222 1323 2279 illud
1349 2232 1431 2278 est
1455 2222 1597 2293 quod
1628 2222 1822 2292 quaeri-

216 2323 325 2367 tur.
359 2311 426 2366 In
450 2316 652 2368 nomine
676 2313 882 2369 Domini
907 2313 1034 2370 Iesu
1072 2315 1278 2383 Christi,
1311 2316 1500 2384 inquit,
1532 2323 1578 2370 et
1603 2316 1657 2370 in
1688 2314 1818 2383 Spi-

215 2407 319 2458 ritu
348 2405 447 2460 Dei
477 2408 635 2460 nostri
664 2405 874 2479 (Ibid.).
905 2407 1069 2464 Vides
1093 2410 1341 2464 virtutem
1369 2407 1598 2478 Spiritus
1623 2407 1814 2474 sancti,

213 2498 540 2553 carissime?
565 2498 715 2554 vides
736 2509 794 2554 ut
818 2515 1032 2555 omnem
1064 2501 1204 2556 hanc
1229 2499 1560 2571 iniquitatem
1588 2499 1818 2570 Spiritus

213 2598 435 2643 sanctus
471 2589 763 2656 deleverit,
803 2605 1004 2662 eosque
1051 2592 1140 2662 qui
1185 2593 1336 2663 prius
1369 2607 1400 2646 a
1443 2593 1673 2664 peccatis
1707 2591 1818 2645 suis

213 2680 414 2749 proditi
445 2691 618 2751 erant,
644 2681 822 2737 subito
846 2683 914 2738 ad
938 2696 1178 2740 summos
1206 2684 1438 2739 honores
1467 2683 1746 2739 erexerit?

191 2777 193 2779 ’
286 2769 345 2824 2.
371 2769 629 2826 Adversus
659 2769 1168 2829 Pneumutomachos.
1190 2803 1262 2814 —
1282 2773 1412 2840 Quis
1435 2788 1565 2843 ergo
1589 2788 1688 2843 pro
1713 2789 1818 2830 me-

213 2863 324 2918 rito
359 2863 538 2934 lugeat
573 2880 637 2920 ac
668 2865 910 2936 deploret
935 2883 1062 2934 eos,
1093 2869 1186 2940 qui
1213 2865 1560 2938 blasphemiis
1586 2868 1816 2940 Spiritus

213 2956 391 3012 sancti
421 2967 678 3027 appetunt
706 2959 1037 3030 majestatem
1067 2975 1129 3016 ac
1158 2976 1355 3016 numen
1377 3003 1391 3026 ,
1424 2961 1513 3032 qui
1545 2971 1813 3033 tamquam

210 3045 406 3103 furiosi
437 3049 652 3118 quidam
693 3059 748 3105 et
785 3061 1027 3107 amentes
1064 3067 1133 3108 ne
1177 3052 1562 3108 beneﬁciorum
1599 3055 1814 3124 quidem

210 3139 584 3208 magnitudine
606 3140 675 3197 ah
700 3141 798 3197 hac
821 3157 917 3198 sua
950 3142 1141 3213 ingrati
1169 3144 1332 3198 animi
1363 3145 1703 3214 improbitate
1729 3161 1815 3200 re-

206 3237 515 3296 vocantur;
556 3231 664 3285 imo
705 3232 964 3289 adversus
1001 3237 1270 3304 propriam
1310 3237 1546 3306 ipsorum
1587 3238 1810 3295 salutem
1847 3264 1855 3269 -

207 3319 394 3373 omnia
433 3321 727 3377 machinari
765 3339 871 3379 non
902 3326 1187 3394 verentur,
1215 3335 1376 3398 atque
1399 3343 1428 3381 a
1460 3329 1670 3384 Domini
1696 3346 1783 3385 ma

204 3410 407 3480 jestate
437 3412 702 3482 dejectum
722 3457 739 3482 ,
769 3427 1024 3486 quantum
1063 3418 1116 3474 in
1158 3419 1290 3491 ipsis
1313 3431 1428 3488 est,
1461 3421 1513 3476 in
1542 3415 1814 3479 creatura-

209 3518 333 3557 rum
364 3504 608 3577 redigere
625 3509 877 3574 ordinem
915 3513 1251 3567 moliuntur?
1277 3513 1424 3583 Quos
1450 3515 1698 3587 equidem
1726 3517 1812 3571 lu-

209 3593 347 3650 bens
367 3596 445 3650 sic
468 3599 906 3670 interrogaverim
933 3602 1101 3672 :Quid
1125 3605 1335 3661 tandem
1357 3622 1534 3663 causa:
1552 3617 1652 3673 est,
1678 3609 1813 3665 heus

208 3703 332 3752 vos,
359 3705 457 3745 cur
481 3691 678 3748 bellum
707 3702 813 3748 tam
839 3697 1090 3752 acerbum
1117 3697 1374 3754 adversus
1394 3699 1623 3770 Spiritus
1646 3702 1812 3773 majec

209 3790 406 3837 statem
429 3783 682 3839 indictum
709 3786 971 3853 habeatis,
996 3788 1080 3844 vel
1103 3791 1277 3860 potius
1297 3791 1554 3847 adversus
1572 3804 1808 3849 vestram

207 3874 451 3944 ipsorum
478 3877 702 3932 salutem
723 3879 748 3930 ἲ
775 3895 950 3951 neque
975 3882 1125 3936 vobis
1154 3883 1206 3937 in
1237 3892 1470 3939 mentem
1503 3887 1691 3942 venire
1717 3902 1809 3956 pa-

207 3967 439 4032 tiamini,
462 3983 584 4038 qua:
605 3970 880 4041 discipulis
899 3988 928 4027 a
950 3973 1225 4033 Salvatore
1249 3988 1373 4034 sunt
1393 3979 1571 4035 dicta?
1592 3981 1806 4047 Euntes,

207 4056 418 4126 inquit,
447 4059 621 4113 docete
647 4076 816 4116 omnes
838 4073 1010 4135 gentes
1028 4108 1044 4131 ,
1074 4067 1383 4137 baptizantes
1408 4087 1489 4125 eos
1519 4071 1570 4124 in
1608 4074 1809 4126 nomine

205 4145 386 4202 Patris
407 4159 455 4202 et
477 4149 605 4205 Filii
627 4162 675 4207 et
702 4150 926 4224 Spiritus
954 4161 1118 4212 sancti
1145 4158 1355 4230 (Matth.
1389 4162 1476 4218 28.
1512 4163 1621 4233 i9).
1645 4163 1808 4220 Vides

202 4241 468 4310 aqualem
497 4241 701 4302 honore
731 4249 1107 4318 maiestatem?
1137 4253 1283 4308 vides
1312 4257 1650 4310 concordiam
1680 4273 1809 4313 exa-

201 4343 292 4390 cte
328 4333 693 4404 descriptam?
718 4339 869 4395 vides
907 4352 966 4395 ut
1006 4343 1235 4399 indivisa
1277 4346 1346 4400 sit
1375 4345 1649 4402 Trinitas?
1679 4367 1804 4403 num

204 4426 414 4494 uspiam
444 4427 729 4485 discrimen
768 4441 858 4487 aut
899 4433 1198 4491 immutatio
1233 4439 1640 4496 imminutiovc?
1670 4443 1804 4510 Quid

203 4533 300 4572 vos
336 4519 549 4575 Domini
577 4521 754 4581 verbis
790 4539 925 4578 nova
965 4527 1208 4596 quaedam
1237 4531 1486 4585 mandata
1516 4531 1806 4604 adjungere

199 4610 460 4666 audetis?
485 4629 551 4666 an
583 4628 711 4669 vero
735 4617 953 4672 nescitis
978 4619 1030 4673 in
1052 4621 1280 4690 negotiis
1303 4623 1461 4676 etiam
1493 4624 1740 4680 humanis
1761 4627 1806 4681 si

199 4702 324 4769 quis
350 4701 491 4759 forte
519 4716 740 4763 conatus
765 4709 853 4774 sit,
881 4720 974 4765 aut
997 4727 1064 4766 eo
1093 4714 1163 4766 sit
1201 4729 1514 4786 progressus
1541 4720 1801 4786 audacias,

201 4805 260 4848 nt
284 4809 314 4849 a
343 4810 473 4867 rege
497 4799 675 4856 missis
700 4802 868 4859 literis
896 4806 1183 4876 quidquam
1220 4809 1436 4880 adjiciat
1461 4811 1803 4883 detrahatve,

197 4888 292 4958 qni
320 4888 562 4958 ejusdem
594 4893 826 4966 alioquin
851 4907 933 4954 est
956 4901 1169 4970 generis
1197 4904 1472 4961 nobiscum
1490 4950 1507 4974 ,
1537 4909 1774 4979 ejusdem

197 4996 305 5051 que
343 4996 571 5038 consors
605 4997 831 5056 natura,
863 4993 1038 5049 solere
1076 4991 1226 5049 illum
1259 5006 1505 5053 extremo
1540 5004 1802 5072 supplicio

196 5074 474 5143 mulctari,
507 5078 756 5148 nullaque
783 5097 946 5152 posse
978 5085 1187 5142 ratione
1214 5105 1244 5144 a
1276 5092 1466 5146 merita
1496 5108 1652 5163 penna
1684 5096 1801 5151 vin-

195 5167 404 5222 dicari?
427 5169 582 5238 Quod
608 5175 653 5227 si
681 5183 885 5230 tantum
911 5178 965 5233 in
992 5178 1226 5237 hominis
1252 5184 1478 5254 negotiis
1503 5188 1797 5254 perieulum

198 5258 462 5326 imminet,
493 5278 650 5333 quam
677 5267 890 5323 tandem
914 5272 1124 5326 veniam
1152 5273 1487 5340 obtinebunt,
1512 5279 1601 5349 qui
1631 5296 1799 5351 usque

195 5367 265 5406 eo
287 5355 573 5423 prosiliunt
594 5361 930 5431 arrogantia,
954 5373 1014 5419 ut
1033 5381 1150 5436 qua:
1170 5382 1200 5421 a
1221 5371 1490 5425 communi
1520 5372 1798 5433 Salvatore

195 5456 387 5500 nostro
412 5458 534 5505 sunt
558 5449 722 5519 dicta,
747 5469 1093 5528 corrumpere
1120 5461 1426 5530 moliantur,
1452 5481 1626 5536 neque
1653 5470 1794 5525 Pau-

193 5539 342 5606 hm,
382 5541 472 5612 qui
513 5543 819 5616 loquentem
863 5551 916 5605 in
956 5567 1016 5608 se
1054 5553 1324 5611 Christum
1368 5547 1563 5627 habet,
1607 5565 1793 5623 audire

193 5633 486 5703 dignentur
508 5638 649 5695 clara
679 5657 809 5700 voce
834 5645 1152 5704 clamantem
1176 5667 1239 5707 ac
1264 5653 1528 5713 dicentem
1550 5701 1567 5726 ,
1599 5659 1791 5716 Oculus

194 5743 295 5782 non
325 5730 482 5796 cidit,
513 5743 560 5788 et
584 5738 723 5792 auris
762 5755 867 5793 non
900 5744 1127 5809 audivit,
1156 5754 1202 5799 et
1237 5747 1290 5800 in
1327 5765 1415 5802 cor
1443 5749 1662 5808 hominis
1689 5773 1790 5810 non

196 5823 530 5880 excuderunt
557 5843 670 5909 qua:
690 5833 1001 5913 pratparavit
1022 5831 1155 5890 Deus
1180 5835 1264 5906 iis,
1285 5838 1374 5908 qui
1403 5839 1623 5919 diligunt
1645 5847 1788 5902 illum

1187 349 1278 407 DE
1315 346 1582 406 SANCTA
1621 343 2088 404 PENTEOOSTB.
2130 344 2358 402 ΗΟΜΙΙ..
2399 345 2467 402 Il.

3415 350 3523 409 466

1931 466 1953 537 (
1974 465 2022 521 l.
2065 464 2184 520 Cor.
2215 465 2272 523 2.
2335 465 2450 536 9)?
2481 463 2536 520 Si
2567 477 2695 535 ergo
2733 477 2907 536 neque
2939 463 3128 520 oculus
3155 462 3321 532 vidit,
3349 479 3525 537 neque

1923 559 2068 614 auris
2108 556 2343 623 audivit,
2376 572 2551 628 neque
2585 571 2682 614 cor
2720 571 2913 642 calere
2950 557 3122 628 potuit
3162 559 3524 630 cognitionem

1924 651 2209 717 bonorum,
2235 665 2355 721 quae
2385 650 2558 721 ipsum
2597 649 2937 721 diligentibus
2975 657 3099 705 sunt
3127 658 3330 720 parata,
3356 650 3522 717 unde,

1922 760 2126 817 qumso,
2157 745 2270 800 ﬁeri
2299 745 2509 814 poterit,
2535 759 2569 799 ο
2595 743 2748 799 beate
2775 737 2958 808 Paule,
2989 751 3051 798 ut
3085 756 3185 799 nos
3211 758 3397 799 eorum
3424 758 3523 800 co-

1921 839 2214 909 gnitionem
2245 836 2635 908 assequamur?
2664 837 2927 906 Exspecta
2973 835 3246 907 paulisper
3277 854 3289 889 :
3322 844 3432 890 tum
3465 844 3522 891 tu

1923 930 2070 985 illum
2116 930 2286 999 ipsum
2330 928 2514 984 audies
2554 929 2654 982 hoc
2682 927 2970 983 dicentem.
3004 928 3186 1000 Itaque
3213 927 3408 996 adjecit
3435 925 3524 982 di-

1923 1035 2052 1076 cens
2084 1039 2098 1074 :
2133 1018 2294 1074 Nobis
2323 1030 2497 1074 autem
2532 1019 2765 1074 reuelauit
2795 1017 2934 1074 Deus
2972 1034 3064 1090 per
3099 1018 3334 1089 spiritum
3373 1035 3525 1073 suum

1926 1113 2086 1188 (ibid.
2123 1130 2172 1169 υ.
2204 1113 2292 1186 10)
2330 1131 2344 1169 :
2375 1129 2548 1184 neque
2586 1128 2715 1168 vero
2763 1111 2849 1168 hic
2891 1110 3163 1177 substitit;
3195 1109 3288 1166 sed
3323 1119 3380 1166 ut
3421 1125 3523 1180 po-

1923 1209 2104 1263 tentias
2129 1207 2548 1280 magnitudinem
2576 1207 2855 1271 indicaret,
2881 1213 2938 1260 et
2962 1220 3068 1276 quo
3097 1214 3253 1275 pacto
3279 1205 3520 1276 ejusdem

1922 1302 1993 1356 sit
2031 1301 2345 1358 substantia:
2381 1309 2538 1371 atque
2575 1299 2736 1354 Pater
2762 1307 2814 1354 et
2843 1297 3011 1353 Filius
3037 1314 3050 1351 :
3081 1297 3308 1368 Spiritus
3336 1297 3478 1352 enim
3503 1339 3520 1361 ,

1922 1393 2127 1461 inquit,
2159 1393 2333 1445 omnia
2371 1400 2652 1455 scrutatur,
2690 1389 2846 1445 etiam
2886 1390 3143 1461 profunda
3178 1387 3274 1444 Dei
3309 1386 3522 1459 (Ibid.).

1923 1484 2125 1540 Deinde
2157 1499 2280 1539 eum
2322 1483 2582 1553 exemplis
2616 1482 2865 1538 humanis
2905 1482 3293 1538 accuratiorem
3322 1481 3524 1537 doctri-

1923 1591 2046 1631 nam
2075 1576 2313 1632 inserere
2339 1576 2532 1630 animis
2551 1577 2748 1632 nostris
2769 1576 2948 1643 vellet,
2976 1574 3170 1646 adjecit
3196 1593 3209 1631 :
3241 1566 3370 1641 Quis'
3387 1576 3524 1630 enim

1923 1669 2182 1722 hominum
2218 1669 2311 1724 scit
2348 1685 2462 1738 qua
2494 1679 2616 1724 sunt
2654 1669 2906 1736 hominis,
2937 1669 3037 1724 nisi
3064 1670 3275 1741 spiritu:
3302 1669 3525 1724 hominis

1920 1763 2008 1833 qui
2032 1763 2084 1816 in
2109 1763 2221 1833 ipso
2247 1765 2359 1817 est?
2387 1762 2476 1818 Sic
2499 1772 2547 1817 et
2567 1779 2679 1828 quae
2701 1761 2797 1816 Dei
2825 1771 2942 1817 sunt
2971 1779 3117 1818 nemo
3143 1763 3393 1834 cognovit,
3423 1762 3525 1818 nisi

1923 1854 2151 1926 Spiritus
2175 1854 2274 1910 Dei
2303 1855 2408 1928 (Ib.
2436 1871 2484 1909 υ.
2519 1853 2627 1929 Η).
2661 1855 2817 1910 Vides
2842 1855 3093 1910 eximiam
3119 1854 3523 1927 perfectamque

1921 1946 2220 2002 doctrinam
2241 1946 2265 2000 ἲ
2286 1946 2769 2016 Quemadmodum,
2795 1947 2985 2018 inquit,
3007 1962 3095 2014 ea,
3118 1962 3237 2018 quae
3261 1947 3313 2002 in
3341 1957 3523 2002 mente

1920 2047 2046 2094 sunt
2071 2038 2340 2106 hominis,
2371 2040 2484 2094 lieri
2515 2034 2698 2109 nequit
2725 2046 2783 2094 ut
2818 2040 2956 2095 alter
2994 2041 3236 2109 noverit,
3265 2039 3360 2096 sed
3408 2040 3522 2110 ipse

1920 2145 2008 2186 res
2031 2145 2154 2185 suas
2184 2131 2328 2185 novit
2357 2131 2502 2186 solus
2528 2149 2540 2184 :
2570 2132 2648 2187 sic
2671 2140 2725 2186 et
2750 2147 2870 2202 quae
2896 2130 2988 2187 Dei
3020 2139 3145 2186 sunt
3171 2131 3349 2186 nullus
3376 2133 3524 2186 novit

1919 2223 2022 2279 nisi
2066 2223 2296 2293 Spiritus
2328 2223 2467 2290 .Dei,
2498 2223 2638 2294 quod
2682 2225 2969 2280 maximum
3007 2233 3091 2280 est
3109 2224 3372 2295 valdeque
3402 2224 3522 2278 ido-

1919 2331 2079 2371 neum
2103 2315 2168 2388 ad
2189 2314 2572 2370 ostendendam
2596 2315 2827 2386 Spiritus
2845 2313 3177 2388 dignitatem.
3203 2317 3522 2388 Exemplum

1918 2407 2061 2462 enim
2091 2407 2284 2475 attulit,
2311 2408 2462 2478 quasi
2495 2408 2597 2463 hoc
2627 2410 2868 2464 innueret
2900 2427 2913 2465 :
2941 2410 3081 2465 Fieri
3110 2424 3217 2465 non
3245 2419 3438 2482 potest,
3465 2424 3523 2466 ut

1919 2499 2039 2568 quis
2067 2497 2344 2552 hominum
2370 2513 2432 2553 ea
2456 2539 2472 2562 ,
2501 2513 2620 2568 qua:
2650 2499 2702 2553 in
2733 2515 2828 2554 sua
2865 2509 3043 2555 mente
3073 2511 3235 2568 sunt,
3268 2515 3520 2569 umquam

1920 2589 2148 2658 ignoret.
2178 2587 2249 2645 Ut
2285 2588 2446 2660 igitur
2467 2587 2582 2644 fieri
2614 2591 2714 2645 hoc
2741 2605 2846 2645 non
2877 2599 3058 2660 potest
3079 2634 3094 2654 ,
3122 2592 3201 2647 sic
3227 2602 3281 2648 et
3307 2608 3367 2648 ea
3399 2609 3521 2663 qua:

1921 2680 2014 2735 Dei
2044 2689 2171 2735 sunt
2195 2689 2302 2735 tam
2333 2691 2520 2737 exacte
2560 2681 2791 2752 Spiritus
2829 2695 3047 2738 sanctus
3087 2685 3253 2739 novit.
3284 2683 3390 2740 Sed
3420 2701 3519 2741 ne-

1916 2775 2030 2844 gari
2056 2789 2162 2828 non
2191 2783 2386 2843 potest,
2413 2774 2538 2844 quin
2561 2773 2645 2830 his
2665 2776 2826 2830 etiam
2852 2775 3031 2831 verbis
3060 2778 3247 2832 beatus
3271 2777 3372 2834 iste
3399 2777 3522 2834 illos

1919 2874 2140 2936 tangat,
2167 2865 2257 2935 qui
2275 2865 2358 2920 ob
2384 2866 2725 2935 anticipatam
2753 2881 2904 2921 suam
2939 2867 3246 2939 opinionem
3276 2885 3397 2924 eum
3429 2883 3521 2923 sa-

1917 2954 2042 3010 lutis
2066 2971 2177 3010 suae
2206 2956 2530 3012 detrimento
2556 2965 2758 3011 tantum
2791 2957 2990 3013 bellum
3018 2957 3247 3030 Spiritus
3276 2960 3520 3032 dignitati

1916 3062 1977 3102 se
2007 3047 2261 3102 indixisse
2287 3047 2586 3116 declarant,
2609 3059 2974 3122 quantumque
2999 3053 3158 3106 situm
3181 3051 3235 3108 in
3259 3053 3388 3124 ipsis
3414 3065 3519 3121 est,

1916 3153 2041 3193 eum
2069 3140 2304 3207 supremi
2333 3139 2639 3196 dominatus
2667 3142 2925 3213 dignitate
2966 3145 3175 3213 privant
3197 3187 3213 3211 ,
3253 3153 3412 3217 atque
3452 3148 3520 3202 ad

1916 3240 2281 3287 creaturarum
2330 3232 2587 3304 dejieiunt
2633 3234 2917 3290 vilitatem.
2967 3235 3347 3294 Verumtamen
3392 3240 3520 3295 licet

1917 3323 1991 3378 illi
2029 3324 2387 3379 contentionis
2421 3325 2598 3381 studio
2630 3327 2774 3381 ducti
2815 3325 3106 3398 Scriptum
3143 3345 3311 3385 sacrae
3339 3331 3520 3386 verbis

1915 3417 2252 3473 adversarios
2297 3433 2417 3474 sese
2467 3429 2779 3490 opponant,
2823 3435 2923 3476 nos
2969 3421 3144 3476 divina
3197 3421 3518 3479 documenta

1915 3510 2060 3565 velut
2084 3511 2297 3566 oracula
2324 3511 2392 3567 de
2417 3513 2549 3567 czelo
2577 3513 2739 3571 missa
2767 3515 3143 3585 suscipientes,
3172 3516 3379 3572 debitas
3405 3516 3519 3572 lau-

1914 3601 2011 3656 des
2040 3601 2332 3658 offeramus
2353 3646 2367 3668 ,
2394 3612 2450 3658 et
2477 3619 2597 3659 eum
2625 3614 2769 3660 recta
2800 3605 2904 3661 [ide
2933 3607 3094 3662 etiam
3120 3609 3360 3664 veritatis
3386 3625 3517 3664 exa-

1913 3703 2054 3749 ctam
2089 3697 2449 3766 cognitionem
2497 3713 2608 3767 praa
2645 3698 2801 3754 nobis
2836 3687 3088 3758 feramus.
3120 3704 3294 3773 Atque
3323 3704 3388 3758 ad
3419 3720 3515 3759 eos

1912 3787 2128 3858 quidem
2152 3789 2502 3844 revincendos
2525 3832 2540 3856 ,
2572 3791 2660 3862 qui
2692 3807 2752 3846 ea
2778 3834 2794 3859 ,
2818 3808 2937 3864 quae
2969 3793 3199 3863 Spiritus
3227 3797 3394 3852 sancti
3424 3814 3515 3853 re-

1913 3880 2126 3950 sponsis
2154 3882 2421 3936 contraria
2467 3892 2624 3951 sunt,
2659 3882 2854 3938 docere
2901 3899 3010 3939 non
3052 3885 3326 3953 dubitant,
3367 3888 3517 3943 sum.

1911 3973 2056 4027 ciunt
2084 3989 2145 4028 ea
2173 3988 2291 4044 qua:
2331 3975 2471 4029 dicta
2516 3985 2676 4041 sunt;
2713 3992 2902 4031 verum
2930 3980 3070 4034 enim
3102 3997 3230 4036 vero
3256 3982 3406 4052 cujus
3436 3987 3514 4039 rei

1909 4067 2076 4135 gratia
2126 4077 2391 4122 tantorum
2439 4083 2655 4123 causam
2702 4071 2964 4126 bonorum
3009 4088 3115 4128 non
3165 4075 3342 4129 statim
3393 4089 3515 4146 post

1912 4171 2062 4211 suam
2097 4159 2146 4212 in
2176 4159 2336 4212 cados
2363 4161 2733 4216 ascensionem
2762 4163 3019 4218 Dominus
3045 4165 3114 4219 sit
3145 4166 3384 4236 largitus,
3417 4168 3513 4222 sed

1913 4266 2108 4319 paucos
2134 4251 2248 4306 dies
2278 4252 2426 4321 prius
2450 4253 2634 4309 siverit
2659 4265 2995 4326 exspectare,
3029 4272 3092 4312 ac
3118 4257 3262 4312 solos
3292 4274 3514 4314 manere

1911 4341 2202 4412 discipulos
2232 4343 2399 4408 domi,
2427 4353 2537 4398 tum
2561 4345 2752 4400 deinde
2770 4347 2999 4415 Spiritus
3027 4351 3252 4418 gratiam
3283 4349 3514 4406 demise-

1912 4433 2010 4496 rit,
2040 4449 2218 4503 operae
2247 4435 2475 4504 pretium
2508 4435 2694 4491 fueturi
2731 4439 3010 4506 videmur,
3042 4441 3085 4494 si
3113 4441 3388 4497 dilectioni
3421 4460 3513 4500 ve-

1910 4533 2036 4578 stra:
2061 4523 2359 4580 referamus
2391 4545 2402 4579 :
2434 4543 2538 4581 non
2568 4529 2709 4582 enim
2739 4541 2941 4586 temere
2961 4572 2975 4596 ,
3011 4549 3183 4603 neque
3209 4535 3326 4589 sine
3351 4551 3510 4590 causa

1910 4616 2106 4672 factum
2134 4627 2218 4673 est
2245 4619 2393 4674 illud.
2422 4621 2553 4675 Nam
2584 4626 2835 4693 quoniam
2863 4642 3031 4695 genus
3059 4627 3351 4684 humanum
3380 4633 3514 4688 vidit

1910 4725 2016 4764 non
2045 4721 2190 4765 tanto
2217 4712 2267 4766 in
2302 4713 2471 4783 pretio
2497 4717 2693 4770 habere
2715 4734 2833 4788 qurc
2856 4730 2979 4774 sunt
3002 4723 3052 4775 in
3079 4725 3320 4779 manibus
3348 4727 3509 4795 bona,

1909 4817 2083 4871 neque
2110 4817 2205 4871 pro
2234 4803 2490 4874 dignitate
2515 4822 2576 4861 ea
2606 4810 2813 4876 colere,
2845 4827 2962 4882 qua:
2999 4814 3230 4882 jucunda
3270 4820 3427 4873 simul
3457 4831 3512 4874 et

1907 4894 2444 4963 magna‘videantur,
2475 4899 2575 4953 nisi
2616 4902 2776 4956 etiam
2819 4909 3208 4964 contrariorum
3252 4927 3509 4968 occursus

1908 4985 2221 5055 irrepserit;
2254 4991 2487 5059 exempli
2518 5006 2676 5046 causa
2710 4993 3031 5065 (dicendum
3064 5001 3204 5054 enim
3237 5012 3318 5056 est
3351 5018 3509 5073 aper-

1907 5079 2036 5146 tius)
2061 5121 2075 5142 ,
2100 5079 2191 5149 qui
2220 5096 2352 5137 sano
2379 5093 2462 5138 est
2498 5101 2562 5141 ac
2590 5098 2778 5156 vegeto
2805 5105 3030 5162 corpore
3050 5135 3064 5156 ,
3097 5111 3270 5165 neque
3300 5102 3502 5165 sentit,

1905 5196 2080 5251 neque
2125 5188 2263 5237 scire
2306 5193 2483 5252 potest
2523 5193 2746 5252 exacte,
2780 5197 2974 5257 quanta
3019 5191 3090 5244 illi
3133 5194 3334 5247 sanitas
3365 5194 3503 5249 bona

1904 5273 2204 5344 largiretur,
2236 5277 2335 5330 nisi
2376 5276 2686 5334 infirmitate
2730 5281 3024 5350 obrepente
3064 5284 3308 5339 morbum
3340 5288 3500 5342 etiam

1901 5364 2062 5421 fuerit
2105 5379 2401 5437 expertus:
2435 5380 2488 5426 et
2516 5373 2606 5440 qui
2647 5373 2786 5426 diem
2836 5391 3021 5430 rursus
3062 5379 3278 5447 aspicit,
3320 5381 3500 5437 lumen

1900 5459 2029 5512 tanti
2068 5475 2174 5513 non
2215 5461 2340 5516 facit
2362 5503 2378 5527 ,
2409 5463 2506 5517 nisi
2547 5464 2705 5518 etiam
2739 5468 2910 5521 noctis
2939 5468 3184 5523 tenebras
3215 5486 3500 5538 persense-

1899 5553 1985 5604 rit.
2029 5552 2239 5608 Etenim
2289 5558 2680 5612 contrariorum
2727 5562 3052 5630 experientia
3101 5567 3354 5631 magistra
3402 5583 3500 5623 nos

1897 5654 2082 5714 aperte
2110 5647 2288 5714 docet,
2321 5650 2495 5718 qualia
2523 5650 2632 5706 sint
2657 5667 2741 5718 ea,
2766 5654 2957 5723 quibus
2982 5664 3139 5710 antca
3166 5655 3495 5713 huebamur.

1897 5739 2102 5797 idcirco
2144 5745 2394 5798 nimirum
2439 5735 2549 5800 tum
2593 5762 2837 5818 quoque,
2877 5750 3305 5820 quant‘loqnidcm
3353 5769 3496 5822 prte—

1897 5844 2050 5890 sente
2096 5836 2186 5890 illo
2229 5840 2497 5894 sexcentis
2540 5839 2694 5897 bonis
2739 5842 2983 5914 discipuli
3025 5844 3176 5914 potiti
3211 5855 3399 5917 erant,
3437 5858 3494 5902 et
