  <div class='ocr_page' id='page_1' title='image "/cluster/home/n/w/nwhite01/storage/ocr_20150623/50/pst.000005712496/063.png"; bbox 0 0 4206 6308; ppageno 0'>
   <div class='ocr_carea' id='block_1_1' title="bbox 722 311 831 369">
    <p class='ocr_par' dir='ltr' id='par_1_1' title="bbox 722 311 831 369">
     <span class='ocr_line' id='line_1_1' title="bbox 722 311 831 369; baseline -0.009 0"><span class='ocrx_word' id='word_1_1' title='bbox 722 311 831 369; x_wconf 64' lang='grc' dir='ltr'><strong>ιη</strong></span> 
     </span>
    </p>
   </div>
   <div class='ocr_carea' id='block_1_2' title="bbox 726 423 2309 496">
    <p class='ocr_par' dir='ltr' id='par_1_2' title="bbox 726 423 2309 496">
     <span class='ocr_line' id='line_1_2' title="bbox 726 423 2309 496; baseline 0.001 -18"><span class='ocrx_word' id='word_1_2' title='bbox 726 423 868 493; x_wconf 83' lang='lat' dir='ltr'><strong>quod</strong></span> <span class='ocrx_word' id='word_1_3' title='bbox 910 438 1031 479; x_wconf 89' lang='lat' dir='ltr'><strong>eum</strong></span> <span class='ocrx_word' id='word_1_4' title='bbox 1081 423 1170 480; x_wconf 89' lang='lat' dir='ltr'><strong>illo</strong></span> <span class='ocrx_word' id='word_1_5' title='bbox 1213 425 1407 482; x_wconf 87' lang='lat' dir='ltr'><strong>versati</strong></span> <span class='ocrx_word' id='word_1_6' title='bbox 1455 425 1716 492; x_wconf 76' lang='lat' dir='ltr'><strong>fuissent,</strong></span> <span class='ocrx_word' id='word_1_7' title='bbox 1763 424 1878 491; x_wconf 82' lang='lat' dir='ltr'><strong>dies</strong></span> <span class='ocrx_word' id='word_1_8' title='bbox 1927 423 2309 496; x_wconf 69' lang='lat' dir='ltr'><strong>iucundissime</strong></span> 
     </span>
    </p>
   </div>
   <div class='ocr_carea' id='block_1_3' title="bbox 726 512 2310 588">
    <p class='ocr_par' dir='ltr' id='par_1_3' title="bbox 726 512 2310 588">
     <span class='ocr_line' id='line_1_3' title="bbox 726 512 2310 588; baseline 0.002 -20"><span class='ocrx_word' id='word_1_9' title='bbox 726 513 1108 586; x_wconf 68' lang='lat' dir='ltr'><strong>transigebant.</strong></span> <span class='ocrx_word' id='word_1_10' title='bbox 1132 512 1331 571; x_wconf 85' lang='lat' dir='ltr'><strong>Omnes</strong></span> <span class='ocrx_word' id='word_1_11' title='bbox 1349 518 1492 572; x_wconf 85' lang='lat' dir='ltr'><strong>enim</strong></span> <span class='ocrx_word' id='word_1_12' title='bbox 1516 517 1704 572; x_wconf 70' lang='lat' dir='ltr'><strong>incolae</strong></span> <span class='ocrx_word' id='word_1_13' title='bbox 1726 516 2024 572; x_wconf 70' lang='lat' dir='ltr'><strong>Palaestinas</strong></span> <span class='ocrx_word' id='word_1_14' title='bbox 2046 527 2310 588; x_wconf 77' lang='lat' dir='ltr'><strong>tamquam</strong></span> 
     </span>
    </p>
   </div>
   <div class='ocr_carea' id='block_1_4' title="bbox 727 604 2316 678">
    <p class='ocr_par' dir='ltr' id='par_1_4' title="bbox 727 604 2316 678">
     <span class='ocr_line' id='line_1_4' title="bbox 727 604 2316 678; baseline 0.003 -21"><span class='ocrx_word' id='word_1_15' title='bbox 727 604 796 659; x_wconf 87' lang='lat' dir='ltr'><strong>ad</strong></span> <span class='ocrx_word' id='word_1_16' title='bbox 825 604 1103 677; x_wconf 73' lang='lat' dir='ltr'><strong>luminaria</strong></span> <span class='ocrx_word' id='word_1_17' title='bbox 1130 607 1375 678; x_wconf 73' lang='lat' dir='ltr'><strong>quaedam</strong></span> <span class='ocrx_word' id='word_1_18' title='bbox 1401 607 1582 663; x_wconf 90' lang='lat' dir='ltr'><strong>oculos</strong></span> <span class='ocrx_word' id='word_1_19' title='bbox 1610 622 1739 663; x_wconf 88' lang='lat' dir='ltr'><strong>suos</strong></span> <span class='ocrx_word' id='word_1_20' title='bbox 1763 608 1830 663; x_wconf 91' lang='lat' dir='ltr'><strong>ad</strong></span> <span class='ocrx_word' id='word_1_21' title='bbox 1854 623 2039 664; x_wconf 88' lang='lat' dir='ltr'><strong>eorum</strong></span> <span class='ocrx_word' id='word_1_22' title='bbox 2064 608 2154 662; x_wconf 82' lang='lat' dir='ltr'><strong>ora</strong></span> <span class='ocrx_word' id='word_1_23' title='bbox 2185 622 2316 663; x_wconf 90' lang='lat' dir='ltr'><strong>eon-</strong></span> 
     </span>
    </p>
   </div>
   <div class='ocr_carea' id='block_1_5' title="bbox 727 695 2316 769">
    <p class='ocr_par' dir='ltr' id='par_1_5' title="bbox 727 695 2316 769">
     <span class='ocr_line' id='line_1_5' title="bbox 727 695 2316 769; baseline 0.003 -20"><span class='ocrx_word' id='word_1_24' title='bbox 727 695 1028 764; x_wconf 83' lang='lat' dir='ltr'><strong>vertebant,</strong></span> <span class='ocrx_word' id='word_1_25' title='bbox 1053 699 1265 769; x_wconf 86' lang='lat' dir='ltr'><strong>quando</strong></span> <span class='ocrx_word' id='word_1_26' title='bbox 1283 709 1337 755; x_wconf 90' lang='lat' dir='ltr'><strong>et</strong></span> <span class='ocrx_word' id='word_1_27' title='bbox 1357 707 1598 756; x_wconf 90' lang='lat' dir='ltr'><strong>mortuos</strong></span> <span class='ocrx_word' id='word_1_28' title='bbox 1618 700 1686 755; x_wconf 92' lang='lat' dir='ltr'><strong>ad</strong></span> <span class='ocrx_word' id='word_1_29' title='bbox 1707 701 1867 755; x_wconf 91' lang='lat' dir='ltr'><strong>vitam</strong></span> <span class='ocrx_word' id='word_1_30' title='bbox 1896 698 2244 765; x_wconf 83' lang='lat' dir='ltr'><strong>revocabant,</strong></span> <span class='ocrx_word' id='word_1_31' title='bbox 2263 711 2316 754; x_wconf 88' lang='lat' dir='ltr'><strong>et</strong></span> 
     </span>
    </p>
   </div>
   <div class='ocr_carea' id='block_1_6' title="bbox 730 786 2314 861">
    <p class='ocr_par' dir='ltr' id='par_1_6' title="bbox 730 786 2314 861">
     <span class='ocr_line' id='line_1_6' title="bbox 730 786 2314 861; baseline 0.003 -23"><span class='ocrx_word' id='word_1_32' title='bbox 730 786 972 857; x_wconf 82' lang='lat' dir='ltr'><strong>leprosos</strong></span> <span class='ocrx_word' id='word_1_33' title='bbox 999 790 1321 845; x_wconf 86' lang='lat' dir='ltr'><strong>mundabant</strong></span> <span class='ocrx_word' id='word_1_34' title='bbox 1341 831 1358 858; x_wconf 94' lang='lat'><strong>,</strong></span> <span class='ocrx_word' id='word_1_35' title='bbox 1386 790 1658 846; x_wconf 62' lang='lat' dir='ltr'><strong>daemones</strong></span> <span class='ocrx_word' id='word_1_36' title='bbox 1697 790 2030 861; x_wconf 86' lang='lat' dir='ltr'><strong>expellebant</strong></span> <span class='ocrx_word' id='word_1_37' title='bbox 2051 830 2068 856; x_wconf 90' lang='lat'><strong>,</strong></span> <span class='ocrx_word' id='word_1_38' title='bbox 2098 789 2314 844; x_wconf 88' lang='lat' dir='ltr'><strong>morbos</strong></span> 
     </span>
    </p>
   </div>
   <div class='ocr_carea' id='block_1_7' title="bbox 728 878 2310 952">
    <p class='ocr_par' dir='ltr' id='par_1_7' title="bbox 728 878 2310 952">
     <span class='ocr_line' id='line_1_7' title="bbox 728 878 2310 952; baseline 0.004 -22"><span class='ocrx_word' id='word_1_39' title='bbox 728 878 1020 944; x_wconf 87' lang='lat' dir='ltr'><strong>curabant,</strong></span> <span class='ocrx_word' id='word_1_40' title='bbox 1053 881 1256 951; x_wconf 89' lang='lat' dir='ltr'><strong>aliaque</strong></span> <span class='ocrx_word' id='word_1_41' title='bbox 1285 882 1448 936; x_wconf 90' lang='lat' dir='ltr'><strong>multa</strong></span> <span class='ocrx_word' id='word_1_42' title='bbox 1479 882 1733 938; x_wconf 90' lang='lat' dir='ltr'><strong>miracula</strong></span> <span class='ocrx_word' id='word_1_43' title='bbox 1757 882 1987 938; x_wconf 81' lang='lat' dir='ltr'><strong>edebant</strong></span> <span class='ocrx_word' id='word_1_44' title='bbox 2017 899 2029 936; x_wconf 91' lang='lat'><strong>:</strong></span> <span class='ocrx_word' id='word_1_45' title='bbox 2059 881 2310 952; x_wconf 90' lang='lat' dir='ltr'><strong>quoniam</strong></span> 
     </span>
    </p>
   </div>
   <div class='ocr_carea' id='block_1_8' title="bbox 731 969 2314 1045">
    <p class='ocr_par' dir='ltr' id='par_1_8' title="bbox 731 969 2314 1045">
     <span class='ocr_line' id='line_1_8' title="bbox 731 969 2314 1045; baseline 0.004 -23"><span class='ocrx_word' id='word_1_46' title='bbox 731 969 893 1038; x_wconf 87' lang='lat' dir='ltr'><strong>igitur</strong></span> <span class='ocrx_word' id='word_1_47' title='bbox 912 971 983 1024; x_wconf 89' lang='lat' dir='ltr'><strong>ita</strong></span> <span class='ocrx_word' id='word_1_48' title='bbox 1011 971 1241 1028; x_wconf 87' lang='lat' dir='ltr'><strong>illustres</strong></span> <span class='ocrx_word' id='word_1_49' title='bbox 1260 983 1413 1029; x_wconf 88' lang='lat' dir='ltr'><strong>erant</strong></span> <span class='ocrx_word' id='word_1_50' title='bbox 1436 983 1490 1030; x_wconf 88' lang='lat' dir='ltr'><strong>et</strong></span> <span class='ocrx_word' id='word_1_51' title='bbox 1505 976 1772 1040; x_wconf 77' lang='lat' dir='ltr'><strong>celebres,</strong></span> <span class='ocrx_word' id='word_1_52' title='bbox 1799 984 2074 1045; x_wconf 87' lang='lat' dir='ltr'><strong>propterea</strong></span> <span class='ocrx_word' id='word_1_53' title='bbox 2099 975 2165 1030; x_wconf 91' lang='lat' dir='ltr'><strong>ad</strong></span> <span class='ocrx_word' id='word_1_54' title='bbox 2190 983 2314 1030; x_wconf 89' lang='lat' dir='ltr'><strong>tem-</strong></span> 
     </span>
    </p>
   </div>
   <div class='ocr_carea' id='block_1_9' title="bbox 727 1052 2313 1138">
    <p class='ocr_par' dir='ltr' id='par_1_9' title="bbox 727 1052 2313 1138">
     <span class='ocr_line' id='line_1_9' title="bbox 727 1052 2313 1138; baseline 0.004 -24"><span class='ocrx_word' id='word_1_55' title='bbox 727 1076 829 1130; x_wconf 85' lang='lat' dir='ltr'><strong>pus</strong></span> <span class='ocrx_word' id='word_1_56' title='bbox 853 1077 946 1117; x_wconf 91' lang='lat' dir='ltr'><strong>eos</strong></span> <span class='ocrx_word' id='word_1_57' title='bbox 990 1052 1230 1133; x_wconf 80' lang='lat' dir='ltr'><strong>permisit</strong></span> <span class='ocrx_word' id='word_1_58' title='bbox 1251 1065 1320 1121; x_wconf 89' lang='lat' dir='ltr'><strong>ab</strong></span> <span class='ocrx_word' id='word_1_59' title='bbox 1341 1067 1457 1137; x_wconf 82' lang='lat' dir='ltr'><strong>ejus</strong></span> <span class='ocrx_word' id='word_1_60' title='bbox 1475 1068 1670 1123; x_wconf 90' lang='lat' dir='ltr'><strong>virtute</strong></span> <span class='ocrx_word' id='word_1_61' title='bbox 1693 1068 1920 1138; x_wconf 90' lang='lat' dir='ltr'><strong>sejungi,</strong></span> <span class='ocrx_word' id='word_1_62' title='bbox 1945 1067 2094 1137; x_wconf 89' lang='lat' dir='ltr'><strong>cujus</strong></span> <span class='ocrx_word' id='word_1_63' title='bbox 2115 1067 2313 1122; x_wconf 90' lang='lat' dir='ltr'><strong>auxilio</strong></span> 
     </span>
    </p>
   </div>
   <div class='ocr_carea' id='block_1_10' title="bbox 729 1151 2312 1228">
    <p class='ocr_par' dir='ltr' id='par_1_10' title="bbox 729 1151 2312 1228">
     <span class='ocr_line' id='line_1_10' title="bbox 729 1151 2312 1228; baseline 0.003 -23"><span class='ocrx_word' id='word_1_64' title='bbox 729 1151 1032 1208; x_wconf 89' lang='lat' dir='ltr'><strong>nitebantur</strong></span> <span class='ocrx_word' id='word_1_65' title='bbox 1061 1173 1074 1210; x_wconf 91' lang='lat'><strong>:</strong></span> <span class='ocrx_word' id='word_1_66' title='bbox 1102 1166 1158 1211; x_wconf 91' lang='lat' dir='ltr'><strong>ut</strong></span> <span class='ocrx_word' id='word_1_67' title='bbox 1195 1171 1316 1212; x_wconf 88' lang='lat' dir='ltr'><strong>eum</strong></span> <span class='ocrx_word' id='word_1_68' title='bbox 1352 1172 1417 1213; x_wconf 90' lang='lat' dir='ltr'><strong>eo</strong></span> <span class='ocrx_word' id='word_1_69' title='bbox 1446 1159 1668 1214; x_wconf 78' lang='lat' dir='ltr'><strong>fuissent</strong></span> <span class='ocrx_word' id='word_1_70' title='bbox 1694 1159 1930 1213; x_wconf 91' lang='lat' dir='ltr'><strong>destituti</strong></span> <span class='ocrx_word' id='word_1_71' title='bbox 1954 1199 1970 1226; x_wconf 97' lang='lat'><strong>,</strong></span> <span class='ocrx_word' id='word_1_72' title='bbox 2000 1167 2114 1213; x_wconf 91' lang='lat' dir='ltr'><strong>tum</strong></span> <span class='ocrx_word' id='word_1_73' title='bbox 2143 1173 2312 1228; x_wconf 86' lang='lat' dir='ltr'><strong>quan-</strong></span> 
     </span>
    </p>
   </div>
   <div class='ocr_carea' id='block_1_11' title="bbox 730 1244 2313 1321">
    <p class='ocr_par' dir='ltr' id='par_1_11' title="bbox 730 1244 2313 1321">
     <span class='ocr_line' id='line_1_11' title="bbox 730 1244 2313 1321; baseline 0.006 -26"><span class='ocrx_word' id='word_1_74' title='bbox 730 1250 838 1298; x_wconf 89' lang='lat' dir='ltr'><strong>tum</strong></span> <span class='ocrx_word' id='word_1_75' title='bbox 871 1244 975 1301; x_wconf 90' lang='lat' dir='ltr'><strong>illis</strong></span> <span class='ocrx_word' id='word_1_76' title='bbox 1003 1246 1118 1317; x_wconf 86' lang='lat' dir='ltr'><strong>ejus</strong></span> <span class='ocrx_word' id='word_1_77' title='bbox 1145 1248 1394 1305; x_wconf 87' lang='lat' dir='ltr'><strong>bonitatis</strong></span> <span class='ocrx_word' id='word_1_78' title='bbox 1422 1251 1704 1321; x_wconf 69' lang='lat' dir='ltr'><strong>praesentia</strong></span> <span class='ocrx_word' id='word_1_79' title='bbox 1741 1251 2052 1321; x_wconf 90' lang='lat' dir='ltr'><strong>prodesset,</strong></span> <span class='ocrx_word' id='word_1_80' title='bbox 2105 1249 2313 1304; x_wconf 77' lang='lat' dir='ltr'><strong>edisce-</strong></span> 
     </span>
    </p>
   </div>
   <div class='ocr_carea' id='block_1_12' title="bbox 730 1342 2312 1411">
    <p class='ocr_par' dir='ltr' id='par_1_12' title="bbox 730 1342 2312 1411">
     <span class='ocr_line' id='line_1_12' title="bbox 730 1342 2312 1411; baseline 0.004 -22"><span class='ocrx_word' id='word_1_81' title='bbox 730 1345 885 1401; x_wconf 89' lang='lat' dir='ltr'><strong>rent,</strong></span> <span class='ocrx_word' id='word_1_82' title='bbox 927 1347 1130 1395; x_wconf 90' lang='lat' dir='ltr'><strong>etcum</strong></span> <span class='ocrx_word' id='word_1_83' title='bbox 1166 1345 1557 1410; x_wconf 73' lang='lat' dir='ltr'><strong>praeteritorum</strong></span> <span class='ocrx_word' id='word_1_84' title='bbox 1606 1343 1866 1398; x_wconf 85' lang='lat' dir='ltr'><strong>bonorum</strong></span> <span class='ocrx_word' id='word_1_85' title='bbox 1894 1342 2312 1411; x_wconf 79' lang='lat' dir='ltr'><strong>magnitudinem</strong></span> 
     </span>
    </p>
   </div>
   <div class='ocr_carea' id='block_1_13' title="bbox 732 1421 2315 1500">
    <p class='ocr_par' dir='ltr' id='par_1_13' title="bbox 732 1421 2315 1500">
     <span class='ocr_line' id='line_1_13' title="bbox 732 1421 2315 1500; baseline 0.003 -19"><span class='ocrx_word' id='word_1_86' title='bbox 732 1429 1162 1498; x_wconf 89' lang='lat' dir='ltr'><strong>perspexissent,</strong></span> <span class='ocrx_word' id='word_1_87' title='bbox 1194 1432 1381 1500; x_wconf 90' lang='lat' dir='ltr'><strong>majori</strong></span> <span class='ocrx_word' id='word_1_88' title='bbox 1411 1421 1536 1487; x_wconf 19' lang='lat' dir='ltr'><strong>eum.</strong></span> <span class='ocrx_word' id='word_1_89' title='bbox 1576 1433 1753 1488; x_wconf 89' lang='lat' dir='ltr'><strong>studio</strong></span> <span class='ocrx_word' id='word_1_90' title='bbox 1790 1434 2045 1488; x_wconf 87' lang='lat' dir='ltr'><strong>Paraeleti</strong></span> <span class='ocrx_word' id='word_1_91' title='bbox 2073 1433 2315 1487; x_wconf 87' lang='lat' dir='ltr'><strong>donatio-</strong></span> 
     </span>
    </p>
   </div>
   <div class='ocr_carea' id='block_1_14' title="bbox 730 1519 2309 1590">
    <p class='ocr_par' dir='ltr' id='par_1_14' title="bbox 730 1519 2309 1590">
     <span class='ocr_line' id='line_1_14' title="bbox 730 1519 2309 1590; baseline 0.006 -20"><span class='ocrx_word' id='word_1_92' title='bbox 730 1532 852 1572; x_wconf 89' lang='lat' dir='ltr'><strong>nem</strong></span> <span class='ocrx_word' id='word_1_93' title='bbox 881 1519 1207 1590; x_wconf 83' lang='lat' dir='ltr'><strong>exciperent.</strong></span> <span class='ocrx_word' id='word_1_94' title='bbox 1257 1522 1468 1576; x_wconf 85' lang='lat' dir='ltr'><strong>Etenim</strong></span> <span class='ocrx_word' id='word_1_95' title='bbox 1512 1523 1634 1577; x_wconf 89' lang='lat' dir='ltr'><strong>illos</strong></span> <span class='ocrx_word' id='word_1_96' title='bbox 1677 1533 1966 1578; x_wconf 76' lang='lat' dir='ltr'><strong>mmrentes</strong></span> <span class='ocrx_word' id='word_1_97' title='bbox 2006 1526 2309 1580; x_wconf 86' lang='lat' dir='ltr'><strong>consolatus</strong></span> 
     </span>
    </p>
   </div>
   <div class='ocr_carea' id='block_1_15' title="bbox 729 1613 2315 1686">
    <p class='ocr_par' dir='ltr' id='par_1_15' title="bbox 729 1613 2315 1686">
     <span class='ocr_line' id='line_1_15' title="bbox 729 1613 2315 1686; baseline 0.006 -23"><span class='ocrx_word' id='word_1_98' title='bbox 729 1618 811 1663; x_wconf 89' lang='lat' dir='ltr'><strong>est</strong></span> <span class='ocrx_word' id='word_1_99' title='bbox 831 1652 846 1675; x_wconf 94' lang='lat'><strong>,</strong></span> <span class='ocrx_word' id='word_1_100' title='bbox 876 1622 928 1665; x_wconf 91' lang='lat' dir='ltr'><strong>et</strong></span> <span class='ocrx_word' id='word_1_101' title='bbox 953 1621 1172 1682; x_wconf 91' lang='lat' dir='ltr'><strong>propter</strong></span> <span class='ocrx_word' id='word_1_102' title='bbox 1199 1613 1438 1684; x_wconf 81' lang='lat' dir='ltr'><strong>magistri</strong></span> <span class='ocrx_word' id='word_1_103' title='bbox 1480 1614 1772 1670; x_wconf 87' lang='lat' dir='ltr'><strong>discessum</strong></span> <span class='ocrx_word' id='word_1_104' title='bbox 1797 1617 2037 1686; x_wconf 77' lang='lat' dir='ltr'><strong>lugentes</strong></span> <span class='ocrx_word' id='word_1_105' title='bbox 2065 1631 2126 1670; x_wconf 91' lang='lat' dir='ltr'><strong>ac</strong></span> <span class='ocrx_word' id='word_1_106' title='bbox 2149 1618 2315 1673; x_wconf 86' lang='lat' dir='ltr'><strong>tristi-</strong></span> 
     </span>
    </p>
   </div>
   <div class='ocr_carea' id='block_1_16' title="bbox 731 1700 2315 1777">
    <p class='ocr_par' dir='ltr' id='par_1_16' title="bbox 731 1700 2315 1777">
     <span class='ocr_line' id='line_1_16' title="bbox 731 1700 2315 1777; baseline 0.008 -26"><span class='ocrx_word' id='word_1_107' title='bbox 731 1700 800 1752; x_wconf 90' lang='lat' dir='ltr'><strong>tia</strong></span> <span class='ocrx_word' id='word_1_108' title='bbox 823 1701 1054 1770; x_wconf 88' lang='lat' dir='ltr'><strong>repletos</strong></span> <span class='ocrx_word' id='word_1_109' title='bbox 1079 1718 1187 1758; x_wconf 78' lang='lat' dir='ltr'><strong>sua:</strong></span> <span class='ocrx_word' id='word_1_110' title='bbox 1211 1704 1346 1759; x_wconf 91' lang='lat' dir='ltr'><strong>lueis</strong></span> <span class='ocrx_word' id='word_1_111' title='bbox 1367 1704 1527 1770; x_wconf 89' lang='lat' dir='ltr'><strong>radiis</strong></span> <span class='ocrx_word' id='word_1_112' title='bbox 1557 1706 1857 1773; x_wconf 80' lang='lat' dir='ltr'><strong>illustravit,</strong></span> <span class='ocrx_word' id='word_1_113' title='bbox 1890 1722 2054 1777; x_wconf 82' lang='lat' dir='ltr'><strong>pr0pe</strong></span> <span class='ocrx_word' id='word_1_114' title='bbox 2077 1708 2315 1775; x_wconf 90' lang='lat' dir='ltr'><strong>jacentes</strong></span> 
     </span>
    </p>
   </div>
   <div class='ocr_carea' id='block_1_17' title="bbox 729 1781 2317 1865">
    <p class='ocr_par' dir='ltr' id='par_1_17' title="bbox 729 1781 2317 1865">
     <span class='ocr_line' id='line_1_17' title="bbox 729 1781 2317 1865; baseline 0.004 -22"><span class='ocrx_word' id='word_1_115' title='bbox 729 1791 935 1858; x_wconf 78' lang='lat' dir='ltr'><strong>erexit,</strong></span> <span class='ocrx_word' id='word_1_116' title='bbox 983 1794 1227 1848; x_wconf 69' lang='lat' dir='ltr'><strong>maeroris</strong></span> <span class='ocrx_word' id='word_1_117' title='bbox 1270 1795 1548 1865; x_wconf 78' lang='lat' dir='ltr'><strong>caliginem</strong></span> <span class='ocrx_word' id='word_1_118' title='bbox 1592 1795 1881 1860; x_wconf 90' lang='lat' dir='ltr'><strong>discussit,</strong></span> <span class='ocrx_word' id='word_1_119' title='bbox 1914 1804 1968 1849; x_wconf 89' lang='lat' dir='ltr'><strong>et</strong></span> <span class='ocrx_word' id='word_1_120' title='bbox 1995 1781 2317 1851; x_wconf 86' lang='lat' dir='ltr'><strong>anxietatem</strong></span> 
     </span>
    </p>
   </div>
   <div class='ocr_carea' id='block_1_18' title="bbox 730 1882 2318 1956">
    <p class='ocr_par' dir='ltr' id='par_1_18' title="bbox 730 1882 2318 1956">
     <span class='ocr_line' id='line_1_18' title="bbox 730 1882 2318 1956; baseline 0.004 -22"><span class='ocrx_word' id='word_1_121' title='bbox 730 1889 954 1935; x_wconf 85' lang='lat' dir='ltr'><strong>omuem&#39;</strong></span> <span class='ocrx_word' id='word_1_122' title='bbox 990 1882 1213 1952; x_wconf 88' lang='lat' dir='ltr'><strong>depulit.</strong></span> <span class='ocrx_word' id='word_1_123' title='bbox 1255 1884 1692 1954; x_wconf 82' lang='lat' dir='ltr'><strong>Quandoquidem</strong></span> <span class='ocrx_word' id='word_1_124' title='bbox 1737 1901 1967 1956; x_wconf 89' lang='lat' dir='ltr'><strong>namque</strong></span> <span class='ocrx_word' id='word_1_125' title='bbox 1992 1886 2318 1941; x_wconf 78' lang='lat' dir='ltr'><strong>dominicam</strong></span> 
     </span>
    </p>
   </div>
   <div class='ocr_carea' id='block_1_19' title="bbox 729 1973 2314 2051">
    <p class='ocr_par' dir='ltr' id='par_1_19' title="bbox 729 1973 2314 2051">
     <span class='ocr_line' id='line_1_19' title="bbox 729 1973 2314 2051; baseline 0.003 -21"><span class='ocrx_word' id='word_1_126' title='bbox 729 1987 914 2030; x_wconf 65' lang='lat' dir='ltr'><strong>Vocem</strong></span> <span class='ocrx_word' id='word_1_127' title='bbox 938 1973 1221 2030; x_wconf 86' lang='lat' dir='ltr'><strong>audierant</strong></span> <span class='ocrx_word' id='word_1_128' title='bbox 1245 2017 1259 2042; x_wconf 95' lang='lat'><strong>,</strong></span> <span class='ocrx_word' id='word_1_129' title='bbox 1293 1976 1484 2032; x_wconf 84' lang='lat' dir='ltr'><strong>Euntes</strong></span> <span class='ocrx_word' id='word_1_130' title='bbox 1512 1979 1684 2033; x_wconf 82' lang='lat' dir='ltr'><strong>docete</strong></span> <span class='ocrx_word' id='word_1_131' title='bbox 1708 1995 1878 2032; x_wconf 85' lang='lat' dir='ltr'><strong>omnes</strong></span> <span class='ocrx_word' id='word_1_132' title='bbox 1896 1990 2067 2051; x_wconf 82' lang='lat' dir='ltr'><strong>gentes</strong></span> <span class='ocrx_word' id='word_1_133' title='bbox 2102 1979 2314 2050; x_wconf 74' lang='lat' dir='ltr'><strong>(Matth.</strong></span> 
     </span>
    </p>
   </div>
   <div class='ocr_carea' id='block_1_20' title="bbox 729 2064 2316 2141">
    <p class='ocr_par' dir='ltr' id='par_1_20' title="bbox 729 2064 2316 2141">
     <span class='ocr_line' id='line_1_20' title="bbox 729 2064 2316 2141; baseline 0.006 -23"><span class='ocrx_word' id='word_1_134' title='bbox 729 2064 822 2118; x_wconf 74' lang='grc'><strong>28.</strong></span> <span class='ocrx_word' id='word_1_135' title='bbox 852 2064 941 2133; x_wconf 88' lang='grc'><strong>19)</strong></span> <span class='ocrx_word' id='word_1_136' title='bbox 972 2083 986 2120; x_wconf 90' lang='lat'><strong>:</strong></span> <span class='ocrx_word' id='word_1_137' title='bbox 1015 2065 1326 2121; x_wconf 82' lang='lat' dir='ltr'><strong>dubitabant</strong></span> <span class='ocrx_word' id='word_1_138' title='bbox 1369 2077 1544 2123; x_wconf 88' lang='lat' dir='ltr'><strong>autem</strong></span> <span class='ocrx_word' id='word_1_139' title='bbox 1585 2069 1838 2140; x_wconf 87' lang='lat' dir='ltr'><strong>deinceps</strong></span> <span class='ocrx_word' id='word_1_140' title='bbox 1885 2080 1939 2125; x_wconf 89' lang='lat' dir='ltr'><strong>et</strong></span> <span class='ocrx_word' id='word_1_141' title='bbox 1982 2072 2316 2141; x_wconf 87' lang='lat' dir='ltr'><strong>ignorabant,</strong></span> 
     </span>
    </p>
   </div>
   <div class='ocr_carea' id='block_1_21' title="bbox 735 2154 2319 2238">
    <p class='ocr_par' dir='ltr' id='par_1_21' title="bbox 735 2154 2319 2238">
     <span class='ocr_line' id='line_1_21' title="bbox 735 2154 2319 2238; baseline 0.01 -35"><span class='ocrx_word' id='word_1_142' title='bbox 735 2169 840 2222; x_wconf 89' lang='lat' dir='ltr'><strong>quo</strong></span> <span class='ocrx_word' id='word_1_143' title='bbox 893 2154 1159 2223; x_wconf 84' lang='lat' dir='ltr'><strong>proficisci</strong></span> <span class='ocrx_word' id='word_1_144' title='bbox 1207 2173 1476 2228; x_wconf 86' lang='lat' dir='ltr'><strong>quemque</strong></span> <span class='ocrx_word' id='word_1_145' title='bbox 1529 2169 1819 2238; x_wconf 75' lang='lat' dir='ltr'><strong>oporteret,</strong></span> <span class='ocrx_word' id='word_1_146' title='bbox 1876 2171 1931 2216; x_wconf 87' lang='lat' dir='ltr'><strong>et</strong></span> <span class='ocrx_word' id='word_1_147' title='bbox 1982 2162 2036 2216; x_wconf 90' lang='lat' dir='ltr'><strong>in</strong></span> <span class='ocrx_word' id='word_1_148' title='bbox 2090 2179 2319 2233; x_wconf 90' lang='lat' dir='ltr'><strong>quanam</strong></span> 
     </span>
    </p>
   </div>
   <div class='ocr_carea' id='block_1_22' title="bbox 737 2244 2320 2322">
    <p class='ocr_par' dir='ltr' id='par_1_22' title="bbox 737 2244 2320 2322">
     <span class='ocr_line' id='line_1_22' title="bbox 737 2244 2320 2322; baseline 0.009 -27"><span class='ocrx_word' id='word_1_149' title='bbox 737 2244 883 2298; x_wconf 87' lang='lat' dir='ltr'><strong>orbis</strong></span> <span class='ocrx_word' id='word_1_150' title='bbox 913 2253 1176 2300; x_wconf 83' lang='lat' dir='ltr'><strong>terrarum</strong></span> <span class='ocrx_word' id='word_1_151' title='bbox 1223 2249 1442 2318; x_wconf 82' lang='lat' dir='ltr'><strong>regione</strong></span> <span class='ocrx_word' id='word_1_152' title='bbox 1483 2250 1706 2305; x_wconf 88' lang='lat' dir='ltr'><strong>verbum</strong></span> <span class='ocrx_word' id='word_1_153' title='bbox 1750 2252 1844 2306; x_wconf 89' lang='lat' dir='ltr'><strong>Dei</strong></span> <span class='ocrx_word' id='word_1_154' title='bbox 1894 2253 2220 2322; x_wconf 75' lang='lat' dir='ltr'><strong>prtedicare;</strong></span> <span class='ocrx_word' id='word_1_155' title='bbox 2269 2257 2320 2309; x_wconf 93' lang='lat' dir='ltr'><strong>in</strong></span> 
     </span>
    </p>
   </div>
   <div class='ocr_carea' id='block_1_23' title="bbox 736 2335 2324 2416">
    <p class='ocr_par' dir='ltr' id='par_1_23' title="bbox 736 2335 2324 2416">
     <span class='ocr_line' id='line_1_23' title="bbox 736 2335 2324 2416; baseline 0.009 -29"><span class='ocrx_word' id='word_1_156' title='bbox 736 2335 915 2402; x_wconf 79' lang='lat' dir='ltr'><strong>specie</strong></span> <span class='ocrx_word' id='word_1_157' title='bbox 960 2336 1257 2406; x_wconf 85' lang='lat' dir='ltr'><strong>linguarum</strong></span> <span class='ocrx_word' id='word_1_158' title='bbox 1300 2338 1531 2409; x_wconf 84' lang='lat' dir='ltr'><strong>Spiritus</strong></span> <span class='ocrx_word' id='word_1_159' title='bbox 1571 2351 1786 2397; x_wconf 90' lang='lat' dir='ltr'><strong>sanctus</strong></span> <span class='ocrx_word' id='word_1_160' title='bbox 1811 2342 2065 2410; x_wconf 82' lang='lat' dir='ltr'><strong>advenit,</strong></span> <span class='ocrx_word' id='word_1_161' title='bbox 2102 2347 2324 2416; x_wconf 83' lang='lat' dir='ltr'><strong>singulis</strong></span> 
     </span>
    </p>
   </div>
   <div class='ocr_carea' id='block_1_24' title="bbox 735 2424 2324 2509">
    <p class='ocr_par' dir='ltr' id='par_1_24' title="bbox 735 2424 2324 2509">
     <span class='ocr_line' id='line_1_24' title="bbox 735 2424 2324 2509; baseline 0.011 -32"><span class='ocrx_word' id='word_1_162' title='bbox 735 2424 881 2480; x_wconf 82' lang='lat' dir='ltr'><strong>orbis</strong></span> <span class='ocrx_word' id='word_1_163' title='bbox 924 2435 1185 2482; x_wconf 83' lang='lat' dir='ltr'><strong>terrarum</strong></span> <span class='ocrx_word' id='word_1_164' title='bbox 1241 2431 1493 2500; x_wconf 87' lang='lat' dir='ltr'><strong>regiones</strong></span> <span class='ocrx_word' id='word_1_165' title='bbox 1515 2432 1785 2488; x_wconf 90' lang='lat' dir='ltr'><strong>docendas</strong></span> <span class='ocrx_word' id='word_1_166' title='bbox 1812 2434 2119 2499; x_wconf 87' lang='lat' dir='ltr'><strong>distribuit,</strong></span> <span class='ocrx_word' id='word_1_167' title='bbox 2165 2447 2324 2509; x_wconf 82' lang='lat' dir='ltr'><strong>atque</strong></span> 
     </span>
    </p>
   </div>
   <div class='ocr_carea' id='block_1_25' title="bbox 736 2516 2322 2592">
    <p class='ocr_par' dir='ltr' id='par_1_25' title="bbox 736 2516 2322 2592">
     <span class='ocr_line' id='line_1_25' title="bbox 736 2516 2322 2592; baseline 0.009 -23"><span class='ocrx_word' id='word_1_168' title='bbox 736 2516 1020 2585; x_wconf 54' lang='lat' dir='ltr'><strong>impertita;</strong></span> <span class='ocrx_word' id='word_1_169' title='bbox 1070 2518 1262 2589; x_wconf 71' lang='lat' dir='ltr'><strong>linguae</strong></span> <span class='ocrx_word' id='word_1_170' title='bbox 1307 2531 1467 2590; x_wconf 89' lang='lat' dir='ltr'><strong>opera</strong></span> <span class='ocrx_word' id='word_1_171' title='bbox 1511 2531 1776 2592; x_wconf 86' lang='lat' dir='ltr'><strong>tamquam</strong></span> <span class='ocrx_word' id='word_1_172' title='bbox 1820 2525 1871 2579; x_wconf 92' lang='lat' dir='ltr'><strong>in</strong></span> <span class='ocrx_word' id='word_1_173' title='bbox 1919 2526 2095 2582; x_wconf 90' lang='lat' dir='ltr'><strong>tabula</strong></span> <span class='ocrx_word' id='word_1_174' title='bbox 2137 2543 2322 2583; x_wconf 90' lang='lat' dir='ltr'><strong>eorum</strong></span> 
     </span>
    </p>
   </div>
   <div class='ocr_carea' id='block_1_26' title="bbox 739 2605 2324 2690">
    <p class='ocr_par' dir='ltr' id='par_1_26' title="bbox 739 2605 2324 2690">
     <span class='ocr_line' id='line_1_26' title="bbox 739 2605 2324 2690; baseline 0.01 -31"><span class='ocrx_word' id='word_1_175' title='bbox 739 2605 862 2662; x_wconf 84' lang='lat' dir='ltr'><strong>fidei</strong></span> <span class='ocrx_word' id='word_1_176' title='bbox 910 2610 1180 2666; x_wconf 87' lang='lat' dir='ltr'><strong>commissi</strong></span> <span class='ocrx_word' id='word_1_177' title='bbox 1226 2613 1567 2682; x_wconf 87' lang='lat' dir='ltr'><strong>magistratus</strong></span> <span class='ocrx_word' id='word_1_178' title='bbox 1613 2628 1676 2670; x_wconf 90' lang='lat' dir='ltr'><strong>ac</strong></span> <span class='ocrx_word' id='word_1_179' title='bbox 1707 2616 1992 2685; x_wconf 83' lang='lat' dir='ltr'><strong>magisterii</strong></span> <span class='ocrx_word' id='word_1_180' title='bbox 2042 2619 2186 2690; x_wconf 83' lang='lat' dir='ltr'><strong>leges</strong></span> <span class='ocrx_word' id='word_1_181' title='bbox 2229 2620 2324 2675; x_wconf 87' lang='lat' dir='ltr'><strong>de-</strong></span> 
     </span>
    </p>
   </div>
   <div class='ocr_carea' id='block_1_27' title="bbox 738 2698 973 2768">
    <p class='ocr_par' dir='ltr' id='par_1_27' title="bbox 738 2698 973 2768">
     <span class='ocr_line' id='line_1_27' title="bbox 738 2698 973 2768; baseline 0.017 -17"><span class='ocrx_word' id='word_1_182' title='bbox 738 2698 973 2768; x_wconf 89' lang='lat' dir='ltr'><strong>scripsit.</strong></span> 
     </span>
    </p>
   </div>
   <div class='ocr_carea' id='block_1_28' title="bbox 813 2790 2328 2871">
    <p class='ocr_par' dir='ltr' id='par_1_28' title="bbox 813 2790 2328 2871">
     <span class='ocr_line' id='line_1_28' title="bbox 813 2790 2328 2871; baseline 0.008 -25"><span class='ocrx_word' id='word_1_183' title='bbox 813 2790 916 2846; x_wconf 88' lang='lat' dir='ltr'><strong>Cur</strong></span> <span class='ocrx_word' id='word_1_184' title='bbox 953 2794 1004 2847; x_wconf 86' lang='lat' dir='ltr'><strong>in</strong></span> <span class='ocrx_word' id='word_1_185' title='bbox 1044 2795 1207 2863; x_wconf 78' lang='lat' dir='ltr'><strong>specie</strong></span> <span class='ocrx_word' id='word_1_186' title='bbox 1253 2795 1538 2866; x_wconf 80' lang='lat' dir='ltr'><strong>linguarum</strong></span> <span class='ocrx_word' id='word_1_187' title='bbox 1574 2797 1816 2867; x_wconf 81' lang='lat' dir='ltr'><strong>Spiritus.</strong></span> <span class='ocrx_word' id='word_1_188' title='bbox 1845 2829 1916 2840; x_wconf 94' lang='lat'><strong><em>—</em></strong></span> <span class='ocrx_word' id='word_1_189' title='bbox 1958 2799 2241 2871; x_wconf 87' lang='lat' dir='ltr'><strong>Propterea</strong></span> <span class='ocrx_word' id='word_1_190' title='bbox 2275 2805 2328 2859; x_wconf 90' lang='lat' dir='ltr'><strong>in</strong></span> 
     </span>
    </p>
   </div>
   <div class='ocr_carea' id='block_1_29' title="bbox 741 2884 2328 2962">
    <p class='ocr_par' dir='ltr' id='par_1_29' title="bbox 741 2884 2328 2962">
     <span class='ocr_line' id='line_1_29' title="bbox 741 2884 2328 2962; baseline 0.008 -25"><span class='ocrx_word' id='word_1_191' title='bbox 741 2884 922 2952; x_wconf 80' lang='lat' dir='ltr'><strong>specie</strong></span> <span class='ocrx_word' id='word_1_192' title='bbox 971 2884 1266 2954; x_wconf 88' lang='lat' dir='ltr'><strong>linguarum</strong></span> <span class='ocrx_word' id='word_1_193' title='bbox 1319 2887 1546 2957; x_wconf 90' lang='lat' dir='ltr'><strong>Spiritus</strong></span> <span class='ocrx_word' id='word_1_194' title='bbox 1591 2888 1806 2944; x_wconf 83' lang='lat' dir='ltr'><strong>advenit</strong></span> <span class='ocrx_word' id='word_1_195' title='bbox 1847 2908 1859 2944; x_wconf 87' lang='lat'><strong>:</strong></span> <span class='ocrx_word' id='word_1_196' title='bbox 1907 2907 2078 2962; x_wconf 91' lang='lat' dir='ltr'><strong>neque</strong></span> <span class='ocrx_word' id='word_1_197' title='bbox 2133 2894 2328 2954; x_wconf 88' lang='lat' dir='ltr'><strong>idcirco</strong></span> 
     </span>
    </p>
   </div>
   <div class='ocr_carea' id='block_1_30' title="bbox 747 2975 2330 3039">
    <p class='ocr_par' dir='ltr' id='par_1_30' title="bbox 747 2975 2330 3039">
     <span class='ocr_line' id='line_1_30' title="bbox 747 2975 2330 3039; baseline 0.009 -14"><span class='ocrx_word' id='word_1_198' title='bbox 747 2982 971 3038; x_wconf 88' lang='lat' dir='ltr'><strong>tantum,</strong></span> <span class='ocrx_word' id='word_1_199' title='bbox 1005 2975 1097 3030; x_wconf 88' lang='lat' dir='ltr'><strong>sed</strong></span> <span class='ocrx_word' id='word_1_200' title='bbox 1129 2984 1187 3030; x_wconf 91' lang='lat' dir='ltr'><strong>ut</strong></span> <span class='ocrx_word' id='word_1_201' title='bbox 1214 2977 1411 3032; x_wconf 76' lang='lat' dir='ltr'><strong>veteris</strong></span> <span class='ocrx_word' id='word_1_202' title='bbox 1439 2979 1598 3033; x_wconf 92' lang='lat' dir='ltr'><strong>etiam</strong></span> <span class='ocrx_word' id='word_1_203' title='bbox 1629 2978 1863 3035; x_wconf 68' lang='lat' dir='ltr'><strong>historia:</strong></span> <span class='ocrx_word' id='word_1_204' title='bbox 1895 2985 2204 3038; x_wconf 87' lang='lat' dir='ltr'><strong>memoriam</strong></span> <span class='ocrx_word' id='word_1_205' title='bbox 2236 3002 2330 3039; x_wconf 84' lang='lat' dir='ltr'><strong>no-</strong></span> 
     </span>
    </p>
   </div>
   <div class='ocr_carea' id='block_1_31' title="bbox 741 3063 2333 3143">
    <p class='ocr_par' dir='ltr' id='par_1_31' title="bbox 741 3063 2333 3143">
     <span class='ocr_line' id='line_1_31' title="bbox 741 3063 2333 3143; baseline 0.009 -27"><span class='ocrx_word' id='word_1_206' title='bbox 741 3064 830 3117; x_wconf 78' lang='lat' dir='ltr'><strong>bis</strong></span> <span class='ocrx_word' id='word_1_207' title='bbox 857 3063 1150 3119; x_wconf 68' lang='lat' dir='ltr'><strong>refricaret.</strong></span> <span class='ocrx_word' id='word_1_208' title='bbox 1183 3067 1314 3122; x_wconf 90' lang='lat' dir='ltr'><strong>Cum</strong></span> <span class='ocrx_word' id='word_1_209' title='bbox 1341 3068 1482 3122; x_wconf 90' lang='lat' dir='ltr'><strong>enim</strong></span> <span class='ocrx_word' id='word_1_210' title='bbox 1511 3069 1636 3123; x_wconf 91' lang='lat' dir='ltr'><strong>olim</strong></span> <span class='ocrx_word' id='word_1_211' title='bbox 1665 3068 1910 3126; x_wconf 84' lang='lat' dir='ltr'><strong>homines</strong></span> <span class='ocrx_word' id='word_1_212' title='bbox 1939 3075 2183 3143; x_wconf 89' lang='lat' dir='ltr'><strong>superbia</strong></span> <span class='ocrx_word' id='word_1_213' title='bbox 2209 3077 2333 3132; x_wconf 89' lang='lat' dir='ltr'><strong>elati</strong></span> 
     </span>
    </p>
   </div>
   <div class='ocr_carea' id='block_1_32' title="bbox 752 3156 2334 3236">
    <p class='ocr_par' dir='ltr' id='par_1_32' title="bbox 752 3156 2334 3236">
     <span class='ocr_line' id='line_1_32' title="bbox 752 3156 2334 3236; baseline 0.009 -29"><span class='ocrx_word' id='word_1_214' title='bbox 752 3156 938 3209; x_wconf 91' lang='lat' dir='ltr'><strong>turrim</strong></span> <span class='ocrx_word' id='word_1_215' title='bbox 966 3166 1240 3214; x_wconf 89' lang='lat' dir='ltr'><strong>exstruere</strong></span> <span class='ocrx_word' id='word_1_216' title='bbox 1264 3159 1548 3225; x_wconf 90' lang='lat' dir='ltr'><strong>voluerint,</strong></span> <span class='ocrx_word' id='word_1_217' title='bbox 1573 3176 1690 3232; x_wconf 72' lang='lat' dir='ltr'><strong>quae</strong></span> <span class='ocrx_word' id='word_1_218' title='bbox 1719 3161 1784 3216; x_wconf 84' lang='lat' dir='ltr'><strong>ad</strong></span> <span class='ocrx_word' id='word_1_219' title='bbox 1810 3164 1998 3218; x_wconf 64' lang='lat' dir='ltr'><strong>caelum</strong></span> <span class='ocrx_word' id='word_1_220' title='bbox 2027 3180 2191 3235; x_wconf 90' lang='lat' dir='ltr'><strong>usque</strong></span> <span class='ocrx_word' id='word_1_221' title='bbox 2214 3182 2334 3236; x_wconf 85' lang='lat' dir='ltr'><strong>per-</strong></span> 
     </span>
    </p>
   </div>
   <div class='ocr_carea' id='block_1_33' title="bbox 752 3247 2332 3325">
    <p class='ocr_par' dir='ltr' id='par_1_33' title="bbox 752 3247 2332 3325">
     <span class='ocr_line' id='line_1_33' title="bbox 752 3247 2332 3325; baseline 0.009 -28"><span class='ocrx_word' id='word_1_222' title='bbox 752 3247 979 3316; x_wconf 84' lang='lat' dir='ltr'><strong>Iingeret</strong></span> <span class='ocrx_word' id='word_1_223' title='bbox 998 3289 1012 3310; x_wconf 91' lang='lat'><strong>,</strong></span> <span class='ocrx_word' id='word_1_224' title='bbox 1042 3257 1095 3303; x_wconf 87' lang='lat' dir='ltr'><strong>et</strong></span> <span class='ocrx_word' id='word_1_225' title='bbox 1127 3250 1328 3305; x_wconf 90' lang='lat' dir='ltr'><strong>invecta</strong></span> <span class='ocrx_word' id='word_1_226' title='bbox 1359 3250 1616 3306; x_wconf 89' lang='lat' dir='ltr'><strong>divisione</strong></span> <span class='ocrx_word' id='word_1_227' title='bbox 1643 3251 1940 3324; x_wconf 85' lang='lat' dir='ltr'><strong>linguarum</strong></span> <span class='ocrx_word' id='word_1_228' title='bbox 1969 3271 2183 3325; x_wconf 88' lang='lat' dir='ltr'><strong>pravam</strong></span> <span class='ocrx_word' id='word_1_229' title='bbox 2213 3257 2332 3312; x_wconf 93' lang='lat' dir='ltr'><strong>illo-</strong></span> 
     </span>
    </p>
   </div>
   <div class='ocr_carea' id='block_1_34' title="bbox 751 3339 2332 3421">
    <p class='ocr_par' dir='ltr' id='par_1_34' title="bbox 751 3339 2332 3421">
     <span class='ocr_line' id='line_1_34' title="bbox 751 3339 2332 3421; baseline 0.008 -30"><span class='ocrx_word' id='word_1_230' title='bbox 751 3351 868 3392; x_wconf 90' lang='lat' dir='ltr'><strong>rum</strong></span> <span class='ocrx_word' id='word_1_231' title='bbox 899 3339 1183 3395; x_wconf 83' lang='lat' dir='ltr'><strong>coitionem</strong></span> <span class='ocrx_word' id='word_1_232' title='bbox 1225 3351 1278 3396; x_wconf 90' lang='lat' dir='ltr'><strong>et</strong></span> <span class='ocrx_word' id='word_1_233' title='bbox 1319 3343 1659 3397; x_wconf 86' lang='lat' dir='ltr'><strong>concordiam</strong></span> <span class='ocrx_word' id='word_1_234' title='bbox 1703 3344 1972 3415; x_wconf 89' lang='lat' dir='ltr'><strong>dissiparit</strong></span> <span class='ocrx_word' id='word_1_235' title='bbox 2012 3347 2152 3402; x_wconf 89' lang='lat' dir='ltr'><strong>Deus</strong></span> <span class='ocrx_word' id='word_1_236' title='bbox 2181 3347 2332 3421; x_wconf 81' lang='lat' dir='ltr'><strong>(Gen.</strong></span> 
     </span>
    </p>
   </div>
   <div class='ocr_carea' id='block_1_35' title="bbox 756 3432 2335 3509">
    <p class='ocr_par' dir='ltr' id='par_1_35' title="bbox 756 3432 2335 3509">
     <span class='ocr_line' id='line_1_35' title="bbox 756 3432 2335 3509; baseline 0.006 -24"><span class='ocrx_word' id='word_1_237' title='bbox 756 3433 844 3501; x_wconf 83' lang='grc'><strong>11)</strong></span> <span class='ocrx_word' id='word_1_238' title='bbox 873 3450 886 3486; x_wconf 89' lang='lat'><strong>:</strong></span> <span class='ocrx_word' id='word_1_239' title='bbox 917 3432 1114 3488; x_wconf 88' lang='lat' dir='ltr'><strong>idcirco</strong></span> <span class='ocrx_word' id='word_1_240' title='bbox 1140 3449 1277 3489; x_wconf 88' lang='lat' dir='ltr'><strong>nunc</strong></span> <span class='ocrx_word' id='word_1_241' title='bbox 1306 3451 1517 3504; x_wconf 92' lang='lat' dir='ltr'><strong>quoque</strong></span> <span class='ocrx_word' id='word_1_242' title='bbox 1544 3437 1595 3491; x_wconf 93' lang='lat' dir='ltr'><strong>in</strong></span> <span class='ocrx_word' id='word_1_243' title='bbox 1625 3439 1806 3507; x_wconf 88' lang='lat' dir='ltr'><strong>specie</strong></span> <span class='ocrx_word' id='word_1_244' title='bbox 1832 3439 2101 3509; x_wconf 88' lang='lat' dir='ltr'><strong>ignearum</strong></span> <span class='ocrx_word' id='word_1_245' title='bbox 2131 3440 2335 3503; x_wconf 72' lang='lat' dir='ltr'><strong>lingua-</strong></span> 
     </span>
    </p>
   </div>
   <div class='ocr_carea' id='block_1_36' title="bbox 757 3523 2335 3601">
    <p class='ocr_par' dir='ltr' id='par_1_36' title="bbox 757 3523 2335 3601">
     <span class='ocr_line' id='line_1_36' title="bbox 757 3523 2335 3601; baseline 0.009 -27"><span class='ocrx_word' id='word_1_246' title='bbox 757 3537 873 3575; x_wconf 87' lang='lat' dir='ltr'><strong>rum</strong></span> <span class='ocrx_word' id='word_1_247' title='bbox 905 3523 971 3576; x_wconf 91' lang='lat' dir='ltr'><strong>ad</strong></span> <span class='ocrx_word' id='word_1_248' title='bbox 1008 3539 1106 3580; x_wconf 79' lang='lat' dir='ltr'><strong>eos</strong></span> <span class='ocrx_word' id='word_1_249' title='bbox 1150 3525 1359 3580; x_wconf 91' lang='lat' dir='ltr'><strong>advolat</strong></span> <span class='ocrx_word' id='word_1_250' title='bbox 1397 3526 1624 3596; x_wconf 89' lang='lat' dir='ltr'><strong>Spiritus</strong></span> <span class='ocrx_word' id='word_1_251' title='bbox 1668 3538 1882 3584; x_wconf 89' lang='lat' dir='ltr'><strong>sanctus</strong></span> <span class='ocrx_word' id='word_1_252' title='bbox 1905 3569 1920 3593; x_wconf 91' lang='lat'><strong>,</strong></span> <span class='ocrx_word' id='word_1_253' title='bbox 1967 3540 2023 3585; x_wconf 94' lang='lat' dir='ltr'><strong>ut</strong></span> <span class='ocrx_word' id='word_1_254' title='bbox 2052 3547 2147 3601; x_wconf 90' lang='lat' dir='ltr'><strong>per</strong></span> <span class='ocrx_word' id='word_1_255' title='bbox 2189 3533 2335 3588; x_wconf 91' lang='lat' dir='ltr'><strong>illum</strong></span> 
     </span>
    </p>
   </div>
   <div class='ocr_carea' id='block_1_37' title="bbox 755 3613 2339 3691">
    <p class='ocr_par' dir='ltr' id='par_1_37' title="bbox 755 3613 2339 3691">
     <span class='ocr_line' id='line_1_37' title="bbox 755 3613 2339 3691; baseline 0.011 -27"><span class='ocrx_word' id='word_1_256' title='bbox 755 3613 941 3668; x_wconf 90' lang='lat' dir='ltr'><strong>orbem</strong></span> <span class='ocrx_word' id='word_1_257' title='bbox 983 3625 1240 3670; x_wconf 87' lang='lat' dir='ltr'><strong>terrarum</strong></span> <span class='ocrx_word' id='word_1_258' title='bbox 1283 3617 1511 3673; x_wconf 90' lang='lat' dir='ltr'><strong>divisum</strong></span> <span class='ocrx_word' id='word_1_259' title='bbox 1549 3619 1853 3691; x_wconf 88' lang='lat' dir='ltr'><strong>conjuugat.</strong></span> <span class='ocrx_word' id='word_1_260' title='bbox 1905 3621 1974 3676; x_wconf 88' lang='lat' dir='ltr'><strong>Et</strong></span> <span class='ocrx_word' id='word_1_261' title='bbox 2017 3623 2210 3679; x_wconf 87' lang='lat' dir='ltr'><strong>accidit</strong></span> <span class='ocrx_word' id='word_1_262' title='bbox 2252 3641 2339 3682; x_wconf 88' lang='lat' dir='ltr'><strong>res</strong></span> 
     </span>
    </p>
   </div>
   <div class='ocr_carea' id='block_1_38' title="bbox 757 3705 2340 3786">
    <p class='ocr_par' dir='ltr' id='par_1_38' title="bbox 757 3705 2340 3786">
     <span class='ocr_line' id='line_1_38' title="bbox 757 3705 2340 3786; baseline 0.009 -29"><span class='ocrx_word' id='word_1_263' title='bbox 757 3719 892 3758; x_wconf 89' lang='lat' dir='ltr'><strong>nova</strong></span> <span class='ocrx_word' id='word_1_264' title='bbox 920 3705 1077 3760; x_wconf 91' lang='lat' dir='ltr'><strong>simul</strong></span> <span class='ocrx_word' id='word_1_265' title='bbox 1124 3722 1186 3762; x_wconf 85' lang='lat' dir='ltr'><strong>ac</strong></span> <span class='ocrx_word' id='word_1_266' title='bbox 1225 3707 1358 3763; x_wconf 92' lang='lat' dir='ltr'><strong>mira</strong></span> <span class='ocrx_word' id='word_1_267' title='bbox 1392 3726 1405 3764; x_wconf 91' lang='lat'><strong>:</strong></span> <span class='ocrx_word' id='word_1_268' title='bbox 1439 3722 1493 3764; x_wconf 91' lang='lat' dir='ltr'><strong>ut</strong></span> <span class='ocrx_word' id='word_1_269' title='bbox 1518 3711 1660 3765; x_wconf 90' lang='lat' dir='ltr'><strong>enim</strong></span> <span class='ocrx_word' id='word_1_270' title='bbox 1694 3719 1804 3766; x_wconf 90' lang='lat' dir='ltr'><strong>tum</strong></span> <span class='ocrx_word' id='word_1_271' title='bbox 1834 3714 2122 3784; x_wconf 90' lang='lat' dir='ltr'><strong>antiquitus</strong></span> <span class='ocrx_word' id='word_1_272' title='bbox 2148 3715 2340 3786; x_wconf 70' lang='lat' dir='ltr'><strong>lingua:</strong></span> 
     </span>
    </p>
   </div>
   <div class='ocr_carea' id='block_1_39' title="bbox 759 3798 2344 3866">
    <p class='ocr_par' dir='ltr' id='par_1_39' title="bbox 759 3798 2344 3866">
     <span class='ocr_line' id='line_1_39' title="bbox 759 3798 2344 3866; baseline 0.009 -18"><span class='ocrx_word' id='word_1_273' title='bbox 759 3804 1021 3851; x_wconf 75' lang='lat' dir='ltr'><strong>terrarum</strong></span> <span class='ocrx_word' id='word_1_274' title='bbox 1049 3798 1586 3866; x_wconf 82' lang='lat' dir='ltr'><strong>orbenrdiviserunt,</strong></span> <span class='ocrx_word' id='word_1_275' title='bbox 1617 3812 1671 3857; x_wconf 91' lang='lat' dir='ltr'><strong>et</strong></span> <span class='ocrx_word' id='word_1_276' title='bbox 1699 3803 1891 3858; x_wconf 89' lang='lat' dir='ltr'><strong>malam</strong></span> <span class='ocrx_word' id='word_1_277' title='bbox 1906 3805 2255 3861; x_wconf 80' lang='lat' dir='ltr'><strong>‘eoueordiam</strong></span> <span class='ocrx_word' id='word_1_278' title='bbox 2289 3810 2344 3862; x_wconf 86' lang='lat' dir='ltr'><strong>in</strong></span> 
     </span>
    </p>
   </div>
   <div class='ocr_carea' id='block_1_40' title="bbox 758 3886 2341 3966">
    <p class='ocr_par' dir='ltr' id='par_1_40' title="bbox 758 3886 2341 3966">
     <span class='ocr_line' id='line_1_40' title="bbox 758 3886 2341 3966; baseline 0.009 -26"><span class='ocrx_word' id='word_1_279' title='bbox 758 3886 1036 3943; x_wconf 86' lang='lat' dir='ltr'><strong>dissidiutu</strong></span> <span class='ocrx_word' id='word_1_280' title='bbox 1065 3901 1443 3947; x_wconf 85' lang='lat' dir='ltr'><strong>converterunt</strong></span> <span class='ocrx_word' id='word_1_281' title='bbox 1479 3912 1490 3947; x_wconf 91' lang='lat'><strong>:</strong></span> <span class='ocrx_word' id='word_1_282' title='bbox 1527 3894 1598 3948; x_wconf 88' lang='lat' dir='ltr'><strong>ita</strong></span> <span class='ocrx_word' id='word_1_283' title='bbox 1643 3911 1784 3951; x_wconf 89' lang='lat' dir='ltr'><strong>nunc</strong></span> <span class='ocrx_word' id='word_1_284' title='bbox 1827 3912 2037 3966; x_wconf 89' lang='lat' dir='ltr'><strong>quoque</strong></span> <span class='ocrx_word' id='word_1_285' title='bbox 2080 3907 2341 3954; x_wconf 84' lang='lat' dir='ltr'><strong>terrarum</strong></span> 
     </span>
    </p>
   </div>
   <div class='ocr_carea' id='block_1_41' title="bbox 757 3979 2345 4056">
    <p class='ocr_par' dir='ltr' id='par_1_41' title="bbox 757 3979 2345 4056">
     <span class='ocr_line' id='line_1_41' title="bbox 757 3979 2345 4056; baseline 0.007 -23"><span class='ocrx_word' id='word_1_286' title='bbox 757 3979 942 4034; x_wconf 86' lang='lat' dir='ltr'><strong>orbem</strong></span> <span class='ocrx_word' id='word_1_287' title='bbox 976 3981 1166 4052; x_wconf 76' lang='lat' dir='ltr'><strong>lingua:</strong></span> <span class='ocrx_word' id='word_1_288' title='bbox 1196 3985 1527 4053; x_wconf 91' lang='lat' dir='ltr'><strong>copularunt,</strong></span> <span class='ocrx_word' id='word_1_289' title='bbox 1562 3995 1615 4040; x_wconf 90' lang='lat' dir='ltr'><strong>et</strong></span> <span class='ocrx_word' id='word_1_290' title='bbox 1640 4001 1759 4056; x_wconf 74' lang='lat' dir='ltr'><strong>qua:</strong></span> <span class='ocrx_word' id='word_1_291' title='bbox 1784 3987 2111 4043; x_wconf 85' lang='lat' dir='ltr'><strong>dissidebant</strong></span> <span class='ocrx_word' id='word_1_292' title='bbox 2139 3990 2189 4043; x_wconf 92' lang='lat' dir='ltr'><strong>in</strong></span> <span class='ocrx_word' id='word_1_293' title='bbox 2217 4005 2345 4045; x_wconf 90' lang='lat' dir='ltr'><strong>cou-</strong></span> 
     </span>
    </p>
   </div>
   <div class='ocr_carea' id='block_1_42' title="bbox 748 4071 2347 4152">
    <p class='ocr_par' dir='ltr' id='par_1_42' title="bbox 748 4071 2347 4152">
     <span class='ocr_line' id='line_1_42' title="bbox 748 4071 2347 4152; baseline 0.009 -28"><span class='ocrx_word' id='word_1_294' title='bbox 748 4071 996 4126; x_wconf 89' lang='lat' dir='ltr'><strong>-eordiam</strong></span> <span class='ocrx_word' id='word_1_295' title='bbox 1027 4073 1368 4130; x_wconf 83' lang='lat' dir='ltr'><strong>reduxerunt.</strong></span> <span class='ocrx_word' id='word_1_296' title='bbox 1414 4077 1589 4148; x_wconf 88' lang='lat' dir='ltr'><strong>Itaque</strong></span> <span class='ocrx_word' id='word_1_297' title='bbox 1620 4079 1672 4132; x_wconf 91' lang='lat' dir='ltr'><strong>in</strong></span> <span class='ocrx_word' id='word_1_298' title='bbox 1715 4081 1892 4148; x_wconf 89' lang='lat' dir='ltr'><strong>specie</strong></span> <span class='ocrx_word' id='word_1_299' title='bbox 1930 4080 2226 4152; x_wconf 89' lang='lat' dir='ltr'><strong>linguarum</strong></span> <span class='ocrx_word' id='word_1_300' title='bbox 2269 4083 2347 4137; x_wconf 93' lang='lat' dir='ltr'><strong>id-</strong></span> 
     </span>
    </p>
   </div>
   <div class='ocr_carea' id='block_1_43' title="bbox 755 4162 2343 4243">
    <p class='ocr_par' dir='ltr' id='par_1_43' title="bbox 755 4162 2343 4243">
     <span class='ocr_line' id='line_1_43' title="bbox 755 4162 2343 4243; baseline 0.008 -29"><span class='ocrx_word' id='word_1_301' title='bbox 755 4162 906 4219; x_wconf 85' lang='lat' dir='ltr'><strong>eirco</strong></span> <span class='ocrx_word' id='word_1_302' title='bbox 948 4162 1201 4219; x_wconf 89' lang='lat' dir='ltr'><strong>advenit:</strong></span> <span class='ocrx_word' id='word_1_303' title='bbox 1234 4176 1499 4238; x_wconf 88' lang='lat' dir='ltr'><strong>tamquam</strong></span> <span class='ocrx_word' id='word_1_304' title='bbox 1549 4169 1684 4240; x_wconf 86' lang='lat' dir='ltr'><strong>ignis</strong></span> <span class='ocrx_word' id='word_1_305' title='bbox 1725 4179 1900 4226; x_wconf 90' lang='lat' dir='ltr'><strong>autem</strong></span> <span class='ocrx_word' id='word_1_306' title='bbox 1941 4171 2134 4243; x_wconf 68' lang='lat' dir='ltr'><strong>linguae</strong></span> <span class='ocrx_word' id='word_1_307' title='bbox 2171 4184 2343 4242; x_wconf 87' lang='lat' dir='ltr'><strong>erant,</strong></span> 
     </span>
    </p>
   </div>
   <div class='ocr_carea' id='block_1_44' title="bbox 761 4252 2350 4333">
    <p class='ocr_par' dir='ltr' id='par_1_44' title="bbox 761 4252 2350 4333">
     <span class='ocr_line' id='line_1_44' title="bbox 761 4252 2350 4333; baseline 0.01 -28"><span class='ocrx_word' id='word_1_308' title='bbox 761 4252 905 4322; x_wconf 84' lang='lat' dir='ltr'><strong>quod</strong></span> <span class='ocrx_word' id='word_1_309' title='bbox 930 4254 1289 4326; x_wconf 81' lang='lat' dir='ltr'><strong>sylvesccntes</strong></span> <span class='ocrx_word' id='word_1_310' title='bbox 1316 4259 1368 4312; x_wconf 90' lang='lat' dir='ltr'><strong>iu</strong></span> <span class='ocrx_word' id='word_1_311' title='bbox 1397 4259 1551 4315; x_wconf 84' lang='lat' dir='ltr'><strong>nobis</strong></span> <span class='ocrx_word' id='word_1_312' title='bbox 1582 4271 1917 4331; x_wconf 87' lang='lat' dir='ltr'><strong>peccatorum</strong></span> <span class='ocrx_word' id='word_1_313' title='bbox 1942 4264 2109 4333; x_wconf 71' lang='lat' dir='ltr'><strong>spina:</strong></span> <span class='ocrx_word' id='word_1_314' title='bbox 2135 4280 2350 4321; x_wconf 87' lang='lat' dir='ltr'><strong>succre-</strong></span> 
     </span>
    </p>
   </div>
   <div class='ocr_carea' id='block_1_45' title="bbox 763 4345 2342 4429">
    <p class='ocr_par' dir='ltr' id='par_1_45' title="bbox 763 4345 2342 4429">
     <span class='ocr_line' id='line_1_45' title="bbox 763 4345 2342 4429; baseline 0.009 -31"><span class='ocrx_word' id='word_1_315' title='bbox 763 4345 984 4401; x_wconf 84' lang='lat' dir='ltr'><strong>visseut.</strong></span> <span class='ocrx_word' id='word_1_316' title='bbox 1014 4348 1144 4404; x_wconf 84' lang='lat' dir='ltr'><strong>Nam</strong></span> <span class='ocrx_word' id='word_1_317' title='bbox 1173 4353 1620 4421; x_wconf 89' lang='lat' dir='ltr'><strong>quemadmodum</strong></span> <span class='ocrx_word' id='word_1_318' title='bbox 1643 4363 1784 4410; x_wconf 90' lang='lat' dir='ltr'><strong>terra</strong></span> <span class='ocrx_word' id='word_1_319' title='bbox 1812 4355 2000 4412; x_wconf 80' lang='lat' dir='ltr'><strong>fertilis</strong></span> <span class='ocrx_word' id='word_1_320' title='bbox 2029 4372 2090 4411; x_wconf 90' lang='lat' dir='ltr'><strong>ac</strong></span> <span class='ocrx_word' id='word_1_321' title='bbox 2116 4358 2342 4429; x_wconf 88' lang='lat' dir='ltr'><strong>pinguis,</strong></span> 
     </span>
    </p>
   </div>
   <div class='ocr_carea' id='block_1_46' title="bbox 763 4436 2347 4520">
    <p class='ocr_par' dir='ltr' id='par_1_46' title="bbox 763 4436 2347 4520">
     <span class='ocr_line' id='line_1_46' title="bbox 763 4436 2347 4520; baseline 0.008 -30"><span class='ocrx_word' id='word_1_322' title='bbox 763 4436 809 4491; x_wconf 91' lang='lat' dir='ltr'><strong>si</strong></span> <span class='ocrx_word' id='word_1_323' title='bbox 840 4438 1059 4494; x_wconf 87' lang='lat' dir='ltr'><strong>minime</strong></span> <span class='ocrx_word' id='word_1_324' title='bbox 1103 4443 1341 4512; x_wconf 85' lang='lat' dir='ltr'><strong>colatur,</strong></span> <span class='ocrx_word' id='word_1_325' title='bbox 1386 4460 1629 4516; x_wconf 89' lang='lat' dir='ltr'><strong>magnam</strong></span> <span class='ocrx_word' id='word_1_326' title='bbox 1668 4447 1939 4516; x_wconf 89' lang='lat' dir='ltr'><strong>spinarum</strong></span> <span class='ocrx_word' id='word_1_327' title='bbox 1988 4449 2190 4520; x_wconf 87' lang='lat' dir='ltr'><strong>sylvam</strong></span> <span class='ocrx_word' id='word_1_328' title='bbox 2222 4465 2347 4520; x_wconf 84' lang='lat' dir='ltr'><strong>pro-</strong></span> 
     </span>
    </p>
   </div>
   <div class='ocr_carea' id='block_1_47' title="bbox 763 4530 2348 4610">
    <p class='ocr_par' dir='ltr' id='par_1_47' title="bbox 763 4530 2348 4610">
     <span class='ocr_line' id='line_1_47' title="bbox 763 4530 2348 4610; baseline 0.008 -26"><span class='ocrx_word' id='word_1_329' title='bbox 763 4530 974 4586; x_wconf 81' lang='lat' dir='ltr'><strong>fundit:</strong></span> <span class='ocrx_word' id='word_1_330' title='bbox 1001 4534 1077 4588; x_wconf 85' lang='lat' dir='ltr'><strong>sic</strong></span> <span class='ocrx_word' id='word_1_331' title='bbox 1103 4545 1155 4590; x_wconf 92' lang='lat' dir='ltr'><strong>et</strong></span> <span class='ocrx_word' id='word_1_332' title='bbox 1181 4545 1370 4592; x_wconf 88' lang='lat' dir='ltr'><strong>natura</strong></span> <span class='ocrx_word' id='word_1_333' title='bbox 1395 4547 1597 4606; x_wconf 88' lang='lat' dir='ltr'><strong>nostra,</strong></span> <span class='ocrx_word' id='word_1_334' title='bbox 1621 4555 1738 4610; x_wconf 65' lang='lat' dir='ltr'><strong>quae</strong></span> <span class='ocrx_word' id='word_1_335' title='bbox 1761 4555 1789 4593; x_wconf 91' lang='lat' dir='ltr'><strong>a</strong></span> <span class='ocrx_word' id='word_1_336' title='bbox 1810 4539 2062 4596; x_wconf 89' lang='lat' dir='ltr'><strong>Creatore</strong></span> <span class='ocrx_word' id='word_1_337' title='bbox 2086 4557 2185 4596; x_wconf 87' lang='lat' dir='ltr'><strong>suo</strong></span> <span class='ocrx_word' id='word_1_338' title='bbox 2209 4541 2348 4597; x_wconf 88' lang='lat' dir='ltr'><strong>bona</strong></span> 
     </span>
    </p>
   </div>
   <div class='ocr_carea' id='block_1_48' title="bbox 763 4626 2350 4705">
    <p class='ocr_par' dir='ltr' id='par_1_48' title="bbox 763 4626 2350 4705">
     <span class='ocr_line' id='line_1_48' title="bbox 763 4626 2350 4705; baseline 0.008 -28"><span class='ocrx_word' id='word_1_339' title='bbox 763 4633 843 4677; x_wconf 91' lang='lat' dir='ltr'><strong>est</strong></span> <span class='ocrx_word' id='word_1_340' title='bbox 872 4626 1118 4691; x_wconf 87' lang='lat' dir='ltr'><strong>condita,</strong></span> <span class='ocrx_word' id='word_1_341' title='bbox 1168 4637 1223 4683; x_wconf 90' lang='lat' dir='ltr'><strong>et</strong></span> <span class='ocrx_word' id='word_1_342' title='bbox 1265 4630 1330 4685; x_wconf 92' lang='lat' dir='ltr'><strong>ad</strong></span> <span class='ocrx_word' id='word_1_343' title='bbox 1362 4631 1569 4686; x_wconf 91' lang='lat' dir='ltr'><strong>virtutis</strong></span> <span class='ocrx_word' id='word_1_344' title='bbox 1617 4631 1794 4703; x_wconf 86' lang='lat' dir='ltr'><strong>fruges</strong></span> <span class='ocrx_word' id='word_1_345' title='bbox 1835 4633 2054 4700; x_wconf 91' lang='lat' dir='ltr'><strong>idonea,</strong></span> <span class='ocrx_word' id='word_1_346' title='bbox 2106 4649 2173 4690; x_wconf 92' lang='lat' dir='ltr'><strong>eo</strong></span> <span class='ocrx_word' id='word_1_347' title='bbox 2208 4634 2350 4705; x_wconf 90' lang='lat' dir='ltr'><strong>quod</strong></span> 
     </span>
    </p>
   </div>
   <div class='ocr_carea' id='block_1_49' title="bbox 765 4720 2350 4798">
    <p class='ocr_par' dir='ltr' id='par_1_49' title="bbox 765 4720 2350 4798">
     <span class='ocr_line' id='line_1_49' title="bbox 765 4720 2350 4798; baseline 0.009 -29"><span class='ocrx_word' id='word_1_348' title='bbox 765 4732 936 4786; x_wconf 90' lang='lat' dir='ltr'><strong>neque</strong></span> <span class='ocrx_word' id='word_1_349' title='bbox 975 4720 1186 4790; x_wconf 88' lang='lat' dir='ltr'><strong>pietatis</strong></span> <span class='ocrx_word' id='word_1_350' title='bbox 1222 4734 1457 4779; x_wconf 86' lang='lat' dir='ltr'><strong>aratrum</strong></span> <span class='ocrx_word' id='word_1_351' title='bbox 1497 4741 1667 4797; x_wconf 90' lang='lat' dir='ltr'><strong>neque</strong></span> <span class='ocrx_word' id='word_1_352' title='bbox 1697 4729 2014 4798; x_wconf 89' lang='lat' dir='ltr'><strong>cognitionis</strong></span> <span class='ocrx_word' id='word_1_353' title='bbox 2045 4729 2136 4784; x_wconf 87' lang='lat' dir='ltr'><strong>Dei</strong></span> <span class='ocrx_word' id='word_1_354' title='bbox 2165 4745 2350 4785; x_wconf 89' lang='lat' dir='ltr'><strong>semen</strong></span> 
     </span>
    </p>
   </div>
   <div class='ocr_carea' id='block_1_50' title="bbox 767 4816 2350 4890">
    <p class='ocr_par' dir='ltr' id='par_1_50' title="bbox 767 4816 2350 4890">
     <span class='ocr_line' id='line_1_50' title="bbox 767 4816 2350 4890; baseline 0.006 -24"><span class='ocrx_word' id='word_1_355' title='bbox 767 4816 1097 4882; x_wconf 78' lang='lat' dir='ltr'><strong>excepisset,</strong></span> <span class='ocrx_word' id='word_1_356' title='bbox 1134 4818 1284 4886; x_wconf 87' lang='lat' dir='ltr'><strong>quasi</strong></span> <span class='ocrx_word' id='word_1_357' title='bbox 1311 4819 1491 4889; x_wconf 91' lang='lat' dir='ltr'><strong>spinas</strong></span> <span class='ocrx_word' id='word_1_358' title='bbox 1531 4820 1789 4890; x_wconf 88' lang='lat' dir='ltr'><strong>quasdam</strong></span> <span class='ocrx_word' id='word_1_359' title='bbox 1832 4830 1886 4875; x_wconf 93' lang='lat' dir='ltr'><strong>et</strong></span> <span class='ocrx_word' id='word_1_360' title='bbox 1927 4822 2081 4876; x_wconf 90' lang='lat' dir='ltr'><strong>aliam</strong></span> <span class='ocrx_word' id='word_1_361' title='bbox 2111 4823 2350 4877; x_wconf 89' lang='lat' dir='ltr'><strong>inutilem</strong></span> 
     </span>
    </p>
   </div>
   <div class='ocr_carea' id='block_1_51' title="bbox 764 4907 2351 4986">
    <p class='ocr_par' dir='ltr' id='par_1_51' title="bbox 764 4907 2351 4986">
     <span class='ocr_line' id='line_1_51' title="bbox 764 4907 2351 4986; baseline 0.008 -26"><span class='ocrx_word' id='word_1_362' title='bbox 764 4907 970 4977; x_wconf 85' lang='lat' dir='ltr'><strong>sylvam</strong></span> <span class='ocrx_word' id='word_1_363' title='bbox 1004 4909 1326 4978; x_wconf 89' lang='lat' dir='ltr'><strong>impietatem</strong></span> <span class='ocrx_word' id='word_1_364' title='bbox 1359 4911 1621 4980; x_wconf 89' lang='lat' dir='ltr'><strong>produxit.</strong></span> <span class='ocrx_word' id='word_1_365' title='bbox 1648 4914 1715 4968; x_wconf 89' lang='lat' dir='ltr'><strong>Et</strong></span> <span class='ocrx_word' id='word_1_366' title='bbox 1734 4913 2178 4984; x_wconf 87' lang='lat' dir='ltr'><strong>quemadmodum</strong></span> <span class='ocrx_word' id='word_1_367' title='bbox 2208 4931 2351 4986; x_wconf 57' lang='lat' dir='ltr'><strong>saepe</strong></span> 
     </span>
    </p>
   </div>
   <div class='ocr_carea' id='block_1_52' title="bbox 767 5002 2353 5078">
    <p class='ocr_par' dir='ltr' id='par_1_52' title="bbox 767 5002 2353 5078">
     <span class='ocr_line' id='line_1_52' title="bbox 767 5002 2353 5078; baseline 0.006 -24"><span class='ocrx_word' id='word_1_368' title='bbox 767 5009 985 5073; x_wconf 89' lang='lat' dir='ltr'><strong>pr0pter</strong></span> <span class='ocrx_word' id='word_1_369' title='bbox 1010 5002 1282 5071; x_wconf 87' lang='lat' dir='ltr'><strong>spinarum</strong></span> <span class='ocrx_word' id='word_1_370' title='bbox 1310 5004 1696 5060; x_wconf 88' lang='lat' dir='ltr'><strong>multitudinem</strong></span> <span class='ocrx_word' id='word_1_371' title='bbox 1715 5047 1732 5072; x_wconf 95' lang='lat'><strong>,</strong></span> <span class='ocrx_word' id='word_1_372' title='bbox 1769 5021 1832 5060; x_wconf 91' lang='lat' dir='ltr'><strong>ac</strong></span> <span class='ocrx_word' id='word_1_373' title='bbox 1858 5007 2120 5062; x_wconf 89' lang='lat' dir='ltr'><strong>malorum</strong></span> <span class='ocrx_word' id='word_1_374' title='bbox 2156 5009 2353 5078; x_wconf 88' lang='lat' dir='ltr'><strong>grami-</strong></span> 
     </span>
    </p>
   </div>
   <div class='ocr_carea' id='block_1_53' title="bbox 767 5095 2351 5169">
    <p class='ocr_par' dir='ltr' id='par_1_53' title="bbox 767 5095 2351 5169">
     <span class='ocr_line' id='line_1_53' title="bbox 767 5095 2351 5169; baseline 0.005 -23"><span class='ocrx_word' id='word_1_375' title='bbox 767 5109 894 5149; x_wconf 86' lang='lat' dir='ltr'><strong>num</strong></span> <span class='ocrx_word' id='word_1_376' title='bbox 927 5103 1083 5150; x_wconf 68' lang='lat' dir='ltr'><strong>terrae</strong></span> <span class='ocrx_word' id='word_1_377' title='bbox 1114 5095 1272 5151; x_wconf 84' lang='lat' dir='ltr'><strong>facies</strong></span> <span class='ocrx_word' id='word_1_378' title='bbox 1305 5111 1372 5152; x_wconf 92' lang='lat' dir='ltr'><strong>ne</strong></span> <span class='ocrx_word' id='word_1_379' title='bbox 1415 5107 1634 5168; x_wconf 84' lang='lat' dir='ltr'><strong>apparet</strong></span> <span class='ocrx_word' id='word_1_380' title='bbox 1665 5098 1878 5169; x_wconf 86' lang='lat' dir='ltr'><strong>quidem</strong></span> <span class='ocrx_word' id='word_1_381' title='bbox 1910 5118 1923 5154; x_wconf 92' lang='lat'><strong>:</strong></span> <span class='ocrx_word' id='word_1_382' title='bbox 1951 5100 2028 5154; x_wconf 91' lang='lat' dir='ltr'><strong>sic</strong></span> <span class='ocrx_word' id='word_1_383' title='bbox 2065 5111 2117 5155; x_wconf 92' lang='lat' dir='ltr'><strong>et</strong></span> <span class='ocrx_word' id='word_1_384' title='bbox 2160 5102 2351 5156; x_wconf 79' lang='lat' dir='ltr'><strong>animze</strong></span> 
     </span>
    </p>
   </div>
   <div class='ocr_carea' id='block_1_54' title="bbox 768 5188 2352 5263">
    <p class='ocr_par' dir='ltr' id='par_1_54' title="bbox 768 5188 2352 5263">
     <span class='ocr_line' id='line_1_54' title="bbox 768 5188 2352 5263; baseline 0.005 -23"><span class='ocrx_word' id='word_1_385' title='bbox 768 5196 967 5242; x_wconf 74' lang='lat' dir='ltr'><strong>nostra:</strong></span> <span class='ocrx_word' id='word_1_386' title='bbox 991 5188 1236 5259; x_wconf 78' lang='lat' dir='ltr'><strong>nobilitas</strong></span> <span class='ocrx_word' id='word_1_387' title='bbox 1256 5190 1562 5259; x_wconf 85' lang='lat' dir='ltr'><strong>puritasque</strong></span> <span class='ocrx_word' id='word_1_388' title='bbox 1584 5191 1800 5246; x_wconf 89' lang='lat' dir='ltr'><strong>minime</strong></span> <span class='ocrx_word' id='word_1_389' title='bbox 1819 5192 2127 5262; x_wconf 88' lang='lat' dir='ltr'><strong>apparebat,</strong></span> <span class='ocrx_word' id='word_1_390' title='bbox 2155 5208 2352 5263; x_wconf 86' lang='lat' dir='ltr'><strong>quous-</strong></span> 
     </span>
    </p>
   </div>
   <div class='ocr_carea' id='block_1_55' title="bbox 768 5280 2350 5354">
    <p class='ocr_par' dir='ltr' id='par_1_55' title="bbox 768 5280 2350 5354">
     <span class='ocr_line' id='line_1_55' title="bbox 768 5280 2350 5354; baseline 0.006 -22"><span class='ocrx_word' id='word_1_391' title='bbox 768 5293 874 5348; x_wconf 82' lang='lat' dir='ltr'><strong>que</strong></span> <span class='ocrx_word' id='word_1_392' title='bbox 921 5289 1124 5334; x_wconf 67' lang='lat' dir='ltr'><strong>naturae</strong></span> <span class='ocrx_word' id='word_1_393' title='bbox 1181 5280 1432 5336; x_wconf 71' lang='lat' dir='ltr'><strong>humana:</strong></span> <span class='ocrx_word' id='word_1_394' title='bbox 1478 5281 1706 5351; x_wconf 85' lang='lat' dir='ltr'><strong>agricola</strong></span> <span class='ocrx_word' id='word_1_395' title='bbox 1757 5285 2024 5346; x_wconf 76' lang='lat' dir='ltr'><strong>venisset.</strong></span> <span class='ocrx_word' id='word_1_396' title='bbox 2079 5295 2133 5340; x_wconf 92' lang='lat' dir='ltr'><strong>et</strong></span> <span class='ocrx_word' id='word_1_397' title='bbox 2183 5286 2350 5354; x_wconf 77' lang='lat' dir='ltr'><strong>ipsum</strong></span> 
     </span>
    </p>
   </div>
   <div class='ocr_carea' id='block_1_56' title="bbox 772 5371 2350 5445">
    <p class='ocr_par' dir='ltr' id='par_1_56' title="bbox 772 5371 2350 5445">
     <span class='ocr_line' id='line_1_56' title="bbox 772 5371 2350 5445; baseline 0.006 -22"><span class='ocrx_word' id='word_1_398' title='bbox 772 5371 1011 5427; x_wconf 88' lang='lat' dir='ltr'><strong>immisso</strong></span> <span class='ocrx_word' id='word_1_399' title='bbox 1056 5372 1284 5444; x_wconf 89' lang='lat' dir='ltr'><strong>Spiritus</strong></span> <span class='ocrx_word' id='word_1_400' title='bbox 1334 5374 1456 5444; x_wconf 89' lang='lat' dir='ltr'><strong>igne</strong></span> <span class='ocrx_word' id='word_1_401' title='bbox 1502 5383 1910 5445; x_wconf 84' lang='lat' dir='ltr'><strong>perpurgasset,</strong></span> <span class='ocrx_word' id='word_1_402' title='bbox 1954 5383 2147 5445; x_wconf 89' lang='lat' dir='ltr'><strong>atque,</strong></span> <span class='ocrx_word' id='word_1_403' title='bbox 2195 5388 2251 5430; x_wconf 91' lang='lat' dir='ltr'><strong>ut</strong></span> <span class='ocrx_word' id='word_1_404' title='bbox 2283 5379 2350 5433; x_wconf 87' lang='lat' dir='ltr'><strong>ad</strong></span> 
     </span>
    </p>
   </div>
   <div class='ocr_carea' id='block_1_57' title="bbox 771 5465 2352 5540">
    <p class='ocr_par' dir='ltr' id='par_1_57' title="bbox 771 5465 2352 5540">
     <span class='ocr_line' id='line_1_57' title="bbox 771 5465 2352 5540; baseline 0.007 -25"><span class='ocrx_word' id='word_1_405' title='bbox 771 5465 1137 5535; x_wconf 80' lang='lat' dir='ltr'><strong>excipiendum</strong></span> <span class='ocrx_word' id='word_1_406' title='bbox 1169 5466 1382 5523; x_wconf 63' lang='lat' dir='ltr'><strong>caeleste</strong></span> <span class='ocrx_word' id='word_1_407' title='bbox 1409 5481 1590 5522; x_wconf 87' lang='lat' dir='ltr'><strong>semen</strong></span> <span class='ocrx_word' id='word_1_408' title='bbox 1622 5468 1810 5540; x_wconf 86' lang='lat' dir='ltr'><strong>idonea</strong></span> <span class='ocrx_word' id='word_1_409' title='bbox 1850 5468 2161 5524; x_wconf 89' lang='lat' dir='ltr'><strong>redderetur</strong></span> <span class='ocrx_word' id='word_1_410' title='bbox 2183 5511 2196 5536; x_wconf 94' lang='lat'><strong>,</strong></span> <span class='ocrx_word' id='word_1_411' title='bbox 2223 5468 2352 5526; x_wconf 78' lang='lat' dir='ltr'><strong>elle-</strong></span> 
     </span>
    </p>
   </div>
   <div class='ocr_carea' id='block_1_58' title="bbox 769 5564 951 5608">
    <p class='ocr_par' dir='ltr' id='par_1_58' title="bbox 769 5564 951 5608">
     <span class='ocr_line' id='line_1_58' title="bbox 769 5564 951 5608; baseline -0.005 0"><span class='ocrx_word' id='word_1_412' title='bbox 769 5564 951 5608; x_wconf 74' lang='lat' dir='ltr'><strong>Cissei.</strong></span> 
     </span>
    </p>
   </div>
   <div class='ocr_carea' id='block_1_59' title="bbox 841 5646 2355 5722">
    <p class='ocr_par' dir='ltr' id='par_1_59' title="bbox 841 5646 2355 5722">
     <span class='ocr_line' id='line_1_59' title="bbox 841 5646 2355 5722; baseline 0.007 -23"><span class='ocrx_word' id='word_1_413' title='bbox 841 5647 893 5699; x_wconf 81' lang='lat'><strong>5.</strong></span> <span class='ocrx_word' id='word_1_414' title='bbox 936 5646 1099 5702; x_wconf 84' lang='lat' dir='ltr'><strong>Tanta</strong></span> <span class='ocrx_word' id='word_1_415' title='bbox 1149 5659 1311 5716; x_wconf 89' lang='lat' dir='ltr'><strong>sunt,</strong></span> <span class='ocrx_word' id='word_1_416' title='bbox 1363 5649 1550 5720; x_wconf 87' lang='lat' dir='ltr'><strong>bisque</strong></span> <span class='ocrx_word' id='word_1_417' title='bbox 1595 5650 1763 5706; x_wconf 83' lang='lat' dir='ltr'><strong>multo</strong></span> <span class='ocrx_word' id='word_1_418' title='bbox 1804 5651 1949 5722; x_wconf 88' lang='lat' dir='ltr'><strong>plura</strong></span> <span class='ocrx_word' id='word_1_419' title='bbox 1976 5695 1991 5717; x_wconf 93' lang='lat'><strong>,</strong></span> <span class='ocrx_word' id='word_1_420' title='bbox 2039 5667 2156 5722; x_wconf 71' lang='lat' dir='ltr'><strong>qure</strong></span> <span class='ocrx_word' id='word_1_421' title='bbox 2202 5654 2355 5710; x_wconf 89' lang='lat' dir='ltr'><strong>nobis</strong></span> 
     </span>
    </p>
   </div>
   <div class='ocr_carea' id='block_1_60' title="bbox 767 5739 2352 5812">
    <p class='ocr_par' dir='ltr' id='par_1_60' title="bbox 767 5739 2352 5812">
     <span class='ocr_line' id='line_1_60' title="bbox 767 5739 2352 5812; baseline 0.005 -19"><span class='ocrx_word' id='word_1_422' title='bbox 767 5739 925 5812; x_wconf 79' lang='lat' dir='ltr'><strong>hujus</strong></span> <span class='ocrx_word' id='word_1_423' title='bbox 964 5740 1070 5796; x_wconf 83' lang='lat' dir='ltr'><strong>diei</strong></span> <span class='ocrx_word' id='word_1_424' title='bbox 1112 5741 1369 5799; x_wconf 85' lang='lat' dir='ltr'><strong>beneﬁcio</strong></span> <span class='ocrx_word' id='word_1_425' title='bbox 1401 5742 1539 5798; x_wconf 89' lang='lat' dir='ltr'><strong>bona</strong></span> <span class='ocrx_word' id='word_1_426' title='bbox 1577 5743 1922 5800; x_wconf 87' lang='lat' dir='ltr'><strong>obvenerunt.</strong></span> <span class='ocrx_word' id='word_1_427' title='bbox 1971 5743 2098 5811; x_wconf 64' lang='lat' dir='ltr'><strong>Qum</strong></span> <span class='ocrx_word' id='word_1_428' title='bbox 2124 5759 2242 5800; x_wconf 90' lang='lat' dir='ltr'><strong>cum</strong></span> <span class='ocrx_word' id='word_1_429' title='bbox 2283 5746 2352 5801; x_wconf 88' lang='lat' dir='ltr'><strong>ita</strong></span> 
     </span>
    </p>
   </div>
   <div class='ocr_carea' id='block_1_61' title="bbox 1466 298 3292 371">
    <p class='ocr_par' dir='ltr' id='par_1_61' title="bbox 1466 298 3292 371">
     <span class='ocr_line' id='line_1_61' title="bbox 1466 298 3292 371; baseline -0.001 -1"><span class='ocrx_word' id='word_1_430' title='bbox 1466 312 1522 370; x_wconf 83' lang='lat' dir='ltr'><strong>S.</strong></span> <span class='ocrx_word' id='word_1_431' title='bbox 1564 298 1842 371; x_wconf 72' lang='lat' dir='ltr'><strong>JOANNIS</strong></span> <span class='ocrx_word' id='word_1_432' title='bbox 1878 308 2358 370; x_wconf 78' lang='lat' dir='ltr'><strong>CHRYSOSTOMI</strong></span> <span class='ocrx_word' id='word_1_433' title='bbox 2397 311 2713 370; x_wconf 80' lang='lat' dir='ltr'><strong>ARCHIEP.</strong></span> <span class='ocrx_word' id='word_1_434' title='bbox 2755 312 3292 371; x_wconf 60' lang='lat' dir='ltr'><strong>CONSTANTINOP.</strong></span> 
     </span>
    </p>
   </div>
   <div class='ocr_carea' id='block_1_62' title="bbox 3906 314 4013 372">
    <p class='ocr_par' dir='ltr' id='par_1_62' title="bbox 3906 314 4013 372">
     <span class='ocr_line' id='line_1_62' title="bbox 3906 314 4013 372; baseline 0 0"><span class='ocrx_word' id='word_1_435' title='bbox 3906 314 4013 372; x_wconf 70' lang='grc'><strong>468</strong></span> 
     </span>
    </p>
   </div>
   <div class='ocr_carea' id='block_1_63' title="bbox 2422 423 4013 498">
    <p class='ocr_par' dir='ltr' id='par_1_63' title="bbox 2422 423 4013 498">
     <span class='ocr_line' id='line_1_63' title="bbox 2422 423 4013 498; baseline 0.001 -20"><span class='ocrx_word' id='word_1_436' title='bbox 2422 423 2560 492; x_wconf 88' lang='lat' dir='ltr'><strong>siut,</strong></span> <span class='ocrx_word' id='word_1_437' title='bbox 2589 439 2686 479; x_wconf 93' lang='lat' dir='ltr'><strong>oro</strong></span> <span class='ocrx_word' id='word_1_438' title='bbox 2714 425 3057 495; x_wconf 87' lang='lat' dir='ltr'><strong>obtestorque</strong></span> <span class='ocrx_word' id='word_1_439' title='bbox 3078 441 3196 491; x_wconf 87' lang='lat' dir='ltr'><strong>vos,</strong></span> <span class='ocrx_word' id='word_1_440' title='bbox 3229 438 3327 496; x_wconf 91' lang='lat' dir='ltr'><strong>pro</strong></span> <span class='ocrx_word' id='word_1_441' title='bbox 3345 423 3610 497; x_wconf 79' lang='lat' dir='ltr'><strong>dignitate</strong></span> <span class='ocrx_word' id='word_1_442' title='bbox 3637 433 4013 498; x_wconf 80' lang='lat' dir='ltr'><strong>congestorum</strong></span> 
     </span>
    </p>
   </div>
   <div class='ocr_carea' id='block_1_64' title="bbox 2418 515 4014 588">
    <p class='ocr_par' dir='ltr' id='par_1_64' title="bbox 2418 515 4014 588">
     <span class='ocr_line' id='line_1_64' title="bbox 2418 515 4014 588; baseline 0 -18"><span class='ocrx_word' id='word_1_443' title='bbox 2418 517 2471 570; x_wconf 93' lang='lat' dir='ltr'><strong>in</strong></span> <span class='ocrx_word' id='word_1_444' title='bbox 2498 531 2596 573; x_wconf 86' lang='lat' dir='ltr'><strong>nos</strong></span> <span class='ocrx_word' id='word_1_445' title='bbox 2625 517 2908 584; x_wconf 90' lang='lat' dir='ltr'><strong>bonorum,</strong></span> <span class='ocrx_word' id='word_1_446' title='bbox 2941 515 3133 573; x_wconf 88' lang='lat' dir='ltr'><strong>festum</strong></span> <span class='ocrx_word' id='word_1_447' title='bbox 3159 531 3256 572; x_wconf 89' lang='lat' dir='ltr'><strong>nos</strong></span> <span class='ocrx_word' id='word_1_448' title='bbox 3279 531 3492 588; x_wconf 91' lang='lat' dir='ltr'><strong>quoque</strong></span> <span class='ocrx_word' id='word_1_449' title='bbox 3514 517 3876 583; x_wconf 82' lang='lat' dir='ltr'><strong>celebremus,</strong></span> <span class='ocrx_word' id='word_1_450' title='bbox 3904 529 4014 570; x_wconf 89' lang='lat' dir='ltr'><strong>nou</strong></span> 
     </span>
    </p>
   </div>
   <div class='ocr_carea' id='block_1_65' title="bbox 2412 605 4015 677">
    <p class='ocr_par' dir='ltr' id='par_1_65' title="bbox 2412 605 4015 677">
     <span class='ocr_line' id='line_1_65' title="bbox 2412 605 4015 677; baseline -0.001 -17"><span class='ocrx_word' id='word_1_451' title='bbox 2412 607 2629 677; x_wconf 92' lang='lat' dir='ltr'><strong>januam</strong></span> <span class='ocrx_word' id='word_1_452' title='bbox 2664 609 2680 640; x_wconf 77' lang='grc' dir='ltr'>ί</span> <span class='ocrx_word' id='word_1_453' title='bbox 2723 618 3082 673; x_wconf 89' lang='lat' dir='ltr'><strong>coronantes,</strong></span> <span class='ocrx_word' id='word_1_454' title='bbox 3130 605 3226 662; x_wconf 91' lang='lat' dir='ltr'><strong>sed</strong></span> <span class='ocrx_word' id='word_1_455' title='bbox 3272 607 3479 662; x_wconf 86' lang='lat' dir='ltr'><strong>animas</strong></span> <span class='ocrx_word' id='word_1_456' title='bbox 3538 617 3861 671; x_wconf 82' lang='lat' dir='ltr'><strong>cementes;</strong></span> <span class='ocrx_word' id='word_1_457' title='bbox 3908 621 4015 675; x_wconf 83' lang='lat' dir='ltr'><strong>non</strong></span> 
     </span>
    </p>
   </div>
   <div class='ocr_carea' id='block_1_66' title="bbox 2416 695 4015 771">
    <p class='ocr_par' dir='ltr' id='par_1_66' title="bbox 2416 695 4015 771">
     <span class='ocr_line' id='line_1_66' title="bbox 2416 695 4015 771; baseline -0.004 -16"><span class='ocrx_word' id='word_1_458' title='bbox 2416 699 2592 755; x_wconf 89' lang='lat' dir='ltr'><strong>forum</strong></span> <span class='ocrx_word' id='word_1_459' title='bbox 2623 701 2886 771; x_wconf 89' lang='lat' dir='ltr'><strong>tapetibus</strong></span> <span class='ocrx_word' id='word_1_460' title='bbox 2914 708 3258 765; x_wconf 89' lang='lat' dir='ltr'><strong>exornantes,</strong></span> <span class='ocrx_word' id='word_1_461' title='bbox 3290 697 3386 753; x_wconf 88' lang='lat' dir='ltr'><strong>sed</strong></span> <span class='ocrx_word' id='word_1_462' title='bbox 3414 697 3649 752; x_wconf 82' lang='lat' dir='ltr'><strong>animam</strong></span> <span class='ocrx_word' id='word_1_463' title='bbox 3676 695 4015 766; x_wconf 87' lang='lat' dir='ltr'><strong>splendidam</strong></span> 
     </span>
    </p>
   </div>
   <div class='ocr_carea' id='block_1_67' title="bbox 2417 788 4018 858">
    <p class='ocr_par' dir='ltr' id='par_1_67' title="bbox 2417 788 4018 858">
     <span class='ocr_line' id='line_1_67' title="bbox 2417 788 4018 858; baseline -0.002 -14"><span class='ocrx_word' id='word_1_464' title='bbox 2417 791 2630 846; x_wconf 88' lang='lat' dir='ltr'><strong>virtutis</strong></span> <span class='ocrx_word' id='word_1_465' title='bbox 2669 791 2865 846; x_wconf 90' lang='lat' dir='ltr'><strong>amictu</strong></span> <span class='ocrx_word' id='word_1_466' title='bbox 2893 789 3181 846; x_wconf 87' lang='lat' dir='ltr'><strong>reddentes</strong></span> <span class='ocrx_word' id='word_1_467' title='bbox 3201 831 3215 856; x_wconf 95' lang='lat'><strong>,</strong></span> <span class='ocrx_word' id='word_1_468' title='bbox 3249 799 3306 843; x_wconf 93' lang='lat' dir='ltr'><strong>ut</strong></span> <span class='ocrx_word' id='word_1_469' title='bbox 3332 788 3434 843; x_wconf 84' lang='lat' dir='ltr'><strong>hoc</strong></span> <span class='ocrx_word' id='word_1_470' title='bbox 3463 797 3624 858; x_wconf 89' lang='lat' dir='ltr'><strong>pacto</strong></span> <span class='ocrx_word' id='word_1_471' title='bbox 3665 789 3941 857; x_wconf 87' lang='lat' dir='ltr'><strong>possimus</strong></span> <span class='ocrx_word' id='word_1_472' title='bbox 3963 796 4018 841; x_wconf 87' lang='lat' dir='ltr'><strong>et</strong></span> 
     </span>
    </p>
   </div>
   <div class='ocr_carea' id='block_1_68' title="bbox 2421 877 4020 952">
    <p class='ocr_par' dir='ltr' id='par_1_68' title="bbox 2421 877 4020 952">
     <span class='ocr_line' id='line_1_68' title="bbox 2421 877 4020 952; baseline -0.004 -15"><span class='ocrx_word' id='word_1_473' title='bbox 2421 880 2652 952; x_wconf 90' lang='lat' dir='ltr'><strong>Spiritus</strong></span> <span class='ocrx_word' id='word_1_474' title='bbox 2670 883 2895 952; x_wconf 85' lang='lat' dir='ltr'><strong>gratiam</strong></span> <span class='ocrx_word' id='word_1_475' title='bbox 2917 881 3210 951; x_wconf 89' lang='lat' dir='ltr'><strong>suscipere,</strong></span> <span class='ocrx_word' id='word_1_476' title='bbox 3229 889 3286 935; x_wconf 89' lang='lat' dir='ltr'><strong>et</strong></span> <span class='ocrx_word' id='word_1_477' title='bbox 3310 878 3515 936; x_wconf 87' lang='lat' dir='ltr'><strong>fructus</strong></span> <span class='ocrx_word' id='word_1_478' title='bbox 3543 878 3669 933; x_wconf 87' lang='lat' dir='ltr'><strong>inde</strong></span> <span class='ocrx_word' id='word_1_479' title='bbox 3689 877 4020 948; x_wconf 81' lang='lat' dir='ltr'><strong>pullulantes</strong></span> 
     </span>
    </p>
   </div>
   <div class='ocr_carea' id='block_1_69' title="bbox 2416 973 2729 1044">
    <p class='ocr_par' dir='ltr' id='par_1_69' title="bbox 2416 973 2729 1044">
     <span class='ocr_line' id='line_1_69' title="bbox 2416 973 2729 1044; baseline 0 -15"><span class='ocrx_word' id='word_1_480' title='bbox 2416 973 2729 1044; x_wconf 71' lang='lat' dir='ltr'><strong>decerpere.</strong></span> 
     </span>
    </p>
   </div>
   <div class='ocr_carea' id='block_1_70' title="bbox 2492 1057 4034 1137">
    <p class='ocr_par' dir='ltr' id='par_1_70' title="bbox 2492 1057 4034 1137">
     <span class='ocr_line' id='line_1_70' title="bbox 2492 1057 4034 1137; baseline -0.004 -17"><span class='ocrx_word' id='word_1_481' title='bbox 2492 1066 2594 1134; x_wconf 84' lang='lat' dir='ltr'><strong>Qui</strong></span> <span class='ocrx_word' id='word_1_482' title='bbox 2635 1068 2737 1122; x_wconf 84' lang='lat' dir='ltr'><strong>sint</strong></span> <span class='ocrx_word' id='word_1_483' title='bbox 2775 1070 2969 1137; x_wconf 76' lang='lat' dir='ltr'><strong>fructus</strong></span> <span class='ocrx_word' id='word_1_484' title='bbox 2999 1064 3225 1135; x_wconf 82' lang='lat' dir='ltr'><strong>Spiritus</strong></span> <span class='ocrx_word' id='word_1_485' title='bbox 3260 1064 3442 1118; x_wconf 77' lang='lat' dir='ltr'><strong>sancti.</strong></span> <span class='ocrx_word' id='word_1_486' title='bbox 3475 1090 3550 1103; x_wconf 92' lang='lat'><strong>—</strong></span> <span class='ocrx_word' id='word_1_487' title='bbox 3577 1059 3706 1129; x_wconf 86' lang='lat' dir='ltr'><strong>Quis</strong></span> <span class='ocrx_word' id='word_1_488' title='bbox 3736 1073 3902 1130; x_wconf 84' lang='lat' dir='ltr'><strong>porro</strong></span> <span class='ocrx_word' id='word_1_489' title='bbox 3932 1057 4034 1114; x_wconf 61' lang='lat' dir='ltr'><strong>illc</strong></span> 
     </span>
    </p>
   </div>
   <div class='ocr_carea' id='block_1_71' title="bbox 2417 1151 4016 1227">
    <p class='ocr_par' dir='ltr' id='par_1_71' title="bbox 2417 1151 4016 1227">
     <span class='ocr_line' id='line_1_71' title="bbox 2417 1151 4016 1227; baseline -0.005 -17"><span class='ocrx_word' id='word_1_490' title='bbox 2417 1154 2622 1212; x_wconf 91' lang='lat' dir='ltr'><strong>fruetus</strong></span> <span class='ocrx_word' id='word_1_491' title='bbox 2663 1165 2747 1213; x_wconf 89' lang='lat' dir='ltr'><strong>est</strong></span> <span class='ocrx_word' id='word_1_492' title='bbox 2782 1152 3054 1227; x_wconf 74' lang='lat' dir='ltr'><strong>Spiritus?</strong></span> <span class='ocrx_word' id='word_1_493' title='bbox 3100 1153 3395 1209; x_wconf 83' lang='lat' dir='ltr'><strong>Audiamus</strong></span> <span class='ocrx_word' id='word_1_494' title='bbox 3438 1153 3660 1208; x_wconf 86' lang='lat' dir='ltr'><strong>Paulum</strong></span> <span class='ocrx_word' id='word_1_495' title='bbox 3705 1151 4016 1206; x_wconf 87' lang='lat' dir='ltr'><strong>dicentem:</strong></span> 
     </span>
    </p>
   </div>
   <div class='ocr_carea' id='block_1_72' title="bbox 2418 1239 4018 1314">
    <p class='ocr_par' dir='ltr' id='par_1_72' title="bbox 2418 1239 4018 1314">
     <span class='ocr_line' id='line_1_72' title="bbox 2418 1239 4018 1314; baseline -0.004 -14"><span class='ocrx_word' id='word_1_496' title='bbox 2418 1245 2643 1301; x_wconf 84' lang='lat' dir='ltr'><strong>Fructus</strong></span> <span class='ocrx_word' id='word_1_497' title='bbox 2669 1257 2837 1299; x_wconf 82' lang='lat' dir='ltr'><strong>autem</strong></span> <span class='ocrx_word' id='word_1_498' title='bbox 2861 1245 3088 1314; x_wconf 83' lang='lat' dir='ltr'><strong>Spiritus</strong></span> <span class='ocrx_word' id='word_1_499' title='bbox 3117 1253 3189 1298; x_wconf 82' lang='lat' dir='ltr'><strong>est</strong></span> <span class='ocrx_word' id='word_1_500' title='bbox 3215 1243 3424 1307; x_wconf 82' lang='lat' dir='ltr'><strong>caritas,</strong></span> <span class='ocrx_word' id='word_1_501' title='bbox 3448 1241 3715 1313; x_wconf 79' lang='lat' dir='ltr'><strong>gaudium,</strong></span> <span class='ocrx_word' id='word_1_502' title='bbox 3741 1257 3846 1310; x_wconf 82' lang='lat' dir='ltr'><strong>paa:</strong></span> <span class='ocrx_word' id='word_1_503' title='bbox 3874 1239 4018 1309; x_wconf 78' lang='lat' dir='ltr'><strong>(Gal.</strong></span> 
     </span>
    </p>
   </div>
   <div class='ocr_carea' id='block_1_73' title="bbox 2418 1331 4021 1406">
    <p class='ocr_par' dir='ltr' id='par_1_73' title="bbox 2418 1331 4021 1406">
     <span class='ocr_line' id='line_1_73' title="bbox 2418 1331 4021 1406; baseline -0.006 -13"><span class='ocrx_word' id='word_1_504' title='bbox 2418 1337 2473 1393; x_wconf 85' lang='lat'><strong>5.</strong></span> <span class='ocrx_word' id='word_1_505' title='bbox 2501 1335 2617 1406; x_wconf 73' lang='grc'><strong>22).</strong></span> <span class='ocrx_word' id='word_1_506' title='bbox 2648 1336 2781 1391; x_wconf 80' lang='lat' dir='ltr'><strong>Vide</strong></span> <span class='ocrx_word' id='word_1_507' title='bbox 2810 1343 3006 1405; x_wconf 90' lang='lat' dir='ltr'><strong>quanta</strong></span> <span class='ocrx_word' id='word_1_508' title='bbox 3049 1335 3119 1388; x_wconf 89' lang='lat' dir='ltr'><strong>sit</strong></span> <span class='ocrx_word' id='word_1_509' title='bbox 3161 1331 3433 1388; x_wconf 88' lang='lat' dir='ltr'><strong>accuratio</strong></span> <span class='ocrx_word' id='word_1_510' title='bbox 3476 1331 3528 1385; x_wconf 91' lang='lat' dir='ltr'><strong>in</strong></span> <span class='ocrx_word' id='word_1_511' title='bbox 3559 1332 3737 1385; x_wconf 90' lang='lat' dir='ltr'><strong>verbis</strong></span> <span class='ocrx_word' id='word_1_512' title='bbox 3757 1371 3772 1396; x_wconf 95' lang='lat'><strong>,</strong></span> <span class='ocrx_word' id='word_1_513' title='bbox 3820 1339 4021 1401; x_wconf 78' lang='lat' dir='ltr'><strong>quanta</strong></span> 
     </span>
    </p>
   </div>
   <div class='ocr_carea' id='block_1_74' title="bbox 2419 1420 4023 1493">
    <p class='ocr_par' dir='ltr' id='par_1_74' title="bbox 2419 1420 4023 1493">
     <span class='ocr_line' id='line_1_74' title="bbox 2419 1420 4023 1493; baseline -0.007 -9"><span class='ocrx_word' id='word_1_514' title='bbox 2419 1429 2472 1484; x_wconf 93' lang='lat' dir='ltr'><strong>in</strong></span> <span class='ocrx_word' id='word_1_515' title='bbox 2515 1429 2757 1484; x_wconf 86' lang='lat' dir='ltr'><strong>doctrina</strong></span> <span class='ocrx_word' id='word_1_516' title='bbox 2786 1425 3159 1482; x_wconf 89' lang='lat' dir='ltr'><strong>convenientia</strong></span> <span class='ocrx_word' id='word_1_517' title='bbox 3191 1441 3206 1477; x_wconf 87' lang='lat'><strong>:</strong></span> <span class='ocrx_word' id='word_1_518' title='bbox 3239 1422 3498 1493; x_wconf 74' lang='lat' dir='ltr'><strong>praemisit</strong></span> <span class='ocrx_word' id='word_1_519' title='bbox 3541 1420 3818 1476; x_wconf 88' lang='lat' dir='ltr'><strong>caritatem</strong></span> <span class='ocrx_word' id='word_1_520' title='bbox 3843 1461 3858 1485; x_wconf 95' lang='lat'><strong>,</strong></span> <span class='ocrx_word' id='word_1_521' title='bbox 3909 1428 4023 1474; x_wconf 89' lang='lat' dir='ltr'><strong>tum</strong></span> 
     </span>
    </p>
   </div>
   <div class='ocr_carea' id='block_1_75' title="bbox 2420 1510 4027 1590">
    <p class='ocr_par' dir='ltr' id='par_1_75' title="bbox 2420 1510 4027 1590">
     <span class='ocr_line' id='line_1_75' title="bbox 2420 1510 4027 1590; baseline -0.007 -15"><span class='ocrx_word' id='word_1_522' title='bbox 2420 1521 2674 1590; x_wconf 89' lang='lat' dir='ltr'><strong>deinceps</strong></span> <span class='ocrx_word' id='word_1_523' title='bbox 2698 1533 2762 1573; x_wconf 89' lang='lat' dir='ltr'><strong>ea</strong></span> <span class='ocrx_word' id='word_1_524' title='bbox 2791 1533 2910 1587; x_wconf 69' lang='lat' dir='ltr'><strong>qua:</strong></span> <span class='ocrx_word' id='word_1_525' title='bbox 2933 1523 3338 1586; x_wconf 90' lang='lat' dir='ltr'><strong>consequuntur</strong></span> <span class='ocrx_word' id='word_1_526' title='bbox 3365 1511 3806 1567; x_wconf 86' lang='lat' dir='ltr'><strong>commemoravit</strong></span> <span class='ocrx_word' id='word_1_527' title='bbox 3834 1529 3848 1564; x_wconf 90' lang='lat'><strong>:</strong></span> <span class='ocrx_word' id='word_1_528' title='bbox 3877 1510 4027 1564; x_wconf 88' lang='lat' dir='ltr'><strong>radi—</strong></span> 
     </span>
    </p>
   </div>
   <div class='ocr_carea' id='block_1_76' title="bbox 2421 1601 4022 1674">
    <p class='ocr_par' dir='ltr' id='par_1_76' title="bbox 2421 1601 4022 1674">
     <span class='ocr_line' id='line_1_76' title="bbox 2421 1601 4022 1674; baseline -0.007 -8"><span class='ocrx_word' id='word_1_529' title='bbox 2421 1627 2538 1668; x_wconf 89' lang='lat' dir='ltr'><strong>cem</strong></span> <span class='ocrx_word' id='word_1_530' title='bbox 2565 1611 2703 1674; x_wconf 88' lang='lat' dir='ltr'><strong>fixit,</strong></span> <span class='ocrx_word' id='word_1_531' title='bbox 2727 1624 2791 1663; x_wconf 92' lang='lat' dir='ltr'><strong>ac</strong></span> <span class='ocrx_word' id='word_1_532' title='bbox 2812 1607 3009 1663; x_wconf 88' lang='lat' dir='ltr'><strong>deinde</strong></span> <span class='ocrx_word' id='word_1_533' title='bbox 3037 1605 3266 1661; x_wconf 91' lang='lat' dir='ltr'><strong>fructum</strong></span> <span class='ocrx_word' id='word_1_534' title='bbox 3296 1603 3583 1668; x_wconf 89' lang='lat' dir='ltr'><strong>indicavit;</strong></span> <span class='ocrx_word' id='word_1_535' title='bbox 3611 1601 4022 1656; x_wconf 85' lang='lat' dir='ltr'><strong>fundamentum</strong></span> 
     </span>
    </p>
   </div>
   <div class='ocr_carea' id='block_1_77' title="bbox 2417 1691 4026 1772">
    <p class='ocr_par' dir='ltr' id='par_1_77' title="bbox 2417 1691 4026 1772">
     <span class='ocr_line' id='line_1_77' title="bbox 2417 1691 4026 1772; baseline -0.009 -15"><span class='ocrx_word' id='word_1_536' title='bbox 2417 1702 2580 1772; x_wconf 90' lang='lat' dir='ltr'><strong>jecit,</strong></span> <span class='ocrx_word' id='word_1_537' title='bbox 2625 1714 2689 1754; x_wconf 90' lang='lat' dir='ltr'><strong>ac</strong></span> <span class='ocrx_word' id='word_1_538' title='bbox 2713 1698 2908 1754; x_wconf 91' lang='lat' dir='ltr'><strong>deinde</strong></span> <span class='ocrx_word' id='word_1_539' title='bbox 2932 1696 3215 1752; x_wconf 64' lang='lat' dir='ltr'><strong>editicium</strong></span> <span class='ocrx_word' id='word_1_540' title='bbox 3246 1693 3533 1764; x_wconf 87' lang='lat' dir='ltr'><strong>imposuit;</strong></span> <span class='ocrx_word' id='word_1_541' title='bbox 3575 1707 3608 1747; x_wconf 91' lang='lat' dir='ltr'><strong>a</strong></span> <span class='ocrx_word' id='word_1_542' title='bbox 3633 1693 3778 1747; x_wconf 89' lang='lat' dir='ltr'><strong>fonte</strong></span> <span class='ocrx_word' id='word_1_543' title='bbox 3813 1691 4026 1745; x_wconf 85' lang='lat' dir='ltr'><strong>initium</strong></span> 
     </span>
    </p>
   </div>
   <div class='ocr_carea' id='block_1_78' title="bbox 2421 1783 4027 1859">
    <p class='ocr_par' dir='ltr' id='par_1_78' title="bbox 2421 1783 4027 1859">
     <span class='ocr_line' id='line_1_78' title="bbox 2421 1783 4027 1859; baseline -0.008 -11"><span class='ocrx_word' id='word_1_544' title='bbox 2421 1793 2592 1859; x_wconf 91' lang='lat' dir='ltr'><strong>duxit,</strong></span> <span class='ocrx_word' id='word_1_545' title='bbox 2623 1801 2678 1847; x_wconf 92' lang='lat' dir='ltr'><strong>et</strong></span> <span class='ocrx_word' id='word_1_546' title='bbox 2708 1805 2834 1845; x_wconf 87' lang='lat' dir='ltr'><strong>mox</strong></span> <span class='ocrx_word' id='word_1_547' title='bbox 2861 1789 2929 1844; x_wconf 87' lang='lat' dir='ltr'><strong>ad</strong></span> <span class='ocrx_word' id='word_1_548' title='bbox 2959 1789 3150 1843; x_wconf 84' lang='lat' dir='ltr'><strong>fluvios</strong></span> <span class='ocrx_word' id='word_1_549' title='bbox 3175 1786 3413 1842; x_wconf 86' lang='lat' dir='ltr'><strong>devenit.</strong></span> <span class='ocrx_word' id='word_1_550' title='bbox 3444 1785 3563 1839; x_wconf 85' lang='lat' dir='ltr'><strong>Non</strong></span> <span class='ocrx_word' id='word_1_551' title='bbox 3602 1784 3745 1839; x_wconf 93' lang='lat' dir='ltr'><strong>enim</strong></span> <span class='ocrx_word' id='word_1_552' title='bbox 3775 1783 3893 1838; x_wconf 82' lang='lat' dir='ltr'><strong>fieri</strong></span> <span class='ocrx_word' id='word_1_553' title='bbox 3930 1797 4027 1851; x_wconf 88' lang='lat' dir='ltr'><strong>po-</strong></span> 
     </span>
    </p>
   </div>
   <div class='ocr_carea' id='block_1_79' title="bbox 2423 1874 4026 1952">
    <p class='ocr_par' dir='ltr' id='par_1_79' title="bbox 2423 1874 4026 1952">
     <span class='ocr_line' id='line_1_79' title="bbox 2423 1874 4026 1952; baseline -0.008 -14"><span class='ocrx_word' id='word_1_554' title='bbox 2423 1892 2562 1949; x_wconf 86' lang='lat' dir='ltr'><strong>test,</strong></span> <span class='ocrx_word' id='word_1_555' title='bbox 2593 1894 2649 1938; x_wconf 90' lang='lat' dir='ltr'><strong>ut</strong></span> <span class='ocrx_word' id='word_1_556' title='bbox 2689 1881 2865 1952; x_wconf 87' lang='lat' dir='ltr'><strong>gaudii</strong></span> <span class='ocrx_word' id='word_1_557' title='bbox 2913 1878 3135 1934; x_wconf 86' lang='lat' dir='ltr'><strong>materia</strong></span> <span class='ocrx_word' id='word_1_558' title='bbox 3183 1891 3282 1932; x_wconf 90' lang='lat' dir='ltr'><strong>nos</strong></span> <span class='ocrx_word' id='word_1_559' title='bbox 3309 1883 3681 1939; x_wconf 83' lang='lat' dir='ltr'><strong>commoveat,</strong></span> <span class='ocrx_word' id='word_1_560' title='bbox 3714 1874 4026 1944; x_wconf 81' lang='lat' dir='ltr'><strong>priusquam</strong></span> 
     </span>
    </p>
   </div>
   <div class='ocr_carea' id='block_1_80' title="bbox 2423 1963 4028 2044">
    <p class='ocr_par' dir='ltr' id='par_1_80' title="bbox 2423 1963 4028 2044">
     <span class='ocr_line' id='line_1_80' title="bbox 2423 1963 4028 2044; baseline -0.009 -14"><span class='ocrx_word' id='word_1_561' title='bbox 2423 1977 2649 2031; x_wconf 89' lang='lat' dir='ltr'><strong>aliorum</strong></span> <span class='ocrx_word' id='word_1_562' title='bbox 2676 1974 3086 2044; x_wconf 80' lang='lat' dir='ltr'><strong>prosperitatem</strong></span> <span class='ocrx_word' id='word_1_563' title='bbox 3119 1977 3356 2026; x_wconf 90' lang='lat' dir='ltr'><strong>nostram</strong></span> <span class='ocrx_word' id='word_1_564' title='bbox 3386 1968 3649 2024; x_wconf 87' lang='lat' dir='ltr'><strong>ducamus</strong></span> <span class='ocrx_word' id='word_1_565' title='bbox 3669 2006 3685 2032; x_wconf 91' lang='lat'><strong>,</strong></span> <span class='ocrx_word' id='word_1_566' title='bbox 3714 1973 3767 2020; x_wconf 88' lang='lat' dir='ltr'><strong>et</strong></span> <span class='ocrx_word' id='word_1_567' title='bbox 3795 1963 4028 2033; x_wconf 89' lang='lat' dir='ltr'><strong>proximi</strong></span> 
     </span>
    </p>
   </div>
   <div class='ocr_carea' id='block_1_81' title="bbox 2425 2056 4031 2136">
    <p class='ocr_par' dir='ltr' id='par_1_81' title="bbox 2425 2056 4031 2136">
     <span class='ocr_line' id='line_1_81' title="bbox 2425 2056 4031 2136; baseline -0.007 -16"><span class='ocrx_word' id='word_1_568' title='bbox 2425 2067 2566 2123; x_wconf 76' lang='lat' dir='ltr'><strong>bona</strong></span> <span class='ocrx_word' id='word_1_569' title='bbox 2598 2065 2810 2136; x_wconf 87' lang='lat' dir='ltr'><strong>propria</strong></span> <span class='ocrx_word' id='word_1_570' title='bbox 2843 2071 3190 2134; x_wconf 88' lang='lat' dir='ltr'><strong>reputemus;</strong></span> <span class='ocrx_word' id='word_1_571' title='bbox 3225 2061 3340 2117; x_wconf 64' lang='lat' dir='ltr'><strong>haec</strong></span> <span class='ocrx_word' id='word_1_572' title='bbox 3365 2074 3495 2115; x_wconf 89' lang='lat' dir='ltr'><strong>vero</strong></span> <span class='ocrx_word' id='word_1_573' title='bbox 3524 2073 3630 2114; x_wconf 92' lang='lat' dir='ltr'><strong>non</strong></span> <span class='ocrx_word' id='word_1_574' title='bbox 3659 2056 3872 2111; x_wconf 91' lang='lat' dir='ltr'><strong>aliunde</strong></span> <span class='ocrx_word' id='word_1_575' title='bbox 3906 2072 4031 2126; x_wconf 86' lang='lat' dir='ltr'><strong>pro-</strong></span> 
     </span>
    </p>
   </div>
   <div class='ocr_carea' id='block_1_82' title="bbox 2427 2149 4030 2226">
    <p class='ocr_par' dir='ltr' id='par_1_82' title="bbox 2427 2149 4030 2226">
     <span class='ocr_line' id='line_1_82' title="bbox 2427 2149 4030 2226; baseline -0.009 -13"><span class='ocrx_word' id='word_1_576' title='bbox 2427 2173 2642 2213; x_wconf 81' lang='lat' dir='ltr'><strong>manare</strong></span> <span class='ocrx_word' id='word_1_577' title='bbox 2679 2165 2880 2226; x_wconf 90' lang='lat' dir='ltr'><strong>queunt</strong></span> <span class='ocrx_word' id='word_1_578' title='bbox 2910 2169 3069 2226; x_wconf 88' lang='lat' dir='ltr'><strong>quam</strong></span> <span class='ocrx_word' id='word_1_579' title='bbox 3115 2153 3257 2224; x_wconf 86' lang='lat' dir='ltr'><strong>quod</strong></span> <span class='ocrx_word' id='word_1_580' title='bbox 3287 2152 3526 2207; x_wconf 89' lang='lat' dir='ltr'><strong>caritatis</strong></span> <span class='ocrx_word' id='word_1_581' title='bbox 3554 2151 3632 2204; x_wconf 83' lang='lat' dir='ltr'><strong>vis</strong></span> <span class='ocrx_word' id='word_1_582' title='bbox 3664 2149 4030 2219; x_wconf 84' lang='lat' dir='ltr'><strong>praevaluerit,</strong></span> 
     </span>
    </p>
   </div>
   <div class='ocr_carea' id='block_1_83' title="bbox 2427 2241 4035 2318">
    <p class='ocr_par' dir='ltr' id='par_1_83' title="bbox 2427 2241 4035 2318">
     <span class='ocr_line' id='line_1_83' title="bbox 2427 2241 4035 2318; baseline -0.006 -14"><span class='ocrx_word' id='word_1_583' title='bbox 2427 2259 2587 2318; x_wconf 83' lang='lat' dir='ltr'><strong>atque</strong></span> <span class='ocrx_word' id='word_1_584' title='bbox 2617 2249 2944 2302; x_wconf 88' lang='lat' dir='ltr'><strong>dominatus.</strong></span> <span class='ocrx_word' id='word_1_585' title='bbox 2990 2245 3200 2301; x_wconf 86' lang='lat' dir='ltr'><strong>Caritas</strong></span> <span class='ocrx_word' id='word_1_586' title='bbox 3229 2244 3382 2299; x_wconf 79' lang='lat' dir='ltr'><strong>radix</strong></span> <span class='ocrx_word' id='word_1_587' title='bbox 3413 2252 3496 2298; x_wconf 90' lang='lat' dir='ltr'><strong>est</strong></span> <span class='ocrx_word' id='word_1_588' title='bbox 3527 2251 3580 2296; x_wconf 90' lang='lat' dir='ltr'><strong>et</strong></span> <span class='ocrx_word' id='word_1_589' title='bbox 3607 2241 3726 2296; x_wconf 88' lang='lat' dir='ltr'><strong>fons</strong></span> <span class='ocrx_word' id='word_1_590' title='bbox 3751 2251 4035 2309; x_wconf 87' lang='lat' dir='ltr'><strong>materque</strong></span> 
     </span>
    </p>
   </div>
   <div class='ocr_carea' id='block_1_84' title="bbox 2429 2331 4035 2404">
    <p class='ocr_par' dir='ltr' id='par_1_84' title="bbox 2429 2331 4035 2404">
     <span class='ocr_line' id='line_1_84' title="bbox 2429 2331 4035 2404; baseline -0.007 -9"><span class='ocrx_word' id='word_1_591' title='bbox 2429 2351 2742 2395; x_wconf 89' lang='lat' dir='ltr'><strong>cunctorum</strong></span> <span class='ocrx_word' id='word_1_592' title='bbox 2790 2339 3102 2392; x_wconf 89' lang='lat' dir='ltr'><strong>bonorum:</strong></span> <span class='ocrx_word' id='word_1_593' title='bbox 3140 2336 3338 2392; x_wconf 90' lang='lat' dir='ltr'><strong>etenim</strong></span> <span class='ocrx_word' id='word_1_594' title='bbox 3386 2344 3655 2404; x_wconf 87' lang='lat' dir='ltr'><strong>tamquam</strong></span> <span class='ocrx_word' id='word_1_595' title='bbox 3701 2331 3854 2386; x_wconf 87' lang='lat' dir='ltr'><strong>radix</strong></span> <span class='ocrx_word' id='word_1_596' title='bbox 3903 2346 4035 2385; x_wconf 86' lang='lat' dir='ltr'><strong>sex-</strong></span> 
     </span>
    </p>
   </div>
   <div class='ocr_carea' id='block_1_85' title="bbox 2429 2420 4038 2494">
    <p class='ocr_par' dir='ltr' id='par_1_85' title="bbox 2429 2420 4038 2494">
     <span class='ocr_line' id='line_1_85' title="bbox 2429 2420 4038 2494; baseline -0.006 -10"><span class='ocrx_word' id='word_1_597' title='bbox 2429 2441 2614 2486; x_wconf 86' lang='lat' dir='ltr'><strong>centos</strong></span> <span class='ocrx_word' id='word_1_598' title='bbox 2643 2431 2898 2482; x_wconf 88' lang='lat' dir='ltr'><strong>virtutum</strong></span> <span class='ocrx_word' id='word_1_599' title='bbox 2928 2440 3106 2480; x_wconf 90' lang='lat' dir='ltr'><strong>ramos</strong></span> <span class='ocrx_word' id='word_1_600' title='bbox 3150 2425 3448 2494; x_wconf 88' lang='lat' dir='ltr'><strong>germinat,</strong></span> <span class='ocrx_word' id='word_1_601' title='bbox 3483 2421 3636 2493; x_wconf 88' lang='lat' dir='ltr'><strong>quasi</strong></span> <span class='ocrx_word' id='word_1_602' title='bbox 3682 2420 3801 2474; x_wconf 81' lang='lat' dir='ltr'><strong>fons</strong></span> <span class='ocrx_word' id='word_1_603' title='bbox 3831 2420 4038 2474; x_wconf 69' lang='lat' dir='ltr'><strong>multas</strong></span> 
     </span>
    </p>
   </div>
   <div class='ocr_carea' id='block_1_86' title="bbox 2431 2512 4038 2590">
    <p class='ocr_par' dir='ltr' id='par_1_86' title="bbox 2431 2512 4038 2590">
     <span class='ocr_line' id='line_1_86' title="bbox 2431 2512 4038 2590; baseline -0.006 -15"><span class='ocrx_word' id='word_1_604' title='bbox 2431 2523 2613 2577; x_wconf 88' lang='lat' dir='ltr'><strong>latices</strong></span> <span class='ocrx_word' id='word_1_605' title='bbox 2656 2519 2957 2590; x_wconf 81' lang='lat' dir='ltr'><strong>profundit,</strong></span> <span class='ocrx_word' id='word_1_606' title='bbox 3001 2524 3056 2572; x_wconf 90' lang='lat' dir='ltr'><strong>et</strong></span> <span class='ocrx_word' id='word_1_607' title='bbox 3085 2525 3145 2570; x_wconf 92' lang='lat' dir='ltr'><strong>ut</strong></span> <span class='ocrx_word' id='word_1_608' title='bbox 3172 2524 3344 2570; x_wconf 85' lang='lat' dir='ltr'><strong>mater</strong></span> <span class='ocrx_word' id='word_1_609' title='bbox 3368 2516 3576 2585; x_wconf 88' lang='lat' dir='ltr'><strong>gremio</strong></span> <span class='ocrx_word' id='word_1_610' title='bbox 3601 2527 3699 2567; x_wconf 92' lang='lat' dir='ltr'><strong>suo</strong></span> <span class='ocrx_word' id='word_1_611' title='bbox 3722 2512 3788 2566; x_wconf 90' lang='lat' dir='ltr'><strong>ad</strong></span> <span class='ocrx_word' id='word_1_612' title='bbox 3818 2526 3879 2566; x_wconf 90' lang='lat' dir='ltr'><strong>se</strong></span> <span class='ocrx_word' id='word_1_613' title='bbox 3904 2526 4038 2565; x_wconf 88' lang='lat' dir='ltr'><strong>con-</strong></span> 
     </span>
    </p>
   </div>
   <div class='ocr_carea' id='block_1_87' title="bbox 2430 2601 4038 2682">
    <p class='ocr_par' dir='ltr' id='par_1_87' title="bbox 2430 2601 4038 2682">
     <span class='ocr_line' id='line_1_87' title="bbox 2430 2601 4038 2682; baseline -0.005 -17"><span class='ocrx_word' id='word_1_614' title='bbox 2430 2611 2693 2682; x_wconf 88' lang='lat' dir='ltr'><strong>fugientes</strong></span> <span class='ocrx_word' id='word_1_615' title='bbox 2719 2619 2864 2663; x_wconf 90' lang='lat' dir='ltr'><strong>arcte</strong></span> <span class='ocrx_word' id='word_1_616' title='bbox 2891 2607 3289 2677; x_wconf 84' lang='lat' dir='ltr'><strong>complectitur.</strong></span> <span class='ocrx_word' id='word_1_617' title='bbox 3321 2604 3474 2671; x_wconf 87' lang='lat' dir='ltr'><strong>Quod</strong></span> <span class='ocrx_word' id='word_1_618' title='bbox 3505 2602 3723 2673; x_wconf 89' lang='lat' dir='ltr'><strong>quidem</strong></span> <span class='ocrx_word' id='word_1_619' title='bbox 3752 2616 3874 2656; x_wconf 91' lang='lat' dir='ltr'><strong>cum</strong></span> <span class='ocrx_word' id='word_1_620' title='bbox 3901 2601 4038 2657; x_wconf 81' lang='lat' dir='ltr'><strong>bea-</strong></span> 
     </span>
    </p>
   </div>
   <div class='ocr_carea' id='block_1_88' title="bbox 2433 2693 4041 2770">
    <p class='ocr_par' dir='ltr' id='par_1_88' title="bbox 2433 2693 4041 2770">
     <span class='ocr_line' id='line_1_88' title="bbox 2433 2693 4041 2770; baseline -0.008 -12"><span class='ocrx_word' id='word_1_621' title='bbox 2433 2714 2518 2758; x_wconf 91' lang='lat' dir='ltr'><strong>tus</strong></span> <span class='ocrx_word' id='word_1_622' title='bbox 2550 2703 2742 2756; x_wconf 80' lang='lat' dir='ltr'><strong>Paulus</strong></span> <span class='ocrx_word' id='word_1_623' title='bbox 2770 2699 2935 2770; x_wconf 88' lang='lat' dir='ltr'><strong>probe</strong></span> <span class='ocrx_word' id='word_1_624' title='bbox 2961 2707 3163 2763; x_wconf 88' lang='lat' dir='ltr'><strong>nosset,</strong></span> <span class='ocrx_word' id='word_1_625' title='bbox 3192 2696 3421 2751; x_wconf 85' lang='lat' dir='ltr'><strong>fructum</strong></span> <span class='ocrx_word' id='word_1_626' title='bbox 3441 2695 3676 2766; x_wconf 84' lang='lat' dir='ltr'><strong>Spiritus</strong></span> <span class='ocrx_word' id='word_1_627' title='bbox 3699 2708 3819 2748; x_wconf 88' lang='lat' dir='ltr'><strong>eam</strong></span> <span class='ocrx_word' id='word_1_628' title='bbox 3847 2693 4041 2764; x_wconf 89' lang='lat' dir='ltr'><strong>appel-</strong></span> 
     </span>
    </p>
   </div>
   <div class='ocr_carea' id='block_1_89' title="bbox 2434 2785 4039 2857">
    <p class='ocr_par' dir='ltr' id='par_1_89' title="bbox 2434 2785 4039 2857">
     <span class='ocr_line' id='line_1_89' title="bbox 2434 2785 4039 2857; baseline -0.006 -10"><span class='ocrx_word' id='word_1_629' title='bbox 2434 2794 2555 2849; x_wconf 82' lang='lat' dir='ltr'><strong>lavit</strong></span> <span class='ocrx_word' id='word_1_630' title='bbox 2595 2811 2605 2846; x_wconf 91' lang='lat'><strong>:</strong></span> <span class='ocrx_word' id='word_1_631' title='bbox 2640 2792 2764 2846; x_wconf 90' lang='lat' dir='ltr'><strong>alibi</strong></span> <span class='ocrx_word' id='word_1_632' title='bbox 2791 2805 2917 2845; x_wconf 88' lang='lat' dir='ltr'><strong>vero</strong></span> <span class='ocrx_word' id='word_1_633' title='bbox 2949 2798 3148 2843; x_wconf 89' lang='lat' dir='ltr'><strong>tantam</strong></span> <span class='ocrx_word' id='word_1_634' title='bbox 3175 2788 3367 2843; x_wconf 88' lang='lat' dir='ltr'><strong>detulit</strong></span> <span class='ocrx_word' id='word_1_635' title='bbox 3402 2789 3451 2842; x_wconf 90' lang='lat' dir='ltr'><strong>ei</strong></span> <span class='ocrx_word' id='word_1_636' title='bbox 3495 2785 3901 2857; x_wconf 74' lang='lat' dir='ltr'><strong>pmrogativant</strong></span> <span class='ocrx_word' id='word_1_637' title='bbox 3924 2825 3939 2850; x_wconf 94' lang='lat'><strong>,</strong></span> <span class='ocrx_word' id='word_1_638' title='bbox 3978 2793 4039 2838; x_wconf 95' lang='lat' dir='ltr'><strong>ut</strong></span> 
     </span>
    </p>
   </div>
   <div class='ocr_carea' id='block_1_90' title="bbox 2435 2875 4040 2955">
    <p class='ocr_par' dir='ltr' id='par_1_90' title="bbox 2435 2875 4040 2955">
     <span class='ocr_line' id='line_1_90' title="bbox 2435 2875 4040 2955; baseline -0.008 -15"><span class='ocrx_word' id='word_1_639' title='bbox 2435 2901 2553 2941; x_wconf 86' lang='lat' dir='ltr'><strong>eam</strong></span> <span class='ocrx_word' id='word_1_640' title='bbox 2585 2884 2717 2955; x_wconf 88' lang='lat' dir='ltr'><strong>legis</strong></span> <span class='ocrx_word' id='word_1_641' title='bbox 2763 2880 3144 2952; x_wconf 89' lang='lat' dir='ltr'><strong>plenitudinem</strong></span> <span class='ocrx_word' id='word_1_642' title='bbox 3190 2877 3515 2948; x_wconf 88' lang='lat' dir='ltr'><strong>appellarit:</strong></span> <span class='ocrx_word' id='word_1_643' title='bbox 3545 2875 3828 2941; x_wconf 71' lang='lat' dir='ltr'><strong>Plenitudo</strong></span> <span class='ocrx_word' id='word_1_644' title='bbox 3868 2876 4040 2940; x_wconf 88' lang='lat' dir='ltr'><strong>enim,</strong></span> 
     </span>
    </p>
   </div>
   <div class='ocr_carea' id='block_1_91' title="bbox 2438 2966 4042 3049">
    <p class='ocr_par' dir='ltr' id='par_1_91' title="bbox 2438 2966 4042 3049">
     <span class='ocr_line' id='line_1_91' title="bbox 2438 2966 4042 3049; baseline -0.008 -15"><span class='ocrx_word' id='word_1_645' title='bbox 2438 2979 2641 3049; x_wconf 90' lang='lat' dir='ltr'><strong>inquit,</strong></span> <span class='ocrx_word' id='word_1_646' title='bbox 2670 2977 2794 3046; x_wconf 73' lang='lat' dir='ltr'><strong>leg-is</strong></span> <span class='ocrx_word' id='word_1_647' title='bbox 2820 2983 2892 3029; x_wconf 84' lang='lat' dir='ltr'><strong>est</strong></span> <span class='ocrx_word' id='word_1_648' title='bbox 2923 2975 3109 3026; x_wconf 75' lang='lat' dir='ltr'><strong>caritas</strong></span> <span class='ocrx_word' id='word_1_649' title='bbox 3139 2972 3318 3040; x_wconf 88' lang='lat' dir='ltr'><strong>(Rom.</strong></span> <span class='ocrx_word' id='word_1_650' title='bbox 3346 2971 3432 3024; x_wconf 81' lang='grc'><strong>15.</strong></span> <span class='ocrx_word' id='word_1_651' title='bbox 3459 2967 3569 3040; x_wconf 85' lang='grc'><strong>10).</strong></span> <span class='ocrx_word' id='word_1_652' title='bbox 3601 2968 3893 3022; x_wconf 86' lang='lat' dir='ltr'><strong>Enimvero</strong></span> <span class='ocrx_word' id='word_1_653' title='bbox 3924 2966 4042 3037; x_wconf 81' lang='lat' dir='ltr'><strong>ipse</strong></span> 
     </span>
    </p>
   </div>
   <div class='ocr_carea' id='block_1_92' title="bbox 2440 3055 4044 3132">
    <p class='ocr_par' dir='ltr' id='par_1_92' title="bbox 2440 3055 4044 3132">
     <span class='ocr_line' id='line_1_92' title="bbox 2440 3055 4044 3132; baseline -0.01 -8"><span class='ocrx_word' id='word_1_654' title='bbox 2440 3070 2676 3124; x_wconf 88' lang='lat' dir='ltr'><strong>omnium</strong></span> <span class='ocrx_word' id='word_1_655' title='bbox 2706 3066 2961 3120; x_wconf 89' lang='lat' dir='ltr'><strong>Dominus</strong></span> <span class='ocrx_word' id='word_1_656' title='bbox 3004 3071 3275 3132; x_wconf 79' lang='lat' dir='ltr'><strong>tamquam</strong></span> <span class='ocrx_word' id='word_1_657' title='bbox 3315 3057 3728 3129; x_wconf 87' lang='lat' dir='ltr'><strong>descriptionem</strong></span> <span class='ocrx_word' id='word_1_658' title='bbox 3770 3055 4044 3111; x_wconf 83' lang='lat' dir='ltr'><strong>sufficien-</strong></span> 
     </span>
    </p>
   </div>
   <div class='ocr_carea' id='block_1_93' title="bbox 2443 3145 4047 3225">
    <p class='ocr_par' dir='ltr' id='par_1_93' title="bbox 2443 3145 4047 3225">
     <span class='ocr_line' id='line_1_93' title="bbox 2443 3145 4047 3225; baseline -0.009 -11"><span class='ocrx_word' id='word_1_659' title='bbox 2443 3155 2548 3214; x_wconf 87' lang='lat' dir='ltr'><strong>tem</strong></span> <span class='ocrx_word' id='word_1_660' title='bbox 2577 3167 2631 3213; x_wconf 89' lang='lat' dir='ltr'><strong>et</strong></span> <span class='ocrx_word' id='word_1_661' title='bbox 2661 3158 2766 3212; x_wconf 84' lang='lat' dir='ltr'><strong>fide</strong></span> <span class='ocrx_word' id='word_1_662' title='bbox 2795 3156 3016 3225; x_wconf 88' lang='lat' dir='ltr'><strong>dignum</strong></span> <span class='ocrx_word' id='word_1_663' title='bbox 3048 3153 3340 3221; x_wconf 81' lang='lat' dir='ltr'><strong>Specimcn,</strong></span> <span class='ocrx_word' id='word_1_664' title='bbox 3366 3160 3423 3204; x_wconf 92' lang='lat' dir='ltr'><strong>ut</strong></span> <span class='ocrx_word' id='word_1_665' title='bbox 3447 3149 3570 3219; x_wconf 89' lang='lat' dir='ltr'><strong>quis</strong></span> <span class='ocrx_word' id='word_1_666' title='bbox 3599 3162 3658 3202; x_wconf 88' lang='lat' dir='ltr'><strong>se</strong></span> <span class='ocrx_word' id='word_1_667' title='bbox 3687 3147 3857 3216; x_wconf 89' lang='lat' dir='ltr'><strong>ipsius</strong></span> <span class='ocrx_word' id='word_1_668' title='bbox 3882 3145 4047 3200; x_wconf 88' lang='lat' dir='ltr'><strong>disci-</strong></span> 
     </span>
    </p>
   </div>
   <div class='ocr_carea' id='block_1_94' title="bbox 2440 3240 4049 3322">
    <p class='ocr_par' dir='ltr' id='par_1_94' title="bbox 2440 3240 4049 3322">
     <span class='ocr_line' id='line_1_94' title="bbox 2440 3240 4049 3322; baseline -0.009 -15"><span class='ocrx_word' id='word_1_669' title='bbox 2440 3254 2621 3322; x_wconf 91' lang='lat' dir='ltr'><strong>pulum</strong></span> <span class='ocrx_word' id='word_1_670' title='bbox 2650 3249 2920 3318; x_wconf 88' lang='lat' dir='ltr'><strong>probaret,</strong></span> <span class='ocrx_word' id='word_1_671' title='bbox 2943 3260 3048 3300; x_wconf 90' lang='lat' dir='ltr'><strong>nou</strong></span> <span class='ocrx_word' id='word_1_672' title='bbox 3077 3242 3221 3298; x_wconf 91' lang='lat' dir='ltr'><strong>aliud</strong></span> <span class='ocrx_word' id='word_1_673' title='bbox 3251 3258 3407 3312; x_wconf 88' lang='lat' dir='ltr'><strong>quam</strong></span> <span class='ocrx_word' id='word_1_674' title='bbox 3436 3241 3578 3312; x_wconf 89' lang='lat' dir='ltr'><strong>quod</strong></span> <span class='ocrx_word' id='word_1_675' title='bbox 3604 3255 3633 3294; x_wconf 90' lang='lat' dir='ltr'><strong>a</strong></span> <span class='ocrx_word' id='word_1_676' title='bbox 3657 3240 3884 3294; x_wconf 86' lang='lat' dir='ltr'><strong>caritate</strong></span> <span class='ocrx_word' id='word_1_677' title='bbox 3909 3241 4049 3310; x_wconf 83' lang='lat' dir='ltr'><strong>peti-</strong></span> 
     </span>
    </p>
   </div>
   <div class='ocr_carea' id='block_1_95' title="bbox 2442 3330 4048 3412">
    <p class='ocr_par' dir='ltr' id='par_1_95' title="bbox 2442 3330 4048 3412">
     <span class='ocr_line' id='line_1_95' title="bbox 2442 3330 4048 3412; baseline -0.01 -14"><span class='ocrx_word' id='word_1_678' title='bbox 2442 3354 2560 3412; x_wconf 91' lang='lat' dir='ltr'><strong>tur,</strong></span> <span class='ocrx_word' id='word_1_679' title='bbox 2594 3341 2746 3396; x_wconf 86' lang='lat' dir='ltr'><strong>nobis</strong></span> <span class='ocrx_word' id='word_1_680' title='bbox 2791 3337 3098 3409; x_wconf 90' lang='lat' dir='ltr'><strong>pr0posuit,</strong></span> <span class='ocrx_word' id='word_1_681' title='bbox 3132 3350 3253 3390; x_wconf 92' lang='lat' dir='ltr'><strong>cum</strong></span> <span class='ocrx_word' id='word_1_682' title='bbox 3288 3332 3460 3388; x_wconf 84' lang='lat' dir='ltr'><strong>dixit:</strong></span> <span class='ocrx_word' id='word_1_683' title='bbox 3495 3330 3558 3384; x_wconf 83' lang='lat' dir='ltr'><strong>In</strong></span> <span class='ocrx_word' id='word_1_684' title='bbox 3607 3332 3701 3384; x_wconf 84' lang='lat' dir='ltr'><strong>hac</strong></span> <span class='ocrx_word' id='word_1_685' title='bbox 3740 3339 4048 3399; x_wconf 65' lang='lat' dir='ltr'><strong>cognoscent</strong></span> 
     </span>
    </p>
   </div>
   <div class='ocr_carea' id='block_1_96' title="bbox 2442 3423 4049 3501">
    <p class='ocr_par' dir='ltr' id='par_1_96' title="bbox 2442 3423 4049 3501">
     <span class='ocr_line' id='line_1_96' title="bbox 2442 3423 4049 3501; baseline -0.006 -13"><span class='ocrx_word' id='word_1_686' title='bbox 2442 3450 2645 3499; x_wconf 84' lang='lat' dir='ltr'><strong>omnes,</strong></span> <span class='ocrx_word' id='word_1_687' title='bbox 2679 3433 2798 3501; x_wconf 87' lang='lat' dir='ltr'><strong>quia</strong></span> <span class='ocrx_word' id='word_1_688' title='bbox 2828 3427 3068 3499; x_wconf 75' lang='lat' dir='ltr'><strong>discipuli</strong></span> <span class='ocrx_word' id='word_1_689' title='bbox 3109 3429 3207 3480; x_wconf 86' lang='lat' dir='ltr'><strong>mei</strong></span> <span class='ocrx_word' id='word_1_690' title='bbox 3249 3428 3398 3490; x_wconf 83' lang='lat' dir='ltr'><strong>estis,</strong></span> <span class='ocrx_word' id='word_1_691' title='bbox 3432 3428 3476 3479; x_wconf 90' lang='lat' dir='ltr'><strong>si</strong></span> <span class='ocrx_word' id='word_1_692' title='bbox 3507 3425 3822 3478; x_wconf 82' lang='lat' dir='ltr'><strong>dilectionem</strong></span> <span class='ocrx_word' id='word_1_693' title='bbox 3853 3423 4049 3478; x_wconf 75' lang='lat' dir='ltr'><strong>habue-</strong></span> 
     </span>
    </p>
   </div>
   <div class='ocr_carea' id='block_1_97' title="bbox 2441 3503 4047 3594">
    <p class='ocr_par' dir='ltr' id='par_1_97' title="bbox 2441 3503 4047 3594">
     <span class='ocr_line' id='line_1_97' title="bbox 2441 3503 4047 3594; baseline -0.006 -13"><span class='ocrx_word' id='word_1_694' title='bbox 2441 3503 2557 3581; x_wconf 75' lang='lat' dir='ltr'><strong>ritis</strong></span> <span class='ocrx_word' id='word_1_695' title='bbox 2585 3533 2652 3578; x_wconf 80' lang='lat' dir='ltr'><strong>act</strong></span> <span class='ocrx_word' id='word_1_696' title='bbox 2679 3524 2889 3577; x_wconf 76' lang='lat' dir='ltr'><strong>invicem</strong></span> <span class='ocrx_word' id='word_1_697' title='bbox 2912 3521 3089 3594; x_wconf 84' lang='lat' dir='ltr'><strong>(Joan.</strong></span> <span class='ocrx_word' id='word_1_698' title='bbox 3118 3520 3205 3574; x_wconf 72' lang='grc'><strong>15.</strong></span> <span class='ocrx_word' id='word_1_699' title='bbox 3233 3520 3348 3589; x_wconf 78' lang='grc'>55).</span> <span class='ocrx_word' id='word_1_700' title='bbox 3372 3517 3732 3585; x_wconf 86' lang='lat' dir='ltr'><strong>Quamobrem</strong></span> <span class='ocrx_word' id='word_1_701' title='bbox 3753 3515 3819 3571; x_wconf 91' lang='lat' dir='ltr'><strong>ad</strong></span> <span class='ocrx_word' id='word_1_702' title='bbox 3849 3518 4047 3586; x_wconf 69' lang='lat' dir='ltr'><strong>ipsam,</strong></span> 
     </span>
    </p>
   </div>
   <div class='ocr_carea' id='block_1_98' title="bbox 2444 3608 4052 3690">
    <p class='ocr_par' dir='ltr' id='par_1_98' title="bbox 2444 3608 4052 3690">
     <span class='ocr_line' id='line_1_98' title="bbox 2444 3608 4052 3690; baseline -0.008 -17"><span class='ocrx_word' id='word_1_703' title='bbox 2444 3633 2663 3690; x_wconf 72' lang='lat' dir='ltr'><strong>qumso,</strong></span> <span class='ocrx_word' id='word_1_704' title='bbox 2710 3616 3074 3684; x_wconf 79' lang='lat' dir='ltr'><strong>confugiamus</strong></span> <span class='ocrx_word' id='word_1_705' title='bbox 3102 3617 3325 3676; x_wconf 86' lang='lat' dir='ltr'><strong>omnes,</strong></span> <span class='ocrx_word' id='word_1_706' title='bbox 3357 3611 3513 3688; x_wconf 78' lang='lat' dir='ltr'><strong>eique</strong></span> <span class='ocrx_word' id='word_1_707' title='bbox 3543 3608 3953 3674; x_wconf 74' lang='lat' dir='ltr'><strong>adbtereamus,</strong></span> <span class='ocrx_word' id='word_1_708' title='bbox 3996 3617 4052 3661; x_wconf 90' lang='lat' dir='ltr'><strong>et</strong></span> 
     </span>
    </p>
   </div>
   <div class='ocr_carea' id='block_1_99' title="bbox 2445 3697 4049 3777">
    <p class='ocr_par' dir='ltr' id='par_1_99' title="bbox 2445 3697 4049 3777">
     <span class='ocr_line' id='line_1_99' title="bbox 2445 3697 4049 3777; baseline -0.009 -13"><span class='ocrx_word' id='word_1_709' title='bbox 2445 3724 2568 3764; x_wconf 90' lang='lat' dir='ltr'><strong>cum</strong></span> <span class='ocrx_word' id='word_1_710' title='bbox 2619 3709 2732 3777; x_wconf 85' lang='lat' dir='ltr'><strong>ipsa</strong></span> <span class='ocrx_word' id='word_1_711' title='bbox 2785 3705 3124 3760; x_wconf 85' lang='lat' dir='ltr'><strong>lestivitatem</strong></span> <span class='ocrx_word' id='word_1_712' title='bbox 3173 3701 3309 3755; x_wconf 87' lang='lat' dir='ltr'><strong>hanc</strong></span> <span class='ocrx_word' id='word_1_713' title='bbox 3355 3700 3701 3769; x_wconf 87' lang='lat' dir='ltr'><strong>excipiamus.</strong></span> <span class='ocrx_word' id='word_1_714' title='bbox 3749 3697 3851 3752; x_wconf 88' lang='lat' dir='ltr'><strong>Ubi</strong></span> <span class='ocrx_word' id='word_1_715' title='bbox 3903 3698 4049 3753; x_wconf 92' lang='lat' dir='ltr'><strong>enim</strong></span> 
     </span>
    </p>
   </div>
   <div class='ocr_carea' id='block_1_100' title="bbox 2448 3791 4050 3868">
    <p class='ocr_par' dir='ltr' id='par_1_100' title="bbox 2448 3791 4050 3868">
     <span class='ocr_line' id='line_1_100' title="bbox 2448 3791 4050 3868; baseline -0.008 -9"><span class='ocrx_word' id='word_1_716' title='bbox 2448 3805 2664 3868; x_wconf 88' lang='lat' dir='ltr'><strong>caritas,</strong></span> <span class='ocrx_word' id='word_1_717' title='bbox 2695 3801 2888 3855; x_wconf 76' lang='lat' dir='ltr'><strong>anima:</strong></span> <span class='ocrx_word' id='word_1_718' title='bbox 2913 3807 3129 3854; x_wconf 87' lang='lat' dir='ltr'><strong>cessant</strong></span> <span class='ocrx_word' id='word_1_719' title='bbox 3155 3795 3430 3859; x_wconf 83' lang='lat' dir='ltr'><strong>delectus;</strong></span> <span class='ocrx_word' id='word_1_720' title='bbox 3464 3793 3556 3847; x_wconf 91' lang='lat' dir='ltr'><strong>ubi</strong></span> <span class='ocrx_word' id='word_1_721' title='bbox 3588 3791 3785 3847; x_wconf 88' lang='lat' dir='ltr'><strong>caritas</strong></span> <span class='ocrx_word' id='word_1_722' title='bbox 3804 3792 3824 3822; x_wconf 84' lang='grc'>¹</span> <span class='ocrx_word' id='word_1_723' title='bbox 3843 3833 3859 3856; x_wconf 84' lang='grc'><em>,</em></span> <span class='ocrx_word' id='word_1_724' title='bbox 3890 3791 4050 3847; x_wconf 89' lang='lat' dir='ltr'><strong>alicui</strong></span> 
     </span>
    </p>
   </div>
   <div class='ocr_carea' id='block_1_101' title="bbox 2447 3882 4048 3956">
    <p class='ocr_par' dir='ltr' id='par_1_101' title="bbox 2447 3882 4048 3956">
     <span class='ocr_line' id='line_1_101' title="bbox 2447 3882 4048 3956; baseline -0.009 -4"><span class='ocrx_word' id='word_1_725' title='bbox 2447 3914 2477 3952; x_wconf 91' lang='lat' dir='ltr'><strong>a</strong></span> <span class='ocrx_word' id='word_1_726' title='bbox 2503 3897 2710 3951; x_wconf 87' lang='lat' dir='ltr'><strong>ratione</strong></span> <span class='ocrx_word' id='word_1_727' title='bbox 2748 3893 2942 3949; x_wconf 88' lang='lat' dir='ltr'><strong>mentis</strong></span> <span class='ocrx_word' id='word_1_728' title='bbox 2969 3891 3194 3947; x_wconf 91' lang='lat' dir='ltr'><strong>insultus</strong></span> <span class='ocrx_word' id='word_1_729' title='bbox 3219 3888 3387 3943; x_wconf 89' lang='lat' dir='ltr'><strong>sedati</strong></span> <span class='ocrx_word' id='word_1_730' title='bbox 3414 3895 3556 3941; x_wconf 91' lang='lat' dir='ltr'><strong>sunt.</strong></span> <span class='ocrx_word' id='word_1_731' title='bbox 3588 3882 3809 3951; x_wconf 80' lang='lat' dir='ltr'><strong>Caritas,</strong></span> <span class='ocrx_word' id='word_1_732' title='bbox 3853 3885 4048 3956; x_wconf 89' lang='lat' dir='ltr'><strong>inquit,</strong></span> 
     </span>
    </p>
   </div>
   <div class='ocr_carea' id='block_1_102' title="bbox 2452 3979 4054 4060">
    <p class='ocr_par' dir='ltr' id='par_1_102' title="bbox 2452 3979 4054 4060">
     <span class='ocr_line' id='line_1_102' title="bbox 2452 3979 4054 4060; baseline -0.008 -17"><span class='ocrx_word' id='word_1_733' title='bbox 2452 4007 2552 4044; x_wconf 83' lang='lat' dir='ltr'><strong>non</strong></span> <span class='ocrx_word' id='word_1_734' title='bbox 2594 3989 2699 4060; x_wconf 81' lang='lat' dir='ltr'><strong>agit</strong></span> <span class='ocrx_word' id='word_1_735' title='bbox 2744 4001 3044 4057; x_wconf 85' lang='lat' dir='ltr'><strong>perperam,</strong></span> <span class='ocrx_word' id='word_1_736' title='bbox 3090 3999 3192 4036; x_wconf 83' lang='lat' dir='ltr'><strong>non</strong></span> <span class='ocrx_word' id='word_1_737' title='bbox 3229 3981 3480 4051; x_wconf 82' lang='lat' dir='ltr'><strong>inﬂatur,</strong></span> <span class='ocrx_word' id='word_1_738' title='bbox 3523 3995 3627 4031; x_wconf 83' lang='lat' dir='ltr'><strong>non</strong></span> <span class='ocrx_word' id='word_1_739' title='bbox 3674 3987 3746 4031; x_wconf 87' lang='lat' dir='ltr'><strong>est</strong></span> <span class='ocrx_word' id='word_1_740' title='bbox 3781 3979 4054 4031; x_wconf 82' lang='lat' dir='ltr'><strong>ambitiosa</strong></span> 
     </span>
    </p>
   </div>
   <div class='ocr_carea' id='block_1_103' title="bbox 2456 4071 4051 4155">
    <p class='ocr_par' dir='ltr' id='par_1_103' title="bbox 2456 4071 4051 4155">
     <span class='ocr_line' id='line_1_103' title="bbox 2456 4071 4051 4155; baseline -0.009 -18"><span class='ocrx_word' id='word_1_741' title='bbox 2456 4082 2530 4155; x_wconf 90' lang='grc'><strong>(1.</strong></span> <span class='ocrx_word' id='word_1_742' title='bbox 2554 4082 2673 4137; x_wconf 90' lang='lat' dir='ltr'><strong>Cor.</strong></span> <span class='ocrx_word' id='word_1_743' title='bbox 2696 4082 2782 4136; x_wconf 78' lang='grc'><strong>13.</strong></span> <span class='ocrx_word' id='word_1_744' title='bbox 2802 4081 2854 4134; x_wconf 74' lang='grc'><strong>4.</strong></span> <span class='ocrx_word' id='word_1_745' title='bbox 2878 4075 2933 4148; x_wconf 82' lang='lat'><strong>5)</strong></span> <span class='ocrx_word' id='word_1_746' title='bbox 2960 4095 2972 4130; x_wconf 91' lang='lat'><strong>:</strong></span> <span class='ocrx_word' id='word_1_747' title='bbox 2998 4077 3194 4131; x_wconf 89' lang='lat' dir='ltr'><strong>caritas</strong></span> <span class='ocrx_word' id='word_1_748' title='bbox 3220 4075 3415 4128; x_wconf 90' lang='lat' dir='ltr'><strong>malum</strong></span> <span class='ocrx_word' id='word_1_749' title='bbox 3447 4072 3690 4141; x_wconf 91' lang='lat' dir='ltr'><strong>proximo</strong></span> <span class='ocrx_word' id='word_1_750' title='bbox 3719 4086 3824 4124; x_wconf 88' lang='lat' dir='ltr'><strong>non</strong></span> <span class='ocrx_word' id='word_1_751' title='bbox 3855 4071 4051 4134; x_wconf 80' lang='lat' dir='ltr'><strong>infert;</strong></span> 
     </span>
    </p>
   </div>
   <div class='ocr_carea' id='block_1_104' title="bbox 2454 4163 4055 4234">
    <p class='ocr_par' dir='ltr' id='par_1_104' title="bbox 2454 4163 4055 4234">
     <span class='ocr_line' id='line_1_104' title="bbox 2454 4163 4055 4234; baseline -0.007 -5"><span class='ocrx_word' id='word_1_752' title='bbox 2454 4175 2543 4229; x_wconf 89' lang='lat' dir='ltr'><strong>ubi</strong></span> <span class='ocrx_word' id='word_1_753' title='bbox 2573 4173 2767 4228; x_wconf 90' lang='lat' dir='ltr'><strong>caritas</strong></span> <span class='ocrx_word' id='word_1_754' title='bbox 2809 4169 3148 4233; x_wconf 89' lang='lat' dir='ltr'><strong>dominatur,</strong></span> <span class='ocrx_word' id='word_1_755' title='bbox 3194 4164 3438 4234; x_wconf 89' lang='lat' dir='ltr'><strong>nuspiam</strong></span> <span class='ocrx_word' id='word_1_756' title='bbox 3467 4163 3599 4217; x_wconf 79' lang='lat' dir='ltr'><strong>Cain</strong></span> <span class='ocrx_word' id='word_1_757' title='bbox 3640 4163 3920 4228; x_wconf 87' lang='lat' dir='ltr'><strong>cernitur,</strong></span> <span class='ocrx_word' id='word_1_758' title='bbox 3963 4163 4055 4232; x_wconf 91' lang='lat' dir='ltr'><strong>qui</strong></span> 
     </span>
    </p>
   </div>
   <div class='ocr_carea' id='block_1_105' title="bbox 2453 4253 4054 4320">
    <p class='ocr_par' dir='ltr' id='par_1_105' title="bbox 2453 4253 4054 4320">
     <span class='ocr_line' id='line_1_105' title="bbox 2453 4253 4054 4320; baseline -0.007 0"><span class='ocrx_word' id='word_1_759' title='bbox 2453 4265 2668 4320; x_wconf 86' lang='lat' dir='ltr'><strong>fratrem</strong></span> <span class='ocrx_word' id='word_1_760' title='bbox 2699 4262 2926 4318; x_wconf 91' lang='lat' dir='ltr'><strong>occidat.</strong></span> <span class='ocrx_word' id='word_1_761' title='bbox 2972 4260 3124 4316; x_wconf 89' lang='lat' dir='ltr'><strong>Tolle</strong></span> <span class='ocrx_word' id='word_1_762' title='bbox 3166 4256 3368 4312; x_wconf 87' lang='lat' dir='ltr'><strong>fontem</strong></span> <span class='ocrx_word' id='word_1_763' title='bbox 3397 4253 3647 4320; x_wconf 72' lang='lat' dir='ltr'><strong>invidiae,</strong></span> <span class='ocrx_word' id='word_1_764' title='bbox 3689 4262 3744 4308; x_wconf 90' lang='lat' dir='ltr'><strong>et</strong></span> <span class='ocrx_word' id='word_1_765' title='bbox 3783 4253 4054 4308; x_wconf 89' lang='lat' dir='ltr'><strong>malorum</strong></span> 
     </span>
    </p>
   </div>
   <div class='ocr_carea' id='block_1_106' title="bbox 2455 4343 4054 4413">
    <p class='ocr_par' dir='ltr' id='par_1_106' title="bbox 2455 4343 4054 4413">
     <span class='ocr_line' id='line_1_106' title="bbox 2455 4343 4054 4413; baseline -0.008 -1"><span class='ocrx_word' id='word_1_766' title='bbox 2455 4357 2693 4412; x_wconf 92' lang='lat' dir='ltr'><strong>omnium</strong></span> <span class='ocrx_word' id='word_1_767' title='bbox 2725 4354 2921 4408; x_wconf 86' lang='lat' dir='ltr'><strong>flumen</strong></span> <span class='ocrx_word' id='word_1_768' title='bbox 2948 4349 3240 4413; x_wconf 84' lang='lat' dir='ltr'><strong>sustulisti;</strong></span> <span class='ocrx_word' id='word_1_769' title='bbox 3273 4345 3526 4402; x_wconf 82' lang='lat' dir='ltr'><strong>exscinde</strong></span> <span class='ocrx_word' id='word_1_770' title='bbox 3553 4344 3822 4409; x_wconf 88' lang='lat' dir='ltr'><strong>radicem,</strong></span> <span class='ocrx_word' id='word_1_771' title='bbox 3852 4353 3909 4399; x_wconf 90' lang='lat' dir='ltr'><strong>et</strong></span> <span class='ocrx_word' id='word_1_772' title='bbox 3935 4343 4054 4399; x_wconf 84' lang='lat' dir='ltr'><strong>fru-</strong></span> 
     </span>
    </p>
   </div>
   <div class='ocr_carea' id='block_1_107' title="bbox 2454 4433 4056 4502">
    <p class='ocr_par' dir='ltr' id='par_1_107' title="bbox 2454 4433 4056 4502">
     <span class='ocr_line' id='line_1_107' title="bbox 2454 4433 4056 4502; baseline -0.007 0"><span class='ocrx_word' id='word_1_773' title='bbox 2454 4433 2596 4502; x_wconf 82' lang='lat' dir='ltr'><strong>etum</strong></span> <span class='ocrx_word' id='word_1_774' title='bbox 2640 4446 2794 4501; x_wconf 90' lang='lat' dir='ltr'><strong>simul</strong></span> <span class='ocrx_word' id='word_1_775' title='bbox 2839 4442 3134 4499; x_wconf 90' lang='lat' dir='ltr'><strong>exseidisti.</strong></span> <span class='ocrx_word' id='word_1_776' title='bbox 3181 4440 3308 4494; x_wconf 68' lang='lat' dir='ltr'><strong>lianc</strong></span> <span class='ocrx_word' id='word_1_777' title='bbox 3338 4452 3464 4492; x_wconf 88' lang='lat' dir='ltr'><strong>vero</strong></span> <span class='ocrx_word' id='word_1_778' title='bbox 3503 4451 3569 4490; x_wconf 91' lang='lat' dir='ltr'><strong>eo</strong></span> <span class='ocrx_word' id='word_1_779' title='bbox 3596 4436 3846 4490; x_wconf 84' lang='lat' dir='ltr'><strong>dicuntur</strong></span> <span class='ocrx_word' id='word_1_780' title='bbox 3875 4450 3906 4490; x_wconf 90' lang='lat' dir='ltr'><strong>a</strong></span> <span class='ocrx_word' id='word_1_781' title='bbox 3944 4450 4056 4501; x_wconf 86' lang='lat' dir='ltr'><strong>me,</strong></span> 
     </span>
    </p>
   </div>
   <div class='ocr_carea' id='block_1_108' title="bbox 2456 4525 4055 4609">
    <p class='ocr_par' dir='ltr' id='par_1_108' title="bbox 2456 4525 4055 4609">
     <span class='ocr_line' id='line_1_108' title="bbox 2456 4525 4055 4609; baseline -0.008 -16"><span class='ocrx_word' id='word_1_782' title='bbox 2456 4537 2596 4609; x_wconf 91' lang='lat' dir='ltr'><strong>quod</strong></span> <span class='ocrx_word' id='word_1_783' title='bbox 2623 4539 2689 4592; x_wconf 91' lang='lat' dir='ltr'><strong>de</strong></span> <span class='ocrx_word' id='word_1_784' title='bbox 2719 4537 2784 4590; x_wconf 90' lang='lat' dir='ltr'><strong>iis</strong></span> <span class='ocrx_word' id='word_1_785' title='bbox 2815 4535 2902 4606; x_wconf 91' lang='lat' dir='ltr'><strong>qui</strong></span> <span class='ocrx_word' id='word_1_786' title='bbox 2931 4533 3170 4588; x_wconf 89' lang='lat' dir='ltr'><strong>invident</strong></span> <span class='ocrx_word' id='word_1_787' title='bbox 3189 4574 3203 4597; x_wconf 91' lang='lat'><strong>,</strong></span> <span class='ocrx_word' id='word_1_788' title='bbox 3238 4529 3405 4599; x_wconf 86' lang='lat' dir='ltr'><strong>magis</strong></span> <span class='ocrx_word' id='word_1_789' title='bbox 3434 4530 3533 4581; x_wconf 91' lang='lat' dir='ltr'><strong>sim</strong></span> <span class='ocrx_word' id='word_1_790' title='bbox 3562 4525 3823 4586; x_wconf 72' lang='lat' dir='ltr'><strong>sollicitus</strong></span> <span class='ocrx_word' id='word_1_791' title='bbox 3843 4567 3860 4591; x_wconf 94' lang='lat'><strong>,</strong></span> <span class='ocrx_word' id='word_1_792' title='bbox 3891 4541 4055 4596; x_wconf 88' lang='lat' dir='ltr'><strong>quam</strong></span> 
     </span>
    </p>
   </div>
   <div class='ocr_carea' id='block_1_109' title="bbox 2457 4617 4058 4700">
    <p class='ocr_par' dir='ltr' id='par_1_109' title="bbox 2457 4617 4058 4700">
     <span class='ocr_line' id='line_1_109' title="bbox 2457 4617 4058 4700; baseline -0.009 -14"><span class='ocrx_word' id='word_1_793' title='bbox 2457 4630 2524 4686; x_wconf 93' lang='lat' dir='ltr'><strong>de</strong></span> <span class='ocrx_word' id='word_1_794' title='bbox 2548 4631 2611 4685; x_wconf 91' lang='lat' dir='ltr'><strong>iis</strong></span> <span class='ocrx_word' id='word_1_795' title='bbox 2635 4629 2826 4700; x_wconf 86' lang='lat' dir='ltr'><strong>quibus</strong></span> <span class='ocrx_word' id='word_1_796' title='bbox 2855 4626 3140 4682; x_wconf 88' lang='lat' dir='ltr'><strong>invidetur.</strong></span> <span class='ocrx_word' id='word_1_797' title='bbox 3171 4623 3248 4678; x_wconf 93' lang='lat' dir='ltr'><strong>Illi</strong></span> <span class='ocrx_word' id='word_1_798' title='bbox 3278 4622 3419 4675; x_wconf 85' lang='lat' dir='ltr'><strong>enim</strong></span> <span class='ocrx_word' id='word_1_799' title='bbox 3447 4625 3606 4684; x_wconf 91' lang='lat' dir='ltr'><strong>sunt,</strong></span> <span class='ocrx_word' id='word_1_800' title='bbox 3639 4618 3728 4688; x_wconf 91' lang='lat' dir='ltr'><strong>qui</strong></span> <span class='ocrx_word' id='word_1_801' title='bbox 3761 4617 4058 4672; x_wconf 90' lang='lat' dir='ltr'><strong>maximam</strong></span> 
     </span>
    </p>
   </div>
   <div class='ocr_carea' id='block_1_110' title="bbox 2459 4709 4058 4791">
    <p class='ocr_par' dir='ltr' id='par_1_110' title="bbox 2459 4709 4058 4791">
     <span class='ocr_line' id='line_1_110' title="bbox 2459 4709 4058 4791; baseline -0.009 -15"><span class='ocrx_word' id='word_1_802' title='bbox 2459 4722 2660 4777; x_wconf 79' lang='lat' dir='ltr'><strong>faciunt</strong></span> <span class='ocrx_word' id='word_1_803' title='bbox 2677 4722 2962 4791; x_wconf 87' lang='lat' dir='ltr'><strong>jacturam,</strong></span> <span class='ocrx_word' id='word_1_804' title='bbox 2988 4716 3316 4784; x_wconf 85' lang='lat' dir='ltr'><strong>multamque</strong></span> <span class='ocrx_word' id='word_1_805' title='bbox 3337 4711 3435 4765; x_wconf 90' lang='lat' dir='ltr'><strong>sibi</strong></span> <span class='ocrx_word' id='word_1_806' title='bbox 3457 4709 3749 4781; x_wconf 88' lang='lat' dir='ltr'><strong>perniciem</strong></span> <span class='ocrx_word' id='word_1_807' title='bbox 3772 4709 4058 4774; x_wconf 87' lang='lat' dir='ltr'><strong>invehunt;</strong></span> 
     </span>
    </p>
   </div>
   <div class='ocr_carea' id='block_1_111' title="bbox 2459 4801 4062 4884">
    <p class='ocr_par' dir='ltr' id='par_1_111' title="bbox 2459 4801 4062 4884">
     <span class='ocr_line' id='line_1_111' title="bbox 2459 4801 4062 4884; baseline -0.009 -13"><span class='ocrx_word' id='word_1_808' title='bbox 2459 4832 2582 4872; x_wconf 89' lang='lat' dir='ltr'><strong>nam</strong></span> <span class='ocrx_word' id='word_1_809' title='bbox 2624 4814 2726 4868; x_wconf 91' lang='lat' dir='ltr'><strong>illis</strong></span> <span class='ocrx_word' id='word_1_810' title='bbox 2753 4811 2970 4884; x_wconf 85' lang='lat' dir='ltr'><strong>quidem</strong></span> <span class='ocrx_word' id='word_1_811' title='bbox 3001 4808 3192 4880; x_wconf 90' lang='lat' dir='ltr'><strong>quibus</strong></span> <span class='ocrx_word' id='word_1_812' title='bbox 3224 4804 3492 4860; x_wconf 82' lang='lat' dir='ltr'><strong>invidetur</strong></span> <span class='ocrx_word' id='word_1_813' title='bbox 3513 4845 3527 4870; x_wconf 95' lang='lat'><strong>,</strong></span> <span class='ocrx_word' id='word_1_814' title='bbox 3568 4801 3695 4857; x_wconf 92' lang='lat' dir='ltr'><strong>illud</strong></span> <span class='ocrx_word' id='word_1_815' title='bbox 3720 4843 3734 4867; x_wconf 95' lang='lat'><strong>,</strong></span> <span class='ocrx_word' id='word_1_816' title='bbox 3764 4802 3810 4855; x_wconf 90' lang='lat' dir='ltr'><strong>si</strong></span> <span class='ocrx_word' id='word_1_817' title='bbox 3837 4802 4062 4870; x_wconf 87' lang='lat' dir='ltr'><strong>quidem</strong></span> 
     </span>
    </p>
   </div>
   <div class='ocr_carea' id='block_1_112' title="bbox 2462 4892 4064 4973">
    <p class='ocr_par' dir='ltr' id='par_1_112' title="bbox 2462 4892 4064 4973">
     <span class='ocr_line' id='line_1_112' title="bbox 2462 4892 4064 4973; baseline -0.011 -9"><span class='ocrx_word' id='word_1_818' title='bbox 2462 4909 2662 4973; x_wconf 90' lang='lat' dir='ltr'><strong>velint,</strong></span> <span class='ocrx_word' id='word_1_819' title='bbox 2713 4906 2988 4962; x_wconf 90' lang='lat' dir='ltr'><strong>materiam</strong></span> <span class='ocrx_word' id='word_1_820' title='bbox 3035 4902 3191 4956; x_wconf 79' lang='lat' dir='ltr'><strong>aﬂ&#39;ert</strong></span> <span class='ocrx_word' id='word_1_821' title='bbox 3236 4912 3578 4962; x_wconf 85' lang='lat' dir='ltr'><strong>coronarum,</strong></span> <span class='ocrx_word' id='word_1_822' title='bbox 3619 4895 3759 4965; x_wconf 88' lang='lat' dir='ltr'><strong>quod</strong></span> <span class='ocrx_word' id='word_1_823' title='bbox 3802 4892 4064 4948; x_wconf 82' lang='lat' dir='ltr'><strong>imidiatn</strong></span> 
     </span>
    </p>
   </div>
   <div class='ocr_carea' id='block_1_113' title="bbox 2463 4988 4064 5074">
    <p class='ocr_par' dir='ltr' id='par_1_113' title="bbox 2463 4988 4064 5074">
     <span class='ocr_line' id='line_1_113' title="bbox 2463 4988 4064 5074; baseline -0.011 -16"><span class='ocrx_word' id='word_1_824' title='bbox 2463 5003 2745 5074; x_wconf 87' lang='lat' dir='ltr'><strong>patiantur.</strong></span> <span class='ocrx_word' id='word_1_825' title='bbox 2796 5001 2874 5054; x_wconf 81' lang='lat' dir='ltr'><strong>Ae</strong></span> <span class='ocrx_word' id='word_1_826' title='bbox 2919 4997 3060 5062; x_wconf 88' lang='lat' dir='ltr'><strong>vide,</strong></span> <span class='ocrx_word' id='word_1_827' title='bbox 3102 5007 3306 5065; x_wconf 68' lang='lat' dir='ltr'><strong>qumso,</strong></span> <span class='ocrx_word' id='word_1_828' title='bbox 3354 5006 3460 5060; x_wconf 84' lang='lat' dir='ltr'><strong>quo</strong></span> <span class='ocrx_word' id='word_1_829' title='bbox 3505 5000 3661 5058; x_wconf 88' lang='lat' dir='ltr'><strong>pacto</strong></span> <span class='ocrx_word' id='word_1_830' title='bbox 3702 4989 3880 5055; x_wconf 90' lang='lat' dir='ltr'><strong>justus</strong></span> <span class='ocrx_word' id='word_1_831' title='bbox 3925 4988 4064 5041; x_wconf 75' lang='lat' dir='ltr'><strong>Abel</strong></span> 
     </span>
    </p>
   </div>
   <div class='ocr_carea' id='block_1_114' title="bbox 2462 5076 4062 5154">
    <p class='ocr_par' dir='ltr' id='par_1_114' title="bbox 2462 5076 4062 5154">
     <span class='ocr_line' id='line_1_114' title="bbox 2462 5076 4062 5154; baseline -0.013 -3"><span class='ocrx_word' id='word_1_832' title='bbox 2462 5095 2762 5151; x_wconf 87' lang='lat' dir='ltr'><strong>celebretur</strong></span> <span class='ocrx_word' id='word_1_833' title='bbox 2803 5088 3047 5144; x_wconf 90' lang='lat' dir='ltr'><strong>laudibus</strong></span> <span class='ocrx_word' id='word_1_834' title='bbox 3072 5127 3089 5154; x_wconf 89' lang='lat'><strong>,</strong></span> <span class='ocrx_word' id='word_1_835' title='bbox 3119 5095 3172 5139; x_wconf 87' lang='lat' dir='ltr'><strong>et</strong></span> <span class='ocrx_word' id='word_1_836' title='bbox 3214 5085 3266 5138; x_wconf 92' lang='lat' dir='ltr'><strong>in</strong></span> <span class='ocrx_word' id='word_1_837' title='bbox 3305 5082 3420 5137; x_wconf 81' lang='lat' dir='ltr'><strong>dies</strong></span> <span class='ocrx_word' id='word_1_838' title='bbox 3454 5078 3735 5149; x_wconf 79' lang='lat' dir='ltr'><strong>prznconiis</strong></span> <span class='ocrx_word' id='word_1_839' title='bbox 3778 5076 4062 5143; x_wconf 84' lang='lat' dir='ltr'><strong>eﬂ‘eratur,</strong></span> 
     </span>
    </p>
   </div>
   <div class='ocr_carea' id='block_1_115' title="bbox 2463 5168 4062 5256">
    <p class='ocr_par' dir='ltr' id='par_1_115' title="bbox 2463 5168 4062 5256">
     <span class='ocr_line' id='line_1_115' title="bbox 2463 5168 4062 5256; baseline -0.01 -18"><span class='ocrx_word' id='word_1_840' title='bbox 2463 5185 2604 5256; x_wconf 91' lang='lat' dir='ltr'><strong>quod</strong></span> <span class='ocrx_word' id='word_1_841' title='bbox 2635 5183 2796 5238; x_wconf 63' lang='lat' dir='ltr'><strong>caedis</strong></span> <span class='ocrx_word' id='word_1_842' title='bbox 2824 5194 2982 5236; x_wconf 84' lang='lat' dir='ltr'><strong>causa</strong></span> <span class='ocrx_word' id='word_1_843' title='bbox 3011 5176 3237 5233; x_wconf 87' lang='lat' dir='ltr'><strong>celebris</strong></span> <span class='ocrx_word' id='word_1_844' title='bbox 3277 5173 3508 5227; x_wconf 82' lang='lat' dir='ltr'><strong>nominis</strong></span> <span class='ocrx_word' id='word_1_845' title='bbox 3535 5168 3876 5225; x_wconf 84' lang='lat' dir='ltr'><strong>occasionem</strong></span> <span class='ocrx_word' id='word_1_846' title='bbox 3913 5180 4062 5222; x_wconf 87' lang='lat' dir='ltr'><strong>attu-</strong></span> 
     </span>
    </p>
   </div>
   <div class='ocr_carea' id='block_1_116' title="bbox 2464 5261 4067 5346">
    <p class='ocr_par' dir='ltr' id='par_1_116' title="bbox 2464 5261 4067 5346">
     <span class='ocr_line' id='line_1_116' title="bbox 2464 5261 4067 5346; baseline -0.014 -12"><span class='ocrx_word' id='word_1_847' title='bbox 2464 5279 2602 5334; x_wconf 91' lang='lat' dir='ltr'><strong>lerit.</strong></span> <span class='ocrx_word' id='word_1_848' title='bbox 2633 5280 2806 5346; x_wconf 89' lang='lat' dir='ltr'><strong>Atque</strong></span> <span class='ocrx_word' id='word_1_849' title='bbox 2843 5273 2931 5328; x_wconf 84' lang='lat' dir='ltr'><strong>hic</strong></span> <span class='ocrx_word' id='word_1_850' title='bbox 2967 5269 3180 5342; x_wconf 83' lang='lat' dir='ltr'><strong>quidem</strong></span> <span class='ocrx_word' id='word_1_851' title='bbox 3211 5275 3332 5339; x_wconf 89' lang='lat' dir='ltr'><strong>post</strong></span> <span class='ocrx_word' id='word_1_852' title='bbox 3367 5265 3571 5320; x_wconf 91' lang='lat' dir='ltr'><strong>obitum</strong></span> <span class='ocrx_word' id='word_1_853' title='bbox 3610 5261 3771 5316; x_wconf 88' lang='lat' dir='ltr'><strong>etiam</strong></span> <span class='ocrx_word' id='word_1_854' title='bbox 3816 5277 3912 5330; x_wconf 87' lang='lat' dir='ltr'><strong>per</strong></span> <span class='ocrx_word' id='word_1_855' title='bbox 3940 5277 4067 5315; x_wconf 64' lang='lat' dir='ltr'><strong>Silll-</strong></span> 
     </span>
    </p>
   </div>
   <div class='ocr_carea' id='block_1_117' title="bbox 2462 5356 4063 5444">
    <p class='ocr_par' dir='ltr' id='par_1_117' title="bbox 2462 5356 4063 5444">
     <span class='ocr_line' id='line_1_117' title="bbox 2462 5356 4063 5444; baseline -0.011 -17"><span class='ocrx_word' id='word_1_856' title='bbox 2462 5373 2675 5444; x_wconf 87' lang='lat' dir='ltr'><strong>guinem</strong></span> <span class='ocrx_word' id='word_1_857' title='bbox 2705 5371 2958 5424; x_wconf 87' lang='lat' dir='ltr'><strong>audacter</strong></span> <span class='ocrx_word' id='word_1_858' title='bbox 3002 5364 3236 5433; x_wconf 88' lang='lat' dir='ltr'><strong>loquitur</strong></span> <span class='ocrx_word' id='word_1_859' title='bbox 3259 5403 3274 5427; x_wconf 94' lang='lat'><strong>,</strong></span> <span class='ocrx_word' id='word_1_860' title='bbox 3304 5369 3360 5416; x_wconf 91' lang='lat' dir='ltr'><strong>et</strong></span> <span class='ocrx_word' id='word_1_861' title='bbox 3401 5358 3542 5414; x_wconf 90' lang='lat' dir='ltr'><strong>clara</strong></span> <span class='ocrx_word' id='word_1_862' title='bbox 3573 5370 3706 5411; x_wconf 88' lang='lat' dir='ltr'><strong>voce</strong></span> <span class='ocrx_word' id='word_1_863' title='bbox 3735 5356 4063 5426; x_wconf 69' lang='lat' dir='ltr'><strong>parricidam</strong></span> 
     </span>
    </p>
   </div>
   <div class='ocr_carea' id='block_1_118' title="bbox 2464 5449 4068 5533">
    <p class='ocr_par' dir='ltr' id='par_1_118' title="bbox 2464 5449 4068 5533">
     <span class='ocr_line' id='line_1_118' title="bbox 2464 5449 4068 5533; baseline -0.013 -11"><span class='ocrx_word' id='word_1_864' title='bbox 2464 5472 2682 5522; x_wconf 87' lang='lat' dir='ltr'><strong>accusat</strong></span> <span class='ocrx_word' id='word_1_865' title='bbox 2722 5460 2873 5533; x_wconf 86' lang='lat' dir='ltr'><strong>(Gen.</strong></span> <span class='ocrx_word' id='word_1_866' title='bbox 2901 5460 2951 5515; x_wconf 70' lang='lat'><strong>4.</strong></span> <span class='ocrx_word' id='word_1_867' title='bbox 2981 5456 3077 5528; x_wconf 87' lang='grc'>10)</span> <span class='ocrx_word' id='word_1_868' title='bbox 3108 5475 3122 5512; x_wconf 92' lang='lat'><strong>:</strong></span> <span class='ocrx_word' id='word_1_869' title='bbox 3155 5456 3248 5511; x_wconf 90' lang='lat' dir='ltr'><strong>ille</strong></span> <span class='ocrx_word' id='word_1_870' title='bbox 3289 5463 3463 5509; x_wconf 87' lang='lat' dir='ltr'><strong>autem</strong></span> <span class='ocrx_word' id='word_1_871' title='bbox 3495 5460 3768 5522; x_wconf 88' lang='lat' dir='ltr'><strong>superstes</strong></span> <span class='ocrx_word' id='word_1_872' title='bbox 3810 5449 4068 5504; x_wconf 71' lang='lat' dir='ltr'><strong>videlicet</strong></span> 
     </span>
    </p>
   </div>
   <div class='ocr_carea' id='block_1_119' title="bbox 2530 5620 4067 5747">
    <p class='ocr_par' dir='ltr' id='par_1_119' title="bbox 2530 5620 4067 5747">
     <span class='ocr_line' id='line_1_119' title="bbox 2530 5620 4067 5747; baseline -0.011 -13"><span class='ocrx_word' id='word_1_873' title='bbox 2530 5629 2550 5719; x_wconf 51' lang='grc' dir='ltr'>ζ</span> <span class='ocrx_word' id='word_1_874' title='bbox 2753 5620 3064 5747; x_wconf 39' lang='lat' dir='ltr'><strong>Exegi-itas,</strong></span> <span class='ocrx_word' id='word_1_875' title='bbox 3078 5675 3203 5747; x_wconf 67' lang='lat' dir='ltr'><strong>inde</strong></span> <span class='ocrx_word' id='word_1_876' title='bbox 3222 5674 3474 5747; x_wconf 74' lang='lat' dir='ltr'><strong>expulistis</strong></span> <span class='ocrx_word' id='word_1_877' title='bbox 3497 5672 3726 5724; x_wconf 83' lang='lat' dir='ltr'><strong>acerbum</strong></span> <span class='ocrx_word' id='word_1_878' title='bbox 3749 5668 3953 5720; x_wconf 72' lang='lat' dir='ltr'><strong>invidia</strong></span> <span class='ocrx_word' id='word_1_879' title='bbox 3968 5664 4067 5731; x_wconf 76' lang='lat' dir='ltr'><strong>spi-</strong></span> 
     </span>
    </p>
   </div>
   <div class='ocr_carea' id='block_1_120' title="bbox 2467 5745 3301 5808">
    <p class='ocr_par' dir='ltr' id='par_1_120' title="bbox 2467 5745 3301 5808">
     <span class='ocr_line' id='line_1_120' title="bbox 2467 5745 3301 5808; baseline -0.017 -7"><span class='ocrx_word' id='word_1_880' title='bbox 2467 5745 2702 5801; x_wconf 54' lang='lat' dir='ltr'><strong>culumft</strong></span> <span class='ocrx_word' id='word_1_881' title='bbox 2722 5745 2768 5795; x_wconf 82' lang='lat' dir='ltr'><strong>bi</strong></span> <span class='ocrx_word' id='word_1_882' title='bbox 2792 5750 2958 5808; x_wconf 73' lang='lat' dir='ltr'><strong>regnat</strong></span> <span class='ocrx_word' id='word_1_883' title='bbox 2983 5745 3180 5800; x_wconf 69' lang='lat' dir='ltr'><strong>caritas,</strong></span> <span class='ocrx_word' id='word_1_884' title='bbox 3207 5746 3301 5788; x_wconf 86' lang='lat' dir='ltr'><strong>etc.</strong></span> 
     </span>
    </p>
   </div>
  </div>
