4206 6308
227 345 320 403 ιω
493 393 496 398 .
1226 342 1312 399 DE
1343 341 1611 401 SANCTA
1645 344 2121 404 PENTECOSTE.
2150 339 2386 398 HOMIL.
2418 341 2482 398 ll.

222 469 438 528 operum
462 437 697 514 fructum
734 468 830 526 per
854 467 1079 527 operum
1120 450 1422 513 mercedem
1465 457 1706 529 recepit,
1735 466 1810 522 et

224 562 442 620 gemam
467 546 818 619 tremensque
841 547 1005 602 vitam
1047 546 1102 602 in
1135 547 1292 603 terris
1331 546 1583 605 traduxit.
1626 549 1696 602 At
1726 547 1813 602 hic

225 638 536 709 interfectus
562 645 620 693 et
638 636 827 708 iacens
865 637 919 693 in
948 633 1106 705 terra,
1137 649 1258 708 post
1277 639 1480 695 obitum
1507 637 1670 696 etiam
1696 655 1815 694 ma-

226 733 332 800 iore
387 743 518 784 cum
571 715 766 786 fiducia
825 730 1075 800 loquendi
1133 729 1440 788 facultatem
1490 732 1813 788 ostentabat.

227 819 288 875 Et
314 819 774 890 quemadmodum
810 821 960 876 illum
1001 822 1080 877 sic
1104 820 1371 877 afﬁciebat
1400 830 1672 892 peccatum
1697 863 1712 889 ,
1759 829 1818 877 ut

227 911 522 968 etiamnum
561 908 748 968 vivens
791 911 1056 968 infelicius
1100 911 1325 969 mortuis
1351 913 1512 968 vitam
1554 911 1814 984 degeret:

230 1000 297 1056 sic
322 1008 386 1056 et
429 1000 592 1056 istum
632 1009 754 1072 post
795 1010 1024 1058 mortem
1065 1002 1229 1059 etiam
1269 1003 1439 1059 virtus
1466 1002 1815 1059 illustriorem

231 1091 481 1150 reddidit.
505 1091 766 1161 Quocirca
797 1106 896 1149 nos
918 1107 1134 1166 quoque
1159 1101 1220 1150 ut
1253 1095 1512 1165 majorem
1552 1102 1624 1165 et.
1643 1094 1730 1150 hic
1766 1101 1822 1150 et

233 1185 328 1240 illic
347 1177 607 1241 ﬁduciam
635 1184 787 1241 nobis
811 1185 1181 1254 conciliemus,
1207 1194 1276 1242 ut-
1292 1186 1606 1259 ampliorem
1625 1202 1692 1243 ex
1717 1185 1819 1244 hac

233 1274 520 1332 festivitate
548 1274 787 1331 laetitiam
827 1275 1201 1347 decerpemus,
1233 1277 1413 1334 omnia
1454 1277 1669 1350 quidem
1696 1280 1818 1334 ani-

235 1381 325 1423 ma:
362 1365 588 1444 sordida
636 1368 954 1426 vestimenta
998 1368 1302 1441 rejiciamus
1320 1411 1337 1436 ,
1383 1371 1653 1444 praecipue
1691 1387 1820 1429 vero

235 1473 322 1515 nos
343 1458 566 1515 invidia:
587 1468 737 1517 veste
754 1461 1068 1532 spoliemus.
1095 1460 1246 1517 Licet
1265 1462 1410 1519 enim
1433 1474 1815 1521 sexcenton

236 1556 366 1602 recte
388 1547 656 1605 factorum
681 1550 930 1607 meritum
953 1551 1255 1608 cumulasse
1273 1552 1568 1620 videamur,
1593 1555 1640 1611 si
1665 1571 1700 1610 n
1720 1555 1822 1612 ibis

237 1635 341 1692 bac
364 1638 564 1694 acerba
593 1646 838 1711 tetraque
863 1639 977 1695 lues
1005 1642 1278 1713 negotium
1315 1643 1572 1712 facessat,
1603 1644 1656 1699 in
1679 1644 1820 1701 nbi-

238 1725 335 1780 lum
373 1736 567 1784 cuncta
616 1729 881 1786 recident.
927 1730 1081 1788 Faxit
1105 1733 1248 1788 Deus
1274 1742 1330 1790 ut
1360 1734 1477 1806 ejus
1506 1750 1605 1791 nos
1633 1750 1823 1793 omt‘es

237 1826 468 1888 expertes
510 1821 712 1888 simus,
754 1829 917 1893 atque
938 1821 1018 1879 illi
1061 1823 1294 1882 maxime
1334 1828 1423 1898 qui
1454 1824 1710 1883 hodierna
1735 1825 1823 1884 die

3405 345 3514 403 £70

1919 473 2017 529 per
2057 459 2282 529 gratlam
2341 453 2537 516 lavacri
2580 466 2817 516 veterem
2876 468 3219 531 peccatorum
3260 458 3515 523 amictum
3596 485 3601 492 -

1919 550 2249 631 abiecerunt,
2278 559 2334 606 et
2357 551 2527 622 ipsius
2551 550 2682 628 solis
2702 549 2866 606 radiis
2887 550 3138 606 tumulum
3154 549 3264 622 jam
3292 560 3517 621 possunt

1919 640 2099 697 lumen
2142 640 2437 698 effundere.
2483 641 2593 698 Vos
2637 641 2801 712 igitur
2845 639 3071 708 hortor,
3120 640 3211 711 qui
3258 640 3418 696 hodie
3465 642 3516 694 iu

1920 731 2262 802 adoptionem
2303 732 2819 804 transcripti'estis,
2866 733 2958 804 qui
3001 731 3343 803 splendidum
3374 731 3518 786 hunc

1921 825 2172 879 amictum
2200 825 2465 892 induistis,
2496 824 2644 878 omni
2675 823 2938 890 custodia,
2981 839 3086 894 quo
3125 837 3281 878 nunc
3308 822 3517 893 przcditi

1920 901 2082 984 estis,
2111 915 2451 988 splendorem
2488 926 2840 985 conscrvate,
2869 925 3030 988 atque
3067 908 3216 971 omni
3259 930 3325 970 ex
3370 924 3520 985 parte

1922 1007 2137 1064 diabolo
2180 1008 2383 1064 aditum
2447 1007 2824 1075 intercludite,
2874 1017 2934 1064 ut
2972 1006 3259 1078 copiosiori
3318 1007 3518 1079 Spiritu

1923 1101 2094 1174 gratia
2123 1109 2371 1174 percepta
2401 1094 2728 1156 fructiﬁcare
2758 1100 2976 1171 possitis
3006 1115 3167 1156 unum
3201 1099 3436 1172 triginta,
3466 1107 3522 1154 ct

1923 1211 2087 1252 unum
2132 1196 2439 1268 sexaginta,
2489 1204 2545 1251 et
2587 1210 2751 1250 unum
2795 1202 3010 1251 centum
3052 1211 3067 1250 :
3111 1203 3170 1249 ut
3213 1192 3521 1250 el'liciamiui

1923 1286 2068 1358 digni
2093 1285 2183 1358 qui
2212 1301 2332 1341 cum
2362 1284 2554 1341 fiducia
2583 1285 2715 1357 Regi
2753 1285 3007 1342 carlorum
3044 1283 3364 1352 occurratis,
3396 1299 3518 1339 cum

1923 1386 2178 1436 'venturus
2221 1377 2412 1444 fuerit,
2457 1377 2711 1448 omnique
2738 1391 2992 1433 sermone
3029 1375 3340 1432 sublimiora
3382 1375 3520 1430 bona

1922 1468 2304 1525 distributurus
2339 1468 2474 1536 illis,
2504 1468 2593 1540 qui
2624 1478 2941 1540 praesentem
2973 1468 3132 1523 vitam
3171 1483 3292 1523 cum
3328 1467 3524 1522 virtute

1927 1559 2321 1631 transegerint.
2360 1559 2414 1614 in
2464 1558 2678 1632 Christo
2722 1558 2850 1616 Jesu
2898 1559 3125 1615 Domino
3171 1565 3392 1625 nostro,
3436 1559 3520 1612 cui

1923 1651 2093 1723 gloria
2114 1659 2169 1706 et
2199 1658 2434 1720 potestas
2457 1666 2598 1708 nunc
2624 1659 2679 1708 et
2701 1665 2938 1726 semper.
2964 1659 3020 1707 et
3055 1651 3110 1707 in
3135 1651 3327 1706 saecula
3349 1664 3515 1708 stmu-

1928 1742 2124 1798 lorum.
2153 1742 2343 1798 Amen.
3069 1741 3072 1743 λ
