4206 6318
629 328 727 382 ΓΗ
1318 322 1375 376 S.
1419 319 1700 377 JOA‘NNIS
1738 313 2223 374 CIIRYSOSTOMI
2264 317 2583 374 AltlllllEP.
2624 318 3164 376 CONSTANTl-SOP.
3760 323 3867 378 472

2941 457 3222 469 ————

643 454 2937 486 mm

849 473 1312 484 ...ψ-...ρο

3453 472 3816 486 ...ι--ᾐ

1253 695 1372 781 ΙΝ
1449 693 1798 782 PAULI
1877 692 2409 784 ENCOMIA
2489 695 3220 791 ADMONITIO.

696 936 805 993 llas
827 935 895 993 de
920 935 1060 993 beati
1093 935 1243 992 Pauli
1270 937 1523 993 laudibus
1543 938 1834 992 conciones
1869 953 2172 994 memorare
2219 942 2434 996 videtur
2463 941 2890 1014 Chrysostomus
2912 959 3076 1015 supra
3107 947 3159 999 in
3187 944 3409 1000 homilia
3451 945 3531 1000 De
3577 943 3856 1009 Kalendis,

625 1029 717 1085 ubi
739 1029 818 1084 sic
845 1027 1006 1084 habet
1026 1027 1129 1083 sub
1158 1028 1372 1083 initium
1397 1028 1462 1084 Τ.
1514 1028 1556 1094 l,
1582 1045 1636 1097 p.
1662 1027 1767 1084 698
1792 1044 1807 1081 :
1835 1027 2034 1100 Πρῴην
2067 1031 2196 1098 γοῦν
2246 1033 2278 1104 ἡ

2246 1033 2403 1104 ἡμῶν
2451 1033 2901 1104 ἐγκωμιαζόντων
2947 1035 3040 1089 τὸν
3097 1037 3361 1107 μακάριον
3412 1035 3642 1100 Παῦλον,
3693 1037 3863 1100 οὕτως

626 1123 1006 1192 ὲσκιρτήσατε,
1045 1121 1120 1184 ὡς
1143 1120 1306 1174 αὐτὸν
1334 1119 1566 1190 ὁρῶντες
1594 1120 1902 1191 παρόντα...
1937 1120 2032 1173 καὶ
2069 1121 2368 1194 ἐϐουλόμην
2400 1124 2498 1195 μὲν
2526 1125 2605 1186 εἰς
2634 1125 2733 1194 τὴν
2757 1125 2926 1196 αὐτὴν
2959 1125 3210 1179 ὑπόθεσιν
3248 1124 3544 1195 καταϐῆναι
3575 1125 3670 1176 καὶ
3697 1127 3759 1192 τή
3771 1141 3866 1194 με-

641 1227 752 1281 ρον,
781 1211 918 1265 ἀλλὰ
950 1210 1086 1282 πρὸς
1126 1211 1290 1282 ἕτερα
1314 1210 1704 1278 κατεπείγοντα
1733 1211 1864 1281 ἡμῖν
1917 1212 1945 1263 ὁ
1983 1210 2137 1279 λόγος
2163 1211 2435 1283 ὥρμηται,
2469 1212 2538 1267 τὰ
2578 1214 2816 1285 σήμερον
2867 1215 2972 1268 ὑπὸ
2997 1217 3096 1286 τῆς
3123 1215 3328 1279 πόλεως
3362 1215 3578 1285 ἀπάσης
3612 1214 3861 1284 ἁμαρτη-

627 1301 810 1356 θέντα.
847 1303 988 1368 Τοὺς
1014 1303 1122 1374 γὰρ
1160 1304 1450 1367 ἀκούοντας
1470 1302 1579 1356 τῶν
1612 1303 1900 1373 ἐγκωμίων
1947 1302 2182 1370 Παύλου,
2209 1305 2472 1376 πρότερον
2513 1306 2611 1376 τῆς
2638 1307 2840 1377 ἀρετῆς
2866 1307 2959 1360 τοῦ
3011 1305 3226 1360 Παύλου
3287 1307 3532 1376 ζηλωτὰς
3561 1303 3700 1360 εἶναι
3731 1306 3865 1374 χρὴ,

626 1397 720 1450 καὶ
741 1396 996 1467 τοιαύτης
1021 1396 1336 1467 ἀκροάσεως
1363 1396 1565 1463 ἀξίους.
1606 1394 1662 1450 Id
1702 1405 1805 1460 est,
1843 1395 2028 1465 Nuper
2057 1397 2220 1466 igitur
2254 1413 2287 1450 ες

2201 1413 2220 1449 r
2254 1413 2371 1450 cum
2400 1398 2608 1451 beatum
2661 1397 2894 1452 Paulum
2943 1400 3191 1453 encomiis
3224 1398 3627 1464 celebrat-emus,
3668 1399 3745 1451 ita
3772 1413 3862 1450 ea:-

627 1489 941 1552 sultavistis,
970 1491 1121 1557 quasi
1145 1491 1317 1559 ipsum
1343 1500 1650 1560 prwsentem
1697 1491 2027 1545 vidissetis...
2065 1490 2312 1545 Volebam
2342 1501 2516 1546 autem
2545 1493 2598 1546 in
2632 1494 2769 1547 idem
2793 1509 2994 1564 quoque
3035 1502 3402 1563 argumentum
3450 1493 3603 1546 hodie
3647 1493 3861 1546 descen-
3911 1562 3917 1567 .

628 1580 747 1633 dere
776 1597 794 1633 :
834 1581 924 1632 sed
957 1579 1023 1633 ad
1050 1579 1157 1634 alia
1181 1579 1440 1649 quaedam,
1467 1597 1585 1651 quia
1611 1583 1779 1651 magis
1807 1592 2011 1650 urgent,
2054 1582 2223 1635 oratio
2255 1593 2437 1637 nostra
2482 1585 2804 1653 provehitur,
2837 1586 2890 1639 in
2921 1584 3107 1656 quibus
3137 1603 3170 1639 a
3199 1593 3311 1639 tota
3332 1584 3484 1639 hodie
3513 1587 3724 1639 civitate
3750 1601 3866 1650 pcc-

627 1680 799 1723 catur.
842 1669 949 1724 Eos
982 1671 1120 1724 enim
1157 1672 1246 1740 qui
1272 1673 1508 1726 encomia
1542 1671 1702 1726 Pauli
1729 1674 1915 1727 audire
1961 1675 2197 1742 cupiunt,
2229 1676 2374 1744 prius
2397 1677 2603 1729 virtutis
2634 1674 2796 1729 Pauli
2829 1680 3044 1731 temulos
3074 1693 3183 1731 esse
3212 1685 3436 1746 oportet,
3475 1686 3522 1730 et
3556 1677 3860 1745 hujusmodi

629 1768 873 1818 concione
899 1768 1102 1838 dignos.
1136 1765 1236 1822 llic
1265 1767 1414 1822 vides
1441 1767 1731 1822 conciones
1756 1776 1866 1821 tum
1901 1767 2012 1837 jam
2039 1768 2272 1833 habitas,
2303 1779 2414 1823 tum
2446 1779 2565 1838 post
2607 1768 2880 1824 habendas
2904 1770 3216 1837 memorari,
3269 1785 3499 1839 quarum
3532 1769 3785 1832 ὑπόθεσις
3812 1779 3872 1823 et

629 1870 1007 1930 argumentum
1030 1870 1186 1915 erant
1215 1863 1462 1916 encomia
1491 1859 1666 1914 Pauli.
1693 1860 1756 1914 Et
1799 1869 1976 1915 tamen
2003 1861 2352 1918 Hermanlius
2385 1866 2638 1933 opinatus
2667 1872 2773 1926 est,
2829 1864 2961 1919 illud
2990 1863 3142 1918 Pauli
3166 1864 3472 1920 encomium
3537 1863 3591 1917 in
3643 1865 3862 1919 homilia

632 1951 706 2006 De
733 1951 986 2008 Kalendis
1008 1962 1364 2009 memoratum
1389 1955 1575 2009 haberi
1605 1957 1657 2009 in
1695 1955 1920 2009 homilia
1953 1955 2027 2010 Dc
2056 1957 2315 2026 petitione
2339 1958 2570 2011 filiorum
2595 1956 2863 2020 Zebedasi,
2891 1972 3040 2010 num.
3075 1956 3128 2023 5,
3164 1957 3256 2011 ubi
3286 1956 3464 2011 obiter
3491 1955 3644 2010 Pauli
3678 1956 3868 2012 laudes

628 2044 843 2114 attingit
864 2043 1307 2117 Chrysostomus.
1341 2045 1723 2101 'l‘illemontius
1756 2061 1907 2120 vero,
1969 2048 2170 2116 rejecta
2230 2046 2530 2102 llermantii
2562 2049 2839 2118 opinione,
2896 2057 3047 2119 putat
3073 2048 3353 2103 homiliam
3401 2047 3458 2102 in
3485 2047 3747 2103 concione
3791 2045 3868 2102 De

629 2139 886 2194 Kalendis
920 2152 1280 2196 memoratam
1304 2157 1420 2197 eam
1444 2157 1586 2208 esse,
1613 2142 1699 2196 cui
1728 2141 1940 2207 titulus,
1972 2143 2167 2208 Quales
2191 2143 2440 2196 ducenda:
2492 2143 2597 2196 sint
2630 2157 2840 2212 uxores,
2870 2142 2960 2197 ubi
3010 2141 3212 2197 Paulus
3241 2140 3536 2196 identidem
3577 2141 3851 2196 laudatur.
3887 2138 3893 2142 ’

628 2234 852 2300 Verum,
885 2244 944 2288 ut
965 2250 1028 2289 ex
1058 2234 1308 2304 superius
1343 2233 1520 2289 allatis
1549 2233 1730 2289 verbis
1751 2234 2018 2304 liquidum
2041 2243 2143 2298 est,
2176 2249 2284 2288 non
2316 2235 2493 2304 agitur
2512 2234 2589 2314 ibi
2616 2234 2682 2288 de
2711 2233 2964 2288 laudibus
2991 2230 3164 2294 Pauli,
3185 2247 3321 2302 quas
3342 2231 3698 2287 concionibus
3723 2232 3865 2293 suis,

627 2330 919 2398 cujuslibet
949 2329 1167 2384 tandem
1203 2329 1505 2401 argumenti
1535 2329 1664 2395 sint,
1690 2329 1892 2399 passim
1918 2329 2197 2398 obiterque
2223 2329 2493 2382 interserit
2515 2329 2962 2400 Chrysostomus,
2988 2326 3133 2396 quod
3164 2326 3464 2396 saepissime
3496 2341 3626 2381 sane
3655 2325 3867 2379 contin-

629 2425 745 2492 git;
775 2424 867 2478 sed
900 2423 966 2478 de
1000 2423 1351 2478 concionihus
1401 2423 1670 2491 plurimis,
1700 2438 1932 2492 quarum
1960 2432 2340 2492 argumentum
2387 2432 2540 2477 erant
2590 2422 2834 2476 encomia
2869 2420 3019 2476 Pauli
3057 2441 3068 2476 :
3105 2423 3173 2474 ad
3197 2422 3453 2486 eamdem,
3506 2421 3703 2490 inquit,
3742 2436 3870 2474 rur-

628 2531 717 2570 sus
740 2514 1047 2584 hypotltcsin
1076 2511 1382 2566 descendere
1409 2513 1644 2566 volebam
1667 2533 1686 2581 ,-
1722 2514 1873 2586 [475]
1906 2517 2008 2570 hoc
2031 2524 2133 2579 est,
2159 2531 2350 2570 rursus
2377 2515 2443 2568 de
2468 2510 2618 2569 Pauli
2643 2515 2894 2569 laudibus
2929 2515 3245 2569 concionari
3279 2515 3525 2569 volebam
3555 2530 3569 2565 :
3603 2529 3712 2583 quo
3733 2512 3868 2586 quid

629 2605 800 2668 aliud,
836 2619 1042 2673 quzeso,
1079 2603 1308 2657 indicari
1341 2605 1534 2673 possit,
1566 2619 1728 2673 quam
1766 2603 2000 2659 homilia:
2024 2605 2089 2658 de
2116 2603 2284 2658 Paulo
2307 2606 2571 2672 apostolo,
2603 2605 2668 2658 de
2690 2605 2889 2674 quibus
2921 2620 3066 2657 nunc
3093 2603 3346 2673 agimus?

702 2694 770 2750 Ut
799 2707 1002 2751 certum
1030 2705 1114 2750 cst
1145 2696 1240 2750 has
1269 2696 1559 2750 conciones
1589 2697 1890 2751 Antiochiae
1925 2697 2137 2751 habitas
2172 2695 2377 2762 fuisse;
2412 2712 2534 2750 nam
2569 2696 2621 2749 id
2674 2705 2858 2765 aperte
2901 2696 3103 2749 iudicat
3157 2695 3583 2765 Chrysostomus
3634 2688 3858 2744 homilia

633 2795 827 2857 quarta
858 2788 924 2842 de
950 2786 1102 2840 Pauli
1131 2787 1400 2854 laudibus,
1425 2788 1516 2843 ubi
1545 2788 1612 2843 de
1645 2770 1844 2858 templo
1865 2775 2130 2859 Apollinis
2154 2789 2208 2843 in
2237 2790 2499 2864 suburbio
2545 2790 2793 2858 Daphnes
2818 2805 2847 2842 a
2881 2788 3106 2842 fulmine
3137 2797 3278 2842 tacto
3312 2787 3473 2840 verba
3500 2783 3627 2839 facit
3659 2801 3672 2837 :
3698 2784 3770 2837 ita
3794 2780 3864 2837 de

631 2897 798 2947 anno,
827 2895 935 2950 quo
964 2881 1077 2935 haec
1105 2881 1462 2937 concionatus
1487 2892 1589 2947 est,
1621 2883 1754 2936 nihil
1783 2883 1863 2937 vel
1889 2893 2095 2938 certum
2122 2884 2206 2938 vel
2243 2883 2534 2938 admodum
2568 2883 2844 2952 probabile
2892 2881 3055 2937 statui
3085 2890 3279 2950 potest.
3310 2880 3366 2932 Si
3391 2885 3560 2933 staret
3610 2874 3854 2930 calculus

630 2970 982 3037 Tillcmoutii,
1013 2989 1121 3042 quo
1152 2974 1433 3028 homiliam
1461 2974 1528 3027 de
1559 2972 1816 3028 Kalendis
1846 2973 2011 3028 refert
2033 2973 2086 3027 in
2123 2990 2323 3028 annum
2353 2975 2478 3039 387,
2526 2975 2651 3028 binc
2681 2983 2864 3028 notam
2896 2973 3022 3026 anni
3047 2986 3238 3027 eruere
3291 2971 3496 3024 liceret.
3531 2965 3766 3030 Etenim,
3802 2968 3865 3018 ut

633 3076 758 3119 ante
783 3065 1042 3130 diximus,
1075 3065 1297 3118 homilia
1323 3066 1410 3120 illa
1448 3064 1522 3120 De
1555 3064 1811 3119 Kalendis
1849 3075 1971 3134 post
2016 3068 2250 3136 aliquam
2276 3081 2343 3120 ex
2366 3065 2450 3118 bis
2473 3079 2677 3133 septem
2709 3064 2775 3118 de
2828 3062 2995 3117 Paulo
3053 3061 3410 3116 coneionibus
3461 3059 3642 3113 habita
3691 3055 3862 3112 fuisse

635 3158 870 3222 videtur,
899 3173 1128 3228 eamque
1151 3170 1357 3213 caeterte
1385 3167 1569 3228 postea
1599 3159 1663 3212 de
1695 3157 1862 3211 Paulo
1893 3159 2124 3212 homiliae
2171 3161 2475 3215 subsecuta:
2515 3165 2642 3210 sunt
2702 3154 2903 3210 Verum
2937 3155 3026 3208 illa
3058 3153 3386 3208 Tillemontii
3412 3149 3739 3218 computatio
3769 3145 3853 3201 vel

635 3251 933 3315 levissimo,
960 3249 1042 3303 vel
1071 3250 1250 3318 potius
1285 3251 1435 3302 nullo
1468 3251 1658 3302 nititur
1686 3261 2026 3318 argumento,
2062 3257 2122 3303 ut
2158 3253 2212 3304 in
2246 3249 2447 3305 Monilo
2477 3249 2540 3303 ad
2565 3263 2685 3301 eam
2713 3246 2787 3301 De
2843 3245 3096 3299 Kalendis
3125 3244 3400 3297 homiliam
3432 3242 3716 3308 probatum
3747 3244 3852 3293 est.

636 3342 747 3398 lloc
781 3358 946 3395 unum
980 3342 1250 3409 expiscari
1283 3358 1592 3411 possumus,
1628 3359 1750 3396 cum
1777 3343 1998 3396 homilia
2027 3344 2114 3397 illa
2149 3342 2404 3398 Kalendis
2443 3341 2688 3396 Januarii
2716 3341 2898 3393 habita
2924 3339 3104 3398 fuerit,
3135 3353 3200 3391 ex
3225 3334 3582 3390 conciouibus
3633 3331 3688 3384 in
3718 3329 3862 3384 Pau-

634 3433 748 3489 lum
785 3449 897 3496 eas,
923 3448 1044 3503 quas
1073 3433 1350 3487 homiliam
1385 3433 1449 3486 de
1472 3432 1725 3487 Kalendis
1752 3449 2096 3503 praecessore,
2122 3445 2246 3488 ante
2273 3431 2590 3488 Januatiutn
2615 3449 2630 3497 ;
2665 3446 2758 3485 eas
2781 3444 2907 3484 vero
2947 3444 3067 3497 quae
3097 3428 3401 3483 subsecuta:
3437 3432 3586 3490 sunt,
3617 3433 3739 3493 pou
3765 3419 3871 3476 Ka-

637 3523 826 3579 lendas
854 3521 1098 3578 Januarii
1124 3525 1296 3579 dictas
1326 3522 1515 3578 fuisse.

709 3614 898 3670 Restat
928 3623 987 3668 ut
1013 3613 1079 3668 de
1105 3614 1338 3676 Aniauo,
1371 3616 1484 3668 sive
1509 3613 1777 3678 Anniana,
1815 3615 1905 3684 qui
1949 3615 2199 3668 homilias
2229 3617 2391 3671 hasce
2431 3614 2620 3669 Latine
2652 3614 3040 3682 interpretatus
3081 3619 3185 3671 est,
3218 3623 3387 3679 pauca
3410 3606 3680 3662 dicamus.
3707 3601 3865 3658 Hunc

639 3721 758 3760 esse
791 3703 1141 3759 Celedensem
1174 3704 1325 3756 illum
1347 3705 1636 3759 diaconum
1661 3703 2032 3773 Pelagianum,
2066 3706 2158 3775 qui
2188 3705 2568 3774 Diespoiitanae
2594 3704 2801 3774 synodo
2846 3699 3111 3765 interfuit,
3138 3699 3414 3766 librosque
3437 3710 3535 3764 pro
3567 3693 3860 3747 asserenda

637 3795 922 3862 Pelagiana
943 3794 1137 3848 haeresi
1165 3796 1407 3863 scripsit,
1437 3795 1658 3848 minime
1699 3795 2033 3858 dubitamus,
2066 3796 2211 3863 quod
2264 3795 2563 3848 luculenter
2593 3792 2838 3862 probavit
2876 3788 3114 3844 Joannes
3157 3786 3472 3848 Garnerius,
3529 3783 3752 3838 Dissert.
3812 3783 3866 3846 1.

640 3897 761 3956 post
783 3884 1009 3938 Marium
1041 3885 1413 3952 Mercatorcm,
1441 3901 1562 3954 cap.
1587 3887 1639 3938 7.
1675 3885 1779 3940 Pro
1810 3887 1908 3939 hac
1933 3887 2132 3955 quippe
2155 3886 2410 3955 opinione
2441 3895 2684 3956 pugnant
2707 3869 3032 3938 documenta
3062 3881 3244 3935 omnia
3279 3897 3293 3934 :
3329 3878 3582 3932 nimirum
3611 3874 3861 3945 cpistola,

640 3992 804 4045 quam
835 3977 1178 4046 subjicimus,
1210 3977 1278 4030 ad
1312 3977 1639 4047 Evangelum
1671 3977 1842 4039 illum,
1880 3977 2179 4046 Pelagianae
2205 3987 2362 4032 secta:
2396 3977 2806 4046 presbyterum;
2843 3977 3007 4027 altera
3040 3973 3167 4027 item
3192 3971 3423 4040 epistola
3452 3969 3570 4038 ejus
3603 3967 3669 4022 ad
3695 3966 3872 4022 Oron-

641 4070 776 4123 tium
802 4071 1140 4140 episcopum,
1169 4069 1456 4140 Pelagiano
1479 4071 1650 4124 errori
1677 4072 1972 4134 addictum,
1999 4085 2170 4138 eaque
2199 4072 2265 4124 de
2297 4085 2459 4124 causa
2490 4078 2544 4123 et
2574 4070 2699 4123 sedc
2730 4068 2967 4135 pUISum,
2999 4081 3119 4134 qua:
3143 4064 3368 4132 epistola
3397 4061 3537 4115 infra
3573 4057 3868 4112 Commen-

640 4161 782 4214 tario
817 4159 873 4213 S.
907 4159 1132 4214 Joannis
1158 4159 1538 4230 Chrysostomi
1599 4164 1651 4214 in
1686 4160 1993 4214 Malthazum
2025 4161 2339 4229 praetigitur,
2375 4161 2499 4229 quia
2529 4166 2653 4212 octo
2685 4157 2891 4226 priores
2921 4155 3164 4224 ejusdem
3216 4151 3605 4207 Commentarii
3635 4147 3874 4204 homilia

643 4252 711 4305 ab
741 4252 856 4320 ipso
888 4253 1105 4306 Aniano
1139 4250 1328 4305 Latine
1357 4267 1634 4307 conversae
1669 4264 1816 4317 sunt,
1844 4260 1902 4306 ut
1933 4253 1983 4304 in
2015 4252 2201 4306 eadem
2235 4251 2476 4318 Epistola
2528 4249 2741 4303 dicitur.
2781 4247 2916 4302 lliuc
2953 4249 3140 4301 odiosa
3189 4245 3610 4298 Manichaeorum
3661 4239 3874 4292 Tradu-

643 4344 1033 4412 cianorumque
1059 4345 1298 4407 nomina,
1333 4345 1529 4413 quibus
1565 4343 1624 4398 S.
1655 4345 2040 4413 Augustinum,
2102 4342 2203 4397 etsi
2244 4359 2350 4397 non
2385 4342 2649 4402 nominet,
2687 4352 2739 4394 et
2769 4339 3076 4394 Catholicos
3111 4338 3298 4407 gratia:
3327 4335 3527 4389 Christi
3558 4331 3875 4386 defensores

643 4430 897 4498 appellat.
929 4431 1169 4500 Denique
1193 4447 1257 4487 ex
1293 4431 1424 4500 ipsis
1452 4433 1686 4486 Auniani
1711 4433 1913 4495 verbis,
1944 4447 2068 4485 eum
2114 4432 2214 4486 bas
2243 4431 2531 4485 conciones
2563 4429 2752 4483 Latine
2787 4429 2904 4482 ideo
2936 4428 3277 4482 transtulisse
3300 4425 3564 4493 arguitur,
3588 4421 3734 4490 quod
3766 4435 3870 4488 pu-

645 4529 786 4575 taret
813 4519 1104 4590 Pelagiauo
1139 4521 1338 4574 tuendo
1361 4521 1533 4574 errori
1571 4529 1923 4591 opportunas.
1958 4541 1976 4572 ι
2002 4520 2156 4587 Quod
2194 4521 2413 4590 quidem
2475 4534 2632 4588 opus,
2664 4519 2859 4587 inquit,
2891 4533 2956 4570 eo
2982 4532 3102 4571 esse
3127 4517 3266 4585 apud
3291 4525 3340 4569 te
3375 4513 3663 4567 amabilius
3715 4512 3878 4566 debet

643 4624 696 4668 et
725 4612 954 4682 gratius,
984 4610 1129 4679 quod
1158 4611 1224 4664 de
1254 4620 1564 4664 sanctarum
1595 4610 2000 4680 Scripturarum
2032 4614 2149 4665 luce
2184 4613 2432 4676 rutilans,
2467 4611 2759 4665 clarissimi
2795 4610 2989 4664 sideris
3022 4609 3136 4662 vice
3170 4617 3381 4662 noctem
3406 4604 3687 4658 Manichaei
3714 4620 3870 4659 erro-

644 4708 720 4762 ris
756 4707 1011 4776 exagitat.
1046 4705 1318 4770 Quantuut
1347 4720 1476 4757 vero
1506 4704 1664 4758 nobis
1695 4706 2082 4760 consolationis
2110 4707 2372 4771 exoritur,
2399 4721 2518 4759 cum
2545 4705 2817 4759 cernimus
2853 4711 2957 4753 tam
2977 4701 3189 4754 erudito
3214 4711 3430 4767 tamque
3460 4697 3654 4750 illustri
3682 4694 3876 4750 Orien-

642 4799 714 4854 tis
748 4799 1006 4866 magistro
1027 4812 1167 4860 eam,
1203 4811 1366 4864 quam
1395 4797 1448 4849 in
1477 4795 1632 4849 nobis
1663 4796 2032 4850 Traduciauus
2062 4806 2356 4866 oppugnat,
2382 4796 2552 4850 astrui
2583 4796 2884 4855 veritatem,
2911 4807 3072 4861 quam
3097 4799 3242 4844 certe
3259 4789 3447 4843 beatus
3463 4786 3719 4850 Joannes,
3749 4786 3878 4840 utin

645 4892 900 4946 omnibus
924 4891 1074 4945 libris
1091 4891 1225 4950 suis,
1244 4891 1317 4943 ita
1346 4889 1434 4942 hic
1461 4904 1676 4959 quoque
1711 4890 1778 4943 ab
1805 4891 1952 4943 omni
1985 4890 2246 4943 munitam
2282 4891 2444 4943 latere
2469 4889 2724 4952 custodit,
2749 4896 2946 4952 armat,
2974 4885 3247 4948 accendit,
3279 4893 3334 4936 ut
3359 4885 3604 4936 videatur
3629 4899 3734 4935 non
3767 4894 3874 4935 tam

643 4994 940 5057 praesentes
969 4985 1290 5037 informasse
1314 4981 1626 5050 discipulos,
1646 4995 1807 5052 uuam
1842 4967 1998 5036 ιῖοὺίδ
2023 4992 2210 5034 contra
2234 4977 2370 5035 vera:
2397 4983 2516 5034 fidei
2548 4979 2998 5050 oppugnationem
3027 4977 3225 5031 auxilia
3256 4988 3603 5044 prmparusse.
3630 4973 3878 5038 Quantus

645 5079 790 5133 enim
818 5079 908 5133 ille
942 5077 1200 5130 adversus
1227 5075 1632 5140 necessitatem,
1656 5085 1892 5143 quantus
1915 5090 2010 5143 pro
2052 5075 2221 5128 libero
2264 5077 2432 5143 surgit
2467 5075 2727 5137 arbitrio;
2759 5086 2921 5141 quam
2979 5082 3292 5125 nostrorum
3323 5067 3473 5120 libris
3506 5067 3705 5134 ubique
3737 5082 3868 5119 con-

647 5171 855 5234 cinens,
881 5167 1174 5222 voluntatis
1199 5166 1322 5234 jure
1357 5175 1571 5223 servato
1615 5164 1810 5217 divinae
1843 5164 2028 5232 gratiae
2064 5163 2312 5232 praesidia
2361 5163 2769 5218 commendat...
2831 5160 3012 5214 Primo
3059 5161 3276 5213 beatum
3327 5154 3554 5209 Paulum
3590 5155 3769 5209 libello
3815 5166 3873 5210 et

651 5263 901 5319 omnibus
923 5260 1256 5330 praeferendo
1285 5259 1508 5320 sanetis,
1537 5269 1584 5311 et
1623 5257 1824 5325 angelis
1873 5256 2226 5311 conferendo.
2262 5255 2531 5321 Secundo,
2561 5273 2624 5310 ex
2657 5255 2948 5328 virtu’tibus
2990 5255 3108 5321 ejus
3158 5267 3318 5323 atque
3349 5252 3631 5306 sententiis
3663 5250 3864 5303 bonum

654 5353 939 5408 asserendo
969 5361 1193 5412 naturae,
1227 5357 1328 5403 etc.
1366 5369 1384 5402 ι
1425 5347 1555 5414 Quae
1576 5362 1706 5400 sane
1738 5346 1918 5410 verba,
1965 5347 2066 5400 etsi
2098 5345 2444 5414 Pelagianam
2484 5347 2627 5400 circa
2655 5347 2968 5400 interiorem
2995 5343 3194 5398 Christi
3230 5344 3456 5414 gratiam
3481 5356 3723 5394 errorem
3760 5357 3870 5394 non

656 5453 833 5512 aperte
857 5458 965 5511 prae
995 5456 1053 5495 se
1082 5440 1257 5494 ferant
1283 5439 1549 5506 (solebant
1579 5437 1774 5506 quippe
1804 5436 2074 5507 Pelagiani
2127 5437 2318 5491 callide
2360 5435 2664 5506 fucatisque
2723 5436 2901 5490 verbis
2937 5436 3085 5488 virus
3125 5435 3348 5488 haeresis
3405 5448 3517 5487 sua:
3561 5430 3856 5501 obtegere),

653 5543 882 5586 attamen
913 5532 1050 5602 quod
1080 5531 1151 5584 illi
1186 5537 1369 5582 centra
1404 5527 1764 5596 Augustinum
1795 5535 1847 5579 et
1873 5525 2181 5581 Catholicos
2215 5536 2471 5592 perpetuo
2501 5525 2815 5580 occineba'nt
2843 5540 3064 5592 :ucmpe
3096 5525 3217 5579 illos
3249 5525 3620 5579 necessitatem
3675 5521 3879 5581 inferre
