4206 6318
301 377 425 435 471⁸
1344 367 1433 424 DE
1467 362 1814 423 LAUDIBUS
1845 363 1903 422 S.
1944 364 1962 420 1

1893 406 1903 421 .
1944 361 2150 421 PAULI
2185 362 2543 420 APOSTOLI.
3430 360 3554 416 ιη’

305 489 589 554 voluntati,
622 496 680 545 et
712 487 940 543 liberum
971 483 1256 539 arbitrium
1285 482 1493 546 tollere,
1527 479 1615 536 hic
1642 493 1967 549 expressum
2006 478 2296 545 videmus;
2344 478 2419 533 ita
2475 486 2534 533 ut
2564 476 2700 533 nihil
2732 476 2908 533 subsit
2930 474 3104 540 dubii,
3161 474 3291 545 quin
3322 474 3411 532 hic
3439 478 3557 548 ipsc

302 585 370 640 sit
395 585 642 639 Anianus
669 581 894 652 quipro
920 579 1209 649 Pelagiana
1228 576 1433 637 haeresi
1468 575 1609 629 inter
1628 572 1998 644 primipilares
2028 572 2341 627 dimicabat.

376 675 749 746 lnterpretatio
770 674 889 745 ejus
917 671 1131 735 Latina,
1156 685 1321 740 quam
1352 658 1587 733 edimus,
1610 667 2017 736 necinelegans
2037 674 2142 732 est,
2178 682 2279 721 nec
2305 665 2657 721 accuratlone
2677 672 2829 721 caret
2862 682 2878 720 ε
2909 663 3188 733 fateorque
3219 679 3305 719 me
3328 664 3382 718 in
3416 679 3555 734 pau-

303 785 396 825 cos
420 769 615 838 priscae
638 765 785 821 illius
814 764 1104 820 vetustatis
1137 763 1459 831 interpretes
1486 759 1747 815 incidisse
1778 758 1873 827 qui
1900 757 2217 826 diligentius
2238 764 2533 813 verterent.
2559 756 2618 811 In
2652 756 2930 813 nonnullis
2954 764 3133 811 tamen
3164 755 3301 811 locis
3328 771 3554 811 sensum

302 876 405 915 non
438 868 523 914 est
549 866 837 914 assecutus
868 857 1148 924 Anianus;
1183 857 1327 928 quod
1387 857 1478 912 ubi
1508 858 1724 919 accidit,
1778 856 1830 909 in
1864 855 2128 926 margine,
2175 870 2301 909 vera
2338 854 2637 911 substituta
2667 853 3138 923 interpretatione,
3166 866 3389 908 monere
3442 865 3553 905 non

303 949 528 1021 neglexi.
561 947 749 1020 Neque
776 950 990 1020 uspiam
1018 949 1350 1022 deprehendi
1384 950 1562 1018 illum,
1586 959 1645 1005 ut
1671 947 1980 1020 Pelagiana:
2037 946 2245 1004 faveret
2268 946 2484 1015 haeresi,
2521 960 2745 1002 sensum
2788 945 2899 1001 alio
2926 942 3248 1023 detorsisse.
3280 940 3410 1014 Ejus
3440 942 3557 1012 epi-

302 1049 487 1103 stolam
520 1047 613 1104 hic
640 1046 1046 1118 subjungimus.

1066 1515 1355 1577 ΒοωΝο
1410 1478 1699 1576 εΑΝοΤό
1743 1509 2212 1584 EVANGELIO,
2252 1507 2777 1583 PRESBYTERO,

1612 1630 1889 1677 ANIANUS
1929 1630 2236 1677 SALUTEM.

360 1765 583 1824 Recenti
606 1768 979 1839 experimento
1000 1767 1188 1835 didici,
1224 1782 1387 1836 quam
1423 1766 1533 1823 sint
1560 1765 1714 1819 utilia
1760 1762 2189 1834 obsequentibus
2227 1760 2455 1831 imperia
2484 1760 2779 1823 bonorum,
2816 1760 2910 1831 qui
2943 1759 3177 1816 rectiore
3200 1757 3439 1829 quadam
3465 1758 3556 1813 in-

288 1865 595 1935 gredientes
615 1864 967 1935 benignitatis
994 1866 1102 1930 via,
1132 1864 1395 1919 beneﬁcia
1418 1861 1676 1918 deferunt
1721 1860 1826 1916 sub
1853 1859 2037 1929 specie
2058 1857 2349 1927 jussionis.
2384 1856 2525 1923 Quid
2550 1858 2697 1912 enim
2729 1856 2860 1910 mihi
2888 1855 3212 1935 jucundius,
3249 1855 3379 1926 quid
3428 1854 3558 1908 fru-

288 1957 537 2011 ctuosius
571 1934 840 2027 imperare
870 1957 1117 2027 potuisti,
1142 1971 1307 2025 quam
1338 1964 1399 2009 ut
1429 1970 1493 2009 ex
1520 1955 1662 2009 beati
1685 1954 1789 2007 viri
1829 1952 2005 2008 sancti
2031 1950 2261 2007 Joannis
2285 1951 2541 2021 operibus
2567 1951 2622 2005 in
2647 1959 2891 2005 nostram
2918 1934 3159 2021 linguam
3196 1946 3349 2022 [L78]
3372 1949 3555 2019 aliqua

289 2046 669 2112 transferrem,
710 2048 765 2103 id
799 2056 905 2113 est,
942 2041 1034 2103 Ἧι
1062 2048 1307 2117 ejusdem
1335 2046 1569 2113 libellos,
1628 2046 1833 2115 quibus
1884 2059 2049 2113 super
2095 2041 2251 2097 Pauli
2304 2041 2539 2113 apostoli
2576 2041 2831 2096 laudibus
2861 2042 2915 2094 in
2956 2040 3201 2094 Ecclesia
3256 2039 3555 2110 aliquando

285 2138 587 2193 disseruit?
624 2138 680 2193 in
709 2155 820 2209 quo
848 2140 1004 2204 mihi,
1033 2143 1138 2195 etsi
1162 2142 1216 2194 in
1250 2154 1505 2196 sermone
1537 2137 1825 2207 peregrino
1874 2136 2167 2190 admodum
2210 2134 2356 2198 rudi,
2392 2135 2514 2203 plus
2548 2135 2731 2188 evenit
2780 2118 2967 2187 tamen
2988 2132 3285 2202 voluptatis
3313 2138 3367 2186 et
3398 2146 3555 2185 com-

289 2228 464 2291 modi,
490 2244 657 2297 quam
690 2230 918 2286 laboris.
951 2231 1209 2286 Secutum
1231 2239 1316 2285 est
1345 2230 1492 2285 enim
1518 2236 1579 2283 ut
1609 2242 1759 2293 cum,
1802 2226 1935 2281 dum
1966 2227 2066 2281 tibi
2102 2234 2314 2281 vertere
2343 2232 2517 2281 conor
2545 2239 2576 2279 e
2603 2222 2816 2287 Graeco,
2842 2223 3088 2294 pressius
3128 2223 3244 2292 ipse
3268 2222 3550 2279 combibe-

288 2334 430 2387 rem,
460 2320 924 2392 pleniusque"tam
951 2322 1187 2393 insignis
1208 2323 1731 2393 doctrinaveritate
1758 2319 2095 2391 perfruerer,
2123 2320 2367 2375 maxime
2388 2334 2514 2375 cum
2541 2318 2743 2387 ubique
2757 2318 2910 2371 dives
2929 2316 3208 2387 ingenium
3242 2318 3296 2370 in
3318 2318 3553 2371 materia

285 2412 647 2483 locupletiore
703 2425 975 2471 versetur.
1002 2416 1205 2472 Beatus
1223 2417 1370 2472 enim
1406 2416 1496 2471 hic
1528 2415 1731 2472 Paulus
1779 2416 2128 2485 exprimitur,
2160 2429 2268 2469 non
2302 2412 2500 2468 fucata:
2529 2412 2766 2482 alicujus
2798 2411 2976 2468 laudis
3006 2411 3367 2466 adumbratus
3404 2412 3558 2466 colo-

286 2507 466 2571 ribus,
506 2500 609 2563 sed
637 2508 937 2565 inviolabili
964 2512 1224 2566 virtutum
1252 2526 1484 2566 suarum
1512 2512 1741 2565 veritate
1761 2510 2050 2573 formatus,
2083 2525 2246 2580 quem
2282 2518 2389 2563 tam
2429 2509 2636 2579 integre
2671 2508 2895 2578 ubique,
2926 2517 3038 2562 tam
3081 2507 3274 2574 solide,
3300 2522 3450 2561 nunc
3479 2521 3547 2562 ex

285 2598 663 2667 magnitudine
697 2615 947 2670 operum,
974 2618 1121 2657 nunc
1144 2618 1211 2659 ex
1236 2602 1670 2670 ‘illuminatione
1698 2602 1995 2667 dictorum,
2030 2601 2197 2656 modo
2223 2615 2287 2655 ex
2325 2599 2558 2656 consilio
2582 2600 2760 2664 vario,
2795 2600 2959 2654 modo
2980 2614 3046 2654 ex
3079 2598 3553 2669 dispensationum

282 2687 587 2757 profundo,
619 2699 733 2745 tum
776 2707 843 2747 ex
877 2694 1167 2748 tolerantia
1190 2695 1534 2765 passionum,
1565 2702 1681 2749 tum
1705 2710 1774 2750 ex
1794 2693 2044 2749 claritate
2063 2694 2346 2764 signorum
2373 2692 2609 2747 eximius
2635 2691 2887 2747 laudator
2915 2692 3173 2757 asseruit,
3202 2701 3261 2745 ut
3284 2706 3409 2745 eum
3440 2705 3552 2744 non

280 2777 607 2848 depinxisse
633 2784 829 2847 solum,
865 2798 1057 2838 verum
1094 2786 1252 2861 quasi
1291 2786 1360 2840 ad
1398 2786 1752 2855 praebendum
1801 2800 1996 2840 rursus
2022 2784 2372 2855 perfectiOuis
2391 2786 2705 2854 exemplum
2738 2784 3102 2840 resuscitasse
3132 2784 3544 2861 quodammodo

279 2870 552 2927 videatur.
584 2872 721 2930 Nam
750 2892 874 2932 cum
898 2879 968 2932 ab
1002 2880 1126 2935 aliis
1156 2860 1476 2935 cancrorum
1508 2879 1703 2934 merita
1731 2879 2042 2953 laudantur,
2088 2879 2351 2933 usitatum
2402 2866 2661 2948 quiddam
2696 2877 2835 2932 solet
2867 2885 3028 2946 atque
3058 2855 3227 2931 exile'
3254 2891 3544 2941 resonare,

279 2971 337 3017 et
370 2963 522 3018 velut
550 2966 607 3020 in
631 2958 921 3037 superﬁcie
950 2970 1396 3040 eireumvagante
1429 2985 1707 3036 sermone,
1738 2970 1971 3025 virtutes
2001 2970 2132 3039 ipsae
2159 2969 2479 3024 conﬁnibus
2506 2968 2680 3039 magis
2709 2968 2827 3023 suis
2857 2968 2924 3021 ad
2963 2969 3551 3024 conmtemorationem

278 3056 540 3111 videntur
571 3059 778 3124 venire,
813 3076 977 3130 quam
1010 3061 1193 3116 rebus.
1213 3058 1423 3117 Beatus
1452 3077 1581 3116 vero
1608 3059 1851 3117 Joannes
1879 3059 2119 3116 Paulum
2159 3060 2328 3115 altius
2354 3059 2639 3125 intuendo,
2675 3057 3025 3128 dilucideque
3054 3060 3108 3113 in
3140 3060 3381 3114 medium
3414 3075 3545 3129 pro-

279 3140 533 3214 ferendo,
569 3148 717 3217 ipsas
739 3150 875 3204 mihi
901 3151 1116 3206 videtur
1148 3149 1460 3222 inspexisée
1492 3166 1658 3207 venas
1690 3167 1757 3209 ac
1804 3152 2072 3208 medullas
2106 3151 2445 3221 expressisse
2473 3150 2758 3204 virtutum.
2812 3148 2946 3214 Quae
2977 3149 3049 3203 ita
3107 3163 3300 3204 omnes
3358 3148 3412 3202 in
3444 3148 3550 3204 ista

277 3232 598 3293 laudatione
620 3238 828 3307 vivunt,
859 3250 915 3295 et
943 3242 1018 3295 ita
1055 3240 1283 3297 ﬂoribus
1316 3241 1430 3297 suis
1458 3242 1787 3296 decorantur
1818 3249 1873 3296 et
1899 3240 2193 3306 fructibus,
2220 3249 2280 3294 ut
2312 3254 2407 3295 eas
2436 3254 2605 3309 prope
2633 3254 2745 3293 non
2777 3241 2967 3293 minus
2998 3238 3068 3293 ab
3108 3238 3211 3292 hoc
3238 3239 3551 3294 sublimiter

274 3330 599 3399 explicatas,
625 3349 789 3403 quam
815 3336 884 3391 ab
909 3336 1165 3405 apostolo
1187 3336 1427 3392 fortasse
1447 3339 1733 3392 miremur.
1768 3335 1928 3403 Quod
1983 3336 2202 3406 quidem
2229 3350 2367 3405 opus
2400 3351 2467 3390 eo
2493 3349 2617 3390 esse
2668 3336 2811 3404 apud
2859 3344 2911 3391 te
2942 3335 3235 3392 amabilius
3291 3335 3454 3391 debet
3491 3346 3551 3391 et

276 3422 512 3493 gratius,
547 3428 696 3494 quod
725 3427 793 3481 de
825 3435 1141 3483 sanctarum
1164 3426 1571 3499 Scripturarum
1600 3429 1720 3484 lucc
1748 3428 2003 3491 rutilans,
2042 3427 2332 3483 clarissimi
2364 3426 2564 3483 sideris
2597 3428 2735 3494 vice,
2767 3439 2983 3482 noctem
3017 3427 3302 3482 Manichzei
3334 3430 3548 3486 erroris

281 3514 541 3583 exagitat.
568 3515 846 3583 Quantum
870 3533 1001 3574 vero
1033 3521 1190 3582 nobis
1219 3521 1616 3577 consolationis
1636 3522 1901 3584 exoritur,
1938 3534 2063 3575 cum
2092 3520 2393 3586 cernimus,
2426 3528 2537 3575 tam
2572 3521 2791 3576 erudito
2824 3530 3048 3592 tamque
3072 3521 3274 3576 illustri
3306 3521 3548 3580 Orientis

282 3607 574 3676 magistro,
609 3622 753 3675 eam,
789 3624 955 3680 quam
978 3606 1034 3664 in
1059 3610 1634 3683 uobisTraducianus
1672 3621 1972 3684 oppugnat,
2025 3613 2202 3669 astrui
2243 3611 2556 3677 veritatem,
2584 3627 2751 3682 quam
2778 3624 2926 3669 certe
2958 3614 3154 3670 beatus
3183 3612 3447 3683 Joannes,
3483 3630 3545 3676 ut

281 3698 343 3753 in
378 3699 637 3754 omnibus
673 3700 829 3755 libris
858 3701 995 3767 suis,
1039 3702 1113 3757 ita
1147 3702 1235 3758 hic
1266 3719 1484 3774 quoque
1504 3705 1572 3761 ab
1603 3706 1756 3761 omni
1791 3706 2062 3760 munitam
2118 3704 2287 3759 latere
2312 3703 2571 3769 custodit,
2620 3713 2819 3771 armat,
2869 3707 3143 3776 accendit,
3177 3718 3237 3764 ut
3291 3712 3545 3771 videatur

274 3806 391 3845 non
430 3798 540 3844 tam
571 3800 870 3861 praesentes
902 3792 1233 3852 informasse
1264 3796 1586 3865 discipulos,
1628 3812 1793 3867 quam
1825 3797 1986 3851 nobis
2017 3802 2209 3852 contra
2252 3809 2396 3851 verte
2424 3796 2551 3851 fidei
2584 3798 3047 3866 oppugnationem
3082 3800 3286 3855 auxilia
3331 3818 3545 3873 praepa-

270 3896 454 3938 rasse.
488 3880 739 3948 Quantus
769 3884 915 3937 enim
944 3884 1035 3941 ille
1056 3886 1321 3943 adversus
1355 3888 1758 3957 necessitatem,
1783 3875 2024 3958 quantus
2056 3902 2155 3957 pro
2176 3887 2348 3943 libero
2380 3888 2559 3959 surgit
2580 3887 2833 3957 arbitrio,
2861 3906 3025 3961 quam
3047 3901 3359 3949 nostrorum
3388 3896 3545 3952 libris

276 3974 484 4045 ubique
510 3976 831 4041 concinens,
866 3978 1164 4035 voluntatis
1190 3979 1316 4050 jure
1341 3990 1557 4035 servato
1578 3981 1777 4037 divinae
1796 3981 1986 4052 gratiae
2011 3981 2267 4051 praesidia
2293 3958 2661 4047 commendat,
2692 4000 2856 4054 quam
2877 3958 3083 4040 contra
3112 3987 3354 4043 omnium
3380 3988 3512 4042 vitio
3528 3958 3556 4030 ι’

274 4082 401 4125 rum
439 4069 714 4135 tenebras,
745 4086 909 4140 quam
934 4088 1034 4143 pro
1061 4079 1648 4147 cunctarum'speculo
1699 4078 1965 4132 virtutum
2020 4076 2528 4147 splendidissimum
2578 4093 2677 4135 vas
2705 4072 2990 4136 electionis
3037 4062 3295 4151 opponit!
3354 4081 3542 4137 Primo

272 4156 494 4212 beatum
515 4159 750 4215 Paulum
781 4162 966 4220 libello
1004 4174 1059 4222 et
1091 4169 1349 4225 omnibus
1375 4171 1717 4239 praeferendo
1740 4170 1971 4237 sanctis,
2000 4178 2058 4225 et
2084 4170 2292 4241 angelis
2315 4170 2673 4228 conferendo.
2704 4173 2979 4239 Secundo,
3006 4190 3075 4228 ex
3108 4175 3397 4231 virtutibus
3418 4177 3541 4247 ejus

272 4255 441 4315 atque
476 4250 763 4306 sententiis
792 4253 996 4309 bonum
1025 4258 1323 4313 asserenda
1343 4268 1572 4315 naturae.
1598 4258 1821 4332 \Tertio,
1867 4261 2190 4316 charitatem
2216 4262 2337 4332 ejus
2366 4276 2467 4331 pro
2492 4274 2817 4319 cunctorum
2875 4265 3054 4319 salute
3076 4264 3537 4322 ferventissimam

272 4342 711 4411 comprobanda.
748 4343 959 4410 Quarto
986 4350 1053 4404 de
1082 4352 1368 4423 vocatione
1393 4354 1514 4422 ejus
1536 4361 1591 4408 et
1641 4354 1962 4410 conﬁrmata
1994 4355 2197 4426 ubique
2222 4356 2293 4411 ab
2323 4356 2443 4425 ipso
2467 4355 2744 4427 Evangelii
2774 4358 3002 4415 veritate
3028 4360 3279 4416 dicendo.
3310 4360 3535 4428 Quinto,

270 4431 343 4487 de
368 4433 718 4501 passionibus
748 4437 865 4507 ejus
889 4447 944 4494 et
970 4440 1441 4511 dispensationum
1470 4444 1827 4500 varietatibus
1870 4433 2210 4502 disserendo.
2260 4445 2447 4515 Sexto,
2478 4449 2744 4504 solvendo
2774 4466 2967 4506 omnes
3024 4451 3145 4507 illas
3178 4453 3535 4523 quaestiones,

270 4527 479 4596 quibus
507 4527 887 4591 Traducianus
908 4535 1168 4602 innitens,
1198 4537 1417 4594 beatum
1442 4538 1673 4594 Paulum
1703 4541 1961 4597 vitiorum
1985 4541 2371 4599 obfuscatione
2394 4545 2873 4614 commaculat,-ut
2900 4547 3112 4603 scilicet
3140 4549 3393 4607 ﬁdelibus
3418 4551 3538 4605 suis

272 4620 578 4711 apostolico
603 4623 855 4692 exemplo
904 4622 1125 4695 peccata
1153 4629 1427 4685 conciliet.
1468 4629 1734 4702 Septimo,
1774 4633 1957 4703 ignem
1986 4635 2092 4690 zeli
2120 4636 2241 4706 ejus
2272 4636 2328 4690 in
2357 4634 2581 4692 Christo
2609 4643 2665 4691 et
2685 4618 2813 4693 ante
2842 4638 3104 4704 honorem
3133 4655 3354 4710 quoque
3398 4657 3535 4711 apo-

270 4712 513 4769 uolatus
542 4710 816 4769 fervorem
845 4715 1078 4771 docendi
1110 4734 1277 4789 supra
1326 4731 1554 4779 caeteros
1586 4724 1884 4795 eﬂ'erendo,
1916 4733 1978 4781 ut
2007 4728 2143 4783 satis
2204 4728 2414 4797 liquido
2468 4729 2675 4785 clareat
2724 4731 3049 4787 exstinctam
3108 4746 3231 4788 esse
3264 4710 3528 4802 peccandi

275 4804 684 4870 necessitatem,
712 4822 878 4876 quam
908 4808 1178 4868 adveisus
1205 4812 1536 4870 Manichaeos
1577 4826 1633 4871 et
1689 4818 1941 4874 doctrina
1980 4820 2215 4889 apostoli
2244 4821 2594 4891 depraeliatur
2641 4830 2695 4876 et
2715 4822 2847 4880 vita.
2901 4821 3104 4879 Verum
3167 4839 3270 4880 nos
3316 4826 3372 4881 in
3419 4836 3531 4883 tam

267 4897 475 4966 egregii
501 4899 951 4991 interpretatione
975 4906 1175 4974 operis,
1205 4909 1307 4963 etsi
1336 4909 1474 4964 nihil
1510 4918 1569 4965 ut
1604 4922 1740 4982 puto
1771 4915 1841 4969 de
1869 4930 2132 4970 sensuum
2164 4918 2411 4983 veritate,
2441 4932 2549 4973 non
2581 4926 2761 4974 tamen
2792 4933 2988 4989 parum
3020 4919 3088 4975 de
3119 4921 3323 4991 eloquii
3357 4938 3532 4980 venu-

267 4998 416 5092 state
437 4990 797 5092 perdidimus,
833 4997 1178 5092 splendorem
1220 5010 1329 5055 tam
1363 5003 1566 5059 nobilis
1592 5004 1718 5075 styli
1769 5014 1824 5060 et
1853 5006 2229 5062 elocutionum
2254 5009 2485 5078 gratiam
2521 5010 2827 5081 exprimere
2860 5027 2972 5067 non
3012 4990 3254 5070 valentes
3289 5033 3303 5068 :
3334 5017 3429 5071 sed
3460 5033 3530 5073 ne

265 5081 361 5181 si:
371 5081 605 5181 quidem
630 5086 857 5181 te-istud
877 5086 1191 5181 dmperasse
1217 5094 1498 5161 paeniteat.
1533 5092 1722 5164 Neque
1748 5098 1897 5151 enim
1926 5100 2224 5154 verendum
2257 5101 2351 5156 tibi
2398 5109 2483 5156 est
2522 5116 2593 5157 ne
2638 5101 2779 5157 forte
2826 5103 3121 5173 asperitate
3152 5106 3529 5163 translationis

272 5169 543 5236 olensus‘,
590 5174 844 5236 lectionis
877 5169 1044 5251 hujus
1076 5196 1265 5238 careas
1317 5185 1615 5255 voluptate,
1671 5202 1797 5243 cum
1830 5189 2097 5261 quidquid
2142 5193 2301 5247 nobis
2348 5208 2416 5249 ex
2447 5192 2597 5248 cultu
2635 5193 2810 5249 defuit
2840 5169 3148 5266 ornatuque
3204 5198 3519 5267 verborum,

254 5266 330 5343 id
390 5275 567 5324 totum
630 5271 802 5357 illius,
836 5290 998 5345 quem
1033 5278 1435 5344 transtulimus,
1501 5282 1789 5352 magnifica
1828 5284 2048 5341 inventa
2097 5297 2475 5358 compensent.
2531 5288 2628 5361 Est
2657 5291 2804 5345 enim
2845 5300 3072 5347 sanctus
3120 5290 3359 5351 Joannes
3413 5304 3522 5351 tam

261 5362 454 5418 clarus
476 5369 627 5419 totus
660 5381 725 5423 ac
752 5354 1014 5439 fulgidus,
1049 5378 1110 5425 ut
1140 5368 1299 5428 facile
1330 5374 1507 5443 possit
1536 5376 1933 5433 sententiarum
1958 5393 2191 5435 suarum
2222 5354 2428 5438 lumine
2456 5360 2620 5439 etiam
2655 5383 2797 5440 inter
2830 5384 3005 5441 nostri
3037 5388 3312 5443 sermonis
3335 5389 3523 5446 nubila

259 5470 580 5524 coruscare.

1732 5609 2050 5625 *ἡ
