4206 6318
371 380 477 439 ιτδ

1195 383 1284 441 DE
1317 383 1668 444 LAUDIBUS
1707 383 1769 444 5.
1806 384 2018 446 PAULI
2055 386 2422 448 APOSTOLI‘.
2468 389 2705 448 HOMIL.
2742 390 2786 446 l.

3510 390 3626 448 ιη

391 628 3622 674 W

1252 889 1395 962 DE
1445 883 1963 962 LAUDIBUS
2014 885 2215 963 SAN
2216 886 2396 961 ΟΤΙ
2446 887 2768 962 PAULI

1851 1051 2154 1097 APOSTOLI
2161 1081 2178 1097 ο

969 1328 1189 1371 nolim
1212 1331 1230 1370 ι
1253 1315 1353 1393 (α).

436 1401 580 1466 Nihil
600 1418 822 1476 prorsus
856 1406 1138 1472 erraverit,
1169 1406 1258 1476 qui
1291 1414 1501 1476 pratum
1529 1405 1802 1476 quoddam
1829 1405 1960 1461 insi-

366 1511 471 1569 gne
491 1497 769 1568 virtutum,
789 1505 846 1554 et
872 1497 1174 1569 paradisum
1195 1498 1526 1568 spiritualem
1549 1498 1697 1554 Pauli
1717 1499 1959 1554 animum

368 1589 756 1662 nuncupaverit
797 1609 812 1646 :
845 1601 953 1646 tam
995 1591 1161 1646 multa
1187 1593 1330 1647 enim
1357 1593 1527 1662 gratia
1580 1591 1783 1661 ﬂoruit,
1826 1601 1958 1646 tam-

366 1696 473 1751 que
495 1680 620 1736 huic
647 1683 834 1752 gratia:
856 1691 1187 1751 congruente
1207 1682 1331 1736 vitae
1357 1681 1698 1753 perfectione
1718 1683 1961 1752 resplen-

366 1762 513 1827 duit:
564 1772 817 1843 quoniam
855 1771 999 1828 enim
1049 1787 1146 1827 vas
1193 1772 1475 1828 electionis
1503 1773 1728 1828 eti‘ectus
1754 1782 1854 1838 est,
1904 1781 1960 1829 et

365 1861 503 1918 bene
516 1862 864 1932 semetipsum
886 1861 1175 1917 emendare
1190 1862 1419 1928 curavit,
1436 1863 1734 1932 largissime
1756 1863 1807 1917 in
1833 1876 1956 1917 eum

363 1954 537 2010 sancti
561 1953 794 2023 Spiritus
817 1968 1012 2010 munus
1038 1953 1265 2010 effusum
1289 1962 1392 2009 est.
1428 1953 1579 2010 Unde
1607 1964 1662 2010 et
1687 1954 1958 2010 mirabiles

365 2046 524 2103 nobis
564 2045 756 2102 ﬂuvios
795 2047 998 2118 genuit,
1023 2061 1129 2102 non
1178 2047 1471 2104 secundum
1502 2046 1734 2116 paradisi
1783 2046 1958 2101 fontes

365 2147 594 2208 quatuor
623 2147 825 2193 tantum
849 2179 866 2203 ,
888 2137 984 2194 sed
1014 2137 1190 2192 multo
1241 2138 1403 2193 etiam
1434 2138 1615 2207 plures
1646 2146 1700 2192 et
1720 2136 1958 2207 quotidie

365 2226 634 2283 ﬂuentes:
663 2241 769 2282 non
814 2236 1013 2282 terram
1035 2229 1288 2297 rigantes,
1320 2226 1416 2282 sed
1445 2226 1655 2281 animas
1678 2225 1958 2280 hominum

366 2320 438 2376 ad
481 2315 831 2391 pro'ducenda
865 2321 1128 2374 virtutum
1171 2319 1410 2390 germina
1453 2321 1794 2375 suscitantes.
1827 2318 1959 2386 Quis

366 2426 496 2483 ergo
517 2411 686 2481 ipsius
714 2411 919 2466 meritis
947 2410 1176 2467 sufficiet
1190 2411 1409 2466 sermo?
1431 2425 1553 2480 qua:
1578 2420 1757 2465 autem
1778 2411 1958 2479 lingua

365 2501 616 2559 laudibus
646 2500 766 2571 ejus
807 2499 1108 2556 invenietur
1134 2501 1376 2572 aequalis,
1421 2515 1543 2556 cum
1594 2500 1775 2555 omnia
1826 2517 1950 2570 qua:

365 2602 491 2649 sunt
519 2595 576 2649 in
605 2593 911 2650 hominibus
940 2593 1079 2648 bona
1103 2635 1119 2660 ,
1150 2609 1254 2648 una
1282 2593 1461 2648 anima
1491 2592 1782 2663 possideat,
1812 2602 1867 2648 et
1893 2609 1959 2649 ea

364 2695 558 2742 cuncta
613 2685 775 2757 plene
821 2690 984 2756 atque
1016 2685 1283 2741 cumulate
1313 2726 1330 2752 ,
1361 2700 1478 2755 qua:
1508 2701 1615 2739 non
1647 2685 1818 2740 solum
1851 2684 1954 2740 ho-

366 2779 571 2833 minum
599 2785 745 2843 sunt,
789 2777 884 2833 sed
921 2777 1106 2844 etiam,
1155 2777 1302 2848 quod
1344 2785 1429 2831 est
1451 2777 1706 2846 amplius,
1748 2777 1959 2847 angelo-

366 2868 520 2923 rum?
540 2866 884 2938 Nequaquam
909 2882 1038 2938 ergo
1067 2881 1351 2938 possumus
1378 2866 1494 2936 ejus
1521 2866 1795 2937 explicare
1821 2882 1959 2938 pra:-

366 2959 522 3015 conia
561 2976 574 3012 :
604 2974 707 3015 nec
742 2967 923 3014 tamen
967 2958 1165 3013 idcirco
1203 2958 1566 3024 reticebimus,
1604 2957 1730 3028 quia
1784 2957 1960 3026 potius

367 3059 654 3121 propterea
689 3047 951 3104 dicemus.
1002 3048 1098 3102 Est
1125 3048 1270 3104 enim
1300 3047 1405 3102 hoc
1447 3048 1739 3102 maximum
1785 3047 1960 3104 laudis

364 3155 554 3212 genus,
571 3154 694 3196 cum
705 3141 964 3196 orationis
977 3140 1184 3211 copiam
1200 3141 1366 3194 virtus
1383 3147 1686 3209 exsuperat,
1700 3147 1753 3194 et
1766 3154 1962 3209 magm-

369 3233 498 3290 tudo
517 3233 718 3288 laudati
742 3249 757 3286 :
789 3232 972 3303 sicque
999 3232 1141 3287 vinci
1170 3230 1326 3286 nobis
1344 3239 1429 3287 est
1456 3232 1625 3285 multo
1648 3231 1953 3302 gloriosius,

367 3339 529 3395 quam
554 3338 701 3393 stupe
729 3323 944 3378 vicisse.
977 3320 1132 3378 Unde
1161 3321 1324 3392 igitur
1343 3321 1698 3391 opportunius
1742 3319 1956 3375 laudum

367 3415 484 3487 ejus
523 3429 805 3471 sumemus
829 3413 1108 3471 exordium
1129 3413 1153 3470 2
1174 3413 1348 3481 Unde,
1375 3414 1610 3484 inquam,
1642 3414 1961 3484 incipiemus

367 3505 608 3572 aliunde,
633 3504 736 3561 nisi
762 3504 830 3560 ab
851 3506 954 3560 hoc
975 3505 1093 3575 ipso
1107 3504 1368 3576 primum,
1397 3513 1456 3559 ut
1477 3504 1824 3560 ostendamus
1835 3519 1957 3559 eum

367 3599 508 3654 bona
529 3597 770 3653 omnium
797 3597 1160 3665 possidentem
1187 3596 1211 3650 ἲ
1236 3596 1364 3653 Sive
1391 3596 1535 3652 enim
1560 3596 1836 3666 propheta:
1854 3611 1957 3667 po-

371 3687 570 3745 tentius
596 3688 652 3742 in
679 3693 739 3743 se
763 3686 963 3758 aliquid
994 3687 1366 3752 ostenderunt,
1395 3688 1668 3757 magisque
1689 3685 1957 3755 mirabile,

368 3783 481 3837 sive
499 3780 836 3852 patriarchae,
867 3780 982 3836 sive
1002 3780 1156 3851 justi,
1189 3774 1302 3836 sive
1327 3780 1576 3850 apostoli,
1613 3780 1726 3835 sive
1749 3787 1959 3851 marty-

370 3891 480 3944 res,
503 3875 622 3930 hmc
644 3875 824 3930 omnia
852 3874 1012 3929 simul
1040 3875 1299 3946 colligens
1324 3873 1520 3928 Paulus
1545 3887 1669 3928 cum
1697 3881 1846 3928 tanto
1869 3873 1957 3927 ha-

369 3966 460 4025 bet
487 3968 726 4034 cumulo,
757 3982 878 4022 cum
921 3975 1127 4037 quanto
1165 3967 1343 4021 nullus
1367 3981 1553 4021 eorum
1603 3966 1824 4032 bonum,
1853 3982 1959 4036 quo

367 4058 702 4125 excellebat,
751 4057 1008 4127 implevit.
1043 4057 1155 4112 Hoc
1179 4058 1358 4128 itaque
1396 4056 1702 4128 diligentius
1728 4058 1954 4114 intuere.

370 4149 506 4205 Abel
553 4147 743 4203 obtulit
785 4146 1106 4202 sacrificium
1130 4188 1145 4212 ,
1175 4155 1232 4201 et
1281 4146 1404 4202 inde
1435 4145 1681 4201 laudatur
1721 4145 1872 4217 (Gen.
1901 4147 1954 4201 4.

371 4240 464 4310 4);
508 4238 618 4295 sed
667 4239 715 4294 si
755 4239 904 4294 Pauli
945 4238 1172 4293 hostiam
1222 4236 1550 4292 adducamus
1592 4238 1645 4292 in
1700 4237 1956 4301 medium,

371 4337 630 4399 quantum
655 4327 841 4383 calum
873 4336 1032 4393 terra,
1059 4325 1303 4397 superior
1321 4326 1614 4397 apparebit.
1645 4326 1815 4395 Quam
1832 4343 1960 4397 ergo

373 4420 535 4476 vultis
575 4429 635 4475 at
657 4418 993 4475 memorem?
1035 4433 1142 4474 non
1187 4419 1334 4475 enim
1365 4433 1467 4472 una
1496 4428 1698 4473 tantum
1725 4427 1808 4474 est
1841 4437 1852 4472 :
1881 4419 1959 4473 si-

371 4512 589 4584 quidem
636 4510 983 4581 semetipsum
1025 4526 1120 4580 per
1160 4510 1276 4567 dies
1327 4511 1566 4581 singulos
1611 4511 1958 4567 immolabat:

373 4619 531 4676 quam
563 4611 743 4660 tamen
769 4617 956 4658 rursus
979 4603 1203 4658 hostiam
1233 4603 1515 4672 dupliciter
1535 4604 1813 4671 oll‘erebat,
1836 4619 1959 4659 cum

372 4697 612 4767 quotidie
652 4697 890 4754 moriens
927 4695 1002 4766 (ι.
1035 4696 1154 4752 Cor.
1197 4699 1284 4753 l5.
1319 4695 1434 4768 51),
1467 4705 1578 4751 tum
1631 4697 1684 4752 in
1733 4711 1961 4767 corpore

375 4803 472 4843 suo
508 4788 970 4868 mortiﬁcationem
1014 4787 1132 4845 sine
1155 4786 1551 4843 intermissione
1577 4788 1960 4845 circumferens

373 4879 430 4947 (2
451 4879 572 4935 Cor.
600 4879 655 4934 4.
683 4879 798 4950 {0).
842 4880 974 4936 Nam
1011 4889 1066 4936 et
1087 4879 1154 4934 ad
1182 4877 1416 4950 pericula
1448 4878 1648 4950 jugiter
1671 4879 1960 4951 parabatur

373 4983 755 5026 consummans
779 4971 1052 5027 voluntate
1075 4971 1388 5042 martyrium
1410 5010 1425 5035 ,
1455 4980 1512 5025 et
1545 4978 1787 5027 naturam
1816 4972 1872 5027 in
1898 4986 1958 5028 se

376 5059 748 5117 mortificando
771 5062 970 5136 carnis,
1000 5060 1129 5116 nihil
1159 5061 1336 5117 minus
1349 5076 1510 5134 quam
1537 5061 1827 5118 immolata:
1847 5063 1960 5120 Deo

378 5152 568 5207 hostia:
611 5166 806 5208 munus
853 5153 1129 5222 implebat,
1157 5153 1266 5208 imo
1294 5153 1457 5208 etiam
1500 5153 1670 5209 multo
1707 5154 1937 5224 amplius

375 5239 492 5298 Non
522 5243 667 5298 enim
698 5257 827 5299 oves
853 5242 1130 5308 offerebat,
1151 5251 1245 5299 aut
1269 5243 1433 5300 boves
1452 5287 1468 5312 ,
1490 5245 1584 5301 sed
1615 5246 1959 5316 semetipsum

379 5350 473 5405 per
493 5335 611 5390 dies
633 5335 872 5405 singulos
895 5335 1202 5405 dupliciter,
1235 5345 1294 5392 ut
1325 5337 1578 5405 diximus,
1605 5338 1915 5395 immolabat
1943 5358 1958 5395 :

379 5433 595 5496 propter
622 5427 763 5493 quod
805 5426 1078 5484 conlidens
1103 5427 1237 5483 dixit
1291 5447 1307 5484 :
1336 5428 1449 5501 Ego
1473 5431 1604 5484 enim
1619 5432 1736 5501 jam
1776 5431 1960 5487 immo-

383 5516 461 5571 ιον·
497 5515 573 5587 (2.
602 5515 738 5572 Tim.
771 5517 824 5571 ι.
848 5518 928 5590 6),
975 5519 1287 5591 sanguinem
1320 5521 1500 5594 utique
1529 5537 1685 5578 suum
1715 5523 1959 5580 immola-

381 5606 578 5666 tionem
605 5610 823 5664 vocans.

2139 1318 2269 1385 Qua
2317 1318 2568 1387 sacriﬁcia
2603 1315 2806 1374 Paulus
2850 1318 3076 1396 υπατος,
3104 1350 3180 1364 -
3209 1320 3397 1395 Neque
3425 1338 3552 1380 vero
3575 1323 3664 1382 bis

2061 1409 2432 1464 tantummodo
2456 1407 2731 1466 sacriﬁciis
2757 1401 3161 1470 contentusfuit
3189 1430 3204 1469 :
3232 1415 3328 1472 sed
3355 1417 3478 1487 quia
3522 1417 3662 1475 bene

2062 1513 2122 1556 se
2153 1501 2323 1570 ipsum
2346 1511 2756 1558 consecraverat
2779 1504 2890 1560 Deo
2909 1544 2926 1570 ,
2953 1504 3114 1561 etiam
3136 1505 3325 1562 orbem
3349 1507 3658 1564 universum

2063 1591 2265 1647 studuit
2281 1592 2475 1648 offerre
2493 1611 2507 1648 :
2527 1596 2616 1664 qui
2640 1604 2835 1651 terram
2857 1594 3102 1652 videlicet
3118 1611 3183 1653 ac
3198 1611 3370 1665 mare,
3393 1597 3657 1655 Greciam

2061 1684 2233 1738 simul
2246 1699 2308 1740 ac
2334 1684 2642 1741 Barbariam
2659 1726 2676 1754 ,
2708 1701 3030 1756 omnemque
3055 1702 3275 1758 prorsus
3295 1729 3311 1756 ,
3347 1697 3547 1761 quanta
3572 1699 3659 1747 est

2060 1775 2161 1832 sub
2179 1777 2336 1841 caelo,
2373 1778 2644 1848 regionem
2661 1817 2678 1843 ,
2709 1779 2862 1848 quasi
2884 1779 3115 1835 volitans
3136 1819 3154 1847 ,
3184 1778 3519 1848 circumivit,
3546 1795 3656 1836 non

2061 1869 2290 1938 simplici
2308 1869 2523 1935 labore,
2548 1869 2720 1925 veluti
2747 1870 2801 1924 in
2828 1883 3053 1925 vacuum
3075 1869 3266 1926 itinera
3295 1884 3655 1942 percurrens;

2061 1958 2160 2014 sed
2218 1969 2557 2028 peccatorum
2603 1959 2786 2029 spinas
2813 1959 3010 2030 pariter
3034 1959 3308 2027 evellens,
3337 1967 3396 2016 et
3433 1957 3658 2015 verbum

2061 2051 2332 2106 seminans
2361 2051 2554 2121 ubique
2581 2049 2826 2120 pietatis,
2875 2049 3066 2121 fugans
3091 2063 3306 2106 errores
3329 2089 3348 2118 ,
3376 2050 3655 2106 veritatem

2063 2141 2362 2205 reducens,
2411 2155 2478 2195 ex
2525 2140 2830 2196 hominibus
2869 2140 3092 2211 angelos
3120 2138 3364 2196 faciens:
3393 2135 3657 2211 quinlmo

2063 2235 2209 2304 ipsos
2235 2232 2479 2291 homines
2507 2233 2660 2304 quasi
2686 2248 2754 2290 ex
2773 2233 3108 2289 dazmonibus
3136 2231 3189 2288 in
3213 2231 3436 2303 angelos
3465 2245 3658 2302 prove-

2063 2324 2218 2380 liens.
2262 2321 2489 2394 Propter
2530 2324 2670 2395 quod
2694 2324 2805 2394 jam
2835 2323 2964 2380 hinc
2991 2333 3114 2394 post
3145 2321 3372 2383 sudores
3397 2322 3657 2391 plurimos

2063 2430 2127 2472 ac
2155 2424 2355 2486 tropea
2381 2413 2788 2470 innumerabilia
2827 2414 3178 2480 transiturus,
3222 2427 3321 2484 pro
3360 2410 3656 2482 discipulo-

2062 2521 2180 2561 rum
2199 2506 2566 2561 consolatione
2586 2503 2797 2560 dicebat
2823 2521 2838 2560 :
2865 2503 2972 2560 Sed
3000 2514 3046 2560 et
3069 2504 3114 2558 si
3137 2501 3374 2558 immolor
3397 2518 3549 2573 super
3565 2517 3658 2557 ss-

2063 2597 2312 2666 cri/icium
2330 2606 2379 2653 et
2398 2596 2689 2666 obsequium
2708 2595 2829 2664 ﬁdei
2850 2603 3046 2662 vestra,
3075 2593 3292 2665 gaudeo,
3315 2601 3364 2648 et
3386 2601 3660 2664 congratu-

2062 2689 2142 2744 lor
2163 2689 2394 2743 omnibus
2412 2688 2551 2743 nobis
2572 2702 2593 2743 :
2621 2696 2828 2757 prepter
2844 2686 2980 2758 quod
3003 2695 3050 2741 ct
3077 2699 3165 2740 nos
3189 2686 3404 2757 gaudete
3421 2723 3438 2749 ,
3456 2693 3505 2737 ct
3528 2697 3654 2737 con-

2056 2781 2392 2852 gratulamini
2415 2782 2540 2836 mihi
2567 2780 2829 2854 (Philipp.
2851 2777 2906 2835 2.
2940 2779 3030 2834 17.
3063 2776 3175 2846 18).
3204 2775 3468 2844 Quidnam
3498 2773 3659 2844 igitur

2063 2871 2190 2926 huic
2238 2870 2426 2926 hostiae
2468 2871 2766 2942 reperietur
2789 2868 3024 2940 aequale,
3048 2881 3208 2939 quam
3233 2864 3432 2922 Paulus
3469 2863 3659 2920 stricto

2061 2965 2230 3017 sancti
2259 2963 2490 3032 Spiritus
2507 2963 2687 3035 gladio
2707 2961 3039 3028 immolavit,
3070 2975 3339 3032 quamque
3371 2958 3426 3013 in
3453 2957 3548 3013 illo
3574 2957 3658 3012 al-

2063 3053 2164 3109 tari
2190 3053 2403 3119 obtulit,
2436 3054 2578 3126 quod
2603 3070 2765 3124 supra
2792 3055 2956 3112 caelos
2984 3054 3214 3111 locatum
3242 3052 3364 3109 est?
3386 3050 3492 3109 Sed
3520 3050 3657 3108 Abel

2062 3145 2189 3201 dolo
2236 3147 2474 3216 germani
2526 3161 2812 3216 percussus
2866 3146 3114 3203 occubuit
3147 3144 3304 3218 (Gen.
3333 3145 3369 3216 ᾧ
3399 3143 3420 3215 )
3453 3160 3468 3198 :
3495 3151 3659 3214 atque

2065 3236 2190 3290 hinc
2210 3235 2431 3292 eti’ectus
2458 3245 2541 3292 est
2558 3234 2772 3292 clarior.
2794 3235 2866 3292 At
2892 3249 2994 3305 ego
3019 3236 3329 3291 innumeras
3355 3233 3450 3290 tibi
3474 3242 3659 3288 osten-

2064 3327 2185 3382 dam
2214 3337 2433 3391 mortes,
2463 3334 2540 3383 tot
2559 3327 2762 3396 utique,
2787 3334 2919 3397 quot
2941 3325 3106 3382 etiam
3128 3324 3245 3381 dies
3266 3324 3451 3380 beatus
3478 3323 3581 3378 iste
3600 3321 3656 3377 in

2057 3415 2443 3486 prmdicalioue
2469 3416 2618 3471 vixit.
2635 3414 2691 3472 Si
2712 3430 2840 3472 vero
2861 3429 2982 3471 eam
3007 3430 3222 3486 quoque
3237 3413 3317 3469 vis
3335 3426 3497 3468 nosse
3511 3425 3661 3466 mor-

2063 3518 2170 3563 tem
2195 3550 2210 3575 ,
2241 3523 2362 3580 qua:
2402 3508 2692 3564 novissime
2733 3508 2894 3564 etiam
2937 3507 3101 3562 rebus
3129 3505 3347 3574 impleta
3372 3513 3493 3559 est:
3521 3501 3656 3560 Abel

2062 3599 2281 3670 quidem
2307 3613 2337 3653 a
2365 3599 2528 3654 fratre
2546 3640 2561 3665 ,
2592 3609 2652 3654 ut
2680 3597 2812 3653 nihil
2834 3613 2866 3653 a
2894 3612 2955 3654 se
2982 3597 3142 3663 laeso,
3172 3598 3246 3653 ita
3274 3596 3437 3651 nullis
3462 3593 3658 3651 affecto

2065 3691 2340 3747 beneficiis
2360 3692 2712 3760 interemptus
2728 3698 2844 3756 est;
2868 3687 3067 3744 Paulus
3091 3703 3220 3744 vero
3246 3686 3315 3744 ab
3343 3686 3407 3742 iis
3436 3684 3658 3742 interfe-

2056 3790 2181 3840 ctus
2229 3792 2345 3847 cst,
2388 3794 2524 3852 quos
2556 3779 2852 3835 innumeris
2880 3778 3038 3834 malis
3060 3777 3308 3848 cupiebat
3325 3775 3535 3846 eripere
3553 3814 3570 3841 ,
3601 3783 3660 3830 ct

2063 3881 2284 3942 propter
2302 3885 2438 3941 quos
2482 3870 2734 3926 sustinuit
2757 3868 3018 3925 'universa
3053 3882 3173 3938 qua:
3202 3880 3391 3937 passus
3415 3873 3516 3921 est.
3546 3864 3657 3920 Sed

2063 3963 2178 4021 Noe
2191 3962 2367 4033 justus
2384 3963 2437 4016 in
2457 3961 2802 4032 generatione
2823 3974 2943 4027 sua,
2972 3965 3134 4028 atque
3153 3955 3423 4028 perfectus
3441 3996 3458 4021 ,
3482 3965 3536 4010 ct
3560 3970 3656 4011 so-

2064 4055 2148 4108 lus
2175 4061 2291 4108 erat
2320 4052 2440 4113 talis
2464 4052 2515 4108 in
2543 4051 2749 4107 cunctis
2767 4047 2920 4122 (Gen.
2947 4047 3002 4104 6.
3024 4047 3062 4104 9
3091 4050 3132 4116 )z
3155 4046 3252 4104 scd
3267 4054 3324 4103 et
3343 4046 3545 4101 Paulus
3567 4058 3659 4100 so-

2066 4145 2151 4199 lus
2179 4145 2318 4199 inter
2345 4158 2536 4199 omnes
2562 4142 2704 4198 talis.
2735 4142 2808 4197 Et
2830 4141 2921 4198 ille
2949 4135 3167 4212 quidem
3194 4153 3257 4196 se
3280 4137 3656 4214 tantummodo

2063 4236 2256 4308 legitur
2272 4249 2518 4292 servasse
2539 4232 2663 4290 'cum
2683 4233 2898 4298 liberis;
2921 4232 3010 4288 hic
3036 4239 3215 4286 autem
3236 4231 3408 4308 multo
3431 4228 3659 4286 βωνίοω

2065 4328 2321 4383 mundum
2348 4327 2656 4382 *inundante
2707 4325 2908 4382 diluvio
2930 4364 2950 4393 ,
2999 4337 3108 4379 non
3149 4337 3330 4378 arcam
3356 4321 3659 4393 coaptando

2063 4420 2468 4492 compaginibus
2495 4418 2794 4475 tabularum
2819 4457 2836 4484 ,
2864 4416 2964 4473 sed
2998 4415 3254 4488 epistolas
3281 4414 3660 4485 componendo

2063 4528 2163 4583 pro
2193 4512 2388 4568 tabulis
2405 4553 2422 4580 ,
2444 4527 2551 4568 non
2575 4510 2712 4567 duos
2731 4508 2817 4566 vel
2843 4519 2955 4565 tres
2981 4516 3074 4564 aut
3101 4507 3336 4580 quinque
3361 4515 3621 4578 cognatos
3637 4547 3655 4573 ,

2063 4606 2160 4662 sed
2179 4605 2485 4661 universum
2511 4617 2730 4674 prorsus
2757 4601 2943 4658 orbem
2972 4600 3140 4672 mergi
3171 4599 3559 4670 periclitantem
3591 4615 3658 4655 ex

2064 4696 2255 4752 mediis
2277 4695 2526 4752 ﬂuctibus
2541 4693 2806 4750 liberavit.
2830 4692 2942 4749 Nec
2957 4707 3085 4748 vero
3100 4699 3218 4748 erat
3237 4691 3353 4747 haec
3372 4691 3493 4747 talis
3508 4705 3659 4759 arca,

2065 4797 2125 4843 ut
2144 4800 2251 4842 uno
2269 4787 2707 4842 circumferretur
2724 4784 2861 4850 loco,
2884 4797 3005 4855 quae
3020 4782 3203 4854 utique
3228 4777 3375 4838 orbis
3391 4790 3659 4838 terrarum

2064 4879 2324 4936 terminos
2349 4877 2770 4949 comprehendit.
2799 4875 2932 4932 Nam
2969 4887 3139 4946 usque
3181 4888 3325 4931 nunc
3363 4885 3555 4931 omnes
3605 4875 3660 4930 in

2066 4971 2208 5028 hanc
2230 4983 2410 5027 arcam
2430 4970 2628 5026 Paulus
2648 4969 2886 5037 inducit,
2911 4981 3074 5038 quam
3098 4976 3246 5025 certe
3270 4957 3526 5039 capacem
3555 4967 3677 5022 sal-

2066 5063 2255 5119 vandte
2283 5061 2637 5118 multitudinis
2671 5060 3017 5131 praeparavit,
3041 5074 3162 5131 quae
3189 5059 3490 5130 suscipiens
3523 5058 3660 5114 irra-

2068 5147 2412 5210 tionabilibus
2439 5167 2576 5224 pene
2599 5151 2918 5208 animalibus
2934 5152 3227 5218 stultiores,
3257 5151 3555 5207 imitatores
3579 5151 3666 5206 ef-

2067 5247 2179 5302 llcit
2201 5245 2538 5316 angelorum.
2580 5245 2648 5300 Et
2671 5242 2798 5300 hinc
2825 5259 3037 5316 quoque
3079 5245 3222 5299 illam
3251 5244 3414 5301 vineit
3440 5259 3651 5312 arcam,

2065 5338 2189 5410 quia
2215 5337 2302 5394 illa
2345 5335 2563 5406 quidem
2602 5346 2836 5392 corvum‘
2873 5336 3174 5407 recipiens,
3215 5351 3434 5393 corvum
3464 5351 3660 5391 rursus

2066 5428 2245 5485 emisit
2275 5427 2427 5502 (Gen.
2455 5429 2489 5484 8
2514 5427 2558 5495 ),
2589 5437 2644 5484 et
2668 5425 2948 5484 includens
2973 5428 3159 5498 lupum
3185 5469 3201 5492 ,
3246 5427 3510 5483 feritatem
3538 5425 3658 5495 ejus

2066 5529 2276 5577 mutare
2319 5534 2425 5576 non
2454 5519 2628 5589 potuit
2659 5537 2672 5574 :
2701 5518 2817 5574 hac
2855 5535 2983 5576 vero
3009 5534 3115 5575 non
3142 5519 3212 5574 ita
3232 5560 3249 5586 ,
3285 5517 3380 5574 sed
3410 5526 3660 5586 acceptos

2066 5611 2221 5685 lupos
2246 5628 2374 5670 oves
2417 5611 2676 5683 reddidit,
2708 5610 2993 5672 accipitres
3033 5612 3331 5683 milvosque
3357 5609 3658 5680 suscipiens

569 5726 643 5794 (α)
663 5725 1005 5779 cel.cumcod.
1030 5734 1146 5791 καις.
1171 5730 1305 5792 1956,
1331 5731 1379 5780 in
1396 5745 1491 5793 quo
1514 5732 1667 5796 prima
1689 5732 1846 5786 solum
1862 5734 2086 5789 habetur.
