4206 6308
573 333 677 394 475

571 445 693 502 fecit
720 449 994 509 columbas
1017 452 1196 525 (a),.et
1221 458 1511 518 excludens
1539 478 1750 523 omnem
1769 469 2143 533 irrationabili—

572 546 737 629 tatem
766 549 922 629 atque
947 541 1300 615 ferocitatem,
1327 556 1784 613 mansuetudinem
1813 559 2040 629 Spiritus
2061 563 2140 617 in-

570 628 808 681 troduxit
836 646 849 682 :
881 641 1165 703 manetque
1192 636 1350 695 hodie
1375 642 1491 697 haec
1518 659 1711 701 arcana
1733 628 2014 719 navigans,
2046 667 2142 707 nec

569 724 744 809 tamen
770 719 1053 809 aliquando
1078 724 1424 796 dissolvitur”
1455 749 1554 789 nec
1597 737 1738 791 valet
1779 738 1982 794 tabulas
2029 743 2143 809 ejus

568 803 673 858 ulla
703 807 921 862 malitiae
956 810 1136 869 laxare
1160 823 1480 887 tempestas:
1513 823 1637 892 quin
1662 826 1834 892 potius
1869 827 1979 897 ipsa
2007 803 2143 886 tein-

568 898 790 965 pestatis
817 910 989 958 motus
1009 909 1301 977 navigando
1327 917 1671 983 compescuit,
1699 919 1838 988 quod
1860 921 1987 976 satis
2013 937 2142 977 con-

568 998 853 1081 sequenter
881 993 1122 1050 effectum
1149 1009 1249 1055 est.
1281 1002 1398 1058 Non
1427 1006 1569 1059 enim
1593 1008 1854 1065 bitumine
1875 1022 1964 1066 aut
1991 1015 2138 1081 pice,

566 1079 662 1169 sed
705 1092 892 1137 sancto
922 1084 1124 1154 Spiritu
1173 1093 1290 1161 ejus
1321 1096 1511 1150 tabulae
1557 1108 1675 1153 sunt
1707 1079 2004 1169 perunctae.
2037 1103 2142 1159 Sed

568 1168 842 1226 Abraham
871 1176 1132 1232 mirantur
1160 1197 1367 1248 omnes,
1397 1187 1517 1256 quia
1538 1202 1657 1242 cum
1688 1168 1954 1246 audisset:
1979 1193 2140 1247 Abra-

569 1260 710 1353 ham,
733 1265 816 1316 exi
835 1266 897 1316 de
922 1275 1053 1320 terra
1075 1279 1178 1339 tua,
1207 1283 1254 1326 et
1280 1275 1342 1328 de
1365 1279 1758 1348 cognationelua
1778 1281 1929 1352 (Geni
1952 1283 2037 1337 12.
2063 1285 2140 1353 i):

567 1355 624 1400 et
646 1348 863 1443 domum
884 1355 1098 1425 reliquit
1121 1368 1175 1415 et
1203 1363 1450 1443 patriam,
1471 1375 1532 1422 αι
1548 1369 1748 1423 amicos
1768 1348 1925 1440 atque
1945 1348 2142 1443 cogna-

569 1443 674 1502 tos,
689 1440 927 1508 ’quorum
954 1448 1188 1502 omnium
1210 1440 1471 1519 jacturam
1519 1456 1634 1511 solo
1674 1458 1841 1514 divini
1887 1440 2142 1532 praicepti

568 1539 752 1583 amore
771 1535 1150 1620 compensabat
1177 1554 1190 1591 :
1230 1555 1350 1595 nam
1381 1552 1436 1597 et
1460 1560 1560 1600 nos
1584 1561 1707 1602 eum
1731 1559 2008 1620 propterea
2046 1553 2144 1606 mi-

566 1629 766 1671 ramur.
794 1616 898 1674 Sed
922 1622 1050 1691 quid
1077 1625 1240 1694 Paulo
1261 1633 1428 1698 possit
1465 1637 1666 1703 requari
1691 1616 1954 1707 ?quivnon
1983 1642 2142 1696 modo

568 1710 816 1801 patriam,
839 1728 1114 1785 cognatos,
1128 1734 1190 1774 ac
1215 1722 1454 1792 domum,
1470 1727 1562 1782 sed
1583 1729 1752 1799 ipsum
1765 1746 1973 1801 quoque
1990 1749 2143 1786 mun-

567 1797 693 1854 dum
733 1803 985 1885 reliquit:
1027 1808 1135 1863 imo
1161 1812 1321 1866 etiam
1343 1816 1564 1882 caelum,
1598 1797 1652 1872 et
1687 1797 2052 1886 omium-cce“,
2089 1831 2144 1877 et

566 1887 683 1943 bzec
701 1893 879 1946 omnia
897 1893 1163 1950 Christum
1187 1901 1528 1969 suapicieudo
1553 1905 1794 1974 despexit
1818 1927 1830 1962 :
1861 1925 2021 1962 unum
2047 1926 2142 1979 pro

565 1981 772 2070 cunctis
794 1991 848 2037 et
870 1983 1040 2040 solum
1062 2029 1076 2055 ,
1098 1987 1151 2043 id
1179 1999 1293 2056 est,
1321 1991 1514 2047 Christi
1539 2000 1810 2053 caritatem
1842 2003 2137 2070 requirens,

570 2068 752 2136 Neque
778 2080 1074 2144 praesentia,
1109 2080 1308 2151 inquit,
1331 2101 1486 2154 neque
1513 2091 1704 2156 futura,
1727 2107 1880 2160 neque
1903 2068 2139 2161 altitudo,

565 2177 724 2231 neque
748 2167 1078 2235 profundum,
1108 2187 1267 2241 neque
1294 2175 1398 2227 alia
1424 2187 1654 2230 creatura
1675 2182 1853 2248 poterit
1885 2198 1976 2234 nos
1995 2199 2142 2252 seps-

563 2265 679 2303 rare
695 2267 728 2305 α
750 2255 956 2308 caritate
971 2255 1090 2324 βοὶ,
1113 2276 1223 2326 quas
1247 2271 1318 2314 est
1352 2264 1404 2316 in
1428 2263 1623 2320 Christo
1651 2266 1776 2321 Iesu
1806 2269 2020 2323 Domino
2044 2288 2139 2325 no-

560 2351 670 2395 stro
692 2341 711 2412 (
735 2341 885 2398 Rom.
914 2345 967 2402 8.
995 2348 1082 2404 58.
1102 2351 1215 2420 59).
1242 2352 1344 2407 Sed
1368 2355 1633 2410 Abraham
1662 2360 1894 2429 seipsum
1925 2363 1977 2415 in
2006 2363 2142 2430 peri-

564 2433 742 2487 culum
784 2437 1028 2504 tradens,
1083 2439 1324 2498 hostibus
1372 2445 1534 2500 filium
1587 2447 1764 2504 fratris
1817 2453 2036 2520 eripuit;
2081 2461 2140 2506 at

563 2521 760 2578 Paulus
785 2540 887 2579 non
910 2526 1085 2583 fratris
1110 2529 1272 2585 filium
1292 2574 1306 2598 ,
1337 2550 1508 2604 neque
1541 2545 1647 2592 tres
1675 2549 1762 2592 aut
1787 2540 2017 2608 quinque
2045 2558 2136 2594 ur-

563 2610 689 2676 bes,
737 2613 832 2668 sed
876 2616 1061 2671 orbem
1107 2620 1409 2676 universum
1465 2624 1533 2679 de
1587 2626 1700 2694 ipsa
1753 2627 2136 2683 daznioniornm

563 2703 786 2758 extorsit
807 2719 998 2774 manu,
1025 2708 1431 2768 innumerabilia
1469 2729 1562 2783 per
1583 2717 1698 2771 dies
1730 2718 1963 2787 singulos
1992 2721 2135 2788 pcri-

564 2790 680 2844 cula
706 2793 1017 2850 sustinendo
1039 2837 1054 2862 ,
1089 2802 1422 2870 propriisque
1449 2805 1705 2859 mortibus
1735 2808 2014 2861 maximam
2046 2824 2134 2862 se-

561 2880 836 2935 curitatem
866 2884 984 2939 aliis
1010 2891 1386 2957 comparando.
1411 2891 1580 2961 Caput
1627 2895 1885 2950 bonorum
1916 2898 2135 2965 ejusque

559 2968 769 3024 culmen
800 2972 1144 3044 philosophia:
1166 2988 1265 3044 est,
1294 2980 1458 3036 filimn
1484 2984 1898 3052 sacrificavisse;
1926 2988 2020 3042 sed
2049 2988 2136 3042 hic

561 3071 771 3129 quoque
800 3064 1126 3121 inveniemus
1156 3068 1375 3129 Paulum
1401 3073 1597 3142 primas
1626 3086 1801 3143 partes
1831 3085 2096 3131 tenentem
2117 3117 2133 3144 ,

561 3149 650 3213 qui
675 3165 780 3204 non
808 3152 992 3220 filium,
1015 3156 1108 3210 sed
1139 3162 1502 3228 semetipsum,
1533 3171 1588 3216 ut
1620 3164 1762 3231 dixi,
1810 3166 2002 3220 millies
2026 3167 2127 3231 im-

565 3240 799 3295 molavit.
823 3243 882 3297 In
898 3244 1046 3300 Isaac
1061 3249 1272 3316 quidem
1295 3251 1482 3320 aliquis
1503 3254 1808 3320 admiratur,
1834 3267 1888 3311 et
1905 3257 2005 3309 alia
2022 3258 2138 3325 qui-

563 3327 685 3383 dem
709 3332 952 3400 plurima,
982 3338 1073 3391 scd
1101 3341 1363 3408 praecipue
1394 3344 1694 3411 patientiam
1725 3348 2010 3417 :quoniam
2034 3365 2135 3418 pu-

557 3428 676 3475 teos
697 3423 920 3493 fodiens,
938 3435 992 3480 et
1008 3432 1234 3498 propriis
1254 3434 1542 3501 exagitatus
1565 3435 1829 3490 laboribus
1868 3437 1942 3508 (b)
1979 3438 2130 3506 (Gen.

564 3508 678 3581 96),
711 3513 927 3569 minime
962 3518 1272 3573 resistebat:
1295 3520 1405 3574 sed.
1437 3523 1601 3577 factos
1633 3539 1660 3576 a
1682 3539 1742 3578 se
1768 3535 1956 3594 puteos
1980 3526 2133 3581 obrui

563 3598 876 3667 patiebatur,
903 3613 1060 3673 atque
1104 3606 1168 3660 ad
1210 3607 1371 3662 alium
1419 3624 1628 3679 semper
1655 3614 1910 3682 migrabat
1936 3615 2130 3669 locum.

563 3687 743 3758 Neque
769 3692 986 3746 collecta
1013 3709 1227 3749 suorum
1249 3713 1406 3751 manu
1438 3700 1488 3752 in
1515 3700 1846 3758 adversarios
1871 3704 2126 3771 irruebat,

560 3777 655 3833 sed
683 3780 888 3847 propria
915 3785 1247 3849 possessione
1278 3787 1469 3858 ubique
1511 3789 1762 3855 cedebat,
1792 3793 2134 3862 quoadusque

563 3868 946 3937 iniquissimam
974 3873 1179 3930 illorum
1206 3879 1441 3945 expleret
1463 3882 1820 3951 cupiditatem.
1849 3886 1917 3939 At
1941 3885 2133 3940 Paulus

566 3975 673 4014 non
715 3973 902 4030 puteos
926 3981 1148 4022 cernens
1192 3970 1445 4039 lapidibus
1470 3972 1687 4027 obrutos
1704 4015 1720 4040 ,
1744 3976 1837 4028 sed
1864 3977 2132 4045 proprium

564 4066 753 4120 corpus
771 4095 787 4119 ,
811 4072 915 4109 non
939 4058 1108 4112 solum
1135 4060 1270 4112 sicut
1296 4061 1382 4114 ille
1403 4062 1644 4129 cedebat,
1673 4063 1764 4117 sed
1787 4065 1944 4118 etiam
1971 4081 2065 4121 eos
2102 4081 2133 4119 a

563 4143 753 4210 quibus
801 4140 1162 4214 lapidabatur,
1219 4150 1271 4202 in
1326 4151 1512 4205 caelum
1573 4153 1818 4208 studebat
1885 4155 2131 4210 evehere.

562 4231 772 4297 Quanto
815 4236 956 4288 enim
1004 4239 1229 4306 amplius
1273 4240 1593 4294 obruebatur
1641 4242 1756 4298 fons
1803 4246 1936 4311 iste,
1986 4254 2133 4303 tanto

563 4324 868 4391 erumpebat
897 4326 1080 4394 magis,
1103 4342 1163 4380 ac
1184 4328 1362 4395 plures
1381 4345 1446 4385 ex
1475 4345 1532 4386 se
1559 4329 1745 4388 ﬂuvios
1777 4334 2096 4391 cﬂ‘undendo
2114 4379 2129 4404 ,

567 4412 830 4466 manabat.
863 4413 938 4466 De
963 4414 1357 4484 longanimitate
1396 4434 1458 4474 ac
1503 4422 1751 4490 patientia
1784 4425 1938 4493 hujus
1965 4418 2133 4482 filium

568 4501 728 4555 Iacob
774 4503 1063 4558 admiratur
1103 4505 1394 4576 Scriptura.
1439 4509 1504 4565 Et
1529 4527 1768 4580 quaenam
1801 4516 1886 4569 illa
1913 4526 1995 4570 est
2025 4526 2130 4572 tam

566 4591 900 4646 adamantina
923 4608 1136 4662 prorsus
1157 4597 1351 4664 anima,
1371 4614 1487 4668 qua:
1512 4601 1655 4654 Pauli
1675 4605 1977 4672 patientiam
2005 4621 2130 4675 pos-

564 4680 631 4734 sit
657 4681 848 4735 imitari
872 4683 897 4737 ἳ
924 4683 1103 4753 Neque
1125 4686 1266 4740 enim
1292 4687 1371 4741 bis
1392 4697 1591 4757 septem
1619 4691 1897 4760 annorum,
1927 4696 2019 4749 sed
2047 4705 2130 4751 to-

565 4772 668 4824 tius
716 4773 836 4827 vitai
884 4777 1152 4829 servitium
1182 4793 1278 4845 pro
1304 4793 1496 4849 sponsa
1522 4783 1736 4849 pertulit
1764 4786 1995 4850 Christi,
2024 4805 2130 4844 non

563 4861 780 4915 adustus
803 4863 971 4917 solum
994 4875 1126 4919 aestu
1149 4866 1250 4921 diei
1265 4877 1317 4922 et
1341 4871 1512 4925 noctis
1530 4872 1670 4940 gelu,
1700 4874 1791 4928 sed
1815 4877 2129 4932 tentalioncs

567 4951 708 5002 mille
759 4955 1059 5021 perpetiens
1089 4974 1100 5008 :
1133 4964 1187 5010 et
1211 4973 1349 5012 nunc
1366 4960 1576 5028 quidem
1606 4963 1945 5031 verberibus,
1993 4981 2132 5022 nunc

567 5057 691 5097 vero
722 5045 982 5113 lapidibus
1007 5049 1200 5103 scissus
1225 5060 1380 5120 atque
1405 5053 1640 5119 collisus,
1673 5065 1727 5109 et
1752 5058 1891 5110 nunc
1916 5059 2128 5127 quidem

564 5148 684 5186 cum
731 5135 946 5201 bestiis,
997 5138 1155 5191 modo
1192 5148 1368 5193 autem
1395 5140 1640 5199 ﬂuctibus
1666 5160 1899 5214 pugnans
1929 5166 1942 5201 :
1973 5150 2130 5204 modo

565 5225 727 5310 etiam
768 5226 943 5280 nimiae
968 5235 1126 5297 atque
1175 5218 1438 5285 Continuata
1483 5235 1745 5288 reluctans
1792 5235 1914 5291 fami
1944 5238 2132 5295 diebus

565 5324 719 5381 atque
738 5317 983 5371 noctibus
1006 5359 1021 5384 ,
1052 5330 1104 5373 et
1143 5319 1281 5376 inter
1311 5325 1598 5378 certamina
1625 5325 1816 5395 ubique
1853 5329 2131 5396 prosiliens

567 5405 638 5474 (2.
669 5405 785 5459 Cor.
817 5406 949 5479 η),
973 5423 1150 5480 captas
1174 5429 1299 5469 oves
1325 5431 1388 5469 ex
1414 5415 1606 5471 diaboli
1633 5419 1864 5475 faucibus
1887 5425 2134 5480 extrahe-

625 5495 842 5574 (ultimo
869 5499 1106 5574 habentur
1131 5505 1177 5551 in
1197 5505 1356 5574 aliqua
1389 5507 1693 5557 Homiliarum
1733 5510 1795 5559 de
1828 5515 2127 5574 Ptenitentia,

696 5558 814 5666 (ius;
832 5558 1362 5670 tleqrgaonumerabatur;
1388 5580 1514 5617 nunc
1535 5577 1696 5618 autem
1721 5558 1796 5620 est
1817 5558 2003 5633 ode—vii;
2014 5558 2133 5628 δί’ἷά

626 5677 696 5738 (ω
731 5688 887 5729 (.racca
909 5688 1068 5737 versio
1091 5686 1254 5749 habet,
1281 5691 1473 5753 proprie
1490 5698 1688 5741 exactus
1722 5689 1914 5753 ﬁnibus.

1330 348 1388 406 Β.
1428 349 1705 411 ιοΑΝΝιδ
1733 357 2198 420 CHRYSUSTUII
2236 365 2555 444 ARCHIEP.
2597 373 3132 433 CONSTANTINOP.

3729 379 3829 434 I76

2251 480 2360 536 bat.
2405 484 2507 540 Sed
2550 498 2603 543 et
2649 489 2844 559 Joseph
2893 490 3159 558 pudicitiae
3187 493 3379 547 virtute
3420 489 3704 558 decoratus
3747 504 3822 548 est

2251 573 2402 644 (Gen.
2432 576 2522 647 '59)
2555 595 2569 642 ;
2602 589 2653 631 at
2676 594 2775 648 ego
2809 595 2999 635 vereor
3028 597 3094 636 ne
3115 582 3224 651 jam
3268 582 3546 638 ridiculum
3595 584 3665 636 sit
3704 586 3828 638 hinc

2247 667 2469 723 Paulum
2498 672 2631 726 velle
2661 672 2896 739 laudare,
2919 674 3008 744 qui
3033 685 3202 728 semet
3229 675 3399 744 ipsum
3424 674 3825 747 mundocruci-

2247 755 2412 829 ﬁgens
2451 761 2647 831 (Galat.
2680 764 2779 832 6),
2814 781 2918 821 non
2961 767 3135 820 solum
3165 767 3516 822 humanorum
3541 781 3824 837 corporqu

2250 852 2668 920 pulchritudines
2688 857 2713 918 ,”
2727 856 2822 910 sed
2847 857 3022 911 omnia
3053 857 3120 911 ita
3151 858 3431 925 cernebat,
3476 857 3826 928 quemadmo-

2246 943 2371 997 dum
2401 960 2496 1000 nos
2541 945 2772 1002 favillam
2797 949 3138 1018 cineremque
3167 949 3492 1019 despicimus
3513 990 3528 1016 ,
3557 949 3648 1019 qui
3673 949 3826 1018 quasi

2245 1047 2486 1091 mortuus
2507 1054 2723 1107 prorsus
2749 1041 2814 1094 ad
2839 1051 3104 1096 mortuum
3143 1041 3429 1097 immobilis
3458 1041 3821 1111 permanebat.

2248 1125 2427 1196 Itaque
2453 1143 2573 1181 cum
2600 1139 2739 1183 tanta
2765 1132 2924 1184 animi
2964 1146 3091 1185 cura
3137 1114 3513 1201 comprimeret
3561 1131 3824 1185 incentiva

2245 1215 2491 1270 vitiorum
2519 1229 2574 1272 et
2616 1229 2855 1286 naturas,
2902 1222 3031 1276 nihil
3078 1221 3369 1277 humanum
3397 1222 3465 1278 ab
3506 1221 3685 1291 aliquo
3729 1220 3826 1276 ali-

2245 1307 2458 1376 quando
2484 1323 2766 1378 perpessus
2786 1321 2885 1366 est.

2315 1398 2513 1452 Paulus
2555 1416 2669 1454 cum
2717 1399 2818 1457 Job
2855 1406 3227 1473 confertur.—
3269 1402 3496 1473 Stupent
3532 1409 3681 1457 certe
3723 1399 3826 1456 Job

2246 1505 2431 1546 omnes
2479 1493 2751 1556 homines,
2780 1501 2833 1548 et
2854 1493 3028 1556 .valde
3075 1495 3256 1564 utique
3305 1494 3702 1548 convenienter.
3735 1492 3828 1546 Est

2247 1583 2388 1635 enim
2419 1583 2505 1637 ille
2531 1582 2728 1639 athleta
2762 1584 3018 1647 mirabilis
3044 1603 3057 1639 :
3083 1593 3131 1640 et
3155 1586 3243 1654 qui
3267 1584 3484 1638 Paulum
3518 1584 3688 1652 ipsum
3717 1582 3828 1636 vel-

2245 1681 2304 1726 ut
2331 1688 2395 1727 ex
2441 1673 2666 1728 adverso
2702 1676 2869 1742 possit
2909 1675 3150 1744 aspicere
3191 1675 3259 1728 ob
3284 1673 3590 1744 patientiam
3621 1672 3826 1741 purita-

2247 1771 2460 1831 temque
2489 1758 2639 1830 vitm,
2664 1763 2734 1816 ob
2761 1764 3121 1819 testimonium
3147 1765 3264 1831 Dei,
3299 1771 3513 1834 propter
3533 1763 3675 1816 illam
3703 1777 3826 1816 cum

2245 1852 2458 1907 diabolo
2497 1853 2837 1907 fortissimam
2878 1868 3128 1924 pugnam,
3161 1864 3378 1923 propter
3403 1855 3678 1908 victoriam
3706 1867 3826 1921 quas

2247 1958 2473 2012 pugnam
2501 1952 2720 2012 sequuta
2747 1954 2862 2007 est;
2890 1944 3152 1998 atPaulus
3175 1959 3279 1998 non
3311 1934 3580 1998 mensibus
3596 1951 3823 2003 tantum,

2244 2034 2338 2087 sed
2367 2034 2520 2085 annis
2548 2033 2787 2102 plurimis
2833 2035 2887 2086 in
2945 2047 3113 2101 agone
3140 2032 3433 2102 perdurans
3451 2073 3469 2096 ,
3514 2041 3621 2085 tam
3648 2030 3825 2085 clarus

2244 2125 2478 2190 emicuit,
2501 2139 2620 2184 non
2644 2134 2797 2177 terrae
2829 2123 2982 2193 gleba
3002 2123 3205 2176 saniem
3228 2122 3407 2176 carnis
3432 2120 3660 2175 eradens
3682 2161 3698 2184 ,
3729 2118 3822 2173 sed

2244 2216 2297 2269 in
2328 2204 2494 2289 ipsius
2523 2213 2865 2282 intelligibilis
2888 2227 2950 2268 os
2980 2213 3150 2266 leonis
3185 2212 3488 2281 frequenter
3519 2208 3821 2273 incurrens,

2244 2314 2297 2359 et
2346 2319 2583 2374 pugnans
2633 2304 2890 2358 adversus
2935 2304 3253 2358 tentationes
3302 2301 3822 2366 innumeras,omui

2245 2406 2360 2450 erat
2395 2395 2567 2463 lapide
2599 2393 2926 2459 tolerantior,
2955 2393 3044 2462 qui
3078 2408 3180 2446 non
3224 2405 3254 2444 a
3285 2391 3453 2445 tribus
3479 2399 3824 2457 aut'quatuor

2242 2486 2449 2549 amicis,
2478 2485 2572 2539 sed
2598 2500 2627 2537 a
2649 2485 2855 2539 cunctis
2883 2483 3206 2546 infidelibus,
3237 2499 3267 2536 a
3289 2481 3434 2536 falsis
3453 2483 3611 2536 etiam
3642 2479 3821 2534 fratri-

2240 2580 2340 2632 bus
2365 2577 2650 2646 opprobria
2687 2559 3018 2642 sustinebat,
3050 2583 3396 2643 consputatus
3441 2574 3510 2627 ab
3535 2573 3779 2627 omnibus
3800 2613 3816 2638 ,

2241 2679 2397 2739 atque
2429 2667 2758 2722 maledictus.
2782 2667 2888 2722 Sed
2914 2667 3052 2721 illius
3090 2674 3208 2720 erat
3235 2679 3422 2734 magna
3450 2663 3776 2732 hospitalitas
3801 2703 3818 2726 ,

2244 2770 2298 2815 et
2325 2775 2452 2813 cura
2476 2773 2763 2827 pauperum
2788 2772 2809 2809 :-
2845 2772 2944 2811 nec
2969 2772 3065 2810 nos
3100 2757 3314 2825 quidem
3359 2754 3499 2810 istud
3527 2767 3815 2824 negamus;

2238 2852 2332 2905 sed
2356 2835 2500 2905 Pauli
2525 2864 2642 2904 eam
2671 2847 2982 2903 liberalitate
3004 2846 3306 2901 inferiorem
3327 2845 3600 2909 docemus,
3623 2851 3678 2897 et
3698 2851 3820 2896 tau-

2240 2952 2292 2996 to
2319 2941 2642 3004 inferiorem,
2662 2948 2856 3008 quanto
2872 2939 3046 2991 anima
3074 2946 3156 2991 est
3177 2950 3373 3005 corpus
3389 2935 3625 2990 inferius.
3647 2934 3817 3001 Quam

2237 3035 2378 3088 enim
2405 3032 2493 3086 ille
2519 3046 2698 3084 curam
2721 3029 3061 3097 impendebat
3086 3043 3246 3082 carne
3271 3023 3702 3084 debilibus,banc
3719 3025 3818 3078 iste

2239 3124 2412 3178 anima
2433 3122 2687 3177 morbidis
2706 3122 3008 3182 exhibebat,
3031 3135 3172 3175 nunc
3194 3119 3389 3173 mentis
3404 3118 3651 3172 sensibus
3669 3116 3818 3170 clau-

2237 3215 2476 3275 dicantes
2505 3210 2782 3281 dirigenda
2819 3211 2872 3265 in
2905 3213 3034 3281 recti
3083 3209 3288 3264 itineris
3337 3208 3601 3261 incessum
3632 3248 3647 3272 ,
3677 3220 3816 3260 nunc

2238 3303 2476 3357 nuditate
2535 3302 2803 3356 deformes
2866 3299 3001 3354 stola
3050 3299 3281 3354 caelestis
3323 3296 3673 3367 philosOphia:
3724 3310 3817 3349 ve-

2237 3393 2466 3447 stiendo.
2501 3392 2557 3446 ln
2591 3391 2958 3460 corporalibus
3003 3404 3215 3458 quoque
3239 3388 3512 3443 beneficiis
3539 3397 3685 3440 tanto
3726 3386 3816 3440 ille

2237 3481 2540 3551 superabat,
2565 3489 2762 3551 quanto
2790 3490 2874 3533 est
2899 3478 3123 3548 amplius
3152 3479 3202 3531 in
3229 3471 3366 3530 fame
3395 3484 3449 3530 ct
3472 3485 3707 3547 egestate
3730 3476 3812 3530 v1-

2237 3585 2447 3629 ventem
2473 3572 2827 3643 indigentibus
2848 3573 2985 3626 ferre
3015 3570 3338 3640 praesidium,
3366 3581 3524 3638 quinm
3557 3565 3610 3623 id
3639 3570 3812 3638 ipsum

2237 3661 2300 3718 de
2327 3665 2623 3719 divitiarum
2650 3662 2918 3716 affluentia
2941 3661 3260 3715 ministrare.
3282 3659 3412 3712 Nam
3441 3659 3581 3713 illius
3599 3657 3813 3727 quidem

2236 3757 2382 3811 omni
2411 3754 2708 3808 advenienti
2747 3751 3080 3822 aperiebatur
3100 3750 3322 3815 domus,
3353 3733 3509 3817 b‘ujus
3547 3763 3676 3802 vero
3698 3746 3815 3800 ani-

2241 3863 2324 3901 ma
2350 3848 2598 3901 universo
2625 3845 2836 3914 patebat
2858 3843 2976 3897 orbi
3001 3883 3016 3909 ,
3048 3857 3110 3895 ac
3142 3841 3374 3895 fidelium
3408 3839 3630 3909 populos
3659 3837 3812 3892 beni-

2236 3955 2352 4008 gna:
2391 3937 2583 3992 mentis
2612 3937 2902 4004 recipiebat
2929 3935 3158 4002 hospitio
3177 3974 3193 3998 ,
3217 3932 3401 3986 dicens
3434 3949 3448 3983 :
3489 3931 3612 3983 Non
3649 3947 3814 4000 angu-

2237 4030 2459 4083 stiamini
2483 4029 2536 4080 in
2564 4029 2703 4080 nobis
2727 4067 2743 4089 ,
2785 4025 3141 4096 angustiamini
3168 4033 3334 4076 mitem
3363 4024 3415 4076 in
3441 4021 3709 4075 visceribus
3732 4037 3816 4074 ve-

2237 4119 2375 4190 stris(
2398 4119 2452 4171 2.
2486 4116 2605 4170 Cor.
2637 4116 2689 4169 6.
2721 4115 2831 4185 12).
2868 4116 2936 4168 Et
2961 4113 3050 4168 ille
3088 4112 3300 4182 quidem
3328 4127 3448 4165 cum
3478 4125 3606 4164 oves
3631 4118 3688 4164 et
3710 4109 3813 4163 bo-

2238 4225 2329 4264 ves
2385 4209 2601 4263 haberet
2641 4207 2978 4270 innumeras,
3009 4213 3122 4258 erat
3167 4203 3221 4257 in
3255 4216 3513 4271 pauperes
3555 4199 3809 4264 liberalis;

2237 4301 2323 4354 hic
2350 4313 2477 4353 vero
2499 4298 2628 4351 nihil
2656 4297 2884 4366 amplius
2910 4297 3135 4363 corpore
3163 4309 3260 4347 suo
3289 4292 3586 4362 possidens,
3617 4290 3686 4344 de
3709 4289 3815 4344 hoc

2235 4393 2351 4460 ipso
2376 4388 2700 4444 sufficienter
2742 4386 3097 4455 indigentibus
3116 4369 3121 4380 ’
3140 4383 3470 4436 ministrabat
3499 4399 3513 4435 :
3545 4381 3686 4451 quod
3711 4380 3813 4434 ali-

2234 4482 2355 4535 cubi
2382 4473 2494 4549 ipse
2520 4479 2962 4542 commemorans,
2992 4475 3403 4539 Nacessitatibus,
3437 4473 3626 4542 inquit,
3665 4474 3810 4538 meis,

2234 4583 2277 4626 et
2304 4574 2380 4625 his
2406 4571 2491 4640 qui
2513 4560 2703 4624 mecum
2728 4578 2867 4622 erant
2906 4569 3308 4620 ministraverunt
3332 4583 3509 4620 manus
3537 4566 3646 4618 istae
3674 4565 3812 4634 (Act.

2234 4666 2322 4720 20.
2355 4667 2421 4718 54
2450 4667 2488 4734 ).
2520 4664 2774 4732 Corporis
2799 4662 2940 4716 enim
2967 4661 3048 4715 sui
3078 4676 3293 4729 operam
3321 4660 3468 4713 velut
3493 4675 3557 4713 ex
3583 4658 3815 4727 quadam

2237 4761 2571 4828 possessione
2598 4756 2797 4810 fructus
2824 4755 3180 4811 esurientibus
3203 4753 3511 4821 deputabat.
3558 4749 3663 4805 Sed
3693 4764 3811 4803 ver-

2233 4865 2346 4904 mes
2369 4849 2628 4913 videlicet,
2647 4857 2804 4918 atque
2830 4849 3066 4910 vulnera,
3090 4859 3260 4899 saevos
3281 4855 3438 4913 atque
3453 4839 3819 4905 intolerabiles

2237 4948 2422 4993 sancto
2451 4939 2552 4993 Job
2577 4938 2874 4992 inferebant
2899 4938 3110 4993 dolores
3143 4945 3157 4987 :‘
3185 4945 3240 4991 et
3277 4952 3377 5006 ego
3405 4936 3610 4999 fateor;
3647 4933 3741 4987 sed
3768 4934 3817 4987 si

2236 5045 2328 5098 per
2370 5040 2476 5083 tam
2526 5029 2720 5082 multos
2767 5044 2933 5084 annos
2972 5029 3118 5083 Pauli
3148 5030 3368 5082 verbera
3395 5069 3412 5092 ,
3454 5035 3510 5081 et
3554 5040 3674 5080 cum
3700 5023 3816 5092 jugi

2234 5120 2375 5181 fame
2408 5123 2569 5175 etiam
2613 5121 2923 5186 nuditatem,
2951 5130 3184 5186 catenas,
3214 5135 3485 5175 carcerem
3507 5162 3520 5187 ,
3555 5118 3771 5172 insidias
3801 5158 3819 5183 ,

2237 5213 2578 5289 periculaque
2603 5212 2930 5279 consideres,
2959 5227 3075 5280 qua:
3101 5227 3130 5264 a
3160 5212 3466 5265 domesticis
3484 5251 3499 5276 ,
3540 5210 3607 5264 ab
3630 5220 3817 5264 extra-

2236 5304 2369 5367 neis,
2403 5318 2432 5355 a
2463 5302 2736 5372 tyrannis,
2765 5316 2795 5354 a
2845 5310 2956 5354 toto
2985 5310 3254 5370 postremo
3300 5300 3596 5369 patiebatur
3643 5299 3771 5352 orbe
3802 5315 3817 5351 :

2236 5393 2399 5448 addas
2452 5393 2556 5446 huc
2599 5393 2759 5446 etiam
2787 5391 2870 5444 his
2919 5378 3157 5459 profecto
3201 5391 3482 5454 amariora,
3510 5389 3560 5442 id
3587 5398 3688 5454 est,
3717 5402 3820 5456 pro

2237 5487 2316 5541 eis
2344 5487 2434 5556 qui
2483 5485 2793 5540 labebantur
2815 5524 2830 5548 ,
2875 5485 3086 5538 dolores
3110 5524 3125 5549 ,
3163 5482 3570 5537 sollicitudinem
3602 5522 3617 5546 ,
3659 5494 3818 5548 quam

2241 5591 2336 5644 pro
2365 5576 2615 5630 Ecclesiis
2645 5575 2908 5636 omnibus,
2941 5576 3229 5637 ustionem,
3264 5588 3422 5641 quam
3467 5586 3562 5640 pro
3590 5569 3820 5625 scanda-

2240 5669 2408 5726 lizatis
2438 5668 2656 5738 singulis
2684 5667 2999 5737 perferebat,
3026 5667 3225 5722 videbis
3242 5666 3360 5736 quia
3384 5664 3526 5720 omni
3547 5671 3659 5719 erat
3689 5677 3822 5720 saxo
