4206 6308
341 386 453 444 ιτς

343 502 558 564 δτέλεσε
578 545 594 572 ,
630 508 729 561 καὶ
777 503 958 557 πᾶσαν
991 497 1217 569 ἀλογίαν
1253 497 1349 552 καὶ
1375 492 1669 567 θηριωδίαν
1698 490 1798 562 τῆς
1833 486 1943 541 τῶν

344 596 653 681 ἀνθριὲῖπων
709 601 928 674 φύσεως
978 598 1228 655 ἐκϐαλὼν
1252 638 1269 664 ,
1318 595 1419 666 τὴν
1475 592 1572 648 τοῦ
1625 589 1947 660 Πνεύματος

344 706 716 777 ἐπεισήγαγεν
738 695 1194 772 ἡμερότητα,,καὶ
1221 693 1385 764 μέχρι
1410 688 1506 743 νῦν
1530 688 1683 761 μένει
1706 687 1947 741 πλέουσα

336 805 377 875 ,ἡ
413 799 652 862 κιϐωτὸς
680 797 857 867 αὕτη,
894 794 1073 850 καὶού
1096 792 1396 849 διαλύεται.
1422 788 1559 844 Οὐδὲ
1583 786 1695 858 γὰρ
1726 780 1948 855 ίσχυᾶείν

340 900 518 971 αὐτῆς
542 897 643 963 τὰς
675 896 898 961 σανίδας
944 892 1225 975 χαυνῶσαι
1276 891 1380 963 τῆς
1404 892 1607 954 κακίας
1654 891 1684 943 ό
1716 887 1943 958 χειμὼν,

341 996 461 1051 ἀλλ’
489 994 879 1067 ὑπερπλέουσα
910 992 1113 1073 μᾶλλον
1144 991 1245 1046 τοῦ
1284 990 1557 1062 χειμῶνος
1577 1030 1593 1057 ,
1624 990 1725 1062 τὴν
1776 988 1946 1060 ζάλην

341 1094 615 1150 κατέλυσε
635 1110 652 1125 ·
693 1094 791 1149 καὶ
820 1092 967 1166 μάλα
992 1090 1223 1155 είκότως
1244 1103 1260 1121 ⁸
1312 1089 1373 1145 οὑ
1417 1089 1526 1161 γὰρ
1563 1087 1825 1158 ἀσφάλτῳ
1852 1086 1947 1140 καὶ

343 1191 518 1263 πίσσῃ
538 1231 553 1255 ,
578 1189 719 1260 ἀλλά
746 1188 1027 1261 Πνεύματι
1054 1188 1196 1260 ἀγίῳ
1239 1185 1599 1260 κεχρισμέναι
1628 1184 1686 1239 αἱ
1737 1181 1950 1248 σανίδες
1980 1218 1989 1221 Α

343 1281 512 1344 αῦταί
543 1289 705 1343 εἰσιν.
752 1286 915 1343 Ἀλλά
944 1285 1037 1341 τὸν
1075 1285 1332 1357 Ἀϐραὰμ
1364 1282 1739 1356 θαυμάζουσιν
1772 1280 1950 1336 ἀπαν-

343 1402 436 1458 ¹ιεες
459 1425 477 1453 ,
509 1386 594 1439 δτι
618 1382 892 1449 ἀκούσας,
923 1381 1172 1447 Ἔξελθε
1195 1382 1267 1437 ἐκ
1306 1380 1420 1464 τῆς
1455 1379 1570 1451 γῆς
1599 1395 1719 1435 σου
1752 1378 1854 1433 καὶ
1879 1377 1950 1431 ἐκ

344 1481 459 1551 τῆς
486 1482 848 1552 συγγενείας
896 1495 1014 1535 σου
1039 1521 1056 1547 ,
1098 1481 1281 1554 ἀφῆκε
1321 1478 1592 1551 πατρίδα,
1620 1478 1717 1531 καὶ
1748 1476 1946 1541 οἰκίαν,

348 1580 444 1635 καὶ
481 1579 672 1648 φίλους
704 1580 801 1633 καὶ
842 1581 1129 1648 συγγενεῖς
1151 1617 1170 1645 ,
1201 1553 1297 1633 καὶ
1351 1578 1532 1633 πάντα
1574 1572 1645 1648 ἦν
1690 1574 1841 1647 αὑτῷ
1889 1553 1951 1628 τδ

347 1678 634 1749 ἐπίταγμα
665 1676 762 1732 τοῦ
807 1675 980 1743 Θεοῦ;
1009 1677 1126 1731 Kal
1152 1675 1263 1749 γὰρ
1308 1676 1404 1731 καὶ
1426 1677 1593 1747 ἡμεῖς
1621 1673 1781 1728 τοῦτο
1816 1672 1949 1726 θαυ-

351 1773 625 1847 μάζομεν.
665 1773 831 1830 ’Δλλά
874 1772 928 1829 τί
980 1772 1199 1828 Παύλου
1236 1772 1435 1842 γένοιτ’
1466 1771 1533 1826 ἂν
1569 1771 1713 1835 [σονς
1757 1770 1854 1835 Ὃς
1884 1770 1947 1823 ού

350 1866 592 1945 πατρίδα
614 1872 707 1927 καὶ
734 1870 914 1927 οίκίαν
945 1870 1044 1927 καὶ
1078 1872 1362 1941 συγγενεῖς
1386 1870 1624 1942 ἀφῆκεν,
1650 1868 1768 1923 ἀλλ’
1788 1867 1951 1923 αὑτὸν

346 1968 442 2023 τὸν
470 1970 677 2041 κόσμον
709 1966 801 2024 διά
822 1968 915 2025 τὸν
947 1966 1160 2041 Ἰησοῦν
1179 2008 1193 2030 ,
1229 1966 1432 2040 μᾶλλον
1465 1966 1522 2019 δὲ
1551 1965 1715 2020 αὑτὸν
1746 1964 1837 2019 τὸν
1863 1964 1956 2017 οὑ-

353 2065 537 2137 ρανδν,
569 2065 777 2120 καὶτὸν
808 2065 1039 2137 οὐρανὸν
1068 2063 1166 2119 τοῦ
1192 2064 1426 2137 οὑρανοῦ
1459 2062 1735 2136 ὑπερεῖδε,
1771 2062 1865 2117 καὶ
1894 2061 1956 2117 ἓν

355 2163 520 2235 μόνον
549 2163 760 2237 ἐζήτει,
782 2161 878 2216 τοῦ
908 2160 1088 2234 Ἰησοῦ
1120 2162 1222 2236 τὴν
1246 2162 1488 2232 ἀγάπην.
1525 2161 1639 2216 Kal
1665 2161 1829 2214 ἄκουε
1859 2160 1971 2223 αὑε

350 2260 448 2313 τοῦ
476 2259 639 2313 τοῦτο
671 2257 963 2331 δηλοῦντος
998 2259 1094 2314 καὶ
1127 2258 1379 2329 λέγοντος
1404 2276 1418 2289 ·
1449 2258 1601 2313 Οὔτε
1631 2254 1954 2323 ἐνεστῶτα,

351 2359 493 2414 οὔτε
530 2357 871 2430 μέλλοντα,
899 2358 1051 2432 [ιτθ]
1086 2358 1226 2413 οὔτε
1269 2358 1523 2429 ὕψωμα,
1578 2357 1719 2413 οὔτε
1762 2355 1959 2422 ,βάθος

352 2456 691 2525 δυνήσεται
744 2455 906 2527 ἡμᾶς
933 2455 1189 2528 χωρίσαι
1242 2456 1362 2511 ἀπὸ
1416 2453 1527 2524 τῆς
1570 2454 1812 2524 ἀγάπης
1849 2452 1957 2507 τοῦ

356 2554 528 2610 Θεοῦ.
572 2553 711 2608 Ἀλλ’
742 2554 953 2618 ἐκεῖνος
973 2555 1054 2617 είς
1076 2551 1354 2615 κινδύνους
1378 2551 1587 2623 ῥίπτων
1615 2551 1831 2617 ἑαυτὸν,
1866 2550 1959 2604 τὸν

353 2648 986 2722 ἀδελφιὼῦνιέξήρπασε
1009 2649 1119 2703 τῶν
1154 2648 1482 2722 βαρϐάρων;
1527 2648 1665 2703 Ἀλλ’
1696 2643 1853 2711 οῦτος
1896 2649 1956 2701 οὑ

354 2750 449 2802 τὸν
479 2746 835 2818 ἀδελφιδοῦν,
870 2746 993 2801 οὐδὲ
1019 2748 1170 2820 τρεῖς
1218 2746 1315 2802 καὶ
1353 2746 1517 2801 πέντε
1564 2745 1786 2809 πόλεις,
1820 2745 1960 2799 ἀλλά

353 2846 457 2918 τὴν
485 2844 818 2918 οἰκουμένην
848 2845 1051 2913 πᾶσαν,
1092 2844 1192 2898 οὑκ
1225 2843 1337 2899 ἀπὸ
1369 2842 1682 2917 βαρϐάρων,
1719 2842 1834 2897 ἀλλ’
1862 2844 1958 2895 ἀπ’

358 2944 531 3015 αὑτῆς
569 2944 670 3014 τῆς
722 2942 832 2997 τῶν
864 2942 1136 3013 δαιμόνων
1172 2943 1453 3014 ἐξήρπασε
1483 2941 1666 3014 χειρὸς
1687 2982 1701 3006 ,
1732 2941 1960 3012 μυρίους

358 3041 483 3096 καθ’
512 3042 755 3113 ἑκάστην
783 3040 1073 3113 ὑπομένων
1100 3038 1415 3105 κινδύνους,
1450 3039 1545 3094 καὶ
1583 3039 1697 3102 τοῖς
1739 3038 1962 3101 οίκείοις

360 3136 616 3202 θανάτοις
655 3137 864 3211 ἐτέροις
901 3136 1104 3209 πολλὴν
1136 3136 1440 3207 ἀσφάλειαν
1478 3130 1777 3207 κτώμενος.
1819 3132 1963 3188 Ἀλλ’

360 3230 481 3283 ἐκεῖ
510 3229 574 3283 τὸ
601 3228 898 3297 κεφάλαιον
935 3227 1045 3283 τῶν
1086 3226 1310 3298 ἀγαθῶν
1344 3228 1464 3280 ἐστι
1504 3226 1600 3280 καὶ
1650 3228 1685 3296 ἡ
1733 3226 1965 3297 κορωνὶς

359 3323 462 3393 τῆς
502 3321 856 3391 φιλοσοφίας,
887 3320 951 3375 τὸ
986 3321 1080 3375 τὸν
1128 3320 1244 3374 υἱὸν
1287 3319 1629 3385 καταθῦσαις
1672 3318 1837 3372 Ἀλλά
1869 3318 1965 3371 καὶ

360 3412 600 3467 ἐνταῦθα
650 3412 721 3466 τὰ
752 3415 998 3484 πρωτεῖα
1028 3412 1182 3481 παρά
1214 3412 1294 3483 τῷ
1321 3412 1523 3481 Παύλῳ
1565 3411 1695 3465 ὅντα
1736 3412 1966 3482 εὑρήσο-

366 3520 499 3577 μεν·
529 3506 592 3559 οὑ
622 3504 734 3576 γὰρ
765 3506 911 3570 υίδν,
949 3504 1067 3559 ἀλλ’
1109 3504 1303 3559 ἐαυτὸν
1340 3504 1600 3578 μυριάκις
1639 3504 1963 3571 κατέθυσεν,

362 3600 505 3671 ὅπερ
531 3598 703 3670 ἔφθην
742 3598 933 3654 είπών.
966 3599 1034 3653 Τί
1073 3599 1140 3655 ἄν
1170 3617 1256 3664 τις
1289 3600 1591 3673 θαυμάσειε
1616 3601 1712 3657 τοῦ
1756 3604 1965 3669 ἰσαάκ;

362 3691 548 3745 Πολλά
589 3691 688 3761 μὲν
721 3691 816 3745 καὶ
852 3691 990 3746 ἄλλα
1013 3731 1029 3757 ,
1070 3691 1306 3764 μάλιστα
1357 3692 1415 3747 δὲ
1463 3693 1562 3765 τὴν
1590 3694 1964 3762 ἀνεξικακίαν,

362 3780 449 3833 ὅτι
490 3781 703 3853 φρέατα
756 3781 1034 3853 ὀρύττων,
1075 3781 1311 3838 καὶτῶν
1338 3785 1556 3839 οίκείων
1608 3785 1968 3857 ἐλαυνόμενος

364 3876 546 3946 ὅτων,
588 3875 689 3929 οὑκ
720 3876 940 3948 ἐπεξῄει
965 3916 979 3941 ,
1013 3876 1151 3932 ἀλλά
1191 3879 1287 3933 καὶ
1329 3878 1795 3951 καταχωννύμενα
1824 3880 1967 3953 ὁρῶν

365 3967 621 4039 ἠνείχετο
640 4009 656 4036 ,
688 3966 786 4023 καὶ
817 3969 958 4041 πρὸς
984 3970 1171 4042 ἕτερον
1203 3971 1292 4025 ἀεὶ
1324 3970 1617 4042 μεθίστατο
1640 3972 1807 4027 τόπον
1826 4014 1841 4040 ,
1872 3974 1971 4047 οὑχ

364 4060 538 4132 ὁμόσε
557 4059 693 4132 [ἀεὶ]
721 4063 835 4125 τοῖς
858 4059 1090 4115 λυποῦσι
1114 4062 1330 4135 χωρῶν,
1354 4064 1469 4117 ἀλλ’
1490 4062 1843 4136 ἐξιστάμενος
1874 4067 1970 4121 καὶ

368 4154 724 4226 παραχωρῶν
777 4154 1055 4225 πανταχοῦ
1099 4154 1209 4208 τῶν
1259 4147 1475 4210 οἰκείων
1510 4146 1835 4228 κτημάτων,
1865 4158 1971 4223 ἐως

369 4245 552 4300 αὑτῶν
597 4245 698 4317 τὴν
733 4246 918 4302 ἀδικον
950 4248 1206 4319 ἐκόρεσεν
1237 4248 1555 4320 ἐπιθυμίαν.
1597 4250 1735 4303 Ἀλλ’
1766 4252 1795 4303 ό
1823 4251 1973 4305 Παῦ-

368 4338 463 4402 λος
487 4337 550 4391 οὑ
582 4338 795 4411 φρέατα
819 4338 988 4404 λίθοις
1029 4340 1492 4413 καταχωννύμενα
1526 4342 1669 4413 ὁρῶν
1693 4384 1708 4402 .
1749 4342 1885 4397 ἀλλά
1910 4342 1975 4397 τὸ

372 4429 574 4485 ἑαυτοῦ
606 4429 797 4502 σῶμα,
850 4432 910 4485 οὐ
942 4434 1295 4505 παρεχώρει,
1330 4434 1583 4507 καθάπερ
1607 4436 1816 4500 ἐκεῖνος
1838 4478 1854 4503 ,
1886 4437 1977 4509 μό-

372 4542 487 4588 νον,
522 4523 639 4579 ἀλλ’
678 4523 862 4579 εἰσιὼν
892 4527 1018 4591 τοὺς
1050 4526 1220 4592 λίθοις
1256 4526 1551 4598 βάλλοντας
1593 4530 1757 4583 αὑτὸν
1782 4531 1863 4594 είς
1883 4531 1976 4585 τὸν

373 4618 607 4690 οὑρανδν
636 4619 857 4688 ἀνάγειν
872 4619 1194 4688 ἐφιλονείκει
1223 4638 1237 4651 ·
1263 4622 1374 4693 ὅσῳ
1397 4620 1508 4695 γάρ
1539 4622 1915 4694 κατεχώννυτο
1940 4625 1974 4695 ἡ

375 4709 554 4782 πηγὴ,
582 4711 824 4782 τοσούτῳ
858 4712 1058 4782 μᾶλλον
1109 4711 1495 4785 ἐξερρήγνυτο,
1524 4715 1619 4768 καὶ
1648 4716 1866 4779 πλείους
1891 4714 1977 4782 ἐξ·

376 4805 501 4873 έχεε
531 4804 814 4874 ποταμοὺς
838 4805 918 4868 είς
948 4805 1248 4882 ὑπομονήν.
1268 4806 1427 4860 Ἀλλά
1451 4808 1543 4860 τὸν
1561 4808 1725 4861 παῖδα
1746 4808 1837 4862 τὸν
1856 4807 1979 4861 τού-

376 4914 473 4950 του
509 4896 781 4966 θαυμάζει
830 4897 934 4967 τῆς
967 4900 1265 4972 καρτερίας
1309 4902 1344 4971 ἡ
1394 4901 1627 4973 Γραφή;
1684 4901 1796 4954 Kal
1845 4900 1976 4955 ποία

375 4986 718 5060 ἀδαμαντίνη
742 4981 886 5063 ιβιχὴ
912 4992 1013 5063 τὴν
1038 4992 1251 5047 Παύλου
1274 4991 1478 5046 δύναιτ’
1503 4995 1569 5047 ἂν
1602 4992 1975 5061 ἐπιδείξασθαι

379 5083 697 5154 ὑπομονήν;
733 5084 1007 5157 υὺδὲ-γάρ
1038 5086 1119 5149 δὶς
1152 5087 1293 5140 ἐπτά
1332 5086 1427 5158 ἐτη
1468 5088 1812 5154 ἐδούλευσεν,
1840 5088 1978 5143 ἀλλὰ

376 5173 474 5228 τὸν
500 5176 679 5230 πάντα
715 5174 828 5246 βίον
862 5169 1005 5249 ὑπὲρ
1042 5179 1140 5249 τῆς
1175 5178 1271 5233 τοῦ
1324 5180 1561 5251 Χριστοῦ
1610 5180 1830 5253 νύμφης
1854 5222 1869 5247 ,
1915 5183 1976 5236 οὑ

383 5268 781 5340 συγκαιόμενος
818 5269 979 5340 μόνον
1014 5272 1095 5342 τῷ
1127 5272 1368 5343 καύματι
1420 5274 1523 5345 τῆς
1579 5275 1834 5348 ἡμέρας,
1884 5278 1981 5331 καὶ

382 5355 462 5428 τῷ
489 5358 713 5431 παγετῷ
736 5360 835 5431 τῆς
866 5362 1089 5425 νυκτὸς,
1123 5362 1260 5417 ἀλλὰ
1292 5366 1497 5436 μυρίας
1520 5368 1750 5436 νιφάδας
1782 5387 1980 5441 πειρα-

384 5449 540 5519 σμῶν
585 5451 910 5523 ὑπομένων,
960 5453 1055 5508 νῦν
1096 5456 1196 5527 μὲν
1233 5457 1504 5529 μάστιγας
1534 5460 1849 5533 λαμϐάνων,
1884 5464 1980 5518 νῦν

381 5540 444 5596 δέ
474 5542 645 5609 λίθοις
674 5545 735 5599 τὸ
785 5545 945 5617 σῶμα
978 5547 1302 5621 βαλλόμενος
1322 5592 1336 5617 ,
1388 5554 1483 5606 καὶ
1512 5552 1608 5609 νῦν
1641 5553 1740 5626 μὲν
1770 5554 1981 5629 θηρίοις

387 5633 717 5707 μαχόμενος,
732 5636 829 5692 νῦν
852 5637 910 5691 δὲ
932 5639 1159 5710 πελάγει
1188 5644 1495 5711 πυκτεύων,
1514 5647 1609 5699 καὶ
1636 5646 1780 5719 λιμῷ
1804 5650 1981 5719 διηνε-

382 5728 475 5781 κεῖ
504 5728 723 5802 ἡμέρας
766 5730 863 5784 καὶ
891 5733 1084 5798 νυκτὸς
1104 5773 1120 5797 ,
1151 5736 1247 5789 καὶ
1276 5736 1506 5808 κρυμῷ,
1554 5740 1647 5793 καὶ
1698 5738 1979 5813 πανταχοῦ

378 5821 517 5894 ὑπὲρ
568 5824 640 5880 τὰ
695 5827 999 5901 σκάμματα
1039 5829 1260 5903 πηδῶν,
1311 5833 1406 5888 καὶ
1459 5834 1527 5887 τὰ
1568 5833 1815 5908 πρόϐατα
1870 5834 1980 5889 ἀπὸ

1169 361 1262 423 DE
1306 358 1656 421 LAUDIBIJS
1694 356 1753 415 S.
1795 356 2006 415 PAULI
2045 356 2413 417 APOSTOLI.
2456 358 2693 422 HOMIL.
2733 362 2805 418 ΙΙ.

3540 362 3648 421 376

2048 489 2151 560 τῆς
2197 491 2293 547 τοῦ
2336 492 2582 549 διαϐόλου
2637 493 2922 565 φάρυγγος
2953 487 3316 562 ἀφαρπάζων.
3344 488 3508 543 Ἀλλὰ
3541 493 3648 543 σω.

2050 606 2204 662 φρων
2225 589 2254 643 ό
2290 588 2530 660 Ἰωσήφς
2564 586 2727 641 Ἀλλά
2749 586 2964 640 δέδοικα
2999 584 3075 656 μὴ
3098 584 3282 653 ’γέλως
3381 584 3476 637 τὸν
3498 584 3649 639 Παῦ-

2047 683 2140 738 λον
2178 680 2431 736 ἐντεῦθεν
2462 680 2853 751 ἐγκωμιάζειν,
2886 679 2945 741 δς
2975 679 3327 749 ἐσταύρωσεν
3356 675 3549 731 ἑαυτὸν
3574 675 3653 748 τῷ

2048 778 2239 848 κόσμῳ
2263 816 2278 841 ,
2307 775 2405 831 καὶ
2452 774 2513 828 οὑ
2546 772 2618 828 τά
2657 772 2889 844 λαμπρά
2941 772 3019 825 ἐν’
3042 775 3155 837 τοῖς
3209 767 3425 840 σώμασι
3464 769 3649 839 μόνον,

2049 870 2187 924 ἀλλὰ
2224 870 2404 923 πάντα
2434 868 2506 923 τά
2535 867 2842 940 πράγματα
2868 864 3041 928 οὑτως
3069 863 3239 937 ἐώρα,
3263 863 3339 927 ὡς
3371 865 3529 934 ἡμεῖς
3552 861 3652 933 τὴν

2050 963 2199 1017 κόνιν
2224 963 2319 1016 καὶ
2344 961 2444 1032 τὴν
2475 961 2686 1033 τέφραν
2709 1002 2725 1027 ,
2748 958 2845 1014 καί
2874 959 2951 1023 ὡς
2976 958 3043 1012 ἂν
3070 956 3263 1029 νεκρὸς
3288 956 3426 1028 πρὸς
3458 955 3653 1027 νεκρὸν
3703 988 3709 995 ς

2050 1055 2309 1126 ἀκίνητος
2335 1054 2568 1123 γένοιτο.
2600 1051 2758 1107 Οὕτω
2799 1049 2939 1123 μετά
2969 1051 3258 1123 ἀκριϐείας
3282 1051 3383 1122 τῆς
3434 1049 3653 1119 φύσεως

2050 1149 2121 1203 τὰ
2150 1148 2501 1221 σκιρτήματα
2532 1146 2899 1211 κατευνάξων,
2926 1145 3082 1200 οὐδὲν
3113 1144 3374 1198 οὐδέποτε
3400 1142 3538 1215 πρὸς
3558 1143 3653 1195 οὑ-

2051 1241 2142 1295 δὲν
2170 1236 2511 1308 ἀνθρώπινον
2539 1237 2713 1302 πάθος
2734 1237 2955 1313 ἔπαθεν.

2112 1322 2566 1405 ἺἘκπλήττονται
2608 1330 2699 1386 τὸν
2744 1328 2867 1384 Ἰὼϐ
2906 1329 3152 1392 ἅπαντες
3186 1325 3500 1397 ἀνθρωποι;
3545 1326 3656 1379 Kal

2057 1427 2205 1499 μάλα
2226 1426 2456 1490 εἰκότως
2470 1435 2495 1455 °‘
2514 1424 2612 1498 καὶ
2637 1424 2746 1495 γὰρ
2772 1422 2946 1493 μέγας
2972 1420 3212 1493 ἀθλητὴς
3232 1460 3248 1485 ,
3275 1420 3370 1474 καὶ
3398 1419 3532 1501 πρὸς
3558 1428 3658 1472 αὑ-

2052 1521 2143 1576 τὸν
2173 1521 2265 1575 τὸν
2288 1517 2505 1573 Παῦλον
2533 1516 2899 1589 παρισοῦσθαι
2932 1515 3261 1587 δυνάμενος,
3289 1512 3381 1567 διὰ
3406 1514 3506 1583 τὴν
3533 1514 3658 1566 ὑπο-

2059 1614 2247 1686 μονὴν,
2276 1611 2365 1667 διὰ
2388 1613 2489 1684 τὴν
2509 1611 2604 1686 τοῦ
2629 1612 2744 1683 βίου
2768 1610 3142 1684 καθαρότητα,
3170 1607 3260 1663 διὰ
3280 1607 3379 1678 τὴν
3405 1607 3496 1661 τοῦ
3518 1606 3659 1660 Sabo

2059 1704 2403 1777 μαρτυρίαν,
2436 1703 2525 1758 διὰ
2572 1702 2671 1774 τὴν
2725 1702 3002 1775 καρτεράν
3053 1702 3236 1773 μάχην
3275 1700 3491 1769 ἐκείνην
3516 1739 3530 1759 ,
3566 1697 3658 1753 διὰ

2054 1800 2156 1869 τὴν
2193 1798 2519 1869 θαυμαστὴν
2564 1796 2722 1867 νίκην
2760 1796 2859 1866 τὴν
2910 1795 3051 1866 μετά
3094 1794 3197 1871 τὴν
3242 1793 3443 1865 μάχην.
3496 1790 3660 1846 Ἀλλά

2056 1893 2268 1957 Παῦλος
2296 1892 2417 1961 οὐχὶ
2449 1890 2627 1961 μῆνας
2654 1888 2887 1953 πολλοὺς
2938 1888 3343 1959 ἀγωνιζόμενος
3381 1886 3524 1941 οὕτω
3575 1886 3657 1940 δι-

2056 1985 2194 2055 ῆγεν
2220 2022 2236 2047 ,
2269 1981 2383 2037 ἀλλ’
2423 1981 2517 2053 ἐτη
2550 1980 2741 2046 πολλὰ,
2762 1980 2883 2051 οὑχ).
2910 1981 3103 2049 τήκων
3127 1979 3379 2050 βώλακας
3417 1978 3524 2050 γῆς
3549 1976 3661 2032 ἀπὸ

2062 2075 2259 2148 ἰχῶρος
2297 2075 2393 2128 καὶ
2416 2096 2423 2107 -ν
2441 2072 2536 2128 ἐπὶ
2582 2071 2820 2143 κοπρίας
2851 2072 3197 2144 καθήμενος,
3229 2071 3376 2152 an"
3396 2072 3479 2134 είς
3526 2070 3661 2125 αὐτὸ

2057 2168 2153 2221 τοῦ
2178 2167 2396 2229 λέοντος
2426 2164 2488 2218 τὸ
2520 2164 2712 2236 νοητὸν
2742 2164 2918 2235 στόμα
2945 2162 3185 2233 συνεχῶς
3210 2162 3535 2234 ἐμπίπτων,
3568 2166 3662 2217 καὶ

2064 2258 2278 2330 μυρίοις
2334 2255 2582 2313 παλαίων
2622 2256 2981 2326 πειρασμοῖς,
3036 2252 3188 2327 μεθ]
3238 2256 3419 2325 πάσης
3452 2254 3662 2326 πέτρας

2062 2351 2416 2423 στερρότερος
2451 2344 2520 2420 ἦν
2545 2364 2557 2378 ·
2598 2349 2718 2419 οὑχὶ
2769 2348 2920 2419 παρά
2956 2347 3127 2419 τριῶν
3168 2346 3369 2416 φίλων,
3402 2348 3435 2419 ἢ
3463 2350 3662 2401 τεσσά-

2064 2459 2196 2515 ρων,
2225 2442 2362 2497 ἁλλά
2385 2441 2538 2514 παρά
2562 2441 2782 2495 πάντων
2809 2437 3203 2511 ὀνειδιζόμενος
3229 2439 3337 2493 τῶν
3370 2440 3665 2493 ἀπιστούν-

2060 2555 2167 2593 των
2190 2536 2598 2607 ψευδαδέλφων,
2630 2535 3009 2605 ἐμπτυόμενος
3025 2572 3040 2598 ,
3068 2532 3500 2605 λοιδορούμενος.
3520 2532 3662 2595 Ἀλλ’

2061 2634 2096 2705 ἡ
2138 2630 2414 2701 φιλοξενία
2440 2629 2537 2685 τοῦ
2576 2622 2697 2683 Ἰὥϐ
2750 2627 2993 2700 μεγάλη,
3028 2628 3123 2683 καὶ
3151 2628 3185 2698 ἡ
3212 2626 3351 2698 πρὸς
3388 2628 3518 2705 τσὺς
3548 2626 3666 2680 δίο.

2066 2725 2261 2795 μένους
2282 2723 2615 2795 κηδεμονία;
2642 2722 2777 2776 Οὑδὲ
2803 2723 2968 2791 ἡμεῖς
2993 2720 3328 2794 ἀντεροῦμεν
3347 2737 3360 2751 ’
3399 2704 3540 2773 ἀλλά
3567 2722 3665 2788 τῆς

2062 2814 2279 2868 Παύλου
2302 2813 2559 2869 τοσοῦτον
2581 2811 3014 2883 καταδεεστέραν
3043 2811 3353 2883 εὑρήσομεν
3374 2853 3388 2875 ,
3412 2811 3538 2864 ὅσον
3561 2810 3665 2881 ψυυ

2063 2909 2163 2978 χῆς
2199 2906 2359 2976 σῶμα
2385 2904 2715 2976 ἀφέστηκεν.
2754 2904 2823 2956 Ἀ
2861 2902 2971 2974 γὰρ
2998 2904 3208 2963 ἐκεῖνος
3242 2903 3373 2974 περὶ
3409 2902 3538 2967 τοὺς
3564 2905 3667 2973 τὴν

2065 2999 2247 3069 σάρκα
2276 2996 2713 3067 πεπηρωμένους
2738 2995 3087 3050 ἐπεδείκνυτο
3108 3034 3123 3057 ,
3154 2996 3325 3049 ταῦτα
3350 2990 3504 3060 οὗτος
3536 2999 3669 3068 περὶ

2063 3088 2191 3151 τοὺς
2221 3085 2525 3169 τὴνὶψυχήν
2564 3071 2982 3157 λελωϐημένους
3012 3084 3269 3156 ἔπραττε,
3304 3087 3514 3151 πάντας
3540 3088 3669 3152 τοὺς

2065 3180 2275 3251 χωλοὺς
2309 3180 2405 3234 καὶ
2430 3180 2749 3250 ἀναπήρους
2802 3178 2895 3232 τὸν
2940 3178 3201 3251 λογισμὸν
3244 3172 3666 3252 διορθούμενος,

2067 3270 2162 3325 καὶ
2195 3272 2321 3333 τοὺς
2344 3268 2587 3340 γυμνοὺς
2620 3269 2716 3322 καὶ
2745 3267 3195 3339 ἀσχημονοῦντας
3219 3270 3564 3341 περιϐάλλων
3600 3274 3669 3344 τῇ

2066 3361 2167 3433 τῆς
2187 3360 2507 3431 φιλοσοφίας
2534 3360 2694 3432 στολῇ
2722 3378 2737 3394 ·
2777 3361 2870 3415 καί
2891 3363 2950 3414 ἐν
2989 3354 3104 3426 τοῖς
3132 3368 3469 3434 σωματικοῖς
3491 3366 3549 3421 δέ
3583 3384 3675 3423 το-

2071 3448 2261 3509 σοῦτον
2300 3452 2467 3508 αὑτοῦ
2499 3454 2727 3526 περιῆν,
2757 3453 2868 3525 ὅσῳ
2911 3454 3091 3525 πολλῷ
3135 3456 3321 3527 μεῖζον
3366 3458 3459 3513 τὸν
3509 3460 3674 3532 πενία

2072 3547 2322 3611 συζῶντα
2351 3558 2378 3587 ι
2424 3546 2539 3600 καὶο
2560 3545 2706 3617 λιμῷ
2737 3545 2953 3619 βοηθεῖν
2998 3551 3111 3613 τοῖς
3140 3548 3416 3621 δεομένοις
3436 3591 3454 3619 ,
3481 3552 3578 3606 τοῦ
3608 3556 3675 3609 ὲκ

2072 3639 2394 3712 περιουσίας
2425 3637 2587 3693 τοῦτο
2613 3640 2791 3692 ποιεῖν
2814 3656 2829 3671 ο
2859 3641 2955 3694 καὶ
2982 3638 3078 3693 τοῦ
3116 3640 3215 3712 μὲν
3244 3642 3297 3718 ,ἡ
3334 3644 3483 3714 οίκία
3510 3646 3678 3701 παντὶ

2071 3732 2282 3786 ἐλθόντι
2318 3733 2582 3805 ἀνέῳκτο,
2617 3730 2714 3785 τοῦ
2741 3731 2800 3785 δὲ
2833 3733 2867 3803 ἡ
2889 3732 3038 3805 ψυχὴ
3070 3732 3225 3807 πάσῃ
3279 3738 3347 3807 τῇ
3379 3718 3675 3809 οἰκουμένῃ

2070 3824 2325 3894 ἥπλωτο,
2359 3824 2457 3878 καὶ
2498 3821 2831 3895 ὁλοκλήρους
2878 3822 3086 3895 δήμους
3113 3826 3425 3899 ὑπεδέχετο.
3463 3829 3554 3883 Διὸ
3582 3833 3677 3887 καὶ

2054 3918 2293 3987 ·ἐλεγεν’
2339 3917 2422 3971 Οὐ
2445 3916 2920 3987 στενοχωρεῖσθε
2964 3917 3034 3971 ἐν
3061 3917 3207 3989 ἡμῖν
3227 3959 3243 3984 ,
3283 3919 3677 3992 στενοχωρεῖ-

2073 4014 2185 4066 σθε
2203 4010 2274 4064 δὲ
2304 4009 2377 4065 ὲν
2401 4008 2527 4077 τοῖς
2548 4008 2932 4080 σπλάγχνοις
2959 4010 3146 4080 ὑμῶν.
3182 4013 3292 4068 Kal
3319 4015 3348 4068 ό
3382 4012 3500 4085 μὲν,
3537 4034 3679 4089 προ-

2074 4102 2257 4157 ϐάτων
2286 4101 2437 4173 αὑτῷ
2465 4102 2561 4155 καὶ
2582 4100 2723 4172 βοῶν
2752 4101 2922 4156 ὅντων
2949 4101 3213 4173 ἀπείρων,
3240 4104 3523 4177 φιλότιμος
3547 4108 3678 4179 περὶ

2074 4197 2201 4261 τοὺς
2238 4196 2526 4267 δεομένους
2570 4190 2669 4268 ἦν·
2699 4189 2853 4261 οὗτος
2895 4197 2981 4262 δέ,
3012 4196 3165 4251 οὐδὲν
3215 4197 3379 4254 πλέον
3406 4202 3679 4271 κεκτημέ-

2075 4304 2166 4352 νος
2196 4284 2293 4341 τοῦ
2336 4284 2589 4358 σώματος
2611 4327 2626 4352 ,
2674 4286 2770 4340 ἀπ’
2815 4286 2983 4341 αὑτοῦ
3026 4286 3220 4359 τούτου
3246 4290 3359 4353 τοῖς
3403 4289 3680 4361 δεομένοις

2074 4380 2341 4452 ἐπήρκει,
2372 4380 2469 4463 καὶ
2496 4379 2597 4453 βοᾷ
2620 4380 2828 4450 λέγων’
2863 4379 3000 4448 Ταῖς
3020 4381 3250 4449 χρείαις
3272 4399 3393 4452 μου
3419 4384 3519 4438 καί
3553 4385 3681 4451 τοῖς

2076 4474 2218 4528 οὖσι
2250 4473 2378 4545 μετ’
2407 4473 2555 4543 ἐμοῦ
2590 4471 2994 4543 ὑπηρέτησαν
3021 4475 3080 4528 αἱ
3110 4474 3307 4545 χεῖρες
3335 4471 3513 4533 αὗται
3532 4519 3549 4545 ,
3582 4478 3681 4547 τὴν

2077 4568 2185 4622 ἀπὸ
2211 4568 2307 4622 τοῦ
2339 4567 2592 4639 σώματος
2613 4568 2877 4641 ἐργασίαν
2899 4569 3163 4641 πρόσοδον
3186 4572 3300 4635 τοῖς
3336 4572 3564 4626 πεινῶσι
3587 4575 3683 4628 καὶ

2078 4660 2410 4732 λιμώττουσι
2444 4661 2807 4732 κεκτημένος.
2864 4662 3027 4716 Ἀλλά
3075 4665 3125 4717 οί
3168 4663 3451 4737 σκώληκες
3485 4667 3683 4723 καὶτὰ

2080 4753 2372 4825 τραύματα
2402 4752 2645 4823 χαλεπάς
2699 4754 2795 4807 καὶ
2836 4753 3251 4827 ἀκαρτερήτους
3303 4761 3567 4831 παρεῖχον
3602 4760 3684 4831 τῷ

2093 4846 2214 4900 Ἰὼϐ
2239 4845 2338 4911 τὰς
2377 4844 2609 4912 ὀδύνας;
2646 4845 2928 4917 Ὀμολογῶ
2976 4850 3135 4917 κάγώ
3160 4866 3172 4880 ·
3212 4849 3327 4905 ἀλλ’
3367 4852 3464 4905 ἐὰν
3498 4855 3597 4916 τάς
3624 4857 3684 4909 ἐν

2078 4938 2357 5003 τοσούτοις
2381 4939 2526 4993 ἔτεσι
2547 4937 2643 4992 τοῦ
2672 4939 2890 4993 Παύλου
2923 4941 3227 5012 μάστιγας,
3262 4944 3355 4998 καὶ
3394 4946 3486 4999 τὸν
3522 4946 3684 5018 λιμδι

2080 5030 2171 5084 τὸν
2200 5029 2425 5100 διηνεκῆ
2447 5071 2463 5095 ,
2495 5029 2591 5083 καὶ
2628 5029 2728 5101 τὴν
2773 5032 3121 5101 γυμνότητα,
3169 5034 3267 5088 καὶ
3297 5034 3398 5098 τὰς
3438 5035 3681 5104 ἁλύσεις,

2081 5124 2178 5176 καὶ
2221 5121 2285 5175 τὸ
2318 5122 2727 5193 δεσμωτήριον,
2762 5122 2856 5175 καὶ
2907 5124 3035 5186 τοὺς
3082 5124 3406 5191 κινδύνους,
3453 5130 3544 5182 καὶ
3584 5137 3684 5194 τὰς

2081 5214 2412 5279 ἐπιϐουλὰς,
2465 5214 2566 5279 τὰς
2615 5215 2763 5287 παρά
2796 5216 2906 5296 τῶν
2957 5217 3207 5283 οἰκείων,
3240 5220 3342 5283 τὰς
3372 5222 3526 5292 παρὰ
3576 5223 3684 5283 τῶν

2080 5307 2399 5380 ἀλλοτρίων,
2429 5306 2529 5371 τὰς
2556 5308 2709 5379 παρά
2743 5308 2853 5362 τῶν
2885 5310 3169 5381 τυράννων
3194 5352 3210 5376 ,
3260 5311 3360 5377 τὰς
3400 5314 3555 5385 παρὰ
3582 5317 3684 5386 τῆς

2080 5400 2410 5472 οἰκουμένης
2456 5400 2680 5471 ἀπάσης
2728 5402 2992 5472 ἀντιθῇς,
3032 5404 3126 5457 καὶ
3185 5405 3324 5475 μετά
3377 5405 3583 5461 τούτων
3614 5408 3684 5462 τὰ

2079 5490 2286 5544 τούτων
2314 5489 2638 5560 πικρότερα,
2669 5489 2814 5559 λέγω
2847 5492 2910 5564 δὴ
2941 5494 3042 5557 τὰς
3065 5494 3206 5566 ὑπὲρ
3228 5495 3338 5550 τῶν
3373 5497 3685 5551 πιπτόντων

2079 5583 2307 5650 ὀδύνας,
2338 5583 2437 5653 τὴν
2486 5576 2745 5655 φροντίδα
2776 5584 2885 5638 τῶν
2946 5586 3285 5658 Ἐκκλησιῶν
3330 5584 3550 5652 πασῶν,
3583 5590 3685 5658 τὴν

2082 5674 2369 5747 πύρωσιν,
2402 5675 2471 5750 ἡν
2519 5674 2661 5746 ὑπὲρ
2716 5676 2948 5731 ἑκάστου
3006 5668 3115 5735 τῶν
3177 5680 3683 5752 σκανδαλιζομένων

2146 5843 2162 5867 ⁸
2191 5844 2315 5908 Reg.
2339 5844 2409 5910 τῷ
2430 5842 2563 5902 πενίᾳ
2583 5844 2800 5900 συζῶντι.
