4206 6308
566 325 676 382 877

567 434 862 506 ὓπέμενεν.
895 435 1016 506 ὕψει
1045 434 1162 510 πῶς
1194 436 1402 508 πέτρας
1440 426 1771 510 στερροτέρα
1794 429 1862 504 ἦν
1897 435 1932 504 ή
1982 431 2155 487 ταῦτα

573 519 811 591 φέρουσα
844 518 991 590 ψυχή
1017 558 1032 583 ,
1073 509 1170 573 καὶ
1220 520 1438 590 σίδηρον
1491 520 1586 572 καὶ
1634 509 1916 588 ἀδάμαντα
1974 515 2150 570 ἐνίκα.

570 601 765 672 ’Δπερ-
804 597 899 656 οῦν
950 604 1159 666 ἐκεῖνος
1197 601 1433 672 ἔπασχεν
1488 602 1547 655 ἐν
1590 600 1667 671 τῷ
1701 599 1915 671 σώματι
1939 639 1954 665 ,
1981 599 2156 654 ταῦτα

566 679 719 748 οὗτος
749 685 808 737 ἐν
831 686 896 756 τῇ
921 684 1090 757 ψυχῇ,
1118 688 1214 740 καὶ
1245 684 1526 755 σκώληκος
1553 683 1752 749 παντὸς
1774 684 2155 757 χαλεπώτερον

561 768 597 836 ἡ
629 765 753 821 καθ’
781 766 1013 822 ἕκαστον
1040 769 1151 822 τῶν
1180 767 1681 839 σκανδαλιζομένων
1704 768 1912 839 ἀθυμία
1935 767 2157 838 διέτρωο

562 866 659 917 γεν
684 849 851 903 αὐτοῦ
873 850 972 922 τὴν
995 851 1193 922 ψυχήν.
1219 850 1381 904 Ὅθεν
1403 852 1497 922 καὶ
1520 850 1703 922 πηγὰς
1726 850 1978 923 δακρύων
2003 849 2154 919 ήφίει

561 931 872 1001 διηνεκεῖς,
923 934 986 986 οὐ
1043 934 1142 997 τὰς
1207 934 1422 1004 ἡμέρας
1477 933 1674 1004 μόνον.
1727 933 1863 989 ἀλλά
1911 934 2006 988 καὶ
2053 930 2154 996 τὰς

561 1015 765 1077 νύκτας
789 1057 802 1078 ,
836 1015 929 1068 καὶ
982 1015 1164 1085 πάσης
1209 1017 1468 1084 γυναικὸς
1499 1015 1794 1087 ώδινούσης
1831 1015 2154 1088 δριμύτερον

558 1097 822 1155 διεσπᾶτο
873 1091 990 1151 καῖ’
1022 1098 1144 1153 καθ’
1192 1100 1425 1154 ἕκαστον
1459 1099 1657 1153 αὐτῶν.
1688 1099 1780 1153 Διὸ
1829 1099 1924 1152 καὶ
1975 1098 2149 1166 ἔλεγε·

569 1182 778 1234 Τεκνία
797 1199 939 1250 μου,
971 1182 1078 1248 οὓς
1108 1181 1297 1236 πάλιν
1336 1181 1543 1238 ὠδίνω.
1584 1182 1719 1236 Τίνα
1764 1182 1831 1236 ἀν
1884 1198 1969 1245 τις
2014 1179 2154 1251 μετά

559 1262 652 1315 τὸν
691 1262 812 1315 Ἰὼϐ
863 1265 1206 1336 ἐκπλαγείη;
1249 1266 1352 1319 Τὸν
1382 1267 1636 1320 Μωῦσέα
1693 1267 1930 1330 πάντως.
1993 1265 2153 1318 Ἀλλά

559 1345 655 1398 καὶ
683 1345 874 1400 τοῦτον
920 1350 985 1401 ἐκ
1015 1348 1210 1403 πολλοῦ
1265 1349 1356 1403 τοῦ
1399 1350 1678 1422 περιόντος
1707 1349 2105 1422 ὑπερηκόντισε
2134 1365 2149 1380 ο

561 1427 774 1496 μεγάλα
803 1431 903 1500 μὲν
923 1430 1034 1502 γὰρ
1063 1432 1227 1485 αὐτοῦ
1256 1433 1349 1486 καὶ
1378 1431 1448 1487 :6
1479 1433 1636 1493 ἀλλα.
1669 1433 1731 1486 :6
1751 1434 1829 1506 ’δέ
1857 1433 2152 1501 κεφάλαιον

561 1511 654 1563 καὶ
711 1513 742 1582 ἡ
784 1514 1013 1584 κορωνὶς
1062 1514 1166 1585 τῆς
1198 1516 1362 1584 ἁγίας
1400 1516 1581 1587 ψυχῆς
1627 1517 1886 1588 ἐκείνης,
1928 1518 2012 1570 ὅτι
2063 1515 2154 1583 ἐξ-

559 1594 882 1666 αλειφθῆναι
903 1598 1078 1651 εἵλετο
1101 1599 1199 1670 τῆς
1211 1599 1304 1652 τοῦ
1328 1598 1464 1653 Θεοῦ
1495 1614 1519 1640 ι
1542 1599 1725 1669 βίϐλου
1756 1601 1894 1673 ὑπὲρ
1915 1601 2013 1672 τῆς
2043 1618 2152 1654 σω-

558 1678 754 1748 τηρίας
791 1679 899 1734 τῶν
942 1679 1230 1736 Ἰουδαίων.
1267 1681 1410 1736 Ἀλλ’
1435 1678 1590 1747 οὗτος
1631 1684 1730 1754 μιν
1760 1682 2153 1738 συναπολέσθαι

559 1762 765 1832 ἑτέροις
794 1766 981 1834 ᾑρεῖτο
1003 1780 1020 1794 ·
1068 1766 1098 1818 6
1145 1765 1203 1819 δὲ
1229 1765 1441 1829 Παῦλος
1469 1766 1530 1819 οὐ
1562 1766 1979 1829 συναπολέσθαι,
2013 1765 2150 1828 ἀλλ’.

557 1841 767 1917 ἐτέρων.
810 1848 1176 1918 σωζομένων,
1220 1848 1384 1912 αὐτὸς
1428 1851 1681 1903 ἐκπεσεῖν
1713 1850 1812 1919 τῆς
1857 1847 2016 1919 δόξης
2049 1848 2152 1919 τῆς

556 1930 889 2002 ἀπεράντου.
922 1933 1031 1984 Καὶ
1062 1934 1092 1985 6
1141 1933 1240 2002 μὲν
1271 1933 1350 2002 τῷ
1382 1931 1585 2003 Φαραὼ
1611 1973 1628 1998 ,
1653 1934 1684 1986 6
1726 1933 1783 1986 δέ
1812 1932 1892 2003 τῷ
1923 1931 2153 2002 διαϐόλῳ

556 2011 681 2066 καθ’
712 2013 930 2085 ἡμέραν
963 2013 1116 2086 [481]
1156 2014 1420 2069 ἐπύκτευε
1446 2034 1460 2047 ·
1498 2017 1591 2070 καὶ
1628 2019 1666 2070 6
1692 2016 1791 2086 μὲν
1843 2009 1995 2088 ὐπέῤ
2035 2016 2153 2079 ἐνὸς

557 2095 746 2159 ἔθνους
769 2138 783 2161 ,
815 2099 846 2150 6
883 2097 940 2151 δὲ
985 2098 1129 2168 ὑπὲρ
1166 2100 1265 2170 τῆς
1311 2100 1637 2171 οἰκουμένης
1674 2099 1896 2171 ἁπάσης
1922 2101 2150 2171 ἔκαμεν,

556 2178 658 2250 οὐχ
683 2179 867 2250 ἱδρῶτι
893 2220 908 2239 ,
938 2179 1075 2234 ἀλλὰ
1106 2183 1198 2234 καὶ
1228 2183 1419 2252 αἵματι
1447 2183 1570 2236 ἀντὶ
1619 2181 1841 2253 ἱδρῶτος
1888 2183 2151 2238 πάντοθεν

558 2262 1019 2332 περιρῤεόμενος,
1053 2264 1175 2335 οὐχὶ
1201 2265 1298 2334 τὴν
1325 2265 1648 2336 οἰκουμένην
1686 2265 1865 2335 μόνον,
1895 2265 2028 2319 ἀλλά
2058 2268 2151 2321 καὶ

556 2346 656 2414 τὴν
687 2335 943 2416 ἀοίκητον
970 2347 1352 2420 διορθούμενος
1372 2387 1388 2415 ,
1420 2335 1543 2421 οὐχὶ
1574 2351 1675 2420 τὴν
1714 2349 1940 2404 Ἐλλάδα
1966 2352 2146 2422 μόνον,

555 2426 694 2482 ἀλλά
723 2429 817 2482 καὶ
847 2429 946 2501 τὴν
972 2429 1269 2502 βάρϐαρον.

639 2509 801 2580 Ἐνῆν
829 2512 925 2564 καὶ
964 2513 1057 2568 τὸν
1095 2513 1304 2584 Ἰησοῦν
1337 2514 1419 2578 είς
1450 2514 1616 2585 μέσον
1645 2517 2020 2586 παραγαγεῖν,
2053 2516 2150 2570 καὶ

555 2591 648 2645 τὸν
685 2591 940 2665 Σαμουὴλ
963 2595 1058 2649 καὶ
1083 2595 1211 2659 τοὺς
1234 2595 1428 2660 ἀλλους
1449 2597 1736 2668 προφήτας
1757 2615 1772 2628 θ
1801 2598 1918 2651 ἀλλ’
1953 2599 2038 2651 ἵνα
2069 2599 2145 2671 μὴ

559 2677 900 2748 μακρότερον
927 2677 1173 2750 ποιῶμεν
1194 2677 1287 2732 τὸν
1309 2679 1487 2748 λόγον,
1521 2680 1616 2733 ἐπὶ
1655 2680 1784 2743 τούς
1816 2680 2147 2752 κορυφαίους

553 2758 736 2812 αὐτῶν
765 2759 1072 2833 βαδίσωμεν
1097 2778 1111 2792 ·
1147 2764 1279 2818 ὅταν
1311 2763 1421 2835 γάρ
1450 2762 1656 2817 τούτων
1685 2767 1826 2836 φανῇ
1856 2766 2142 2836 κρείττων,

553 2842 780 2912 οὐδεμία
811 2845 941 2915 περὶ
976 2845 1087 2901 τῶν
1118 2846 1294 2901 ἀλλων
1317 2845 1729 2918 ἀμφισϐήτησις
1757 2848 2020 2902 λείπεται.
2047 2848 2146 2902 Τί-

554 2943 645 2989 νες
671 2923 767 2981 οὖν
793 2929 844 2982 οί
870 2932 1156 3001 κορυφαῖοι
1181 2948 1197 2997 ;

625 3009 783 3076 Τίνες
827 3011 886 3066 δὲ
917 3012 1066 3068 ἄλλοι
1120 3013 1258 3085 μετά
1292 3012 1549 3079 τούτους,
1599 3015 1633 3087 ἢ
1681 3016 1711 3069 6
1756 3014 1956 3083 Δαυϊδ,
1991 3017 2085 3072 καὶ
2118 3019 2147 3074 ὁ

567 3090 788 3157 Ἠλίας,
822 3094 916 3148 καὶ
945 3096 976 3150 6
1020 3097 1310 3170 Ἰωάννης;
1341 3095 1417 3154 ὧν
1443 3099 1472 3151 6
1503 3099 1603 3166 μέν
1624 3097 1724 3169 τῆς
1767 3099 2076 3172 προτέρας,
2119 3101 2148 3154 6

553 3174 614 3228 δέ
641 3174 744 3246 τῆς
778 3176 1041 3250 δευτέρας
1075 3181 1383 3253 πρόδρομος
1435 3181 1530 3236 τοῦ
1560 3183 1769 3255 Κυρίου
1804 3185 2109 3256 παρουσίας
2131 3201 2146 3218 ’

551 3257 635 3340 διὸ
659 3259 754 3314 καὶ
800 3261 905 3333 τῆς
949 3266 1322 3339 προσηγορίας
1360 3266 1610 3338 ἀλλήλοις
1664 3265 2050 3340 ἐκοινώνησαν.
2081 3271 2147 3322 Τί

552 3337 648 3396 οῦν
677 3343 740 3396 τὸ
759 3345 1036 3416 ἐξαίρετον
1061 3348 1156 3401 τοῦ
1189 3337 1352 3403 Δαυῖδ
1388 3367 1404 3417 ;
1445 3337 1511 3403 Ἠ
1543 3337 2014 3423 ταπεινοφροσύνη
2054 3353 2150 3406 καὶ

551 3426 587 3506 6
613 3425 748 3499 πρὸς
776 3428 912 3482 Θεὸν
937 3429 1100 3501 ἔρως.
1132 3432 1243 3485 Καὶ
1269 3433 1356 3497 τίς
1400 3433 1499 3504 μὲν
1545 3431 1749 3502 μᾶλλον
1769 3472 1784 3496 ,
1816 3434 1901 3498 τίς
1946 3435 2003 3487 δὲ
2048 3436 2149 3506 οὐχ

552 3503 718 3580 ἦττον
748 3511 849 3581 τῆς
877 3512 1093 3566 Παύλου
1138 3512 1318 3585 ψυχῆς
1356 3503 1650 3586 ἀμφότερα
1703 3514 1877 3570 ταῦτα
1932 3503 2150 3590 κατώρέ

555 3592 728 3660 θωσε;
759 3594 824 3648 Τί
850 3595 907 3649 δὲ
937 3595 998 3649 :6
1029 3597 1344 3668 θαυμαστὸν
1369 3598 1466 3652 τοῦ
1514 3597 1730 3666 Ἦλίους
1765 3595 1912 3670 Ἆρα
1953 3601 2034 3654 ὅτι
2057 3602 2150 3655 τὸν

553 3677 784 3748 οὐρανὸν
822 3677 1058 3746 ἔκλεισε,
1090 3681 1184 3735 καὶ
1220 3682 1376 3752 λιμὸν
1411 3682 1658 3753 ἐπήγαγε
1688 3722 1703 3746 ,
1740 3682 1971 3755 καὶπῦρ
2019 3701 2152 3740 κατ-

555 3763 802 3832 ήγαγεν;
839 3763 956 3816 οὐκ
990 3763 1166 3834 ἔγωγε
1193 3761 1348 3836 οἶμαι
1373 3783 1385 3796 ·
1423 3766 1541 3820 ἀλλ’
1574 3767 1656 3820 ὅτι
1702 3765 1981 3839 ,ἐζήλωσεν
2009 3767 2150 3839 ὑπὲρ

553 3844 654 3897 τοῦ
689 3846 964 3901 Δεσπότου
987 3889 1004 3914 ,
1044 3850 1140 3902 καὶ
1167 3850 1339 3922 πυρὸς
1377 3851 1734 3922 σφοδρότερος
1777 3848 1866 3923 ἦν.
1915 3853 2051 3906 Ἀλλ’
2100 3855 2150 3908 εί

555 3929 649 3982 τὸν
681 3931 893 3985 Παύλου
941 3932 1104 4004 ζῆλον
1136 3935 1300 4001 ίδοις,
1357 3934 1611 3989 τοσοῦτον
1643 3934 1764 4002 ϐψει
1820 3937 2148 4006 κρατοῦντα,

557 4014 683 4065 ὅσον
730 4015 934 4079 ἐκεῖνος
990 4015 1098 4069 τῶν
1142 4016 1318 4071 ἄλλων
1355 4017 1654 4089 προφητῶν
1695 4018 1915 4090 περιῆν.
1949 4019 2015 4072 Τί
2043 4020 2152 4091 γὰρ

557 4096 623 4148 ἂν
655 4097 861 4166 γένοιτο
879 4100 988 4153 τῶν
1021 4101 1285 4172 ῥημάτων
1311 4101 1534 4156 ἐκείνων
1561 4102 1694 4168 ῐσον,
1725 4100 1872 4174 άπερ
1894 4102 2034 4172 ὑπὲρ
2055 4104 2154 4174 τῆς

555 4179 657 4233 τοῦ
705 4183 975 4237 Δεσπότου
1014 4182 1171 4254 δόξης
1219 4184 1400 4253 ζηλῶν
1448 4184 1668 4253 ἔλεγεν,
1721 4185 1803 4238 ὅτι
1859 4187 2149 4255 Ηὺχόμην

555 4261 823 4334 ἀνάθεμα
847 4262 1002 4320 εἶναι
1034 4269 1188 4335 ὑπὲρ
1218 4266 1337 4321 τῶν
1369 4266 1649 4336 ἀδελφῶν
1669 4286 1810 4337 μου,
1842 4267 1962 4322 τῶν
1997 4283 2147 4338 συγ-

557 4347 746 4416 γενῶν
773 4367 892 4418 μου
934 4351 1084 4406 κατὰ
1135 4350 1374 4421 σάρκα;
1420 4350 1520 4403 Διὰ
1551 4350 1711 4404 τοῦτο
1761 4351 1870 4406 τῶν
1901 4351 2147 4424 οὐρανῶν

556 4431 708 4500 αὐτῷ
760 4435 1136 4504 προκειμένων
1163 4473 1177 4496 ,
1236 4436 1333 4488 καὶ
1383 4435 1494 4487 τῶν
1550 4435 1830 4505 στεφάνων
1884 4435 1980 4488 καὶ
2036 4434 2146 4489 τῶν

559 4515 828 4580 ἐπάθλων,
860 4515 1052 4586 ἔμελλε
1091 4517 1187 4570 καὶ⁵
1216 4516 1478 4588 ἐϐράδυνε
1509 4516 1702 4585 λέγων’
1750 4517 1820 4571 Τὸ
1851 4515 2146 4588 ἐπιμεῖναι

558 4595 632 4666 τῇ
679 4601 857 4666 σαρκὶ
897 4601 1363 4671 ἀναγκαιότερον
1389 4599 1466 4654 δι’
1507 4599 1664 4671 ὑμᾶς
1693 4618 1707 4632 ⁸
1729 4600 1818 4655 διὰ
1845 4600 2002 4656 τοῦτο
2024 4602 2147 4657 οὐδὲ

615 4785 648 4814 ⁸
669 4779 720 4828 In
743 4776 867 4839 Reg.
894 4777 1040 4827 deest
1055 4776 1141 4827 τοῦ
1164 4775 1307 4827 θεοῦ.

1295 333 1353 386 S.
1391 326 1676 386 JOANSIS
1706 326 2205 385 CHRYSOSTOMI
2240 327 2562 386 ARCHIEP.
2608 328 3166 388 CONSTANTINOP.

3730 315 3840 374 ιη

2253 430 2357 500 τὴν
2384 431 2562 484 κτίσιν
2587 429 2793 501 ταύτην
2822 429 2924 502 τήν
2955 425 3264 500 ὁρωμένην,
3294 424 3411 480 ἀλλ’
3437 425 3560 494 οὐδῄ
3590 427 3691 501 τὴν
3721 446 3852 504 von-

2254 512 2352 584 τὴν
2390 513 2645 584 ἐνόμισεν
2672 514 2864 583 ἀρκεῖν
2901 513 2982 574 είς
3010 511 3357 581 παράστασιν
3377 509 3478 580 τῆς
3507 510 3732 580 ἀγάπης
3757 511 3852 568 καὶ

2253 595 2346 649 τοῦ
2383 596 2547 668 ζήλου
2572 634 2587 659 ,
2615 594 2754 649 ἀλλά
2784 596 2877 648 καὶ
2900 589 3092 664 ἐτέραν
3121 592 3225 646 οὐκ
3255 587 3422 646 οὖσαν
3455 590 3677 663 ἐζήτει,
3709 592 3851 648 ὥστε

2255 677 2594 745 ἐνδείξασθαι
2624 677 2761 749 ὅπερ
2791 677 2950 748 ήθελε
2983 676 3080 730 καὶ
3109 674 3394 746 ἐπεθύμει.
3432 674 3574 728 ’Δλλ’
3594 675 3626 730 6
3669 675 3853 729 Ἰωάν-

2253 779 2353 833 νης
2383 761 2612 832 ἀκρίδας
2642 760 2801 832 ἧσθιε
2844 761 2943 814 καὶ
2993 758 3116 829 μέλι
3157 759 3386 829 ἀγριον;
3435 750 3762 823 ’Δλλόὖτος
3795 758 3854 810 ἐν

2257 845 2398 916 μέσῃ
2431 847 2501 916 τῇ
2545 843 2876 917 οίκουμένῃ,
2910 843 3164 912 καθάπερ
3191 841 3402 904 ἐκεῖνος
3431 841 3490 894 ἐν
3532 843 3601 912 τῇ
3636 842 3853 912 ἐρήμῳ,

2253 927 2520 1000 διέτριϐεν
2546 967 2563 994 ,
2595 927 2828 999 ἀκρίδας
2860 925 2961 998 μὲν
2989 925 3085 980 καὶ
3123 923 3248 995 μέλι
3287 923 3479 995 ἄγριον
3509 925 3576 977 οὐ
3604 925 3857 996 σιτούμε-

2254 1029 2385 1078 νος,
2427 1012 2566 1067 πολύ
2617 1012 2675 1066 δέ
2727 1005 3117 1080 εὐτελεστέραν
3163 1008 3369 1079 ταύτης
3419 1008 3857 1080 παρατιθέμενος

2252 1096 2535 1168 τράπεζαν
2555 1136 2573 1160 ,
2605 1095 2700 1151 καὶ
2733 1095 2859 1170 οὐδὲ,
2901 1093 3001 1163 τῆς
3028 1090 3334 1160 ἀναγκαίας
3364 1089 3617 1161 εὐπορῶν
3645 1092 3856 1164 τροφῆς

2251 1178 2342 1234 διὰ
2381 1180 2482 1251 τὴν
2521 1179 2665 1249 ὑπὲρ
2697 1177 2794 1232 τοῦ
2823 1175 3182 1248 κηρύγματος
3216 1172 3476 1244 σπουδήν.
3518 1173 3680 1226 Ἀλλά
3723 1175 3858 1228 πολ-

2253 1262 2352 1334 λὴν
2379 1262 2516 1333 πρὸς
2544 1262 2636 1316 τὸν
2667 1260 2917 1333 Ἡρώδην
2955 1252 3113 1322 οὗτος
3156 1258 3472 1330 παρρησίαν
3497 1257 3856 1326 ἐπεδείξατος

2266 1346 2406 1401 Ἀλλ’
2432 1340 2586 1410 οὗτος
2615 1347 2714 1416 οὐχ
2751 1345 2848 1399 ἔνα
2873 1341 2968 1397 καὶ
2999 1342 3093 1396 δύο
3123 1343 3219 1395 καὶ
3238 1343 3389 1412 τρεῖς
3409 1381 3426 1406 ,
3456 1339 3600 1395 ἀλλά
3626 1341 3858 1412 μυρίους

2253 1429 2374 1484 κατ’
2396 1426 2605 1484 ἐκεῖνον
2641 1428 2993 1498 ἐπεστόμισε,
3027 1423 3229 1495 μᾶλλον
3254 1423 3312 1478 δέ
3350 1423 3446 1476 καὶ
3473 1422 3656 1495 πολλῷ
3694 1424 3857 1495 χαλε-

2255 1513 2537 1583 πωτέρους
2566 1510 2779 1567 ἐκείνου
2802 1509 2897 1562 τοῦ
2928 1507 3219 1581 τυράννου.
3249 1507 3514 1561 Λείπεται
3557 1506 3696 1577 πρὸς
3725 1508 3857 1572 τοὺς

2253 1597 2520 1667 ἀγγέλους
2542 1596 2706 1652 αὐτὸν
2740 1594 2993 1661 ἐξετάσαι
3026 1593 3244 1672 λοιπόνο
3282 1591 3472 1664 διόπερ
3498 1592 3732 1662 ἀφέντες
3753 1593 3854 1664 τὴν

2254 1681 2360 1752 γῆν
2379 1721 2396 1747 ,
2428 1681 2566 1751 πρὸς
2611 1679 2711 1743 τάς
2743 1678 2852 1731 τῶν
2891 1677 3136 1750 οὐρανῶν
3178 1675 3586 1748 ἀναϐησώμεθα
3612 1678 3810 1748 ἁψῖδας
3837 1693 3852 1706 ⁸

2253 1764 2391 1818 ἀλλά
2421 1764 2613 1836 μηδεὶς
2660 1762 2869 1832 τόλμαν
2917 1757 3396 1838 καταγινωσκέτωί
3419 1761 3517 1815 τοῦ
3553 1762 3739 1838 λόγου.
3791 1760 3854 1816 El

2252 1848 2363 1920 γὰρ
2414 1838 2510 1901 καῖ
2557 1848 2652 1901 τὸν
2697 1847 2952 1916 Ἰωάννην
2982 1845 3214 1914 ἀγγελον
3251 1837 3514 1899 ἐκάλεσεν
3558 1847 3593 1918 ἡ
3636 1837 3851 1918 Γραφή,

2253 1931 2348 1984 καὶ
2393 1931 2518 1994 τούς
2575 1929 2798 2002 ἱερέας,
2838 1929 2893 1982 τί
2947 1928 3298 2000 θαυμαστὸν,
3350 1930 3402 1982 εί
3457 1929 3552 1984 τὸν
3595 1930 3856 1984 ἀπάντων

2252 2007 2462 2083 ἀμείνω
2487 2015 2605 2076 ταῖς
2629 2013 2896 2082 δυνάμεσι
2925 2012 3348 2084 παραϐάλλομεν
3369 2012 3608 2076 ἐκείναις
3627 2029 3642 2078 ;
3663 2012 3732 2065 Τί
3759 2008 3855 2066 οὖν

2251 2097 2404 2150 ἐστιν
2437 2096 2663 2149 ἐκείνων
2701 2096 2763 2149 :6
2797 2095 2970 2166 μέγας
3008 2096 3132 2149 Ὅτι
3162 2096 3307 2166 μετά
3352 2097 3530 2169 πάσης
3565 2096 3854 2167 ἀκριϐείας

2253 2179 2589 2234 ὑπακούουσι
2618 2177 2698 2250 τῷ
2723 2178 2844 2250 Θεῷ
2868 2197 2882 2211 ·
2912 2180 3052 2250 ὅπερ
3083 2179 3177 2233 καὶ
3211 2180 3240 2232 6
3265 2178 3434 2236 Δαυῒδ
3473 2180 3853 2251 ἐκπληττόμε-

2250 2281 2340 2326 νος
2372 2263 2560 2332 ἔλεγε·
2606 2261 2860 2320 Aurata}.
2889 2264 3089 2331 ίσχίιτ,
3148 2263 3468 2329 ποιοῦντες
3517 2263 3626 2317 τὸν
3666 2264 3854 2332 λόγον

2249 2346 2459 2400 αὐτοῦ.
2485 2345 2690 2398 Τούτου
2737 2345 2848 2416 γὰρ
2895 2347 3011 2400 ἴσον
3049 2345 3205 2398 οὐδέν
3229 2386 3245 2410 ,
3273 2344 3376 2399 κᾶν
3409 2347 3672 2416 μυριάκις
3717 2339 3852 2397 ὦσιν

2249 2428 2530 2499 ἀσώματοι
2554 2445 2568 2457 ο
2611 2428 2672 2481 τὸ
2714 2430 2823 2499 γὰρ
2873 2427 3111 2496 μάλιστα
3159 2426 3352 2492 ποιοῦν
3395 2427 3621 2489 τούτους
3671 2423 3853 2498 μα’κα-

2251 2511 2433 2582 ρίους,
2483 2509 2643 2566 τοῦτό
2691 2513 2862 2576 ἐστιν,
2900 2511 2984 2564 ὃτι
3014 2508 3167 2583 μετ]
3205 2510 3485 2564 πείθονται
3540 2514 3654 2574 τοῖς
3688 2527 3853 2581 προσο

2246 2594 2680 2666 τάγμασιν,,ὃτι
2717 2594 2958 2664 οὐδαμοῦ
3021 2594 3424 2666 παρακούουσι.
3461 2594 3637 2648 Τοῦτο
3672 2595 3850 2649 τοίνυν

2247 2677 2342 2730 καὶ
2369 2678 2475 2732 ὐπὸ
2506 2676 2602 2730 τοῦ
2640 2676 2856 2731 Παύλου
2891 2677 3031 2747 μετά
3079 2675 3371 2748 ἀκριϐείας
3400 2676 3550 2732 ἔστιν
3599 2677 3727 2731 ίδεῖν
3750 2695 3851 2748 φυο

2247 2759 2575 2831 λαττόμενον
2599 2777 2612 2790 ο
2637 2761 2701 2813 οὐ
2745 2760 2856 2832 γὰρ
2879 2760 2944 2832 δὴ
2982 2759 3074 2814 τὸν
3106 2759 3267 2830 λόγον
3305 2761 3471 2815 αὐτοῦ
3493 2762 3715 2833 ἐποίησε
3750 2763 3849 2834 μό-

2246 2865 2369 2915 νον,
2400 2847 2535 2901 ἀλλὰ
2562 2847 2745 2902 καὶτὰ
2773 2847 3204 2920 προστάγματα,
3239 2848 3334 2902 καὶ
3385 2849 3527 2921 ὑπὲρ
3569 2851 3640 2904 τὰ
3679 2866 3863 2920 προσ-ι

2245 2931 2537 3003 τάγματα,
2581 2932 2678 2986 καὶ
2723 2931 2884 2986 τοῦτο
2930 2931 3108 3001 δηλῶν
3157 2932 3315 3000 ἔλεγε
3368 2948 3382 2962 ·
3445 2933 3545 3000 Τίς
3591 2928 3707 2989 οὖν
3747 2933 3859 3003 μοι

2246 3016 2418 3071 ἐστιν
2447 3019 2480 3070 ὁ
2519 3015 2737 3087 μισθὸς
2765 3057 2780 3081 ,
2823 3017 2927 3070 Ira
2951 3014 3482 3086 εὐαγγελιζόμενος
3537 3017 3854 3072 ἀδάπανον

2249 3099 2418 3169 θήσω
2450 3102 2515 3154 τὸ
2549 3099 2927 3170 Εὐαπέλιον
2957 3101 3065 3154 τοῦ
3080 3099 3377 3168 Xpwtoﬁ;
3412 3101 3478 3154 Τί
3500 3101 3687 3173 ἔτερον
3717 3102 3851 3155 θαυο

2243 3183 2442 3253 ,μάζων
2484 3183 2683 3244 αὐτοὺς
2731 3185 2760 3236 6
2792 3182 3082 3252 προφήτης
3127 3182 3345 3250 ἔλεγεν
3393 3183 3447 3235 Ὁ
3492 3182 3682 3239 ποιῶν
3708 3185 3859 3252 τοὺς.

2247 3265 2544 3335 ἀγγέλους
2581 3265 2770 3320 αὐτοῦ
2809 3266 3156 3334 πνεύματα,
3200 3265 3371 3336 φησὶ,
3413 3267 3515 3320 καί
3549 3267 3693 3334 τοὺς
3727 3272 3853 3322 λει-

2251 3354 2542 3424 τουρνοὺς
2571 3353 2760 3408 αὐτοῦ
2800 3353 2922 3421 πῦρ
2953 3353 3221 3422 φλέγον;
3263 3346 3428 3409 Ἀλλά
3452 3357 3546 3408 καὶ
3570 3356 3728 3410 τοῦτο
3757 3357 3853 3411 ἐπὶ

2250 3447 2466 3500 Παύλου
2501 3446 2649 3501 ἔστιν
2680 3446 2838 3499 ίδεῖνο
2886 3445 3140 3517 καθάπερ
3192 3445 3300 3517 γὰρ
3339 3445 3560 3517 πνεῦμα
3588 3447 3680 3501 καὶ
3715 3447 3848 3519 πῦρ,

2249 3537 2394 3593 οὕτω
2440 3539 2540 3610 τὴν
2588 3538 2916 3610 οἰκουμένην
2967 3538 3260 3610 διέδραμεν
3309 3539 3572 3605 ἃπασαν,
3607 3539 3704 3596 καὶ
3751 3539 3852 3612 τὴν

2250 3632 2355 3702 γῆν
2393 3629 2742 3700 ἐξεκάθηρεν.
2794 3631 2932 3684 Ἀλλ’
2975 3630 3129 3684 οὔπω
3155 3632 3248 3684 τὸν
3281 3631 3512 3703 οὐρανὸν
3541 3632 3740 3703 ἔλαχες
3775 3633 3850 3688 T6

2251 3717 2363 3787 γὰρ
2389 3713 2702 3784 θαυμαστὸν
2727 3714 2908 3782 τοῦτο,
2934 3715 3016 3768 ὅτι
3058 3715 3117 3767 ἐν
3141 3717 3208 3786 τῇ
3237 3717 3309 3786 γῇ
3347 3715 3588 3780 τοιοῦτος
3624 3711 3715 3788 ἦν,
3753 3717 3851 3771 καὶ

2253 3806 2414 3876 σῶμα
2465 3804 2658 3886 θνητὸν
2697 3806 3119 3878 περικείμενος,
3176 3807 3316 3878 πρὸς
3364 3805 3463 3873 τὰς
3517 3810 3852 3879 ἀσωμάτους

2251 3899 2516 3970 ἡμιλλᾶτο
2549 3898 2829 3969 δυνάμεις.
2861 3898 3043 3970 Πόσης
3077 3895 3172 3954 οὖν
3223 3901 3326 3953 οὐκ
3355 3899 3424 3954 ἀν
3451 3899 3644 3972 είημεν
3675 3919 3852 3956 κατα-

2252 3987 2505 4057 γνώσεως
2528 3989 2690 4053 ἀξιοι,
2718 3989 2846 4044 ὅταν
2883 3990 3004 4054 ἐνὸς
3041 3991 3334 4063 ἀνθρώπου
3375 3991 3553 4046 πάντα
3605 3994 3852 4064 συνειλη-

2252 4082 2408 4150 χότος
2437 4080 2614 4153 ἐαυτῷ
2648 4081 2720 4135 τὰ
2741 4082 2902 4148 καλὰ,
2929 4084 3093 4155 ἡμεῖς
3127 4085 3249 4140 οὐδέ
3271 4085 3332 4139 :6
3359 4085 3647 4141 πολλοστὸν
3673 4066 3850 4160 μέρος

2257 4176 2600 4247 μιμήσασθαι
2647 4177 2810 4231 αὐτὸν
2855 4179 3292 4251 σπουδάζωμεν;
3330 4181 3496 4234 Ταῦτ’
3523 4180 3618 4267 οῦν
3663 4186 3850 4255 ἐννοή-

2257 4283 2476 4334 σαντες,
2527 4269 2622 4322 καὶ
2662 4270 2760 4340 τῆς
2795 4271 3134 4341 κατηγορίας
3167 4273 3393 4336 ἐαυτοὺς
3420 4272 3846 4345 ἀπαλλάξωμεν,

2254 4360 2350 4413 καὶ
2384 4361 2936 4434 σπουδάσωμεν.πρὸς
2957 4363 3049 4416 τὸν
3087 4365 3300 4418 ἐκείνου
3334 4364 3495 4436 ζῆλον
3522 4365 3698 4419 ἐλθεῖν
3717 4407 3731 4427 ,
3760 4367 3850 4421 ἵνα

2254 4451 2573 4523 δυνηθῶμεν
2606 4452 2830 4507 καὶτῶν
2861 4453 3040 4507 αὐτῶν
3061 4455 3286 4524 ἀγαθῶν
3320 4456 3633 4528 ἐπιτυχεῖν.
3664 4458 3847 4530 χάριτι

2255 4545 2350 4599 καὶ
2376 4543 2756 4618 φιλανθρωπίᾳ
2802 4546 2898 4599 τοῦ
2937 4547 3145 4617 Κυρίου
3188 4547 3347 4618 ήμῶν
3385 4549 3560 4621 Ἰησοῦ
3583 4549 3845 4623 Χριστοῦ,

2253 4627 2298 4702 ᾧ
2331 4638 2363 4706 ὴ
2394 4634 2521 4702 δόξα
2563 4635 2657 4689 καὶ
2690 4637 2750 4690 :6
2780 4639 3018 4708 κράτος,
3041 4636 3138 4692 νῦν
3183 4640 3279 4693 καὶ
3309 4641 3430 4709 ἀεὶ,
3469 4643 3565 4696 καὶ
3603 4644 3685 4707 είς
3717 4645 3848 4708 τοὺς

2255 4727 2458 4792 αἰῶνας
2495 4728 2605 4783 τῶν
2629 4727 2865 4784 αἰώνων.
2910 4729 3110 4802 Ἀμήν.

1538 5243 1646 5299 ΕΙΣ
1683 5243 1824 5300 ΤΟΝ
1863 5243 2069 5300 APION
2108 5243 2524 5301 ΑΠΟΣΤΟΛΟΝ
2543 5246 2858 5302 ΠΛΥΛΟΝ.

1184 5667 1409 5724 Ὀιιιλία
1440 5667 1522 5724 β’.

1184 5667 1237 5720 '0
1286 5669 1409 5722 ιλία
1508 5709 1522 5724 .

622 5762 686 5816 Τί
721 5757 842 5814 ποτέ
885 5763 1030 5814 ἐστιν
1055 5688 1360 5823 ἄνθρωιτέος,
1391 5665 1502 5812 x5
1515 5758 1615 5826 ὅση
1654 5755 1753 5824 τῆς
1800 5753 2018 5827 φύσεως
2041 5758 2141 5826 τῆς

2156 5544 2231 5561 -ο

2249 5670 2526 5741 ἡμετέρας
2553 5671 2586 5740 ὴ
2627 5669 2900 5739 εὐγένεια,
2932 5669 3026 5724 καὶ⁸
3056 5669 3185 5739 ὅσης
3211 5669 3329 5723 ἐστὶ
3361 5669 3610 5725 δεκτ.κὸν
3638 5667 3848 5743 ἀρετῆς

2250 5762 2400 5815 τουτὶ
2435 5761 2496 5814 τὸ
2527 5761 2683 5825 ζῶον,
2730 5761 2897 5826 ἔδειξε
2934 5761 3168 5822 μάλιστα
3212 5761 3432 5817 πάντων
3477 5762 3782 5836 ἀνθρώπων
3812 5763 3848 5818 ὀ
