4206 6308
282 382 380 437 4⁵η

289 497 470 553 durior
488 492 675 549 anima
714 487 818 544 ista
855 483 1194 558 perpetiens,
1221 488 1278 536 et
1319 477 1520 533 ferrum
1557 483 1720 544 atque
1748 469 1876 524 ada-

289 580 855 653 mantem-superabat.
881 577 1010 645 Qum
1025 574 1167 631 enim
1187 570 1290 627 Job
1317 581 1566 638 corpore,
1589 567 1705 620 base
1745 561 1880 618 Pau-

288 682 370 734 lus
397 683 582 732 mente
601 671 876 736 sustinuit,
902 681 1062 739 quem
1100 662 1248 720 omni
1275 673 1458 716 verme
1508 657 1790 713 molestior
1812 653 1880 708 de

287 770 512 841 singulis
537 766 839 838 quibusque
882 759 1185 818 labentibus
1229 753 1484 811 maestitia
1511 748 1878 808 consumebat.

289 862 443 919 Unde
472 869 529 915 et
554 863 707 929 iuges
735 858 1089 927 lacrymarum
1113 867 1182 906 ex
1216 865 1283 905 eo
1329 847 1504 903 fontes
1538 859 1645 899 non
1693 841 1881 896 diebus

287 955 490 1020 solum,
524 951 619 1006 sed
647 950 807 1006 etiam
853 947 1097 1003 noctibus
1125 942 1413 1000 effluebant
1437 979 1453 1005 ,
1481 937 1732 1003 omnique
1759 948 1880 987 mu-

287 1045 423 1100 liere
443 1041 780 1114 parturiente
806 1036 1174 1093 vehementius
1196 1031 1531 1101 afﬂigebatur
1553 1027 1606 1082 in
1636 1023 1882 1094 singulis,

287 1143 514 1203 propter
539 1129 683 1201 quod
707 1130 868 1184 etiam
897 1126 1110 1190 dicebat
1141 1140 1154 1176 :
1184 1122 1362 1177 Filioli
1387 1120 1483 1174 mei
1508 1159 1522 1183 ,
1551 1133 1674 1186 quos
1699 1117 1883 1169 iterum

287 1226 528 1293 parturio
557 1221 714 1292 (Gal.
740 1221 796 1276 4.
827 1220 894 1275 19
919 1219 961 1288 ).
991 1217 1159 1285 Quem
1193 1229 1318 1270 vero
1339 1207 1450 1282 jam
1475 1212 1736 1281 quiSpiam
1765 1216 1885 1277 post

287 1317 394 1371 Job
422 1323 575 1386 putet
621 1328 744 1368 esse
790 1309 1137 1366 mirabilem?
1166 1307 1384 1377 Moysen
1433 1303 1675 1374 profecto
1716 1318 1730 1354 :
1787 1299 1882 1354 sed

289 1406 436 1460 hunc
455 1405 618 1460 etiam
644 1400 844 1457 Paulus
874 1401 1004 1455 satis
1032 1397 1285 1454 eminenti
1312 1399 1506 1450 virtute
1533 1390 1880 1449 transcendit.

286 1496 458 1563 Cujus
487 1493 702 1564 quidem
746 1491 907 1546 multa
935 1497 1060 1544 sunt
1087 1488 1190 1541 alia
1239 1486 1492 1556 praeclara
1522 1501 1536 1538 :
1580 1481 1677 1538 sed
1702 1488 1884 1549 caput

289 1593 496 1639 sancte
526 1584 666 1637 illius
689 1581 883 1635 animze
905 1589 1062 1648 atque
1084 1577 1352 1646 fastigium
1381 1583 1485 1639 est,
1511 1573 1759 1642 quoniam
1787 1584 1884 1639 pro

291 1674 605 1730 Judmorum
663 1671 837 1727 salute
886 1669 1057 1725 deleri
1110 1667 1270 1736 elegit
1317 1681 1383 1721 ex
1427 1666 1563 1718 libro
1591 1665 1755 1717 vine:
1787 1660 1883 1715 sed

291 1767 509 1836 Moyses
537 1779 659 1819 cum
704 1761 914 1831 caeteris
941 1758 1147 1828 optavit
1172 1758 1350 1828 perire
1377 1795 1393 1821 ,
1438 1755 1633 1809 Paulus
1655 1766 1754 1822 pro
1774 1766 1882 1805 ca:-

293 1857 464 1911 teris:
496 1869 605 1909 non
653 1853 797 1908 enim
827 1866 947 1906 cum
975 1849 1322 1919 pereuntibus
1353 1847 1527 1917 perire
1556 1845 1762 1908 voluit,
1790 1841 1885 1897 sed

293 1958 352 2001 nt
374 1947 713 2000 salvarentur
735 1942 974 2012 alii,ipse
997 1941 1064 1996 de
1087 1939 1269 2011 gloria:
1290 1937 1588 1993 asternitate
1613 1934 1882 1990 decidere.

294 2039 363 2092 Et
384 2037 478 2091 ille
505 2035 719 2105 quidem
748 2032 1028 2096 Pharaoni,
1059 2032 1146 2086 hic
1186 2038 1363 2084 autem
1401 2027 1616 2082 diabolo
1651 2024 1887 2095 quotidie

294 2127 670 2198 repugnabat;
718 2135 772 2180 et
800 2125 888 2179 ille
917 2139 1017 2195 pro
1041 2137 1146 2177 una
1176 2130 1380 2177 tantum
1407 2127 1564 2190 gente
1586 2159 1601 2184 ,
1632 2118 1733 2173 iste
1758 2131 1888 2170 vero

293 2234 395 2287 pro
433 2220 684 2283 universo
709 2216 841 2271 orbe
864 2215 1106 2276 certavit,
1136 2227 1244 2266 non
1270 2210 1486 2274 sudore,
1508 2208 1602 2264 sed
1629 2208 1888 2278 sanguine

296 2313 414 2365 vice
434 2308 650 2364 sudoris
681 2307 912 2375 undique
946 2303 1244 2374 proﬂuente
1275 2321 1287 2357 :
1312 2317 1432 2358 cum
1463 2317 1568 2355 non
1595 2300 1767 2354 solum
1793 2298 1888 2352 ha-

295 2400 551 2456 bitabiles
603 2397 786 2453 mundi
816 2405 1014 2468 partes,
1045 2410 1231 2450 verum
1251 2394 1413 2450 etiam
1451 2393 1663 2448 deserta
1689 2390 1755 2445 ad
1779 2391 1891 2444 cul-

296 2504 412 2546 tum
443 2491 722 2562 religionis
749 2489 1038 2544 adduceret
1065 2529 1082 2554 ,
1117 2501 1218 2542 nec
1259 2487 1437 2554 solum
1459 2485 1766 2543 Graecorum
1794 2498 1890 2553 po-

297 2583 479 2652 pulos,
509 2596 693 2636 verum
723 2581 884 2636 etiam
911 2579 1282 2634 barbarorum.

368 2673 645 2742 Confertur
664 2687 778 2724 cum
805 2671 920 2724 aliis
939 2669 1126 2723 sanctis
1154 2668 1285 2723 viris.
1313 2697 1382 2709 —
1403 2667 1649 2722 Poteram
1675 2664 1888 2736 quidem

297 2778 353 2823 et
380 2767 568 2822 Jesum
595 2764 761 2832 Nave,
789 2772 845 2819 et
881 2763 1183 2818 Samuelem
1211 2803 1226 2827 ,
1259 2771 1314 2817 et
1341 2761 1478 2816 alios
1521 2759 1810 2830 pr0phetas
1836 2759 1889 2812 in

301 2859 763 2928 comparationem
815 2871 1042 2921 vocare;
1097 2855 1190 2910 sed
1227 2870 1295 2909 ne
1351 2868 1653 2909 sermonem
1701 2853 1890 2907 faciam

302 2951 621 3020 longiorem,
649 2949 714 3003 ad
762 2949 876 3016 ipsa
927 2962 1112 3002 eorum
1149 2948 1321 3016 capita
1349 2945 1726 3002 conscendam.
1757 2944 1890 2999 Cum

302 3041 448 3096 enim
489 3038 608 3094 istis
645 3038 991 3094 excellentior
1031 3037 1378 3107 apparuerit,
1410 3037 1552 3091 nulla
1580 3049 1796 3105 prorsus
1824 3033 1893 3090 de

302 3131 420 3184 aliis
445 3129 762 3198 ambiguitas
788 3128 1134 3200 relinquetur.
1167 3126 1396 3193 Quinam
1425 3139 1553 3196 ergo
1577 3125 1896 3180 eminentio-

305 3235 400 3277 res
425 3219 671 3275 videnlur
702 3218 728 3272 Υ

373 3311 507 3378 Quis
568 3317 692 3380 post
761 3309 860 3364 hos
919 3308 1096 3373 alius,
1151 3307 1257 3363 nisi
1306 3307 1510 3374 David,
1564 3317 1618 3363 et
1673 3307 1891 3372 Helias,

304 3412 360 3459 et
421 3402 688 3468 Joannes,
741 3416 970 3471 quorum
1018 3415 1156 3454 unus
1207 3399 1439 3469 prioris,
1489 3400 1625 3454 alter
1675 3399 1893 3454 secundi

303 3502 388 3548 est
467 3505 769 3563 praecursor
840 3490 1142 3546 adventus?
1215 3499 1432 3560 propter
1504 3489 1646 3560 quod
1732 3490 1893 3544 etiam

304 3585 540 3640 nominis
585 3582 960 3639 communione
1007 3582 1277 3651 conjuncti
1334 3591 1477 3641 sunt.
1539 3581 1676 3650 Quid
1738 3582 1898 3649 igitur

303 3678 358 3732 in
409 3676 578 3731 David
630 3662 954 3746 pracipuum
1014 3674 1321 3744 reperitur?
1384 3674 1512 3730 Sine
1568 3674 1734 3728 dubio
1793 3674 1896 3728 hu-

305 3767 542 3832 utilitas,
601 3775 762 3836 atque
803 3779 927 3834 erga
969 3765 1133 3820 Deum
1180 3764 1390 3820 fervens
1435 3779 1605 3818 amor.
1663 3764 1730 3818 Et
1777 3766 1896 3834 quis

305 3857 572 3927 amplius,
641 3856 751 3911 imo
817 3856 936 3926 quis
983 3854 1099 3919 ita,
1171 3863 1229 3910 ut
1291 3854 1467 3909 anima
1521 3854 1706 3919 Pauli,
1781 3854 1898 3910 bme

305 3959 533 4020 utraque
560 3947 852 4019 complevit
869 3949 894 4001 ‘l
923 3946 1308 4002 Admirandum
1333 3956 1512 4002 autem
1541 3948 1593 4002 in
1625 3947 1774 4002 Helia
1797 3962 1916 4018 ego.

305 4041 529 4095 minime
568 4053 730 4102 reor,
755 4038 880 4109 quia
917 4037 1108 4093 caelum
1144 4039 1370 4104 clausit,
1409 4039 1530 4108 quia
1569 4038 1774 4094 induxit
1814 4038 1893 4093 fa-

308 4145 489 4195 mem,
529 4129 652 4199 quia
693 4129 869 4199 ignem
907 4127 976 4184 de
1008 4129 1141 4183 caelo
1178 4142 1425 4184 sermone
1463 4129 1756 4199 compluit;
1803 4130 1896 4184 sed

307 4220 429 4290 quia
463 4219 657 4273 zelavit
693 4232 792 4287 pro
832 4218 942 4274 Deo
966 4259 981 4283 ,
1025 4226 1142 4273 erat
1177 4218 1230 4273 in
1277 4219 1380 4274 hoc
1421 4221 1616 4274 mentis
1659 4219 1852 4275 all'ectu
1877 4260 1894 4285 ,

308 4311 426 4378 ipso
458 4309 581 4379 igne
604 4308 989 4365 vehementior.
1018 4309 1125 4366 Sed
1151 4310 1194 4365 si
1221 4309 1369 4366 Pauli
1405 4311 1578 4366 zelum
1617 4311 1899 4382 diligenter

309 4402 560 4472 inspicias
583 4443 600 4466 ,
630 4410 780 4456 tanto
803 4417 924 4456 eum
950 4401 1190 4458 invenies
1218 4403 1498 4458 celsiorem
1521 4445 1539 4472 ,
1576 4413 1775 4474 quanto
1812 4405 1900 4459 ille

309 4491 585 4561 prophetis
623 4491 833 4547 caeteris
876 4491 1165 4546 eminebat.
1209 4491 1347 4560 Quid
1391 4493 1533 4548 enim
1575 4494 1751 4549 verbis
1796 4495 1900 4549 illis

311 4580 608 4652 reperiatur
633 4581 839 4651 aequale
859 4622 876 4649 ,
903 4596 1000 4652 per
1021 4597 1140 4652 qua:
1164 4583 1387 4654 gloriam
1425 4584 1635 4640 Domini
1677 4586 1901 4641 zelando

307 4671 524 4726 dicebat
548 4686 563 4725 :
598 4671 850 4736 Quoniam
869 4673 1106 4740 optabam
1129 4689 1220 4745 ego
1240 4675 1510 4729 anathema
1538 4692 1643 4730 esse
1669 4693 1760 4746 pro
1787 4678 1894 4747 fra-

311 4764 472 4817 tribus
517 4763 640 4817 meis
663 4803 678 4829 ,
726 4765 810 4834 qui
851 4773 968 4818 sunt
1008 4766 1208 4835 cognati
1250 4768 1347 4820 mei
1384 4768 1660 4821 secundum
1698 4784 1901 4823 carnem

313 4852 515 4925 (Rom.
558 4853 615 4908 9.
651 4853 758 4924 3)?
797 4854 1083 4924 Propterea
1109 4895 1126 4918 ,
1169 4855 1315 4911 cazlis
1369 4857 1467 4911 sibi
1511 4858 1796 4928 propositis
1839 4876 1901 4913 ac

315 4939 569 5012 praemiis
605 4953 661 5000 et
708 4945 955 5011 coronis,
1003 4945 1232 5001 tardavit
1274 4960 1338 5002 ac
1382 4946 1623 5015 distulit,
1671 4949 1897 5004 dicens:

321 5035 625 5091 Permanere
666 5047 836 5090 autem
879 5038 933 5091 in
971 5055 1125 5093 carne
1151 5081 1167 5107 ,
1209 5044 1545 5096 necessarium
1586 5052 1659 5096 est
1697 5053 1902 5113 propter

315 5144 398 5183 vos
448 5127 729 5199 (Philipp.
773 5130 825 5184 l.
867 5127 1000 5202 24).
1049 5131 1336 5201 Propterea
1380 5149 1486 5187 non
1531 5135 1702 5188 solum
1732 5135 1897 5188 istam

1143 363 1234 420 DE
1270 357 1610 418 LAUDIBUS
1644 357 1703 413 S.
1744 350 1947 409 PAULI
1985 346 2339 406 APOSTOLI.
2381 343 2611 402 liOMlL.
2654 341 2717 397 11.

3455 329 3564 386 4⁵18

1984 483 2105 536 quae
2158 468 2434 530 cernitur,
2480 463 2575 519 sed
2630 461 2772 516 illam
2825 473 3037 533 quoque
3090 473 3211 533 quae
3259 460 3577 536 intelligitur

1983 570 2319 624 creaturam,
2375 572 2710 626 nequaquam
2765 555 3014 612 sufﬁcere
3072 555 3174 611 sibi
3229 556 3457 614 credidit
3500 559 3572 614 ad

1983 650 2375 707 ostendendum
2417 650 2589 704 zelum
2634 658 2688 702 et
2734 647 3048 714 caritatem,
3095 661 3200 718 qua
3246 647 3471 705 ardebat
3519 649 3572 703 in

1983 741 2254 802 Christum
2279 757 2296 807 ;
2329 739 2421 795 sed
2450 741 2611 794 etiam
2641 739 2800 793 aliam
2824 779 2839 802 ,
2869 753 2989 810 quae
3026 754 3132 793 non
3171 746 3292 807 est,
3323 751 3577 795 sermone

1985 835 2273 900 formavit,
2305 842 2363 888 ut
2385 834 2526 903 quod
2558 840 2667 886 tota
2703 832 2977 886 voluntate
3012 830 3262 902 cupiebat
3301 831 3575 903 exprime.

1987 937 2090 982 ret.
2119 925 2224 982 Sed
2249 925 2482 980 Joannes
2508 923 2562 977 in
2588 922 2765 978 cibum
2797 923 3030 979 locustas
3065 930 3122 977 et
3162 921 3268 976 mel
3313 923 3578 994 sylvestre

1987 1016 2236 1072 sumebat
2261 1015 2495 1088 (Matth.
2519 1016 2554 1069 5
2573 1013 2616 1085 ),
2638 1023 2693 1067 at
2715 1012 2909 1068 Paulus
2937 1013 3007 1067 ita
3033 1013 3088 1068 in
3113 1013 3298 1069 mundi
3326 1013 3576 1085 strepitu,

1987 1110 2434 1182 quemadmodum
2461 1109 2552 1165 ille
2572 1109 2625 1165 in
2649 1109 2818 1165 eremi
2845 1111 3024 1179 quiete
3045 1119 3289 1166 versatus
3311 1118 3397 1166 est
3421 1126 3436 1163 :
3468 1124 3577 1164 non

1987 1202 2201 1272 quidem
2230 1209 2413 1271 pastus
2436 1201 2657 1257 locustis
2683 1210 2742 1256 et
2765 1201 2925 1256 melle
2952 1201 3200 1271 sylvestri
3224 1243 3239 1268 ,
3281 1202 3378 1258 sed
3407 1202 3581 1258 multo

1988 1292 2075 1347 his
2097 1295 2240 1348 victu
2271 1293 2460 1348 viliore
2488 1301 2773 1347 contentus
2799 1332 2814 1358 ,
2849 1306 2912 1347 ac
2937 1307 3008 1348 ne
3033 1293 3338 1348 necessario
3363 1293 3579 1363 quidem

1988 1383 2268 1453 indulgens
2307 1383 2464 1448 cibo,
2505 1397 2615 1452 prae
2655 1381 2868 1437 fervore
2914 1390 2969 1437 et
3011 1382 3189 1438 studio
3231 1382 3579 1452 prmdicandi.

1987 1474 2185 1529 Verum
2218 1474 2359 1529 illius
2386 1473 2650 1528 adversus
2669 1471 2934 1528 Herodem
2957 1472 3203 1542 apparuit
3224 1487 3415 1543 magna
3444 1488 3579 1528 con-

1988 1566 2186 1621 stantia
2213 1563 2449 1637 (Matth.
2481 1565 2550 1619 14
2576 1563 2615 1634 );
2648 1572 2703 1618 at
2744 1564 2847 1620 iste
2888 1578 2994 1618 non
3032 1579 3194 1619 unum
3219 1606 3236 1632 ,
3276 1573 3377 1619 aut
3404 1564 3580 1631 duos,

1989 1666 2080 1713 aut
2101 1667 2248 1724 tres,
2278 1656 2373 1712 sed
2415 1657 2724 1712 innumeros
2767 1656 2819 1711 in
2865 1657 3024 1722 simili
3070 1660 3274 1728 positos
3314 1669 3582 1729 potestate

1990 1748 2282 1817 corripuit,
2312 1747 2420 1802 imo
2463 1748 2619 1817 longe
2658 1747 2750 1802 illo
2788 1748 3041 1803 saeviores
3080 1758 3355 1819 tyrannos.
3393 1750 3584 1806 Restat

1991 1847 2049 1894 ut
2077 1839 2297 1893 Paulum
2323 1838 2433 1908 jam
2463 1838 2665 1909 angelis
2691 1853 3065 1908 comparemus
3093 1856 3108 1896 :
3151 1840 3377 1911 ideoque
3414 1843 3582 1897 relin-

1990 1940 2217 2003 quentes
2258 1941 2455 1987 terram
2481 1974 2497 1998 ,
2546 1931 2611 1986 ad
2661 1931 2914 2003 caalorum
2966 1932 3173 2002 fastigia
3225 1943 3578 1992 transeamus.

1995 2025 2099 2082 Sed
2127 2026 2302 2080 nullus
2325 2026 2588 2080 sermonis
2609 2026 2776 2079 nostri
2796 2035 3011 2080 accuset
3035 2025 3333 2082 audaciam.
3360 2029 3415 2084 Si
3435 2030 3581 2085 enim

1993 2118 2252 2173 Joannem
2278 2127 2330 2172 et
2352 2117 2660 2172 sacerdotes
2685 2117 2778 2170 Dei
2804 2115 3078 2184 Scriptura
3098 2119 3316 2187 angelos
3340 2121 3582 2176 nomina-

1991 2211 2067 2264 vit
2098 2226 2113 2262 :
2145 2207 2268 2279 quid
2301 2209 2495 2262 mirum
2518 2250 2534 2273 ,
2567 2208 2610 2261 si
2642 2208 3065 2276 praestantiorem
3087 2208 3336 2265 omnibus
3361 2209 3584 2266 Paulum

1994 2299 2098 2355 illis
2126 2287 2407 2354 virtutibus
2433 2301 2771 2355 conferamus
2793 2299 2816 2352 Τ
2840 2298 2977 2365 Quid
3002 2314 3130 2370 ergo
3156 2315 3276 2356 esse
3300 2301 3355 2356 in
3378 2305 3586 2374 angelis

1994 2391 2331 2462 magniﬁcum
2353 2390 2694 2460 iudicamus?
2721 2389 2969 2445 Profecto
2987 2390 3109 2461 quia
3132 2406 3256 2448 cum
3283 2393 3429 2449 omni
3457 2409 3587 2458 cura

1993 2483 2249 2539 obediunt
2281 2483 2390 2538 Deo
2419 2501 2433 2538 :
2465 2481 2606 2553 quod
2637 2481 2804 2538 David
2847 2498 3060 2554 quoque
3097 2484 3411 2542 admirando
3438 2487 3587 2543 dicc-

1994 2574 2085 2628 bat
2115 2591 2130 2627 :
2165 2573 2402 2628 Potentes
2440 2575 2653 2637 virtute,
2696 2574 2936 2642 facientes
2973 2576 3177 2630 verbum
3221 2577 3361 2632 illius
3391 2578 3410 2649 (
3438 2580 3586 2634 Psal.

1997 2667 2120 2722 102.
2149 2665 2220 2722 20
2247 2667 2287 2738 ).
2320 2666 2454 2722 Huic
2478 2666 2620 2721 enim
2645 2667 2788 2722 bono
2821 2667 2952 2722 nihil
2984 2683 3204 2738 prorsus
3231 2671 3437 2741 aequale
3465 2685 3547 2727 est
3569 2714 3586 2737 ,

1996 2763 2156 2817 etiam
2183 2763 2226 2816 si
2255 2762 2363 2817 sint
2390 2761 2582 2816 millies
2619 2761 2956 2830 incorporei:
2999 2762 3102 2817 hoc
3140 2771 3222 2818 est
3266 2764 3411 2819 enim
3443 2766 3589 2835 quod

1996 2853 2229 2908 maxime
2255 2861 2474 2922 praestat
2501 2867 2596 2907 eos
2622 2852 2806 2907 beatos
2829 2892 2846 2919 ,
2877 2852 2998 2922 quia
3028 2853 3283 2909 obediunt
3307 2857 3592 2926 praeceptis

2000 2946 2093 3000 Dei
2119 2986 2135 3010 ,
2168 2945 2289 3014 quia
2319 2959 2443 2998 eum
2474 2944 2527 2997 in
2559 2943 2705 2997 nullo
2746 2942 3036 3013 aliquando
3078 2952 3448 3000 contemnunt.
3478 2943 3591 3002 Hoc

2002 3038 2161 3108 igitur
2189 3045 2239 3092 et
2271 3038 2324 3091 in
2355 3036 2521 3091 Paulo
2542 3036 2696 3105 plene
2719 3035 3068 3091 animadverti
3096 3045 3271 3107 potest
3294 3052 3416 3093 cum
3443 3039 3589 3094 omni

1995 3128 2266 3198 diligentia
2311 3136 2365 3182 et
2406 3126 2653 3181 cautione
2695 3135 2991 3182 servatum.
3038 3125 3157 3182 Non
3195 3136 3373 3183 autem
3417 3131 3590 3185 solum

1998 3234 2304 3275 sermonem
2356 3217 2471 3287 ejus
2517 3217 2792 3287 implevit,
2843 3232 3030 3273 verum
3073 3219 3233 3274 etiam
3286 3229 3591 3291 praecepta,

1999 3326 2265 3382 supraque
2309 3317 2574 3380 praecepta
2627 3327 2641 3364 :
2689 3308 2795 3364 hoc
2838 3323 3052 3380 quoque
3102 3307 3426 3375 declamas,
3474 3311 3591 3365 ait:

2004 3403 2129 3469 ρυω
2157 3411 2229 3456 est
2255 3417 2373 3472 ergo
2401 3416 2588 3455 merces
2629 3416 2771 3466 mea,
2817 3410 2874 3454 ut
2916 3401 3227 3470 evangelium
3266 3402 3549 3472 pradicans
3573 3443 3591 3469 ,

1999 3494 2108 3549 sine
2146 3502 2352 3564 sumptu
2391 3507 2580 3562 ponant
2621 3491 2937 3560 evangelium
2979 3488 3079 3544 Dei
3125 3491 3202 3563 (l.
3235 3492 3354 3546 Cor.
3389 3491 3442 3549 9.
3475 3493 3591 3562 18).

1999 3585 2139 3654 Quid
2184 3600 2312 3640 vero
2349 3583 2492 3638 aliud
2538 3584 2590 3638 in
2630 3582 2835 3653 angelis
2882 3583 3143 3652 prepheta
3183 3583 3449 3639 miratur?
3494 3585 3596 3651 Qui

2003 3678 2158 3748 facit,
2188 3674 2396 3745 inquit,
2428 3673 2634 3745 angelos
2661 3689 2780 3727 suos
2804 3672 3012 3742 spiritus
3031 3713 3046 3739 ,
3089 3681 3135 3726 et
3173 3673 3431 3728 ministros
3475 3691 3596 3729 suos

2001 3768 2165 3836 ignem
2209 3775 2435 3818 urentem
2481 3763 2672 3834 (Psal.
2723 3763 2847 3817 103.
2897 3763 2930 3816 4
2958 3761 2998 3833 ).
3041 3761 3147 3818 Sed
3189 3763 3291 3818 hoc
3329 3764 3488 3818 etiam
3541 3765 3595 3820 in

2001 3858 2165 3912 Paulo
2195 3870 2477 3926 possumus
2504 3854 2743 3909 invenire
2764 3896 2780 3919 ,
2812 3853 2901 3924 qui
2929 3854 3074 3908 velut
3118 3854 3254 3924 ignis
3279 3869 3342 3909 ac
3369 3855 3594 3926 spiritus

2002 3961 2171 4007 totum
2225 3959 2490 4006 terrarum
2537 3947 2804 4018 percurrit
2853 3946 3073 4012 orbem,
3121 3947 3593 4016 percurrendoque

2003 4043 2264 4114 purgavit.
2292 4040 2397 4096 Sed
2421 4038 2644 4094 necdum
2668 4038 2857 4093 caelum
2887 4038 2986 4092 iste
3014 4038 3236 4092 sortitus
3256 4039 3381 4092 est?
3403 4039 3469 4094 Et
3494 4039 3596 4096 hoc

2003 4133 2226 4189 omnino
2268 4130 2512 4186 mirabile
2543 4147 2556 4184 :
2583 4130 2705 4199 quia
2735 4128 2856 4182 talis
2878 4127 3196 4183 versabatur
3223 4129 3274 4182 in
3309 4129 3465 4184 terris
3489 4171 3504 4196 ,
3543 4142 3598 4186 et

2003 4226 2215 4282 mortali
2258 4225 2432 4280 adhuc
2468 4238 2630 4279 carne
2673 4221 3075 4290 circumdatus,
3113 4237 3238 4278 eum
3283 4223 3599 4295 incorpora-

2003 4319 2132 4373 lihm
2161 4325 2482 4387 potestatum
2513 4313 2709 4370 virtute
2736 4315 2994 4370 certabat.
3017 4312 3227 4380 Quanta
3257 4329 3385 4384 ergo
3412 4331 3598 4370 sumus

2003 4406 2448 4464 condemnatione
2475 4404 2619 4475 digni
2648 4445 2664 4471 ,
2697 4418 2819 4458 cum
2847 4418 2952 4458 uno
2993 4403 3212 4459 homine
3250 4404 3389 4459 bona
3419 4408 3599 4461 omnia

2003 4500 2057 4555 in
2084 4514 2143 4555 se
2171 4505 2526 4569 congregante
2552 4539 2568 4564 ,
2603 4511 2670 4551 ne
2700 4496 2976 4550 minimam
3003 4496 3220 4566 quidem
3249 4512 3437 4552 eorum
3469 4513 3598 4568 par-

2007 4600 2115 4647 tem
2142 4590 2421 4646 studemus
2442 4588 2638 4643 imitari
2661 4588 2684 4641 ?
2712 4587 2836 4644 ﬂare
2858 4587 3074 4645 assidue
3093 4597 3274 4645 mente
3295 4589 3596 4657 volventes,

2004 4694 2058 4739 et
2104 4696 2201 4736 nos
2246 4682 2392 4751 ipsos
2441 4678 2789 4749 inculpabiles
2837 4678 3211 4749 praebeamus,
3256 4691 3310 4735 et
3344 4680 3411 4736 ad
3460 4681 3601 4736 illius

2003 4775 2176 4829 zelum
2203 4773 2512 4828 studeamns
2540 4770 2797 4827 accedere
2820 4813 2836 4838 ,
2868 4780 2925 4825 ut
2959 4766 3026 4826 ad
3064 4772 3254 4828 eadem
3288 4772 3428 4827 bona
3472 4788 3602 4842 pcr-

2005 4867 2187 4920 venire
2240 4879 2582 4931 mereamur,
2640 4863 2807 4934 gratia
2857 4871 2913 4918 et
2968 4863 3332 4918 misericordia
3384 4864 3598 4918 Domini

2005 4958 2173 5011 nostri
2213 4955 2338 5011 Jesu
2383 4954 2578 5010 Christi
2604 4994 2621 5019 ,
2665 4955 2750 5007 cui
2793 4961 2875 5009 est
2907 4953 3074 5024 gloria
3121 4963 3178 5009 et
3220 4953 3501 5024 imperium
3549 4955 3603 5012 in

2008 5049 2203 5104 saecula
2233 5046 2571 5102 saeculorum.
2601 5048 2790 5099 Amen.

3547 5233 3600 5250 η

1188 5311 1329 5382 DE
1375 5313 1895 5388 LAUDIBUS
1940 5317 2315 5388 SANCTI
2368 5313 2683 5385 PAULI

1793 5464 2112 5509 APOSTOLI.

951 5741 1168 5784 HOIILIA
1204 5742 1262 5781 11.

382 5820 516 5886 Quid
555 5818 629 5902 sit
660 5818 846 5886 homo,
873 5829 925 5875 et
957 5835 1148 5886 quanta
1175 5831 1378 5877 naturae
1406 5831 1600 5877 nostra:
1628 5821 1905 5883 nobilitas,

1926 5589 2035 5644 EE

2011 5732 2327 5796 quanlzequc
2349 5736 2516 5790 capax
2551 5722 2762 5775 virtutis
2787 5721 2888 5776 hoc
2904 5723 2969 5773 sit
2991 5721 3209 5787 animal,
3233 5722 3314 5778 vel
3340 5724 3608 5794 prrecinne

2015 5839 2079 5878 ex
2108 5820 2352 5877 omnibus
2384 5817 2578 5872 Paulus
2601 5811 2858 5880 ostendit,
2886 5813 2976 5884 qui
3008 5827 3150 5871 nune
3176 5818 3322 5874 stetit
3352 5818 3610 5876 adversus
